1899 3060
453 231 1181 322 CONSTANTINI
1235 235 1459 321 IMP.

634 404 1274 462 PORPHYROGENITI

276 536 349 580 DE
388 535 774 581 THEMATIBUS
823 535 1113 580 OBIENTIS
1156 537 1230 580 ET
1287 536 1649 582 OCCIDENTIS

941 641 979 663 ΕΤ

430 726 508 776 DE
581 725 1118 778 ADMINISTRANDO
1206 727 1492 779 IMPERIO.

900 836 1014 856 ACCEDIT

582 914 788 946 HIEROCLIS
816 914 1058 944 GRAMMATICI
1080 915 1338 947 SYNECDEMUS.

307 1096 418 1126 B().\'.l
431 1096 461 1125 l'.
485 1094 612 1126 VL'LCA
620 1096 685 1126 NII
706 1095 860 1125 DIL'DICA
870 1095 940 1126 TIO
955 1095 1055 1125 LIBR

870 1095 940 1126 TIO
955 1095 1074 1125 LIBRI
1096 1097 1223 1127 PRIMI
1245 1097 1301 1127 1)Ιί
1332 1098 1616 1130 ΤΗΙΞΜΛΤΙΒΙἘ.

668 1263 872 1286 NOBILISSIMIS
887 1265 1144 1291 AMPLISSHIISQUE
1157 1265 1252 1293 Villis,

394 1323 473 1346 JANO
493 1324 603 1346 DOUSE
617 1326 634 1346 Δ
653 1325 867 1355 NOORTWYCK,
883 1327 985 1349 ΡΑυιο
1005 1328 1108 1355 Βυδιο,
1127 1329 1144 1349 Α

785 1326 867 1355 'YCK,
883 1327 985 1349 ΡΑυιο
1005 1328 1108 1355 Βυδιο,
1127 1328 1300 1350 ABRAHAMO
1311 1329 1351 1350 ΑΒ
1377 1328 1535 1356 ΛΙ.ΜΟΝΙ)Α,

609 1385 827 1408 CURATORIBUS
854 1387 1020 1410 ACADEMLE
1049 1388 1220 1411 LEYDENSIS
1237 1389 1265 1411 S.
1293 1389 1323 1410 D.

188 1502 319 1530 Immanis
334 1501 457 1536 profecto
472 1506 622 1536 tempestas
637 1501 733 1530 bellica
748 1502 885 1537 Belgicam
901 1508 1021 1531 nostram
1037 1509 1109 1532 totos
1121 1505 1177 1538 jam
1194 1512 1280 1532 anuos
1296 1505 1390 1540 viginti
1412 1506 1559 1538 concussit,
1571 1507 1695 1541 jactavit,
1709 1507 1781 1535 lacc-

155 1549 236 1579 ravit.
255 1547 416 1574 nobilissimi
436 1546 652 1581 amplissimiqne
674 1547 746 1581 viri;
772 1555 859 1582 neque
877 1547 969 1575 adhuc
991 1547 1110 1575 laustum
1131 1548 1242 1583 aliquod
1266 1549 1342 1576 sidus
1360 1548 1470 1580 affulsit,
1493 1549 1564 1583 quod
1585 1551 1663 1577 nobis
1683 1556 1782 1577 terram

158 1591 266 1618 videndi
285 1590 392 1617 laudent
414 1598 490 1624 spem
507 1590 589 1617 faciat
608 1598 615 1616 :
635 1590 715 1618 liuent
732 1590 805 1617 enim
822 1590 944 1618 laborum
963 1595 1099 1618 tantorum
1115 1597 1241 1626 optamus
1257 1593 1348 1626 potius
1366 1592 1458 1620 miseri
1476 1600 1557 1627 quam
1574 1601 1726 1628 speramus.
1746 1596 1785 1622 Ex

155 1634 282 1662 omnibus
297 1641 360 1661 vero
373 1634 453 1661 malis
471 1642 530 1668 quae
542 1634 702 1661 catervatim
716 1641 808 1661 secum
826 1634 910 1661 traxit
921 1634 1020 1662 bellum
1038 1635 1089 1662 hoc
1105 1642 1167 1662 vere
1181 1640 1270 1668 atrox,
1281 1636 1314 1663 ad
1326 1644 1441 1671 quarunt
1456 1637 1673 1664 recordationem
1688 1639 1785 1665 Int'l‘iltl

155 1678 328 1706 exltorrescit
349 1677 472 1710 animus,
497 1677 689 1711 gravissimum
715 1677 911 1712 propemodum
934 1684 1047 1706 censere
1067 1679 1141 1706 soleo
1166 1679 1372 1714 dissipationem
1398 1680 1645 1714 bibliothecarum;
1669 1690 1785 1716 quarum

155 1722 300 1755 Splendore
318 1728 350 1748 ac
369 1720 542 1747 multitudine
560 1720 680 1755 Belgium
696 1720 761 1747 nulli
780 1720 983 1755 provinciarum
1002 1722 1085 1750 totius
1102 1722 1176 1750 orbis
1195 1727 1260 1750 ante
1276 1724 1324 1750 hos
1339 1723 1472 1752 tumultus
1489 1724 1612 1752 cedebat.
1627 1725 1697 1758 Quid
1712 1727 1784 1752 cuim

157 1767 229 1793 aliud
242 1773 275 1792 cx
292 1764 520 1792 bibliothecarum
537 1764 648 1791 interitu
665 1771 747 1798 quam
768 1764 911 1792 barbaries
926 1770 954 1792 et
966 1765 1130 1801 ignorantia,
1146 1774 1179 1793 ex
1194 1766 1345 1801 ignorantia
1357 1767 1483 1795 confusio
1497 1768 1618 1795 omnium
1636 1776 1737 1801 rerum,
1752 1777 1784 1795 cx

158 1811 316 1838 confusione
327 1809 502 1845 πανωλεθρία
513 1815 555 1838 est
567 1809 768 1843 exspectanda?
780 1809 933 1837 Prudenter
944 1810 1028 1845 igitur
1041 1810 1204 1845 munerique
1216 1815 1306 1838 vestro
1317 1812 1508 1839 convenienter
1521 1811 1620 1844 facitis,
1634 1817 1786 1845 curatores,

159 1857 218 1891 qui,
233 1855 366 1890 flagrante
380 1855 469 1882 adhuc
484 1855 554 1882 bello
568 1854 798 1890 saevientibusque
812 1854 972 1882 tumultibus
989 1854 1257 1890 publicis.quidquid
1273 1855 1350 1883 vobis
1366 1855 1522 1891 reipublica:
1539 1855 1641 1888 clavus,
1657 1856 1689 1883 ad
1705 1864 1785 1891 quem

158 1904 318 1927 constanter
333 1899 494 1933 fortiterque
508 1899 661 1932 excubatis,
679 1898 727 1926 otii
744 1899 882 1932 relinquit.
895 1898 922 1926 id
934 1905 1015 1928 omne
1030 1901 1177 1928 academite
1192 1902 1384 1936 promovenda:
1399 1907 1427 1930 et
1443 1902 1615 1930 bibliotheca:
1631 1903 1744 1937 publica:
1758 1903 1786 1929 in

159 1953 189 1972 ca
207 1945 392 1973 instauranda!
409 1946 575 1980 impenditis,
594 1951 621 1972 et
637 1945 743 1973 laceras
757 1952 790 1972 ex
808 1945 978 1979 superiorum
997 1952 1130 1972 annorum
1147 1944 1298 1981 naufragiis
1319 1945 1435 1978 tabulas,
1456 1946 1537 1980 inque
1553 1951 1690 1973 extremos
1704 1954 1787 1980 prope

159 1989 235 2017 orbis
250 1989 365 2023 angulos
383 1989 496 2023 ejectas,
520 1989 646 2016 maximis
664 1988 762 2016 vestris
780 1989 935 2023 sumptibus
953 1988 1126 2023 conquiritis,
1147 1988 1276 2016 collectas
1296 1988 1449 2022 publicatis.
1472 1988 1509 2016 De
1529 1988 1598 2015 libro
1612 1990 1786 2023 antiquarum

161 2041 208 2066 per
224 2035 378 2061 universam
395 2034 530 2068 Europam
546 2035 755 2068 inscriptionum
771 2033 876 2068 loquor.
890 2039 971 2068 quem
983 2039 1032 2058 vos
1046 2039 1100 2059 tere
1112 2037 1203 2059 vestro
1217 2032 1244 2058 in
1260 2039 1337 2058 usum
1353 2031 1491 2065 publicum
1508 2031 1641 2059 edendum
1657 2033 1784 2070 curastis.

162 2076 296 2104 Eximium
313 2082 387 2104 certe
399 2084 477 2111 opus.
491 2078 513 2104 si
531 2077 602 2110 quod
619 2084 737 2111 unquam
756 2084 772 2104 e
792 2075 992 2111 typographicis
1012 2074 1095 2109 prelis
1115 2073 1237 2108 prodiit;
1261 2074 1338 2109 cujus
1357 2073 1426 2100 fama
1444 2074 1543 2100 dudum
1561 2079 1623 2100 ante
1639 2074 1786 2101 editionem

163 2126 250 2148 totum
266 2121 359 2147 orbem
375 2125 520 2155 pervagata
534 2119 686 2146 incredibili
702 2127 763 2147 eum
780 2120 821 2147 sui
835 2118 1038 2153 exspectatione
1053 2123 1174 2146 erectum
1191 2118 1289 2150 tenuit,
1307 2119 1406 2152 quippe
1421 2118 1467 2152 qui
1485 2125 1556 2145 nunc
1572 2118 1694 2151 tandem,
1707 2123 1789 2146 exuto

162 2165 248 2197 senio,
266 2164 412 2198 pristinum
428 2167 520 2190 vestro
535 2163 667 2190 beneficio
679 2163 831 2198 juventutis
848 2163 931 2189 decus
947 2163 982 2189 sit
995 2167 1205 2196 recuperaturus
1218 2169 1226 2188 :
1238 2168 1293 2196 quo
1308 2161 1417 2196 quidem
1430 2162 1538 2189 nomine
1555 2162 1724 2191 immortales
1738 2170 1788 2190 vo-

162 2210 215 2242 bis,
228 2210 357 2244 quamdiu
374 2209 467 2241 stabit,
483 2209 586 2243 gratias
597 2209 716 2236 debebit.
730 2209 819 2243 Atque
833 2213 862 2235 nt
881 2208 907 2235 in
926 2207 1135 2242 praesentiarum
1149 2207 1184 2235 de
1200 2208 1319 2235 utilitate
1336 2207 1402 2234 nihil
1419 2208 1506 2235 dicant
1520 2216 1580 2243 qua:
1594 2216 1627 2236 ex
1642 2208 1693 2236 hoc
1708 2217 1790 2244 opere

161 2254 196 2281 ad
213 2260 308 2280 omnes
322 2252 439 2286 antiqua:
454 2252 655 2287 reconditteque
668 2252 798 2278 doctrinm
813 2251 950 2278 studiosos
963 2257 1004 2279 est
1018 2256 1193 2286 perventura,
1209 2259 1269 2286 quae
1282 2257 1322 2279 est
1336 2251 1458 2286 profecto
1474 2252 1606 2284 maxima,
1619 2253 1788 2286 excitabitis,

163 2298 218 2324 imo
233 2296 436 2323 inllammabitis
451 2295 548 2322 illustri
567 2295 618 2322 hac
630 2302 710 2330 quant
724 2295 889 2330 praluxistis
905 2295 964 2322 face
979 2296 1061 2323 etiam
1079 2295 1158 2328 alios,
1170 2301 1200 2323 ut
1217 2295 1350 2330 quidquid
1365 2295 1517 2323 lacerarunt
1534 2303 1567 2323 ex
1584 2296 1636 2324 hoc
1653 2299 1792 2326 communi

162 2341 386 2369 bibliothecarum
407 2340 573 2375 Belgicarum
593 2339 735 2374 naufragio
754 2339 907 2367 tabularum
925 2340 959 2367 ad
981 2340 1056 2374 ipsos
1076 2340 1242 2374 pervenerit,
1264 2340 1320 2374 pari
1339 2339 1482 2367 alacritate
1502 2340 1528 2366 in
1551 2347 1630 2367 usum
1652 2340 1791 2374 publicum

162 2385 314 2412 conferant.
327 2384 447 2417 Quorum
463 2383 489 2410 in
505 2391 619 2411 numero
634 2391 730 2410 nomen
749 2391 838 2411 meum
855 2383 942 2411 libens
958 2384 1097 2419 proliteor.
1123 2383 1293 2418 Simulatque
1308 2384 1379 2410 enim
1393 2383 1499 2411 consilii
1512 2383 1596 2410 vestri
1613 2384 1746 2411 rationem
1759 2385 1793 2410 de

162 2430 252 2464 operis
272 2429 351 2462 hujus
366 2429 486 2456 editione
505 2429 633 2462 cognovi,
655 2429 798 2456 continere
816 2435 858 2456 me
877 2436 928 2455 non
949 2427 1023 2463 potui
1041 2427 1104 2460 quin
1125 2427 1242 2454 testandi
1269 2426 1367 2461 privati
1389 2426 1441 2454 mei
1458 2426 1550 2461 gaudii
1570 2426 1707 2461 studiique
1727 2434 1792 2462 erga

164 2481 219 2500 rem
243 2473 403 2500 litterariam
420 2481 501 2500 causa
519 2472 726 2500 Constantinum
743 2473 1029 2508 Porphyrogennetam
1047 2471 1116 2507 Περὶ
1131 2470 1267 2506 θεμάτων,
1283 2476 1423 2498 auctorem
1440 2478 1578 2504 nunquam
1602 2472 1718 2498 antehae
1733 2472 1792 2499 edi-

164 2520 231 2547 tum,
254 2516 370 2549 primum
389 2523 404 2541 e
424 2515 516 2542 multis
536 2516 689 2550 arriperem
706 2515 862 2550 publicique
882 2514 954 2550 juris
977 2515 1107 2542 facerem.
1129 2514 1198 2542 Tres
1217 2521 1282 2542 vero
1303 2521 1393 2542 causa
1415 2514 1525 2541 fuerunt
1541 2513 1642 2547 quibus
1660 2514 1792 2542 adductus

163 2559 353 2594 dignissimum
365 2567 427 2587 eutn
442 2560 561 2594 judicavi
576 2560 621 2594 qui
634 2567 689 2587 uno
702 2560 853 2594 eodemque
869 2565 992 2594 tempore
1007 2567 1061 2594 quo
1076 2564 1177 2587 renata:
1193 2565 1257 2587 sunt
1269 2560 1344 2586 orbis
1355 2559 1469 2591 delicias,
1483 2559 1534 2587 hoc
1546 2565 1588 2587 est
1603 2560 1794 2595 inscriptiones

165 2609 272 2635 vestrae,
289 2604 316 2630 in
328 2603 510 2630 clarissimam
525 2603 675 2630 doctissimi
694 2604 775 2638 hujus
793 2603 883 2631 smculi
899 2604 988 2631 lucetn
1003 2603 1165 2638 amplissimi
1182 2602 1300 2630 nominis
1315 2603 1398 2629 vestri
1414 2602 1543 2637 auspiciis
1560 2603 1691 2639 prodiret.
1705 2603 1794 2631 Prima

165 2648 236 2682 quod
258 2648 418 2682 imperator,
441 2647 540 2675 Leonis
562 2648 634 2675 illius
651 2648 743 2681 ﬁlius;
760 2648 859 2676 deinde
879 2648 950 2682 quod
973 2648 1074 2681 optime
1088 2647 1122 2674 de
1139 2646 1237 2674 studiis
1258 2645 1410 2673 litterarum
1432 2647 1555 2680 meritus,
1570 2648 1668 2682 quippe
1685 2648 1732 2683 qui
1748 2655 1797 2675 ex-

165 2692 280 2719 stiuctas
295 2691 490 2725 propemodum
505 2699 535 2718 ac
548 2692 739 2727 semisepuitas
753 2699 801 2719 sua
818 2696 899 2719 aetate
918 2691 1005 2718 bonas
1020 2695 1094 2718 artes
1108 2697 1140 2717 ac
1160 2689 1291 2717 scientias
1307 2689 1446 2716 suscitarit
1461 2694 1489 2717 et
1502 2690 1536 2718 ab
1549 2690 1660 2718 interitu
1675 2691 1797 2718 vindica-

166 2735 221 2766 rit;
243 2735 323 2762 tertia
344 2735 416 2769 quod
439 2735 497 2769 pari
518 2734 575 2761 fere
591 2742 653 2762 cum
677 2735 900 2770 inscriptionibus
917 2735 1017 2763 vestris
1041 2735 1149 2762 fortuna
1166 2733 1208 2760 bis
1225 2737 1333 2767 captus,
1354 2732 1498 2760 militarem
1521 2735 1640 2762 furorem
1656 2741 1797 2769 expertus,

167 2780 334 2813 redemptus.
354 2777 420 2805 Nam
440 2778 556 2814 primum
572 2776 725 2805 Mechllniat
741 2780 811 2813 apud
826 2780 962 2806 medicum
977 2777 1122 2813 quemdam
1138 2777 1266 2812 Anglum,
1284 2775 1416 2804 Thomam
1431 2776 1610 2810 Clementem,
1630 2785 1725 2812 parum
1742 2779 1797 2805 cle-

168 2827 273 2850 menter
288 2822 398 2850 habitus
414 2821 513 2848 tuttltos
533 2828 619 2848 annos
636 2822 664 2848 in
686 2822 854 2850 bibliotheca:
870 2822 911 2850 vcl
933 2821 1107 2857 βιϐλιοπέδης
1125 2822 1215 2857 potius
1230 2820 1357 2856 squalore
1376 2826 1403 2849 et
1420 2821 1530 2856 pulvere
1546 2821 1641 2853 latuit;
1658 2825 1751 2856 postea
1767 2823 1795 2849 in

311 2867 447 2898 l’nnoc.
475 2866 534 2897 Gtt.
559 2865 673 2897 CXIII.
1080 2869 1085 2874 '
1589 2867 1603 2897 1
