  <div class='ocr_page' id='page_1' title='image "/cluster/home/n/w/nwhite01/storage/ocr_20150623/113/njp.32101077772968/011.png"; bbox 0 0 1899 3060; ppageno 0'>
   <div class='ocr_carea' id='block_1_1' title="bbox 127 133 1768 174">
    <p class='ocr_par' dir='ltr' id='par_1_1' title="bbox 127 133 1768 174">
     <span class='ocr_line' id='line_1_1' title="bbox 127 133 1768 174; baseline 0.002 -12"><span class='ocrx_word' id='word_1_1' title='bbox 127 134 167 166; x_wconf 67' lang='lat'><strong>&#39;11</strong></span> <span class='ocrx_word' id='word_1_2' title='bbox 694 133 897 163; x_wconf 72' lang='lat' dir='ltr'><strong>VAlilORUM</strong></span> <span class='ocrx_word' id='word_1_3' title='bbox 918 133 1200 163; x_wconf 37' lang='lat' dir='ltr'><strong>PRIEF&#39;ATIONES.</strong></span> <span class='ocrx_word' id='word_1_4' title='bbox 1220 170 1225 174; x_wconf 33' lang='grc' dir='ltr'>ι</span> <span class='ocrx_word' id='word_1_5' title='bbox 1732 136 1768 167; x_wconf 67' lang='lat'><strong>1‘3</strong></span> 
     </span>
    </p>
   </div>
   <div class='ocr_carea' id='block_1_2' title="bbox 128 187 1760 224">
    <p class='ocr_par' dir='ltr' id='par_1_2' title="bbox 128 187 1760 224">
     <span class='ocr_line' id='line_1_2' title="bbox 128 187 1760 224; baseline 0 -7"><span class='ocrx_word' id='word_1_6' title='bbox 128 190 214 218; x_wconf 85' lang='lat' dir='ltr'><strong>altera</strong></span> <span class='ocrx_word' id='word_1_7' title='bbox 235 189 341 216; x_wconf 71' lang='lat' dir='ltr'><strong>miserm</strong></span> <span class='ocrx_word' id='word_1_8' title='bbox 364 188 436 215; x_wconf 86' lang='lat' dir='ltr'><strong>illius</strong></span> <span class='ocrx_word' id='word_1_9' title='bbox 457 188 533 215; x_wconf 85' lang='lat' dir='ltr'><strong>urbis</strong></span> <span class='ocrx_word' id='word_1_10' title='bbox 554 187 705 222; x_wconf 77' lang='lat' dir='ltr'><strong>direptione</strong></span> <span class='ocrx_word' id='word_1_11' title='bbox 734 188 918 223; x_wconf 75' lang='grc' dir='ltr'><strong>αἰχμάλωτος,</strong></span> <span class='ocrx_word' id='word_1_12' title='bbox 944 189 1053 215; x_wconf 88' lang='lat' dir='ltr'><strong>militari</strong></span> <span class='ocrx_word' id='word_1_13' title='bbox 1074 189 1209 216; x_wconf 70' lang='lat' dir='ltr'><strong>violentia:</strong></span> <span class='ocrx_word' id='word_1_14' title='bbox 1228 187 1376 218; x_wconf 75' lang='lat' dir='ltr'><strong>obnoxius.</strong></span> <span class='ocrx_word' id='word_1_15' title='bbox 1395 194 1512 222; x_wconf 78' lang='lat' dir='ltr'><strong>perierat</strong></span> <span class='ocrx_word' id='word_1_16' title='bbox 1534 190 1585 216; x_wconf 82' lang='lat' dir='ltr'><strong>nisi</strong></span> <span class='ocrx_word' id='word_1_17' title='bbox 1605 192 1733 224; x_wconf 75' lang='lat' dir='ltr'><strong>periisset</strong></span> <span class='ocrx_word' id='word_1_18' title='bbox 1753 200 1760 217; x_wconf 86' lang='lat'><strong>:</strong></span> 
     </span>
    </p>
   </div>
   <div class='ocr_carea' id='block_1_3' title="bbox 131 231 1767 268">
    <p class='ocr_par' dir='ltr' id='par_1_3' title="bbox 131 231 1767 268">
     <span class='ocr_line' id='line_1_3' title="bbox 131 231 1767 268; baseline -0.001 -6"><span class='ocrx_word' id='word_1_19' title='bbox 131 234 226 262; x_wconf 85' lang='lat' dir='ltr'><strong>nescio</strong></span> <span class='ocrx_word' id='word_1_20' title='bbox 238 235 310 261; x_wconf 83' lang='lat' dir='ltr'><strong>enim</strong></span> <span class='ocrx_word' id='word_1_21' title='bbox 325 241 379 268; x_wconf 82' lang='lat' dir='ltr'><strong>quo</strong></span> <span class='ocrx_word' id='word_1_22' title='bbox 393 233 462 260; x_wconf 92' lang='lat' dir='ltr'><strong>bono</strong></span> <span class='ocrx_word' id='word_1_23' title='bbox 479 240 527 260; x_wconf 88' lang='lat' dir='ltr'><strong>suo</strong></span> <span class='ocrx_word' id='word_1_24' title='bbox 543 233 600 260; x_wconf 76' lang='lat' dir='ltr'><strong>Isto</strong></span> <span class='ocrx_word' id='word_1_25' title='bbox 616 233 682 259; x_wconf 87' lang='lat' dir='ltr'><strong>mihi</strong></span> <span class='ocrx_word' id='word_1_26' title='bbox 701 233 821 263; x_wconf 73' lang='lat' dir='ltr'><strong>tandem.</strong></span> <span class='ocrx_word' id='word_1_27' title='bbox 839 240 891 260; x_wconf 86' lang='lat' dir='ltr'><strong>una</strong></span> <span class='ocrx_word' id='word_1_28' title='bbox 904 239 964 259; x_wconf 88' lang='lat' dir='ltr'><strong>cum</strong></span> <span class='ocrx_word' id='word_1_29' title='bbox 980 231 1113 267; x_wconf 78' lang='lat' dir='ltr'><strong>Procopio</strong></span> <span class='ocrx_word' id='word_1_30' title='bbox 1126 233 1159 260; x_wconf 86' lang='lat' dir='ltr'><strong>de</strong></span> <span class='ocrx_word' id='word_1_31' title='bbox 1171 232 1293 259; x_wconf 60' lang='lat' dir='ltr'><strong>adiﬁciis</strong></span> <span class='ocrx_word' id='word_1_32' title='bbox 1308 231 1454 259; x_wconf 80' lang='lat' dir='ltr'><strong>Justiniaui</strong></span> <span class='ocrx_word' id='word_1_33' title='bbox 1473 238 1500 259; x_wconf 86' lang='lat' dir='ltr'><strong>et</strong></span> <span class='ocrx_word' id='word_1_34' title='bbox 1514 233 1639 266; x_wconf 78' lang='lat' dir='ltr'><strong>Agatliia,</strong></span> <span class='ocrx_word' id='word_1_35' title='bbox 1653 234 1767 262; x_wconf 79' lang='lat' dir='ltr'><strong>oblatus</strong></span> 
     </span>
    </p>
   </div>
   <div class='ocr_carea' id='block_1_4' title="bbox 128 275 1765 314">
    <p class='ocr_par' dir='ltr' id='par_1_4' title="bbox 128 275 1765 314">
     <span class='ocr_line' id='line_1_4' title="bbox 128 275 1765 314; baseline -0.001 -8"><span class='ocrx_word' id='word_1_36' title='bbox 128 278 274 314; x_wconf 87' lang='lat' dir='ltr'><strong>persolutis</strong></span> <span class='ocrx_word' id='word_1_37' title='bbox 289 277 396 312; x_wconf 78' lang='grc' dir='ltr'><strong>λύτροις</strong></span> <span class='ocrx_word' id='word_1_38' title='bbox 417 282 543 304; x_wconf 83' lang='lat' dir='ltr'><strong>servatus</strong></span> <span class='ocrx_word' id='word_1_39' title='bbox 557 281 609 304; x_wconf 86' lang='lat' dir='ltr'><strong>est.</strong></span> <span class='ocrx_word' id='word_1_40' title='bbox 630 276 715 312; x_wconf 78' lang='lat' dir='ltr'><strong>Cujus</strong></span> <span class='ocrx_word' id='word_1_41' title='bbox 737 277 848 311; x_wconf 84' lang='lat' dir='ltr'><strong>quidem</strong></span> <span class='ocrx_word' id='word_1_42' title='bbox 865 275 1038 312; x_wconf 80' lang='lat' dir='ltr'><strong>imperatoris</strong></span> <span class='ocrx_word' id='word_1_43' title='bbox 1058 276 1140 303; x_wconf 84' lang='lat' dir='ltr'><strong>simul</strong></span> <span class='ocrx_word' id='word_1_44' title='bbox 1157 280 1186 303; x_wconf 86' lang='lat' dir='ltr'><strong>et</strong></span> <span class='ocrx_word' id='word_1_45' title='bbox 1202 275 1346 311; x_wconf 82' lang='lat' dir='ltr'><strong>scriptoris</strong></span> <span class='ocrx_word' id='word_1_46' title='bbox 1364 276 1457 310; x_wconf 77' lang='lat' dir='ltr'><strong>optimi</strong></span> <span class='ocrx_word' id='word_1_47' title='bbox 1477 277 1610 310; x_wconf 78' lang='lat' dir='ltr'><strong>prolixam</strong></span> <span class='ocrx_word' id='word_1_48' title='bbox 1629 277 1698 311; x_wconf 81' lang='lat' dir='ltr'><strong>apud</strong></span> <span class='ocrx_word' id='word_1_49' title='bbox 1715 286 1765 306; x_wconf 72' lang='lat' dir='ltr'><strong>vos</strong></span> 
     </span>
    </p>
   </div>
   <div class='ocr_carea' id='block_1_5' title="bbox 127 319 1762 354">
    <p class='ocr_par' dir='ltr' id='par_1_5' title="bbox 127 319 1762 354">
     <span class='ocr_line' id='line_1_5' title="bbox 127 319 1762 354; baseline 0 -6"><span class='ocrx_word' id='word_1_50' title='bbox 127 321 308 349; x_wconf 85' lang='lat' dir='ltr'><strong>laudationem</strong></span> <span class='ocrx_word' id='word_1_51' title='bbox 324 321 467 348; x_wconf 83' lang='lat' dir='ltr'><strong>instituere</strong></span> <span class='ocrx_word' id='word_1_52' title='bbox 481 320 549 347; x_wconf 81' lang='lat' dir='ltr'><strong>nihil</strong></span> <span class='ocrx_word' id='word_1_53' title='bbox 567 320 676 352; x_wconf 79' lang='lat' dir='ltr'><strong>attinet,</strong></span> <span class='ocrx_word' id='word_1_54' title='bbox 691 328 752 346; x_wconf 86' lang='lat' dir='ltr'><strong>cum</strong></span> <span class='ocrx_word' id='word_1_55' title='bbox 772 325 798 346; x_wconf 89' lang='lat' dir='ltr'><strong>et</strong></span> <span class='ocrx_word' id='word_1_56' title='bbox 815 319 848 346; x_wconf 89' lang='lat' dir='ltr'><strong>ad</strong></span> <span class='ocrx_word' id='word_1_57' title='bbox 864 319 965 346; x_wconf 83' lang='lat' dir='ltr'><strong>calcem</strong></span> <span class='ocrx_word' id='word_1_58' title='bbox 985 319 1065 350; x_wconf 74' lang='lat' dir='ltr'><strong>huius</strong></span> <span class='ocrx_word' id='word_1_59' title='bbox 1080 319 1140 346; x_wconf 81' lang='lat' dir='ltr'><strong>libri</strong></span> <span class='ocrx_word' id='word_1_60' title='bbox 1163 319 1278 346; x_wconf 78' lang='lat' dir='ltr'><strong>illustria</strong></span> <span class='ocrx_word' id='word_1_61' title='bbox 1297 320 1401 354; x_wconf 87' lang='lat' dir='ltr'><strong>aliquot</strong></span> <span class='ocrx_word' id='word_1_62' title='bbox 1417 320 1610 347; x_wconf 86' lang='lat' dir='ltr'><strong>historicorum</strong></span> <span class='ocrx_word' id='word_1_63' title='bbox 1626 321 1697 348; x_wconf 87' lang='lat' dir='ltr'><strong>illius</strong></span> <span class='ocrx_word' id='word_1_64' title='bbox 1712 322 1762 348; x_wconf 64' lang='grc' dir='ltr'><strong>κυνὶ</strong></span> 
     </span>
    </p>
   </div>
   <div class='ocr_carea' id='block_1_6' title="bbox 127 363 1766 400">
    <p class='ocr_par' dir='ltr' id='par_1_6' title="bbox 127 363 1766 400">
     <span class='ocr_line' id='line_1_6' title="bbox 127 363 1766 400; baseline -0.002 -7"><span class='ocrx_word' id='word_1_65' title='bbox 127 366 160 393; x_wconf 89' lang='lat' dir='ltr'><strong>tle</strong></span> <span class='ocrx_word' id='word_1_66' title='bbox 177 373 210 393; x_wconf 87' lang='lat' dir='ltr'><strong>eo</strong></span> <span class='ocrx_word' id='word_1_67' title='bbox 224 365 381 392; x_wconf 79' lang='lat' dir='ltr'><strong>testimonia</strong></span> <span class='ocrx_word' id='word_1_68' title='bbox 398 364 597 400; x_wconf 74' lang='lat' dir='ltr'><strong>cettgesserim,</strong></span> <span class='ocrx_word' id='word_1_69' title='bbox 611 369 638 391; x_wconf 92' lang='lat' dir='ltr'><strong>et</strong></span> <span class='ocrx_word' id='word_1_70' title='bbox 652 371 700 390; x_wconf 88' lang='lat' dir='ltr'><strong>vos</strong></span> <span class='ocrx_word' id='word_1_71' title='bbox 716 363 765 396; x_wconf 85' lang='lat' dir='ltr'><strong>ipsi</strong></span> <span class='ocrx_word' id='word_1_72' title='bbox 781 371 828 398; x_wconf 90' lang='lat' dir='ltr'><strong>pro</strong></span> <span class='ocrx_word' id='word_1_73' title='bbox 842 363 973 398; x_wconf 74' lang='lat' dir='ltr'><strong>singulari</strong></span> <span class='ocrx_word' id='word_1_74' title='bbox 988 368 1078 390; x_wconf 85' lang='lat' dir='ltr'><strong>vestra</strong></span> <span class='ocrx_word' id='word_1_75' title='bbox 1096 364 1249 391; x_wconf 84' lang='lat' dir='ltr'><strong>eruditione</strong></span> <span class='ocrx_word' id='word_1_76' title='bbox 1264 372 1424 398; x_wconf 75' lang='lat' dir='ltr'><strong>stultitiaque</strong></span> <span class='ocrx_word' id='word_1_77' title='bbox 1438 364 1533 398; x_wconf 69' lang='lat' dir='ltr'><strong>iudicii</strong></span> <span class='ocrx_word' id='word_1_78' title='bbox 1553 364 1703 392; x_wconf 78' lang='lat' dir='ltr'><strong>acrimonia</strong></span> <span class='ocrx_word' id='word_1_79' title='bbox 1720 365 1766 391; x_wconf 53' lang='lat' dir='ltr'><strong>fa-</strong></span> 
     </span>
    </p>
   </div>
   <div class='ocr_carea' id='block_1_7' title="bbox 125 406 1765 443">
    <p class='ocr_par' dir='ltr' id='par_1_7' title="bbox 125 406 1765 443">
     <span class='ocr_line' id='line_1_7' title="bbox 125 406 1765 443; baseline 0 -8"><span class='ocrx_word' id='word_1_80' title='bbox 125 408 224 436; x_wconf 88' lang='lat' dir='ltr'><strong>eillime</strong></span> <span class='ocrx_word' id='word_1_81' title='bbox 240 415 298 440; x_wconf 78' lang='lat' dir='ltr'><strong>eas,</strong></span> <span class='ocrx_word' id='word_1_82' title='bbox 315 408 397 435; x_wconf 84' lang='lat' dir='ltr'><strong>veluti</strong></span> <span class='ocrx_word' id='word_1_83' title='bbox 409 415 442 434; x_wconf 72' lang='lat' dir='ltr'><strong>ex</strong></span> <span class='ocrx_word' id='word_1_84' title='bbox 461 415 562 442; x_wconf 77' lang='lat' dir='ltr'><strong>ungue,</strong></span> <span class='ocrx_word' id='word_1_85' title='bbox 577 406 648 441; x_wconf 90' lang='lat' dir='ltr'><strong>quod</strong></span> <span class='ocrx_word' id='word_1_86' title='bbox 666 407 752 439; x_wconf 84' lang='lat' dir='ltr'><strong>aiunt,</strong></span> <span class='ocrx_word' id='word_1_87' title='bbox 766 406 883 438; x_wconf 85' lang='lat' dir='ltr'><strong>leonem,</strong></span> <span class='ocrx_word' id='word_1_88' title='bbox 899 406 959 434; x_wconf 87' lang='lat' dir='ltr'><strong>sitis</strong></span> <span class='ocrx_word' id='word_1_89' title='bbox 978 408 1094 442; x_wconf 74' lang='lat' dir='ltr'><strong>agnituri</strong></span> <span class='ocrx_word' id='word_1_90' title='bbox 1110 408 1299 442; x_wconf 81' lang='lat' dir='ltr'><strong>scriptumque</strong></span> <span class='ocrx_word' id='word_1_91' title='bbox 1315 408 1365 435; x_wconf 91' lang='lat' dir='ltr'><strong>hoc</strong></span> <span class='ocrx_word' id='word_1_92' title='bbox 1381 408 1419 435; x_wconf 85' lang='lat' dir='ltr'><strong>rei</strong></span> <span class='ocrx_word' id='word_1_93' title='bbox 1435 408 1574 435; x_wconf 72' lang='lat' dir='ltr'><strong>litterariae</strong></span> <span class='ocrx_word' id='word_1_94' title='bbox 1589 416 1765 443; x_wconf 77' lang='lat' dir='ltr'><strong>summopere</strong></span> 
     </span>
    </p>
   </div>
   <div class='ocr_carea' id='block_1_8' title="bbox 125 450 1764 486">
    <p class='ocr_par' dir='ltr' id='par_1_8' title="bbox 125 450 1764 486">
     <span class='ocr_line' id='line_1_8' title="bbox 125 450 1764 486; baseline 0 -7"><span class='ocrx_word' id='word_1_95' title='bbox 125 451 191 479; x_wconf 92' lang='lat' dir='ltr'><strong>utile</strong></span> <span class='ocrx_word' id='word_1_96' title='bbox 208 451 376 486; x_wconf 71' lang='lat' dir='ltr'><strong>judicatut&#39;i,</strong></span> <span class='ocrx_word' id='word_1_97' title='bbox 394 459 455 478; x_wconf 87' lang='lat' dir='ltr'><strong>cum</strong></span> <span class='ocrx_word' id='word_1_98' title='bbox 476 452 557 479; x_wconf 84' lang='lat' dir='ltr'><strong>totius</strong></span> <span class='ocrx_word' id='word_1_99' title='bbox 579 450 634 478; x_wconf 82' lang='lat' dir='ltr'><strong>fere</strong></span> <span class='ocrx_word' id='word_1_100' title='bbox 654 450 725 478; x_wconf 74' lang='lat' dir='ltr'><strong>Asia:</strong></span> <span class='ocrx_word' id='word_1_101' title='bbox 742 455 897 477; x_wconf 80' lang='lat' dir='ltr'><strong>accuratam</strong></span> <span class='ocrx_word' id='word_1_102' title='bbox 915 451 1127 485; x_wconf 85' lang='lat' dir='ltr'><strong>descriptionem</strong></span> <span class='ocrx_word' id='word_1_103' title='bbox 1147 452 1310 486; x_wconf 76' lang='lat' dir='ltr'><strong>agminaque</strong></span> <span class='ocrx_word' id='word_1_104' title='bbox 1330 451 1458 478; x_wconf 81' lang='lat' dir='ltr'><strong>militaria</strong></span> <span class='ocrx_word' id='word_1_105' title='bbox 1475 459 1524 486; x_wconf 88' lang='lat' dir='ltr'><strong>per</strong></span> <span class='ocrx_word' id='word_1_106' title='bbox 1540 459 1600 478; x_wconf 87' lang='lat' dir='ltr'><strong>eam</strong></span> <span class='ocrx_word' id='word_1_107' title='bbox 1616 452 1764 479; x_wconf 82' lang='lat' dir='ltr'><strong>distributa</strong></span> 
     </span>
    </p>
   </div>
   <div class='ocr_carea' id='block_1_9' title="bbox 124 494 1764 532">
    <p class='ocr_par' dir='ltr' id='par_1_9' title="bbox 124 494 1764 532">
     <span class='ocr_line' id='line_1_9' title="bbox 124 494 1764 532; baseline 0 -8"><span class='ocrx_word' id='word_1_108' title='bbox 124 497 273 526; x_wconf 84' lang='lat' dir='ltr'><strong>contineat.</strong></span> <span class='ocrx_word' id='word_1_109' title='bbox 290 502 316 523; x_wconf 84' lang='lat' dir='ltr'><strong>et</strong></span> <span class='ocrx_word' id='word_1_110' title='bbox 334 501 516 530; x_wconf 63' lang='lat' dir='ltr'><strong>praeterquam</strong></span> <span class='ocrx_word' id='word_1_111' title='bbox 531 496 602 530; x_wconf 87' lang='lat' dir='ltr'><strong>quod</strong></span> <span class='ocrx_word' id='word_1_112' title='bbox 619 495 701 522; x_wconf 88' lang='lat' dir='ltr'><strong>multa</strong></span> <span class='ocrx_word' id='word_1_113' title='bbox 719 495 856 522; x_wconf 82' lang='lat' dir='ltr'><strong>contineat</strong></span> <span class='ocrx_word' id='word_1_114' title='bbox 880 494 940 522; x_wconf 86' lang='lat' dir='ltr'><strong>aliis</strong></span> <span class='ocrx_word' id='word_1_115' title='bbox 960 496 1123 531; x_wconf 77' lang='lat' dir='ltr'><strong>geographis</strong></span> <span class='ocrx_word' id='word_1_116' title='bbox 1141 496 1181 524; x_wconf 94' lang='lat' dir='ltr'><strong>vel</strong></span> <span class='ocrx_word' id='word_1_117' title='bbox 1200 496 1290 531; x_wconf 73' lang='lat' dir='ltr'><strong>ignota</strong></span> <span class='ocrx_word' id='word_1_118' title='bbox 1309 497 1350 523; x_wconf 90' lang='lat' dir='ltr'><strong>vel</strong></span> <span class='ocrx_word' id='word_1_119' title='bbox 1367 496 1402 523; x_wconf 82' lang='lat' dir='ltr'><strong>al)</strong></span> <span class='ocrx_word' id='word_1_120' title='bbox 1422 497 1461 523; x_wconf 86' lang='lat' dir='ltr'><strong>eis</strong></span> <span class='ocrx_word' id='word_1_121' title='bbox 1480 497 1590 524; x_wconf 88' lang='lat' dir='ltr'><strong>silentio</strong></span> <span class='ocrx_word' id='word_1_122' title='bbox 1609 498 1764 532; x_wconf 70' lang='lat' dir='ltr'><strong>praeterita,</strong></span> 
     </span>
    </p>
   </div>
   <div class='ocr_carea' id='block_1_10' title="bbox 124 539 1760 576">
    <p class='ocr_par' dir='ltr' id='par_1_10' title="bbox 124 539 1760 576">
     <span class='ocr_line' id='line_1_10' title="bbox 124 539 1760 576; baseline 0.001 -10"><span class='ocrx_word' id='word_1_123' title='bbox 124 547 177 567; x_wconf 91' lang='lat' dir='ltr'><strong>non</strong></span> <span class='ocrx_word' id='word_1_124' title='bbox 195 547 282 574; x_wconf 83' lang='lat' dir='ltr'><strong>pauca</strong></span> <span class='ocrx_word' id='word_1_125' title='bbox 299 540 399 567; x_wconf 79' lang='lat' dir='ltr'><strong>habeat</strong></span> <span class='ocrx_word' id='word_1_126' title='bbox 421 544 552 574; x_wconf 59' lang='lat' dir='ltr'><strong>praterea</strong></span> <span class='ocrx_word' id='word_1_127' title='bbox 568 540 601 566; x_wconf 87' lang='lat' dir='ltr'><strong>ad</strong></span> <span class='ocrx_word' id='word_1_128' title='bbox 620 539 788 574; x_wconf 71' lang='lat' dir='ltr'><strong>antiquitatis</strong></span> <span class='ocrx_word' id='word_1_129' title='bbox 809 543 836 566; x_wconf 86' lang='lat' dir='ltr'><strong>et</strong></span> <span class='ocrx_word' id='word_1_130' title='bbox 855 539 976 566; x_wconf 70' lang='lat' dir='ltr'><strong>historiae</strong></span> <span class='ocrx_word' id='word_1_131' title='bbox 991 540 1190 574; x_wconf 78' lang='lat' dir='ltr'><strong>cognitionem,</strong></span> <span class='ocrx_word' id='word_1_132' title='bbox 1208 541 1276 567; x_wconf 87' lang='lat' dir='ltr'><strong>adde</strong></span> <span class='ocrx_word' id='word_1_133' title='bbox 1292 541 1374 567; x_wconf 85' lang='lat' dir='ltr'><strong>etiam</strong></span> <span class='ocrx_word' id='word_1_134' title='bbox 1396 540 1465 568; x_wconf 86' lang='lat' dir='ltr'><strong>artis</strong></span> <span class='ocrx_word' id='word_1_135' title='bbox 1485 540 1614 568; x_wconf 76' lang='lat' dir='ltr'><strong>militaris</strong></span> <span class='ocrx_word' id='word_1_136' title='bbox 1635 542 1760 576; x_wconf 86' lang='lat' dir='ltr'><strong>peritiam</strong></span> 
     </span>
    </p>
   </div>
   <div class='ocr_carea' id='block_1_11' title="bbox 123 582 1763 620">
    <p class='ocr_par' dir='ltr' id='par_1_11' title="bbox 123 582 1763 620">
     <span class='ocr_line' id='line_1_11' title="bbox 123 582 1763 620; baseline 0.001 -9"><span class='ocrx_word' id='word_1_137' title='bbox 123 583 316 611; x_wconf 77' lang='lat' dir='ltr'><strong>conducibilia.</strong></span> <span class='ocrx_word' id='word_1_138' title='bbox 332 583 452 616; x_wconf 88' lang='lat' dir='ltr'><strong>Quarum</strong></span> <span class='ocrx_word' id='word_1_139' title='bbox 465 583 574 616; x_wconf 81' lang='lat' dir='ltr'><strong>quidem</strong></span> <span class='ocrx_word' id='word_1_140' title='bbox 590 591 680 610; x_wconf 88' lang='lat' dir='ltr'><strong>rerum</strong></span> <span class='ocrx_word' id='word_1_141' title='bbox 696 586 858 613; x_wconf 69' lang='lat' dir='ltr'><strong>gravitatem</strong></span> <span class='ocrx_word' id='word_1_142' title='bbox 874 582 1001 617; x_wconf 71' lang='lat' dir='ltr'><strong>iucundis</strong></span> <span class='ocrx_word' id='word_1_143' title='bbox 1014 585 1113 618; x_wconf 83' lang='lat' dir='ltr'><strong>passim</strong></span> <span class='ocrx_word' id='word_1_144' title='bbox 1127 585 1330 612; x_wconf 80' lang='lat' dir='ltr'><strong>narrationibus</strong></span> <span class='ocrx_word' id='word_1_145' title='bbox 1344 590 1371 612; x_wconf 88' lang='lat' dir='ltr'><strong>et</strong></span> <span class='ocrx_word' id='word_1_146' title='bbox 1387 586 1469 613; x_wconf 78' lang='lat' dir='ltr'><strong>variis</strong></span> <span class='ocrx_word' id='word_1_147' title='bbox 1482 590 1603 612; x_wconf 86' lang='lat' dir='ltr'><strong>veterum</strong></span> <span class='ocrx_word' id='word_1_148' title='bbox 1619 591 1763 620; x_wconf 83' lang='lat' dir='ltr'><strong>poetarum</strong></span> 
     </span>
    </p>
   </div>
   <div class='ocr_carea' id='block_1_12' title="bbox 124 626 1759 664">
    <p class='ocr_par' dir='ltr' id='par_1_12' title="bbox 124 626 1759 664">
     <span class='ocr_line' id='line_1_12' title="bbox 124 626 1759 664; baseline 0.003 -11"><span class='ocrx_word' id='word_1_149' title='bbox 124 626 337 654; x_wconf 78' lang='lat' dir='ltr'><strong>auctoritatibus</strong></span> <span class='ocrx_word' id='word_1_150' title='bbox 355 626 437 653; x_wconf 89' lang='lat' dir='ltr'><strong>veluti</strong></span> <span class='ocrx_word' id='word_1_151' title='bbox 459 627 641 654; x_wconf 81' lang='lat' dir='ltr'><strong>condimentis</strong></span> <span class='ocrx_word' id='word_1_152' title='bbox 661 626 824 661; x_wconf 88' lang='lat' dir='ltr'><strong>qttibusdam</strong></span> <span class='ocrx_word' id='word_1_153' title='bbox 846 626 957 660; x_wconf 78' lang='lat' dir='ltr'><strong>miscet,</strong></span> <span class='ocrx_word' id='word_1_154' title='bbox 971 632 1001 655; x_wconf 87' lang='lat' dir='ltr'><strong>ut</strong></span> <span class='ocrx_word' id='word_1_155' title='bbox 1017 628 1076 662; x_wconf 82' lang='lat' dir='ltr'><strong>ejus</strong></span> <span class='ocrx_word' id='word_1_156' title='bbox 1097 628 1181 656; x_wconf 86' lang='lat' dir='ltr'><strong>lectio</strong></span> <span class='ocrx_word' id='word_1_157' title='bbox 1200 629 1243 656; x_wconf 94' lang='lat' dir='ltr'><strong>vel</strong></span> <span class='ocrx_word' id='word_1_158' title='bbox 1263 634 1306 657; x_wconf 89' lang='lat' dir='ltr'><strong>ter</strong></span> <span class='ocrx_word' id='word_1_159' title='bbox 1321 630 1434 664; x_wconf 77' lang='lat' dir='ltr'><strong>repetita</strong></span> <span class='ocrx_word' id='word_1_160' title='bbox 1461 637 1632 664; x_wconf 80' lang='lat' dir='ltr'><strong>nequaquam</strong></span> <span class='ocrx_word' id='word_1_161' title='bbox 1655 629 1759 664; x_wconf 68' lang='lat' dir='ltr'><strong>fatiget.</strong></span> 
     </span>
    </p>
   </div>
   <div class='ocr_carea' id='block_1_13' title="bbox 124 671 1764 707">
    <p class='ocr_par' dir='ltr' id='par_1_13' title="bbox 124 671 1764 707">
     <span class='ocr_line' id='line_1_13' title="bbox 124 671 1764 707; baseline 0.001 -8"><span class='ocrx_word' id='word_1_162' title='bbox 124 672 218 699; x_wconf 84' lang='lat' dir='ltr'><strong>Utitur</strong></span> <span class='ocrx_word' id='word_1_163' title='bbox 233 679 297 699; x_wconf 90' lang='lat' dir='ltr'><strong>vero</strong></span> <span class='ocrx_word' id='word_1_164' title='bbox 313 672 449 699; x_wconf 84' lang='lat' dir='ltr'><strong>interdum</strong></span> <span class='ocrx_word' id='word_1_165' title='bbox 470 672 625 699; x_wconf 82' lang='lat' dir='ltr'><strong>nominibus</strong></span> <span class='ocrx_word' id='word_1_166' title='bbox 646 672 750 706; x_wconf 82' lang='lat' dir='ltr'><strong>aliquot</strong></span> <span class='ocrx_word' id='word_1_167' title='bbox 765 671 916 698; x_wconf 71' lang='lat' dir='ltr'><strong>ciliciorum</strong></span> <span class='ocrx_word' id='word_1_168' title='bbox 937 671 1097 699; x_wconf 87' lang='lat' dir='ltr'><strong>militarium</strong></span> <span class='ocrx_word' id='word_1_169' title='bbox 1115 673 1228 701; x_wconf 84' lang='lat' dir='ltr'><strong>remotis</strong></span> <span class='ocrx_word' id='word_1_170' title='bbox 1246 681 1260 700; x_wconf 86' lang='lat' dir='ltr'><strong>a</strong></span> <span class='ocrx_word' id='word_1_171' title='bbox 1279 673 1475 700; x_wconf 81' lang='lat' dir='ltr'><strong>censnetudine</strong></span> <span class='ocrx_word' id='word_1_172' title='bbox 1493 673 1619 707; x_wconf 88' lang='lat' dir='ltr'><strong>loquendi</strong></span> <span class='ocrx_word' id='word_1_173' title='bbox 1639 680 1764 700; x_wconf 82' lang='lat' dir='ltr'><strong>veterum</strong></span> 
     </span>
    </p>
   </div>
   <div class='ocr_carea' id='block_1_14' title="bbox 124 715 1766 752">
    <p class='ocr_par' dir='ltr' id='par_1_14' title="bbox 124 715 1766 752">
     <span class='ocr_line' id='line_1_14' title="bbox 124 715 1766 752; baseline 0.001 -10"><span class='ocrx_word' id='word_1_174' title='bbox 124 715 300 746; x_wconf 73' lang='lat' dir='ltr'><strong>Cra-corum;</strong></span> <span class='ocrx_word' id='word_1_175' title='bbox 316 723 398 750; x_wconf 88' lang='lat' dir='ltr'><strong>quam</strong></span> <span class='ocrx_word' id='word_1_176' title='bbox 419 715 454 742; x_wconf 78' lang='lat' dir='ltr'><strong>ob</strong></span> <span class='ocrx_word' id='word_1_177' title='bbox 470 722 580 742; x_wconf 78' lang='lat' dir='ltr'><strong>causam</strong></span> <span class='ocrx_word' id='word_1_178' title='bbox 595 719 666 742; x_wconf 68' lang='lat' dir='ltr'><strong>nota</strong></span> <span class='ocrx_word' id='word_1_179' title='bbox 683 715 842 742; x_wconf 84' lang='lat' dir='ltr'><strong>necessario</strong></span> <span class='ocrx_word' id='word_1_180' title='bbox 857 715 923 742; x_wconf 89' lang='lat' dir='ltr'><strong>mihi</strong></span> <span class='ocrx_word' id='word_1_181' title='bbox 936 715 1097 750; x_wconf 63' lang='lat' dir='ltr'><strong>adjicienda;</strong></span> <span class='ocrx_word' id='word_1_182' title='bbox 1114 717 1233 748; x_wconf 77' lang='lat' dir='ltr'><strong>luerunt.</strong></span> <span class='ocrx_word' id='word_1_183' title='bbox 1252 725 1300 752; x_wconf 89' lang='lat' dir='ltr'><strong>per</strong></span> <span class='ocrx_word' id='word_1_184' title='bbox 1315 724 1383 751; x_wconf 84' lang='lat' dir='ltr'><strong>quas</strong></span> <span class='ocrx_word' id='word_1_185' title='bbox 1399 717 1486 744; x_wconf 87' lang='lat' dir='ltr'><strong>lucem</strong></span> <span class='ocrx_word' id='word_1_186' title='bbox 1505 717 1624 751; x_wconf 84' lang='lat' dir='ltr'><strong>aliquam</strong></span> <span class='ocrx_word' id='word_1_187' title='bbox 1642 717 1676 744; x_wconf 89' lang='lat' dir='ltr'><strong>iis</strong></span> <span class='ocrx_word' id='word_1_188' title='bbox 1693 717 1766 751; x_wconf 81' lang='lat' dir='ltr'><strong>ipsis</strong></span> 
     </span>
    </p>
   </div>
   <div class='ocr_carea' id='block_1_15' title="bbox 123 759 1758 795">
    <p class='ocr_par' dir='ltr' id='par_1_15' title="bbox 123 759 1758 795">
     <span class='ocr_line' id='line_1_15' title="bbox 123 759 1758 795; baseline 0.001 -10"><span class='ocrx_word' id='word_1_189' title='bbox 123 760 264 787; x_wconf 84' lang='lat' dir='ltr'><strong>vocabulis</strong></span> <span class='ocrx_word' id='word_1_190' title='bbox 280 759 418 787; x_wconf 87' lang='lat' dir='ltr'><strong>allerrcm.</strong></span> <span class='ocrx_word' id='word_1_191' title='bbox 440 760 469 787; x_wconf 92' lang='lat' dir='ltr'><strong>In</strong></span> <span class='ocrx_word' id='word_1_192' title='bbox 487 760 587 794; x_wconf 87' lang='lat' dir='ltr'><strong>quibus</strong></span> <span class='ocrx_word' id='word_1_193' title='bbox 601 760 623 786; x_wconf 86' lang='lat' dir='ltr'><strong>si</strong></span> <span class='ocrx_word' id='word_1_194' title='bbox 641 759 731 786; x_wconf 84' lang='lat' dir='ltr'><strong>l&#39;orsau</strong></span> <span class='ocrx_word' id='word_1_195' title='bbox 750 766 764 786; x_wconf 85' lang='lat' dir='ltr'><strong>a</strong></span> <span class='ocrx_word' id='word_1_196' title='bbox 782 766 865 793; x_wconf 83' lang='lat' dir='ltr'><strong>scopo</strong></span> <span class='ocrx_word' id='word_1_197' title='bbox 885 759 1019 792; x_wconf 88' lang='lat' dir='ltr'><strong>aberravi,</strong></span> <span class='ocrx_word' id='word_1_198' title='bbox 1038 760 1146 787; x_wconf 77' lang='lat' dir='ltr'><strong>veniam</strong></span> <span class='ocrx_word' id='word_1_199' title='bbox 1163 765 1190 787; x_wconf 83' lang='lat' dir='ltr'><strong>et</strong></span> <span class='ocrx_word' id='word_1_200' title='bbox 1207 766 1268 795; x_wconf 87' lang='lat' dir='ltr'><strong>peto</strong></span> <span class='ocrx_word' id='word_1_201' title='bbox 1285 765 1311 788; x_wconf 86' lang='lat' dir='ltr'><strong>et</strong></span> <span class='ocrx_word' id='word_1_202' title='bbox 1328 768 1445 791; x_wconf 78' lang='lat' dir='ltr'><strong>mereor.</strong></span> <span class='ocrx_word' id='word_1_203' title='bbox 1460 768 1521 787; x_wconf 87' lang='lat' dir='ltr'><strong>cttnt</strong></span> <span class='ocrx_word' id='word_1_204' title='bbox 1539 767 1570 787; x_wconf 87' lang='lat' dir='ltr'><strong>ea</strong></span> <span class='ocrx_word' id='word_1_205' title='bbox 1589 760 1758 787; x_wconf 71' lang='lat' dir='ltr'><strong>doctissimis</strong></span> 
     </span>
    </p>
   </div>
   <div class='ocr_carea' id='block_1_16' title="bbox 124 802 1761 839">
    <p class='ocr_par' dir='ltr' id='par_1_16' title="bbox 124 802 1761 839">
     <span class='ocr_line' id='line_1_16' title="bbox 124 802 1761 839; baseline 0.001 -9"><span class='ocrx_word' id='word_1_206' title='bbox 124 803 205 831; x_wconf 79' lang='lat' dir='ltr'><strong>etiam</strong></span> <span class='ocrx_word' id='word_1_207' title='bbox 224 806 307 830; x_wconf 89' lang='lat' dir='ltr'><strong>nostri</strong></span> <span class='ocrx_word' id='word_1_208' title='bbox 329 803 379 830; x_wconf 66' lang='grc' dir='ltr'><strong>ξιξνὶ</strong></span> <span class='ocrx_word' id='word_1_209' title='bbox 395 804 465 830; x_wconf 84' lang='lat' dir='ltr'><strong>viris</strong></span> <span class='ocrx_word' id='word_1_210' title='bbox 476 811 528 830; x_wconf 89' lang='lat' dir='ltr'><strong>non</strong></span> <span class='ocrx_word' id='word_1_211' title='bbox 546 803 672 836; x_wconf 80' lang='lat' dir='ltr'><strong>exiguum</strong></span> <span class='ocrx_word' id='word_1_212' title='bbox 691 803 827 836; x_wconf 74' lang='lat' dir='ltr'><strong>negotium</strong></span> <span class='ocrx_word' id='word_1_213' title='bbox 843 802 982 830; x_wconf 73' lang='lat' dir='ltr'><strong>lacessant</strong></span> <span class='ocrx_word' id='word_1_214' title='bbox 998 803 1047 838; x_wconf 77' lang='grc' dir='ltr'><strong>(α).</strong></span> <span class='ocrx_word' id='word_1_215' title='bbox 1064 803 1188 838; x_wconf 80' lang='lat' dir='ltr'><strong>Accipite</strong></span> <span class='ocrx_word' id='word_1_216' title='bbox 1205 811 1270 831; x_wconf 87' lang='lat' dir='ltr'><strong>vero</strong></span> <span class='ocrx_word' id='word_1_217' title='bbox 1288 811 1345 836; x_wconf 83' lang='lat' dir='ltr'><strong>vos,</strong></span> <span class='ocrx_word' id='word_1_218' title='bbox 1366 804 1527 831; x_wconf 77' lang='lat' dir='ltr'><strong>nobilissimi</strong></span> <span class='ocrx_word' id='word_1_219' title='bbox 1544 804 1761 839; x_wconf 80' lang='lat' dir='ltr'><strong>ampliSsimique</strong></span> 
     </span>
    </p>
   </div>
   <div class='ocr_carea' id='block_1_17' title="bbox 124 847 1762 885">
    <p class='ocr_par' dir='ltr' id='par_1_17' title="bbox 124 847 1762 885">
     <span class='ocr_line' id='line_1_17' title="bbox 124 847 1762 885; baseline 0.001 -10"><span class='ocrx_word' id='word_1_220' title='bbox 124 850 186 882; x_wconf 90' lang='lat' dir='ltr'><strong>viri,</strong></span> <span class='ocrx_word' id='word_1_221' title='bbox 203 849 412 877; x_wconf 85' lang='lat' dir='ltr'><strong>Constantinum</strong></span> <span class='ocrx_word' id='word_1_222' title='bbox 427 857 476 884; x_wconf 83' lang='lat' dir='ltr'><strong>per</strong></span> <span class='ocrx_word' id='word_1_223' title='bbox 491 856 534 876; x_wconf 85' lang='lat' dir='ltr'><strong>me</strong></span> <span class='ocrx_word' id='word_1_224' title='bbox 549 847 621 876; x_wconf 87' lang='lat' dir='ltr'><strong>Orco</strong></span> <span class='ocrx_word' id='word_1_225' title='bbox 636 853 758 883; x_wconf 88' lang='lat' dir='ltr'><strong>ereptum</strong></span> <span class='ocrx_word' id='word_1_226' title='bbox 779 847 886 882; x_wconf 88' lang='lat' dir='ltr'><strong>lucique</strong></span> <span class='ocrx_word' id='word_1_227' title='bbox 903 848 1007 882; x_wconf 76' lang='lat' dir='ltr'><strong>pariter</strong></span> <span class='ocrx_word' id='word_1_228' title='bbox 1022 853 1050 876; x_wconf 87' lang='lat' dir='ltr'><strong>et</strong></span> <span class='ocrx_word' id='word_1_229' title='bbox 1065 849 1142 876; x_wconf 85' lang='lat' dir='ltr'><strong>Latio</strong></span> <span class='ocrx_word' id='word_1_230' title='bbox 1157 849 1306 882; x_wconf 87' lang='lat' dir='ltr'><strong>donatum;</strong></span> <span class='ocrx_word' id='word_1_231' title='bbox 1326 850 1454 885; x_wconf 84' lang='lat' dir='ltr'><strong>accipite,</strong></span> <span class='ocrx_word' id='word_1_232' title='bbox 1474 850 1595 884; x_wconf 81' lang='lat' dir='ltr'><strong>inquam,</strong></span> <span class='ocrx_word' id='word_1_233' title='bbox 1615 854 1644 876; x_wconf 87' lang='lat' dir='ltr'><strong>ut</strong></span> <span class='ocrx_word' id='word_1_234' title='bbox 1661 853 1762 876; x_wconf 85' lang='lat' dir='ltr'><strong>testem</strong></span> 
     </span>
    </p>
   </div>
   <div class='ocr_carea' id='block_1_18' title="bbox 123 891 1762 929">
    <p class='ocr_par' dir='ltr' id='par_1_18' title="bbox 123 891 1762 929">
     <span class='ocr_line' id='line_1_18' title="bbox 123 891 1762 929; baseline -0.001 -9"><span class='ocrx_word' id='word_1_235' title='bbox 123 892 242 928; x_wconf 81' lang='lat' dir='ltr'><strong>ingentis</strong></span> <span class='ocrx_word' id='word_1_236' title='bbox 257 893 357 928; x_wconf 67' lang='lat' dir='ltr'><strong>gaudii,</strong></span> <span class='ocrx_word' id='word_1_237' title='bbox 374 894 445 928; x_wconf 89' lang='lat' dir='ltr'><strong>quod</strong></span> <span class='ocrx_word' id='word_1_238' title='bbox 459 901 509 928; x_wconf 75' lang='lat' dir='ltr'><strong>ego</strong></span> <span class='ocrx_word' id='word_1_239' title='bbox 529 900 561 919; x_wconf 76' lang='lat' dir='ltr'><strong>ex</strong></span> <span class='ocrx_word' id='word_1_240' title='bbox 581 900 687 920; x_wconf 88' lang='lat' dir='ltr'><strong>summa</strong></span> <span class='ocrx_word' id='word_1_241' title='bbox 710 891 793 918; x_wconf 82' lang='lat' dir='ltr'><strong>animi</strong></span> <span class='ocrx_word' id='word_1_242' title='bbox 812 892 894 918; x_wconf 85' lang='lat' dir='ltr'><strong>vestri</strong></span> <span class='ocrx_word' id='word_1_243' title='bbox 909 894 942 920; x_wconf 87' lang='lat' dir='ltr'><strong>ad</strong></span> <span class='ocrx_word' id='word_1_244' title='bbox 951 893 1071 928; x_wconf 84' lang='lat' dir='ltr'><strong>juvanda</strong></span> <span class='ocrx_word' id='word_1_245' title='bbox 1084 894 1173 922; x_wconf 88' lang='lat' dir='ltr'><strong>studia</strong></span> <span class='ocrx_word' id='word_1_246' title='bbox 1190 894 1343 926; x_wconf 82' lang='lat' dir='ltr'><strong>alacritate,</strong></span> <span class='ocrx_word' id='word_1_247' title='bbox 1361 902 1442 929; x_wconf 85' lang='lat' dir='ltr'><strong>quam</strong></span> <span class='ocrx_word' id='word_1_248' title='bbox 1458 901 1504 922; x_wconf 88' lang='lat' dir='ltr'><strong>vos</strong></span> <span class='ocrx_word' id='word_1_249' title='bbox 1520 894 1762 928; x_wconf 80' lang='lat' dir='ltr'><strong>sumptuosissima-</strong></span> 
     </span>
    </p>
   </div>
   <div class='ocr_carea' id='block_1_19' title="bbox 123 935 1760 972">
    <p class='ocr_par' dir='ltr' id='par_1_19' title="bbox 123 935 1760 972">
     <span class='ocr_line' id='line_1_19' title="bbox 123 935 1760 972; baseline 0 -9"><span class='ocrx_word' id='word_1_250' title='bbox 123 938 220 964; x_wconf 77' lang='lat' dir='ltr'><strong>harum</strong></span> <span class='ocrx_word' id='word_1_251' title='bbox 237 937 442 971; x_wconf 87' lang='lat' dir='ltr'><strong>inscriptionum</strong></span> <span class='ocrx_word' id='word_1_252' title='bbox 456 936 575 964; x_wconf 85' lang='lat' dir='ltr'><strong>editione</strong></span> <span class='ocrx_word' id='word_1_253' title='bbox 592 935 808 963; x_wconf 85' lang='lat' dir='ltr'><strong>luculentissinte</strong></span> <span class='ocrx_word' id='word_1_254' title='bbox 823 935 995 968; x_wconf 83' lang='lat' dir='ltr'><strong>declarastis,</strong></span> <span class='ocrx_word' id='word_1_255' title='bbox 1017 937 1114 965; x_wconf 89' lang='lat' dir='ltr'><strong>intimo</strong></span> <span class='ocrx_word' id='word_1_256' title='bbox 1129 943 1240 972; x_wconf 82' lang='lat' dir='ltr'><strong>pectore</strong></span> <span class='ocrx_word' id='word_1_257' title='bbox 1255 937 1377 972; x_wconf 83' lang='lat' dir='ltr'><strong>concepi.</strong></span> <span class='ocrx_word' id='word_1_258' title='bbox 1395 937 1536 972; x_wconf 88' lang='lat' dir='ltr'><strong>Simulque</strong></span> <span class='ocrx_word' id='word_1_259' title='bbox 1552 937 1629 964; x_wconf 89' lang='lat' dir='ltr'><strong>vobis</strong></span> <span class='ocrx_word' id='word_1_260' title='bbox 1644 944 1760 971; x_wconf 84' lang='lat' dir='ltr'><strong>persua-</strong></span> 
     </span>
    </p>
   </div>
   <div class='ocr_carea' id='block_1_20' title="bbox 120 978 1762 1016">
    <p class='ocr_par' dir='ltr' id='par_1_20' title="bbox 120 978 1762 1016">
     <span class='ocr_line' id='line_1_20' title="bbox 120 978 1762 1016; baseline 0 -9"><span class='ocrx_word' id='word_1_261' title='bbox 120 980 182 1007; x_wconf 82' lang='lat' dir='ltr'><strong>dcte</strong></span> <span class='ocrx_word' id='word_1_262' title='bbox 198 988 240 1007; x_wconf 78' lang='lat' dir='ltr'><strong>me</strong></span> <span class='ocrx_word' id='word_1_263' title='bbox 257 981 498 1014; x_wconf 65' lang='lat' dir='ltr'><strong>di~ineeps,vestro</strong></span> <span class='ocrx_word' id='word_1_264' title='bbox 513 979 648 1015; x_wconf 86' lang='lat' dir='ltr'><strong>imprimis</strong></span> <span class='ocrx_word' id='word_1_265' title='bbox 661 978 787 1013; x_wconf 77' lang='lat' dir='ltr'><strong>exemplo</strong></span> <span class='ocrx_word' id='word_1_266' title='bbox 804 979 957 1013; x_wconf 83' lang='lat' dir='ltr'><strong>incitatum,</strong></span> <span class='ocrx_word' id='word_1_267' title='bbox 970 980 1097 1008; x_wconf 87' lang='lat' dir='ltr'><strong>daturunt</strong></span> <span class='ocrx_word' id='word_1_268' title='bbox 1114 988 1226 1016; x_wconf 79' lang='lat' dir='ltr'><strong>operam</strong></span> <span class='ocrx_word' id='word_1_269' title='bbox 1242 986 1271 1008; x_wconf 92' lang='lat' dir='ltr'><strong>nt</strong></span> <span class='ocrx_word' id='word_1_270' title='bbox 1287 981 1351 1008; x_wconf 92' lang='lat' dir='ltr'><strong>mihi</strong></span> <span class='ocrx_word' id='word_1_271' title='bbox 1369 989 1418 1009; x_wconf 86' lang='lat' dir='ltr'><strong>nec</strong></span> <span class='ocrx_word' id='word_1_272' title='bbox 1434 981 1560 1008; x_wconf 82' lang='lat' dir='ltr'><strong>voluntas</strong></span> <span class='ocrx_word' id='word_1_273' title='bbox 1576 988 1663 1016; x_wconf 88' lang='lat' dir='ltr'><strong>neque</strong></span> <span class='ocrx_word' id='word_1_274' title='bbox 1675 981 1762 1016; x_wconf 78' lang='lat' dir='ltr'><strong>(absit</strong></span> 
     </span>
    </p>
   </div>
   <div class='ocr_carea' id='block_1_21' title="bbox 120 1022 1630 1060">
    <p class='ocr_par' dir='ltr' id='par_1_21' title="bbox 120 1022 1630 1060">
     <span class='ocr_line' id='line_1_21' title="bbox 120 1022 1630 1060; baseline 0 -10"><span class='ocrx_word' id='word_1_275' title='bbox 120 1026 203 1052; x_wconf 85' lang='lat' dir='ltr'><strong>verbo</strong></span> <span class='ocrx_word' id='word_1_276' title='bbox 222 1025 335 1060; x_wconf 79' lang='lat' dir='ltr'><strong>invidia)</strong></span> <span class='ocrx_word' id='word_1_277' title='bbox 355 1025 471 1052; x_wconf 74' lang='lat' dir='ltr'><strong>facultas</strong></span> <span class='ocrx_word' id='word_1_278' title='bbox 487 1028 678 1059; x_wconf 65' lang='lat' dir='ltr'><strong>promovenda;</strong></span> <span class='ocrx_word' id='word_1_279' title='bbox 692 1023 731 1049; x_wconf 87' lang='lat' dir='ltr'><strong>rei</strong></span> <span class='ocrx_word' id='word_1_280' title='bbox 745 1022 886 1049; x_wconf 70' lang='lat' dir='ltr'><strong>litterarim</strong></span> <span class='ocrx_word' id='word_1_281' title='bbox 898 1024 1081 1058; x_wconf 66' lang='lat' dir='ltr'><strong>ornandaque</strong></span> <span class='ocrx_word' id='word_1_282' title='bbox 1095 1029 1194 1052; x_wconf 74' lang='lat' dir='ltr'><strong>vestra:</strong></span> <span class='ocrx_word' id='word_1_283' title='bbox 1207 1024 1353 1051; x_wconf 67' lang='lat' dir='ltr'><strong>academia:</strong></span> <span class='ocrx_word' id='word_1_284' title='bbox 1367 1024 1485 1051; x_wconf 80' lang='lat' dir='ltr'><strong>defuisse</strong></span> <span class='ocrx_word' id='word_1_285' title='bbox 1498 1024 1630 1050; x_wconf 84' lang='lat' dir='ltr'><strong>videatur.</strong></span> 
     </span>
    </p>
   </div>
   <div class='ocr_carea' id='block_1_22' title="bbox 158 1066 1762 1103">
    <p class='ocr_par' dir='ltr' id='par_1_22' title="bbox 158 1066 1762 1103">
     <span class='ocr_line' id='line_1_22' title="bbox 158 1066 1762 1103; baseline 0.001 -10"><span class='ocrx_word' id='word_1_286' title='bbox 158 1068 261 1100; x_wconf 77' lang='lat' dir='ltr'><strong>Valete,</strong></span> <span class='ocrx_word' id='word_1_287' title='bbox 275 1069 325 1095; x_wconf 90' lang='lat' dir='ltr'><strong>viri</strong></span> <span class='ocrx_word' id='word_1_288' title='bbox 339 1068 500 1095; x_wconf 84' lang='lat' dir='ltr'><strong>nobilissimi</strong></span> <span class='ocrx_word' id='word_1_289' title='bbox 514 1066 744 1102; x_wconf 85' lang='lat' dir='ltr'><strong>amplissimique,</strong></span> <span class='ocrx_word' id='word_1_290' title='bbox 755 1070 781 1093; x_wconf 90' lang='lat' dir='ltr'><strong>et</strong></span> <span class='ocrx_word' id='word_1_291' title='bbox 795 1066 989 1100; x_wconf 78' lang='lat' dir='ltr'><strong>rempublicam</strong></span> <span class='ocrx_word' id='word_1_292' title='bbox 1003 1067 1114 1103; x_wconf 85' lang='lat' dir='ltr'><strong>ejusque</strong></span> <span class='ocrx_word' id='word_1_293' title='bbox 1128 1068 1304 1095; x_wconf 74' lang='lat' dir='ltr'><strong>seminarium</strong></span> <span class='ocrx_word' id='word_1_294' title='bbox 1319 1068 1486 1095; x_wconf 81' lang='lat' dir='ltr'><strong>academiam</strong></span> <span class='ocrx_word' id='word_1_295' title='bbox 1499 1067 1617 1095; x_wconf 77' lang='lat' dir='ltr'><strong>feliciter</strong></span> <span class='ocrx_word' id='word_1_296' title='bbox 1628 1071 1762 1094; x_wconf 66' lang='lat' dir='ltr'><strong>curantes</strong></span> 
     </span>
    </p>
   </div>
   <div class='ocr_carea' id='block_1_23' title="bbox 122 1110 1616 1146">
    <p class='ocr_par' dir='ltr' id='par_1_23' title="bbox 122 1110 1616 1146">
     <span class='ocr_line' id='line_1_23' title="bbox 122 1110 1616 1146; baseline 0 -8"><span class='ocrx_word' id='word_1_297' title='bbox 122 1111 257 1139; x_wconf 70' lang='lat' dir='ltr'><strong>ﬁ&#39;emcnte</strong></span> <span class='ocrx_word' id='word_1_298' title='bbox 272 1111 433 1146; x_wconf 82' lang='lat' dir='ltr'><strong>l‘urenteque</strong></span> <span class='ocrx_word' id='word_1_299' title='bbox 448 1111 550 1139; x_wconf 84' lang='lat' dir='ltr'><strong>invidia</strong></span> <span class='ocrx_word' id='word_1_300' title='bbox 568 1115 753 1146; x_wconf 82' lang='lat' dir='ltr'><strong>perseverate.</strong></span> <span class='ocrx_word' id='word_1_301' title='bbox 1317 1112 1346 1138; x_wconf 88' lang='grc' dir='ltr'>υ.</span> <span class='ocrx_word' id='word_1_302' title='bbox 1362 1110 1395 1138; x_wconf 78' lang='lat' dir='ltr'><strong>V&#39;.</strong></span> <span class='ocrx_word' id='word_1_303' title='bbox 1412 1111 1616 1139; x_wconf 85' lang='lat' dir='ltr'><strong>addictissimus</strong></span> 
     </span>
    </p>
   </div>
   <div class='ocr_carea' id='block_1_24' title="bbox 158 1163 908 1201">
    <p class='ocr_par' dir='ltr' id='par_1_24' title="bbox 158 1165 670 1201">
     <span class='ocr_line' id='line_1_24' title="bbox 158 1165 670 1201; baseline 0 -9"><span class='ocrx_word' id='word_1_304' title='bbox 158 1166 280 1201; x_wconf 77' lang='lat' dir='ltr'><strong>Lugduni</strong></span> <span class='ocrx_word' id='word_1_305' title='bbox 302 1167 466 1193; x_wconf 75' lang='lat' dir='ltr'><strong>Batavorum</strong></span> <span class='ocrx_word' id='word_1_306' title='bbox 487 1167 520 1192; x_wconf 78' lang='grc' dir='ltr'><strong>Δ.</strong></span> <span class='ocrx_word' id='word_1_307' title='bbox 541 1167 569 1192; x_wconf 84' lang='grc' dir='ltr'><strong>Ι).</strong></span> <span class='ocrx_word' id='word_1_308' title='bbox 588 1165 670 1197; x_wconf 69' lang='grc'><strong>1588,</strong></span> 
     </span>
    </p>
   </div>
   <div class='ocr_carea' id='block_1_25' title="bbox 933 1163 1683 1201">
    <p class='ocr_par' dir='ltr' id='par_1_25' title="bbox 1254 1163 1683 1193">
     <span class='ocr_line' id='line_1_25' title="bbox 1254 1163 1683 1193; baseline -0.002 -1"><span class='ocrx_word' id='word_1_309' title='bbox 1254 1166 1452 1192; x_wconf 65' lang='lat' dir='ltr'><strong>Bosavtsxruat</strong></span> <span class='ocrx_word' id='word_1_310' title='bbox 1475 1163 1683 1193; x_wconf 64' lang='lat' dir='ltr'><strong>\‘ULCANIUS.</strong></span> 
     </span>
    </p>
   </div>
   <div class='ocr_carea' id='block_1_26' title="bbox 317 1210 514 1238">
    <p class='ocr_par' dir='ltr' id='par_1_26' title="bbox 317 1210 514 1238">
     <span class='ocr_line' id='line_1_26' title="bbox 317 1210 514 1238; baseline 0.01 -2"><span class='ocrx_word' id='word_1_311' title='bbox 317 1210 339 1236; x_wconf 82' lang='grc' dir='ltr'><strong>Κ</strong></span> <span class='ocrx_word' id='word_1_312' title='bbox 350 1211 379 1237; x_wconf 78' lang='grc' dir='ltr'><strong>-Ι,</strong></span> <span class='ocrx_word' id='word_1_313' title='bbox 401 1210 514 1238; x_wconf 76' lang='lat' dir='ltr'><strong>Martiis.</strong></span> 
     </span>
    </p>
   </div>
   <div class='ocr_carea' id='block_1_27' title="bbox 910 1277 946 1284">
    <p class='ocr_par' dir='ltr' id='par_1_27' title="bbox 910 1277 946 1284">
     <span class='ocr_line' id='line_1_27' title="bbox 910 1277 946 1284; baseline 0 0"><span class='ocrx_word' id='word_1_314' title='bbox 910 1277 946 1284; x_wconf 74' lang='grc'><strong>..-</strong></span> 
     </span>
    </p>
   </div>
   <div class='ocr_carea' id='block_1_28' title="bbox 290 1351 1040 1383">
    <p class='ocr_par' dir='ltr' id='par_1_28' title="bbox 290 1351 1040 1382">
     <span class='ocr_line' id='line_1_28' title="bbox 290 1351 1040 1382; baseline -0.003 0"><span class='ocrx_word' id='word_1_315' title='bbox 290 1353 384 1382; x_wconf 72' lang='lat' dir='ltr'><em>FEB.</em></span> <span class='ocrx_word' id='word_1_316' title='bbox 403 1352 596 1382; x_wconf 48' lang='grc' dir='ltr'><strong>ᾹΙΟΙΗΞΙᾹΑΙ</strong></span> <span class='ocrx_word' id='word_1_317' title='bbox 618 1351 848 1382; x_wconf 65' lang='lat' dir='ltr'><strong><em>DISDI€ATIO</em></strong></span> <span class='ocrx_word' id='word_1_318' title='bbox 869 1351 987 1381; x_wconf 76' lang='lat' dir='ltr'><strong><em>LIBRI</em></strong></span> <span class='ocrx_word' id='word_1_319' title='bbox 1008 1352 1040 1381; x_wconf 85' lang='lat' dir='ltr'><strong><em>SI</em></strong></span> 
     </span>
    </p>
   </div>
   <div class='ocr_carea' id='block_1_29' title="bbox 831 1351 1581 1383">
    <p class='ocr_par' dir='ltr' id='par_1_29' title="bbox 831 1351 1581 1383">
     <span class='ocr_line' id='line_1_29' title="bbox 831 1351 1581 1383; baseline 0.003 -3"><span class='ocrx_word' id='word_1_320' title='bbox 831 1351 848 1380; x_wconf 66' lang='grc' dir='ltr'><em>Ἰ</em></span> <span class='ocrx_word' id='word_1_321' title='bbox 869 1351 987 1381; x_wconf 76' lang='lat' dir='ltr'><strong><em>LIBRI</em></strong></span> <span class='ocrx_word' id='word_1_322' title='bbox 1008 1351 1191 1382; x_wconf 65' lang='lat' dir='ltr'><strong>SECUXDI</strong></span> <span class='ocrx_word' id='word_1_323' title='bbox 1214 1351 1268 1380; x_wconf 83' lang='lat' dir='ltr'><strong>DE</strong></span> <span class='ocrx_word' id='word_1_324' title='bbox 1293 1352 1581 1383; x_wconf 74' lang='lat' dir='ltr'><strong><em>TIIEMATIBUS.</em></strong></span> 
     </span>
    </p>
   </div>
   <div class='ocr_carea' id='block_1_30' title="bbox 444 1430 1428 1461">
    <p class='ocr_par' dir='ltr' id='par_1_30' title="bbox 444 1430 1428 1461">
     <span class='ocr_line' id='line_1_30' title="bbox 444 1430 1428 1461; baseline -0.002 -7"><span class='ocrx_word' id='word_1_325' title='bbox 444 1433 679 1454; x_wconf 73' lang='lat' dir='ltr'><strong>lLLUSl‘lllSSIMO</strong></span> <span class='ocrx_word' id='word_1_326' title='bbox 699 1433 736 1454; x_wconf 77' lang='lat' dir='ltr'><strong>AC</strong></span> <span class='ocrx_word' id='word_1_327' title='bbox 758 1430 1034 1453; x_wconf 62' lang='lat' dir='ltr'><strong>REVERENDISSIMU</strong></span> <span class='ocrx_word' id='word_1_328' title='bbox 1059 1431 1232 1452; x_wconf 68' lang='lat' dir='ltr'><strong>CARDINALL</strong></span> <span class='ocrx_word' id='word_1_329' title='bbox 1256 1431 1428 1461; x_wconf 69' lang='lat' dir='ltr'><strong>PERRONIU,</strong></span> 
     </span>
    </p>
   </div>
   <div class='ocr_carea' id='block_1_31' title="bbox 697 1493 1162 1522">
    <p class='ocr_par' dir='ltr' id='par_1_31' title="bbox 697 1493 1162 1522">
     <span class='ocr_line' id='line_1_31' title="bbox 697 1493 1162 1522; baseline -0.002 -6"><span class='ocrx_word' id='word_1_330' title='bbox 697 1493 947 1516; x_wconf 73' lang='lat' dir='ltr'><strong>ARCIUEPISCOPO</strong></span> <span class='ocrx_word' id='word_1_331' title='bbox 975 1493 1162 1522; x_wconf 77' lang='lat' dir='ltr'><strong>SENONENSI,</strong></span> 
     </span>
    </p>
   </div>
   <div class='ocr_carea' id='block_1_32' title="bbox 200 1557 950 1588">
    <p class='ocr_par' dir='ltr' id='par_1_32' title="bbox 200 1557 938 1588">
     <span class='ocr_line' id='line_1_32' title="bbox 200 1557 938 1588; baseline -0.007 -4"><span class='ocrx_word' id='word_1_332' title='bbox 200 1560 373 1584; x_wconf 64' lang='lat' dir='ltr'><strong>GERMANIAE</strong></span> <span class='ocrx_word' id='word_1_333' title='bbox 400 1559 539 1588; x_wconf 73' lang='grc' dir='ltr'>ιιιιιΜΑτι,</span> <span class='ocrx_word' id='word_1_334' title='bbox 560 1557 822 1581; x_wconf 65' lang='grc' dir='ltr'><strong>ευιιιετιηιεειω</strong></span> <span class='ocrx_word' id='word_1_335' title='bbox 843 1557 938 1580; x_wconf 75' lang='lat' dir='ltr'><strong>REGIS</strong></span> 
     </span>
    </p>
   </div>
   <div class='ocr_carea' id='block_1_33' title="bbox 911 1557 1661 1588">
    <p class='ocr_par' dir='ltr' id='par_1_33' title="bbox 911 1557 1661 1584">
     <span class='ocr_line' id='line_1_33' title="bbox 911 1557 1661 1584; baseline 0.008 -5"><span class='ocrx_word' id='word_1_336' title='bbox 911 1557 938 1579; x_wconf 88' lang='lat' dir='ltr'>IS</span> <span class='ocrx_word' id='word_1_337' title='bbox 959 1557 1102 1580; x_wconf 69' lang='grc' dir='ltr'><strong>ῈΒΑΝΩΙΛΕ</strong></span> <span class='ocrx_word' id='word_1_338' title='bbox 1122 1558 1160 1579; x_wconf 78' lang='lat' dir='ltr'><strong>ET</strong></span> <span class='ocrx_word' id='word_1_339' title='bbox 1186 1558 1344 1580; x_wconf 68' lang='lat' dir='ltr'><strong>NAVARRE</strong></span> <span class='ocrx_word' id='word_1_340' title='bbox 1365 1559 1661 1584; x_wconf 65' lang='grc' dir='ltr'><strong>ΕιεευοςγΝΑιιςηιι</strong></span> 
     </span>
    </p>
   </div>
   <div class='ocr_carea' id='block_1_34' title="bbox 537 1623 1329 1646">
    <p class='ocr_par' dir='ltr' id='par_1_34' title="bbox 537 1623 1329 1646">
     <span class='ocr_line' id='line_1_34' title="bbox 537 1623 1329 1646; baseline 0 -1"><span class='ocrx_word' id='word_1_341' title='bbox 537 1623 711 1645; x_wconf 77' lang='lat' dir='ltr'><strong>FEDERICUS</strong></span> <span class='ocrx_word' id='word_1_342' title='bbox 734 1623 899 1645; x_wconf 77' lang='lat' dir='ltr'><strong>MORELLUS</strong></span> <span class='ocrx_word' id='word_1_343' title='bbox 915 1623 1096 1645; x_wconf 76' lang='lat' dir='ltr'><strong>PROFESSOR</strong></span> <span class='ocrx_word' id='word_1_344' title='bbox 1115 1624 1230 1646; x_wconf 72' lang='grc' dir='ltr'><strong>Βεοιυδ</strong></span> <span class='ocrx_word' id='word_1_345' title='bbox 1252 1624 1280 1646; x_wconf 88' lang='lat' dir='ltr'><strong>S.</strong></span> <span class='ocrx_word' id='word_1_346' title='bbox 1300 1624 1329 1645; x_wconf 82' lang='lat' dir='ltr'><strong>P.</strong></span> 
     </span>
    </p>
   </div>
   <div class='ocr_carea' id='block_1_35' title="bbox 156 1698 906 1735">
    <p class='ocr_par' dir='ltr' id='par_1_35' title="bbox 156 1698 903 1735">
     <span class='ocr_line' id='line_1_35' title="bbox 156 1698 903 1735; baseline -0.008 -4"><span class='ocrx_word' id='word_1_347' title='bbox 156 1704 195 1731; x_wconf 82' lang='lat' dir='ltr'><strong>En</strong></span> <span class='ocrx_word' id='word_1_348' title='bbox 215 1700 386 1730; x_wconf 84' lang='lat' dir='ltr'><strong>Constantini</strong></span> <span class='ocrx_word' id='word_1_349' title='bbox 407 1699 706 1735; x_wconf 67' lang='lat' dir='ltr'><strong>Porphyrongennetm,</strong></span> <span class='ocrx_word' id='word_1_350' title='bbox 722 1698 869 1726; x_wconf 85' lang='lat' dir='ltr'><strong>cardinalis</strong></span> <span class='ocrx_word' id='word_1_351' title='bbox 887 1698 903 1724; x_wconf 92' lang='lat' dir='ltr'><strong>il</strong></span> 
     </span>
    </p>
   </div>
   <div class='ocr_carea' id='block_1_36' title="bbox 1001 1698 1751 1735">
    <p class='ocr_par' dir='ltr' id='par_1_36' title="bbox 1001 1698 1751 1734">
     <span class='ocr_line' id='line_1_36' title="bbox 1001 1698 1751 1734; baseline 0.005 -9"><span class='ocrx_word' id='word_1_352' title='bbox 1001 1699 1079 1730; x_wconf 86' lang='lat' dir='ltr'><strong>sime,</strong></span> <span class='ocrx_word' id='word_1_353' title='bbox 1098 1699 1294 1734; x_wconf 73' lang='grc' dir='ltr'><strong>ὁλοπορφὺρων</strong></span> <span class='ocrx_word' id='word_1_354' title='bbox 1312 1698 1421 1731; x_wconf 73' lang='grc' dir='ltr'><strong>ἀντάξιε</strong></span> <span class='ocrx_word' id='word_1_355' title='bbox 1442 1699 1560 1733; x_wconf 81' lang='grc' dir='ltr'>πολλῶν,</span> <span class='ocrx_word' id='word_1_356' title='bbox 1582 1707 1751 1730; x_wconf 75' lang='lat' dir='ltr'><strong>commenta-</strong></span> 
     </span>
    </p>
   </div>
   <div class='ocr_carea' id='block_1_37' title="bbox 122 1742 1752 1779">
    <p class='ocr_par' dir='ltr' id='par_1_37' title="bbox 122 1742 1752 1779">
     <span class='ocr_line' id='line_1_37' title="bbox 122 1742 1752 1779; baseline -0.001 -3"><span class='ocrx_word' id='word_1_357' title='bbox 122 1749 178 1776; x_wconf 69' lang='lat' dir='ltr'><strong>rius</strong></span> <span class='ocrx_word' id='word_1_358' title='bbox 194 1748 226 1774; x_wconf 89' lang='lat' dir='ltr'><strong>de</strong></span> <span class='ocrx_word' id='word_1_359' title='bbox 246 1745 410 1773; x_wconf 87' lang='lat' dir='ltr'><strong>thematibus</strong></span> <span class='ocrx_word' id='word_1_360' title='bbox 430 1743 637 1779; x_wconf 68' lang='lat' dir='ltr'><strong>praefecturisve</strong></span> <span class='ocrx_word' id='word_1_361' title='bbox 659 1742 837 1772; x_wconf 76' lang='lat' dir='ltr'><strong>occidentalis</strong></span> <span class='ocrx_word' id='word_1_362' title='bbox 857 1742 943 1777; x_wconf 81' lang='lat' dir='ltr'><strong>partis</strong></span> <span class='ocrx_word' id='word_1_363' title='bbox 960 1742 1065 1777; x_wconf 85' lang='lat' dir='ltr'><strong>imperii</strong></span> <span class='ocrx_word' id='word_1_364' title='bbox 1082 1742 1211 1776; x_wconf 85' lang='lat' dir='ltr'><strong>Orientis,</strong></span> <span class='ocrx_word' id='word_1_365' title='bbox 1235 1744 1366 1771; x_wconf 81' lang='lat' dir='ltr'><strong>hactenus</strong></span> <span class='ocrx_word' id='word_1_366' title='bbox 1384 1744 1558 1773; x_wconf 79' lang='lat' dir='ltr'><strong>desideratus</strong></span> <span class='ocrx_word' id='word_1_367' title='bbox 1577 1750 1604 1772; x_wconf 88' lang='lat' dir='ltr'><strong>et</strong></span> <span class='ocrx_word' id='word_1_368' title='bbox 1625 1746 1658 1773; x_wconf 88' lang='lat' dir='ltr'><strong>ab</strong></span> <span class='ocrx_word' id='word_1_369' title='bbox 1679 1747 1752 1774; x_wconf 65' lang='grc' dir='ltr'><strong>ιστας</strong></span> 
     </span>
    </p>
   </div>
   <div class='ocr_carea' id='block_1_38' title="bbox 123 1786 873 1828">
    <p class='ocr_par' dir='ltr' id='par_1_38' title="bbox 123 1787 872 1828">
     <span class='ocr_line' id='line_1_38' title="bbox 123 1787 872 1828; baseline -0.009 -9"><span class='ocrx_word' id='word_1_370' title='bbox 123 1789 405 1828; x_wconf 75' lang='grc' dir='ltr'>ριαρχαιολογοφίλοις</span> <span class='ocrx_word' id='word_1_371' title='bbox 418 1789 519 1816; x_wconf 72' lang='lat' dir='ltr'><strong>notitize</strong></span> <span class='ocrx_word' id='word_1_372' title='bbox 531 1787 661 1816; x_wconf 70' lang='lat' dir='ltr'><strong>Bouiante</strong></span> <span class='ocrx_word' id='word_1_373' title='bbox 673 1787 804 1816; x_wconf 89' lang='lat' dir='ltr'><strong>studiosis</strong></span> <span class='ocrx_word' id='word_1_374' title='bbox 820 1794 872 1814; x_wconf 86' lang='lat' dir='ltr'><strong>omt</strong></span> 
     </span>
    </p>
   </div>
   <div class='ocr_carea' id='block_1_39' title="bbox 1000 1786 1750 1828">
    <p class='ocr_par' dir='ltr' id='par_1_39' title="bbox 1000 1788 1750 1826">
     <span class='ocr_line' id='line_1_39' title="bbox 1000 1788 1750 1826; baseline 0.004 -12"><span class='ocrx_word' id='word_1_375' title='bbox 1000 1788 1027 1814; x_wconf 89' lang='lat' dir='ltr'><strong>.is</strong></span> <span class='ocrx_word' id='word_1_376' title='bbox 1040 1788 1177 1822; x_wconf 83' lang='lat' dir='ltr'><strong>expetitus</strong></span> <span class='ocrx_word' id='word_1_377' title='bbox 1195 1799 1200 1815; x_wconf 82' lang='lat'><strong>;</strong></span> <span class='ocrx_word' id='word_1_378' title='bbox 1218 1795 1303 1821; x_wconf 89' lang='lat' dir='ltr'><strong>nunc,</strong></span> <span class='ocrx_word' id='word_1_379' title='bbox 1321 1788 1343 1815; x_wconf 89' lang='lat' dir='ltr'><strong>si</strong></span> <span class='ocrx_word' id='word_1_380' title='bbox 1360 1789 1450 1816; x_wconf 89' lang='lat' dir='ltr'><strong>minus</strong></span> <span class='ocrx_word' id='word_1_381' title='bbox 1466 1789 1580 1822; x_wconf 71' lang='lat' dir='ltr'><strong>integer,</strong></span> <span class='ocrx_word' id='word_1_382' title='bbox 1592 1791 1750 1826; x_wconf 77' lang='grc' dir='ltr'><strong>ὁλοσχερὴς,</strong></span> 
     </span>
    </p>
   </div>
   <div class='ocr_carea' id='block_1_40' title="bbox 119 1829 1753 1868">
    <p class='ocr_par' dir='ltr' id='par_1_40' title="bbox 119 1829 1753 1868">
     <span class='ocr_line' id='line_1_40' title="bbox 119 1829 1753 1868; baseline 0.001 -8"><span class='ocrx_word' id='word_1_383' title='bbox 119 1841 147 1863; x_wconf 79' lang='lat' dir='ltr'><strong>at</strong></span> <span class='ocrx_word' id='word_1_384' title='bbox 161 1841 234 1864; x_wconf 85' lang='lat' dir='ltr'><strong>certe</strong></span> <span class='ocrx_word' id='word_1_385' title='bbox 247 1839 366 1868; x_wconf 87' lang='lat' dir='ltr'><strong>quantus</strong></span> <span class='ocrx_word' id='word_1_386' title='bbox 381 1837 499 1867; x_wconf 89' lang='lat' dir='ltr'><strong>quantus</strong></span> <span class='ocrx_word' id='word_1_387' title='bbox 511 1832 538 1858; x_wconf 91' lang='lat' dir='ltr'><strong>in</strong></span> <span class='ocrx_word' id='word_1_388' title='bbox 554 1831 634 1859; x_wconf 88' lang='lat' dir='ltr'><strong>unico</strong></span> <span class='ocrx_word' id='word_1_389' title='bbox 652 1831 736 1859; x_wconf 86' lang='lat' dir='ltr'><strong>veteri</strong></span> <span class='ocrx_word' id='word_1_390' title='bbox 750 1830 842 1858; x_wconf 84' lang='lat' dir='ltr'><strong>codice</strong></span> <span class='ocrx_word' id='word_1_391' title='bbox 857 1837 908 1857; x_wconf 91' lang='lat' dir='ltr'><strong>tus.</strong></span> <span class='ocrx_word' id='word_1_392' title='bbox 920 1829 1011 1864; x_wconf 73' lang='lat' dir='ltr'><strong>Regia:</strong></span> <span class='ocrx_word' id='word_1_393' title='bbox 1028 1830 1196 1859; x_wconf 68' lang='lat' dir='ltr'><strong>bibliotheca;</strong></span> <span class='ocrx_word' id='word_1_394' title='bbox 1212 1838 1306 1859; x_wconf 87' lang='lat' dir='ltr'><strong>recens</strong></span> <span class='ocrx_word' id='word_1_395' title='bbox 1320 1839 1334 1858; x_wconf 90' lang='lat' dir='ltr'><strong>a</strong></span> <span class='ocrx_word' id='word_1_396' title='bbox 1350 1833 1509 1864; x_wconf 74' lang='lat' dir='ltr'><strong>me,dextro</strong></span> <span class='ocrx_word' id='word_1_397' title='bbox 1523 1832 1666 1866; x_wconf 83' lang='lat' dir='ltr'><strong>Mercurio,</strong></span> <span class='ocrx_word' id='word_1_398' title='bbox 1677 1842 1753 1861; x_wconf 88' lang='lat' dir='ltr'><strong>com-</strong></span> 
     </span>
    </p>
   </div>
   <div class='ocr_carea' id='block_1_41' title="bbox 120 1873 1753 1914">
    <p class='ocr_par' dir='ltr' id='par_1_41' title="bbox 120 1873 1753 1914">
     <span class='ocr_line' id='line_1_41' title="bbox 120 1873 1753 1914; baseline -0.001 -8"><span class='ocrx_word' id='word_1_399' title='bbox 120 1884 212 1914; x_wconf 78' lang='lat' dir='ltr'><strong>pertus</strong></span> <span class='ocrx_word' id='word_1_400' title='bbox 225 1883 275 1908; x_wconf 88' lang='lat' dir='ltr'><strong>est.</strong></span> <span class='ocrx_word' id='word_1_401' title='bbox 293 1877 456 1910; x_wconf 85' lang='lat' dir='ltr'><strong>descriptus,</strong></span> <span class='ocrx_word' id='word_1_402' title='bbox 475 1875 642 1910; x_wconf 79' lang='lat' dir='ltr'><strong>recognitus,</strong></span> <span class='ocrx_word' id='word_1_403' title='bbox 659 1880 775 1909; x_wconf 88' lang='lat' dir='ltr'><strong>utraque</strong></span> <span class='ocrx_word' id='word_1_404' title='bbox 793 1874 886 1909; x_wconf 73' lang='lat' dir='ltr'><strong>lingua</strong></span> <span class='ocrx_word' id='word_1_405' title='bbox 905 1873 1098 1908; x_wconf 79' lang='lat' dir='ltr'><strong>imperatorum</strong></span> <span class='ocrx_word' id='word_1_406' title='bbox 1118 1875 1206 1903; x_wconf 85' lang='lat' dir='ltr'><strong>editus</strong></span> <span class='ocrx_word' id='word_1_407' title='bbox 1223 1875 1348 1910; x_wconf 85' lang='lat' dir='ltr'><strong>uotisque</strong></span> <span class='ocrx_word' id='word_1_408' title='bbox 1363 1876 1514 1903; x_wconf 77' lang='lat' dir='ltr'><strong>illustratus</strong></span> <span class='ocrx_word' id='word_1_409' title='bbox 1536 1877 1643 1911; x_wconf 79' lang='lat' dir='ltr'><strong>prodire</strong></span> <span class='ocrx_word' id='word_1_410' title='bbox 1658 1883 1684 1904; x_wconf 78' lang='lat' dir='ltr'><strong>et</strong></span> <span class='ocrx_word' id='word_1_411' title='bbox 1702 1878 1753 1904; x_wconf 79' lang='lat' dir='ltr'><strong>sub</strong></span> 
     </span>
    </p>
   </div>
   <div class='ocr_carea' id='block_1_42' title="bbox 118 1917 1751 1956">
    <p class='ocr_par' dir='ltr' id='par_1_42' title="bbox 118 1917 1751 1956">
     <span class='ocr_line' id='line_1_42' title="bbox 118 1917 1751 1956; baseline -0.001 -6"><span class='ocrx_word' id='word_1_412' title='bbox 118 1924 218 1950; x_wconf 75' lang='lat' dir='ltr'><strong>eximio</strong></span> <span class='ocrx_word' id='word_1_413' title='bbox 235 1921 355 1949; x_wconf 75' lang='lat' dir='ltr'><strong>cmlestis</strong></span> <span class='ocrx_word' id='word_1_414' title='bbox 376 1920 477 1955; x_wconf 79' lang='lat' dir='ltr'><strong>ingenii</strong></span> <span class='ocrx_word' id='word_1_415' title='bbox 497 1920 533 1946; x_wconf 87' lang='lat' dir='ltr'><strong>ttii</strong></span> <span class='ocrx_word' id='word_1_416' title='bbox 555 1919 672 1945; x_wconf 79' lang='lat' dir='ltr'><strong>candore</strong></span> <span class='ocrx_word' id='word_1_417' title='bbox 691 1924 719 1945; x_wconf 77' lang='lat' dir='ltr'><strong>et</strong></span> <span class='ocrx_word' id='word_1_418' title='bbox 739 1918 806 1945; x_wconf 76' lang='lat' dir='ltr'><strong>nstri</strong></span> <span class='ocrx_word' id='word_1_419' title='bbox 826 1918 862 1944; x_wconf 91' lang='lat' dir='ltr'><strong>tui</strong></span> <span class='ocrx_word' id='word_1_420' title='bbox 887 1917 1030 1952; x_wconf 87' lang='lat' dir='ltr'><strong>splendore</strong></span> <span class='ocrx_word' id='word_1_421' title='bbox 1052 1926 1185 1953; x_wconf 86' lang='lat' dir='ltr'><strong>apparere</strong></span> <span class='ocrx_word' id='word_1_422' title='bbox 1201 1920 1294 1954; x_wconf 70' lang='lat' dir='ltr'><strong>gestit.</strong></span> <span class='ocrx_word' id='word_1_423' title='bbox 1307 1919 1405 1952; x_wconf 87' lang='lat' dir='ltr'><strong>Quidni</strong></span> <span class='ocrx_word' id='word_1_424' title='bbox 1423 1927 1486 1947; x_wconf 83' lang='lat' dir='ltr'><strong>vero</strong></span> <span class='ocrx_word' id='word_1_425' title='bbox 1509 1920 1657 1954; x_wconf 87' lang='lat' dir='ltr'><strong>imperator</strong></span> <span class='ocrx_word' id='word_1_426' title='bbox 1673 1922 1751 1956; x_wconf 79' lang='grc' dir='ltr'>φιλο-</span> 
     </span>
    </p>
   </div>
   <div class='ocr_carea' id='block_1_43' title="bbox 120 1962 870 2002">
    <p class='ocr_par' dir='ltr' id='par_1_43' title="bbox 120 1962 869 2002">
     <span class='ocr_line' id='line_1_43' title="bbox 120 1962 869 2002; baseline -0.009 -7"><span class='ocrx_word' id='word_1_427' title='bbox 120 1968 284 2002; x_wconf 68' lang='grc' dir='ltr'><strong>μουςότατος</strong></span> <span class='ocrx_word' id='word_1_428' title='bbox 301 1966 346 1992; x_wconf 73' lang='grc' dir='ltr'><strong>καὶ</strong></span> <span class='ocrx_word' id='word_1_429' title='bbox 363 1964 584 1995; x_wconf 72' lang='grc' dir='ltr'><strong>ὓεοσεὸέστιτος,</strong></span> <span class='ocrx_word' id='word_1_430' title='bbox 603 1964 629 1989; x_wconf 91' lang='lat' dir='ltr'><strong>in</strong></span> <span class='ocrx_word' id='word_1_431' title='bbox 650 1963 792 1998; x_wconf 81' lang='lat' dir='ltr'><strong>Porphyro</strong></span> <span class='ocrx_word' id='word_1_432' title='bbox 810 1962 869 1995; x_wconf 85' lang='lat' dir='ltr'><strong>pala</strong></span> 
     </span>
    </p>
   </div>
   <div class='ocr_carea' id='block_1_44' title="bbox 1000 1962 1750 2002">
    <p class='ocr_par' dir='ltr' id='par_1_44' title="bbox 1000 1964 1750 1999">
     <span class='ocr_line' id='line_1_44' title="bbox 1000 1964 1750 1999; baseline 0.005 -11"><span class='ocrx_word' id='word_1_433' title='bbox 1000 1970 1008 1988; x_wconf 71' lang='grc' dir='ltr'><strong>ς</strong></span> <span class='ocrx_word' id='word_1_434' title='bbox 1022 1967 1049 1989; x_wconf 87' lang='lat' dir='ltr'><strong>et</strong></span> <span class='ocrx_word' id='word_1_435' title='bbox 1062 1964 1197 1997; x_wconf 72' lang='lat' dir='ltr'><strong>extemplo</strong></span> <span class='ocrx_word' id='word_1_436' title='bbox 1214 1971 1335 1999; x_wconf 82' lang='lat' dir='ltr'><strong>purpura</strong></span> <span class='ocrx_word' id='word_1_437' title='bbox 1352 1964 1472 1996; x_wconf 89' lang='lat' dir='ltr'><strong>iuduttts,</strong></span> <span class='ocrx_word' id='word_1_438' title='bbox 1489 1965 1671 1991; x_wconf 78' lang='lat' dir='ltr'><strong>cardinalicia:</strong></span> <span class='ocrx_word' id='word_1_439' title='bbox 1688 1973 1750 1999; x_wconf 91' lang='lat' dir='ltr'><strong>pur-</strong></span> 
     </span>
    </p>
   </div>
   <div class='ocr_carea' id='block_1_45' title="bbox 119 2005 1749 2044">
    <p class='ocr_par' dir='ltr' id='par_1_45' title="bbox 119 2005 1749 2044">
     <span class='ocr_line' id='line_1_45' title="bbox 119 2005 1749 2044; baseline -0.001 -7"><span class='ocrx_word' id='word_1_440' title='bbox 119 2019 193 2044; x_wconf 77' lang='lat' dir='ltr'><strong>pura:</strong></span> <span class='ocrx_word' id='word_1_441' title='bbox 214 2016 267 2036; x_wconf 71' lang='lat' dir='ltr'><strong>tua:</strong></span> <span class='ocrx_word' id='word_1_442' title='bbox 289 2010 372 2036; x_wconf 89' lang='lat' dir='ltr'><strong>decus</strong></span> <span class='ocrx_word' id='word_1_443' title='bbox 395 2013 421 2035; x_wconf 92' lang='lat' dir='ltr'><strong>et</strong></span> <span class='ocrx_word' id='word_1_444' title='bbox 443 2007 599 2042; x_wconf 68' lang='lat' dir='ltr'><strong>prmsidium</strong></span> <span class='ocrx_word' id='word_1_445' title='bbox 624 2014 677 2034; x_wconf 90' lang='lat' dir='ltr'><strong>non</strong></span> <span class='ocrx_word' id='word_1_446' title='bbox 702 2005 840 2034; x_wconf 80' lang='lat' dir='ltr'><strong>ambiret?</strong></span> <span class='ocrx_word' id='word_1_447' title='bbox 862 2006 917 2032; x_wconf 91' lang='lat' dir='ltr'><strong>imo</strong></span> <span class='ocrx_word' id='word_1_448' title='bbox 937 2006 1029 2040; x_wconf 86' lang='lat' dir='ltr'><strong>quidni</strong></span> <span class='ocrx_word' id='word_1_449' title='bbox 1055 2007 1204 2040; x_wconf 82' lang='lat' dir='ltr'><strong>imperator</strong></span> <span class='ocrx_word' id='word_1_450' title='bbox 1227 2007 1493 2042; x_wconf 74' lang='lat' dir='ltr'><strong>l’orpbyrogcuitus,</strong></span> <span class='ocrx_word' id='word_1_451' title='bbox 1516 2007 1594 2042; x_wconf 79' lang='lat' dir='ltr'><strong>cujus</strong></span> <span class='ocrx_word' id='word_1_452' title='bbox 1619 2008 1749 2042; x_wconf 67' lang='lat' dir='ltr'><strong>titzijestas</strong></span> 
     </span>
    </p>
   </div>
   <div class='ocr_carea' id='block_1_46' title="bbox 119 2050 869 2090">
    <p class='ocr_par' dir='ltr' id='par_1_46' title="bbox 119 2050 869 2090">
     <span class='ocr_line' id='line_1_46' title="bbox 119 2050 869 2090; baseline -0.007 -9"><span class='ocrx_word' id='word_1_453' title='bbox 119 2054 261 2090; x_wconf 71' lang='grc' dir='ltr'>φιλολογιᾳ</span> <span class='ocrx_word' id='word_1_454' title='bbox 274 2059 300 2081; x_wconf 88' lang='lat' dir='ltr'><strong>et</strong></span> <span class='ocrx_word' id='word_1_455' title='bbox 314 2053 427 2080; x_wconf 85' lang='lat' dir='ltr'><strong>scientia</strong></span> <span class='ocrx_word' id='word_1_456' title='bbox 441 2053 664 2088; x_wconf 72' lang='grc' dir='ltr'><strong>ἀρχιτεκτονικῇ,</strong></span> <span class='ocrx_word' id='word_1_457' title='bbox 679 2059 760 2086; x_wconf 79' lang='lat' dir='ltr'><strong>quam</strong></span> <span class='ocrx_word' id='word_1_458' title='bbox 778 2055 816 2078; x_wconf 89' lang='lat' dir='ltr'><strong>tot</strong></span> <span class='ocrx_word' id='word_1_459' title='bbox 829 2050 869 2086; x_wconf 77' lang='grc' dir='ltr'>βαι</span> 
     </span>
    </p>
   </div>
   <div class='ocr_carea' id='block_1_47' title="bbox 1000 2050 1750 2090">
    <p class='ocr_par' dir='ltr' id='par_1_47' title="bbox 1000 2051 1750 2088">
     <span class='ocr_line' id='line_1_47' title="bbox 1000 2051 1750 2088; baseline 0.003 -11"><span class='ocrx_word' id='word_1_460' title='bbox 1000 2051 1175 2079; x_wconf 64' lang='grc' dir='ltr'><strong>ῖοιυιηίιιὶὺιιε</strong></span> <span class='ocrx_word' id='word_1_461' title='bbox 1188 2053 1374 2087; x_wconf 72' lang='lat' dir='ltr'><strong>exaggeravit,</strong></span> <span class='ocrx_word' id='word_1_462' title='bbox 1394 2053 1479 2087; x_wconf 77' lang='lat' dir='ltr'><strong>magis</strong></span> <span class='ocrx_word' id='word_1_463' title='bbox 1492 2061 1572 2088; x_wconf 84' lang='lat' dir='ltr'><strong>quam</strong></span> <span class='ocrx_word' id='word_1_464' title='bbox 1587 2053 1671 2087; x_wconf 56' lang='lat' dir='ltr'><strong>pallio</strong></span> <span class='ocrx_word' id='word_1_465' title='bbox 1687 2061 1750 2088; x_wconf 87' lang='lat' dir='ltr'><strong>ptir-</strong></span> 
     </span>
    </p>
   </div>
   <div class='ocr_carea' id='block_1_48' title="bbox 118 2095 1749 2133">
    <p class='ocr_par' dir='ltr' id='par_1_48' title="bbox 118 2095 1749 2133">
     <span class='ocr_line' id='line_1_48' title="bbox 118 2095 1749 2133; baseline -0.002 -8"><span class='ocrx_word' id='word_1_466' title='bbox 118 2106 201 2133; x_wconf 82' lang='lat' dir='ltr'><strong>pureo</strong></span> <span class='ocrx_word' id='word_1_467' title='bbox 223 2100 350 2126; x_wconf 84' lang='lat' dir='ltr'><strong>decorata</strong></span> <span class='ocrx_word' id='word_1_468' title='bbox 368 2101 417 2127; x_wconf 84' lang='lat' dir='ltr'><strong>est,</strong></span> <span class='ocrx_word' id='word_1_469' title='bbox 434 2096 505 2124; x_wconf 88' lang='lat' dir='ltr'><strong>hunc</strong></span> <span class='ocrx_word' id='word_1_470' title='bbox 530 2103 638 2131; x_wconf 89' lang='lat' dir='ltr'><strong>quoque</strong></span> <span class='ocrx_word' id='word_1_471' title='bbox 657 2103 794 2123; x_wconf 85' lang='lat' dir='ltr'><strong>musarum</strong></span> <span class='ocrx_word' id='word_1_472' title='bbox 812 2095 946 2130; x_wconf 74' lang='lat' dir='ltr'><strong>regiarum</strong></span> <span class='ocrx_word' id='word_1_473' title='bbox 966 2095 1050 2122; x_wconf 80' lang='lat' dir='ltr'><strong>fetum</strong></span> <span class='ocrx_word' id='word_1_474' title='bbox 1070 2095 1195 2122; x_wconf 73' lang='lat' dir='ltr'><strong>Minervm</strong></span> <span class='ocrx_word' id='word_1_475' title='bbox 1209 2100 1261 2122; x_wconf 74' lang='lat' dir='ltr'><strong>tua:</strong></span> <span class='ocrx_word' id='word_1_476' title='bbox 1275 2096 1401 2123; x_wconf 63' lang='lat' dir='ltr'><strong>:etltereae</strong></span> <span class='ocrx_word' id='word_1_477' title='bbox 1417 2096 1506 2131; x_wconf 85' lang='lat' dir='ltr'><strong>peplo,</strong></span> <span class='ocrx_word' id='word_1_478' title='bbox 1526 2097 1576 2123; x_wconf 91' lang='lat' dir='ltr'><strong>hoe</strong></span> <span class='ocrx_word' id='word_1_479' title='bbox 1592 2102 1643 2127; x_wconf 81' lang='lat' dir='ltr'><strong>est.</strong></span> <span class='ocrx_word' id='word_1_480' title='bbox 1664 2097 1749 2130; x_wconf 77' lang='grc' dir='ltr'><strong>ἐγχυ-</strong></span> 
     </span>
    </p>
   </div>
   <div class='ocr_carea' id='block_1_49' title="bbox 117 2139 1749 2174">
    <p class='ocr_par' dir='ltr' id='par_1_49' title="bbox 117 2139 1749 2174">
     <span class='ocr_line' id='line_1_49' title="bbox 117 2139 1749 2174; baseline -0.002 -5"><span class='ocrx_word' id='word_1_481' title='bbox 117 2141 303 2173; x_wconf 80' lang='grc' dir='ltr'>κλοπαιδείσις,</span> <span class='ocrx_word' id='word_1_482' title='bbox 319 2140 495 2168; x_wconf 83' lang='lat' dir='ltr'><strong>scientiarum</strong></span> <span class='ocrx_word' id='word_1_483' title='bbox 513 2147 545 2167; x_wconf 85' lang='lat' dir='ltr'><strong>ac</strong></span> <span class='ocrx_word' id='word_1_484' title='bbox 558 2141 688 2168; x_wconf 90' lang='lat' dir='ltr'><strong>virtutum</strong></span> <span class='ocrx_word' id='word_1_485' title='bbox 709 2140 785 2173; x_wconf 87' lang='lat' dir='ltr'><strong>orbe,</strong></span> <span class='ocrx_word' id='word_1_486' title='bbox 799 2139 897 2167; x_wconf 87' lang='lat' dir='ltr'><strong>includi</strong></span> <span class='ocrx_word' id='word_1_487' title='bbox 914 2139 1093 2174; x_wconf 73' lang='lat' dir='ltr'><strong>percuperet!</strong></span> <span class='ocrx_word' id='word_1_488' title='bbox 1106 2146 1165 2166; x_wconf 90' lang='lat' dir='ltr'><strong>cum</strong></span> <span class='ocrx_word' id='word_1_489' title='bbox 1185 2141 1334 2174; x_wconf 67' lang='lat' dir='ltr'><strong>prmsertim</strong></span> <span class='ocrx_word' id='word_1_490' title='bbox 1353 2140 1422 2167; x_wconf 82' lang='lat' dir='ltr'><strong>idem</strong></span> <span class='ocrx_word' id='word_1_491' title='bbox 1443 2141 1506 2167; x_wconf 89' lang='lat' dir='ltr'><strong>huic</strong></span> <span class='ocrx_word' id='word_1_492' title='bbox 1526 2141 1640 2174; x_wconf 85' lang='lat' dir='ltr'><strong>principi</strong></span> <span class='ocrx_word' id='word_1_493' title='bbox 1657 2145 1749 2166; x_wconf 80' lang='lat' dir='ltr'><strong>votum</strong></span> 
     </span>
    </p>
   </div>
   <div class='ocr_carea' id='block_1_50' title="bbox 118 2183 868 2219">
    <p class='ocr_par' dir='ltr' id='par_1_50' title="bbox 118 2183 867 2219">
     <span class='ocr_line' id='line_1_50' title="bbox 118 2183 867 2219; baseline -0.004 -6"><span class='ocrx_word' id='word_1_494' title='bbox 118 2186 200 2213; x_wconf 74' lang='lat' dir='ltr'><strong>fuerit</strong></span> <span class='ocrx_word' id='word_1_495' title='bbox 216 2190 296 2219; x_wconf 87' lang='lat' dir='ltr'><strong>atque</strong></span> <span class='ocrx_word' id='word_1_496' title='bbox 315 2183 470 2212; x_wconf 83' lang='lat' dir='ltr'><strong>Alexandro</strong></span> <span class='ocrx_word' id='word_1_497' title='bbox 488 2191 593 2218; x_wconf 68' lang='lat' dir='ltr'><strong>magno,</strong></span> <span class='ocrx_word' id='word_1_498' title='bbox 611 2185 672 2215; x_wconf 75' lang='grc' dir='ltr'><strong>ταῖς</strong></span> <span class='ocrx_word' id='word_1_499' title='bbox 694 2184 760 2219; x_wconf 71' lang='grc' dir='ltr'>περὶ</span> <span class='ocrx_word' id='word_1_500' title='bbox 772 2183 807 2210; x_wconf 80' lang='grc' dir='ltr'><strong>τὰ</strong></span> <span class='ocrx_word' id='word_1_501' title='bbox 821 2183 867 2219; x_wconf 68' lang='lat' dir='ltr'><strong>dp:</strong></span> 
     </span>
    </p>
   </div>
   <div class='ocr_carea' id='block_1_51' title="bbox 1000 2183 1750 2219">
    <p class='ocr_par' dir='ltr' id='par_1_51' title="bbox 1000 2183 1750 2218">
     <span class='ocr_line' id='line_1_51' title="bbox 1000 2183 1750 2218; baseline 0 -9"><span class='ocrx_word' id='word_1_502' title='bbox 1000 2183 1095 2218; x_wconf 79' lang='grc' dir='ltr'>ειρίαις</span> <span class='ocrx_word' id='word_1_503' title='bbox 1116 2183 1217 2218; x_wconf 78' lang='grc' dir='ltr'>μᾶλλον</span> <span class='ocrx_word' id='word_1_504' title='bbox 1237 2184 1254 2218; x_wconf 76' lang='grc' dir='ltr'><strong>ἢ</strong></span> <span class='ocrx_word' id='word_1_505' title='bbox 1276 2185 1336 2215; x_wconf 81' lang='grc' dir='ltr'><strong>ταῖς</strong></span> <span class='ocrx_word' id='word_1_506' title='bbox 1356 2184 1490 2218; x_wconf 74' lang='grc' dir='ltr'><strong>δυνάμεσι</strong></span> <span class='ocrx_word' id='word_1_507' title='bbox 1511 2183 1660 2218; x_wconf 70' lang='grc' dir='ltr'><strong>διαφέρειν,</strong></span> <span class='ocrx_word' id='word_1_508' title='bbox 1682 2183 1750 2210; x_wconf 84' lang='lat' dir='ltr'><strong>lliuc</strong></span> 
     </span>
    </p>
   </div>
   <div class='ocr_carea' id='block_1_52' title="bbox 118 2227 1753 2264">
    <p class='ocr_par' dir='ltr' id='par_1_52' title="bbox 118 2227 1753 2264">
     <span class='ocr_line' id='line_1_52' title="bbox 118 2227 1753 2264; baseline -0.002 -8"><span class='ocrx_word' id='word_1_509' title='bbox 118 2229 230 2264; x_wconf 86' lang='lat' dir='ltr'><strong>optimis</strong></span> <span class='ocrx_word' id='word_1_510' title='bbox 246 2228 319 2255; x_wconf 85' lang='lat' dir='ltr'><strong>curis</strong></span> <span class='ocrx_word' id='word_1_511' title='bbox 333 2235 382 2262; x_wconf 93' lang='lat' dir='ltr'><strong>pro</strong></span> <span class='ocrx_word' id='word_1_512' title='bbox 395 2227 482 2254; x_wconf 81' lang='lat' dir='ltr'><strong>salute</strong></span> <span class='ocrx_word' id='word_1_513' title='bbox 495 2227 590 2262; x_wconf 71' lang='lat' dir='ltr'><strong>patria:</strong></span> <span class='ocrx_word' id='word_1_514' title='bbox 602 2228 723 2254; x_wconf 90' lang='lat' dir='ltr'><strong>animum</strong></span> <span class='ocrx_word' id='word_1_515' title='bbox 738 2235 845 2261; x_wconf 83' lang='lat' dir='ltr'><strong>semper</strong></span> <span class='ocrx_word' id='word_1_516' title='bbox 860 2227 984 2254; x_wconf 80' lang='lat' dir='ltr'><strong>exercuit</strong></span> <span class='ocrx_word' id='word_1_517' title='bbox 996 2231 1024 2253; x_wconf 89' lang='lat' dir='ltr'><strong>et</strong></span> <span class='ocrx_word' id='word_1_518' title='bbox 1037 2227 1142 2259; x_wconf 76' lang='lat' dir='ltr'><strong>stilum,</strong></span> <span class='ocrx_word' id='word_1_519' title='bbox 1155 2228 1288 2261; x_wconf 88' lang='lat' dir='ltr'><strong>optimum</strong></span> <span class='ocrx_word' id='word_1_520' title='bbox 1304 2227 1411 2253; x_wconf 86' lang='lat' dir='ltr'><strong>dicendi</strong></span> <span class='ocrx_word' id='word_1_521' title='bbox 1428 2227 1600 2260; x_wconf 77' lang='lat' dir='ltr'><strong>magistrum,</strong></span> <span class='ocrx_word' id='word_1_522' title='bbox 1615 2227 1753 2261; x_wconf 80' lang='lat' dir='ltr'><strong>siquidem</strong></span> 
     </span>
    </p>
   </div>
   <div class='ocr_carea' id='block_1_53' title="bbox 118 2268 1749 2305">
    <p class='ocr_par' dir='ltr' id='par_1_53' title="bbox 118 2268 1749 2305">
     <span class='ocr_line' id='line_1_53' title="bbox 118 2268 1749 2305; baseline -0.001 -7"><span class='ocrx_word' id='word_1_523' title='bbox 118 2273 151 2299; x_wconf 83' lang='lat' dir='ltr'><strong>ad</strong></span> <span class='ocrx_word' id='word_1_524' title='bbox 170 2273 323 2300; x_wconf 79' lang='lat' dir='ltr'><strong>Romanum</strong></span> <span class='ocrx_word' id='word_1_525' title='bbox 339 2270 435 2302; x_wconf 84' lang='lat' dir='ltr'><strong>ﬁlium,</strong></span> <span class='ocrx_word' id='word_1_526' title='bbox 451 2270 496 2305; x_wconf 85' lang='lat' dir='ltr'><strong>qui</strong></span> <span class='ocrx_word' id='word_1_527' title='bbox 512 2277 594 2305; x_wconf 81' lang='lat' dir='ltr'><strong>regno</strong></span> <span class='ocrx_word' id='word_1_528' title='bbox 609 2275 723 2305; x_wconf 87' lang='lat' dir='ltr'><strong>paterno</strong></span> <span class='ocrx_word' id='word_1_529' title='bbox 737 2271 880 2301; x_wconf 77' lang='lat' dir='ltr'><strong>successit,</strong></span> <span class='ocrx_word' id='word_1_530' title='bbox 895 2275 921 2297; x_wconf 83' lang='lat' dir='ltr'><strong>et</strong></span> <span class='ocrx_word' id='word_1_531' title='bbox 937 2269 1057 2304; x_wconf 77' lang='lat' dir='ltr'><strong>llugouis</strong></span> <span class='ocrx_word' id='word_1_532' title='bbox 1074 2269 1154 2296; x_wconf 66' lang='lat' dir='ltr'><strong>Italiae</strong></span> <span class='ocrx_word' id='word_1_533' title='bbox 1170 2270 1239 2303; x_wconf 70' lang='lat' dir='ltr'><strong>regis</strong></span> <span class='ocrx_word' id='word_1_534' title='bbox 1259 2270 1341 2296; x_wconf 86' lang='lat' dir='ltr'><strong>tiliam</strong></span> <span class='ocrx_word' id='word_1_535' title='bbox 1358 2268 1478 2301; x_wconf 83' lang='lat' dir='ltr'><strong>Bertam,</strong></span> <span class='ocrx_word' id='word_1_536' title='bbox 1493 2269 1641 2295; x_wconf 82' lang='lat' dir='ltr'><strong>Eudoxiam</strong></span> <span class='ocrx_word' id='word_1_537' title='bbox 1658 2274 1749 2304; x_wconf 85' lang='lat' dir='ltr'><strong>postea</strong></span> 
     </span>
    </p>
   </div>
   <div class='ocr_carea' id='block_1_54' title="bbox 116 2308 1747 2349">
    <p class='ocr_par' dir='ltr' id='par_1_54' title="bbox 116 2308 1747 2349">
     <span class='ocr_line' id='line_1_54' title="bbox 116 2308 1747 2349; baseline -0.002 -6"><span class='ocrx_word' id='word_1_538' title='bbox 116 2308 229 2348; x_wconf 72' lang='lat' dir='ltr'><strong>dictam,</strong></span> <span class='ocrx_word' id='word_1_539' title='bbox 251 2321 362 2342; x_wconf 76' lang='lat' dir='ltr'><strong>uxorem</strong></span> <span class='ocrx_word' id='word_1_540' title='bbox 382 2314 467 2347; x_wconf 78' lang='lat' dir='ltr'><strong>duxit,</strong></span> <span class='ocrx_word' id='word_1_541' title='bbox 483 2314 584 2341; x_wconf 89' lang='lat' dir='ltr'><strong>librum</strong></span> <span class='ocrx_word' id='word_1_542' title='bbox 601 2321 754 2349; x_wconf 81' lang='lat' dir='ltr'><strong>gemmeum</strong></span> <span class='ocrx_word' id='word_1_543' title='bbox 773 2314 893 2348; x_wconf 87' lang='lat' dir='ltr'><strong>scripsit,</strong></span> <span class='ocrx_word' id='word_1_544' title='bbox 915 2314 942 2340; x_wconf 92' lang='lat' dir='ltr'><strong>in</strong></span> <span class='ocrx_word' id='word_1_545' title='bbox 963 2320 1017 2346; x_wconf 88' lang='lat' dir='ltr'><strong>quo</strong></span> <span class='ocrx_word' id='word_1_546' title='bbox 1034 2313 1170 2347; x_wconf 87' lang='lat' dir='ltr'><strong>descripta</strong></span> <span class='ocrx_word' id='word_1_547' title='bbox 1189 2312 1277 2340; x_wconf 80' lang='lat' dir='ltr'><strong>fuerat</strong></span> <span class='ocrx_word' id='word_1_548' title='bbox 1297 2320 1402 2339; x_wconf 87' lang='lat' dir='ltr'><strong>summa</strong></span> <span class='ocrx_word' id='word_1_549' title='bbox 1423 2313 1505 2339; x_wconf 84' lang='lat' dir='ltr'><strong>totius</strong></span> <span class='ocrx_word' id='word_1_550' title='bbox 1523 2313 1609 2340; x_wconf 63' lang='lat' dir='ltr'><strong>Gra&#39;ci</strong></span> <span class='ocrx_word' id='word_1_551' title='bbox 1630 2313 1747 2347; x_wconf 81' lang='lat' dir='ltr'><strong>imperii.</strong></span> 
     </span>
    </p>
   </div>
   <div class='ocr_carea' id='block_1_55' title="bbox 115 2357 1746 2396">
    <p class='ocr_par' dir='ltr' id='par_1_55' title="bbox 115 2357 1746 2396">
     <span class='ocr_line' id='line_1_55' title="bbox 115 2357 1746 2396; baseline -0.001 -9"><span class='ocrx_word' id='word_1_552' title='bbox 115 2365 194 2396; x_wconf 80' lang='lat' dir='ltr'><strong>pacta</strong></span> <span class='ocrx_word' id='word_1_553' title='bbox 210 2358 301 2386; x_wconf 87' lang='lat' dir='ltr'><strong>omnia</strong></span> <span class='ocrx_word' id='word_1_554' title='bbox 316 2359 466 2390; x_wconf 82' lang='lat' dir='ltr'><strong>sociorum,</strong></span> <span class='ocrx_word' id='word_1_555' title='bbox 480 2362 508 2385; x_wconf 91' lang='lat' dir='ltr'><strong>et</strong></span> <span class='ocrx_word' id='word_1_556' title='bbox 521 2357 640 2385; x_wconf 82' lang='lat' dir='ltr'><strong>hostium</strong></span> <span class='ocrx_word' id='word_1_557' title='bbox 661 2357 751 2390; x_wconf 85' lang='lat' dir='ltr'><strong>vires;</strong></span> <span class='ocrx_word' id='word_1_558' title='bbox 777 2365 857 2393; x_wconf 89' lang='lat' dir='ltr'><strong>quem</strong></span> <span class='ocrx_word' id='word_1_559' title='bbox 873 2357 967 2385; x_wconf 78' lang='lat' dir='ltr'><strong>Veneti</strong></span> <span class='ocrx_word' id='word_1_560' title='bbox 985 2357 1125 2392; x_wconf 76' lang='grc' dir='ltr'>φιλόκαλοι</span> <span class='ocrx_word' id='word_1_561' title='bbox 1139 2357 1210 2384; x_wconf 78' lang='lat' dir='ltr'><strong>velut</strong></span> <span class='ocrx_word' id='word_1_562' title='bbox 1224 2357 1390 2390; x_wconf 84' lang='lat' dir='ltr'><strong>thesaurum,</strong></span> <span class='ocrx_word' id='word_1_563' title='bbox 1409 2357 1523 2392; x_wconf 81' lang='lat' dir='ltr'><strong>Egnatio</strong></span> <span class='ocrx_word' id='word_1_564' title='bbox 1537 2359 1706 2393; x_wconf 80' lang='lat' dir='ltr'><strong>perhibente,</strong></span> <span class='ocrx_word' id='word_1_565' title='bbox 1720 2359 1746 2386; x_wconf 93' lang='lat' dir='ltr'><strong>in</strong></span> 
     </span>
    </p>
   </div>
   <div class='ocr_carea' id='block_1_56' title="bbox 114 2400 1747 2436">
    <p class='ocr_par' dir='ltr' id='par_1_56' title="bbox 114 2400 1747 2436">
     <span class='ocr_line' id='line_1_56' title="bbox 114 2400 1747 2436; baseline 0 -6"><span class='ocrx_word' id='word_1_566' title='bbox 114 2403 278 2431; x_wconf 81' lang='lat' dir='ltr'><strong>bibliotheca</strong></span> <span class='ocrx_word' id='word_1_567' title='bbox 296 2409 343 2430; x_wconf 86' lang='lat' dir='ltr'><strong>sua</strong></span> <span class='ocrx_word' id='word_1_568' title='bbox 359 2402 453 2429; x_wconf 88' lang='lat' dir='ltr'><strong>sedulo</strong></span> <span class='ocrx_word' id='word_1_569' title='bbox 467 2405 640 2429; x_wconf 87' lang='lat' dir='ltr'><strong>conservant.</strong></span> <span class='ocrx_word' id='word_1_570' title='bbox 656 2400 728 2429; x_wconf 90' lang='lat' dir='ltr'><strong>ldetn</strong></span> <span class='ocrx_word' id='word_1_571' title='bbox 746 2402 868 2429; x_wconf 81' lang='lat' dir='ltr'><strong>Romano</strong></span> <span class='ocrx_word' id='word_1_572' title='bbox 878 2409 952 2428; x_wconf 87' lang='lat' dir='ltr'><strong>more</strong></span> <span class='ocrx_word' id='word_1_573' title='bbox 968 2408 1079 2429; x_wconf 87' lang='lat' dir='ltr'><strong>noverat</strong></span> <span class='ocrx_word' id='word_1_574' title='bbox 1091 2409 1203 2436; x_wconf 86' lang='lat' dir='ltr'><strong>parcere</strong></span> <span class='ocrx_word' id='word_1_575' title='bbox 1218 2402 1347 2435; x_wconf 80' lang='lat' dir='ltr'><strong>subjectis</strong></span> <span class='ocrx_word' id='word_1_576' title='bbox 1361 2407 1388 2429; x_wconf 92' lang='lat' dir='ltr'><strong>et</strong></span> <span class='ocrx_word' id='word_1_577' title='bbox 1403 2401 1542 2429; x_wconf 77' lang='lat' dir='ltr'><strong>debellare</strong></span> <span class='ocrx_word' id='word_1_578' title='bbox 1553 2402 1694 2436; x_wconf 84' lang='lat' dir='ltr'><strong>superbos.</strong></span> <span class='ocrx_word' id='word_1_579' title='bbox 1714 2403 1747 2430; x_wconf 82' lang='lat' dir='ltr'><strong>Et</strong></span> 
     </span>
    </p>
   </div>
   <div class='ocr_carea' id='block_1_57' title="bbox 115 2445 1746 2482">
    <p class='ocr_par' dir='ltr' id='par_1_57' title="bbox 115 2445 1746 2482">
     <span class='ocr_line' id='line_1_57' title="bbox 115 2445 1746 2482; baseline -0.001 -9"><span class='ocrx_word' id='word_1_580' title='bbox 115 2453 142 2475; x_wconf 86' lang='grc' dir='ltr'><strong>ιιι</strong></span> <span class='ocrx_word' id='word_1_581' title='bbox 158 2449 184 2475; x_wconf 92' lang='lat' dir='ltr'><strong>in</strong></span> <span class='ocrx_word' id='word_1_582' title='bbox 199 2447 294 2482; x_wconf 88' lang='lat' dir='ltr'><strong>primis</strong></span> <span class='ocrx_word' id='word_1_583' title='bbox 307 2446 442 2480; x_wconf 85' lang='lat' dir='ltr'><strong>justitiam</strong></span> <span class='ocrx_word' id='word_1_584' title='bbox 460 2445 544 2474; x_wconf 89' lang='lat' dir='ltr'><strong>coluit</strong></span> <span class='ocrx_word' id='word_1_585' title='bbox 560 2445 704 2480; x_wconf 75' lang='lat' dir='ltr'><strong>legumque</strong></span> <span class='ocrx_word' id='word_1_586' title='bbox 720 2446 827 2474; x_wconf 88' lang='lat' dir='ltr'><strong>silentia</strong></span> <span class='ocrx_word' id='word_1_587' title='bbox 850 2446 931 2480; x_wconf 88' lang='lat' dir='ltr'><strong>rtipit,</strong></span> <span class='ocrx_word' id='word_1_588' title='bbox 950 2446 985 2472; x_wconf 87' lang='lat' dir='ltr'><strong>ita</strong></span> <span class='ocrx_word' id='word_1_589' title='bbox 1004 2445 1137 2481; x_wconf 73' lang='lat' dir='ltr'><strong>llesythia</strong></span> <span class='ocrx_word' id='word_1_590' title='bbox 1151 2453 1198 2472; x_wconf 86' lang='lat' dir='ltr'><strong>seu</strong></span> <span class='ocrx_word' id='word_1_591' title='bbox 1214 2446 1305 2480; x_wconf 81' lang='lat' dir='ltr'><strong>quiete</strong></span> <span class='ocrx_word' id='word_1_592' title='bbox 1319 2446 1376 2480; x_wconf 78' lang='lat' dir='ltr'><strong>ejus</strong></span> <span class='ocrx_word' id='word_1_593' title='bbox 1395 2450 1470 2478; x_wconf 87' lang='lat' dir='ltr'><strong>nata,</strong></span> <span class='ocrx_word' id='word_1_594' title='bbox 1483 2446 1581 2481; x_wconf 78' lang='lat' dir='ltr'><strong>quippe</strong></span> <span class='ocrx_word' id='word_1_595' title='bbox 1597 2454 1657 2481; x_wconf 67' lang='lat' dir='ltr'><strong>qum</strong></span> <span class='ocrx_word' id='word_1_596' title='bbox 1671 2446 1746 2481; x_wconf 80' lang='grc' dir='ltr'>φιλό-</span> 
     </span>
    </p>
   </div>
   <div class='ocr_carea' id='block_1_58' title="bbox 114 2489 1746 2527">
    <p class='ocr_par' dir='ltr' id='par_1_58' title="bbox 114 2489 1746 2527">
     <span class='ocr_line' id='line_1_58' title="bbox 114 2489 1746 2527; baseline -0.001 -9"><span class='ocrx_word' id='word_1_597' title='bbox 114 2500 190 2527; x_wconf 71' lang='grc' dir='ltr'><strong>ςρων</strong></span> <span class='ocrx_word' id='word_1_598' title='bbox 205 2491 287 2523; x_wconf 75' lang='grc' dir='ltr'>Δίκας</span> <span class='ocrx_word' id='word_1_599' title='bbox 302 2491 428 2526; x_wconf 84' lang='grc' dir='ltr'><strong>θυγάτηρ</strong></span> <span class='ocrx_word' id='word_1_600' title='bbox 443 2498 457 2517; x_wconf 85' lang='lat' dir='ltr'><strong>a</strong></span> <span class='ocrx_word' id='word_1_601' title='bbox 476 2489 594 2518; x_wconf 84' lang='lat' dir='ltr'><strong>Pindaro</strong></span> <span class='ocrx_word' id='word_1_602' title='bbox 610 2490 773 2521; x_wconf 80' lang='lat' dir='ltr'><strong>celebratur,</strong></span> <span class='ocrx_word' id='word_1_603' title='bbox 785 2490 940 2517; x_wconf 72' lang='lat' dir='ltr'><strong>felicissime</strong></span> <span class='ocrx_word' id='word_1_604' title='bbox 956 2497 1021 2517; x_wconf 89' lang='lat' dir='ltr'><strong>usus</strong></span> <span class='ocrx_word' id='word_1_605' title='bbox 1037 2497 1069 2517; x_wconf 83' lang='lat' dir='ltr'><strong>ac</strong></span> <span class='ocrx_word' id='word_1_606' title='bbox 1084 2490 1185 2524; x_wconf 90' lang='lat' dir='ltr'><strong>potitus</strong></span> <span class='ocrx_word' id='word_1_607' title='bbox 1200 2495 1252 2523; x_wconf 89' lang='lat' dir='ltr'><strong>est,</strong></span> <span class='ocrx_word' id='word_1_608' title='bbox 1263 2495 1390 2524; x_wconf 76' lang='lat' dir='ltr'><strong>expertus</strong></span> <span class='ocrx_word' id='word_1_609' title='bbox 1402 2490 1484 2517; x_wconf 89' lang='lat' dir='ltr'><strong>etiam</strong></span> <span class='ocrx_word' id='word_1_610' title='bbox 1500 2498 1580 2524; x_wconf 88' lang='lat' dir='ltr'><strong>quam</strong></span> <span class='ocrx_word' id='word_1_611' title='bbox 1596 2498 1661 2518; x_wconf 87' lang='lat' dir='ltr'><strong>vere</strong></span> <span class='ocrx_word' id='word_1_612' title='bbox 1676 2490 1746 2517; x_wconf 79' lang='lat' dir='ltr'><strong>Pau-</strong></span> 
     </span>
    </p>
   </div>
   <div class='ocr_carea' id='block_1_59' title="bbox 115 2533 865 2569">
    <p class='ocr_par' dir='ltr' id='par_1_59' title="bbox 115 2533 865 2569">
     <span class='ocr_line' id='line_1_59' title="bbox 115 2533 865 2569; baseline 0 -10"><span class='ocrx_word' id='word_1_613' title='bbox 115 2535 206 2561; x_wconf 75' lang='lat' dir='ltr'><strong>sanias</strong></span> <span class='ocrx_word' id='word_1_614' title='bbox 221 2535 330 2567; x_wconf 79' lang='lat' dir='ltr'><strong>dixerit,</strong></span> <span class='ocrx_word' id='word_1_615' title='bbox 347 2534 378 2561; x_wconf 79' lang='grc' dir='ltr'><strong>τὸ</strong></span> <span class='ocrx_word' id='word_1_616' title='bbox 393 2535 426 2561; x_wconf 84' lang='grc' dir='ltr'><strong>ὲκ</strong></span> <span class='ocrx_word' id='word_1_617' title='bbox 440 2533 509 2561; x_wconf 81' lang='grc' dir='ltr'><strong>Θεοῦ</strong></span> <span class='ocrx_word' id='word_1_618' title='bbox 526 2533 641 2568; x_wconf 76' lang='grc' dir='ltr'><strong>εὐμενὲς</strong></span> <span class='ocrx_word' id='word_1_619' title='bbox 655 2533 703 2560; x_wconf 81' lang='grc' dir='ltr'><strong>ἐπὶ</strong></span> <span class='ocrx_word' id='word_1_620' title='bbox 720 2534 804 2560; x_wconf 73' lang='grc' dir='ltr'><strong>’παντὶ</strong></span> <span class='ocrx_word' id='word_1_621' title='bbox 820 2534 865 2569; x_wconf 65' lang='grc' dir='ltr'><strong>ὲργ</strong></span> 
     </span>
    </p>
   </div>
   <div class='ocr_carea' id='block_1_60' title="bbox 994 2533 1744 2569">
    <p class='ocr_par' dir='ltr' id='par_1_60' title="bbox 1001 2533 1744 2569">
     <span class='ocr_line' id='line_1_60' title="bbox 1001 2533 1744 2569; baseline 0.001 -9"><span class='ocrx_word' id='word_1_622' title='bbox 1001 2533 1152 2569; x_wconf 70' lang='grc' dir='ltr'><strong>ῥᾳστώνην.</strong></span> <span class='ocrx_word' id='word_1_623' title='bbox 1168 2533 1228 2560; x_wconf 88' lang='lat' dir='ltr'><strong>Non</strong></span> <span class='ocrx_word' id='word_1_624' title='bbox 1247 2538 1288 2560; x_wconf 84' lang='lat' dir='ltr'><strong>est</strong></span> <span class='ocrx_word' id='word_1_625' title='bbox 1303 2533 1384 2567; x_wconf 72' lang='lat' dir='ltr'><strong>igitur</strong></span> <span class='ocrx_word' id='word_1_626' title='bbox 1398 2534 1469 2568; x_wconf 89' lang='lat' dir='ltr'><strong>quod</strong></span> <span class='ocrx_word' id='word_1_627' title='bbox 1483 2534 1604 2561; x_wconf 89' lang='lat' dir='ltr'><strong>dubitem</strong></span> <span class='ocrx_word' id='word_1_628' title='bbox 1625 2541 1658 2561; x_wconf 79' lang='lat' dir='ltr'><strong>no</strong></span> <span class='ocrx_word' id='word_1_629' title='bbox 1677 2535 1744 2562; x_wconf 78' lang='lat' dir='ltr'><strong>tanti</strong></span> 
     </span>
    </p>
   </div>
   <div class='ocr_carea' id='block_1_61' title="bbox 115 2577 865 2614">
    <p class='ocr_par' dir='ltr' id='par_1_61' title="bbox 115 2578 865 2614">
     <span class='ocr_line' id='line_1_61' title="bbox 115 2578 865 2614; baseline -0.001 -10"><span class='ocrx_word' id='word_1_630' title='bbox 115 2578 286 2612; x_wconf 83' lang='lat' dir='ltr'><strong>imperatoris</strong></span> <span class='ocrx_word' id='word_1_631' title='bbox 300 2578 439 2605; x_wconf 78' lang='grc' dir='ltr'>πολιτικὸν</span> <span class='ocrx_word' id='word_1_632' title='bbox 457 2578 633 2614; x_wconf 80' lang='grc' dir='ltr'><strong>σύγγραμμα.</strong></span> <span class='ocrx_word' id='word_1_633' title='bbox 651 2578 697 2605; x_wconf 88' lang='lat' dir='ltr'><strong>tibi</strong></span> <span class='ocrx_word' id='word_1_634' title='bbox 717 2578 752 2604; x_wconf 92' lang='lat' dir='ltr'><strong>sit</strong></span> <span class='ocrx_word' id='word_1_635' title='bbox 772 2578 865 2604; x_wconf 80' lang='grc' dir='ltr'><strong>καταθι</strong></span> 
     </span>
    </p>
   </div>
   <div class='ocr_carea' id='block_1_62' title="bbox 995 2577 1745 2614">
    <p class='ocr_par' dir='ltr' id='par_1_62' title="bbox 995 2577 1745 2613">
     <span class='ocr_line' id='line_1_62' title="bbox 995 2577 1745 2613; baseline 0.004 -10"><span class='ocrx_word' id='word_1_636' title='bbox 995 2583 1073 2604; x_wconf 58' lang='grc' dir='ltr'>’διιιιη</span> <span class='ocrx_word' id='word_1_637' title='bbox 1092 2582 1120 2605; x_wconf 88' lang='lat' dir='ltr'><strong>et</strong></span> <span class='ocrx_word' id='word_1_638' title='bbox 1138 2582 1300 2612; x_wconf 89' lang='lat' dir='ltr'><strong>acceptum;</strong></span> <span class='ocrx_word' id='word_1_639' title='bbox 1324 2577 1400 2612; x_wconf 85' lang='lat' dir='ltr'><strong>cujus</strong></span> <span class='ocrx_word' id='word_1_640' title='bbox 1420 2578 1512 2605; x_wconf 88' lang='lat' dir='ltr'><strong>divino</strong></span> <span class='ocrx_word' id='word_1_641' title='bbox 1531 2578 1641 2613; x_wconf 77' lang='lat' dir='ltr'><strong>ingenio</strong></span> <span class='ocrx_word' id='word_1_642' title='bbox 1656 2579 1745 2606; x_wconf 73' lang='lat' dir='ltr'><strong>consi-</strong></span> 
     </span>
    </p>
   </div>
   <div class='ocr_carea' id='block_1_63' title="bbox 150 2663 1746 2701">
    <p class='ocr_par' dir='ltr' id='par_1_63' title="bbox 150 2663 1746 2701">
     <span class='ocr_line' id='line_1_63' title="bbox 150 2663 1746 2701; baseline -0.001 -8"><span class='ocrx_word' id='word_1_643' title='bbox 150 2665 190 2701; x_wconf 89' lang='lat' dir='ltr'><strong>(a)</strong></span> <span class='ocrx_word' id='word_1_644' title='bbox 210 2665 314 2698; x_wconf 87' lang='lat' dir='ltr'><strong>Quibus</strong></span> <span class='ocrx_word' id='word_1_645' title='bbox 330 2669 404 2701; x_wconf 78' lang='lat' dir='ltr'><strong>certe</strong></span> <span class='ocrx_word' id='word_1_646' title='bbox 420 2665 578 2701; x_wconf 63' lang='lat' dir='ltr'><strong>lueenrnon</strong></span> <span class='ocrx_word' id='word_1_647' title='bbox 593 2665 717 2701; x_wconf 70' lang='lat' dir='ltr'><strong>exiguam</strong></span> <span class='ocrx_word' id='word_1_648' title='bbox 735 2663 833 2701; x_wconf 63' lang='lat' dir='ltr'><strong>afferre</strong></span> <span class='ocrx_word' id='word_1_649' title='bbox 849 2671 898 2701; x_wconf 74' lang='lat' dir='ltr'><strong>po-</strong></span> <span class='ocrx_word' id='word_1_650' title='bbox 950 2664 1012 2692; x_wconf 88' lang='lat' dir='ltr'><strong>belli</strong></span> <span class='ocrx_word' id='word_1_651' title='bbox 1033 2665 1059 2691; x_wconf 90' lang='lat' dir='ltr'><strong>in</strong></span> <span class='ocrx_word' id='word_1_652' title='bbox 1080 2664 1247 2701; x_wconf 80' lang='lat' dir='ltr'><strong>bibliotheca</strong></span> <span class='ocrx_word' id='word_1_653' title='bbox 1264 2664 1649 2701; x_wconf 74' lang='lat' dir='ltr'><strong>(IhristianissimiGallorum</strong></span> <span class='ocrx_word' id='word_1_654' title='bbox 1671 2665 1746 2699; x_wconf 73' lang='lat' dir='ltr'><strong>regis</strong></span> 
     </span>
    </p>
   </div>
   <div class='ocr_carea' id='block_1_64' title="bbox 114 2699 1744 2734">
    <p class='ocr_par' dir='ltr' id='par_1_64' title="bbox 114 2699 1744 2734">
     <span class='ocr_line' id='line_1_64' title="bbox 114 2699 1744 2734; baseline -0.002 -5"><span class='ocrx_word' id='word_1_655' title='bbox 114 2699 212 2729; x_wconf 77' lang='lat' dir='ltr'><strong>luisset</strong></span> <span class='ocrx_word' id='word_1_656' title='bbox 225 2702 310 2727; x_wconf 81' lang='lat' dir='ltr'><strong>codex</strong></span> <span class='ocrx_word' id='word_1_657' title='bbox 323 2707 375 2727; x_wconf 86' lang='lat' dir='ltr'><strong>ms.</strong></span> <span class='ocrx_word' id='word_1_658' title='bbox 389 2700 423 2727; x_wconf 88' lang='lat' dir='ltr'><strong>de</strong></span> <span class='ocrx_word' id='word_1_659' title='bbox 438 2699 533 2728; x_wconf 80' lang='lat' dir='ltr'><strong>ciliciis</strong></span> <span class='ocrx_word' id='word_1_660' title='bbox 550 2699 648 2734; x_wconf 81' lang='lat' dir='ltr'><strong>palatii</strong></span> <span class='ocrx_word' id='word_1_661' title='bbox 659 2700 716 2726; x_wconf 89' lang='lat' dir='ltr'><strong>sive</strong></span> <span class='ocrx_word' id='word_1_662' title='bbox 728 2699 795 2726; x_wconf 75' lang='lat' dir='ltr'><strong>nube</strong></span> <span class='ocrx_word' id='word_1_663' title='bbox 807 2699 897 2734; x_wconf 65' lang='lat' dir='ltr'><strong>Cpoli.</strong></span> <span class='ocrx_word' id='word_1_664' title='bbox 948 2700 1084 2727; x_wconf 82' lang='lat' dir='ltr'><strong>asservari</strong></span> <span class='ocrx_word' id='word_1_665' title='bbox 1108 2700 1269 2734; x_wconf 72' lang='lat' dir='ltr'><strong>intelligam,</strong></span> <span class='ocrx_word' id='word_1_666' title='bbox 1299 2705 1327 2727; x_wconf 93' lang='lat' dir='ltr'><strong>et</strong></span> <span class='ocrx_word' id='word_1_667' title='bbox 1343 2700 1416 2726; x_wconf 84' lang='lat' dir='ltr'><strong>aliud</strong></span> <span class='ocrx_word' id='word_1_668' title='bbox 1442 2700 1468 2727; x_wconf 89' lang='lat' dir='ltr'><strong>in</strong></span> <span class='ocrx_word' id='word_1_669' title='bbox 1498 2700 1661 2727; x_wconf 83' lang='lat' dir='ltr'><strong>bibliotheca</strong></span> <span class='ocrx_word' id='word_1_670' title='bbox 1688 2701 1744 2726; x_wconf 80' lang='lat' dir='ltr'><strong>Au-</strong></span> 
     </span>
    </p>
   </div>
   <div class='ocr_carea' id='block_1_65' title="bbox 112 2734 1745 2776">
    <p class='ocr_par' dir='ltr' id='par_1_65' title="bbox 112 2734 1745 2776">
     <span class='ocr_line' id='line_1_65' title="bbox 112 2734 1745 2776; baseline -0.001 -13"><span class='ocrx_word' id='word_1_671' title='bbox 112 2741 194 2776; x_wconf 65' lang='lat' dir='ltr'><strong>tamp,</strong></span> <span class='ocrx_word' id='word_1_672' title='bbox 208 2734 286 2776; x_wconf 63' lang='lat' dir='ltr'><strong>cuius</strong></span> <span class='ocrx_word' id='word_1_673' title='bbox 304 2741 366 2776; x_wconf 60' lang='lat' dir='ltr'><strong>eum</strong></span> <span class='ocrx_word' id='word_1_674' title='bbox 382 2741 433 2769; x_wconf 74' lang='lat' dir='ltr'><strong>ego</strong></span> <span class='ocrx_word' id='word_1_675' title='bbox 444 2740 506 2776; x_wconf 64' lang='lat' dir='ltr'><strong>apte</strong></span> <span class='ocrx_word' id='word_1_676' title='bbox 520 2742 606 2776; x_wconf 75' lang='lat' dir='ltr'><strong>annos</strong></span> <span class='ocrx_word' id='word_1_677' title='bbox 624 2735 844 2776; x_wconf 38' lang='lat' dir='ltr'><strong>circiter-viginti</strong></span> <span class='ocrx_word' id='word_1_678' title='bbox 860 2735 896 2776; x_wconf 53' lang='lat' dir='ltr'><strong>ei:</strong></span> <span class='ocrx_word' id='word_1_679' title='bbox 948 2740 1063 2776; x_wconf 76' lang='lat' dir='ltr'><strong>gustapa</strong></span> <span class='ocrx_word' id='word_1_680' title='bbox 1080 2739 1190 2762; x_wconf 77' lang='lat' dir='ltr'><strong>exstare</strong></span> <span class='ocrx_word' id='word_1_681' title='bbox 1202 2735 1298 2766; x_wconf 82' lang='lat' dir='ltr'><strong>sciam,</strong></span> <span class='ocrx_word' id='word_1_682' title='bbox 1314 2735 1382 2761; x_wconf 87' lang='lat' dir='ltr'><strong>bona</strong></span> <span class='ocrx_word' id='word_1_683' title='bbox 1395 2742 1456 2776; x_wconf 74' lang='lat' dir='ltr'><strong>spes</strong></span> <span class='ocrx_word' id='word_1_684' title='bbox 1473 2743 1515 2775; x_wconf 78' lang='lat' dir='ltr'><strong>me</strong></span> <span class='ocrx_word' id='word_1_685' title='bbox 1531 2735 1611 2776; x_wconf 67' lang='lat' dir='ltr'><strong>habet</strong></span> <span class='ocrx_word' id='word_1_686' title='bbox 1625 2735 1745 2776; x_wconf 83' lang='lat' dir='ltr'><strong>t&#39;ore_ali-</strong></span> 
     </span>
    </p>
   </div>
   <div class='ocr_carea' id='block_1_66' title="bbox 112 2768 1741 2805">
    <p class='ocr_par' dir='ltr' id='par_1_66' title="bbox 112 2768 1741 2805">
     <span class='ocr_line' id='line_1_66' title="bbox 112 2768 1741 2805; baseline -0.001 -7"><span class='ocrx_word' id='word_1_687' title='bbox 112 2779 139 2800; x_wconf 89' lang='lat' dir='ltr'><strong>v.</strong></span> <span class='ocrx_word' id='word_1_688' title='bbox 157 2768 299 2798; x_wconf 84' lang='lat' dir='ltr'><strong>.loachimo</strong></span> <span class='ocrx_word' id='word_1_689' title='bbox 316 2768 443 2805; x_wconf 81' lang='lat' dir='ltr'><strong>Hoppero</strong></span> <span class='ocrx_word' id='word_1_690' title='bbox 457 2769 565 2805; x_wconf 74' lang='lat' dir='ltr'><strong>Belgieo</strong></span> <span class='ocrx_word' id='word_1_691' title='bbox 582 2770 608 2797; x_wconf 90' lang='lat' dir='ltr'><strong>in</strong></span> <span class='ocrx_word' id='word_1_692' title='bbox 631 2768 767 2804; x_wconf 81' lang='lat' dir='ltr'><strong>Hispaniis</strong></span> <span class='ocrx_word' id='word_1_693' title='bbox 780 2768 896 2803; x_wconf 33' lang='lat' dir='ltr'><strong>’prmsidi</strong></span> <span class='ocrx_word' id='word_1_694' title='bbox 948 2770 1055 2805; x_wconf 79' lang='lat' dir='ltr'><strong>quando</strong></span> <span class='ocrx_word' id='word_1_695' title='bbox 1074 2775 1101 2796; x_wconf 93' lang='lat' dir='ltr'><strong>ut</strong></span> <span class='ocrx_word' id='word_1_696' title='bbox 1121 2776 1168 2796; x_wconf 89' lang='lat' dir='ltr'><strong>aut</strong></span> <span class='ocrx_word' id='word_1_697' title='bbox 1187 2777 1244 2796; x_wconf 89' lang='lat' dir='ltr'><strong>mea</strong></span> <span class='ocrx_word' id='word_1_698' title='bbox 1260 2775 1317 2801; x_wconf 88' lang='lat' dir='ltr'><strong>aut,</strong></span> <span class='ocrx_word' id='word_1_699' title='bbox 1336 2768 1414 2803; x_wconf 81' lang='lat' dir='ltr'><strong>quod</strong></span> <span class='ocrx_word' id='word_1_700' title='bbox 1426 2778 1479 2797; x_wconf 92' lang='lat' dir='ltr'><strong>non</strong></span> <span class='ocrx_word' id='word_1_701' title='bbox 1499 2771 1654 2801; x_wconf 82' lang='lat' dir='ltr'><strong>inviderim.</strong></span> <span class='ocrx_word' id='word_1_702' title='bbox 1671 2770 1741 2796; x_wconf 86' lang='lat' dir='ltr'><strong>alte-</strong></span> 
     </span>
    </p>
   </div>
   <div class='ocr_carea' id='block_1_67' title="bbox 112 2803 1745 2841">
    <p class='ocr_par' dir='ltr' id='par_1_67' title="bbox 112 2803 1745 2841">
     <span class='ocr_line' id='line_1_67' title="bbox 112 2803 1745 2841; baseline 0 -8"><span class='ocrx_word' id='word_1_703' title='bbox 112 2807 216 2841; x_wconf 87' lang='lat' dir='ltr'><strong>copiani</strong></span> <span class='ocrx_word' id='word_1_704' title='bbox 234 2803 469 2841; x_wconf 32' lang='lat' dir='ltr'><strong>fecissemf,’per‘iit</strong></span> <span class='ocrx_word' id='word_1_705' title='bbox 489 2803 553 2831; x_wconf 78' lang='lat' dir='ltr'><strong>mihi</strong></span> <span class='ocrx_word' id='word_1_706' title='bbox 571 2812 623 2841; x_wconf 82' lang='lat' dir='ltr'><strong>una</strong></span> <span class='ocrx_word' id='word_1_707' title='bbox 645 2803 705 2841; x_wconf 85' lang='lat' dir='ltr'><strong>cuin</strong></span> <span class='ocrx_word' id='word_1_708' title='bbox 725 2805 829 2841; x_wconf 79' lang='lat' dir='ltr'><strong>optimo</strong></span> <span class='ocrx_word' id='word_1_709' title='bbox 851 2804 898 2841; x_wconf 79' lang='lat' dir='ltr'><strong>illo</strong></span> <span class='ocrx_word' id='word_1_710' title='bbox 950 2803 1005 2831; x_wconf 72' lang='lat' dir='ltr'><strong>rius</strong></span> <span class='ocrx_word' id='word_1_711' title='bbox 1018 2804 1134 2839; x_wconf 74' lang='lat' dir='ltr'><strong>alicujus</strong></span> <span class='ocrx_word' id='word_1_712' title='bbox 1146 2812 1228 2841; x_wconf 77' lang='lat' dir='ltr'><strong>opera</strong></span> <span class='ocrx_word' id='word_1_713' title='bbox 1243 2805 1442 2841; x_wconf 81' lang='lat' dir='ltr'><strong>auctorisimul</strong></span> <span class='ocrx_word' id='word_1_714' title='bbox 1455 2810 1482 2831; x_wconf 86' lang='lat' dir='ltr'><strong>et</strong></span> <span class='ocrx_word' id='word_1_715' title='bbox 1496 2805 1612 2841; x_wconf 80' lang='lat' dir='ltr'><strong>sibi&#39;bae</strong></span> <span class='ocrx_word' id='word_1_716' title='bbox 1624 2805 1649 2831; x_wconf 91' lang='lat' dir='ltr'><strong>in</strong></span> <span class='ocrx_word' id='word_1_717' title='bbox 1666 2809 1745 2839; x_wconf 78' lang='lat' dir='ltr'><strong>parte</strong></span> 
     </span>
    </p>
   </div>
   <div class='ocr_carea' id='block_1_68' title="bbox 112 2838 1681 2876">
    <p class='ocr_par' dir='ltr' id='par_1_68' title="bbox 112 2838 1681 2876">
     <span class='ocr_line' id='line_1_68' title="bbox 112 2838 1681 2876; baseline -0.003 -6"><span class='ocrx_word' id='word_1_718' title='bbox 112 2838 325 2876; x_wconf 66' lang='lat' dir='ltr'><strong>doctissimoque</strong></span> <span class='ocrx_word' id='word_1_719' title='bbox 341 2838 410 2869; x_wconf 76' lang='lat' dir='ltr'><strong>viro.</strong></span> <span class='ocrx_word' id='word_1_720' title='bbox 427 2838 493 2867; x_wconf 87' lang='lat' dir='ltr'><strong>Cum</strong></span> <span class='ocrx_word' id='word_1_721' title='bbox 507 2843 597 2868; x_wconf 83' lang='lat' dir='ltr'><strong>tamen</strong></span> <span class='ocrx_word' id='word_1_722' title='bbox 611 2839 778 2875; x_wconf 69' lang='grc' dir='ltr'><strong>ἀντίγραφον</strong></span> <span class='ocrx_word' id='word_1_723' title='bbox 791 2839 851 2875; x_wconf 70' lang='lat' dir='ltr'><strong>eius</strong></span> <span class='ocrx_word' id='word_1_724' title='bbox 866 2839 896 2867; x_wconf 89' lang='lat' dir='ltr'><strong>li-</strong></span> <span class='ocrx_word' id='word_1_725' title='bbox 947 2840 1132 2868; x_wconf 71' lang='lat' dir='ltr'><strong>subveniatur.</strong></span> <span class='ocrx_word' id='word_1_726' title='bbox 1148 2839 1313 2874; x_wconf 65' lang='lat' dir='ltr'><strong>VULCANIUE,</strong></span> <span class='ocrx_word' id='word_1_727' title='bbox 1326 2840 1370 2868; x_wconf 80' lang='lat' dir='ltr'><strong>ubi</strong></span> <span class='ocrx_word' id='word_1_728' title='bbox 1385 2841 1452 2868; x_wconf 71' lang='lat' dir='ltr'><strong>notis</strong></span> <span class='ocrx_word' id='word_1_729' title='bbox 1466 2841 1521 2867; x_wconf 70' lang='lat' dir='ltr'><strong>suis</strong></span> <span class='ocrx_word' id='word_1_730' title='bbox 1537 2839 1681 2875; x_wconf 76' lang='lat' dir='ltr'><strong>pmfazur.</strong></span> 
     </span>
    </p>
   </div>
  </div>
