1899 3060
146 147 178 180 l3
709 149 913 181 VARIORUM
926 149 1207 181 PREFATIONES.
1733 148 1766 181 ιι

144 205 244 239 lioque,
261 204 424 233 felicissimis
448 206 558 234 Henrici
579 205 624 238 ιν,
643 206 716 241 regis
728 205 966 236 Christianissimi.
987 205 1171 238 invictissimi,
1191 205 1562 240 clementissim..auspiciis,
1583 213 1651 232 nttnr'
1672 206 1693 232 si
1712 206 1767 233 ullo

143 256 262 281 unquam
279 256 348 282 aevo,
368 250 439 284 apud
453 249 547 277 Gallos
566 257 724 278 sermonum
741 254 795 277 stat
812 250 897 277 honos
910 254 938 278 et
953 250 1041 285 gratia
1055 250 1144 277 vivax.
1162 250 1244 278 Duret
1263 251 1290 278 in
1307 250 1414 285 longum
1429 257 1561 285 generosa
1576 250 1615 276 vis
1631 250 1674 276 illa
1691 250 1767 284 φιλο-

142 292 222 326 λόγος
234 293 281 319 καὶ
295 292 468 328 εὐεργετική.
482 293 556 326 Tibi,
573 294 720 322 cardinalis
737 293 930 325 illusuissime,
949 293 982 321 de
995 293 1131 328 republica
1144 293 1312 326 Christiana,
1327 293 1424 328 patria,
1443 293 1540 321 litteris
1552 294 1654 328 optime
1671 293 1768 321 metito

142 336 209 368 Θεδς
223 335 301 363 δλὸια
310 336 368 372 δοίη
383 338 439 368 καὶ,
458 334 489 364 οὗ
504 337 536 363 σὺ
551 338 627 372 ἐρᾷς,
644 337 673 364 τὸ
686 338 787 372 τυχεῖν.
803 336 892 365 Βθηε‹

620 357 627 369 ,
644 337 673 364 τὸ
686 338 787 372 τυχεῖν.
803 336 875 365 Bene
887 337 988 371 diuque
998 337 1067 371 vale,
1080 337 1210 373 ἀρχιερεῦ
1225 337 1366 364 όσιώτατε.

320 379 433 408 Lutetia:
448 380 614 408 Parisiorum
630 381 721 409 ldibtts
734 381 822 408 .Iuniis
838 382 870 408 Δ.
883 380 914 409 C.
928 380 1009 409 1609.

444 515 592 543 MEURS"
610 513 804 542 ΡΠΑΞΓΑΤΙΟ
821 514 917 542 LIBRI
939 513 986 541 DE
1006 513 1307 541 ADMINISTRlem
1321 513 1484 541 lJlPEllIO.

286 575 405 611 Benigne
424 575 532 608 Lector.

178 621 353 656 Compellabo
369 624 394 647 te
412 620 456 647 hie
471 620 497 646 in
513 619 619 652 limine,
640 619 688 647 sed
705 619 808 654 paucis.
829 619 928 653 Accipe
943 618 1164 651 Constantinum,
1180 623 1208 646 et
1226 625 1275 653 pro
1292 617 1436 649 beneﬂcio.
1453 618 1476 646 si
1489 625 1542 646 non
1558 619 1771 654 gratiam,certe

144 666 265 693 levorem
282 665 373 692 redde.
389 663 462 691 Nihil
480 668 580 699 praeter
595 665 676 692 istum
693 668 776 698 peto;
794 670 880 697 neque
898 663 983 698 magis
1001 663 1028 690 in
1048 663 1160 698 proclivi
1176 662 1322 697 quidquam
1338 664 1385 689 tibi
1403 663 1479 690 dare.
1499 663 1577 692 Scias
1593 669 1684 692 autem
1699 666 1771 693 unde

145 710 273 737 habeam.
287 708 420 743 Descripsi
435 712 498 734 ante
512 713 630 742 quatuor
643 714 729 734 annos
743 714 776 734 ex
787 707 880 734 codice
891 706 937 741 qui
949 712 991 734 est
1003 707 1029 734 in
1041 706 1206 734 bibliotheca
1219 706 1340 734 Palatina
1354 711 1381 733 et
1396 706 1510 735 Joannis
1523 707 1651 742 Baptista:
1663 707 1770 744 Egnatii

144 754 207 780 olim
223 753 309 780 fuisse
325 753 493 788 perhibetur.
512 752 565 778 Sed
579 758 665 786 neque
679 750 907 778 dissimulandum
925 750 968 777 hic
983 757 1084 778 censeo
1099 757 1179 784 quam
1196 750 1310 777 multum
1325 750 1375 777 hoc
1388 750 1446 785 ipso
1461 751 1571 779 nomine
1583 751 1696 779 debeam
1711 752 1771 779 viro

144 797 323 833 amplissimo,
341 795 459 830 Georgio
474 795 685 829 Lingelshemio,
700 793 865 821 serenissimi
879 793 1004 820 elcetoris
1017 793 1185 825 consiliario,
1200 794 1246 828 qui
1263 798 1292 820 ut
1307 794 1333 820 in
1353 793 1458 821 litteras
1475 799 1503 822 et
1522 794 1654 824 litteratos
1675 803 1771 824 omnes

144 847 171 868 et
186 842 211 868 in
230 847 273 867 me
292 839 418 874 privatim
438 838 546 873 egregie
562 837 677 864 allectus
691 842 744 869 est,
757 844 865 863 omnem
885 837 956 863 Illam
975 837 1213 864 instructissimum
1232 837 1424 865 bibliothecam
1439 845 1488 872 pro
1502 839 1616 867 arbitrio
1631 839 1764 866 tractandi

144 885 250 913 veniam
265 883 331 910 mihi
348 891 361 909 a
378 882 500 917 principe
513 889 563 908 suo
580 881 745 915 impetravit.
767 881 837 914 Quin
858 880 976 909 accessit
993 881 1045 908 lntc
1060 887 1169 915 quoque
1189 881 1304 908 comitas
1322 888 1347 909 v.
1362 888 1387 908 c.
1403 880 1462 909 .lani
1479 881 1599 914 Grnteri,
1621 882 1679 917 ejus
1699 890 1771 917 prze~

144 929 221 961 lecti,
237 935 285 962 per
300 935 378 961 quem
396 926 465 953 liber
482 925 548 952 mihi
566 925 689 960 quotidie
703 925 737 952 ad
754 931 813 951 eam
830 931 957 951 accessus
973 924 1071 958 patuit.
1089 924 1148 957 Quo
1167 925 1299 952 benelicio
1318 925 1386 952 adeo
1404 932 1450 952 me
1464 925 1572 960 quidem
1587 931 1701 961 uterque
1717 927 1772 954 sibi

143 971 264 1000 devinxit
280 975 309 997 ut
323 970 430 1006 publice
443 969 469 996 id
486 969 529 996 hic
547 969 727 1003 prolitendum
742 968 968 996 existimaverit».
992 968 1050 1003 Ago
1063 968 1147 1002 Igitur
1160 969 1262 1002 gratias
1275 976 1342 1003 quas
1358 976 1469 1003 possum
1486 969 1638 1003 maximas;
1656 977 1724 1004 quas
1740 974 1768 997 tu

143 1022 250 1051 quoque
264 1022 328 1050 agas
344 1014 418 1045 licet,
438 1012 573 1047 siquidem
586 1012 677 1047 operis
697 1011 778 1046 hujus
791 1011 912 1039 editione
927 1011 1042 1046 gratiam
1060 1020 1075 1039 ιι
1094 1016 1120 1039 te
1135 1011 1216 1039 ullam
1235 1019 1285 1047 ego
1303 1012 1378 1039 inivi.
1396 1011 1452 1040 Hoc
1468 1012 1591 1040 volebam
1607 1014 1715 1042 ueseins
1735 1021 1770 1041 ne

143 1067 228 1087 esses.
247 1057 310 1086 Vale
325 1062 363 1090 et,
380 1057 503 1092 quisquis
517 1064 557 1090 es,
574 1056 753 1084 aaternitatem
771 1055 870 1090 cogita.

332 1193 392 1224 EX
411 1190 624 1223 BANDURII
640 1189 697 1220 DE
720 1189 903 1221 IMPERIO
923 1190 1001 1222 SUO
1022 1191 1261 1223 ORIENTALI
1281 1191 1579 1224 PR/EFATIONE.

181 1267 270 1294 Prima
287 1271 374 1302 parte,
391 1267 417 1293 in
435 1273 487 1300 qua
505 1265 538 1292 dc
558 1265 689 1293 divisione
707 1265 908 1300 provinciarum
930 1264 1037 1299 imperii
1054 1265 1169 1293 Romani
1192 1266 1219 1292 iu
1239 1267 1371 1299 themata.
1396 1274 1501 1295 necnon
1519 1267 1553 1295 de
1573 1267 1722 1302 provinciis
1738 1275 1770 1295 se

145 1312 259 1338 urbibus
272 1310 429 1345 imperatori
441 1309 586 1344 Cpolitano
600 1309 666 1336 olim
683 1309 827 1343 subjectis,
844 1309 1002 1336 continetur
1014 1307 1186 1336 Constantini
1203 1308 1428 1345 Porphyrogeniti
1447 1310 1514 1338 liber
1533 1318 1601 1337 uitus
1616 1312 1649 1338 de
1667 1313 1771 1338 thema-

145 1354 217 1381 tibus
228 1353 348 1381 Orientis
366 1358 394 1380 et
407 1353 476 1380 alter
493 1353 528 1380 de
544 1352 710 1380 thematibus
721 1352 888 1384 Occidentis,
910 1359 1015 1380 necnon
1039 1352 1171 1380 Hieroclis
1197 1353 1374 1381 Grammatici
1396 1353 1589 1394 Sytieedetiitrs.
1614 1354 1662 1382 llis
1680 1360 1771 1382 autem

145 1399 251 1426 dnolnts
265 1398 342 1425 libris
357 1397 606 1433 Porpltyrogenitus
620 1397 655 1423 ita
673 1397 792 1424 themata
804 1396 935 1424 describit
950 1397 1026 1431 (olim
1039 1397 1139 1432 quippe
1151 1397 1222 1432 θέμα
1237 1398 1308 1424 idem
1325 1398 1399 1432 quod
1409 1398 1481 1433 legio
1496 1398 1655 1430 dicabatur;
1673 1399 1771 1426 deinde

145 1442 251 1477 θέματα
270 1441 409 1477 appellatae
423 1440 580 1476 provincizc,
596 1440 622 1467 in
640 1439 739 1475 quibus
757 1439 877 1474 legiones
892 1440 919 1467 in
938 1441 1073 1476 praesidiis
1087 1442 1181 1470 locata:
1198 1442 1289 1478 erant)
1304 1448 1332 1469 ut
1347 1447 1434 1470 terras
1449 1443 1475 1470 in
1492 1443 1590 1478 quibus
1607 1444 1692 1470 locata
1710 1444 1772 1471 lite-

147 1491 219 1519 runt,
240 1488 362 1521 adeoque
375 1485 488 1521 popttlos
501 1485 599 1520 quibus
614 1485 713 1520 partim
728 1485 890 1520 cognomina
911 1493 960 1513 sua
977 1486 1141 1518 debuerunt,
1159 1487 1270 1514 insertis
1286 1487 1494 1522 antiquitatibus
1512 1488 1770 1523 narratioutbnsquo

145 1531 229 1557 variis
242 1533 447 1556 commemoret.
466 1528 547 1556 Liber
560 1529 636 1564 prior
650 1529 676 1555 in
691 1528 813 1561 Oriente,
833 1529 859 1555 id
880 1534 932 1560 est,
951 1529 978 1556 in
999 1529 1065 1557 Asia
1080 1537 1142 1558 cum
1164 1530 1263 1558 minori
1285 1535 1341 1558 tum
1362 1531 1445 1558 etiam
1469 1531 1576 1565 majori.
1594 1532 1729 1565 posterior
1744 1532 1770 1558 in

144 1575 302 1607 Occidente,
320 1573 345 1601 id
355 1578 407 1603 est.
425 1574 451 1600 in
464 1573 578 1608 Europre
594 1572 752 1608 provinciis,
770 1571 899 1606 Thracia,
921 1571 1089 1607 Macedonia,
1105 1573 1226 1606 Hellade,
1242 1573 1430 1609 Peloponneso
1447 1579 1474 1602 et
1488 1574 1624 1602 nonnullis
1642 1575 1702 1602 aliis
1719 1575 1771 1601 im-

146 1618 222 1653 perio
235 1617 378 1653 Cpolitano
389 1616 518 1651 subjectis
534 1617 610 1649 locis,
629 1617 750 1644 themata
764 1616 964 1651 complectitur.
979 1616 1081 1645 Horum
1096 1617 1214 1652 priorem
1228 1617 1378 1645 Vulcanius
1394 1618 1496 1653 primus
1510 1619 1608 1653 publici
1624 1618 1694 1652 juris
1706 1618 1770 1646 fecit

145 1671 178 1689 ex
191 1671 238 1690 sua
252 1662 427 1692 bibliotheca,
444 1661 538 1688 Latina
553 1662 680 1690 versione
696 1666 723 1689 et
737 1661 810 1689 notis
824 1661 995 1689 brevioribus
1013 1660 1188 1691 illustratum,
1203 1660 1325 1696 Lugduni
1344 1661 1517 1693 Batavorum,
1532 1669 1579 1696 per
1594 1661 1769 1689 Fftlnt'isl'lllll

146 1706 412 1741 liaphelengium,A.
428 1705 510 1737 l588.
524 1706 604 1733 ill-8‘.
622 1706 720 1733 lterum
734 1705 834 1740 prodiit
845 1705 914 1732 idem
929 1705 998 1732 liber
1008 1713 1070 1732 cum
1086 1705 1167 1732 variis
1183 1705 1354 1737 lectionibus,
1370 1706 1605 1733 cmemlationibus
1619 1713 1649 1733 ac
1660 1706 1770 1742 supple—

147 1751 247 1778 mentis
260 1757 292 1777 ει
314 1758 365 1777 ms.
384 1749 478 1777 codice
491 1749 588 1784 Regio,
604 1750 694 1777 studio
715 1757 748 1776 ac
761 1757 844 1784 opera
859 1749 983 1776 Federici
1004 1748 1118 1781 Morelli,
1132 1749 1158 1775 in
1173 1748 1302 1782 operibus
1320 1748 1493 1776 Constantini
1512 1749 1591 1776 editis
1606 1749 1717 1780 ibidem.
1736 1757 1771 1776 et

145 1794 250 1822 oﬂicina
266 1794 446 1825 Elzeviriaua,
462 1796 493 1820 A.
514 1793 593 1824 1617,
610 1793 697 1821 iit—8°.
711 1792 832 1820 Alterum
851 1798 914 1819 vero
937 1792 1160 1827 Porphyrogeniti
1183 1791 1294 1823 librum.
1310 1791 1438 1818 nimirum
1454 1792 1488 1819 de
1506 1792 1671 1820 thematibus
1692 1792 1772 1819 Occi-

145 1839 248 1871 dentis,
263 1838 334 1865 idem
349 1837 477 1865 Morellus
492 1838 597 1872 primus
607 1837 693 1864 edidit
707 1844 740 1864 ex
757 1836 850 1864 codice
866 1843 917 1864 ms.
932 1835 1103 1863 bibliothecae
1119 1836 1209 1871 Regia!
1219 1843 1280 1863 eum
1298 1834 1393 1863 Latina
1403 1836 1629 1871 interpretatione
1643 1844 1675 1864 ac
1690 1838 1770 1869 notis,

147 1885 173 1909 in
189 1883 319 1917 operibus
335 1882 517 1913 Constantini,
531 1882 641 1908 laudato
654 1881 722 1908 loco.
741 1879 818 1907 Hune
834 1884 924 1907 autent
943 1884 1091 1914 utrumque
1103 1879 1329 1915 Porphyrogeniti
1347 1879 1454 1911 librttm.
1467 1880 1500 1907 ad
1514 1880 1699 1907 illustramlam
1713 1888 1771 1908 rem

147 1927 324 1962 Byzantinam
339 1926 586 1961 pernecessarium,
600 1925 728 1952 collatum
745 1932 809 1951 cum
823 1924 919 1951 codice
936 1931 989 1952 ms.
1008 1923 1094 1955 Regio
1111 1924 1273 1959 bombycino
1288 1933 1315 1952 ιι.
1331 1924 1413 1956 2451,
1432 1929 1495 1952 ante
1508 1925 1671 1960 quingentos
1686 1932 1773 1952 annos

147 1971 255 1998 rircitcr
270 1972 381 2005 scripto,
399 1971 442 1997 hie
457 1978 518 1997 cum
543 1975 636 1997 nostra
660 1969 753 1996 Latina
776 1969 1002 2003 interpr-elatione
1017 1973 1044 1994 ct
1060 1967 1342 1995 animadversionibus
1365 1968 1537 1995 emendatum
1555 1976 1586 1994 ac
1604 1968 1770 1996 illustratum

148 2016 246 2042 iterum
263 2015 452 2049 proponimus,
470 2018 611 2048 sperantes
628 2013 691 2040 inde
706 2012 809 2046 aliquid
824 2012 892 2038 lucis
907 2017 934 2038 et
949 2011 1089 2038 historicis
1103 2016 1131 2038 et
1146 2011 1308 2047 geographis
1324 2018 1510 2039 accessurum.

186 2058 267 2084 Parte
284 2062 374 2085 autem
390 2058 507 2085 secunda
526 2057 642 2084 habetur
658 2057 793 2090 imprimis
808 2056 877 2082 liber
891 2055 1062 2082 Constantini
1076 2054 1302 2089 Porphyrogeniti
1318 2055 1351 2081 ad
1366 2054 1519 2081 Romanum
1534 2055 1637 2088 lilium;
1652 2055 1699 2090 qui
1712 2054 1774 2089 qui-

149 2101 210 2128 dem
225 2109 239 2127 a
260 2101 377 2128 Meursio
392 2100 470 2127 titulo
488 2100 527 2127 De
544 2099 760 2126 administrando
776 2099 888 2133 imperio
902 2098 1028 2125 donatur.
1050 2098 1079 2123 In
1101 2097 1153 2124 hoc
1175 2102 1266 2125 autem
1288 2105 1382 2132 opere,
1407 2098 1470 2124 dum
1497 2097 1602 2133 imperii
1626 2099 1774 2133 prudenter

149 2144 360 2172 adtninistrandi
379 2145 511 2170 rationem
530 2143 684 2178 praescribit
701 2141 962 2177 Porphyrogenitus,
981 2140 1158 2176 plurimarum
1175 2141 1296 2176 gentium
1310 2148 1373 2176 qua
1383 2141 1528 2177 Cpolitauo
1544 2142 1657 2176 imperio
1677 2142 1774 2170 formi-

148 2188 253 2217 dabiles
267 2192 355 2220 erant,
373 2187 615 2219 Patzinacitarum,
625 2186 786 2218 Rnssorum,
797 2185 986 2220 Bolgarorum.
1002 2183 1164 2216 Turcarum,
1180 2184 1393 2217 Saracenorum,
1408 2184 1606 2218 Dalmatarum,
1620 2185 1774 2213 Chrobato-

149 2241 220 2265 rum,
237 2231 391 2263 Slavorutn,
409 2230 589 2262 Francorum.
607 2230 736 2258 Italorum
753 2235 779 2257 et
795 2229 923 2260 aliorum.
942 2232 1039 2260 terras,
1054 2228 1185 2263 origines.
1199 2235 1288 2256 mores
1301 2232 1328 2256 et
1342 2235 1417 2264 gesta
1430 2229 1571 2261 describit,
1588 2229 1624 2256 ita
1645 2233 1674 2257 ιιι
1696 2229 1722 2256 in
1741 2236 1775 2256 eo

149 2284 285 2305 summam
303 2275 387 2302 totius
403 2275 522 2310 imperii,
541 2274 678 2302 sociorum
694 2273 816 2300 omnium
835 2272 950 2305 hedera,
967 2271 1085 2300 hostium
1100 2272 1184 2304 vires,
1199 2272 1329 2305 rationes,
1344 2272 1458 2300 consilia
1478 2273 1670 2307 explicaverit;
1692 2277 1775 2308 atque

150 2322 218 2348 adeo
230 2320 322 2354 operis
337 2319 417 2353 hujus
428 2322 620 2353 argumentum
631 2322 686 2345 tam
699 2317 858 2345 historicum
869 2323 951 2352 quam
963 2315 1103 2351 politicum
1116 2320 1168 2347 est.
1182 2320 1211 2342 ut
1223 2315 1320 2351 ipsein
1331 2316 1466 2350 prooemio
1477 2316 1555 2344 doch
1565 2317 1772 2345 Constantinus.

151 2365 252 2392 Prodiit
269 2364 386 2398 primum
401 2363 452 2390 hoc
470 2369 539 2397 opus
556 2361 652 2389 Graece
665 2365 693 2388 et
706 2361 801 2389 Latine
813 2360 963 2395 interprete
979 2358 1018 2387 lo.
1035 2359 1153 2388 Μαιηίο
1168 2365 1195 2387 et
1209 2367 1270 2387 eum
1286 2360 1346 2396 ejus
1362 2361 1434 2388 notis
1449 2360 1632 2392 brevioribus,
1651 2360 1765 2396 Lugdun

152 2410 327 2439 Batmornm.
347 2407 384 2434 lo.
398 2406 519 2434 Baldnini
534 2405 615 2442 typis,
631 2405 699 2432 Lud.
718 2404 841 2433 Elzevirii
858 2403 1000 2439 impensis,
1019 2403 1051 2432 Δ,
1067 2403 1147 2437 ΙΕΠ,
1169 2404 1250 2432 ιιι-ευ.
1270 2404 1356 2438 Quam
1375 2410 1466 2432 autem
1490 2405 1547 2439 ipse
1569 2411 1680 2438 operam
1701 2404 1774 2431 Con-

151 2453 270 2481 stantino
285 2452 441 2478 naruverim
458 2451 484 2477 in
508 2450 558 2477 hac
576 2457 644 2477 nova
661 2448 793 2479 editione,
810 2447 873 2475 licet
888 2447 998 2481 planum
1014 2447 1051 2474 sit
1063 2447 1087 2474 ei
1110 2447 1157 2482 qui
1173 2453 1316 2482 utramque
1339 2448 1456 2475 invicem
1478 2447 1635 2479 contulerit,
1655 2448 1774 2475 breviter

151 2502 242 2524 tamen
258 2502 403 2530 exponam.
423 2493 559 2528 imprimis
583 2498 686 2520 textum
708 2491 832 2519 Graecum
854 2490 958 2518 contuli
981 2498 1042 2517 cum
1062 2491 1159 2519 codice
1173 2499 1224 2519 ms.
1254 2491 1465 2519 tuembranaceo
1488 2491 1658 2518 bibliotheca
1682 2490 1774 2526 Regia:

151 2540 259 2575 optimae
275 2544 358 2570 notae,
376 2547 402 2565 ιι.
418 2537 499 2571 2661,
518 2545 596 2572 quem
615 2537 694 2564 annis
711 2536 811 2564 abhinc
825 2535 935 2577 circiter
949 2533 1104 2569 quingentis
1121 2534 1252 2569 scriptqu
1268 2534 1351 2561 luisse
1366 2534 1451 2577 aiunt.
1467 2533 1681 2577 Innumerabiles
1695 2541 1773 2560 men-

152 2587 213 2616 das,
231 2584 329 2618 quibus
346 2582 498 2610 Menrsiana
515 2581 599 2608 editio
619 2580 741 2614 undique
754 2575 887 2608 scatebat.
904 2578 1080 2610 sustulimus;
1097 2577 1154 2605 loca
1177 2581 1302 2612 corrupta
1319 2584 1351 2604 ac
1370 2576 1476 2610 mutila,
1492 2583 1552 2611 quas
1566 2575 1681 2611 plurima
1694 2581 1773 2604 erant

152 2627 179 2654 in
193 2632 267 2653 textu
280 2625 374 2653 Grzeco
385 2626 469 2656 edito,
486 2631 518 2651 ex
534 2623 628 2651 eodem
642 2631 694 2650 ms.
710 2622 794 2657 Regio
808 2622 980 2648 sarcivirnus.
995 2620 1131 2648 Prmterea
1147 2626 1226 2655 caput
1238 2620 1274 2647 25
1287 2621 1320 2647 de
1330 2619 1416 2647 Iberia
1431 2624 1458 2647 et
1471 2619 1506 2646 ει
1517 2620 1550 2646 de
1565 2619 1704 2654 Hispania,
1714 2627 1775 2655 qua:

151 2669 286 2696 Meursius
301 2673 392 2702 utpote
406 2667 488 2694 nimis
502 2672 640 2700 corrupta.
657 2669 686 2692 ut
704 2668 762 2701 ipse
776 2666 801 2692 in
824 2666 895 2691 uotis
908 2664 957 2696 ait,
974 2664 1033 2691 sine
1053 2665 1282 2699 interpretatione
1299 2663 1397 2690 Latina
1418 2662 1577 2698 reliquerat.
1597 2662 1693 2690 Latina
1711 2662 1775 2690 feci-

152 2721 223 2740 mus.
239 2711 360 2746 Denique
374 2711 525 2738 versionem
540 2711 623 2737 totius
636 2709 698 2736 libri
719 2709 813 2736 multis
826 2709 852 2736 iu
870 2709 936 2735 locis
943 2708 1159 2740 emendavimus,
1176 2707 1314 2741 auximus,
1328 2711 1469 2742 totumque
1480 2713 1549 2742 opus
1560 2706 1776 2734 animadversio-

152 2757 232 2783 nibus
248 2754 452 2782 illustravimns.
466 2753 567 2787 Quanti
579 2757 669 2781 autem
686 2753 837 2780 iaciendum
850 2753 885 2780 sit
901 2753 952 2780 hoc
967 2752 1193 2788 Porphyrogeniti
1206 2760 1284 2787 opus,
1300 2753 1328 2780 in
1340 2760 1394 2789 quo
1406 2753 1522 2789 plurima
1538 2753 1676 2780 habentur
1690 2753 1776 2780 histo-

152 2800 216 2828 ricis
230 2806 262 2826 ac
274 2797 436 2834 geographia
450 2797 492 2825 vel
506 2797 597 2832 ignota
614 2797 657 2824 vel
673 2797 707 2824 ab
721 2797 761 2825 eis
776 2797 886 2825 silentio
901 2797 1096 2830 pratermissa,
1113 2803 1193 2824 nemo
1207 2797 1250 2826 vel
1264 2797 1438 2826 mediocriter
1451 2798 1547 2825 doctus
1564 2798 1679 2833 ignorat.
