1899 3060
119 130 160 173 '15
680 138 882 169 mutorum
899 138 918 166 P

984 135 1180 166 FATIONES.
1238 164 1246 170 ,
1713 132 1746 163 l5

833 287 1041 317 MONITUM.

156 371 229 398 Libri
244 370 280 397 [te
296 369 464 397 thematibus
484 370 568 403 partis
590 369 703 397 alterius
720 368 844 395 recensio
856 376 927 395 nova
943 367 1077 403 't'ubingaa
1092 369 1192 402 prudiit
1206 376 1277 394 anno
1296 367 1365 394 18.57
1381 366 1434 393 sub
1445 366 1606 403 Ιιοειιιιιιο]
1621 367 1755 403 (lauslau-

120 408 191 433 tinus
216 405 456 439 Porpltyrogmitus
479 401 511 431 de
533 405 674 438 provinciis
695 404 767 438 regni
788 403 942 438 Byzantini.
968 401 1047 429 Liber
1061 401 1201 430 secundus.
1222 402 1472 439 Europnadrredit
1486 401 1617 439 appendix
1639 402 1756 439 aliorum

120 436 279 473 libellorum,
295 436 363 466 cum»
379 439 507 471 civilium,
525 436 581 466 tum
605 436 859 469 ecclesiasticarum,
873 443 986 465 veterem
1001 439 1188 472 geographiam
1206 447 1266 464 cum
1285 436 1754 473 media.imprimisﬁyzaminn,il-

118 471 310 503 lustrantiuin.
329 473 412 501 Novis
424 475 496 501 curis
514 475 596 501 edidit
613 474 807 508 epistolamque
825 474 946 508 criticum
962 471 1091 506 prteittisit
1107 473 1263 507 Theophilus
1273 473 1337 499 Luc.
1353 471 1507 508 Friilgricm
1526 472 1610 508 Tit/id.
1624 472 1678 504 phil
1693 471 1753 508 μγ.

121 512 178 538 tiu.
191 511 275 544 antiq.
294 509 320 535 in
338 518 392 544 reg.
411 509 587 536 Unit-ersilate
603 506 808 544 Tubingensi'l‘.
833 508 863 534 P.
882 507 928 544 9.,
946 507 1110 544 Monacensis
1122 506 1397 544 iAcdderiniinrisodrilis,
1416 507 1554 544 Societati
1568 506 1759 541 Gcographirtu

126 541 347 579 Francofurtensi
367 541 512 578 inscriptus.
530 545 659 579 Tubingrz
670 541 698 570 iii
710 543 863 577 bibliopalio
881 542 988 579 Henrici
1003 542 1103 579 Laupp.
1116 543 1141 579 Μ
1149 543 1288 579 ῡςαυμ
1296 542 1361 574 VII,
1376 543 1415 579 4f.
1432 557 1466 579 —_-
1484 541 1755 579 I’rml'ationctn_upu-

128 581 206 607 sculo
220 576 400 615 prtctnissam,
413 576 474 614 qua:
489 576 664 607 Constantini
678 578 902 615 rlibrumegt'cgie
919 578 1053 615 illustrat,
1063 578 1235 615 exhibemus.
1248 578 1304 615 Jan-
1317 577 1534 615 superioritomo
1548 576 1758 615 observationes

126 611 253 650 ejusdcm
274 614 306 640 ad
324 621 402 641 usum
423 611 547 642 nostrum
565 614 750 641 derivavitnus
764 613 808 640 ubi
820 611 1089 640 Vchtadiodrotnico
1105 612 1259 647 Byzantino
1276 611 1399 640 Cretensi
1414 613 1503 647 agitur
1518 612 1582 647 (col.
1603 611 1693 646 1251).

161 747 331 775 Constantini
357 750 505 775 Ihematum
531 747 742 782 (provinciarum
764 748 837 783 regni
862 747 912 782 ΒΥ·
926 750 950 779 Α
966 747 1100 778 Rhodum,
1129 746 1255 773 hostibus
1277 745 1428 780 expositus,
1452 751 1537 779 quare
1560 751 1615 771 uno
1637 744 1758 770 themate

128 794 242 829 :antini)
259 793 366 820 libellus
385 794 451 820 duas
469 794 550 820 habet
570 798 671 828 partes,
691 801 804 828 quarum
824 799 913 828 poste-

130 839 229 866 riorem
254 838 416 874 (Europam)
439 839 514 865 novis
533 839 606 866 curis
628 840 654 866 in
673 839 759 866 lucem
777 839 912 873 publicam

128 884 286 911 emittimus.
320 883 424 910 Titulus
452 883 573 917 opusculi
594 888 658 910 est:
678 882 731 909 Τοῦ
755 884 913 917 σοφωτάτου

128 929 259 964 βασιλέως
281 929 486 956 Κωνσταντίνου
505 929 553 956 τοῦ
576 930 834 965 Πορφυρογεννὴτου
850 930 916 965 περὶ

127 975 181 1001 τῶν
195 975 331 1010 Θεμάτων,
348 974 402 1001 τῶν
418 975 575 1008 ἀνηκόντων
591 975 625 1009 τῇ
642 975 764 1010 βασιλείᾳ
779 974 831 1001 τῶν
850 975 917 1001 Ῥω-

130 1021 228 1056 μαίων,
239 1021 322 1047 πόθεν
338 1020 417 1054 ἔσχον
431 1020 480 1051 τὰς
499 1019 659 1054 ὀνομασίας,
670 1020 718 1046 καὶ
731 1020 757 1046 τί
769 1020 918 1054 σημαίνου-

128 1074 171 1092 σιν
185 1067 211 1092 αἱ
223 1065 325 1092 τούτων
337 1065 530 1101 προσηγορίαι,
544 1066 592 1092 καὶ
606 1064 688 1091 ὄτιτὰ
700 1065 750 1100 μὲν
762 1065 853 1092 αὐτῶν
867 1066 919 1101 ἀρ-

134 1109 272 1145 χαΐζηυσι,
292 1110 328 1136 τὰ
349 1110 378 1136 δὲ
404 1110 468 1136 νέαν
484 1110 633 1145 ἐκτήσαντο
653 1110 702 1145 τὴν
720 1110 917 1146 προσηγορίαν.

168 1155 297 1189 Sequitur
311 1153 444 1189 praefatio,
462 1154 489 1180 in
501 1161 554 1188 qua
573 1154 719 1188 imperator
734 1162 763 1181 se
776 1156 917 1189 expositus

133 1209 192 1229 rum
221 1200 374 1236 pollicetur,
402 1201 472 1227 unde
491 1200 610 1235 Θέματος
632 1200 815 1227 denominatio
846 1201 917 1228 deri-

133 1248 219 1274 vanda
236 1247 289 1280 sit;
301 1254 355 1281 quo
368 1253 429 1273 cum
444 1246 579 1281 promisso
590 1253 643 1273 non
657 1247 767 1274 stetisse
784 1247 915 1274 videmus.

131 1293 226 1329 Neque
242 1294 313 1320 enim
332 1292 406 1319 aliud
430 1297 533 1324 narrat,
552 1292 603 1319 nisi
624 1293 674 1319 hoc
692 1291 699 1320 Ξ
723 1292 844 1327 legiones
864 1293 916 1320 Ro-

133 1345 274 1365 manorum
290 1338 324 1365 ab
335 1337 406 1365 Julio
421 1336 529 1364 Caesare
545 1337 578 1363 ad
591 1336 777 1364 Theodosium
795 1344 880 1371 usque
892 1341 919 1363 et

131 1385 249 1419 reliquos
265 1384 445 1419 imperatores
458 1382 631 1409 Christianos
647 1382 756 1409 nomina
774 1389 788 1409 e
802 1382 918 1408 nationi-

965 792 1210 824 circumscribitur,
1224 799 1279 818 non
1301 791 1387 817 multo
1398 790 1542 824 pluribus?
1556 790 1670 824 Ipseque
1692 789 1755 815 Ilie-

967 838 1064 869 roclcs,
1084 837 1240 864 Justiuiauo
1256 838 1389 867 lcoawus,
1405 836 1495 862 Asiam
1506 835 1652 866 Minorem,
1664 844 1678 861 a
1694 834 1758 860 Bar-

966 885 1041 911 baris
1057 885 1175 910 nondum
1200 884 1330 914 accisam,
1351 883 1377 909 in
1395 882 1550 917 provincias
1570 881 1646 916 longe
1666 881 1758 915 plures

967 930 1122 964 distinguit,
1141 937 1222 964 quam
1234 931 1351 963 scriptor
1368 934 1461 955 noster
1476 933 1652 962 purpuratus.
1675 926 1756 959 Quid,

967 975 1039 1009 quod
1064 980 1186 1009 tempore
1210 974 1343 1001 Manuclis
1363 974 1537 1008 imperatoris
1560 973 1649 999 omnis
1671 972 1758 998 ferme

969 1020 1086 1047 Thracia
1110 1028 1163 1047 uno
1181 1020 1299 1047 themate
1322 1020 1518 1053 comprehensa
1545 1025 1605 1045 esse
1629 1018 1758 1044 videtur?

968 1065 1105 1093 Craterum
1121 1067 1178 1101 ipse
1195 1066 1262 1092 libcr
1279 1066 1394 1099 primus,
1411 1065 1533 1099 exceptis
1549 1063 1653 1098 paucis,
1671 1063 1757 1089 multo

971 1111 1068 1138 melius
1084 1119 1113 1138 se
1134 1111 1224 1144 habet,
1251 1118 1332 1145 quam
1353 1110 1504 1141 secundus;
1533 1109 1558 1136 id
1580 1109 1652 1143 quod
1670 1109 1760 1135 OllllllS

970 1161 1061 1183 nostra
1076 1157 1201 1183 tractatio
1212 1157 1240 1183 in
1255 1155 1406 1182 clarissima
1420 1155 1478 1181 luce
1492 1154 1646 1181 collocabil.

1004 1201 1082 1228 Liber
1095 1204 1205 1237 primus,
1224 1202 1317 1229 Oriens
1335 1209 1358 1229 s.
1375 1202 1453 1228 Asia.
1470 1201 1673 1228 Enumerantur
1687 1199 1760 1226 XVII

968 1249 1114 1282 provincia:
1126 1257 1149 1276 s.
1167 1249 1285 1275 themata
1298 1249 1409 1275 totidem
1426 1248 1572 1282 capitibus.
1589 1248 1618 1274 1.
1635 1247 1760 1273 Anatoli-

969 1300 1042 1320 cutn.
1061 1293 1088 1319 2.
1113 1293 1315 1319 Armeniacum.
1341 1293 1367 1319 5.
1392 1291 1612 1320 'l’hraccsiorum.
1637 1292 1664 1318 ὁ.
1679 1291 1760 1325 Opsi-

971 1339 1053 1364 ciunt.
1067 1337 1094 1364 5.
1114 1337 1293 1371 Optimatum.
1309 1337 1335 1364 ε.
1354 1337 1578 1364 Bucellariorum.
1598 1337 1624 1363 7.
1642 1336 1761 1371 Paphla-

972 1383 1062 1418 gonia.
1077 1383 1104 1409 8.
1120 1383 1243 1410 Chaldia.
1259 1383 1287 1410 9.
1305 1383 1508 1417 Mesopotamia.
1525 1383 1568 1410 10.
1580 1382 1701 1409 Colonia.
1716 1383 1760 1409 il.

131 1430 183 1456 bus
197 1429 240 1456 vel
253 1428 361 1455 aliunde
376 1428 459 1462 petita
476 1427 614 1459 habuisse,
631 1426 710 1461 cujus
721 1426 844 1461 exempla
857 1426 908 1453 all'e
938 1426 957 1453 Β
974 1428 1110 1455 Seltastia.
1126 1427 1168 1454 12.
1181 1427 1334 1471 Lycaudus.
1350 1428 1393 1455 15.
1407 1427 1539 1454 Seleucia.
1556 1428 1598 1455 IL.
1610 1428 1762 1462 Cibyrrzeo-

135 1479 247 1505 runtur;
265 1474 372 1508 istoque
389 1479 447 1499 aevo
463 1472 643 1506 imperatores
658 1479 752 1498 curam
771 1472 832 1499 belli
851 1472 922 1506 ipsos

131 1519 351 1547 administrasse.
372 1517 409 1544 Ea
427 1518 572 1544 immutata
589 1525 648 1544 esse
665 1518 727 1544 inde
747 1518 780 1545 ab
800 1517 924 1545 Heraclio

136 1568 309 1602 imperatore.
320 1566 358 1592 Eo
370 1570 490 1598 tempore
498 1564 583 1591 accidi
595 1564 661 1592 lines
673 1565 780 1599 imperii
789 1565 922 1599 coepisse;

139 1613 203 1638 hinc
217 1611 291 1646 ipsas
303 1617 411 1644 quoque
423 1609 577 1643 provincias
598 1614 762 1642 contractas,
775 1614 800 1636 el
815 1610 924 1637 numina

136 1657 229 1684 Graeca
250 1664 297 1690 pro
315 1655 419 1683 Latinis
439 1662 486 1690 per
506 1653 706 1682 aﬂectationem
726 1655 829 1687 electa;
850 1654 921 1689 Οὲμα

138 1709 201 1729 vero
216 1709 230 1728 a
247 1709 311 1728 voce
325 1701 398 1731 θέσις
412 1700 588 1728 descendere.

175 1747 201 1774 Id
217 1746 384 1781 pratiatiouis
400 1752 603 1780 argumentum,
614 1754 666 1772 non
686 1745 768 1772 aliud.
779 1745 840 1779 Quo
853 1746 924 1773 enim

139 1793 259 1828 ﬁépavo;
279 1792 319 1819 vis
334 1796 360 1819 et
372 1799 468 1818 sensus
482 1792 573 1818 tendat
595 1791 676 1826 (ιμιςὶο
700 1790 811 1826 ejusque
830 1792 924 1823 sedes,

139 1838 160 1866 ἰ.
183 1846 208 1866 e.
222 1836 381 1873 provincia),
395 1837 445 1864 hoc
460 1837 578 1864 meliusa
589 1837 626 1863 Du
642 1836 743 1870 Cangio
758 1844 781 1864 s.
792 1845 817 1863 ν.
832 1837 926 1864 edoce-

141 1891 211 1916 mur,
240 1891 321 1917 quam
348 1883 382 1909 ab
405 1882 463 1917 ipso
491 1883 664 1916 imperatore.
699 1882 802 1909 Revera
835 1887 925 1909 autem

139 1927 433 1963 Coustantinopolitani
472 1927 663 1962 imperatores,
695 1927 833 1963 Byzantini
867 1931 928 1960 post

148 1975 333 2007 Ilteodosiunt,
360 1981 412 2001 non
441 1972 544 2004 Latini,
565 1972 657 2000 Graeca
688 1972 777 2008 lingua
796 1980 848 2000 suo
868 1971 927 2003 iure

139 2021 296 2051 utebantur.
319 2019 382 2046 talia
408 2019 593 2054 incogitanter
614 2019 654 2046 vel
676 2026 724 2053 per
742 2018 925 2045 adulationem

139 2066 310 2100 improbante
324 2064 470 2091 Laurentio
482 2063 569 2099 Lydo,
578 2063 672 2091 Graeco
684 2064 828 2099 scriptore,
841 2063 925 2091 Justi-

141 2110 213 2137 uiani
228 2109 238 2136 ι
252 2110 320 2144 itup.
337 2116 438 2141 coaevo,
455 2109 481 2135 in
496 2109 565 2136 libro
581 2108 619 2135 De
642 2109 845 2144 magistratibus
863 2108 924 2141 Ill,

141 2154 189 2186 68;
204 2161 307 2181 morem
320 2161 383 2181 vero
397 2153 579 2187 antiquiorem
591 2153 671 2180 iidem
687 2161 740 2181 non
754 2154 923 2188 abiecerunt,

142 2204 168 2226 ct
183 2198 318 2233 legionum
339 2205 448 2224 suarum
467 2198 575 2224 nomina
594 2205 610 2225 θ
624 2199 772 2233 provinciis
795 2199 926 2226 maximo-

138 2252 207 2279 pere
231 2245 391 2273 hauserunt.
418 2243 488 2270 ttnde
517 2243 617 2270 milites
646 2243 822 2277 cogebantur,
849 2251 927 2270 usum

142 2290 192 2317 aevi
212 2289 254 2316 sui
270 2293 346 2316 recte
362 2292 509 2319 sectantes,
529 2295 580 2313 non
599 2288 709 2320 prioris.
733 2287 802 2320 Quid
823 2287 930 2314 multa?

139 2334 293 2370 Imperator
307 2333 476 2360 orthodoxus
492 2332 582 2366 carpit
599 2331 762 2364 Ileraclium,
780 2340 862 2358 unum
880 2340 930 2358 an-

142 2386 320 2410 tecessorum,
331 2376 433 2412 optime
447 2377 481 2403 de
496 2383 580 2411 regno
592 2377 716 2403 orientali
731 2376 868 2410 meritum,
882 2378 928 2404 sed

146 2427 236 2453 minus
259 2424 451 2452 orthodoxum.
481 2423 519 2450 De
547 2423 605 2457 ipso
625 2423 685 2450 libri
709 2429 878 2458 argumento,
902 2424 929 2450 id

142 2471 215 2506 quod
231 2469 466 2506 exspectabamus,
492 2475 541 2496 nec
560 2468 621 2496 vola
639 2476 688 2496 nec
707 2469 858 2504 vestigium.
880 2469 929 2497 Se—

142 2516 229 2543 cunda
240 2515 381 2550 scriptoris
395 2514 521 2542 socordia
535 2514 561 2541 in
577 2522 610 2542 eo
627 2519 763 2547 versatur,
778 2517 848 2549 quod
859 2516 928 2550 parti

142 2569 198 2589 sua:
215 2561 363 2597 primae(de
379 2560 492 2589 Oriente
504 2568 528 2588 s.
539 2560 613 2596 Asia)
642 2561 749 2588 titulum
766 2561 928 2596 peculiarem

143 2615 198 2635 non
218 2607 356 2641 imposuit,
382 2607 502 2635 secundo
519 2607 657 2641 imposuit.
674 2606 817 2634 Postremo
835 2614 884 2634 nec
898 2614 928 2633 ea

143 2654 252 2689 quidem
266 2653 334 2680 satis
351 2657 423 2680 recta
442 2657 516 2686 sunt,
534 2661 593 2688 quae
609 2653 642 2680 de
656 2653 758 2680 ambitu
774 2653 930 2688 provincia-

141 2707 203 2727 rum
227 2707 242 2726 a
262 2698 392 2726 Barbaris
420 2700 510 2727 acciso
535 2699 721 2734 perhibentur.
750 2699 930 2734 Imperatores

976 1479 1074 1500 tarum.
1093 1473 1135 1500 I5.
1154 1473 1267 1507 Cyprus.
1285 1474 1326 1500 Ui.
1351 1474 1458 1500 Samus.
1480 1475 1522 1500 Π.
1537 1474 1609 1500 Mare
1627 1473 1760 1508 Aigaaunt.

1008 1517 1123 1552 Jamque
1145 1519 1178 1545 de
1198 1519 1239 1545 his
1267 1520 1400 1552 capitibus
1420 1527 1567 1554 eorumque
1590 1524 1760 1554 argumenta.

975 1563 1046 1597 quod
1073 1563 1246 1590 multifariam
1274 1563 1425 1590 illustratur
1447 1564 1516 1591 libro
1545 1564 1583 1591 De
1609 1565 1761 1592 administr.

974 1610 1050 1643 imp.,
1067 1617 1128 1643 cap.
1147 1609 1193 1642 50ι
1223 1609 1258 1636 ob
1274 1609 1360 1637 solam
1377 1611 1559 1645 maximopere
1577 1612 1760 1645 comparatio-

977 1663 1050 1688 nem,
1071 1656 1142 1682 inter
1158 1656 1272 1690 primatu
1288 1661 1316 1683 et
1335 1657 1479 1683 secundam
1497 1661 1598 1691 partem
1616 1657 1762 1684 instituen-

975 1701 1048 1733 dam,
1057 1702 1179 1735 quredam
1189 1701 1346 1736 exponenda
1361 1706 1388 1729 et
1403 1701 1535 1728 mouenda
1553 1709 1614 1728 esse
1625 1702 1762 1729 videntur.

1012 1743 1131 1772 Primum
1152 1746 1249 1778 thema,
1271 1747 1449 1773 Anatolicum.
1472 1745 1509 1773 lta
1525 1747 1592 1779 dici,
1615 1748 1764 1782 imperator

976 1791 1024 1824 ait,
1043 1796 1166 1826 respectu
1187 1791 1301 1825 Europa:
1316 1791 1516 1826 Byzantiique;
1534 1797 1655 1827 respectu
1672 1792 1764 1820 Meso-

976 1837 1110 1873 potamia,
1120 1835 1216 1871 Syriae,
1226 1843 1293 1868 etc.,
1305 1837 1452 1871 nuncupari
1463 1836 1635 1864 Occidentale
1645 1839 1762 1865 medium

977 1884 1019 1919 (τὸ
1032 1883 1145 1909 Δυτικὺν
1161 1882 1255 1918 μέσον)
1267 1888 1292 1909 et
1303 1882 1395 1909 Asiam
1407 1882 1549 1910 Minorem.
1565 1883 1672 1910 Initium
1685 1885 1765 1911 habet

978 1929 1024 1962 (ita
1041 1927 1245 1962 Constantinus)
1262 1929 1295 1954 ab
1309 1927 1438 1961 oppidulo
1458 1927 1565 1962 Μηρός.
1582 1932 1609 1954 et
1629 1928 1653 1954 in
1672 1928 1761 1963 Iungi-

979 1974 1099 2001 tudinem
1115 1974 1286 2008 protenditur
1309 1981 1394 2008 usque
1412 1974 1446 2000 ad
1464 1978 1568 2000 montes
1586 1972 1713 2006 Isauriae;
1736 1974 1762 2000 in

977 2019 1150 2046 latitudinem
1168 2027 1183 2046 a
1199 2018 1309 2046 sinistra
1329 2019 1414 2054 tangit
1439 2017 1653 2046 Bucellariorunt
1672 2019 1764 2046 thema

977 2069 1004 2092 et
1017 2064 1226 2099 Cappadociam,
1242 2072 1257 2091 a
1278 2065 1372 2092 dextra
1395 2064 1524 2091 lsauriatn
1541 2069 1568 2091 et
1583 2064 1689 2091 iuitimn
1708 2065 1766 2092 the~

977 2110 1059 2137 matis
1075 2109 1314 2144 Cibyrraaotarum.
1334 2109 1531 2144 Complectitur
1551 2109 1671 2143 quinque
1687 2115 1764 2135 vetc-

977 2163 1036 2182 rmu
1067 2156 1234 2190 provincias,
1264 2163 1324 2189 quae
1349 2160 1413 2183 sunt
1441 2164 1448 2181 :
1477 2155 1592 2189 Phrygia
1619 2154 1765 2186 Salutaris,

977 2201 1125 2236 Lycaonia,
1141 2201 1256 2232 Isauria,
1269 2201 1442 2236 Pamphylia,
1454 2201 1566 2227 Pisidia.
1583 2201 1683 2226 Deinde
1697 2201 1765 2226 bona

978 2246 1101 2280 qumdam
1130 2245 1366 2280 intersperguntur
1392 2245 1425 2270 de
1455 2243 1586 2278 regimine
1612 2249 1639 2271 et
1669 2244 1766 2272 finibus

980 2290 1059 2323 hujus
1075 2290 1202 2316 thematis
1216 2294 1279 2315 ante
1299 2288 1455 2318 Arcadium.
1468 2288 1532 2314 item
1545 2289 1595 2315 sub
1608 2288 1684 2323 ipso;
1703 2290 1765 2316 hinc

979 2341 1040 2370 post
1062 2335 1230 2365 Mauricium,
1251 2334 1370 2361 instante
1390 2341 1447 2360 θενο
1469 2333 1678 2361 Saracenorum.
1709 2335 1765 2361 Ad-

980 2381 1081 2408 duntur
1103 2379 1225 2414 quazdam
1244 2379 1277 2406 de
1296 2379 1439 2406 Persarum
1456 2387 1513 2406 aevo
1532 2385 1558 2406 et
1575 2378 1762 2406 Macedonum.

1016 2425 1167 2453 Secundum
1182 2426 1280 2456 thema.
1297 2425 1492 2452 Armeniucum.
1512 2425 1701 2453 Denomiuatio
1724 2431 1765 2453 cst

981 2469 1139 2504 impropria,
1157 2476 1205 2496 nec
1220 2468 1344 2496 Heraclio
1359 2468 1423 2504 imp.
1436 2469 1548 2504 ejusque
1559 2470 1764 2497 successoribus

981 2516 1121 2545 vetustior.
1143 2515 1298 2550 Respondet
1318 2515 1493 2550 Cappadociae
1511 2520 1644 2548 veterum,
1667 2515 1764 2550 majOri

981 2568 1019 2588 sc.
1034 2561 1197 2595 minorique.
1211 2559 1357 2587 Justiniani
1371 2559 1380 2586 Ι
1393 2560 1498 2587 aliusve
1521 2559 1695 2595 imperatoris
1709 2568 1765 2587 ιιιιό

981 2605 1150 2640 Cappadocia
1166 2606 1298 2640 tripartita
1312 2613 1372 2633 esse
1387 2606 1484 2640 ctepit;
1500 2611 1526 2632 et
1544 2607 1667 2640 superior
1685 2614 1765 2640 parva

982 2653 1132 2683 dicebatur,
1150 2652 1236 2679 media
1257 2652 1449 2684 Charsiauum,
1472 2652 1606 2679 maritima
1626 2653 1766 2680 Armenia-

981 2705 1042 2726 cum
1058 2698 1104 2732 (ob
1119 2699 1253 2725 Armeniae
1270 2698 1420 2734 viciniam).
1438 2698 1517 2725 Varia
1538 2698 1574 2725 ibi
1590 2699 1765 2733 interponun-

142 2743 286 2780 Byzantini
299 2743 499 2780 provinciarum
517 2745 584 2772 lines
598 2750 626 2772 et
646 2745 753 2772 nomina
766 2752 816 2779 pro
827 2749 929 2778 tempo-
944 2753 967 2781 υ
982 2749 1026 2771 tur
1045 2744 1079 2772 de
1105 2745 1213 2779 antiqua
1235 2745 1412 2779 Cappadocia:
1441 2744 1564 2771 historia.
1590 2744 1657 2772 Iline
1684 2745 1764 2772 urbes

141 2797 201 2817 rum
219 2790 325 2817 ratione
336 2789 487 2823 mutabant,
499 2797 552 2817 non
565 2795 669 2817 tantum
682 2790 812 2818 bellorum
824 2791 928 2818 eventi-

142 2835 193 2865 bus
208 2836 284 2866 moti.
299 2836 331 2865 Et
345 2843 460 2873 ntagnus
478 2836 529 2865 iste
552 2841 655 2865 tractus
669 2836 791 2866 Ciliciam
811 2837 883 2865 inter
900 2842 927 2865 et

981 2790 1100 2825 potiores
1118 2790 1199 2817 totius
1211 2790 1384 2825 Cappadocia:
1399 2795 1427 2817 et
1446 2790 1575 2817 nobilium
1588 2791 1765 2825 quorumdam

982 2836 1171 2871 Cappadocum
1191 2837 1298 2864 nomina
1318 2840 1512 2864 memorantur.
