1899 3060
150 147 183 179 21
709 153 918 185 νλΒΙΟΙὶΙΙΜ
936 154 1218 187 PRAEFATIONES.
1745 157 1785 189 ΞΖ

151 208 214 231 tans
239 204 319 239 eique
340 212 374 232 at.
397 205 478 234 urbes
498 206 602 235 tribuit.
617 215 732 242 quarum
750 209 854 244 aliquot
877 210 942 244 (non
957 209 1155 245 AQuanqnam
1181 218 1232 238 nec
1256 211 1308 238 hoc
1334 211 1504 246 probabitur.
1531 211 1623 248 Pergit
1650 213 1747 242 deinde
1773 217 1782 236 τ

148 251 253 285 plures)
272 256 424 283 enumerat,
438 251 535 280 Patras
547 254 659 280 alteram
675 255 824 288 penittsula:
845 259 943 283 metro-

151 296 224 330 polin
237 297 339 330 dicens,
353 298 424 332 quod
439 306 497 325 a-vo
514 300 600 334 magis
617 300 706 327 medio
725 302 862 333 convenit,
878 302 941 329 coll.

138 341 286 374 -llierocle,
302 343 350 378 qui
369 343 531 372 Corinthum
556 346 638 373 totius
651 346 764 374 Grmcia:
781 349 942 382 metropolin

151 388 228 420 dicit,
267 389 392 423 Spartam
417 390 570 422 Laconicaz.
605 391 708 419 Elidem
742 392 851 420 italia:
874 394 943 428 (imo

150 433 284 464 Arcadiae.
307 441 388 461 sensu
411 435 572 469 lato).ﬁinc
595 437 717 471 loquitur
737 438 770 464 de
789 438 943 466 nominibus

151 478 232 512 hujus
254 484 341 511 terra,
361 480 393 506 de
412 480 470 514 ejus
481 481 565 513 'l‘acie,
581 483 614 509 de
630 490 666 509 vtt
690 483 785 511 insulis
804 483 942 519 Pelopon-

149 525 282 557 ttesiacis,
308 533 377 560 quas
404 527 474 554 inter
503 527 660 556 llierocleas
692 530 816 557 invenire
841 530 941 558 licebit.

150 569 279 598 ilismria:
306 572 544 607 Peloponnesiactc
574 575 664 608 capita
692 576 806 610 potiora,
836 577 943 604 aliunde

150 619 219 645 satis
239 624 314 650 nota,
338 625 499 655 sequuntur.
514 621 617 654 Unum,
636 622 708 657 quod
732 628 884 651 memoratu
902 623 942 650 di-

151 671 235 698 gnum
257 671 273 691 e
290 665 380 692 medio
399 673 458 694 ero
481 667 589 700 repetit,
607 673 649 695 est
668 668 810 696 Slavornm
831 676 942 704 regnum

148 708 424 744 Peloponnesiacum,
439 712 546 739 initiunt
560 714 676 748 capiens
700 715 851 749 imperante
867 716 942 744 Con-

148 755 272 782 stantino
280 755 470 792 Copronymo;
479 758 528 785 ubi
540 759 704 794 ἑσθλαὸώθη
719 761 789 788 idem
800 766 842 788 est
849 781 855 793 ,
871 763 943 796 quod

147 800 178 826 v'n
194 802 344 829 servitutem
365 804 484 837 redacta,
505 812 558 831 Il0lt
577 805 745 837 siut-inierim,
763 807 836 842 quod
854 813 944 842 poste-

149 846 209 873 rins
225 847 334 875 aliunde
353 854 447 876 ttotum
461 854 514 877 est.
535 851 676 878 I‘ttstrenm
696 853 722 879 in
745 855 877 881 versiculo
897 855 942 882 illo

148 892 270 926 satyrico
286 899 378 919 vocem
392 894 585 929 γαρασδοειδὴς
607 896 765 929 Kopitarins
781 899 941 934 (Herycltim

148 937 364 971 glastagraphua,
380 943 433 965 etc.
453 937 567 966 Viudob.
585 940 664 971 1810,
686 950 712 976 p.
732 942 776 977 65)
793 950 808 970 e
825 943 940 971 Russica

150 981 241 1015 lingua
257 984 372 1015 derivat,
396 988 424 1010 tit
446 985 481 1011 sit
503 985 575 1012 idettt
596 989 667 1021 quod
688 987 821 1016 Gallicum
838 989 939 1022 habile,

145 1027 231 1054 droit.
248 1028 325 1055 Anne
339 1030 433 1064 vafer!
453 1030 519 1058 Mihi
540 1039 579 1060 sc.
597 1039 676 1067 poeta
694 1035 739 1061 ille
759 1036 792 1061 tle
809 1036 877 1063 facit:
893 1045 941 1062 nn-

150 1075 213 1102 hilis
232 1076 385 1111 cujusdam,
402 1077 538 1105 vafritiem
559 1079 684 1106 servilem
705 1080 939 1117 (ἐσθλαδωμένην)

148 1130 206 1156 pra:
221 1130 250 1149 sc
269 1121 385 1156 ferente,
406 1124 477 1158 loqui
494 1125 611 1152 videtur.
627 1124 665 1152 De
683 1125 788 1153 Slavica
808 1126 940 1162 Pelopon-

147 1175 217 1195 neso
231 1169 315 1195 multo
332 1169 457 1196 uberiora
471 1169 569 1197 Noster
590 1171 673 1197 tradit
689 1171 716 1198 in
729 1171 798 1199 libro
813 1172 849 1199 De
866 1174 939 1200 adut.

148 1214 225 1246 imp.,
240 1221 301 1248 cap.
313 1214 357 1241 50.

186 1257 332 1291 Septimum
354 1258 451 1291 thema,
472 1258 659 1294 Cephallenia.
680 1259 808 1288 Crmcutn
834 1262 939 1288 titttlnm

146 1302 274 1337 spurium
288 1311 348 1331 esse
364 1303 447 1331 voluit
459 1304 557 1336 editor,
571 1305 605 1331 ob
630 1304 737 1332 initium
756 1311 826 1340 puto
845 1314 940 1333 narra-

145 1351 241 1382 tionis,
258 1350 302 1378 tibi
318 1350 492 1385 Cepltalletﬂa
507 1351 645 1385 sittgtilare
666 1352 757 1379 thema
774 1360 836 1380 csse
859 1361 940 1388 nega-

151 1401 203 1422 tur.
222 1395 319 1423 Verum
333 1403 375 1423 res
392 1396 471 1432 longe
486 1404 516 1424 se
532 1397 611 1424 aliter
637 1397 728 1429 habet,
746 1397 808 1425 coll.
829 1404 940 1426 auctore

147 1445 244 1469 nostro
262 1441 288 1468 iu
304 1441 461 1470 Cerimouit's
477 1442 534 1469 aut.
551 1442 620 1478 Bgz.
645 1451 676 1475 tt,
694 1443 739 1476 52,
754 1444 799 1471 ubi
821 1445 880 1479 pius
893 1452 939 1472 se-

152 1487 205 1514 mel
220 1487 338 1515 occurrit
362 1493 461 1522 praetor
479 1488 659 1523 Cephalleniae
672 1491 697 1524 (ὁ
715 1490 866 1525 στρατηγὸς
884 1491 938 1516 Κε-

150 1533 324 1569 φιλληνίας).
341 1534 416 1562 Adde
430 1536 554 1562 eumdem
573 1535 611 1562 De
628 1536 700 1562 adut.
711 1537 788 1568 imp.,
800 1545 860 1571 cap.
875 1538 910 1565 50
928 1547 935 1566 :
954 1553 976 1582 ο

156 1580 267 1612 Ἱστέον,
283 1581 324 1607 ὃτι
344 1581 360 1615 ἡ
376 1580 546 1615 Κεφαλονίας
558 1581 620 1616 (sic)
633 1581 795 1617 στρατηγὶς,
807 1582 894 1617 ἤγουν
905 1583 940 1609 τὰ

148 1627 241 1662 νησία,
249 1626 356 1662 τοῦρμα
368 1625 402 1662 ἦν
410 1627 440 1653 τὸ
454 1627 568 1654 παλαιὸν
580 1627 630 1662 τῆς
642 1627 821 1662 στρατηγίδος
833 1629 939 1662 Λογου-

149 1671 266 1706 ὃιρδίας
294 1672 368 1707 (sic).
401 1671 464 1698 Ἐπὶ
492 1671 520 1698 δὲ
547 1671 661 1703 Λέοντος
689 1672 736 1699 τοῦ
765 1672 940 1708 φιλοχρίστου

148 1717 282 1744 δεσπότου
310 1716 406 1751 γέγονε
429 1717 590 1752 στρατηγίς.
619 1717 666 1744 Ubi
699 1717 814 1744 alterum
842 1726 940 1745 nomen

151 1764 349 1790 deminutivum
372 1763 425 1798 (se.
457 1763 491 1789 τὰ
515 1763 620 1797 νηπία),
644 1763 705 1790 vide
733 1770 768 1790 ne
785 1769 941 1798 opponatur

150 1808 263 1835 themati
283 1807 410 1835 orientali
428 1815 483 1835 lvu
502 1806 608 1843 (Samo,
620 1815 681 1834 cum
699 1807 759 1835 aliis
782 1808 878 1836 insulis
895 1816 941 1837 us-

149 1861 202 1888 que
214 1854 248 1880 ad
266 1853 383 1888 Cpolin).
402 1854 474 1888 quod
486 1853 557 1887 apud
583 1852 735 1881 Hieroclem
757 1859 798 1881 est
819 1855 939 1890 ἐπαρχία

148 1900 204 1927 τῶν
222 1901 325 1935 νήσων.
345 1900 486 1927 Postremo
499 1899 612 1935 (ὁμοίως
624 1899 652 1926 δὲ
665 1899 760 1935 καὶ...)
774 1901 940 1936 negligenter

149 1947 223 1975 addit
237 1947 420 1982 Zacynthum,
435 1945 599 1979 Leucadem,
612 1945 746 1978 lthacam,
767 1946 834 1974 alias
849 1948 938 1975 mino-

150 2001 195 2019 res
209 1993 321 2026 insulas,
345 1993 505 2027 Corcyram,
525 1991 660 2019 incertum
680 1999 737 2026 quo
756 2000 848 2019 sensu.
874 1993 940 2022 Post

148 2039 253 2065 Elidem
266 2046 306 2064 sc.
326 2038 430 2065 insulas
449 2037 666 2070 Cephalleniam,
689 2036 867 2071 Panormum,
885 2038 937 2065 Za-

148 2084 290 2118 cynthum,
306 2083 433 2119 Cythera,
443 2082 647 2118 Strophadiam,
660 2082 772 2110 Cra-cia:
779 2084 939 2111 adnumerat

149 2128 290 2157 Hierorles
305 2128 369 2163 (non
385 2128 566 2163 Corcyram);
586 2127 651 2155 hinc
666 2135 714 2155 sua
734 2133 826 2155 noster
845 2129 936 2161 habet,

146 2175 220 2202 male
232 2182 264 2202 ea
282 2175 416 2209 digerens.
432 2174 502 2206 Quid
519 2174 626 2201 multa?
648 2174 764 2208 Capituli
782 2174 869 2202 nostri
893 2173 936 2201 fa-

995 255 1087 287 πόλεις
1110 254 1226 287 δώδεκα,
1250 255 1398 288 Νικόπολις
1424 257 1600 292 μητρόπολις.
1628 257 1727 286 Ultima
1750 268 1783 287 ea

995 301 1128 328 Hierocle.
1144 301 1235 334 Quare
1250 308 1324 334 vero,
1342 302 1410 329 mori
1439 309 1488 329 suo
1514 304 1671 336 adversans,
1698 305 1785 332 solam

995 345 1134 380 Nit-opolin
1153 351 1297 378 memorat,
1327 346 1445 380 reliquas
1461 355 1487 374 at
1501 348 1623 376 omittit?
1640 348 1715 377 Trita
1737 350 1785 377 dc“;

996 392 1059 419 hinc
1073 396 1168 419 narrat
1184 392 1218 419 de
1241 391 1351 418 nomine
1378 392 1498 419 civitatis
1528 393 1729 427 Nicopolitanw,
1757 400 1785 421 ct

994 437 1121 473 llt-syt~ltii
1137 437 1228 464 locum
1242 437 1340 472 repetit
1355 437 1388 463 de
1400 438 1604 466 indictioniluts.
1625 439 1684 467 Jam
1709 441 1784 467 iniri-

996 483 1045 510 tice
1058 484 1145 519 pergit
1162 492 1168 510 :
1188 483 1367 519 Μητρόπολις
1384 482 1413 509 δὲ
1429 482 1475 509 τοῦ
1491 483 1609 518 θέματος
1637 485 1713 516 πόλις
1728 486 1784 511 Δω-

990 529 1075 563 δώνη.
1087 529 1172 556 Aliam
1187 537 1252 564 ergo
1268 528 1441 563 metropolin,
1457 529 1605 561 Dodonntn,
1618 535 1695 557 vetus
1713 530 1781 565 Epi-

992 583 1041 602 rus
1076 575 1194 602 habuit?
1231 575 1368 602 [)odonatn
1412 575 1499 602 adhuc
1531 575 1614 601 etiam
1642 575 1784 604 llieroclcs

994 620 1104 653 quidem
1120 620 1253 655 agnoscit,
1273 621 1405 654 ponitque
1427 625 1490 656 pnst
1514 621 1602 656 ipsam
1630 621 1782 656 Nicopolin.

995 664 1095 691 Verum
1114 666 1147 692 de
1174 665 1396 700 metropolitana,
1422 673 1474 693 non
1500 665 1587 693 solum
1616 667 1648 693 de
1673 665 1784 695 latidica

996 710 1113 737 Dodonae
1126 710 1307 745 diguitateull
1320 709 1429 738 aliunde
1451 716 1621 746 compertum
1641 711 1783 740 ltabetnus.

995 755 1093 783 lterum
1122 756 1363 791 pergitiusipide:
1388 757 1491 784 Ἐκιῑσε
1509 757 1564 792 γὰρ
1590 755 1624 793 ἧν
1647 759 1663 794 ή
1695 759 1784 794 πηγὴ,

993 801 1152 833 Κασταλίας
1174 801 1259 835 ὄνομα
1279 801 1390 837 ἔχουσα,
1408 811 1436 830 κ.
1462 811 1487 830 τ.
1503 803 1528 830 λ.
1555 803 1633 837 (hinc
1656 804 1784 831 stolidum

997 847 1061 875 illud
1077 847 1127 882 τῆς
1140 847 1269 882 Mitti];
1284 849 1442 883 somniant).
1469 848 1572 876 Netum
1590 849 1686 877 horum
1707 850 1784 886 (γάρ)

996 900 1057 920 cum
1072 893 1296 921 antecedentibus
1313 902 1392 922 nemo
1403 902 1485 921 sanus
1499 895 1656 922 extricabit.
1668 896 1782 923 Acheloi

996 938 1092 965 deinde
1116 937 1207 965 fontes
1224 938 1323 966 ibidem
1344 939 1382 974 (in
1399 939 1493 974 Epiro)
1507 940 1604 974 ponit;
1628 947 1783 975 quanquam

995 984 1131 1012 Achelous
1150 992 1164 1010 a
1178 984 1264 1011 Pindo
1275 985 1435 1012 Thessalico
1446 985 1598 1014 descendit.
1615 986 1725 1014 Dodona
1745 992 1786 1013 ta-

996 1038 1057 1056 men
1072 1029 1145 1064 Epiri
1159 1035 1229 1062 erat,
1249 1038 1300 1056 non
1328 1030 1447 1058 Castalia
1472 1030 1533 1058 fons
1564 1039 1625 1058 cum
1654 1032 1783 1059 Acheloo.

996 1076 1066 1110 Ergo
1087 1076 1202 1102 metliam
1218 1080 1247 1103 ut
1259 1075 1322 1102 alibi
1332 1077 1528 1111 geograpliiatn
1539 1084 1600 1104 cum
1614 1081 1704 1104 vctcrc
1720 1085 1784 1105 cou-

995 1122 1120 1152 tnu-lcns,
1134 1121 1214 1156 Epiro
1227 1122 1350 1156 quaedam
1367 1122 1497 1156 assignat,
1523 1130 1583 1157 qua:
1605 1128 1685 1150 erant
1705 1123 1785 1150 Nico-

995 1165 1106 1200 pulitani
1123 1165 1338 1201 Byzantinnrnut
1365 1166 1504 1198 thematis,
1522 1166 1541 1193 i.
1562 1174 1587 1194 e.
1615 1167 1783 1200 Acarnania,

995 1211 1104 1238 Ᾱέιοιῐω
1119 1210 1290 1246 (Achelous).
1307 1211 1489 1238 Pltoceusium
1503 1211 1655 1247 (Castalia).
1684 1213 1716 1240 Et
1732 1213 1784 1240 ltO(-.

995 1257 1118 1283 ultinmm
1134 1256 1181 1291 (de
1205 1256 1405 1291 Phoceusibus)
1420 1265 1502 1284 unum
1515 1262 1558 1285 est
1582 1266 1645 1285 vere
1672 1266 1783 1291 novum,

993 1303 1065 1336 quod
1080 1302 1210 1328 discimus
1220 1309 1253 1328 es
1272 1301 1322 1329 ista
1339 1306 1416 1336 parte
1429 1302 1615 1337 inscriptionis
1630 1303 1724 1330 insana
1735 1305 1784 1339 τῆς

989 1347 1128 1382 ψωτικῆς.
1145 1346 1204 1374 alant
1225 1347 1297 1373 enim
1322 1353 1415 1382 reapse
1434 1347 1501 1375 ﬁnes
1533 1347 1632 1375 habere
1658 1348 1783 1377 videmur

993 1393 1174 1429 Nicopolilani
1197 1393 1412 1430 Byzantinorum
1439 1393 1579 1422 thematis.
1602 1401 1641 1422 sc.
1664 1395 1785 1423 Acarna-

994 1441 1077 1473 niam,
1095 1440 1235 1474 Aitoliam,
1249 1440 1371 1467 Phocida
1386 1447 1448 1467 cum
1464 1439 1584 1475 Delphis,
1604 1448 1665 1476 qua:
1690 1443 1781 1469 omnia

992 1487 1083 1514 medio
1106 1493 1164 1514 aevo
1178 1485 1339 1514 dicebautur
1361 1485 1472 1513 Vlacht'n
1486 1487 1581 1520 minor,
1597 1487 1666 1521 apud
1686 1488 1783 1514 cultio-

994 1539 1038 1560 res
1054 1533 1130 1565 Arta,
1143 1537 1196 1559 etc.

1030 1578 1136 1606 Nonum
1151 1578 1250 1610 thema,
1266 1577 1453 1613 Dyrrachium.
1472 1578 1583 1613 Absque
1599 1579 1732 1613 prooemio
1743 1580 1783 1607 sic

993 1624 1050 1652 l'ere
1064 1633 1125 1652 cum
1136 1624 1260 1652 Hierocle
1273 1624 1368 1658 incipit
1387 1629 1483 1652 auctor
1497 1634 1504 1652 :
1517 1625 1679 1660 Δυρράχιον,
1689 1625 1707 1660 ἦ
1718 1634 1783 1652 ποτε

999 1669 1176 1706 Ἐπίδαμνος,
1189 1670 1242 1697 ὗπὺ
1265 1670 1460 1706 κονσιλιαρίσυ,
1477 1671 1570 1702 πόλεις
1587 1679 1624 1698 Ix.
1643 1672 1706 1704 Quae
1723 1679 1782 1699 tuc-

992 1717 1043 1745 lius
1060 1716 1129 1752 apud
1139 1716 1290 1744 Hieroclem
1311 1717 1372 1744 sic:
1392 1717 1526 1752 Ἐπαρχία
1551 1717 1615 1748 νέας
1637 1716 1780 1751 Ἠπείρου,

992 1763 1045 1790 ὕπὸ
1063 1763 1256 1799 χονσιλιάριον,
1269 1763 1361 1795 πόλεις
1374 1771 1399 1790 tx
1418 1771 1425 1790 :
1440 1764 1536 1799 Δυρρη
1551 1763 1655 1798 times,
1670 1772 1696 1790 κ.
1713 1772 1739 1791 τ.
1756 1763 1780 1790 λ.

992 1809 1020 1836 ln
1032 1809 1136 1837 ultimis
1151 1816 1260 1844 quoque
1275 1808 1372 1836 Noster
1395 1810 1495 1840 variat,
1525 1814 1587 1836 ante
1612 1809 1780 1844 Lychnidum

992 1855 1094 1882 habens
1109 1859 1265 1889 suspectum
1294 1854 1358 1881 illud
1385 1862 1433 1889 par
1457 1862 1552 1882 vocum
1575 1855 1709 1890 Λήστρων
1732 1856 1781 1882 καὶ

991 1897 1161 1930 Σκεύπτωνς
1182 1898 1253 1932 quod
1268 1903 1312 1926 est
1339 1898 1449 1925 inverso
1474 1899 1569 1926 ordine
1595 1899 1666 1934 apud
1685 1899 1781 1927 Iliero-

991 1943 1071 1970 clem.
1098 1943 1166 1970 Tum
1185 1943 1259 1970 nullo
1282 1944 1374 1970 statim
1402 1951 1482 1971 sensu
1502 1944 1622 1979 legitur:
1647 1945 1783 1981 Ἑπαρχία

991 1988 1093 2020 Aula;
1119 1988 1300 2023 μεσογείου...
1327 1987 1502 2024 Ῥεμεσιάνα,
1528 1991 1604 2017 utin
1635 1989 1785 2024 Hierocle;

991 2035 1044 2062 nisi
1062 2035 1134 2069 quod
1152 2034 1178 2061 in
1198 2035 1286 2062 medio
1300 2034 1378 2069 juxta
1393 2043 1487 2063 vocem
1513 2036 1615 2068 Ναῖσός
1639 2037 1749 2064 additur
1771 2047 1778 2064 :

989 2081 1005 2115 ἡ
1024 2080 1123 2115 πατρὶς
1137 2080 1185 2106 τοῦ
1202 2080 1322 2115 μεγάλου
1339 2079 1555 2109 Κωνσταντίνου.
1579 2081 1639 2110 Jam
1661 2082 1713 2109 alia
1739 2089 1785 2110 sev

990 2131 1111 2160 quuntur
1128 2133 1161 2152 ex
1175 2127 1271 2154 eodem
1287 2126 1420 2159 Hierocle,
1452 2134 1492 2154 sc.
1508 2127 1605 2162 Epirus
1615 2132 1699 2161 uetus,
1715 2127 1781 2155 Dar-

989 2172 1079 2205 dania,
1095 2172 1244 2205 Pannonia,
1262 2172 1361 2200 additis
1376 2173 1485 2200 urbium
1502 2173 1568 2201 solis
1580 2174 1711 2207 numeris,
1728 2181 1787 2201 non.

147 2219 273 2247 t-ies'ltaee
284 2219 345 2246 fere
361 2226 422 2246 esse
433 2218 548 2246 debebat
562 2228 568 2245 :
587 2219 675 2253 prisco
687 2223 809 2253 tempore
823 2218 937 2253 Ceplial-
955 2220 1083 2247 Dearum
1105 2218 1271 2246 nominibus.
1291 2219 1329 2246 En
1345 2219 1489 2254 scriptoris
1506 2220 1702 2247 oscitantiaml
1731 2219 1781 2247 Ve-

147 2266 247 2293 lettiam
257 2265 392 2293 cuntaiiis
417 2264 514 2292 insulis
531 2264 710 2299 Peloponnesi
735 2270 840 2298 partem
867 2264 934 2292 eﬂ‘e-

147 2314 220 2340 cisse
235 2311 497 2347 (συμπεριείληπτο,
521 2318 570 2345 pro
587 2309 846 2346 συμπεριείληπται,
872 2311 934 2338 coll.

147 2359 230 2385 them.
246 2356 426 2392 Strymonio),
441 2361 501 2391 post
519 2355 671 2388 Calabriae;
696 2355 792 2382 ultimo
818 2355 936 2390 (Leonis

147 2403 211 2437 Sap.
223 2404 232 2437 )
249 2409 308 2428 :evo
317 2401 350 2428 ad
365 2401 494 2428 thematis
508 2400 656 2435 singularis
668 2400 799 2428 honorem
813 2406 934 2428 erectam

145 2448 241 2479 fuisse,
257 2446 372 2481 citusque
385 2451 477 2481 partes
494 2450 592 2481 praeter
604 2445 865 2480 Ceplialleniatnhas
876 2454 936 2474 esse

145 2494 249 2521 insulas
270 2502 278 2520 :
298 2493 478 2528 Zacynthum,
494 2497 549 2520 etc.
577 2491 767 2526 Respondebat
789 2492 871 2526 igitur
891 2500 935 2520 se.

145 2539 262 2574 plittsttla
269 2540 288 2566 ri
302 2539 330 2566 h.
343 2543 362 2565 t.
378 2537 653 2566 Veneto-Graecorum
667 2538 833 2572 reipublicae,
845 2543 935 2566 tuente

146 2592 169 2612 ε.
184 2585 358 2619 imperitante
373 2584 523 2611 Britannia.

183 2629 314 2658 Octavum
347 2630 452 2662 thema,
490 2630 640 2665 Nicopolis.
675 2629 817 2664 Inscriptio
840 2631 935 2657 Grmca

146 2675 278 2711 (ἐπαρχία
299 2675 350 2710 τῆς
365 2675 485 2707 παλαιᾶς
511 2676 652 2711 Ἠπείρου)
671 2675 804 2703 Hieroclis
824 2681 876 2707 est,
891 2676 937 2703 ad-

145 2723 202 2749 tlito
222 2722 272 2758 τῆς
297 2722 436 2757 Φωκικῆς,
463 2722 508 2756 ὑφ’
534 2721 785 2757 ἡγεμόνα-ιιιιηὰ
810 2722 935 2748 insanum

144 2776 208 2796 esse
225 2768 373 2803 unicuique
384 2768 529 2796 videbitur.
547 2767 616 2800 Quid
630 2768 702 2794 cnim
730 2767 884 2795 Phocenses
909 2772 937 2794 ct

146 2821 224 2842 vetus
241 2815 363 2849 Epirus?
385 2814 484 2842 Urbem
504 2814 612 2848 quidem
637 2814 689 2840 ista
711 2814 934 2848 Epirus'liabuit,

145 2861 280 2896 Φωτικήν,
300 2861 366 2890 satis
384 2861 506 2893 claram;
536 2860 606 2887 unde
624 2868 672 2894 ego
691 2860 815 2895 Φωτικῆς
832 2861 934 2888 eundi.

989 2269 1069 2290 torem
1082 2264 1197 2299 Epirum
1214 2263 1270 2299 jam
1283 2264 1312 2291 in
1329 2265 1446 2292 themate
1456 2270 1555 2293 octavo
1570 2266 1712 2299 habuerat,
1726 2266 1780 2293 Ni-

988 2311 1156 2345 copolitano.
1173 2311 1270 2346 Neque
1280 2318 1344 2339 vero
1353 2311 1406 2340 hoc
1413 2312 1480 2340 satis
1489 2319 1551 2340 esse
1565 2318 1652 2347 putat.
1671 2313 1778 2341 Etenim

988 2362 1049 2391 poat
1064 2356 1231 2385 Pannoniam
1245 2364 1322 2384 suam
1332 2357 1371 2386 sic
1385 2358 1473 2393 pergit
1485 2359 1554 2385 :Kat
1563 2356 1614 2386 ὧδε
1629 2359 1678 2393 μὲν
1691 2360 1779 2395 ἔπαρ-

987 2399 1050 2434 χίας
1064 2400 1094 2435 (1.
1117 2401 1250 2436 ἐπαρχία)
1271 2401 1323 2436 τῆς
1337 2401 1401 2434 νέας
1419 2402 1561 2437 Ἠπείρου,
1576 2402 1649 2429 τοῦτ’
1657 2402 1715 2429 ἔστι
1732 2403 1780 2430 τοῦ

989 2446 1152 2481 Δυρραχίου,
1171 2446 1218 2473 τοῦ
1235 2447 1321 2474 πάλαι
1341 2448 1510 2483 χαλωμένου
1533 2448 1710 2483 Ἐπιδάμνου.
1728 2448 1780 2476 Ubi

987 2493 1075 2525 vides,
1093 2493 1242 2528 Dyrrachio
1259 2494 1296 2520 uti
1313 2501 1362 2527 pro
1380 2494 1460 2528 Epiro
1479 2502 1558 2525 nova,
1574 2494 1654 2528 cujus
1669 2495 1788 2529 quidem

988 2539 1146 2573 metropolis
1163 2543 1234 2572 erat,
1247 2547 1296 2567 nec
1315 2545 1404 2567 tamen
1424 2540 1494 2567 idem
1513 2547 1573 2566 cum
1589 2539 1672 2574 Epiro
1688 2549 1754 2568 nova
1768 2550 1775 2572 ;

989 2585 1015 2612 id
1031 2586 1103 2620 quod
1121 2585 1169 2612 soli
1187 2585 1337 2620 Byzantino
1357 2586 1416 2612 usui
1441 2586 1577 2617 convenit,
1600 2586 1646 2620 qui
1666 2586 1778 2621 Epirum

989 2639 1087 2659 novam
1107 2632 1197 2658 dicere
1212 2632 1320 2658 amabat
1335 2631 1524 2666 Dyrrachium,
1550 2631 1612 2659 coll.
1635 2633 1694 2667 ipsa
1722 2634 1779 2660 tlte-

989 2677 1068 2704 matis
1084 2677 1168 2703 nostri
1195 2676 1375 2711 inscriptione
1406 2685 1414 2703 :
1440 2676 1588 2704 Ἐννατον
1610 2678 1684 2712 θέμα
1703 2678 1793 2712 Δυρσ-

984 2720 1104 2755 ῥάκιον.
1124 2720 1253 2754 Quaerere
1270 2720 1369 2748 deinde
1395 2720 1468 2753 licet,
1497 2728 1592 2756 quare,
1621 2729 1683 2749 cum
1704 2722 1731 2749 h.
1758 2722 1776 2750 Ι.

989 2765 1098 2794 Daciam
1118 2766 1341 2793 mediterraneatn
1359 2773 1420 2793 cum
1435 2766 1549 2794 urbibus
1571 2767 1628 2794 suis
1660 2775 1692 2795 ex
1711 2767 1776 2796 llie-

990 2813 1063 2840 rocle
1079 2813 1213 2844 intrudal,
1226 2813 1294 2840 satis
1311 2813 1420 2845 habeat,
1434 2811 1576 2841 Dardania:
1591 2818 1618 2841 et
1631 2813 1777 2842 Pannonia:

990 2859 1078 2888 solum
1098 2858 1218 2893 regimen
1244 2867 1306 2887 cum
1335 2859 1441 2888 urbium
1468 2866 1581 2888 numero
1612 2867 1778 2892 memorare,
