1899 3060
123 113 159 145 31
685 111 888 142 VARIORUM
910 110 1198 143 PREFATIONES.

1729 116 1773 147 32

125 174 166 204 (p.
180 168 233 197 665
247 169 290 196 ed.
308 168 405 203 Bonu.)
422 167 537 202 ετούτῳ
561 168 600 204 τῷ
630 169 685 196 ἔτει
711 168 917 196 Κωνσταντῖνος

988 173 1082 194 urrere
1093 166 1216 194 memini.
1237 166 1306 200 Ergo
1332 165 1460 193 thematis
1479 173 1577 194 nomen
1603 166 1630 193 in
1653 167 1771 195 unicam

126 216 176 247 τὰς
193 215 264 242 κατὰ
279 214 447 242 Μακεδονίαν
462 214 624 246 Σκλαϐινίας
639 215 845 250 ᾐχμαλώτευσε.
860 220 914 248 quo

127 261 161 287 de
183 260 241 288 loco
255 260 298 287 adi
316 266 373 286 mca
400 258 648 287 Tliesralonicemia
669 260 802 295 (prolegg.
828 267 854 293 p.
881 267 914 286 cv

128 306 218 339 ibique
233 305 311 338 not.).
330 305 402 332 Idem
420 305 452 331 ad
467 313 492 332 a.
509 305 561 332 79$
578 305 681 340 (Irenes
700 314 726 333 α.
744 305 771 340 5)
792 305 835 333 ed.
864 305 912 332 cit.

126 359 154 385 ιι.
175 350 226 377 757
242 359 249 377 :
267 350 496 386 Μονοστράτηγον
516 351 556 382 εἰς
570 351 618 386 τὴν
633 351 745 386 Θρᾴκην
757 351 803 378 καὶ
822 351 915 378 Μακε-

125 396 216 422 δονίαν
233 405 240 424 :
254 396 299 424 ubi
317 396 539 432 μονοστράτηγος
555 397 613 424 usui
635 398 738 432 vulgari
758 397 915 430 opponitur,

127 442 275 470 secundum
296 450 378 477 quem
393 442 508 469 Thracia
524 451 603 470 suum
621 442 774 478 στρατηγὸν
789 442 917 473 habebat,

127 493 155 514 ct
169 487 325 515 Macedonia
343 496 432 514 suum.
461 487 532 515 Idem
551 496 578 522 p.
599 488 652 515 772
669 489 706 522 (a.
725 487 788 522 804)
809 496 816 514 :
837 488 868 513 Οἱ
889 487 919 514 δὲ

129 532 281 568 Βούλγαροι
296 533 376 559 πλέον
387 533 552 567 κατίσχυσαν
562 532 676 568 Θρᾴκης
683 532 729 559 καὶ
737 532 918 564 Μακεδονίας.

130 579 198 605 Τότε
213 578 260 605 καὶ
277 578 430 613 Ἀγχίαλον,
451 586 478 604 κ.
497 587 521 605 τ.
534 578 559 605 λ.
576 578 647 605 Idem
667 586 694 611 p.
712 578 760 604 78I
778 578 812 613 (ο.
828 578 891 613 805)
912 586 919 604 :

131 626 186 652 Kal.
207 625 333 660 Ἰωάννης
348 625 502 661 (πατρίκιος
515 624 563 650 καὶ
576 625 727 659 στρατηγὸς
740 624 920 655 Μακεδονίας,

131 673 172 697 εό
188 671 421 705 distinguendum)
454 671 468 697 ό
485 671 635 705 Ἀπλάκης.

167 715 349 751 Nicephorus,
371 716 539 751 Cpolitanus.
563 721 592 743 ut
617 721 724 751 putant,
752 716 919 751 patriarcha,

133 762 178 796 qui
188 763 221 790 de
231 763 311 790 rebus
324 767 385 798 post
405 762 566 790 Mauricium
588 763 673 798 gestis
696 763 818 798 scripsit,
848 770 920 789 mor-

135 811 196 834 tuus
212 815 240 834 θ.
253 807 314 835 8'28.
331 808 355 834 Is
372 809 474 834 nuvitio
500 807 663 835 Macedoitia:
693 815 741 834 usu
768 808 921 837 abstinens.

970 217 1025 240 tum
1046 214 1175 242 thematis
1197 214 1371 248 metropolin,
1389 213 1574 249 Naupactum,
1601 215 1770 243 translatum

971 259 1102 292 putabis?

1009 303 1204 332 Constantinus
1232 303 1481 339 Porphyrogenitus
1499 305 1508 339 (
1525 306 1619 339 3.19”
1634 323 1669 327 —
1687 308 1769 333 ius».

973 349 1010 376 De
1037 349 1193 376 cerimoniis
1208 349 1239 381 II,
1251 349 1285 376 52
1304 359 1311 376 :
1329 349 1359 375 'H
1376 349 1460 384 (ἀξία)
1475 350 1522 382 τοῦ
1541 353 1696 387 στρατηγοῦ
1717 354 1772 386 τ’ἶς

971 395 1094 431 Θρᾴκης.
1113 395 1205 421 Ἡτοῦ
1223 395 1377 430 στρατηγοῦ
1392 397 1573 428 Μακεδονίας.
1594 398 1696 425 Ibidem
1715 407 1723 425 :
1738 399 1774 423 ὐ

973 441 1125 477 στρατηγὸς
1149 442 1199 476 τῆς
1228 442 1349 477 Θρᾴκης.
1372 442 1403 467 '0
1418 443 1569 477 στρατηγὸς
1583 444 1772 474 Μακεδονίας.

973 487 1074 514 Ibidem
1088 497 1094 514 :
1108 486 1138 512 '0
1150 486 1306 518 ἀνθύπατος
1319 486 1464 521 πατρίκιος
1479 488 1526 513 καὶ
1550 489 1704 522 στρατηγὸς
1719 490 1747 514 τέ
1759 498 1774 520 ς

974 532 1107 568 Θρᾴκης..
1122 533 1135 558 ὁ
1151 532 1211 558 ἀνθ.
1227 541 1308 566 πατρ.
1319 532 1367 558 καὶ
1384 541 1478 567 στρατ.
1500 534 1679 566 Μακεδονίας.
1697 535 1773 560 Idi-ni

975 578 1009 606 de
1029 578 1124 606 cerim.
1141 585 1169 609 tt.
1185 577 1239 604 ιιι
1255 578 1396 613 Σχολάριοι
1409 578 1597 613 Θρᾳκησιέινοι
1612 581 1657 606 καὶ
1672 581 1774 606 Μακε-

974 624 1050 655 δόνες
1079 624 1158 651 1057.
1173 623 1258 650 Ibid.:
1276 624 1460 659 Θρᾳκηπιάνοι
1484 625 1532 650 καὶ
1549 625 1703 656 Μακεδὶνες
1719 625 1775 660 ἄρ-

977 678 1070 705 χοντες
1084 669 1148 700 202.
1164 670 1303 704 σχολάρίοι
1321 670 1473 703 (veterani)
1488 670 1532 701 99.
1555 671 1610 696 ·.έοι
1631 671 1774 705 σχολάριιι

977 715 1039 742 608.
1057 715 1129 742 Idcm
1145 715 1209 742 ibid.
1224 722 1254 746 tt,
1264 715 1299 742 45
1313 724 1319 741 :
1343 714 1410 741 ’Δπὸ
1424 714 1471 741 τοῦ
1482 715 1599 750 Θέμιτος
1617 717 1728 752 θρᾲκης
1741 736 1748 743 .
1761 736 1770 743 .

976 761 1030 788 ἀπὸ
1042 760 1089 786 τοῦ
1103 760 1220 795 θέματος
1231 760 1410 792 Μακεδονίας.
1431 761 1498 788 Ibid.
1512 770 1518 787 :
1537 762 1585 787 Διὰ
1599 762 1652 787 τῶν
1664 763 1681 789 4
1701 771 1774 795 ται-

977 806 1071 840 μάτων
1093 806 1213 841 Θρᾴκης.
1233 806 1294 833 ,διὰ
1321 805 1376 832 τῶν
1387 806 1403 833 5
1419 807 1568 840 ταγμάτων
1584 807 1770 839 Μακεδονίας.

135 853 272 886 puriorem
297 853 442 880 dictionem
469 853 537 880 adeo
562 853 680 884 anectat,
701 858 729 879 ut
755 861 807 880 non
838 852 921 879 semel
941 840 963 867 Β
977 852 1048 879 Idem
1078 852 1110 878 de
1124 840 1276 879 administr.
1296 852 1360 886 imp.
1381 859 1442 885 cap.
1459 852 1493 879 50
1509 861 1515 878 :
1531 852 1607 879 Μετὰ
1626 853 1772 886 δυνάμεως

136 903 238 925 tantum
252 907 300 934 pro
317 899 372 932 ipsa
387 899 511 932 Thracia,
524 907 577 926 non
590 900 624 927 de
638 900 679 926 col
691 900 751 926 'IIIIS
763 899 921 926 Grmcornm

135 943 288 977 Thracicis,
304 944 376 971 dicat
395 945 429 971 τὰ
449 944 496 970 ἐπὶ
513 944 636 980 Θρᾴκης,
659 945 741 970 simil.
762 944 829 969 \‘ide
852 943 922 970 Bou-

134 997 245 1016 neusem
272 991 331 1024 ejus
355 991 503 1018 editionem
534 999 559 1024 p.
584 990 619 1016 20
654 989 710 1023 (τὸν
744 990 789 1015 ἐπὶ
814 989 924 1023 Θρᾴκης

132 1035 253 1070 χῶρον);
269 1043 296 1070 p.
311 1035 345 1063 ιθ
361 1036 405 1069 (τὰ
421 1037 466 1062 ἐπὶ
484 1035 596 1070 Θρᾴκης
615 1035 704 1070 χωρία
717 1043 746 1061 τε
764 1034 811 1060 καὶ
832 1033 925 1060 πολίσ-

138 1079 241 1113 ματα);
261 1088 288 1113 p.
305 1080 339 1106 SI
358 1079 404 1114 (τὰ
425 1080 471 1106 ἐπὶ
494 1079 603 1115 Θρᾴκης
630 1080 747 1113 χωρία);
771 1087 797 1113 p.
821 1079 856 1105 59
873 1078 925 1114 (τὰ

136 1125 185 1152 ἐπὶ
203 1126 341 1160 (ipa-inm);
366 1134 391 1160 p.
419 1125 452 1151 Ἠ
479 1125 525 1159 (τὰ
547 1125 593 1151 ἐπὶ
619 1125 730 1160 Θρᾴκης
754 1125 864 1160 χωρία).
889 1123 926 1151 Ea

138 1170 260 1203 exempla
277 1170 319 1196 his
334 1170 412 1199 adde.
425 1177 485 1204 qum
512 1170 546 1196 de
566 1169 616 1196 hac
632 1169 839 1204 Byzantinnrum
865 1168 928 1195 alii--

136 1215 260 1242 elatione
278 1215 303 1241 in
323 1214 479 1249 Egnatianis
496 1215 629 1249 congessi,
642 1219 816 1242 commentat.
839 1222 868 1245 ll,
892 1222 918 1249 p.

138 1260 183 1287 ιιι.
199 1260 228 1287 In
246 1260 355 1294 reliquis
370 1260 529 1294 simpliciter
550 1260 629 1288 habet
643 1268 686 1287 vv.
703 1260 826 1296 Θρᾴκην,
850 1260 923 1296 Θρᾳ-

137 1305 207 1340 κῷα,
238 1305 363 1340 Θρᾳκικὰ
382 1306 421 1341 (ρ.
434 1305 479 1338 28,
498 1306 542 1338 39,
554 1305 599 1337 II.
612 1313 666 1340 quo
681 1305 776 1333 ultimo
795 1305 854 1332 loco
875 1311 926 1332 tor-

139 1359 196 1379 ram
213 1352 279 1379 adeo
298 1351 485 1387 Strymoniam
499 1352 565 1378 dicit
581 1351 737 1387 Θρᾳκῴανς
757 1359 784 1386 p.
809 1351 854 1382 ιθ,
881 1352 926 1385 55,

137 1397 174 1425 69
182 1398 203 1432 ).
218 1397 318 1425 Verum
333 1398 367 1425 de
391 1405 448 1426 :evo
462 1397 543 1432 hujus
555 1398 697 1432 scriptoris
715 1397 812 1425 dubius
829 1398 928 1425 lucrm.

173 1443 288 1472 Omissis
309 1444 342 1470 iis
361 1444 555 1478 scriptoribus,
572 1443 617 1477 qui
638 1443 814 1478 Theophanis
842 1445 929 1471 conti-

972 897 1019 923 καὶ
1045 897 1137 931 ἰσχύος
1157 896 1258 931 πολλῆς
1271 917 1278 929 ,
1299 897 1383 932 ἤγουν
1407 897 1523 933 Θρᾳκῶν
1538 900 1584 924 καὶ
1600 898 1768 925 Μακεδόνων

973 943 1020 969 καὶ
1038 942 1092 970 τῶν
1109 942 1213 968 λοιπῶν
1226 943 1345 969 δυτικῶν
1371 943 1497 978 Θεμάτων
1520 944 1606 978 (imp.
1627 944 1769 976 Micltaclc.

974 987 1116 1023 Theophili
1130 989 1179 1021 ῆι,
1196 996 1222 1015 a.
1238 989 1380 1024 διε-867).

1010 1034 1131 1061 Incertus
1140 1033 1312 1069 Theophanis
1321 1036 1504 1068 continuatur,
1516 1037 1603 1063 medio
1612 1037 1711 1064 sacculo
1721 1038 1768 1064 dc—

974 1079 1045 1106 cimo
1064 1079 1254 1114 assignaudus,
1273 1080 1406 1115 quijussu
1423 1081 1594 1108 Constantini
1612 1081 1769 1118 Porpher-

973 1125 1056 1159 geniti
1075 1126 1143 1152 vitas
1157 1126 1352 1160 imperatorum
1368 1125 1467 1154 Leonis
1483 1127 1605 1154 Armenii
1620 1136 1707 1162 usque
1731 1129 1768 1154 ad

975 1169 1139 1203 Romanum.
1149 1171 1319 1198 Constantini
1333 1171 1466 1208 Porphyr.
1488 1172 1524 1199 lil.
1543 1173 1580 1208 (.1.
1593 1173 1682 1200 8l5—
1690 1173 1768 1208 959),

973 1216 1048 1243 libris
1062 1224 1107 1243 sex
1138 1217 1298 1251 perscripdt
1321 1217 1377 1251 (ed.
1398 1218 1484 1244 Bonn.
1516 1226 1542 1253 p.
1555 1219 1572 1245 5
1586 1234 1621 1238 ——
1637 1219 1686 1246 ISI
1703 1220 1726 1254 ).
1744 1219 1770 1246 Is

973 1269 1038 1295 ergo
1058 1261 1128 1289 libro
1144 1270 1163 1293 ι,
1178 1262 1257 1295 19η).
1274 1263 1345 1296 50):
1365 1263 1418 1288 Καὶ
1440 1263 1532 1295 πόλεις
1558 1263 1692 1299 πολλαχοῦ
1712 1263 1769 1291 τῶν

979 1306 1051 1333 κατὰ
1062 1307 1173 1342 Θρᾴκην
1186 1307 1231 1332 καὶ
1246 1307 1417 1333 Μακεδονίαν
1429 1327 1436 1334 .
1449 1327 1455 1333 .
1475 1308 1623 1343 ἀνεγείρων
1635 1308 1700 1343 (Leo
1716 1309 1770 1335 Ar-

976 1353 1084 1380 menius
1101 1361 1126 1379 a.
1145 1352 1198 1379 8I3
1215 1360 1277 1386 sqq.
1298 1352 1318 1386 ).
1335 1353 1408 1379 Idem
1434 1353 1460 1379 in
1481 1353 1549 1380 libro
1573 1361 1590 1380 n
1608 1355 1661 1386 (de
1687 1354 1768 1382 Mich.

979 1398 1132 1424 Amoricnsi
1147 1398 1155 1431 )
1174 1398 1232 1425 solo
1249 1397 1373 1425 Thracim
1389 1399 1497 1425 nomine
1512 1399 1548 1426 uti
1574 1399 1651 1426 solet.
1667 1400 1718 1427 Sed
1736 1400 1768 1427 Ii-

977 1443 1026 1469 hro
1043 1451 1078 1473 tv.
1091 1443 1125 1469 24
1139 1443 1148 1478 ί
1163 1451 1190 1478 p.
1219 1443 1279 1477 I77)
1296 1452 1302 1470 :
1324 1443 1355 1469 ὐ
1371 1444 1479 1479 Μιχαὴλ.
1496 1443 1655 1479 (Theophili
1670 1445 1744 1480 GL).
1761 1465 1769 1472 .

139 1495 268 1518 nuatores
283 1490 334 1517 dici
350 1489 448 1521 solent,
463 1490 496 1517 ad
515 1489 595 1526 linem
610 1489 730 1524 ejusdem
747 1490 837 1517 szecnli
853 1490 924 1524 (noui

988 1488 1091 1523 θρᾷκάς
1116 1497 1144 1515 τε
1178 1489 1225 1515 καὶ
1252 1489 1410 1521 Μακεδόνας
1442 1490 1521 1525 μέχρι
1546 1490 1601 1516 τῶν
1629 1491 1771 1526 τεσσάρων

140 1534 302 1569 mitiumque
321 1534 431 1567 decimi)
452 1535 646 1569 transgredior.
661 1534 699 1561 IIIi
723 1535 795 1561 enim
817 1543 881 1562 suos
895 1535 929 1562 de

141 1580 275 1615 proximis
295 1580 506 1614 imperatoribus
526 1580 735 1607 commentarios
759 1581 859 1608 smculo
882 1581 930 1607 dc-

141 1627 213 1652 cimo
229 1632 254 1652 et
273 1630 333 1660 post
359 1629 517 1652 cxararunt.
546 1624 652 1652 Citandi
675 1626 758 1661 igitur
789 1626 844 1653 fere
868 1632 931 1654 ante

141 1670 259 1698 Leonem
277 1671 424 1698 Diaconum
440 1677 500 1698 esse
516 1670 652 1703 videntur,
665 1679 735 1699 unus
747 1679 841 1698 eorum
867 1677 929 1707 post

141 1717 292 1744 Cedrcnum
310 1724 370 1744 cum
384 1717 512 1751 Scylitla.
529 1716 663 1744 Incertum
680 1716 853 1752 Theophanis
865 1725 931 1745 con-

142 1763 304 1790 tinuatorem
333 1771 415 1798 regno
438 1763 607 1790 Constantini
629 1762 854 1799 Potphyrogeniti
885 1771 930 1791 as-

143 1809 233 1844 signo.

179 1853 236 1881 Leo
253 1854 368 1888 Sapiens
384 1855 419 1890 (a.
440 1854 492 1882 886
507 1855 625 1890 —907).
644 1855 669 1882 Is
686 1856 712 1882 in
732 1864 782 1883 suo
802 1857 932 1884 ecclesia-

142 1907 203 1927 rum
219 1900 307 1927 indice
325 1900 362 1935 (I)
376 1901 433 1927 haec
450 1901 551 1928 habet:
567 1901 612 1936 Τῷ
634 1901 807 1937 Ἡρακλείας,
821 1903 932 1938 Θρᾴκης

142 1946 190 1972 καὶ
203 1945 383 1980 Μακεδονίας,
396 1955 422 1974 κ.
432 1955 456 1973 τ.
467 1947 492 1974 λ.
506 1947 582 1980 Quod
594 1948 717 1975 ultimum
729 1948 849 1976 additum
860 1953 932 1983 patet

140 1991 174 2018 ad
190 1991 409 2027 distinguendam
426 1993 497 2020 hanc
517 1993 630 2028 Europa:
651 1994 809 2022 Heracleam
828 1995 932 2029 (Perin-

141 2035 226 2071 thum)
236 2038 269 2064 ah
277 2037 374 2071 altera,
384 2038 466 2070 Asiae,
475 2046 513 2065 sc.
522 2038 746 2067 Pontoheraclea.
757 2039 841 2067 Usum
851 2041 931 2067 medii

140 2083 189 2110 aevi
204 2083 326 2117 sequitur
339 2084 421 2111 etiam
436 2085 489 2111 alio
505 2085 573 2117 loco,
589 2085 633 2112 ubi
654 2084 791 2113 Larissam
818 2085 931 2113 Graeciae

140 2129 264 2156 secundae
274 2129 378 2161 tribuit,
387 2131 543 2165 pariterque
551 2130 771 2158 Thessalonicam
784 2131 932 2159 Thessalia:

979 1532 1165 1568 σννηθροικὼς
1201 1533 1349 1568 μυριάδων.
1385 1533 1452 1560 Ibid.
1477 1541 1502 1561 c.
1535 1534 1570 1561 25
1599 1536 1644 1569 (p.
1681 1534 1768 1570 I8I):

985 1581 1031 1606 καὶ
1066 1579 1119 1605 τῶν
1152 1579 1263 1615 Θρᾴκης
1301 1580 1348 1605 καὶ
1386 1580 1557 1611 Μακεδονίας
1596 1581 1768 1616 στρατηγῶν.

982 1626 1054 1653 Idem
1073 1626 1141 1653 libro
1163 1633 1177 1651 ν
1191 1646 1198 1657 ,
1214 1626 1225 1652 I
1240 1626 1287 1660 (p.
1308 1626 1374 1660 212)
1389 1635 1395 1652 :
1423 1626 1606 1662 Αὐτοκράτωρ
1629 1627 1769 1660 Βασίλειος

979 1672 1092 1707 ὡρμᾶτο
1115 1672 1164 1709 μὲν
1192 1673 1224 1698 ὲκ
1257 1672 1308 1706 τῆς
1329 1672 1491 1698 Μακεδόνων
1515 1672 1577 1707 γῆς,
1601 1673 1631 1699 τὸ
1658 1673 1771 1707 δὲγὲνος

979 1715 1071 1745 εἷλκεν
1086 1718 1114 1751 ἐξ
1138 1717 1289 1753 Ἀρμενίων
1321 1718 1414 1748 ἔθνους
1436 1718 1598 1753 ’Λρσακίων.
1630 1719 1696 1745 Ibid.
1713 1727 1738 1746 c.
1753 1719 1772 1746 Ξ

981 1764 1026 1800 (p.
1038 1764 1100 1799 ΞΗ)
1117 1775 1121 1791 z
1141 1764 1187 1795 Εἰς
1204 1764 1291 1798 Νίκην
1316 1764 1386 1790 κατὰ
1403 1764 1574 1798 Μακεδονίαν
1604 1763 1697 1791 πόλιν.
1712 1784 1718 1791 ,
1731 1765 1770 1795 είς

979 1809 1129 1840 Φιλίππους
1139 1809 1372 1844 (Philippopolin),
1394 1809 1460 1844 μίαν
1472 1809 1521 1836 καὶ
1535 1809 1620 1844 αὐτὴν
1632 1809 1686 1836 τῶν
1702 1810 1772 1836 κατὰ

981 1855 1166 1882 Μακεδονίαν.
1180 1874 1187 1881 .
1217 1855 1320 1881 πόλεων
1333 1875 1340 1882 .
1351 1873 1358 1881 .
1370 1873 1378 1881 .
1404 1855 1445 1886 εἰς
1466 1854 1696 1890 ’Δδριανοὺπολιν.
1719 1854 1770 1882 Ibi-

981 1901 1042 1928 dem
1059 1909 1084 1928 c.
1097 1901 1131 1928 65
1145 1901 1154 1936 (
1174 1909 1200 1936 p.
1217 1901 1280 1935 505)
1306 1909 1312 1927 :
1331 1900 1408 1927 Λέων
1420 1902 1434 1927 ὁ
1445 1901 1498 1927 τῶν
1510 1900 1624 1936 Θρᾳκῶν
1638 1902 1686 1928 καὶ
1706 1901 1767 1928 Μα-

982 1947 1100 1974 κεδόνων
1120 1946 1272 1982 στρατηγός
1285 1947 1368 1982 (imp.
1387 1946 1486 1973 Basilio
1511 1946 1657 1973 Macedone
1680 1948 1699 1980 ).
1733 1946 1768 1973 Ib.

981 2000 1007 2020 c.
1028 1992 1118 2027 ΒΘΗ).
1135 1992 1213 2027 506):
1226 1992 1303 2018 Μετὰ
1314 1991 1368 2017 τῶν
1383 1991 1502 2027 Θρᾳκῶν
1525 2000 1554 2018 τε
1573 1993 1619 2018 καὶ
1647 1991 1770 2018 Μακεδό-

981 2047 1044 2065 νων.
1061 2037 1099 2065 II).
1109 2045 1134 2065 c.
1153 2037 1183 2064 ἸΙ
1203 2037 1213 2074 (
1227 2036 1319 2072 ρ.512)
1334 2045 1340 2062 :
1356 2037 1512 2072 Στρατηγὺν
1524 2037 1578 2063 τῶν
1591 2038 1620 2064 ὲν
1632 2037 1770 2072 Λαγοὸαρ-

982 2084 1027 2119 δίᾳ
1041 2084 1185 2119 δυνάμεων
1200 2083 1270 2118 μετὰ
1285 2083 1401 2119 Θρακῶν
1417 2083 1464 2110 καὶ
1473 2084 1639 2111 Μακεδόνων
1652 2084 1698 2110 καὶ
1710 2085 1768 2110 ὲπι-

983 2131 1087 2157 λέκτων
1104 2131 1295 2166 Χαρσιανιτῶν
1311 2131 1358 2157 καὶ
1374 2131 1579 2158 Καππαδόκων.
1604 2131 1676 2159 Idem
1704 2131 1769 2159 Iibro

141 2173 270 2208 assignat.
288 2174 317 2200 Iu
339 2175 448 2208 reliquis
465 2177 619 2209 antiquiora
645 2181 729 2209 tenet,
750 2185 789 2204 sc.
814 2178 839 2204 in
858 2178 924 2204 Nau-

988 2184 1022 2208 VI,
1035 2177 1062 2210 9,
1084 2185 1111 2212 p.
1125 2177 1177 2204 558
1201 2178 1278 2212 (imp.
1296 2177 1386 2204 Leone
1406 2178 1470 2212 Sap.
1488 2179 1497 2210 )
1515 2187 1521 2205 :
1537 2178 1679 2212 Συμϐολῆς
1696 2178 1723 2204 δὲ
1740 2179 1767 2204 ὲν

144 2224 234 2252 pacto,
247 2218 437 2253 I‘hilippopoli,
457 2219 641 2254 'I‘rajanopoli,
658 2221 848 2256 Adrianopoli,
864 2230 931 2257 quas

145 2263 216 2290 vide.
231 2263 256 2290 Iu
268 2264 320 2291 line
332 2264 451 2297 ejusdem
467 2265 574 2296 indicis,
586 2265 631 2291 ubi
649 2267 812 2301 melropoles
822 2275 934 2295 emunc-

144 2315 241 2337 rantnr
257 2315 311 2336 tum
326 2311 459 2344 temporis
477 2319 492 2337 a
511 2311 609 2338 throno
630 2310 753 2338 Romano
774 2313 884 2342 avulsas.
906 2317 934 2340 et

143 2355 449 2390 Constantinopolitano
471 2356 615 2390 adjunctm,
638 2361 698 2390 post
720 2357 788 2384 alios
812 2359 934 2385 Occurrit

142 2403 156 2428 ὸ
171 2402 346 2434 Νικοπόλεως
365 2402 575 2437 (ntelropolita),
591 2403 636 2437 qui
665 2405 740 2431 locus
753 2404 824 2431 haud
837 2412 932 2439 parum

143 2448 311 2476 dilIicultatis
336 2448 403 2476 tuihi
423 2449 533 2484 quidem
555 2449 657 2476 habere
678 2450 793 2477 videtur.
812 2450 934 2485 Namque

142 2495 232 2522 thema
244 2494 460 2530 Nicopolitanum
478 2499 507 2522 ut
519 2495 678 2529 nteiropolin
694 2495 807 2522 habebat
824 2496 932 2531 Naupa-

145 2544 239 2572 ctum,
270 2541 334 2568 colI.
370 2540 463 2568 Leone
492 2541 564 2568 libro
596 2541 725 2574 Laudato,
758 2542 803 2569 ubi
835 2542 932 2576 singuli

145 2585 307 2621 δυσί-οεοηοί
328 2593 525 2621 memorantur,
538 2589 611 2615 inter
627 2597 695 2623 quos
723 2589 836 2623 primus.
861 2597 900 2617 se.
919 2590 933 2616 6

145 2632 317 2667 Βουνδίτζης,
348 2633 416 2660 idem
445 2633 501 2661 fere
519 2643 580 2661 cum
609 2634 796 2669 Nicopolitano
826 2635 929 2668 fuerit;

146 2684 265 2711 namque
280 2676 422 2711 Nieopoliu
445 2683 499 2704 tum
516 2686 610 2706 revera
635 2688 687 2706 non
714 2680 850 2707 exstitisse
875 2680 933 2707 exi.

147 2723 238 2756 stimo,
255 2731 408 2759 quanquam
429 2732 526 2752 nomen
544 2726 602 2760 ejus
619 2731 713 2760 postea
732 2726 877 2760 aliquoties
890 2734 931 2753 rc-

986 2222 1141 2258 Μακεδονίᾳ
1149 2223 1308 2258 γενομένης,
1323 2223 1459 2258 ἡττῶνται
1472 2223 1614 2259 Ῥωμαῖοι.
1624 2224 1690 2251 Ibid.
1705 2232 1728 2251 c.
1739 2223 1770 2251 I5

987 2269 997 2304 (
1009 2277 1035 2303 p.
1054 2269 1117 2303 365)
1131 2277 1138 2295 :
1152 2269 1206 2294 Kal.
1229 2269 1257 2294 ἐν
1274 2269 1431 2304 Μακεδονίᾳ
1444 2268 1603 2296 ἀπέστειλεν
1614 2288 1621 2295 .
1635 2289 1641 2295 .
1662 2269 1769 2303 ἀγαγὼν

987 2313 1017 2339 δὲ
1035 2314 1066 2340 ὲκ
1079 2314 1248 2345 Μακεδονίας
1265 2313 1418 2340 Βασίλειον.
1434 2334 1441 2340 .
1458 2314 1528 2340 Idem
1545 2314 1571 2340 itt
1587 2314 1708 2340 Romano
1722 2314 1768 2340 La-

987 2365 1090 2391 capeno
1115 2366 1173 2392 cap.
1203 2359 1279 2393 Ifi(p.
1293 2358 1355 2392 I05)
1370 2368 1376 2385 :
1394 2357 1516 2393 Συμεὼν,
1537 2358 1630 2392 ἄρχων
1653 2357 1769 2391 Bouh:-

988 2403 1070 2438 ρίας.
1083 2422 1089 2428 .
1111 2403 1234 2438 ληῖζεται
1252 2404 1299 2438 μὲν
1325 2403 1436 2438 Θρᾴκην
1457 2403 1504 2429 καὶ
1525 2403 1704 2429 Μακεδονίαν.
1726 2403 1770 2430 Ibi-

987 2450 1046 2477 dem
1063 2457 1087 2477 c.
1102 2449 1138 2476 22
1154 2451 1190 2484 (p.
1204 2449 1284 2483 “2):
1301 2449 1357 2475 Kal.
1374 2450 1402 2474 ὲν
1419 2448 1574 2484 Μακεδονίᾳ
1599 2449 1770 2484 καταλαμϐά-

987 2504 1087 2522 νουσιν.
1104 2495 1171 2522 Ibid.
1190 2503 1215 2522 ρ.
1231 2496 1265 2523 29
1281 2495 1319 2530 (p.
1336 2495 1397 2522 4‘20)
1415 2504 1421 2522 :
1448 2495 1530 2520 Ὥστε
1550 2495 1700 2530 συμϐῆναι,
1716 2495 1772 2521 τού-

986 2551 1050 2573 τους
1064 2542 1216 2578 (Bulgaros)
1228 2541 1283 2567 ἀπδ
1302 2540 1453 2572 Μακέτιδος
1475 2540 1518 2567 διὰ
1531 2541 1685 2576 Στρυμόνος
1708 2541 1769 2575 πρὸς

993 2589 1108 2616 Ἐλλάδα
1124 2588 1172 2614 καὶ
1189 2589 1237 2622 τὴν
1253 2587 1401 2613 Νικόπολιν
1417 2587 1605 2622 προχωρῆσαι.
1635 2587 1672 2613 Ib.
1694 2595 1718 2612 ρ.
1739 2585 1769 2612 53

987 2635 1025 2670 (p.
1044 2635 1107 2669 HI)
1117 2642 1124 2660 :
1136 2634 1276 2664 Βασίλειος
1290 2633 1318 2659 δέ
1328 2641 1370 2665 τις
1379 2633 1521 2660 Μακεδὼν.
1533 2633 1571 2660 Ib.
1585 2641 1609 2660 c.
1627 2633 1662 2659 -l5
1677 2642 1683 2658 :
1697 2631 1768 2658 Ηλείσ

987 2687 1064 2710 aut;
1083 2678 1259 2714 (Ι.πλείστας)
1276 2678 1368 2704 πόλεσι
1386 2679 1414 2713 (I.
1434 2679 1542 2712 πόλεις)
1559 2678 1629 2705 κατὰ
1651 2677 1767 2705 Μακεδο-

986 2725 1045 2751 νίαν
1065 2725 1111 2751 καὶ
1123 2724 1233 2759 Θρᾴκην
1248 2745 1253 2752 .
1269 2745 1275 2750 .
1289 2745 1295 2752 .
1312 2725 1382 2752 Ilcm
1398 2726 1425 2752 iu
1448 2726 1627 2753 Constantino
1653 2723 1767 2758 Porphy-

178 2813 220 2848 (I)
233 2814 330 2842 Exstat
343 2815 412 2842 inter
428 2814 488 2848 ejus
507 2821 587 2849 opera
600 2815 674 2842 varia
687 2815 712 2842 iu
729 2821 799 2844 toruo
812 2815 880 2844 CVII
903 2814 1185 2850 Patwolngiwnostt‘ec.
