1899 3060
179 85 191 114 Δ
202 84 209 115 l
736 83 779 113 VA
786 83 906 113 RIORU
912 83 937 112 Μ
958 83 1237 114 PBHSFATIONES.
1761 81 1797 115 49

177 146 305 173 χονται...
324 135 529 170 απαντηοέντας
544 136 627 169 ἐγγὺς
648 135 686 167 εἰς
705 135 739 162 τὰ
760 135 810 170 τῆς
828 135 962 162 Θεσσαλο-

1022 137 1126 164 tosthac
1142 143 1263 164 securem
1281 141 1356 163 suam
1379 136 1498 163 caedendi
1512 144 1592 164 causa
1614 137 1701 166 eidem
1716 139 1796 167 saluti

181 184 261 217 νίκης
279 183 384 217 μέρη...
400 181 450 209 Ubi
472 181 587 208 Thracia
603 187 646 207 cst
668 181 905 215 Adrianopolitana
920 189 961 209 re-

177 231 237 264 gio;
255 228 412 255 Macedonia
429 234 492 254 vero
505 226 541 254 nil
556 227 639 259 aliud,
656 234 736 261 quam
749 226 877 254 meridies
895 226 965 253 inter

176 273 437 308 Constantinopolim
467 277 494 300 et
522 273 641 300 Hebrum
674 271 790 304 ﬂumen;
825 272 964 299 Thessalia

178 322 259 352 idem,
287 320 359 354 qttod
385 318 579 346 Thessalonica
608 317 688 344 medii
710 318 759 344 aevi
775 336 782 348 ,
807 317 964 344 Macedonia

178 372 309 393 veterum.
328 365 399 392 Idem
415 372 476 399 cap.
503 364 539 391 25
553 363 591 398 (p.
614 364 675 394 132)
691 373 698 390 :
715 363 771 390 Καὶ
782 363 854 394 ὡς...
880 372 964 390 κατα-

177 412 275 446 στῆσαι
291 411 385 437 τοῦτον
404 410 522 445 ἄρχοντα
544 409 714 440 Μακεδονίας
728 409 774 435 καὶ
793 409 962 443 Χερρονήσου

177 458 224 485 καὶ
247 457 337 492 πάσης
357 457 479 492 Θρᾴκης.
504 455 533 482 In
563 455 672 489 reliquis
696 455 852 482 Macedonia
880 455 965 481 utitur

175 511 256 530 sensu
271 508 404 534 veterum,
416 509 440 528 e.
457 509 497 536 gr.
513 508 572 535 cap.
587 501 619 527 19
631 501 669 535 (p.
684 501 729 532 91,
746 500 802 534 92).
821 501 857 527 De
872 499 964 526 Thes—

177 549 245 576 salia
261 549 340 583 hujus
356 547 497 582 scriptoris
514 547 626 581 posthac
643 547 803 575 videbimus.

213 591 547 626 LaonicusChalcontlylas
557 591 625 618 libro
632 591 718 625 primo
727 599 753 625 p.
761 591 805 623 35,
816 590 962 618 cd.Bonn,:

183 628 391 672 ‘Apou‘pa’tncw
419 637 448 667 ἐς
470 637 519 671 τὴν
535 635 671 671 Εὐρώπην
690 636 786 667 διαῧὰς
802 656 822 663 ..
847 638 892 662 καὶ
917 637 964 663 ἐπὶ

183 683 402 718 Ἀδριανούπολιν
418 683 529 713 ἐλάσας.
542 682 575 708 τὰ
594 681 718 716 βασίλειά
732 683 755 707 oi
776 682 857 708 αὐτοῦ
873 682 965 716 ἐποιή-

177 737 254 754 σατο.
281 728 337 755 Καὶ
364 727 488 754 ὲντεῦοεν
505 726 665 761 ὁρμώμενος
690 726 812 759 ἑληῖζετο
839 727 887 761 τὴν
915 727 965 762 τῆς

177 768 346 804 Musoni/at;
359 773 502 807 μεσόγαιον
515 772 617 807 χώραν.

214 820 243 846 In
270 820 380 853 reliquis
405 819 536 845 Laouicus
556 818 710 845 Macedonia
732 818 814 844 tttitur
839 824 959 845 veterqu

177 874 270 899 sensu,
287 866 350 893 item
368 865 427 892 aliis
450 865 539 892 terris.
553 864 600 891 Est
617 869 706 890 autem
724 865 746 892 is
772 864 872 891 ultimas
884 863 959 891 Gne-

177 912 270 939 eitatis
284 911 402 946 scriptor
421 910 530 937 minime
542 910 766 941 contemnendus,
784 914 838 936 tuttt
852 915 962 944 propter

179 957 335 983 ubertatem
353 955 497 988 quamdam
520 958 547 981 et
566 954 725 988 elegantiam
743 953 883 986 narrandi,
905 959 960 980 tum

180 1002 364 1036 maximopere
376 1001 410 1028 ob
427 1007 535 1027 sensum
553 999 695 1033 quemdam
707 999 961 1034 elbnogrsphicum,

179 1047 257 1082 cujus
283 1054 366 1081 pauca
397 1046 468 1081 apud
494 1051 683 1073 antecessores
708 1045 819 1080 vestigia
837 1045 961 1079 equidem

180 1093 355 1127 deprehendi.
509 1116 514 1119 .

216 1137 345 1170 Georgius
365 1136 499 1163 Phrantza
516 1135 585 1163 libro
603 1143 622 1167 ι,
640 1135 669 1162 Η
687 1135 725 1171 (p.
738 1135 772 1163 46
783 1136 826 1163 ed.
844 1135 961 1171 Bonn.):

181 1183 353 1218 Περάσαντες
368 1182 393 1208 οἱ
414 1182 529 1217 Τοῦρκοι
545 1182 572 1207 ἐν
586 1182 619 1216 τῇ
634 1181 752 1216 Εὐρώπῃ
772 1182 812 1212 εἰς
827 1181 876 1216 τὴν
891 1182 963 1217 Χεῤ-

182 1229 294 1263 ῥάνησον
307 1228 356 1262 τῆς
370 1228 514 1263 Θρᾴκης...
531 1226 624 1253 λοιπὸν
639 1227 652 1252 ὁ
674 1227 844 1262 Ἀμουράτης
855 1227 901 1253 καὶ
916 1228 965 1262 τῆς

187 1273 431 1308 Ἀδριανουτιόλεως
446 1273 582 1307 ἐγκρατὴς
598 1272 753 1306 γενόμενος,
769 1274 816 1300 καὶ
831 1273 897 1299 πολὺ
913 1273 963 1307 μέ-

182 1327 227 1354 ρος
242 1319 273 1345 ὲκ
285 1320 333 1353 τῆς
350 1318 518 1350 Μακεδονίας
534 1318 580 1344 καὶ
597 1317 764 1353 Βουλγαρίας
779 1318 824 1345 καὶ
840 1318 963 1353 Σερόίας,

181 1373 209 1391 κ.
226 1373 251 1390 τ.
280 1364 306 1391 λ.
324 1363 395 1391 Idem
414 1364 478 1391 ibid.
505 1372 529 1391 c.
546 1364 580 1390 9.6
595 1363 633 1399 (p.
657 1364 691 1391 80
715 1364 758 1391 ed.
779 1364 855 1397 cit.):
882 1361 966 1396 οὗτος

182 1412 327 1447 πρῶτος...
343 1412 370 1438 ἐν
391 1413 447 1443 τοῖς
461 1413 510 1446 τῆς
526 1411 654 1446 Εὐρώπης
669 1411 765 1446 μέρεσι
779 1412 902 1446 περάσας
917 1411 966 1447 τὴν

1017 182 1141 214 iudicent,
1162 187 1259 209 eventu
1280 186 1379 214 tamen,
1401 186 1430 209 ut
1447 189 1574 216 auguror,
1590 183 1730 219 aliquanto
1745 186 1797 213 mi-

1015 235 1090 260 nore,
1113 235 1193 262 quam
1217 226 1307 254 Vestra
1334 227 1397 254 utihi
1421 234 1510 254 rertttn
1537 229 1654 261 cognitio
1671 234 1696 257 et
1721 230 1795 257 decié

1017 273 1094 299 dendi
1113 273 1259 299 dexteritas
1278 273 1380 306 pridem
1396 273 1548 307 spopondit.
1561 268 1702 302 Postremo
1715 275 1799 302 Thra-

1016 317 1064 343 rite
1074 317 1264 351 geographiam
1279 322 1339 350 post
1354 324 1427 344 meas
1438 317 1694 346 Thessalonicenses
1712 319 1799 354 Egna-

1017 363 1157 397 tianasquc
1170 362 1368 389 lucubrationes
1383 370 1452 390 nunc
1466 364 1584 391 maxime
1595 364 1692 392 iterato
1704 365 1796 393 labore

1015 409 1167 444 aggrediar.

1052 453 1110 480 Dixi
1131 453 1157 479 in
1173 451 1394 479 antecedentibus
1411 461 1418 480 :
1437 453 1497 479 Jam
1511 454 1594 486 primo
1612 456 1715 482 urbium
1730 464 1796 491 qutt-

1018 498 1140 524 rumdam
1165 497 1243 532 hujus
1260 497 1423 524 Macedonia
1450 498 1555 524 nomina
1577 499 1726 532 cilabimm,
1747 508 1798 536 quo

1016 551 1067 570 non
1090 543 1191 576 ﬁrmius
1212 547 1308 570 nostra:
1325 543 1461 570 sententia:
1480 543 1684 578 fundamentum
1706 547 1796 581 jacere

1013 596 1160 622 possumus.
1196 587 1261 614 Dein
1281 593 1357 615 terra:
1385 589 1467 622 ipsius
1492 589 1732 618 denamiuationem
1754 600 1799 625 per

1015 633 1123 667 longum
1139 633 1294 660 rwrulorttm
1311 634 1426 660 ordinem
1446 643 1639 669 persequentur.
1664 634 1799 664 Postremo

1014 678 1156 705 ridebimus
1172 680 1301 711 quomodo
1315 679 1414 713 factum
1437 680 1470 706 sit
1495 686 1522 707 ut
1540 681 1589 707 ista
1610 680 1728 709 Thracia:
1739 692 1800 716 pars

1017 723 1149 750 diceretur
1165 723 1334 750 Macedonia.

1052 769 1098 804 Egi
1114 770 1195 804 igitur
1213 770 1245 798 de
1267 771 1420 798 nominibus
1447 772 1554 799 urbium
1571 771 1745 806 Macedonius,
1760 775 1801 801 in-

1014 822 1054 844 ter
1070 817 1184 844 Pontum
1206 817 1339 845 Euxinum
1367 818 1568 854 Rhodopenque
1586 821 1660 853 sine;
1678 822 1741 848 hinc
1760 822 1794 849 de

1015 868 1087 890 terra
1099 863 1166 897 ipsa,
1184 865 1333 897 unocapite
1346 865 1398 891 duo
1415 865 1520 900 imperii
1539 865 1798 901 thematajungens.

1015 909 1138 936 Thracia
1151 913 1178 936 et
1191 909 1363 937 Macedoniae.
1379 909 1468 942 Quare
1485 917 1547 938 vero
1568 918 1621 938 non
1644 912 1697 939 duo
1713 913 1801 947 capita

1015 953 1140 986 formavi,
1156 959 1185 981 ιιι
1195 960 1272 982 erant
1293 955 1346 982 du'o
1372 956 1509 982 themata?
1538 955 1601 990 Ejus
1624 958 1662 984 rei
1691 965 1800 984 causam

1015 999 1182 1027 brevissimis
1212 1008 1358 1035 exponam.
1388 1000 1513 1028 Nondum
1545 1002 1658 1035 inveni,
1687 1002 1798 1037 quinam

1017 1045 1084 1072 ﬂues
1113 1045 1253 1080 utriusque
1271 1045 1398 1073 thematis
1422 1038 1536 1079 fuerint,
1553 1047 1579 1074 id
1602 1048 1672 1082 quod
1692 1048 1717 1082 in
1737 1048 1801 1075 reli-

1016 1091 1078 1125 quis
1091 1090 1256 1118 thematibus
1273 1091 1440 1118 commodius
1457 1092 1603 1126 significari
1621 1100 1700 1127 posse
1721 1094 1799 1119 vide-

1018 1142 1080 1170 tur;
1104 1137 1213 1165 dubium
1239 1145 1346 1172 quoqtte
1374 1143 1402 1164 et
1429 1145 1528 1173 anceps
1554 1139 1712 1166 etiamnunc
1733 1139 1800 1166 mihi

1018 1187 1120 1215 manet,
1134 1187 1276 1217 utrumque
1289 1183 1376 1210 thema
1393 1191 1456 1210 num
1471 1184 1567 1217 duplex
1583 1191 1689 1219 semper
1707 1183 1799 1215 fuerit,

1018 1235 1051 1254 an
1066 1228 1163 1262 saepius
1177 1228 1271 1254 unum?
1285 1227 1351 1254 Nam
1364 1236 1416 1262 que
1430 1228 1478 1255 ista
1494 1228 1702 1263 Byzantinorum
1717 1229 1803 1256 Thra-

1019 1273 1059 1300 cia
1075 1278 1102 1300 et
1125 1273 1279 1300 Macedonia
1307 1281 1358 1300 non
1383 1277 1441 1300 erat
1465 1281 1559 1307 reapse
1577 1275 1628 1301 nisi
1644 1274 1802 1302 Macedonia

1020 1319 1162 1351 Thracica,
1185 1319 1222 1354 (li)
1246 1319 1324 1354 longe
1344 1325 1433 1347 tamen
1450 1321 1500 1347 alia
1527 1328 1541 1347 a
1568 1320 1802 1348 Thessalonicensi

1020 1364 1178 1392 Macedonia
1194 1364 1394 1400 (Thessalonica
1420 1366 1499 1392 medii
1520 1366 1592 1400 :evi).
1618 1366 1802 1393 Nihilominus

1021 1411 1121 1446 aliquid
1132 1417 1238 1445 quoque
1253 1411 1352 1438 laboris
1371 1411 1445 1438 hisce
1462 1412 1616 1446 quisquiliis
1637 1413 1802 1446 impendam,

183 1458 381 1485 Καλλιοὺπολιν
400 1457 560 1490 κατέλαόεν,
575 1455 633 1484 εἶτα
650 1458 697 1484 καὶ
711 1457 760 1492 τὴν
779 1457 966 1492 ’Δδριανούπο-

1022 1457 1052 1482 ad
1079 1457 1202 1491 graviora
1228 1457 1324 1484 deinde
1354 1465 1514 1492 properans,
1542 1465 1573 1485 ea
1602 1458 1714 1491 scilicet,
1742 1467 1803 1494 qua:

181 1503 234 1530 λιν.
254 1503 371 1538 Ὁμοίως
386 1504 433 1530 καὶ
449 1503 543 1538 ἕτερον
558 1503 608 1529 οὐκ
627 1503 717 1537 ὀλίγον
734 1503 816 1538 μέρος
827 1503 876 1538 τῆς
892 1504 965 1540 Θρᾴ-

182 1557 234 1583 κης
245 1549 293 1575 καὶ
307 1547 474 1579 Μακεδονίας
484 1547 589 1575 ἐλαϐεν.
600 1547 665 1580 Quae
679 1548 789 1574 omnino
804 1549 965 1575 conferenda

183 1599 246 1622 sunt
270 1602 330 1621 cum
352 1593 463 1621 Laonici
489 1593 679 1629 Chalcondylte
695 1593 784 1621 verbis
803 1594 883 1621 modo
907 1602 964 1621 nte-

184 1639 304 1666 moratis.
323 1637 395 1666 Idem
411 1638 476 1666 Phr.
493 1646 530 1671 !V,
543 1638 575 1665 17
591 1638 629 1673 (p.
643 1637 695 1664 400
705 1638 748 1665 ed.
766 1638 841 1672 cit.):
858 1639 904 1670 Εἰς
916 1638 966 1673 τὴν

187 1685 360 1717 θεοδόξαστον
382 1684 679 1716 Κωνσταντινούπολιν,
701 1684 749 1719 τὴν
782 1684 964 1720 Σηλυμϐρίαν,

184 1731 234 1765 ἑὴν
254 1730 435 1765 Ἡράκλειαν,
461 1732 491 1756 τὸ
507 1729 672 1762 Ῥαιδεσεὺν,
697 1729 746 1764 τὴν
770 1729 965 1756 Καλλιούπολιν

185 1777 233 1804 καὶ
247 1777 296 1808 τὰς
314 1776 396 1807 ἄλλας
410 1776 460 1811 τῆς
475 1775 644 1807 Μακεδονίας
659 1775 750 1807 πόλεις
762 1775 789 1811 [e
800 1775 871 1803 bulla
884 1783 965 1803 aurea

185 1822 357 1857 imperatoris
371 1820 667 1855 AndroniciPalaeologi
684 1828 754 1853 sen.,
768 1828 812 1847 an.
826 1820 894 1849 1292
906 1820 965 1849 Μο-

184 1867 358 1895 ttembasiotis
375 1866 457 1902 data].

219 1911 285 1943 Olte,
297 1911 355 1946 jam
374 1912 440 1938 satis
459 1910 606 1945 superque!
622 1909 752 1942 Quorsum
771 1909 874 1941 attinet,
889 1913 965 1936 tanta

185 1965 231 1984 nos
247 1957 451 1984 testimoniorum
464 1961 533 1982 strue
547 1956 597 1983 nisi
614 1956 732 1988 obruere,
746 1961 831 1983 tamen
850 1955 966 1982 obnubi-

185 2002 260 2030 iure?
270 2002 333 2036 Ejus
343 2002 449 2036 generis
459 2000 567 2028 Vestras
576 2000 699 2035 equidem
709 2008 788 2031 voces
798 2001 896 2028 dudum
906 2008 966 2034 per-

185 2049 275 2083 cipere
288 2048 354 2074 mihi
368 2047 470 2079 videor,
483 2046 629 2073 Fantorum
638 2054 688 2081 par
697 2048 907 2073 colendiuimunt
916 2046 966 2082 (I).

187 2093 319 2129 Roget-am
344 2100 420 2124 vero,
447 2100 499 2127 quo
517 2099 559 2119 me
587 2092 738 2119 defendant.
754 2092 782 2118 In
801 2099 830 2118 re
848 2093 966 2119 nondutu

188 2139 370 2174 pervestigata
400 2138 538 2173 religionis
565 2143 589 2165 et
605 2137 747 2172 probitatis
771 2144 830 2164 esse
850 2141 968 2167 constat.

188 2185 279 2212 omnia
293 2192 347 2211 suae
371 2191 459 2211 causm
483 2188 641 2218 argumenta
661 2184 686 2209 in
704 2183 819 2210 medium
838 2182 969 2217 proferre,

163 2227 167 2235 ³
188 2234 266 2256 caute
285 2229 389 2256 scilicet
403 2228 550 2263 ponderata
572 2227 674 2261 riteque
689 2227 829 2261 disposita,
848 2227 918 2253 unde
931 2227 973 2260 ju-

188 2275 341 2302 dicantibus
355 2274 526 2302 commodior
540 2273 704 2308 intelligendi
722 2273 835 2300 facultas
848 2280 975 2307 procure-

188 2319 252 2348 tur:
272 2325 313 2347 est
337 2325 428 2347 autem
454 2319 614 2346 eruditionis
638 2325 744 2353 quoque
769 2318 888 2352 probitas
904 2326 977 2352 quae-

189 2367 250 2394 dam
270 2371 296 2393 et
314 2366 407 2401 religio
424 2365 548 2398 tenenda,
567 2373 619 2391 non
645 2364 693 2391 l'ori
709 2365 889 2392 solummodo.
909 2365 973 2391 Dein

190 2412 415 2447 lypographorutn
431 2412 531 2438 chartae
547 2411 723 2445 patientiores
736 2415 798 2437 sunt
814 2411 974 2445 ineptiarum

189 2459 256 2493 ipsis
286 2458 474 2491 impositurum
505 2463 586 2492 atqtte
619 2457 769 2488 illitarutn,
797 2464 877 2490 quatn
904 2456 974 2482 oculi

189 2506 269 2532 unius
299 2505 447 2532 alteriusve
477 2503 641 2538 legentium;
659 2510 743 2536 quate
764 2503 786 2530 si
812 2510 871 2529 mea
899 2501 976 2528 Vobis

189 2552 405 2578 testimoniorum
425 2551 491 2577 silva
505 2551 578 2585 justo
594 2550 707 2584 spissior
725 2549 868 2580 videbitur,
884 2556 915 2575 en
931 2549 975 2575 alii

226 2621 263 2656 (ὁ)
277 2621 332 2648 Leo
349 2621 463 2655 Sapiens
478 2621 504 2647 in
531 2628 581 2648 suo
601 2620 777 2656 ecclesiarum
799 2620 887 2656 indice
907 2620 975 2656 2711;)

206 2657 358 2689 Ηρακλείας
382 2655 591 2690 ίνιιιίιιγοροιῑιω),
609 2655 719 2690 Θρᾴκης
733 2655 779 2681 καὶ
795 2655 973 2685 Μακεδονίας.

189 2689 288 2725 Script.
306 2696 365 2724 post
382 2689 572 2725 Theophanem
593 2691 636 2716 ed.
655 2689 722 2716 ’Vett.
740 2697 765 2723 p.
785 2690 836 2725 105
855 2698 862 2716 :
884 2691 976 2716 Μακε-

190 2724 282 2758 δονίας
297 2725 346 2760 τῆς
358 2725 479 2761 Θρᾴκης.
501 2724 601 2751 Ibidem
617 2732 678 2759 pag.
692 2725 755 2756 2‘25,
771 2724 814 2751 cd.
832 2724 919 2751 Bonn.
936 2725 974 2759 (in

1019 1509 1128 1529 causam
1156 1507 1296 1537 spectant,
1325 1510 1410 1537 quare
1436 1503 1551 1531 Thracia
1585 1504 1701 1532 Hebrum
1734 1506 1805 1534 inter

1020 1544 1187 1583 Pontumque
1205 1549 1336 1576 Euxinum
1350 1550 1401 1576 sita
1425 1550 1558 1577 diceretur
1574 1550 1739 1579 Macedonia.

1054 1593 1259 1620 Constantinum
1280 1594 1539 1630 Porphyrogenitum
1557 1596 1673 1630 primum
1691 1597 1803 1632 Europa:

1019 1646 1074 1666 sua:
1083 1638 1172 1666 thema
1184 1639 1327 1667 Thraciam
1340 1640 1594 1673 dicere,secundum
1607 1641 1802 1675 MacedoniamI

1019 1686 1127 1712 tertium
1141 1685 1323 1720 Strymonem,
1333 1691 1397 1718 etc.,
1411 1686 1600 1721 inscriptiones
1616 1687 1676 1715 libri
1688 1687 1805 1716 Thema-

1021 1734 1075 1757 tum
1087 1731 1245 1764 posterioris
1258 1732 1444 1758 demonstrant
1455 1731 1494 1765 (p.
1505 1728 1556 1759 HO
1568 1731 1647 1767 hujus
1656 1733 1803 1769 editionis).

1019 1774 1233 1802 Ceriutouiarum
1250 1776 1368 1810 ejusdem
1393 1777 1460 1804 liber
1484 1777 1553 1804 idern
1572 1783 1684 1805 testatur
1706 1779 1752 1806 lib.
1774 1787 1805 1810 Il.

1019 1827 1079 1854 cap.
1094 1819 1140 1854 52,
1157 1821 1201 1848 ubi
1212 1821 1333 1848 Thraciae
1345 1829 1446 1855 praeses
1461 1822 1502 1850 bis
1516 1823 1670 1851 setuelante
1685 1823 1807 1851 Macedo—

1017 1866 1068 1892 nia:
1092 1866 1232 1900 prtesidem
1258 1872 1441 1901 memoratur;
1454 1872 1589 1902 postremo
1601 1869 1673 1903 larga
1688 1870 1806 1904 reliquo-

1019 1919 1077 1938 rum
1089 1912 1300 1939 testimoniorum
1317 1920 1393 1948 seges
1407 1920 1441 1940 ex
1453 1913 1547 1941 eodem
1562 1919 1658 1949 cap.et
1676 1914 1807 1942 Ilieroclis

1021 1957 1191 1991 Synrcdemo.
1228 1956 1341 1992 Jamque
1373 1959 1399 1984 in
1436 1959 1485 1986 hac
1522 1964 1613 1986 nostra
1658 1960 1807 1994 qutestione

1021 2003 1203 2038 maximopere
1222 2003 1411 2030 attendendum
1437 2004 1542 2030 videtur
1557 2005 1587 2030 ad
1602 2011 1662 2030 cum
1682 2005 1803 2031 ordinem

1020 2056 1073 2083 quo
1102 2048 1240 2082 utriusque
1266 2048 1383 2082 regionis
1403 2048 1510 2074 nomina
1536 2056 1588 2075 uno
1608 2048 1664 2075 fere
1689 2049 1806 2083 scripto-

1020 2101 1079 2120 rum
1091 2100 1137 2119 ore
1151 2093 1278 2119 citantur.
1294 2093 1344 2125 Qui
1360 2100 1412 2120 non
1423 2092 1493 2120 alius
1504 2099 1556 2124 est,
1570 2101 1649 2128 quam
1661 2094 1704 2120 hic
1715 2103 1721 2120 :
1733 2094 1806 2129 Θρᾴ-

987 2137 1009 2165 D
1024 2147 1059 2173 κη
1075 2139 1121 2164 καὶ
1142 2138 1306 2170 Μακεδονία,
1330 2138 1388 2166 sive
1408 2139 1513 2174 Θρᾷκές
1530 2148 1559 2165 τε
1574 2140 1620 2166 καὶ
1643 2140 1805 2170 Μακεδόνες.

1022 2183 1184 2210 Iuvcrsionis
1205 2183 1326 2217 exempla
1350 2184 1490 2211 rarissima
1521 2191 1601 2218 esse,
1621 2185 1808 2213 antecedentia

1023 2229 1217 2264 patefecerunt.

1060 2274 1180 2301 Primum
1200 2274 1281 2309 igitur
1298 2275 1386 2303 thema
1401 2275 1526 2308 Thracia,
1539 2275 1564 2302 id
1579 2280 1620 2302 est
1634 2275 1806 2310 Byzantium,

1026 2321 1087 2353 erit,
1115 2328 1176 2349 cum
1196 2327 1260 2354 agro
1276 2321 1375 2352 vicino,
1397 2321 1474 2355 cujus
1494 2325 1584 2348 tamen
1603 2321 1670 2348 lines
1687 2321 1808 2348 nondum

1026 2367 1134 2398 inveni;
1168 2366 1316 2393 secundum
1339 2366 1503 2393 Macedonia
1524 2366 1560 2393 De
1579 2367 1620 2393 his
1643 2366 1698 2392 vid.
1721 2366 1809 2400 ipsum

1023 2411 1227 2439 Constantinum
1247 2412 1329 2446 (pag.
1352 2411 1404 2438 109
1423 2411 1536 2445 hujusce
1549 2411 1626 2445 edit.)
1647 2420 1653 2437 :
1669 2411 1705 2437 Τὸ
1721 2412 1810 2438 τοίνυν

1026 2458 1095 2492 Θέμα
1125 2458 1174 2492 τῆς
1203 2457 1314 2492 Θρᾴκης
1335 2457 1396 2492 ἄρτι
1422 2465 1505 2491 nuper
1535 2456 1584 2491 τὴν
1608 2456 1682 2482 θέσιν
1712 2457 1811 2490 (insti-

1027 2503 1169 2538 lntioucm)
1189 2503 1235 2529 καὶ
1254 2503 1302 2538 τὴν
1319 2502 1467 2537 ὀνομασεαν
1482 2502 1559 2536 ἔλαχε
1578 2502 1705 2536 θέματος,
1723 2503 1767 2536 ἀφ’
1780 2500 1810 2529 οὗ

1026 2549 1056 2575 τὺ
1070 2549 1124 2575 τῶν
1138 2548 1301 2582 Βουλγὰρων
1313 2547 1390 2582 γένος
1405 2547 1449 2574 τὸν
1460 2547 1566 2582 Ἴστρον
1582 2547 1699 2582 ποταμὸν
1720 2547 1811 2573 διεπέ-

1031 2620 1130 2647 Basilio
1159 2619 1316 2648 Macedone.
1333 2626 1393 2653 cap.
1424 2618 1451 2645 9l
1475 2627 1481 2645 :
1512 2619 1557 2645 Ἐκ
1573 2619 1741 2649 Μακεδονίας
1763 2619 1812 2652 τῆς

1030 2656 1150 2690 θρᾲκης.
1184 2655 1219 2680 De
1244 2654 1358 2690 Thracia
1375 2659 1400 2680 ei.
1428 2653 1582 2690 Macedonia
1602 2654 1730 2690 Cottonis,
1758 2660 1813 2690 Imo

1032 2688 1121 2724 I’hotii
1150 2690 1309 2724 patriarchae
1333 2689 1426 2722 (I'Itot.
1450 2689 1575 2715 Bibliulh.
1594 2697 1619 2722 p.
1647 2688 1706 2715 MU.
1721 2696 1748 2714 a.
1767 2688 1811 2715 ed.

1031 2723 1135 2757 Bekk.),
1151 2725 1209 2750 \‘ide
1225 2725 1390 2758 Epitllt‘lillltl
1414 2723 1636 2751 Slrahoniauum.

224 2783 261 2816 (ι.)
280 2783 324 2809 DD
343 2782 366 2806 .l.
380 2782 408 2805 Ρ.
424 2781 583 2810 l’almerayer
594 2784 620 2805 et
632 2781 660 2805 P.
675 2781 698 2806 Ι.
713 2780 951 2813 Scbafarik,lquibus
963 2788 1025 2812 opus
1035 2788 1106 2806 suum
1119 2782 1269 2812 nuncuparit
1281 2784 1374 2806 amtor.
1391 2781 1456 2806 Enn.

346 2826 480 2855 ΡΑτιωι..
504 2825 561 2854 Gn.
587 2824 700 2854 CXIII.

1628 2823 1647 2852 2
