1899 3060
189 137 225 170 53

748 139 953 171 VABIORUM
968 139 1247 170 PREFATIONES.

1777 136 1811 168 54

186 196 303 220 mocatta
316 199 342 227 μ.
358 193 408 220 3³11
426 201 433 219 :
455 192 607 220 ’Δπολιπὼν
623 202 652 220 τε
667 193 716 228 τὴν
730 194 867 229 Ὀδησσὸν,
881 193 928 220 ἐπὶ
942 194 976 220 τὰ

1037 194 1139 226 'ediret,
1147 193 1296 220 Canusium
1311 191 1456 228 Apulorum
1470 192 1618 229 (q)attigit,
1635 192 1661 219 in
1678 192 1719 219 via
1728 192 1814 227 Appia

187 238 315 273 εὐώνυμα
336 239 390 265 τῶν
410 238 508 274 χώρων
531 241 692 275 μεταφοιτᾷ,
714 241 747 276 τῇ
770 249 798 266 τε
817 239 978 275 Μαρκιανοῦ

188 285 386 319 συγγενόμενος
403 285 479 311 πόλει
496 305 504 312 .
518 305 525 312 .
541 303 548 312 .
559 286 628 320 Ergo
643 286 671 313 hi
688 286 759 321 ισορί
776 286 845 313 inter
858 286 978 320 Axiopo-

188 330 225 357 lin
243 335 270 357 et
290 330 501 365 Marcianopolin
523 333 606 366 quzri
629 332 774 359 debebunt.
795 332 978 366 Eamdemque

188 377 233 403 diu
251 381 325 409 ante,
341 377 430 404 saeculi
450 379 537 412 quarti
551 377 614 410 ﬁne,
630 377 658 405 S.
674 378 802 405 Paulinus
819 378 919 406 habere
936 378 977 405 vi-

189 421 268 448 detur
291 421 412 448 carmine
433 422 464 448 31
481 430 518 452 sc,
545 423 578 449 de
601 423 688 450 reditu
707 422 807 450 Nicette
820 422 937 457 episcopi
952 423 978 449 in

191 467 299 493 Daciam
312 467 445 502 (Maxima
461 467 626 495 Bibliotheca
643 468 752 496 Patrum
769 473 787 496 ι.
801 477 839 500 Vt,
857 476 883 503 p.
896 468 946 508 291
958 469 979 503 ).

189 513 277 539 Alium
295 518 384 541 tamen
402 514 482 547 hujus
499 514 571 541 vocis
586 514 673 542 locum
690 514 805 542 Thracia
821 515 939 542 borealis
951 520 978 542 et

189 559 364 587 occidentalis
388 560 479 592 habet,
501 561 534 586 ab
548 561 729 593 antecedenti,
751 561 814 588 item
836 561 978 594 Tbracico,

190 604 424 638 distinguendum.
440 604 555 639 Procop.
568 605 640 632 sedit.
657 613 694 637 tv.
709 606 725 632 4
737 605 816 639 (Opp.
833 605 875 633 ed.
892 606 977 632 Bonn.

192 653 256 675 tom.
278 649 306 680 5,
325 657 386 683 pag.
405 649 468 685 989)
498 658 505 676 :
534 650 602 676 Ὑπὸ
625 650 702 676 πόλιν
719 651 872 685 Σαρδιχήν·
896 650 980 677 Σκοὺ-

191 702 268 721 πειον
284 695 357 729 (sic),
374 695 469 727 Στένες
486 696 515 731 (I.
536 696 642 730 Στενὰ),
660 696 852 732 Μαρκίπετρα,
866 702 919 724 etc.
936 696 979 723 Eae

192 739 294 767 nrbese
304 741 357 766 situ
372 748 469 767 nomen
486 741 601 767 traxisse
613 741 747 768 videntur.
758 741 789 768 Et
805 742 861 768 haec
870 742 977 776 quidem

192 782 273 817 Scnpi
287 784 351 812 urbs
362 784 480 812 Sardirze
499 784 665 821 (Triaditzse)
680 785 766 813 vicina
782 785 842 818 fuit,
858 793 872 812 a
889 785 979 821 scopis

192 828 306 855 ntiuoris
321 828 437 862 Srytbia-
448 828 525 862 longe
538 829 657 856 diversa.

1031 240 1147 274 positum
1162 238 1271 274 (Horat.
1283 242 1333 265 sat.
1353 237 1373 269 1.
1388 245 1413 271 v,
1426 238 1470 273 9|)
1485 247 1490 265 :
1509 239 1571 266 hinc
1587 238 1679 265 eadem
1693 242 1757 272 puto
1773 238 1815 264 ria

1031 283 1136 318 publica
1156 288 1243 315 utens,
1261 283 1359 318 Lupias
1377 282 1552 310 Calabrorum
1575 283 1662 318 petiit,
1679 290 1739 310 mox
1763 282 1816 316 Hy-

1031 328 1169 355 druntum.
1183 328 1216 363 (r)
1232 326 1269 354 Ex
1278 327 1353 362 Equo
1361 328 1431 354 enim
1443 327 1539 355 Tutico
1554 333 1581 355 et
1597 327 1714 355 Canusio
1726 328 1816 354 Rubos

1031 378 1095 408 puto
1122 374 1214 404 venit,
1241 373 1307 399 mari
1332 372 1472 400 Adriatico
1500 373 1656 408 appositos,
1680 373 1743 400 hinc
1770 380 1818 406 per

1031 419 1202 447 Brundisium
1215 423 1241 445 et
1257 417 1353 453 Lupias
1372 418 1510 453 (Antonini
1529 419 1653 446 Itinerar.
1668 425 1729 452 pag.
1744 418 1794 444 H5
1808 418 1816 451 )

1031 465 1214 500 Hydruntum,
1229 465 1272 491 ubi
1287 473 1296 490 ι
1314 464 1455 499 Trajectus
1470 474 1478 490 ι
1499 465 1524 491 1η
1540 464 1648 498 Epirum
1664 464 1737 499 (Aut.
1755 464 1817 491 ltiti.

1031 510 1119 546 ibid).
1133 510 1201 538 Hinc
1219 511 1305 544 primo
1322 511 1390 538 adiit
1403 510 1536 544 duplicem
1552 510 1663 544 Epirum
1680 509 1819 544 (Paulinus

1031 556 1048 583 l.
1066 563 1113 583 c.:
1136 556 1191 583 Ibis
1209 556 1290 590 Epiro
1307 557 1410 591 gemina
1434 555 1573 588 videndus,
1598 560 1622 582 et
1645 563 1690 589 per
1712 554 1819 589 lngos

1030 603 1176 636 penetrabis
1189 607 1269 629 (estus
1287 601 1498 637 Thessalonicen)
1518 602 1564 637 (ε),
1583 603 1616 628 ad
1635 608 1715 636 qttcm
1732 601 1819 628 locum

1035 646 1228 682 Wesselingius
1241 648 1284 683 (ad
1301 647 1393 676 itiner.
1409 655 1470 683 pag.
1489 647 1553 682 636)
1570 657 1576 675 :
1596 657 1605 674 ι
1625 646 1675 674 Cui
1692 647 1763 674 bono
1774 654 1820 681 per

1031 693 1165 727 geminant
1190 693 1300 728 Epirum
1320 693 1530 721 Thessalonicen
1557 693 1681 722 Nicetum
1702 692 1820 728 ablegat,

1031 747 1091 766 cum
1108 739 1216 767 brevius
1234 747 1282 775 per
1297 739 1500 767 Prteralitanam
1521 739 1744 774 Dardaniamque
1757 746 1820 774 pro-

1032 785 1134 812 vincias
1152 785 1213 818 iter,
1229 785 1255 812 in
1271 784 1372 813 Tabula
1392 786 1547 820 signatum,
1564 785 1591 812 in
1605 785 1709 820 Scupos
1723 789 1750 812 et
1765 784 1818 811 Re-

1030 830 1179 857 mesianam
1197 830 1426 864 versuspateret?
1445 840 1454 856 ι
1480 830 1679 865 lmprudentcr,
1699 834 1727 856 ut
1743 836 1816 860 raro,

228 874 280 901 Sed
296 874 437 901 videndum
448 874 480 902 de
495 875 591 902 itinere
605 875 705 903 Nicelte
718 876 856 910 tribusque
870 875 977 909 Scapis.
996 867 1017 895 Β
1032 874 1071 902 sic
1084 874 1111 901 P.
1127 874 1332 910 Wesselingius.
1352 874 1460 903 Nicetas
1470 876 1543 903 enim
1558 875 1692 910 duplicem
1709 874 1818 910 Epirum

193 919 238 946 Sic
255 920 334 954 igitur
347 919 376 948 S.
391 920 517 947 Paulinus
533 921 552 947 l.
567 929 592 948 c.
607 930 614 948 :
637 921 676 948 Tu
691 930 737 955 per
754 921 903 956 Philippeos
919 921 980 948 Ma-

192 970 277 992 cetum
291 965 328 1001 (ο)
351 974 397 1000 per
410 974 500 1000 agros,
521 966 574 993 Per
595 966 763 994 Tomilanam
779 967 908 1001 gradieris
933 976 978 993 ur-

193 1012 258 1043 bem,
286 1011 340 1038 Ibis
364 1016 387 1038 et
407 1011 505 1045 Scnpos
526 1012 620 1045 patriis
645 1013 803 1046 propinquos
839 1012 979 1039 Dardanus

178 1057 285 1091 'stpes
303 1057 352 1092 (ρ).
366 1057 391 1083 ls
404 1056 521 1090 Nicetas,
540 1057 650 1084 natione
666 1058 776 1092 (uomen
789 1058 851 1085 talia
867 1058 981 1091 prodere

192 1102 310 1137 videtur)
326 1101 447 1135 Graecus,
457 1106 517 1129 erat
534 1102 700 1130 lteruesianae
712 1103 981 1138 Dardanicaeepisco-

193 1154 243 1180 pus
257 1154 319 1174 saec.
331 1155 358 1175 Iv
374 1150 381 1182 (
394 1147 468 1182 Pagi,
481 1148 575 1176 critica
604 1149 630 1175 in
645 1149 763 1176 Annales
775 1148 806 1176 C.
820 1149 928 1176 Baronii
946 1149 980 1176 ad

193 1201 292 1220 annum
306 1194 380 1228 596).
395 1193 562 1221 Remesianae
574 1199 663 1222 autent
675 1195 757 1222 situm
770 1195 842 1223 inter
854 1194 979 1222 Naissum

193 1237 297 1274 (Niscb)
306 1239 482 1266 etSardicam
495 1239 743 1275 (Triaditzam),isti
760 1245 848 1268 tamen
860 1241 980 1276 propius,

193 1284 366 1317 quiaarcndum
385 1291 455 1314 esse.
481 1283 584 1311 Tabula
605 1284 812 1319 Peutiogeriana
831 1285 910 1313 docet
934 1285 980 1312 fol.

195 1328 210 1355 7
222 1337 230 1362 ;
246 1336 332 1364 neque
340 1330 421 1357 etiam
434 1330 609 1358 dubitandum
620 1330 653 1358 de
664 1330 808 1364 scriptione
815 1330 982 1363 Rmesiana,

193 1382 243 1408 pro
255 1375 316 1402 aliis
331 1376 465 1403 scribendi
477 1377 685 1409 variatiouibus,
699 1377 763 1405 coll.
777 1376 892 1411 Procop.
909 1377 981 1404 tedii”.

193 1429 229 1454 ιν,
245 1421 262 1448 ι
284 1421 363 1456 (Opp.
382 1423 424 1449 ed.
444 1422 528 1450 Bonn.
553 1426 619 1450 tom.
637 1430 676 1456 tu,
701 1431 728 1456 p.
742 1422 795 1450 284
811 1431 818 1449 :
843 1423 888 1449 'Ev
904 1422 982 1458 χώρᾳ

200 1467 408 1503 Ῥεμεσιανεσίᾳ
420 1468 448 1503 (l.
472 1469 658 1504 Ῥεμεσιάνᾳ)”
676 1469 837 1505 Βρίττουρα,
854 1478 882 1496 κ.
899 1478 925 1496 τ.
943 1469 958 1495 λ
973 1477 980 1502 ;

194 1514 266 1541 unde
283 1514 361 1541 simul
386 1514 575 1542 Remesianam
601 1524 653 1543 non
676 1518 769 1543 urbem
793 1516 982 1543 tantummodo

196 1560 280 1587 fuisse
298 1565 382 1594 patet,
394 1561 440 1587 sed
454 1560 534 1587 etiam
554 1562 700 1594 regionem.
715 1562 877 1589 Dardaniam
892 1566 981 1588 autem

196 1606 294 1633 horeali
321 1606 484 1633 Macedoniae
509 1612 536 1634 et
562 1606 664 1634 Serviat:
689 1607 857 1635 meridionali
884 1606 982 1634 saeculo

194 1651 313 1678 secundo
338 1659 398 1686 sqq.
427 1653 618 1687 respondisse,
645 1653 720 1680 testis
746 1658 787 1680 est
822 1652 983 1680 Ptolemaeus

194 1704 284 1731 geogr.
297 1705 337 1729 ιιι,
347 1697 363 1724 9
376 1697 446 1733 (pag.
463 1697 512 1725 M9
535 1699 577 1725 ed.
589 1698 701 1726 Wecbel
715 1699 734 1732 ).
748 1698 803 1726 Καὶ
815 1699 863 1733 τῆς
876 1699 982 1734 Δαρδα-

194 1743 253 1774 νίας
271 1743 300 1769 δὲ
324 1744 415 1776 πόλεις
427 1753 434 1760 ·
458 1744 653 1780 Ἀρῤιὸάντιον,
676 1745 758 1777 Nico;
775 1745 805 1781 (Ι.
824 1745 953 1780 Ναῖσσὸς)
973 1765 980 1777 ,

194 1789 345 1816 onmem
357 1811 364 1823 ,
382 1789 510 1817 Σχοῦποι.
528 1790 552 1818 ls
571 1791 654 1826 igitur
674 1796 785 1818 sanctus
805 1799 875 1818 anno
889 1791 941 1819 598
966 1798 982 1818 e

194 1838 258 1865 sede
284 1837 428 1871 episcopali
458 1836 629 1870 Remesiana,
656 1837 722 1865 urbe
748 1838 845 1871 patria,
876 1837 980 1864 Italiam

194 1883 368 1910 atlieratcum
385 1883 450 1910 urbe
465 1881 542 1910 Nola.
554 1882 611 1916 Qua
622 1883 769 1918 digressus,
787 1887 815 1910 ut
825 1883 851 1911 in
866 1883 980 1918 patriam

231 1971 267 2006 (ο)
281 1971 431 2013 ditat-{dum
460 1971 696 2013 ecld.ullojtstrtim
723 1973 939 2013 grammaticum.
952 1971 982 2013 _E

196 2014 263 2033 voce
279 2007 453 2033 Mar-cdmnm
464 2007 654 2041 (ιΙι¹ι’11ιιζιιίοιιε
669 2007 758 2039 tertia)
773 2015 825 2033 non
842 2008 982 2034 descendit

197 2042 343 2068 Mat-ellum.
362 2041 417 2067 Imo
439 2043 511 2076 juxta
537 2050 628 2068 vocem
645 2042 864 2072 blaxsétbv.etc.,
883 2042 982 2068 dicitur

196 2084 302 2110 quoque
322 2077 461 2110 Μακέτης,
478 2077 614 2108 Μακέται,
632 2082 695 2110 (ιιι-η
713 2078 783 2104 unde
801 2078 872 2104 istud
886 2077 982 2103 latino-

196 2119 318 2143 prtm‘um.
341 2111 481 2138 Macetum.
501 2110 537 2137 De
561 2112 601 2138 his
617 2112 659 2137 adi
684 2119 791 2145 (Ilioque
815 2111 981 2145 Stephanum

196 2147 259 2181 Hyl.
276 2156 282 2172 :
298 2145 452 2182 Μακεδγιια
465 2165 471 2173 .
486 2165 493 2172 .
508 2146 615 2179 λέγεται
629 2147 675 2173 καὶ
689 2146 817 2180 Μακέτης
828 2146 982 2182 γὰρσειιικῶς

196 2183 242 2207 κιὶ
254 2181 374 2211 Maus-.1;
390 2181 468 2216 γυνὴ,
485 2182 531 2206 καὶ
551 2182 684 2208 Μὰκεσσα
697 2181 858 2212 ἑπιτεθικῶζ
872 2201 878 2207 .
894 2202 899 2208 .
913 2201 920 2208 .
937 2181 982 2207 καὶ

195 2217 325 2242 Μάκεττα
346 2215 391 2241 διὰ
404 2216 450 2242 δύο
466 2225 480 2242 τ
500 2215 547 2242 καὶ
564 2216 596 2242 δι’
614 2217 672 2248 ἑνὸς
692 2225 717 2243 τ.
740 2216 840 2243 Ultimo
857 2224 914 2243 :I-vo
934 2223 982 2250 pro

195 2251 327 2278 Μακεδὼν
345 2251 494 2277 molliorem
513 2252 626 2277 turmam
645 2252 776 2285 Μαγεδὼν
793 2252 924 2284 placuisse
943 2251 980 2277 vi-

195 2287 258 2314 deo.
271 2285 400 2320 Georgius
410 2285 590 2320 Pachynon-os
603 2286 759 2313 iuMic/mele
776 2286 924 2320 I'ulrrologo
939 2293 979 2317 nt,

197 2322 230 2348 ili
244 2321 325 2355 (Opp.
340 2320 553 2356 ed._Bnnn.)'ol.
575 2320 593 2351 l.
621 2330 646 2356 p.
660 2321 723 2355 205)
741 2330 747 2348 :
770 2321 908 2356 Παραδοὺς
928 2323 977 2347 κᾶ-

197 2353 288 2389 χείνῳζ
302 2357 362 2382 ὅσον
378 2353 411 2388 ἦν
426 2356 458 2391 ὲιε
473 2353 635 2389 Μαγεδῶνοξ
650 2353 803 2391 Ῥωμαίων.
814 2353 901 2391 (Idem
915 2356 979 2382 ibid.

198 2399 233 2420 tv.
243 2388 278 2417 27
293 2392 331 2425 (p.
346 2391 408 2423 510)
424 2399 430 2417 :
447 2388 536 2416 Ἦσαν
545 2391 620 2417 ἐνθεν
635 2392 683 2426 μὲν
696 2388 813 2426 Θρᾷκες,
824 2388 936 2417 ’ἐκεῖθεν
950 2390 979 2417 δὲ

196 2427 318 2459 ψρύγες⁹
339 2425 414 2452 ἐνθεν
440 2425 489 2460 μὲν
512 2425 677 2457 Μακεδόνὲς,
698 2425 802 2452 ἐκεῖθεν
828 2426 856 2452 δὲ
877 2427 980 2456 Μυσοὶ,

197 2462 242 2486 καὶ
264 2462 354 2495 Κᾶρες
370 2461 443 2487 ἄλλοι
464 2461 510 2486 καὶ
523 2461 624 2488 πολλοί.
648 2462 684 2488 Τὸ
704 2462 735 2487 ἐκ
752 2460 914 2495 Μαγεδῶνος
934 2460 981 2486 καί

196 2504 227 2528 γε
244 2496 274 2522 τὸ
295 2496 425 2522 Σκυθικὸν
451 2495 565 2530 προσῆν,
591 2496 637 2522 καὶ
660 2497 688 2522 τὸ
710 2496 813 2528 ξενικὸν
838 2495 979 2522 Ἰταλικόν.

197 2530 205 2556 |
220 2531 295 2558 idem
313 2538 338 2564 p.
357 2531 403 2558 511
419 2540 426 2558 :
447 2530 550 2566 ’Δεξαλὰ
567 2539 595 2556 τε
612 2531 658 2557 καὶ
672 2532 815 2566 Καΰστρου
831 2531 918 2566 χῶραι
935 2531 982 2557 καὶ

197 2566 328 2600 Μαγεδὼν
341 2567 414 2601 καὶὴ
434 2565 600 2599 περίπυστος
621 2566 721 2601 Καρία.
740 2565 809 2592 idem
831 2566 896 2592 ibid.
910 2566 980 2592 libro

197 2609 234 2633 \;I,
245 2601 280 2627 ΞΟ
293 2600 331 2635 (p.
347 2601 408 2634 465)
429 2610 436 2626 :
454 2600 494 2626 Τὰ
509 2601 579 2626 κατὰ
595 2601 736 2636 Κάϋστρον
752 2601 798 2636 καὶ
813 2602 935 2636 Πριήνην
952 2619 958 2627 .
973 2621 979 2627 .

197 2636 243 2661 καὶ
260 2636 294 2661 τὰ
309 2636 378 2661 κατὰ
400 2636 527 2669 Μίλητον,
548 2637 594 2662 καὶ
613 2635 755 2670 Μαγεδών.
776 2635 864 2663 Ducas
878 2635 948 2669 'cap.
964 2635 982 2662 ‘2

197 2679 234 2706 ιιι,
259 2669 350 2706 137ml.
368 2670 465 2706 Boniti.)
483 2678 488 2695 :
510 2669 756 2705 Mayvnuizpixpt
772 2671 917 2706 Dspydpou
934 2672 981 2696 καὶ

197 2705 286 2738 πάσης
297 2705 497 2739 Μαγεδῶνυιυε
506 2706 629 2740 accentu)
639 2707 771 2740 ἐπαρχίας
783 2705 833 2732 Ubi
850 2707 981 2738 interpres

197 2740 206 2765 1
221 2740 278 2766 alus
293 2740 330 2775 (p.
355 2740 402 2767 551
420 2741 462 2767 ed.
480 2739 539 2774 cit.)
555 2748 562 2766 :
583 2739 661 2768 Tutia
678 2739 840 2775 (ἰιιὲμτιιτΙιία
856 2742 887 2767 de
903 2741 980 2775 Mag-

196 2776 258 2801 don.

231 2811 268 2844 (μ)
293 2809 330 2836 En
351 2810 446 2836 ultimo
473 2818 529 2837 arvo
556 2810 714 2838 Macedonas
733 2810 872 2844 Hyrcanos
895 2811 981 2838 Taciti

197 2845 305 2878 (Annal.
324 2845 407 2881 tu“)
427 2845 586 2880 reperimus,
604 2847 665 2873 coll.
683 2847 718 2873 ibi
732 2847 859 2880 interpxr.
880 2845 979 2880 "ospes

994 1540 1016 1572 C

1035 921 1110 951 adiit,
1122 920 1185 948 hinc
1198 921 1265 948 mari
1277 920 1370 955 Atlng
1385 921 1676 949 usus'l‘hessalonicam
1685 930 1691 947 :
1700 920 1725 948 in
1736 920 1820 955 ipsam

1035 965 1167 993 Cra-ciam
1178 974 1230 993 non
1245 967 1396 1000 exscendit,
1412 967 1437 994 id
1453 967 1523 1002 quod
1533 968 1612 994 verba
1627 967 1706 993 modo
1721 974 1822 993 memo-

1034 1016 1091 1038 rata
1112 1013 1178 1038 satis
1196 1012 1391 1039 demonstrant.
1411 1012 1459 1039 Cui
1481 1012 1571 1039 itineri
1593 1018 1678 1047 quare
1703 1011 1820 1038 Batavus

1034 1057 1160 1084 invidet?
1176 1056 1392 1084 llercatorumue
1407 1065 1493 1090 more,
1511 1057 1584 1084 brevi
1597 1057 1630 1092 (si
1643 1057 1729 1090 juvat)
1747 1061 1821 1084 uten-

1035 1104 1111 1135 tium,
1135 1112 1183 1139 pro
1207 1105 1296 1139 longa,
1317 1109 1439 1138 sumptus
1456 1104 1568 1138 gratia?
1594 1104 1761 1138 Quamquam
1786 1104 1820 1130 ab

1035 1150 1174 1185 Apollonia
1184 1150 1224 1178 vel
1234 1150 1392 1185 Dyrrachio,
1402 1149 1623 1177 ThessaloniCam
1634 1149 1821 1183 proﬁciscens,

1034 1195 1071 1222 br.
1084 1196 1191 1222 vissinta
1205 1196 1241 1222 uti
1255 1200 1359 1230 poterat
1370 1202 1418 1230 per
1433 1196 1613 1223 continentem
1629 1195 1751 1228 Egnatia.
1765 1195 1821 1222 lmo

1035 1241 1145 1276 Epirum
1161 1241 1292 1276 duplicem
1309 1241 1418 1268 minime
1432 1245 1623 1276 prmterveclus
1640 1245 1690 1273 est,
1703 1241 1748 1267 sed
1761 1248 1820 1267 ea2u

1036 1287 1102 1314 adiit
1117 1286 1276 1314 Sanctorum
1293 1294 1384 1319 causa,
1397 1291 1426 1313 ut
1440 1287 1504 1314 alibi
1515 1294 1622 1321 quoque
1636 1291 1745 1314 sanctos
1756 1287 1822 1313 adiit

1035 1332 1233 1360 Thessalonicae
1244 1332 1524 1366 scilicetethilippis
1539 1331 1725 1363 Macedonum,
1739 1339 1820 1366 quam

1036 1378 1214 1413 posteriorem
1229 1377 1323 1404 urbem
1344 1376 1412 1404 nolis
1427 1384 1475 1411 pro
1492 1376 1647 1403 Macedonia
1663 1376 1822 1410 simpliciter

1034 1424 1069 1450 (11ι
1080 1428 1133 1450 tam
1155 1428 1273 1458 putare;
1294 1423 1440 1450 antecessit
1457 1422 1528 1449 enim
1549 1423 1619 1450 istud
1639 1428 1747 1457 poetae:
1767 1422 1822 1449 Ibis

1035 1469 1116 1504 Epiro
1133 1471 1236 1504 gemina
1262 1471 1399 1503 videndus,
1425 1470 1457 1497 Et
1478 1478 1524 1504 per
1538 1469 1646 1504 Egreos
1672 1470 1820 1504 penetrabit

1035 1521 1112 1543 (estus
1128 1515 1340 1543 Thessalonicen.
1351 1515 1422 1551 Ergo
1431 1521 1460 1543 ut
1475 1515 1678 1547 Thessalonica,
1690 1515 1729 1542 sic
1740 1514 1821 1542 etiam

1033 1560 1150 1596 Philippi
1160 1569 1208 1596 pro
1221 1561 1287 1589 urbe
1305 1561 1398 1589 haberi
1415 1562 1524 1594 debent,
1546 1568 1600 1588 nou
1616 1568 1664 1595 pro
1679 1565 1749 1588 terra
1767 1560 1822 1587 Ma-

1032 1608 1172 1639 cedonica,
1193 1613 1220 1634 ut
1243 1607 1404 1642 quibusdam
1421 1607 1539 1639 videtttr,
1557 1605 1601 1640 qui
1622 1606 1647 1632 in
1667 1605 1764 1639 Srupis
1782 1605 1823 1632 of-

1033 1653 1156 1684 fendunt,
1171 1661 1238 1688 quos
1256 1653 1418 1680 Macedonia
1434 1653 1585 1686 assignant.
1603 1651 1672 1678 Sunt
1686 1651 1759 1678 enim
1776 1651 1822 1678 alii

1031 1707 1138 1734 quoque
1153 1699 1247 1734 Scupi,
1266 1705 1364 1735 praeter
1379 1699 1482 1733 Scupos
1497 1696 1822 1731 Dardaniaawaeedonia:

1032 1745 1190 1778 superioris)
1213 1744 1275 1771 coll.
1292 1743 1524 1772 antecedentibus.
1539 1742 1560 1769 E
1578 1741 1708 1776 Philippis
1731 1747 1821 1769 autem

1036 1790 1156 1817 Thracas
1169 1790 1266 1818 Bessos
1282 1790 1361 1825 petiit
1377 1789 1406 1817 S.
1423 1789 1543 1822 Nicetas,
1561 1791 1587 1817 in
1609 1795 1715 1816 summo
1731 1788 1823 1816 litetuo

1036 1836 1209 1869 habitantes;
1226 1843 1278 1871 qua
1294 1836 1327 1863 de
1343 1843 1372 1863 re
1387 1836 1530 1863 videantur
1542 1835 1691 1871 fragtuenta
1707 1835 1820 1862 Strabo-

1035 1882 1113 1909 niaua
1130 1883 1211 1917 (pag.
1229 1882 1264 1909 55
1280 1890 1322 1917 sq.
1340 1889 1406 1910 mea:
1429 1882 1494 1910 edit.
1512 1882 1521 1916 )
1539 1882 1582 1918 (t).
1602 1881 1653 1909 Eos
1675 1882 1708 1909 ad
1730 1881 1821 1909 Jesum

1037 1981 1076 2001 se.
1094 1973 1282 2008 Srupeusinm,
1299 1981 1349 1999 non
1366 1972 1539 1998 Nolanorum.

1067 2009 1103 2043 (q)
1119 2006 1247 2035 Paulinus
1261 2009 1277 2034 l.
1293 2016 1323 2035 c:
1340 2007 1432 2040 Apulis
1444 2008 1495 2043 sed
1508 2015 1575 2043 nnn_r
1590 2006 1629 2033 vin
1641 2006 1729 2043 prima
1742 2007 1818 2043 terris

1033 2041 1152 2070 Te'i'elirt
1161 2043 1237 2076 longo
1247 2043 1363 2076 spatiosa
1376 2044 1464 2073 plano.
1479 2042 1536 2073 Qun
1547 2041 1681 2068 Canusina
1691 2042 1819 2067 medicum

1030 2079 1146 2113 ﬂagrant
1167 2075 1267 2104 Vellera
1284 2077 1352 2110 fuco.
1374 2077 1556 2113 Bent-ventum
1574 2076 1671 2113 primo,
1688 2077 1713 2102 ni
1731 2075 1819 2106 fallor,

1032 2111 1148 2147 petebat,
1171 2120 1218 2146 per
1236 2113 1344 2145 planum
1362 2112 1519 2146 (planitiem
1533 2111 1553 2142 ).
1574 2111 1636 2137 hinc
1654 2118 1701 2144 per
1715 2116 1820 2147 montes

1032 2146 1190 2178 Canusium,
1212 2152 1238 2173 ut
1264 2147 1389 2174 Horatius
1405 2147 1421 2173 Ι.
1445 2154 1470 2173 c.
1494 2147 1578 2180 Appia
1601 2150 1689 2172 utens.
1709 2146 1820 2173 Canusii

1037 2183 1153 2209 fabricas
1174 2182 1313 2209 tiuctorias
1335 2190 1366 2208 ex
1392 2182 1492 2208 Nestm
1517 2183 1584 2208 adzle
1611 2180 1819 2208 Horatianortnn

1037 2218 1215 2251 interpretum
1231 2217 1316 2250 copiis
1333 2217 1577 2251 qualilmscunqnc.

1070 2250 1150 2286 (r)’ld
1165 2257 1225 2279 est:
1243 2252 1290 2278 Ast
1310 2250 1355 2278 ubi
1372 2251 1452 2286 paulo
1466 2251 1507 2278 via
1525 2251 1688 2285 proferretur
1703 2250 1764 2286 (sie)
1786 2270 1792 2276 .
1814 2271 1819 2276 .

1032 2285 1099 2315 levis
1115 2287 1194 2320 spiret
1216 2287 1271 2313 sine
1295 2287 1361 2314 nube
1381 2287 1456 2313 siccis
1477 2286 1551 2312 Aura
1570 2286 1699 2312 (.‘alnlnis.
1726 2285 1760 2312 Te
1774 2294 1821 2316 per

1033 2323 1203 2358 Hydruntum
1219 2321 1368 2358 Lupiaqu
1386 2327 1485 2348 vectum
1497 2340 1504 2348 .
1520 2321 1744 2358 .AAmbrientu-no.
1769 2321 1820 2358 U_re

1033 2355 1154 2385 mis-rm.
1175 2357 1204 2384 lu
1223 2355 1264 2384 his
1287 2355 1366 2391 paulo
1381 2358 1447 2384 dicit
1463 2356 1585 2384 abusive.
1601 2355 1724 2382 Calabria
1747 2355 1819 2381 enim

1034 2393 1120 2420 stricti
1137 2399 1233 2419 sensus
1249 2399 1302 2418 non
1327 2393 1420 2426 incipit
1438 2392 1487 2418 nisi
1509 2392 1534 2418 in
1553 2399 1585 2417 ea
1603 2396 1684 2421 terra.
1705 2397 1765 2424 Qua:
1780 2395 1821 2416 est

1035 2429 1105 2454 inter
1120 2427 1300 2454 Brnmlnsium
1316 2432 1342 2454 cl
1363 2428 1508 2454 'larentum
1526 2427 1588 2452 sita.

1071 2462 1106 2498 (s)
1125 2463 1164 2498 Nil
1177 2466 1269 2498 agunt,
1284 2463 1381 2496 quibus
1400 2461 1469 2488 istud
1491 2461 1572 2498 Epiro
1586 2458 1710 2498 videndus
1724 2468 1729 2485 '.
1749 2459 1818 2498 idem

1035 2494 1158 2530 estquod
1175 2494 1299 2523 ridendus
1314 2498 1341 2523 in
1354 2496 1567 2531 prwtervectiono
1583 2495 1716 2531 maritima
1731 2503 1737 2520 :
1751 2494 1820 2531 ιςιεςι»

1035 2529 1146 2558 fratrum
1164 2532 1282 2565 legiones
1296 2540 1343 2565 pro
1354 2529 1450 2558 'Iitlore
1469 2530 1603 2564 I‘lpirotico
1616 2529 1732 2560 stabant,
1751 2529 1819 2555 San-

1035 2572 1107 2593 ctum
1126 2567 1223 2594 visume
1237 2566 1263 2592 in
1281 2567 1347 2593 mari
1365 2566 1519 2593 Adriatico!
1538 2566 1652 2591 Attende
1670 2566 1818 2599 quoquead

1036 2602 1106 2629 istud
1119 2602 1192 2634 iusta
1211 2605 1326 2635 positum
1343 2610 1349 2628 :
1367 2610 1413 2635 per
1431 2601 1537 2635 {Egtros
1555 2606 1645 2627 ιτδιιις.

1071 2637 1102 2671 (ti
1127 2637 1253 2662 Paulinus
1272 2637 1289 2663 Ι.
1306 2645 1330 2663 c.
1351 2645 1358 2664 :
1382 2636 1452 2663 Nam
1472 2636 1552 2663 simul
1575 2636 1652 2671 terris
1674 2635 1820 2668 animisque

1035 2670 1106 2702 duri.
1127 2671 1160 2698 Et
1180 2680 1228 2698 sua
1249 2671 1320 2698 Bessi
1342 2673 1398 2698 nire
1417 2672 1548 2701 duriores,
1576 2670 1654 2697 Nunc
1675 2678 1733 2696 oves
1755 2671 1820 2703 {noti

1036 2710 1100 2733 (lure
1123 2712 1146 2733 te
1170 2712 1311 2741 gregantur
1335 2706 1414 2734 Pacis
1435 2708 1462 2733 in
1477 2707 1565 2733 aulum
1583 2726 1589 2732 .
1606 2724 1613 2732 .
1637 2704 1715 2731 Nunc
1737 2706 1819 2739 magis

1036 2742 1106 2768 diues
1119 2744 1201 2776 pretio
1218 2742 1314 2768 laboris
1334 2742 1426 2768 Bessus
1445 2743 1554 2768 exultat.
1575 2741 1651 2773 Quod
1670 2741 1742 2766 humi
1760 2748 1819 2776 nin-

1037 2774 1123 2810 nnque
1151 2778 1216 2804 Ante
1243 2779 1385 2812 qua'rybnt,
1414 2778 1489 2804 modo
1519 2785 1601 2803 mene
1625 2777 1686 2802 cudo
1716 2774 1820 2807 Colligit

1037 2820 1080 2838 (lu!
1089 2820 1101 2837 11
1107 2821 1140 2838 ιιι.
