1899 3060
160 104 208 136 137

684 102 732 131 DE
752 101 997 132 TIIEMATIBUS
1015 101 1249 132 OCCIDENTIS.

1721 103 1772 134 133

157 162 226 196 μένη
252 159 434 195 Λογγιϐαρδία
449 159 515 194 (59).
540 160 600 187 Ἐπὶ
616 159 644 186 δὲ
668 159 718 194 τῆς
734 159 871 194 βασιλείας
888 160 941 186 Μι-

997 160 1074 187 dacta
1099 160 1160 187 fuit.
1192 159 1248 187 Sub
1280 159 1395 196 imperio
1418 164 1507 189 autem
1537 159 1691 193 Michaelis.
1723 162 1772 189 lilii

155 207 224 242 χαὴλ
237 206 283 232 τοῦ
299 206 357 233 υἱοῦ
373 205 517 239 Θεοφίλου,
532 205 647 242 ἀνῆλθεν
659 205 712 232 ἀπὸ
732 205 863 240 Ἀφρικῆς
878 205 938 231 στό-

161 252 205 283 λος
221 252 264 285 λς’
280 251 454 286 κομπαρέων,
470 251 538 286 ἔχων
553 251 673 286 κεφαλὴν
687 250 754 285 (60),
765 251 810 276 τόν
825 259 854 276 τε
876 250 939 276 Σολ-

154 298 242 329 δανδν,
259 298 305 324 καὶ
322 298 367 323 τὸν
391 297 494 332 Σάμαν,
516 298 561 324 καὶ
576 297 622 324 τὸν
637 297 774 332 Καλφοῦς.
792 296 847 323 Καὶ
867 297 939 331 ἔχει·

155 343 277 378 ρώσαντο
291 343 434 379 διαφόρους
452 343 541 374 πόλεις
555 343 605 378 τῆς
619 343 788 378 Δαλματίας·
817 342 864 369 καὶ
889 345 940 375 την

155 398 184 416 τε
202 390 348 421 Boni-.065»),
369 391 417 416 καὶ
431 391 480 426 τὴν
501 390 614 422 Ῥὦσαν,
633 391 679 416 καὶ
704 389 738 416 τὰ
762 389 837 416 κάτω
854 389 939 415 Δεκά-

157 444 232 469 τερα.
251 433 352 462 Ἶιλοον
365 437 392 463 δὲ
405 437 452 462 καὶ
474 436 540 470 πρὸς
553 436 602 471 τὴν
614 435 717 462 τούτων
731 435 910 471 μητρόπολιν,
922 434 939 469 ἢ

162 481 302 508 Ῥαούσιον
316 482 436 516 λέγεται,
454 483 500 509 καὶ
521 482 625 517 ταύτην
641 482 688 508 ἐπὶ
708 482 803 516 χρόνον
817 480 939 516 ἐπολιόρ-

157 537 222 554 κουν
236 528 337 555 ἱκανόν.
355 528 386 554 Οἱ
400 528 428 553 δὲ
445 527 491 554 τοῦ
508 527 625 562 κάστρου
647 523 797 559 Τριοπίου,
812 526 940 552 ἀπέστει-

156 575 204 600 λαν
219 574 286 609 πρὸς
297 575 342 600 τον
363 573 486 608 βασιλέα,
507 572 694 608 ἐξαιτούμενοι
710 572 753 599 διὰ
770 572 863 599 στόλου
876 571 940 606 βοή-

138 650 140 652 ,
157 620 248 645 οειαν*
263 619 318 645 τῶν
328 619 356 644 δὲ
371 620 410 650 εἰς
435 618 516 645 τοῦτο
542 618 749 645 ἀποσταλέντων
764 616 939 648 ἀνελθόντων,

156 662 236 698 εὗρον
262 664 314 691 ὑπὸ
332 665 399 691 Θεοῦ
415 664 464 699 τὴν
493 663 725 698 αὐτοκρατορικὴν
749 662 834 698 ἀρχὴν
859 662 941 688 Βασι-

156 711 239 742 λειον,
257 710 303 736 τὸν
316 710 438 745 ἀοίδιμον
460 709 582 744 βασιλέα,
598 709 648 743 ἤδη
663 708 788 741 λαϐόντα,
806 707 834 739 ὃς
847 709 893 734 καὶ
909 709 943 734 τὰ

156 757 207 791 τῆς
223 756 312 782 αὐτῶν
328 755 476 791 πρεσΰεὶας
501 755 547 781 καὶ
571 755 688 789 δεήσεως
712 753 878 786 ἐπακούσας,
896 755 942 780 καὶ

158 802 251 829 στόλον
270 801 372 833 ἰκανὸν,
394 801 441 828 καὶ
470 800 633 836 δραστήριον
657 799 787 834 ἄρχοντα,
808 801 875 834 πρὸς
894 799 943 833 τὴν

157 848 260 874 τούτων
275 847 401 882 βοήθειαν
418 847 498 878 εὐθὺς
523 845 707 878 ἐξαπέστειλε.
733 845 818 871 Τοῦτο
838 845 867 871 δὲ
889 844 943 870 ἀπὸ

157 893 307 928 αὐτομόλου
324 892 454 928 μαθόντες
467 892 491 918 οἱ
504 892 613 927 Ἀφροι,
631 891 678 917 καὶ
693 891 757 925 περὶ
771 890 820 925 τὴν
833 890 941 925 πολιορ-

158 939 220 965 κίαν
237 939 476 974 ἀπρακτήσαντες,
494 937 595 971 μᾶλλον
611 936 639 963 δὲ
659 936 811 970 πτήξαντες
833 936 882 971 τὴν
895 935 942 961 τοῦ

158 984 298 1020 βασιλικοῦ
312 984 406 1010 στόλου
418 983 478 1010 κατ’
490 983 580 1009 αὐτῶν
592 981 754 1016 παρουσίαν,
770 981 942 1016 ἀνεπὲρασαν

159 1032 188 1056 ἐν
198 1030 394 1065 Λογγιὸαρδίᾳ,
411 1029 457 1055 καὶ
472 1028 701 1064 πολιορκήσαντες
715 1027 744 1054 τὸ
757 1026 874 1062 κάστρον
889 1026 943 1052 Βά-

159 1085 219 1111 ρης,
235 1075 346 1111 ᾤκησαν
367 1076 395 1101 ιν
410 1074 494 1109 αὐτῷ,
510 1073 713 1108 παραλαϐόντες
737 1072 825 1099 πάντα
839 1072 873 1098 τὰ
894 1071 943 1098 κά-

159 1130 238 1156 στρα,
260 1121 306 1147 καὶ
332 1120 380 1156 τὴν
396 1121 485 1146 πᾶσαν
502 1118 711 1154 Λογγιϐαρδίαν,
735 1117 783 1144 καὶ
805 1118 839 1144 τὰ
862 1116 944 1143 λοιπὰ

159 1168 265 1202 κάστρα
290 1165 449 1201 Καλαὸριας
466 1165 544 1200 μέχρι
565 1162 673 1199 Ῥώμης
685 1172 691 1178 ·
706 1163 743 1194 ὡς
762 1160 830 1189 εἶναι
854 1163 943 1188 πάντα

158 1214 193 1239 τὰ
207 1214 252 1239 ὑπ’
265 1212 354 1239 αὐτῶν
368 1211 539 1246 πορθηθέντα
551 1209 656 1245 κάστρα
667 1212 716 1244 ρν¹.
731 1208 870 1239 Βασίλειος
885 1205 941 1240 οὖν,

159 1262 173 1286 ὁ
189 1259 310 1293 ἀοιδιμος
324 1257 518 1293 βασιλεὺς,τὴν
529 1255 761 1290 αὐτοκρατορικὴν
773 1254 859 1289 ἀρχὴν
868 1254 943 1289 παρὰ

158 1304 227 1330 Θεοῦ
242 1304 371 1338 εἰληφὼς,
388 1302 459 1329 καθὰ
475 1301 646 1337 προείρηται,
664 1301 710 1327 καὶ
725 1299 811 1326 ταῦτα
838 1300 944 1334 ἀναμα-

160 1350 224 1382 οὼν,
245 1348 442 1384 προαπέστειλε
469 1348 518 1383 μὲν
543 1347 656 1382 στρατὸν
681 1345 875 1380 καῦαλαρικδν,
896 1344 944 1371 καὶ⁹

160 1394 240 1420 πλοῖα
253 1397 276 1429 ρ’
287 1401 294 1407 ·
309 1393 411 1428 ἔγραψε
426 1393 454 1419 δὲ
481 1392 548 1428 πρὸς
565 1391 698 1426 Δοδοΰχον
705 1391 751 1417 τὸν
766 1391 838 1426 ρῆγα
851 1391 943 1425 Φραγ-

161 1440 234 1473 γίας,
251 1440 296 1466 καὶ
312 1440 358 1466 τὸν
374 1439 454 1466 [Ιάπα
476 1439 595 1474 Ῥώμης,
621 1438 668 1464 τοῦ
693 1437 880 1472 συνεπαμῦναι
905 1435 943 1471 τῷ

991 201 1147 237 Theophili,
1170 203 1267 231 classis
1288 204 1323 232 ab
1340 204 1433 232 Africa
1453 205 1575 233 ascendit
1592 206 1703 241 triginta
1725 214 1772 233 sex

991 248 1176 283 navigiorum,
1199 255 1259 284 qum
1273 249 1436 284 Soldanum,
1451 257 1477 278 et
1493 251 1654 284 Samanum,
1669 257 1696 280 et
1710 252 1770 280 Cal-

991 293 1086 329 phum,
1108 294 1193 322 duces
1209 295 1355 323 habebant.
1374 295 1405 323 lli
1417 297 1585 332 subegerunt
1612 298 1664 326 sibi
1682 299 1774 326 varias

992 339 1132 368 Dalmatia:
1153 341 1245 373 urbes,
1272 346 1297 368 et
1325 341 1460 374 Butoban,
1487 347 1514 370 et
1536 344 1639 376 Rosan,
1659 349 1686 372 et
1705 345 1774 373 infe-

992 386 1065 412 riora
1087 385 1216 414 Decatcra
1232 395 1239 413 :
1256 392 1391 414 venerunt
1407 388 1488 415 etiam
1509 391 1542 416 ad
1560 397 1655 417 eorum
1673 395 1774 418 metro-

992 433 1088 466 polim,
1111 441 1172 468 qme
1189 433 1339 469 llagusium
1367 434 1527 467 dicebatur;
1557 444 1673 472 eamque
1705 438 1774 465 satis

993 478 1073 512 longo
1088 481 1210 513 tempore
1224 478 1390 507 obsederunt
1410 489 1416 507 :
1436 481 1512 508 urbis
1523 486 1613 508 autem
1629 481 1775 517 Ragusinas

992 522 1065 550 cives
1082 522 1115 549 ad
1136 523 1326 558 imperatorem
1345 525 1448 560 legatos
1473 526 1617 559 miserunt,
1631 527 1678 562 qui
1695 529 1773 555 auxi-

993 567 1087 595 liarem
1109 569 1224 596 classem
1239 576 1428 604 exposcerent.
1445 571 1513 599 Cum
1534 572 1616 608 legati
1627 572 1660 600 atl
1674 575 1775 609 regiam

993 614 1145 646 venissent,
1173 615 1335 643 invenerunt
1359 615 1489 644 Basilium
1515 617 1677 652 praeclarum
1699 618 1774 646 illum

993 658 1184 693 imperatorem
1201 659 1247 687 Dei
1263 661 1375 689 numine
1389 661 1444 696 jam
1456 662 1629 697 imperatoris
1643 663 1776 698 dignitate

993 710 1130 738 ornatum,
1149 707 1194 741 qui
1213 714 1275 734 cum
1301 715 1395 734 eorum
1413 709 1557 743 legationis
1577 717 1608 736 ac
1637 709 1776 744 supplica-

994 752 1077 779 tionis
1088 753 1178 787 capita
1193 753 1329 787 audisset,
1345 758 1372 781 et
1389 754 1505 782 classem
1522 755 1658 787 idoneam.
1678 759 1705 782 et
1725 755 1777 782 du-

994 803 1100 826 ctorem
1118 803 1271 833 strenuum,
1291 801 1323 827 ad
1351 802 1489 836 suppetias
1503 801 1569 836 ipsis
1583 801 1708 829 ferendas
1727 809 1776 829 ex-

995 843 1096 878 templo
1121 845 1222 872 misit:
1249 845 1300 873 hoc
1326 850 1416 874 autem
1443 854 1505 874 cum
1530 855 1577 882 per
1606 847 1776 883 transfugam

995 890 1170 918 rescivissent
1192 890 1267 923 Atri,
1297 896 1324 920 ct
1353 893 1419 919 nihil
1444 893 1470 919 in
1500 893 1641 921 obsidione
1667 900 1776 928 promo-

995 939 1108 968 verent;
1139 936 1193 964 imo
1212 937 1294 964 etiam
1323 937 1506 972 imperatoriae
1530 938 1627 965 classis
1643 938 1776 966 adversus

994 988 1024 1008 se
1045 981 1175 1015 impetum
1200 977 1436 1017 exhorrescerent,
1454 984 1621 1018 traiecerunt
1645 984 1671 1012 in
1703 984 1777 1012 Lon-

994 1025 1172 1060 gobardiam;
1201 1027 1247 1055 ubi
1269 1032 1360 1056 castro
1386 1029 1464 1057 Baris
1495 1031 1607 1058 obsesso
1639 1031 1776 1058 immorali

993 1075 1057 1099 sunt
1080 1073 1208 1101 omnibus
1227 1074 1347 1102 castellis
1372 1076 1533 1111 expugnatis
1559 1083 1620 1104 cum
1649 1076 1776 1104 universa

995 1117 1195 1154 Longobardia,
1211 1127 1244 1146 ac
1263 1120 1377 1155 reliquis
1396 1121 1529 1149 Calabriae
1543 1122 1652 1157 oppidis
1664 1122 1777 1149 Romam

996 1172 1082 1200 usque
1097 1174 1103 1192 :
1122 1165 1157 1192 ita
1179 1169 1209 1193 ut
1223 1167 1344 1194 oumium
1368 1172 1521 1196 castrorum
1537 1168 1572 1196 ab
1587 1169 1620 1196 iis
1635 1176 1777 1203 expugna-

994 1215 1082 1237 torum
1093 1219 1224 1240 numerus
1236 1217 1308 1240 esset
1321 1218 1430 1240 centum
1444 1214 1652 1249 quinquaginta.
1662 1215 1777 1243 Basilius

994 1257 1087 1292 itaque
1113 1258 1158 1285 ille
1181 1259 1328 1293 prmclarus
1345 1260 1501 1294 imperator
1520 1261 1577 1295 jam
1601 1260 1777 1296 imperatoria

995 1303 1129 1338 dignitate
1149 1311 1163 1330 a
1180 1304 1235 1331 Deo
1252 1308 1376 1340 accepta,
1390 1309 1420 1332 ut
1433 1306 1513 1340 paulo
1528 1310 1591 1334 ante
1607 1307 1710 1334 dictqu
1725 1313 1777 1340 est,

995 1349 1161 1384 simulatque
1172 1349 1197 1376 id
1214 1351 1335 1384 rescivit,
1352 1352 1502 1379 exercitum
1515 1353 1777 1388 prmmisitequitum

995 1398 1022 1420 et
1046 1401 1130 1422 naves
1151 1399 1272 1423 centum.
1297 1395 1414 1432 Scripsit
1439 1397 1522 1424 etiam
1548 1398 1581 1425 ad
1608 1397 1778 1426 Ludovicum

996 1447 1087 1474 regem
1121 1439 1253 1474 Franciac,
1282 1447 1308 1469 et
1336 1449 1433 1477 papam
1462 1442 1564 1475 Romae,
1593 1447 1622 1470 ut
1645 1444 1778 1471 exercitui

163 1485 258 1511 ἑαυτοῦ
275 1485 392 1520 στρατῷ.
409 1485 440 1511 Ol
452 1485 480 1511 δὲ
495 1484 653 1517 ὺπείξαντες
664 1484 697 1519 τῇ
714 1483 839 1518 βασιλικῇ
855 1482 944 1509 ἐντεύ-

997 1486 1144 1514 auxiliares
1160 1494 1257 1515 manus
1272 1488 1424 1523 prmberent
1446 1497 1452 1515 τ
1467 1489 1492 1515 hi
1507 1489 1692 1524 imperatoriae
1703 1490 1778 1525 lega-

161 1533 212 1565 ξει,
226 1532 273 1558 καὶ
288 1532 437 1566 ἀμφότεροι
454 1531 597 1562 ὲνωθέντες
612 1530 651 1565 τῷ
668 1529 794 1565 παράτοῦ
811 1529 942 1564 βασιλέως

160 1577 340 1604 ἀποσταλέντι
356 1576 472 1612 στρατῷ.
489 1576 666 1611 καΰαλαρικῷ
678 1576 725 1602 καὶ
740 1575 864 1610 πλωῑμῳ,
879 1583 943 1601 κατ-

160 1624 334 1658 επολέμησαν
358 1624 421 1654 τοὺς
448 1622 502 1649 ἀπὺ
525 1622 657 1657 ’Δφρικῆς
690 1621 875 1656 Σαρακηνοὺς,
897 1621 943 1647 καὶ

161 1670 316 1706 ἐπόρθησαν
331 1670 360 1696 τὸ
376 1669 492 1704 κάστρον
509 1668 600 1704 Βάρης
610 1677 616 1683 ’
635 1668 744 1702 δέσμιον
755 1667 882 1700 λαϐόντες
897 1667 944 1693 καὶ

161 1717 206 1743 τον
229 1717 351 1751 Ἀμηρᾶν
368 1715 514 1742 Σολδανόψ
531 1714 559 1741 ὃν
584 1715 629 1740 καὶ
654 1713 852 1748 ἀναλαϐόμενος
873 1712 943 1748 μετὰ.

161 1763 215 1789 τῶν
231 1763 397 1798 Σαρακηνῶν
414 1761 544 1796 Λοδοῦχος
563 1762 576 1788 ὁ
601 1761 651 1796 ρὴξ
674 1760 825 1795 Φραγγίας,
855 1760 944 1786 οἴκαδε

161 1810 255 1844 ἀπῄει.
277 1810 306 1836 ’0
317 1810 344 1836 δὲ
365 1808 490 1844 βασιλεὺς
504 1808 617 1842 κατέσχε
632 1807 680 1841 τὴν
692 1808 782 1834 πᾶσαν
793 1806 946 1841 Λογγιϐαρ-

161 1855 231 1887 δίαν,
248 1855 338 1886 καθὼς
352 1855 399 1881 καὶ
415 1855 535 1890 σήμερον
553 1854 628 1889 παρᾶ
640 1854 694 1880 τῶν
714 1853 857 1888 Ῥωμαίων
870 1852 946 1888 βασι-

163 1901 232 1929 λέων
245 1901 415 1933 δεσπόζεται.

393 1947 470 1982 Θέμα
483 1946 538 1977 IB',
555 1946 719 1980 Χερσῶνος.

205 1995 235 2020 'll
253 1994 280 2020 δὲ
297 1993 409 2028 Χερσὼν
427 1993 457 2019 τὸ
469 1993 581 2019 παλαιὸν
598 1993 646 2018 οὐκ
661 1991 694 2027 ἦν
708 1992 746 2023 εἰς
761 1991 845 2025 δνομα
864 1991 947 2026 θέμα-

163 2050 207 2072 τος
220 2062 228 2074 ,
244 2041 302 2067 οὐδὲ
318 2042 346 2066 ἐν
362 2040 552 2075 μητροπόλεως
566 2040 702 2074 σχήματι·
721 2038 777 2064 ἀλλ’
792 2039 816 2064 οἱ
826 2038 871 2065 τοῦ
884 2039 948 2064 Boo-

166 2087 250 2120 πόρου
273 2084 448 2120 κρατοῦντες,
468 2084 601 2119 ἐκράτουν
625 2084 670 2109 καὶ
687 2082 829 2118 Χερσῶνος
852 2082 946 2117 αὐτῆς,

165 2133 213 2158 καὶ
240 2131 294 2158 τῶν
327 2131 430 2157 λοιπῶν
450 2130 600 2165 κλιμάτων.
619 2129 700 2156 Ὥστε
725 2128 772 2154 καὶ
797 2127 949 2162 βασιλεύειν

163 2178 227 2208 τοὺς
245 2178 274 2203 ἐν
292 2176 329 2212 τῲ
341 2176 473 2210 Βοσπόρῳ
484 2174 675 2205 κατοικοῦντας
688 2173 807 2207 λέγεται.
826 2173 902 2207 Ἔχει
920 2172 948 2199 δὲ
964 2165 985 2192 υ

161 2225 177 2259 ἡ
193 2223 298 2258 ἱστορία
320 2222 406 2253 οὕτως
418 2230 424 2237 ·
439 2222 575 2256 Βόσπορος
596 2220 673 2251 πόλις
696 2220 795 2245 Πόντου
822 2219 891 2245 κατὰ
904 2219 949 2245 τὸν

165 2269 320 2304 Κιμμέριον
346 2268 456 2300 κόλπον,
484 2268 530 2294 καὶ
570 2265 693 2302 πορθμὸς
720 2264 873 2300 ὁμώνυμος,
896 2265 950 2291 ἀπὸ

171 2314 238 2345 Ἰοῦς
254 2314 303 2349 τῆς
321 2314 424 2349 Ἰνάχου
439 2312 618 2347 καλούμενος,
637 2310 728 2342 καθὼς
744 2311 877 2346 Αἰσχύλος
893 2311 948 2346 (Gl)

164 2362 193 2387 ὲν
207 2361 245 2395 τῷ
260 2360 402 2395 Προμηθεῖ
413 2360 515 2394 γράφει
526 2367 533 2374 ·

237 2406 338 2432 Ἔσται
353 2405 387 2431 δὲ
403 2405 521 2438 θνητοῖς
534 2403 627 2431 εἰσαεὶ
641 2403 730 2438 λόγος
742 2402 836 2436 μέγας

237 2440 294 2472 Τῆς
313 2439 373 2473 σῆς
388 2437 519 2474 πορείας.
532 2439 687 2472 Βόσπορος
703 2437 727 2463 δ’
744 2438 899 2472 ἐπώνυμος

234 2475 429 2508 Κεκλήσεται.

996 1533 1064 1560 tioni
1083 1532 1217 1566 faventes,
1233 1537 1260 1561 et
1274 1534 1353 1561 ambo
1366 1534 1453 1568 juncti
1470 1535 1603 1562 exercitui
1620 1535 1741 1570 equestri
1753 1541 1779 1563 ct

994 1579 1084 1606 navali
1106 1580 1140 1606 ab
1158 1580 1322 1614 imperatore
1342 1581 1437 1613 misso.
1464 1582 1619 1610 Saracenos
1634 1582 1715 1610 Afros
1732 1582 1780 1609 de-

996 1626 1144 1657 bellarunt,
1157 1630 1183 1652 et
1199 1632 1317 1653 casuum
1331 1627 1408 1654 Baris
1419 1632 1621 1663 expugnarunt,
1638 1630 1778 1664 captivum

995 1671 1077 1697 etiam
1091 1671 1208 1698 Ameran
1226 1671 1374 1699 Soldanum
1391 1677 1548 1706 tenuerunt,
1561 1680 1641 1708 quem
1654 1681 1716 1700 cum
1726 1673 1780 1700 Lu-

996 1717 1108 1744 dovicus
1123 1725 1169 1744 rex
1187 1717 1309 1745 Francia!
1336 1726 1390 1745 una
1411 1725 1474 1745 cum
1492 1717 1638 1747 Saracenis
1662 1719 1780 1754 accepis-

996 1767 1048 1795 set,
1067 1764 1100 1790 ad
1117 1771 1182 1791 suos
1198 1763 1279 1791 rediit
1298 1773 1304 1791 :
1324 1764 1473 1800 imperator
1488 1773 1552 1793 vero
1568 1769 1652 1792 totam
1669 1765 1778 1801 Longo-

997 1809 1119 1837 bardiam
1131 1810 1268 1837 subditam
1286 1809 1398 1844 habuit;
1412 1815 1441 1838 ut
1455 1811 1537 1839 etiam
1550 1819 1621 1840 nunc
1632 1811 1780 1847 imperator

999 1853 1137 1883 ltomanus
1154 1855 1178 1882 ei
1197 1854 1365 1883 dominatur.

1217 1946 1314 1974 Thema
1328 1945 1400 1980 ΧΗ,
1410 1946 1561 1974 Chersom's.

1033 1993 1088 2028 30
1107 1992 1230 2020 Cherson
1256 1993 1407 2027 antiquitus
1434 2000 1533 2020 nomen
1559 1992 1687 2020 thematis
1708 1992 1780 2020 haud

1000 2040 1153 2074 usurpavit,
1167 2046 1255 2074 neque
1268 2039 1295 2066 iu
1313 2039 1472 2073 metropolis
1488 2039 1574 2065 turma
1588 2043 1708 2072 exstitit;
1721 2045 1780 2071 seu.

1000 2084 1044 2119 qui
1057 2084 1206 2119 Bosporum
1222 2083 1402 2119 occupabant,
1418 2083 1500 2111 etiam
1517 2083 1682 2111 Chersonem
1695 2084 1781 2119 ipsam

1002 2130 1144 2165 regebant,
1162 2137 1269 2156 necnon
1288 2129 1409 2164 reliquas
1423 2129 1560 2164 regiones,
1584 2128 1653 2156 adeo
1674 2134 1703 2156 ut
1727 2128 1780 2156 Bo~

1002 2175 1077 2210 spori
1092 2175 1187 2202 incolae
1202 2182 1316 2209 regnare
1327 2175 1492 2202 dicerentur.
1506 2175 1552 2202 Sic
1564 2179 1654 2202 autem
1666 2175 1780 2202 historia

1002 2229 1031 2249 se
1049 2221 1141 2249 habet.
1157 2221 1307 2256 Bosporus,
1325 2221 1404 2248 Ponti
1435 2222 1544 2255 civitas,
1570 2221 1647 2256 juxta
1660 2221 1781 2248 Cimme-

1001 2267 1071 2294 rium
1086 2268 1186 2299 sinum,
1205 2271 1231 2294 et
1248 2266 1379 2301 trajectus
1395 2267 1574 2302 cognominis,
1595 2267 1629 2293 ab
1646 2266 1706 2294 Ione
1721 2266 1781 2294 lna-

1001 2313 1045 2340 chi
1060 2313 1114 2340 tilia
1135 2313 1320 2346 nominantur,
1338 2313 1410 2341 velut
1424 2313 1571 2349 Eschylus
1583 2314 1610 2340 in
1622 2312 1784 2341 Prometheo

999 2360 1093 2387 scribit
1109 2368 1115 2386 :

1016 2406 1203 2444 .yortalihus
1213 2406 1271 2444 dei!
1286 2407 1442 2440 sempiterna
1460 2407 1533 2444 fama
1549 2407 1598 2444 erit

1040 2441 1228 2475 Trnjectionis,
1248 2441 1431 2476 Bosporusque
1448 2443 1507 2468 inde
1525 2443 1626 2469 audies.

746 2519 897 2547 ANSELMI
914 2519 1080 2547 BANDURll
1093 2518 1208 2547 ΝΟΤΛΕ.

204 2566 259 2602 (59)
288 2567 326 2594 De
349 2567 495 2602 Thcmate'
511 2566 716 2602 Longobardiae,
742 2566 857 2602 ejusque
878 2565 953 2599 prin-

169 2599 306 2636 cipatibus
341 2610 373 2629 ac
409 2599 720 2636 dueatibusfpluribus
748 2599 955 2635 agit'Scriptor

170 2642 263 2664 noster
281 2636 351 2662 infra
362 2636 408 2663 lib.
425 2636 458 2663 de
469 2637 550 2663 Adm.
561 2637 703 2671 impacap.
719 2644 804 2662 xxvn.

205 2671 261 2704 (60)
281 2671 316 2697 De
348 2672 398 2697 hac
428 2670 606 2705 expeditione
629 2670 830 2697 Saracenorum
859 2673 954 2696 contra

171 2706 333 2732 Dalmatiam
360 2710 386 2732 et
409 2705 514 2731 Italiam
536 2706 660 2740 pluribus
675 2706 730 2740 agit
757 2705 954 2739 Porphyroge-

171 2744 243 2767 nitus
260 2740 328 2767 infra
344 2741 389 2767 lib.
409 2741 443 2767 de
467 2741 546 2767 Adm.
571 2740 638 2774 Imp.
655 2749 714 2775 cap.
733 2749 807 2773 xxix,
826 2740 870 2766 ubi
893 2740 954 2766 vide

170 2784 229 2811 qua!
245 2776 416 2802 adnotamus.

207 2811 261 2848 (61)
279 2811 309 2837 lli
326 2819 429 2841 versus,
457 2810 544 2845 inquit
568 2809 706 2842 Morellus,
727 2817 795 2844 quos
824 2809 952 2838 emcnda-

329 2863 465 2893 PATHOL.
490 2862 548 2893 Gn.
576 2862 686 2893 CXIII.

1006 2565 1090 2592 tiores
1116 2572 1196 2599 quam
1218 2565 1245 2591 in
1272 2565 1373 2592 Codice
1400 2565 1484 2600 Regio
1500 2566 1681 2598 exaratisint,
1697 2567 1785 2594 edidi-

1005 2607 1078 2629 mus.
1094 2600 1297 2626 enuntiantura
1324 2601 1486 2628 Prometheo
1509 2602 1626 2628 vinculis
1659 2602 1782 2633 astricto,

1006 2634 1077 2668 apud
1109 2634 1270 2668 Aisehylum
1289 2643 1295 2660 :
1311 2634 1416 2662 ideirco
1440 2637 1465 2662 in
1479 2635 1565 2663 Gra-c.
1581 2635 1672 2663 addidi
1691 2636 1720 2662 τι
1740 2638 1779 2663 δε-

1006 2668 1114 2704 σμώτῃ,
1129 2668 1230 2706 quoda
1244 2669 1309 2696 Cod.
1324 2669 1390 2703 Reg.
1406 2671 1499 2697 aberat
1517 2681 1524 2698 :
1545 2671 1590 2698 sed
1607 2671 1663 2698 ﬁeri
1676 2679 1785 2706 quoque

1005 2703 1104 2738 potest,
1144 2707 1173 2730 ut
1200 2703 1255 2738 jam
1294 2706 1354 2738 ipso
1388 2705 1558 2732 Constantini
1599 2703 1692 2733 nostri
1728 2703 1786 2733 a'ro

1009 2738 1129 2774 JEsehyli
1148 2738 1325 2766 Prometheus
1339 2740 1478 2774 λυόμενος,
1492 2741 1605 2773 solutus,
1616 2740 1784 2768 desiderare-

1008 2778 1072 2806 tur;
1086 2774 1131 2808 qui
1150 2778 1241 2800 tamen
1255 2775 1414 2801 aveteribus
1424 2776 1561 2808 laudatur,
1576 2780 1603 2802 ut
1621 2783 1635 2802 a
1650 2774 1786 2804 Strabone

1007 2809 1054 2836 lib.
1069 2817 1076 2836 1
1089 2812 1114 2836 et
1131 2809 1282 2836 Arrianoin
1299 2809 1404 2845 Periplo
1416 2810 1505 2839 Ponti.

1549 2859 1566 2889 5
