  <div class='ocr_page' id='page_1' title='image "/cluster/home/n/w/nwhite01/storage/ocr_20150623/113/njp.32101077772968/084.png"; bbox 0 0 1899 3060; ppageno 0'>
   <div class='ocr_carea' id='block_1_1' title="bbox 1705 155 1758 191">
    <p class='ocr_par' dir='ltr' id='par_1_1' title="bbox 1705 155 1758 191">
     <span class='ocr_line' id='line_1_1' title="bbox 1705 155 1758 191; baseline 0.094 -5"><span class='ocrx_word' id='word_1_1' title='bbox 1705 155 1758 191; x_wconf 71' lang='lat'><strong>158</strong></span> 
     </span>
    </p>
   </div>
   <div class='ocr_carea' id='block_1_2' title="bbox 451 302 1459 402">
    <p class='ocr_par' dir='ltr' id='par_1_2' title="bbox 451 302 1459 402">
     <span class='ocr_line' id='line_1_2' title="bbox 451 302 1459 402; baseline 0.011 -11"><span class='ocrx_word' id='word_1_2' title='bbox 451 302 659 392; x_wconf 84' lang='lat' dir='ltr'><strong>CON</strong></span> <span class='ocrx_word' id='word_1_3' title='bbox 667 304 946 395; x_wconf 87' lang='lat' dir='ltr'><strong>STAN</strong></span> <span class='ocrx_word' id='word_1_4' title='bbox 949 310 1130 397; x_wconf 57' lang='lat' dir='ltr'><strong>TIRT</strong></span> <span class='ocrx_word' id='word_1_5' title='bbox 1133 313 1172 397; x_wconf 96' lang='grc' dir='ltr'>Ι</span> <span class='ocrx_word' id='word_1_6' title='bbox 1235 315 1459 402; x_wconf 88' lang='lat' dir='ltr'><strong>IMP.</strong></span> 
     </span>
    </p>
   </div>
   <div class='ocr_carea' id='block_1_3' title="bbox 777 470 1129 504">
    <p class='ocr_par' dir='ltr' id='par_1_3' title="bbox 777 470 1129 504">
     <span class='ocr_line' id='line_1_3' title="bbox 777 470 1129 504; baseline 0.011 -4"><span class='ocrx_word' id='word_1_7' title='bbox 777 470 1129 504; x_wconf 78' lang='lat' dir='ltr'><strong>POBPHYROGENITI</strong></span> 
     </span>
    </p>
   </div>
   <div class='ocr_carea' id='block_1_4' title="bbox 414 559 1480 628">
    <p class='ocr_par' dir='ltr' id='par_1_4' title="bbox 414 559 1480 628">
     <span class='ocr_line' id='line_1_4' title="bbox 414 559 1480 628; baseline 0.013 -14"><span class='ocrx_word' id='word_1_8' title='bbox 414 559 504 615; x_wconf 90' lang='lat' dir='ltr'><strong>DE</strong></span> <span class='ocrx_word' id='word_1_9' title='bbox 546 559 1143 624; x_wconf 84' lang='lat' dir='ltr'><strong>ADMINISTRANDO</strong></span> <span class='ocrx_word' id='word_1_10' title='bbox 1189 569 1480 628; x_wconf 83' lang='lat' dir='ltr'><strong>IMPERIO</strong></span> 
     </span>
    </p>
   </div>
   <div class='ocr_carea' id='block_1_5' title="bbox 846 682 1044 728">
    <p class='ocr_par' dir='ltr' id='par_1_5' title="bbox 846 682 1044 728">
     <span class='ocr_line' id='line_1_5' title="bbox 846 682 1044 728; baseline 0.015 -3"><span class='ocrx_word' id='word_1_11' title='bbox 846 682 1044 728; x_wconf 81' lang='lat' dir='ltr'><strong>LIBER.</strong></span> 
     </span>
    </p>
   </div>
   <div class='ocr_carea' id='block_1_6' title="bbox 641 775 1267 814">
    <p class='ocr_par' dir='ltr' id='par_1_6' title="bbox 641 775 1267 814">
     <span class='ocr_line' id='line_1_6' title="bbox 641 775 1267 814; baseline 0.01 -13"><span class='ocrx_word' id='word_1_12' title='bbox 641 776 713 808; x_wconf 70' lang='lat' dir='ltr'><strong>(Aul.</strong></span> <span class='ocrx_word' id='word_1_13' title='bbox 728 777 847 808; x_wconf 61' lang='lat' dir='ltr'><strong>nanum,</strong></span> <span class='ocrx_word' id='word_1_14' title='bbox 862 775 997 808; x_wconf 77' lang='lat' dir='ltr'><strong>Imperium</strong></span> <span class='ocrx_word' id='word_1_15' title='bbox 1014 778 1145 811; x_wconf 78' lang='lat' dir='ltr'><strong>Orieruale,</strong></span> <span class='ocrx_word' id='word_1_16' title='bbox 1162 783 1220 806; x_wconf 89' lang='lat' dir='ltr'><strong>tom.</strong></span> <span class='ocrx_word' id='word_1_17' title='bbox 1234 781 1267 814; x_wconf 86' lang='grc' dir='ltr'><strong>ι.)</strong></span> 
     </span>
    </p>
   </div>
   <div class='ocr_carea' id='block_1_7' title="bbox 812 915 1088 944">
    <p class='ocr_par' dir='ltr' id='par_1_7' title="bbox 812 915 1088 944">
     <span class='ocr_line' id='line_1_7' title="bbox 812 915 1088 944; baseline 0.007 -2"><span class='ocrx_word' id='word_1_18' title='bbox 812 915 1088 944; x_wconf 78' lang='grc' dir='ltr'><strong>ΚΩΝΣΤΑΝΤΙΝΟΥ</strong></span> 
     </span>
    </p>
   </div>
   <div class='ocr_carea' id='block_1_8' title="bbox 460 974 1440 1015">
    <p class='ocr_par' dir='ltr' id='par_1_8' title="bbox 460 974 1440 1015">
     <span class='ocr_line' id='line_1_8' title="bbox 460 974 1440 1015; baseline 0.006 -13"><span class='ocrx_word' id='word_1_19' title='bbox 460 974 530 1003; x_wconf 85' lang='grc' dir='ltr'><strong>ΤΟΥ</strong></span> <span class='ocrx_word' id='word_1_20' title='bbox 559 974 605 1002; x_wconf 82' lang='lat' dir='ltr'><strong>EN</strong></span> <span class='ocrx_word' id='word_1_21' title='bbox 626 975 751 1011; x_wconf 80' lang='grc' dir='ltr'><strong>ΧΡΙΣΤῼ</strong></span> <span class='ocrx_word' id='word_1_22' title='bbox 778 975 913 1004; x_wconf 79' lang='grc' dir='ltr'><strong>ΒΔΣῙΔΕΙ</strong></span> <span class='ocrx_word' id='word_1_23' title='bbox 942 976 1057 1012; x_wconf 77' lang='grc' dir='ltr'><strong>ΔΙΩΝΙῼ</strong></span> <span class='ocrx_word' id='word_1_24' title='bbox 1083 978 1249 1006; x_wconf 79' lang='grc' dir='ltr'><strong>ΒΛΣΙΛΕΩΣ</strong></span> <span class='ocrx_word' id='word_1_25' title='bbox 1277 979 1440 1015; x_wconf 58' lang='grc' dir='ltr'><strong>,ΡΩΜΔΙΩΝ</strong></span> 
     </span>
    </p>
   </div>
   <div class='ocr_carea' id='block_1_9' title="bbox 665 1033 1243 1063">
    <p class='ocr_par' dir='ltr' id='par_1_9' title="bbox 665 1033 1243 1063">
     <span class='ocr_line' id='line_1_9' title="bbox 665 1033 1243 1063; baseline 0.003 -2"><span class='ocrx_word' id='word_1_26' title='bbox 665 1034 756 1061; x_wconf 80' lang='grc' dir='ltr'><strong>ΠΡΟΣ</strong></span> <span class='ocrx_word' id='word_1_27' title='bbox 775 1033 845 1062; x_wconf 84' lang='grc' dir='ltr'><strong>ΤΟΝ</strong></span> <span class='ocrx_word' id='word_1_28' title='bbox 863 1034 956 1061; x_wconf 78' lang='grc' dir='ltr'><strong>1ΔίοΝ</strong></span> <span class='ocrx_word' id='word_1_29' title='bbox 972 1035 1055 1062; x_wconf 76' lang='grc' dir='ltr'><strong>1⁸1οΝ</strong></span> <span class='ocrx_word' id='word_1_30' title='bbox 1074 1036 1243 1063; x_wconf 80' lang='grc' dir='ltr'><strong>ΡΩΜΑΝΟΝ</strong></span> 
     </span>
    </p>
   </div>
   <div class='ocr_carea' id='block_1_10' title="bbox 511 1091 1396 1124">
    <p class='ocr_par' dir='ltr' id='par_1_10' title="bbox 511 1091 1396 1124">
     <span class='ocr_line' id='line_1_10' title="bbox 511 1091 1396 1124; baseline 0.006 -5"><span class='ocrx_word' id='word_1_31' title='bbox 511 1092 580 1120; x_wconf 85' lang='lat' dir='ltr'><strong>TON</strong></span> <span class='ocrx_word' id='word_1_32' title='bbox 594 1091 773 1119; x_wconf 68' lang='grc' dir='ltr'><strong>ΘΕΟΣΤΕΦΗ</strong></span> <span class='ocrx_word' id='word_1_33' title='bbox 790 1092 850 1119; x_wconf 77' lang='grc' dir='ltr'><strong>ΚΑΙ</strong></span> <span class='ocrx_word' id='word_1_34' title='bbox 871 1091 1219 1120; x_wconf 78' lang='grc' dir='ltr'><strong>ΠΟΡΦΥΡΟΓΕΝΝΗΤΟΝ</strong></span> <span class='ocrx_word' id='word_1_35' title='bbox 1239 1093 1396 1124; x_wconf 74' lang='grc' dir='ltr'><strong>ΒΔΣΙΛΕΔ.</strong></span> 
     </span>
    </p>
   </div>
   <div class='ocr_carea' id='block_1_11' title="bbox 810 1247 1079 1279">
    <p class='ocr_par' dir='ltr' id='par_1_11' title="bbox 810 1247 1079 1279">
     <span class='ocr_line' id='line_1_11' title="bbox 810 1247 1079 1279; baseline 0.004 -1"><span class='ocrx_word' id='word_1_36' title='bbox 810 1247 1079 1279; x_wconf 82' lang='lat' dir='ltr'><strong>CONSTANTINI</strong></span> 
     </span>
    </p>
   </div>
   <div class='ocr_carea' id='block_1_12' title="bbox 294 1307 1602 1349">
    <p class='ocr_par' dir='ltr' id='par_1_12' title="bbox 294 1307 1602 1349">
     <span class='ocr_line' id='line_1_12' title="bbox 294 1307 1602 1349; baseline 0.002 -7"><span class='ocrx_word' id='word_1_37' title='bbox 294 1310 453 1342; x_wconf 75' lang='lat' dir='ltr'><strong>CHRISTI</strong></span> <span class='ocrx_word' id='word_1_38' title='bbox 486 1311 646 1341; x_wconf 71' lang='lat' dir='ltr'><strong>IETERNI</strong></span> <span class='ocrx_word' id='word_1_39' title='bbox 682 1310 809 1349; x_wconf 79' lang='lat' dir='ltr'><strong>REGIS]</strong></span> <span class='ocrx_word' id='word_1_40' title='bbox 831 1307 984 1342; x_wconf 59' lang='lat' dir='ltr'><strong>GR&#39;ATIA</strong></span> <span class='ocrx_word' id='word_1_41' title='bbox 1022 1311 1300 1342; x_wconf 77' lang='lat' dir='ltr'><strong>IMPERATORIS</strong></span> <span class='ocrx_word' id='word_1_42' title='bbox 1339 1312 1602 1345; x_wconf 82' lang='lat' dir='ltr'><strong>ROMANORUM</strong></span> 
     </span>
    </p>
   </div>
   <div class='ocr_carea' id='block_1_13' title="bbox 693 1373 1157 1411">
    <p class='ocr_par' dir='ltr' id='par_1_13' title="bbox 693 1373 1157 1411">
     <span class='ocr_line' id='line_1_13' title="bbox 693 1373 1157 1411; baseline -0.002 -7"><span class='ocrx_word' id='word_1_43' title='bbox 693 1374 748 1404; x_wconf 84' lang='lat' dir='ltr'><strong>AD</strong></span> <span class='ocrx_word' id='word_1_44' title='bbox 773 1374 977 1405; x_wconf 79' lang='lat' dir='ltr'><strong>ROMANUM</strong></span> <span class='ocrx_word' id='word_1_45' title='bbox 1009 1373 1157 1411; x_wconf 84' lang='lat' dir='ltr'><strong>FILIUM,</strong></span> 
     </span>
    </p>
   </div>
   <div class='ocr_carea' id='block_1_14' title="bbox 337 1435 1562 1469">
    <p class='ocr_par' dir='ltr' id='par_1_14' title="bbox 337 1435 1562 1469">
     <span class='ocr_line' id='line_1_14' title="bbox 337 1435 1562 1469; baseline 0 -2"><span class='ocrx_word' id='word_1_46' title='bbox 337 1438 362 1467; x_wconf 78' lang='grc' dir='ltr'><strong>Α</strong></span> <span class='ocrx_word' id='word_1_47' title='bbox 387 1435 464 1467; x_wconf 90' lang='grc' dir='ltr'><strong>Ι)Εο</strong></span> <span class='ocrx_word' id='word_1_48' title='bbox 485 1435 737 1467; x_wconf 79' lang='lat' dir='ltr'><strong>CORONATUM</strong></span> <span class='ocrx_word' id='word_1_49' title='bbox 757 1436 809 1467; x_wconf 90' lang='lat' dir='ltr'><strong>ET</strong></span> <span class='ocrx_word' id='word_1_50' title='bbox 829 1435 1234 1468; x_wconf 80' lang='lat' dir='ltr'><strong>PORPHYROGENITUM</strong></span> <span class='ocrx_word' id='word_1_51' title='bbox 1257 1436 1562 1469; x_wconf 77' lang='lat' dir='ltr'><strong>IMPERATOBEM.</strong></span> 
     </span>
    </p>
   </div>
   <div class='ocr_carea' id='block_1_15' title="bbox 431 1607 634 1634">
    <p class='ocr_par' dir='ltr' id='par_1_15' title="bbox 431 1607 634 1634">
     <span class='ocr_line' id='line_1_15' title="bbox 431 1607 634 1634; baseline 0.005 -1"><span class='ocrx_word' id='word_1_52' title='bbox 431 1607 634 1634; x_wconf 83' lang='grc' dir='ltr'><strong>ΠΡΟΟΙΜΙΟΝ.</strong></span> 
     </span>
    </p>
   </div>
   <div class='ocr_carea' id='block_1_16' title="bbox 175 1651 921 1690">
    <p class='ocr_par' dir='ltr' id='par_1_16' title="bbox 175 1651 921 1690">
     <span class='ocr_line' id='line_1_16' title="bbox 175 1651 921 1690; baseline 0 -9"><span class='ocrx_word' id='word_1_53' title='bbox 175 1654 238 1685; x_wconf 83' lang='grc' dir='ltr'>Υίδς</span> <span class='ocrx_word' id='word_1_54' title='bbox 258 1652 338 1688; x_wconf 73' lang='grc' dir='ltr'>σοφδς</span> <span class='ocrx_word' id='word_1_55' title='bbox 362 1651 501 1689; x_wconf 75' lang='grc' dir='ltr'><strong>εὐφραίνει</strong></span> <span class='ocrx_word' id='word_1_56' title='bbox 522 1655 639 1689; x_wconf 78' lang='grc' dir='ltr'><strong>πατέρα,</strong></span> <span class='ocrx_word' id='word_1_57' title='bbox 660 1654 707 1681; x_wconf 79' lang='grc' dir='ltr'>καὶ</span> <span class='ocrx_word' id='word_1_58' title='bbox 730 1654 822 1690; x_wconf 80' lang='grc' dir='ltr'>πατὴρ</span> <span class='ocrx_word' id='word_1_59' title='bbox 848 1654 921 1689; x_wconf 81' lang='grc' dir='ltr'>φιλό-</span> 
     </span>
    </p>
   </div>
   <div class='ocr_carea' id='block_1_17' title="bbox 141 1699 918 1736">
    <p class='ocr_par' dir='ltr' id='par_1_17' title="bbox 141 1699 918 1736">
     <span class='ocr_line' id='line_1_17' title="bbox 141 1699 918 1736; baseline 0.001 -9"><span class='ocrx_word' id='word_1_60' title='bbox 141 1709 252 1736; x_wconf 78' lang='grc' dir='ltr'>στοργος</span> <span class='ocrx_word' id='word_1_61' title='bbox 265 1701 310 1727; x_wconf 77' lang='grc' dir='ltr'><strong>ἐπὶ</strong></span> <span class='ocrx_word' id='word_1_62' title='bbox 321 1700 370 1735; x_wconf 85' lang='grc' dir='ltr'>υίῷ</span> <span class='ocrx_word' id='word_1_63' title='bbox 387 1701 514 1735; x_wconf 73' lang='grc' dir='ltr'>τέρπετα</span> <span class='ocrx_word' id='word_1_64' title='bbox 532 1700 667 1736; x_wconf 73' lang='grc' dir='ltr'>φρονίμῳ.</span> <span class='ocrx_word' id='word_1_65' title='bbox 679 1699 782 1736; x_wconf 82' lang='grc' dir='ltr'>Κύριος</span> <span class='ocrx_word' id='word_1_66' title='bbox 801 1700 856 1736; x_wconf 85' lang='grc' dir='ltr'><strong>γὰρ</strong></span> <span class='ocrx_word' id='word_1_67' title='bbox 881 1701 918 1728; x_wconf 86' lang='grc' dir='ltr'>δί-</span> 
     </span>
    </p>
   </div>
   <div class='ocr_carea' id='block_1_18' title="bbox 139 1743 921 1782">
    <p class='ocr_par' dir='ltr' id='par_1_18' title="bbox 139 1743 921 1782">
     <span class='ocr_line' id='line_1_18' title="bbox 139 1743 921 1782; baseline -0.001 -9"><span class='ocrx_word' id='word_1_68' title='bbox 139 1746 204 1773; x_wconf 83' lang='grc' dir='ltr'>δωσι</span> <span class='ocrx_word' id='word_1_69' title='bbox 218 1745 280 1773; x_wconf 81' lang='grc' dir='ltr'>νοῦν</span> <span class='ocrx_word' id='word_1_70' title='bbox 297 1746 380 1782; x_wconf 80' lang='grc' dir='ltr'>ήνίκα</span> <span class='ocrx_word' id='word_1_71' title='bbox 389 1746 430 1772; x_wconf 82' lang='grc' dir='ltr'>δεϊ</span> <span class='ocrx_word' id='word_1_72' title='bbox 441 1747 537 1778; x_wconf 69' lang='grc' dir='ltr'>εἰπεῖν,</span> <span class='ocrx_word' id='word_1_73' title='bbox 553 1745 601 1772; x_wconf 77' lang='grc' dir='ltr'>καὶ</span> <span class='ocrx_word' id='word_1_74' title='bbox 629 1745 806 1781; x_wconf 79' lang='grc' dir='ltr'>προστίθησιν</span> <span class='ocrx_word' id='word_1_75' title='bbox 818 1743 864 1778; x_wconf 80' lang='grc' dir='ltr'>οὖς</span> <span class='ocrx_word' id='word_1_76' title='bbox 873 1746 921 1773; x_wconf 82' lang='grc' dir='ltr'>τοῦ</span> 
     </span>
    </p>
   </div>
   <div class='ocr_carea' id='block_1_19' title="bbox 140 1791 919 1827">
    <p class='ocr_par' dir='ltr' id='par_1_19' title="bbox 140 1791 919 1827">
     <span class='ocr_line' id='line_1_19' title="bbox 140 1791 919 1827; baseline 0.001 -9"><span class='ocrx_word' id='word_1_77' title='bbox 140 1791 248 1818; x_wconf 79' lang='grc' dir='ltr'><strong>ἀκούειν</strong></span> <span class='ocrx_word' id='word_1_78' title='bbox 258 1800 265 1806; x_wconf 93' lang='grc'><strong>·</strong></span> <span class='ocrx_word' id='word_1_79' title='bbox 287 1792 352 1827; x_wconf 76' lang='grc' dir='ltr'>παρ’</span> <span class='ocrx_word' id='word_1_80' title='bbox 366 1791 442 1826; x_wconf 78' lang='grc' dir='ltr'><strong>αὑτῷ</strong></span> <span class='ocrx_word' id='word_1_81' title='bbox 459 1791 596 1826; x_wconf 82' lang='grc' dir='ltr'>θησαυρὸς</span> <span class='ocrx_word' id='word_1_82' title='bbox 612 1791 720 1825; x_wconf 84' lang='grc' dir='ltr'>σοφίας,</span> <span class='ocrx_word' id='word_1_83' title='bbox 734 1791 780 1818; x_wconf 79' lang='grc' dir='ltr'>καὶ</span> <span class='ocrx_word' id='word_1_84' title='bbox 793 1791 823 1824; x_wconf 73' lang='grc' dir='ltr'><strong>ἐξ</strong></span> <span class='ocrx_word' id='word_1_85' title='bbox 835 1791 919 1819; x_wconf 77' lang='grc' dir='ltr'>αὑτοῦ</span> 
     </span>
    </p>
   </div>
   <div class='ocr_carea' id='block_1_20' title="bbox 140 1837 921 1874">
    <p class='ocr_par' dir='ltr' id='par_1_20' title="bbox 140 1837 921 1874">
     <span class='ocr_line' id='line_1_20' title="bbox 140 1837 921 1874; baseline 0 -10"><span class='ocrx_word' id='word_1_86' title='bbox 140 1838 238 1865; x_wconf 80' lang='grc' dir='ltr'><strong>δίδοται</strong></span> <span class='ocrx_word' id='word_1_87' title='bbox 253 1839 308 1865; x_wconf 79' lang='grc' dir='ltr'>πᾶν</span> <span class='ocrx_word' id='word_1_88' title='bbox 324 1837 439 1874; x_wconf 79' lang='grc' dir='ltr'><strong>δώρημα</strong></span> <span class='ocrx_word' id='word_1_89' title='bbox 452 1838 557 1864; x_wconf 83' lang='grc' dir='ltr'>τέλειον</span> <span class='ocrx_word' id='word_1_90' title='bbox 569 1845 577 1854; x_wconf 91' lang='grc'>·</span> <span class='ocrx_word' id='word_1_91' title='bbox 601 1837 718 1873; x_wconf 82' lang='grc' dir='ltr'>καθιστᾷ</span> <span class='ocrx_word' id='word_1_92' title='bbox 737 1837 856 1872; x_wconf 85' lang='grc' dir='ltr'><strong>βασιλεῖς</strong></span> <span class='ocrx_word' id='word_1_93' title='bbox 875 1838 921 1864; x_wconf 71' lang='grc' dir='ltr'><strong>ἐπὶ</strong></span> 
     </span>
    </p>
   </div>
   <div class='ocr_carea' id='block_1_21' title="bbox 140 1883 919 1919">
    <p class='ocr_par' dir='ltr' id='par_1_21' title="bbox 140 1883 919 1919">
     <span class='ocr_line' id='line_1_21' title="bbox 140 1883 919 1919; baseline 0 -9"><span class='ocrx_word' id='word_1_94' title='bbox 140 1884 246 1918; x_wconf 80' lang='grc' dir='ltr'>θρόνου,</span> <span class='ocrx_word' id='word_1_95' title='bbox 260 1884 307 1911; x_wconf 76' lang='grc' dir='ltr'>καὶ</span> <span class='ocrx_word' id='word_1_96' title='bbox 320 1884 418 1919; x_wconf 77' lang='grc' dir='ltr'>κυρίαν</span> <span class='ocrx_word' id='word_1_97' title='bbox 436 1883 483 1910; x_wconf 79' lang='grc' dir='ltr'><strong>τοῦ</strong></span> <span class='ocrx_word' id='word_1_98' title='bbox 512 1883 613 1915; x_wconf 64' lang='grc' dir='ltr'>παντθις</span> <span class='ocrx_word' id='word_1_99' title='bbox 623 1883 731 1910; x_wconf 87' lang='grc' dir='ltr'>δίδωσιν</span> <span class='ocrx_word' id='word_1_100' title='bbox 743 1883 844 1915; x_wconf 78' lang='grc' dir='ltr'>αὐτοῖς.</span> <span class='ocrx_word' id='word_1_101' title='bbox 861 1883 919 1911; x_wconf 84' lang='grc' dir='ltr'><strong>Νῦν</strong></span> 
     </span>
    </p>
   </div>
   <div class='ocr_carea' id='block_1_22' title="bbox 139 1929 923 1964">
    <p class='ocr_par' dir='ltr' id='par_1_22' title="bbox 139 1929 923 1964">
     <span class='ocr_line' id='line_1_22' title="bbox 139 1929 923 1964; baseline -0.001 -8"><span class='ocrx_word' id='word_1_102' title='bbox 139 1929 184 1956; x_wconf 80' lang='grc' dir='ltr'>οὖν</span> <span class='ocrx_word' id='word_1_103' title='bbox 193 1929 307 1956; x_wconf 70' lang='grc' dir='ltr'>ἄκουσόν</span> <span class='ocrx_word' id='word_1_104' title='bbox 325 1938 387 1964; x_wconf 82' lang='grc' dir='ltr'>μου,</span> <span class='ocrx_word' id='word_1_105' title='bbox 403 1929 457 1962; x_wconf 78' lang='grc' dir='ltr'><strong>υἱὲ,</strong></span> <span class='ocrx_word' id='word_1_106' title='bbox 474 1929 521 1956; x_wconf 64' lang='grc' dir='ltr'>καὶ</span> <span class='ocrx_word' id='word_1_107' title='bbox 540 1929 617 1964; x_wconf 83' lang='grc' dir='ltr'>τήνδε</span> <span class='ocrx_word' id='word_1_108' title='bbox 633 1929 800 1964; x_wconf 84' lang='grc' dir='ltr'>μεμαθηκὼς</span> <span class='ocrx_word' id='word_1_109' title='bbox 814 1929 863 1964; x_wconf 80' lang='grc' dir='ltr'><strong>τὴν</strong></span> <span class='ocrx_word' id='word_1_110' title='bbox 886 1929 923 1956; x_wconf 91' lang='grc' dir='ltr'>δι-</span> 
     </span>
    </p>
   </div>
   <div class='ocr_carea' id='block_1_23' title="bbox 140 1973 921 2010">
    <p class='ocr_par' dir='ltr' id='par_1_23' title="bbox 140 1973 921 2010">
     <span class='ocr_line' id='line_1_23' title="bbox 140 1973 921 2010; baseline -0.003 -8"><span class='ocrx_word' id='word_1_111' title='bbox 140 1975 235 2010; x_wconf 81' lang='grc' dir='ltr'>δαχὴν.</span> <span class='ocrx_word' id='word_1_112' title='bbox 260 1975 310 2010; x_wconf 72' lang='grc' dir='ltr'><strong>ἔσῃ</strong></span> <span class='ocrx_word' id='word_1_113' title='bbox 339 1975 419 2008; x_wconf 71' lang='grc' dir='ltr'>σοφὸς</span> <span class='ocrx_word' id='word_1_114' title='bbox 443 1974 518 2010; x_wconf 79' lang='grc' dir='ltr'>παρὰ</span> <span class='ocrx_word' id='word_1_115' title='bbox 549 1973 701 2010; x_wconf 83' lang='grc' dir='ltr'>φρονίμοις,</span> <span class='ocrx_word' id='word_1_116' title='bbox 716 1975 762 2000; x_wconf 76' lang='grc' dir='ltr'>καὶ</span> <span class='ocrx_word' id='word_1_117' title='bbox 790 1974 921 2010; x_wconf 80' lang='grc' dir='ltr'>φρόνιμος</span> 
     </span>
    </p>
   </div>
   <div class='ocr_carea' id='block_1_24' title="bbox 141 2018 921 2055">
    <p class='ocr_par' dir='ltr' id='par_1_24' title="bbox 141 2018 921 2055">
     <span class='ocr_line' id='line_1_24' title="bbox 141 2018 921 2055; baseline 0 -9"><span class='ocrx_word' id='word_1_118' title='bbox 141 2019 216 2055; x_wconf 80' lang='grc' dir='ltr'>παρὰ</span> <span class='ocrx_word' id='word_1_119' title='bbox 237 2020 327 2053; x_wconf 70' lang='grc' dir='ltr'>σοφοῖς</span> <span class='ocrx_word' id='word_1_120' title='bbox 338 2018 498 2054; x_wconf 80' lang='grc' dir='ltr'>λογισθήσῃ.</span> <span class='ocrx_word' id='word_1_121' title='bbox 513 2018 697 2054; x_wconf 81' lang='grc' dir='ltr'>Εὑλογήσουσί</span> <span class='ocrx_word' id='word_1_122' title='bbox 713 2026 742 2044; x_wconf 89' lang='grc' dir='ltr'><strong>σε</strong></span> <span class='ocrx_word' id='word_1_123' title='bbox 754 2018 779 2044; x_wconf 81' lang='grc' dir='ltr'>οἱ</span> <span class='ocrx_word' id='word_1_124' title='bbox 791 2018 861 2050; x_wconf 77' lang='grc' dir='ltr'>λαοὶ,</span> <span class='ocrx_word' id='word_1_125' title='bbox 874 2019 921 2046; x_wconf 76' lang='grc' dir='ltr'>καὶ</span> 
     </span>
    </p>
   </div>
   <div class='ocr_carea' id='block_1_25' title="bbox 141 2064 920 2102">
    <p class='ocr_par' dir='ltr' id='par_1_25' title="bbox 141 2064 920 2102">
     <span class='ocr_line' id='line_1_25' title="bbox 141 2064 920 2102; baseline -0.003 -9"><span class='ocrx_word' id='word_1_126' title='bbox 141 2066 306 2102; x_wconf 82' lang='grc' dir='ltr'>μακαριοῠσί</span> <span class='ocrx_word' id='word_1_127' title='bbox 331 2075 360 2092; x_wconf 87' lang='grc' dir='ltr'><strong>σε</strong></span> <span class='ocrx_word' id='word_1_128' title='bbox 386 2065 475 2101; x_wconf 81' lang='grc' dir='ltr'>πλήθη</span> <span class='ocrx_word' id='word_1_129' title='bbox 494 2065 588 2092; x_wconf 81' lang='grc' dir='ltr'>ἐθνῶν.</span> <span class='ocrx_word' id='word_1_130' title='bbox 621 2065 765 2100; x_wconf 82' lang='grc' dir='ltr'>Διδάχθητι</span> <span class='ocrx_word' id='word_1_131' title='bbox 788 2064 806 2092; x_wconf 71' lang='grc' dir='ltr'>ἃ</span> <span class='ocrx_word' id='word_1_132' title='bbox 820 2065 872 2100; x_wconf 81' lang='grc' dir='ltr'><strong>χρή</strong></span> <span class='ocrx_word' id='word_1_133' title='bbox 890 2073 920 2091; x_wconf 83' lang='grc' dir='ltr'><strong>σε</strong></span> 
     </span>
    </p>
   </div>
   <div class='ocr_carea' id='block_1_26' title="bbox 141 2109 921 2145">
    <p class='ocr_par' dir='ltr' id='par_1_26' title="bbox 141 2109 921 2145">
     <span class='ocr_line' id='line_1_26' title="bbox 141 2109 921 2145; baseline -0.001 -8"><span class='ocrx_word' id='word_1_134' title='bbox 141 2111 193 2141; x_wconf 77' lang='grc' dir='ltr'><strong>πρὸ</strong></span> <span class='ocrx_word' id='word_1_135' title='bbox 210 2112 316 2138; x_wconf 85' lang='grc' dir='ltr'>πάντων</span> <span class='ocrx_word' id='word_1_136' title='bbox 327 2110 436 2142; x_wconf 78' lang='grc' dir='ltr'>ειδέναι.</span> <span class='ocrx_word' id='word_1_137' title='bbox 449 2111 497 2137; x_wconf 80' lang='grc' dir='ltr'>καὶ</span> <span class='ocrx_word' id='word_1_138' title='bbox 509 2109 641 2145; x_wconf 80' lang='grc' dir='ltr'>νουνεχῶς</span> <span class='ocrx_word' id='word_1_139' title='bbox 654 2110 707 2136; x_wconf 84' lang='grc' dir='ltr'><strong>τῶν</strong></span> <span class='ocrx_word' id='word_1_140' title='bbox 720 2110 769 2145; x_wconf 85' lang='grc' dir='ltr'>τῆς</span> <span class='ocrx_word' id='word_1_141' title='bbox 783 2109 921 2144; x_wconf 79' lang='grc' dir='ltr'><strong>βασιλείας</strong></span> 
     </span>
    </p>
   </div>
   <div class='ocr_carea' id='block_1_27' title="bbox 140 2153 920 2191">
    <p class='ocr_par' dir='ltr' id='par_1_27' title="bbox 140 2153 920 2191">
     <span class='ocr_line' id='line_1_27' title="bbox 140 2153 920 2191; baseline -0.003 -8"><span class='ocrx_word' id='word_1_142' title='bbox 140 2157 240 2183; x_wconf 70' lang='grc' dir='ltr'>οἰάκων</span> <span class='ocrx_word' id='word_1_143' title='bbox 253 2155 408 2183; x_wconf 78' lang='grc' dir='ltr'>ἀντιλαϐοὖ.</span> <span class='ocrx_word' id='word_1_144' title='bbox 438 2156 506 2191; x_wconf 80' lang='grc' dir='ltr'>Περὶ</span> <span class='ocrx_word' id='word_1_145' title='bbox 517 2155 571 2182; x_wconf 86' lang='grc' dir='ltr'>τῶν</span> <span class='ocrx_word' id='word_1_146' title='bbox 586 2153 738 2182; x_wconf 70' lang='grc' dir='ltr'><strong>ἐνεστώτων</strong></span> <span class='ocrx_word' id='word_1_147' title='bbox 763 2154 920 2190; x_wconf 80' lang='grc' dir='ltr'>μελέτησον,</span> 
     </span>
    </p>
   </div>
   <div class='ocr_carea' id='block_1_28' title="bbox 140 2200 921 2237">
    <p class='ocr_par' dir='ltr' id='par_1_28' title="bbox 140 2200 921 2237">
     <span class='ocr_line' id='line_1_28' title="bbox 140 2200 921 2237; baseline -0.005 -7"><span class='ocrx_word' id='word_1_148' title='bbox 140 2203 186 2231; x_wconf 78' lang='grc' dir='ltr'><strong>καὶ</strong></span> <span class='ocrx_word' id='word_1_149' title='bbox 198 2202 262 2237; x_wconf 78' lang='grc' dir='ltr'>περὶ</span> <span class='ocrx_word' id='word_1_150' title='bbox 275 2202 330 2229; x_wconf 85' lang='grc' dir='ltr'><strong>τῶν</strong></span> <span class='ocrx_word' id='word_1_151' title='bbox 348 2200 501 2237; x_wconf 81' lang='grc' dir='ltr'><strong>μελλόντων</strong></span> <span class='ocrx_word' id='word_1_152' title='bbox 527 2200 676 2236; x_wconf 76' lang='grc' dir='ltr'>διδάχθητι,</span> <span class='ocrx_word' id='word_1_153' title='bbox 690 2200 732 2227; x_wconf 84' lang='grc' dir='ltr'><strong>ἴνα</strong></span> <span class='ocrx_word' id='word_1_154' title='bbox 751 2201 849 2235; x_wconf 83' lang='grc' dir='ltr'>πεῖραν</span> <span class='ocrx_word' id='word_1_155' title='bbox 862 2201 921 2236; x_wconf 86' lang='grc' dir='ltr'>μετ’</span> 
     </span>
    </p>
   </div>
   <div class='ocr_carea' id='block_1_29' title="bbox 139 2245 921 2283">
    <p class='ocr_par' dir='ltr' id='par_1_29' title="bbox 139 2245 921 2283">
     <span class='ocr_line' id='line_1_29' title="bbox 139 2245 921 2283; baseline -0.004 -8"><span class='ocrx_word' id='word_1_156' title='bbox 139 2248 278 2279; x_wconf 81' lang='grc' dir='ltr'>εὑὸουλίας</span> <span class='ocrx_word' id='word_1_157' title='bbox 294 2246 433 2283; x_wconf 84' lang='grc' dir='ltr'>ἀθροίσῃς,</span> <span class='ocrx_word' id='word_1_158' title='bbox 459 2246 504 2272; x_wconf 84' lang='grc' dir='ltr'>καὶ</span> <span class='ocrx_word' id='word_1_159' title='bbox 532 2245 753 2281; x_wconf 79' lang='grc' dir='ltr'>μεγαλεπήὸολος</span> <span class='ocrx_word' id='word_1_160' title='bbox 779 2246 828 2282; x_wconf 77' lang='grc' dir='ltr'><strong>ἔσῃ</strong></span> <span class='ocrx_word' id='word_1_161' title='bbox 857 2246 921 2281; x_wconf 82' lang='grc' dir='ltr'>περὶ</span> 
     </span>
    </p>
   </div>
   <div class='ocr_carea' id='block_1_30' title="bbox 936 1611 961 1640">
    <p class='ocr_par' dir='ltr' id='par_1_30' title="bbox 936 1611 961 1640">
     <span class='ocr_line' id='line_1_30' title="bbox 936 1611 961 1640; baseline 0 0"><span class='ocrx_word' id='word_1_162' title='bbox 936 1611 961 1640; x_wconf 79' lang='grc' dir='ltr'><strong>Δ</strong></span> 
     </span>
    </p>
   </div>
   <div class='ocr_carea' id='block_1_31' title="bbox 1257 1609 1469 1638">
    <p class='ocr_par' dir='ltr' id='par_1_31' title="bbox 1257 1609 1469 1638">
     <span class='ocr_line' id='line_1_31' title="bbox 1257 1609 1469 1638; baseline 0.009 -2"><span class='ocrx_word' id='word_1_163' title='bbox 1257 1609 1469 1638; x_wconf 70' lang='grc' dir='ltr'>ΡηοωΜιυΜ.</span> 
     </span>
    </p>
   </div>
   <div class='ocr_carea' id='block_1_32' title="bbox 1010 1653 1762 1692">
    <p class='ocr_par' dir='ltr' id='par_1_32' title="bbox 1010 1653 1762 1692">
     <span class='ocr_line' id='line_1_32' title="bbox 1010 1653 1762 1692; baseline 0.003 -11"><span class='ocrx_word' id='word_1_164' title='bbox 1010 1654 1063 1690; x_wconf 79' lang='lat'><strong>53</strong></span> <span class='ocrx_word' id='word_1_165' title='bbox 1087 1653 1174 1683; x_wconf 83' lang='lat' dir='ltr'><strong>Filius</strong></span> <span class='ocrx_word' id='word_1_166' title='bbox 1197 1655 1307 1689; x_wconf 79' lang='lat' dir='ltr'><strong>sapiens</strong></span> <span class='ocrx_word' id='word_1_167' title='bbox 1334 1656 1454 1684; x_wconf 74' lang='lat' dir='ltr'><strong>laetiﬁcat</strong></span> <span class='ocrx_word' id='word_1_168' title='bbox 1481 1660 1599 1691; x_wconf 89' lang='lat' dir='ltr'><strong>patrem,</strong></span> <span class='ocrx_word' id='word_1_169' title='bbox 1629 1660 1656 1684; x_wconf 88' lang='lat' dir='ltr'><strong>et</strong></span> <span class='ocrx_word' id='word_1_170' title='bbox 1685 1660 1762 1692; x_wconf 89' lang='lat' dir='ltr'><strong>pater</strong></span> 
     </span>
    </p>
   </div>
   <div class='ocr_carea' id='block_1_33' title="bbox 976 1699 1762 1736">
    <p class='ocr_par' dir='ltr' id='par_1_33' title="bbox 976 1699 1762 1736">
     <span class='ocr_line' id='line_1_33' title="bbox 976 1699 1762 1736; baseline 0.003 -10"><span class='ocrx_word' id='word_1_171' title='bbox 976 1700 1061 1735; x_wconf 88' lang='lat' dir='ltr'><strong>prolis</strong></span> <span class='ocrx_word' id='word_1_172' title='bbox 1077 1707 1172 1727; x_wconf 82' lang='lat' dir='ltr'><strong>amans</strong></span> <span class='ocrx_word' id='word_1_173' title='bbox 1186 1699 1213 1727; x_wconf 91' lang='lat' dir='ltr'><strong>in</strong></span> <span class='ocrx_word' id='word_1_174' title='bbox 1232 1699 1288 1727; x_wconf 88' lang='lat' dir='ltr'><strong>tilio</strong></span> <span class='ocrx_word' id='word_1_175' title='bbox 1307 1700 1441 1736; x_wconf 86' lang='lat' dir='ltr'><strong>prudente</strong></span> <span class='ocrx_word' id='word_1_176' title='bbox 1453 1701 1613 1728; x_wconf 74' lang='lat' dir='ltr'><strong>delectatur.</strong></span> <span class='ocrx_word' id='word_1_177' title='bbox 1629 1700 1762 1729; x_wconf 85' lang='lat' dir='ltr'><strong>Dominus</strong></span> 
     </span>
    </p>
   </div>
   <div class='ocr_carea' id='block_1_34' title="bbox 975 1745 1760 1782">
    <p class='ocr_par' dir='ltr' id='par_1_34' title="bbox 975 1745 1760 1782">
     <span class='ocr_line' id='line_1_34' title="bbox 975 1745 1760 1782; baseline 0.001 -10"><span class='ocrx_word' id='word_1_178' title='bbox 975 1745 1075 1781; x_wconf 83' lang='lat' dir='ltr'><strong>quippe</strong></span> <span class='ocrx_word' id='word_1_179' title='bbox 1093 1750 1136 1773; x_wconf 92' lang='lat' dir='ltr'><strong>est</strong></span> <span class='ocrx_word' id='word_1_180' title='bbox 1159 1746 1206 1780; x_wconf 85' lang='lat' dir='ltr'><strong>qui</strong></span> <span class='ocrx_word' id='word_1_181' title='bbox 1231 1750 1347 1773; x_wconf 89' lang='lat' dir='ltr'><strong>mentem</strong></span> <span class='ocrx_word' id='word_1_182' title='bbox 1374 1745 1442 1774; x_wconf 89' lang='lat' dir='ltr'><strong>indit</strong></span> <span class='ocrx_word' id='word_1_183' title='bbox 1462 1746 1573 1782; x_wconf 88' lang='lat' dir='ltr'><strong>quando</strong></span> <span class='ocrx_word' id='word_1_184' title='bbox 1597 1746 1760 1781; x_wconf 85' lang='lat' dir='ltr'><strong>loquendum</strong></span> 
     </span>
    </p>
   </div>
   <div class='ocr_carea' id='block_1_35' title="bbox 974 1784 1762 1828">
    <p class='ocr_par' dir='ltr' id='par_1_35' title="bbox 974 1784 1762 1828">
     <span class='ocr_line' id='line_1_35' title="bbox 974 1784 1762 1828; baseline 0.001 -9"><span class='ocrx_word' id='word_1_185' title='bbox 974 1795 1026 1824; x_wconf 88' lang='lat' dir='ltr'><strong>est,</strong></span> <span class='ocrx_word' id='word_1_186' title='bbox 1041 1796 1068 1818; x_wconf 91' lang='lat' dir='ltr'><strong>et</strong></span> <span class='ocrx_word' id='word_1_187' title='bbox 1079 1799 1172 1819; x_wconf 85' lang='lat' dir='ltr'><strong>aurem</strong></span> <span class='ocrx_word' id='word_1_188' title='bbox 1187 1791 1220 1818; x_wconf 86' lang='lat' dir='ltr'><strong>ad</strong></span> <span class='ocrx_word' id='word_1_189' title='bbox 1234 1791 1399 1820; x_wconf 84' lang='lat' dir='ltr'><strong>audiendum</strong></span> <span class='ocrx_word' id='word_1_190' title='bbox 1415 1784 1545 1828; x_wconf 73' lang='lat' dir='ltr'><strong>impertit.</strong></span> <span class='ocrx_word' id='word_1_191' title='bbox 1564 1792 1650 1821; x_wconf 81' lang='lat' dir='ltr'><strong>Penes</strong></span> <span class='ocrx_word' id='word_1_192' title='bbox 1672 1793 1762 1828; x_wconf 87' lang='lat' dir='ltr'><strong>ipsum</strong></span> 
     </span>
    </p>
   </div>
   <div class='ocr_carea' id='block_1_36' title="bbox 975 1838 1762 1874">
    <p class='ocr_par' dir='ltr' id='par_1_36' title="bbox 975 1838 1762 1874">
     <span class='ocr_line' id='line_1_36' title="bbox 975 1838 1762 1874; baseline 0.001 -9"><span class='ocrx_word' id='word_1_193' title='bbox 975 1839 1115 1874; x_wconf 63' lang='lat' dir='ltr'><strong>sapientia:</strong></span> <span class='ocrx_word' id='word_1_194' title='bbox 1149 1838 1203 1874; x_wconf 69' lang='grc'><strong>54</strong></span> <span class='ocrx_word' id='word_1_195' title='bbox 1228 1839 1374 1867; x_wconf 84' lang='lat' dir='ltr'><strong>thesaurus</strong></span> <span class='ocrx_word' id='word_1_196' title='bbox 1407 1839 1578 1871; x_wconf 87' lang='lat' dir='ltr'><strong>reconditur,</strong></span> <span class='ocrx_word' id='word_1_197' title='bbox 1603 1845 1629 1867; x_wconf 91' lang='lat' dir='ltr'><strong>et</strong></span> <span class='ocrx_word' id='word_1_198' title='bbox 1659 1839 1693 1867; x_wconf 88' lang='lat' dir='ltr'><strong>ab</strong></span> <span class='ocrx_word' id='word_1_199' title='bbox 1715 1839 1762 1866; x_wconf 90' lang='lat' dir='ltr'><strong>illo</strong></span> 
     </span>
    </p>
   </div>
   <div class='ocr_carea' id='block_1_37' title="bbox 975 1883 1762 1920">
    <p class='ocr_par' dir='ltr' id='par_1_37' title="bbox 975 1883 1762 1920">
     <span class='ocr_line' id='line_1_37' title="bbox 975 1883 1762 1920; baseline -0.001 -8"><span class='ocrx_word' id='word_1_200' title='bbox 975 1892 1056 1912; x_wconf 87' lang='lat' dir='ltr'><strong>omne</strong></span> <span class='ocrx_word' id='word_1_201' title='bbox 1078 1885 1179 1912; x_wconf 88' lang='lat' dir='ltr'><strong>donum</strong></span> <span class='ocrx_word' id='word_1_202' title='bbox 1197 1884 1349 1920; x_wconf 79' lang='lat' dir='ltr'><strong>perfectum</strong></span> <span class='ocrx_word' id='word_1_203' title='bbox 1369 1889 1487 1912; x_wconf 79' lang='lat' dir='ltr'><strong>emanat.</strong></span> <span class='ocrx_word' id='word_1_204' title='bbox 1508 1883 1596 1920; x_wconf 68' lang='lat' dir='ltr'><strong>Reges</strong></span> <span class='ocrx_word' id='word_1_205' title='bbox 1616 1885 1643 1912; x_wconf 90' lang='lat' dir='ltr'><strong>in</strong></span> <span class='ocrx_word' id='word_1_206' title='bbox 1661 1885 1762 1912; x_wconf 86' lang='lat' dir='ltr'><strong>throno</strong></span> 
     </span>
    </p>
   </div>
   <div class='ocr_carea' id='block_1_38' title="bbox 975 1931 1760 1967">
    <p class='ocr_par' dir='ltr' id='par_1_38' title="bbox 975 1931 1760 1967">
     <span class='ocr_line' id='line_1_38' title="bbox 975 1931 1760 1967; baseline -0.004 -7"><span class='ocrx_word' id='word_1_207' title='bbox 975 1932 1099 1964; x_wconf 78' lang='lat' dir='ltr'><strong>collocat,</strong></span> <span class='ocrx_word' id='word_1_208' title='bbox 1132 1932 1310 1967; x_wconf 82' lang='lat' dir='ltr'><strong>universique</strong></span> <span class='ocrx_word' id='word_1_209' title='bbox 1330 1932 1497 1960; x_wconf 86' lang='lat' dir='ltr'><strong>dominatum</strong></span> <span class='ocrx_word' id='word_1_210' title='bbox 1524 1932 1591 1966; x_wconf 80' lang='lat' dir='ltr'><strong>ipsis</strong></span> <span class='ocrx_word' id='word_1_211' title='bbox 1617 1931 1760 1966; x_wconf 75' lang='lat' dir='ltr'><strong>elargitur.</strong></span> 
     </span>
    </p>
   </div>
   <div class='ocr_carea' id='block_1_39' title="bbox 975 1976 1764 2014">
    <p class='ocr_par' dir='ltr' id='par_1_39' title="bbox 975 1976 1764 2014">
     <span class='ocr_line' id='line_1_39' title="bbox 975 1976 1764 2014; baseline -0.005 -8"><span class='ocrx_word' id='word_1_212' title='bbox 975 1978 1054 2006; x_wconf 87' lang='lat' dir='ltr'><strong>Nunc</strong></span> <span class='ocrx_word' id='word_1_213' title='bbox 1067 1986 1132 2014; x_wconf 74' lang='lat' dir='ltr'><strong>ergo</strong></span> <span class='ocrx_word' id='word_1_214' title='bbox 1146 1985 1239 2005; x_wconf 88' lang='lat' dir='ltr'><strong>aurem</strong></span> <span class='ocrx_word' id='word_1_215' title='bbox 1259 1978 1361 2013; x_wconf 77' lang='lat' dir='ltr'><strong>praebe,</strong></span> <span class='ocrx_word' id='word_1_216' title='bbox 1388 1977 1436 2010; x_wconf 86' lang='lat' dir='ltr'><strong>iiii,</strong></span> <span class='ocrx_word' id='word_1_217' title='bbox 1457 1982 1483 2004; x_wconf 88' lang='lat' dir='ltr'><strong>et</strong></span> <span class='ocrx_word' id='word_1_218' title='bbox 1500 1976 1552 2004; x_wconf 84' lang='lat' dir='ltr'><strong>hac</strong></span> <span class='ocrx_word' id='word_1_219' title='bbox 1576 1976 1696 2003; x_wconf 87' lang='lat' dir='ltr'><strong>imbutus</strong></span> <span class='ocrx_word' id='word_1_220' title='bbox 1715 1977 1764 2003; x_wconf 85' lang='lat' dir='ltr'><strong>do-</strong></span> 
     </span>
    </p>
   </div>
   <div class='ocr_carea' id='block_1_40' title="bbox 974 2021 1762 2059">
    <p class='ocr_par' dir='ltr' id='par_1_40' title="bbox 974 2021 1762 2059">
     <span class='ocr_line' id='line_1_40' title="bbox 974 2021 1762 2059; baseline -0.005 -7"><span class='ocrx_word' id='word_1_221' title='bbox 974 2025 1072 2057; x_wconf 84' lang='lat' dir='ltr'><strong>ctrina,</strong></span> <span class='ocrx_word' id='word_1_222' title='bbox 1096 2024 1207 2058; x_wconf 80' lang='lat' dir='ltr'><strong>sapiens</strong></span> <span class='ocrx_word' id='word_1_223' title='bbox 1229 2023 1300 2059; x_wconf 87' lang='lat' dir='ltr'><strong>apnd</strong></span> <span class='ocrx_word' id='word_1_224' title='bbox 1318 2023 1467 2058; x_wconf 86' lang='lat' dir='ltr'><strong>prudentes</strong></span> <span class='ocrx_word' id='word_1_225' title='bbox 1487 2023 1553 2055; x_wconf 84' lang='lat' dir='ltr'><strong>eris,</strong></span> <span class='ocrx_word' id='word_1_226' title='bbox 1575 2026 1602 2049; x_wconf 87' lang='lat' dir='ltr'><strong>et</strong></span> <span class='ocrx_word' id='word_1_227' title='bbox 1619 2021 1690 2056; x_wconf 84' lang='lat' dir='ltr'><strong>apud</strong></span> <span class='ocrx_word' id='word_1_228' title='bbox 1716 2029 1762 2048; x_wconf 82' lang='lat' dir='ltr'><strong>sa-</strong></span> 
     </span>
    </p>
   </div>
   <div class='ocr_carea' id='block_1_41' title="bbox 974 2068 1763 2106">
    <p class='ocr_par' dir='ltr' id='par_1_41' title="bbox 974 2068 1763 2106">
     <span class='ocr_line' id='line_1_41' title="bbox 974 2068 1763 2106; baseline -0.008 -8"><span class='ocrx_word' id='word_1_229' title='bbox 974 2071 1079 2106; x_wconf 86' lang='lat' dir='ltr'><strong>pientes</strong></span> <span class='ocrx_word' id='word_1_230' title='bbox 1104 2069 1224 2104; x_wconf 77' lang='lat' dir='ltr'><strong>prudens</strong></span> <span class='ocrx_word' id='word_1_231' title='bbox 1251 2069 1420 2097; x_wconf 80' lang='lat' dir='ltr'><strong>censcberis.</strong></span> <span class='ocrx_word' id='word_1_232' title='bbox 1446 2068 1611 2096; x_wconf 84' lang='lat' dir='ltr'><strong>Benedicent</strong></span> <span class='ocrx_word' id='word_1_233' title='bbox 1633 2068 1680 2095; x_wconf 78' lang='lat' dir='ltr'><strong>tibi</strong></span> <span class='ocrx_word' id='word_1_234' title='bbox 1713 2075 1763 2102; x_wconf 70' lang='lat' dir='ltr'><strong>po-</strong></span> 
     </span>
    </p>
   </div>
   <div class='ocr_carea' id='block_1_42' title="bbox 975 2108 1763 2149">
    <p class='ocr_par' dir='ltr' id='par_1_42' title="bbox 975 2108 1763 2149">
     <span class='ocr_line' id='line_1_42' title="bbox 975 2108 1763 2149; baseline -0.003 -10"><span class='ocrx_word' id='word_1_235' title='bbox 975 2113 1043 2149; x_wconf 87' lang='lat' dir='ltr'><strong>puli,</strong></span> <span class='ocrx_word' id='word_1_236' title='bbox 1059 2118 1086 2140; x_wconf 89' lang='lat' dir='ltr'><strong>et</strong></span> <span class='ocrx_word' id='word_1_237' title='bbox 1107 2113 1217 2140; x_wconf 83' lang='lat' dir='ltr'><strong>beatum</strong></span> <span class='ocrx_word' id='word_1_238' title='bbox 1242 2111 1430 2147; x_wconf 74' lang='lat' dir='ltr'><strong>praedicabunt</strong></span> <span class='ocrx_word' id='word_1_239' title='bbox 1447 2111 1539 2138; x_wconf 64' lang='lat' dir='ltr'><strong>multa:</strong></span> <span class='ocrx_word' id='word_1_240' title='bbox 1559 2113 1664 2146; x_wconf 74' lang='lat' dir='ltr'><strong>gentes.</strong></span> <span class='ocrx_word' id='word_1_241' title='bbox 1683 2108 1763 2138; x_wconf 84' lang='lat' dir='ltr'><strong>Disce</strong></span> 
     </span>
    </p>
   </div>
   <div class='ocr_carea' id='block_1_43' title="bbox 974 2156 1763 2194">
    <p class='ocr_par' dir='ltr' id='par_1_43' title="bbox 974 2156 1763 2194">
     <span class='ocr_line' id='line_1_43' title="bbox 974 2156 1763 2194; baseline -0.005 -8"><span class='ocrx_word' id='word_1_242' title='bbox 974 2166 1034 2194; x_wconf 64' lang='lat' dir='ltr'><strong>quae</strong></span> <span class='ocrx_word' id='word_1_243' title='bbox 1053 2165 1109 2194; x_wconf 62' lang='lat' dir='ltr'><strong>pra!</strong></span> <span class='ocrx_word' id='word_1_244' title='bbox 1128 2158 1257 2186; x_wconf 87' lang='lat' dir='ltr'><strong>omnibus</strong></span> <span class='ocrx_word' id='word_1_245' title='bbox 1280 2157 1351 2186; x_wconf 86' lang='lat' dir='ltr'><strong>scitu</strong></span> <span class='ocrx_word' id='word_1_246' title='bbox 1378 2165 1447 2193; x_wconf 87' lang='lat' dir='ltr'><strong>opus</strong></span> <span class='ocrx_word' id='word_1_247' title='bbox 1471 2160 1546 2188; x_wconf 88' lang='lat' dir='ltr'><strong>sunt.</strong></span> <span class='ocrx_word' id='word_1_248' title='bbox 1562 2160 1589 2184; x_wconf 88' lang='lat' dir='ltr'><strong>et</strong></span> <span class='ocrx_word' id='word_1_249' title='bbox 1615 2156 1763 2191; x_wconf 85' lang='lat' dir='ltr'><strong>prudenter</strong></span> 
     </span>
    </p>
   </div>
   <div class='ocr_carea' id='block_1_44' title="bbox 974 2202 1761 2239">
    <p class='ocr_par' dir='ltr' id='par_1_44' title="bbox 974 2202 1761 2239">
     <span class='ocr_line' id='line_1_44' title="bbox 974 2202 1761 2239; baseline -0.003 -8"><span class='ocrx_word' id='word_1_250' title='bbox 974 2204 1083 2239; x_wconf 84' lang='lat' dir='ltr'><strong>imperii</strong></span> <span class='ocrx_word' id='word_1_251' title='bbox 1097 2203 1282 2239; x_wconf 74' lang='lat' dir='ltr'><strong>gubernacula</strong></span> <span class='ocrx_word' id='word_1_252' title='bbox 1301 2203 1407 2239; x_wconf 78' lang='lat' dir='ltr'><strong>accipe.</strong></span> <span class='ocrx_word' id='word_1_253' title='bbox 1422 2203 1460 2231; x_wconf 89' lang='lat' dir='ltr'><strong>De</strong></span> <span class='ocrx_word' id='word_1_254' title='bbox 1472 2202 1653 2238; x_wconf 53' lang='lat' dir='ltr'><strong>praesentibus</strong></span> <span class='ocrx_word' id='word_1_255' title='bbox 1671 2206 1761 2229; x_wconf 90' lang='lat' dir='ltr'><strong>tecum</strong></span> 
     </span>
    </p>
   </div>
   <div class='ocr_carea' id='block_1_45' title="bbox 974 2248 1765 2286">
    <p class='ocr_par' dir='ltr' id='par_1_45' title="bbox 974 2248 1765 2286">
     <span class='ocr_line' id='line_1_45' title="bbox 974 2248 1765 2286; baseline -0.004 -9"><span class='ocrx_word' id='word_1_256' title='bbox 974 2249 1074 2286; x_wconf 73' lang='lat' dir='ltr'><strong>cogita,</strong></span> <span class='ocrx_word' id='word_1_257' title='bbox 1101 2249 1194 2277; x_wconf 81' lang='lat' dir='ltr'><strong>futura</strong></span> <span class='ocrx_word' id='word_1_258' title='bbox 1214 2249 1317 2282; x_wconf 86' lang='lat' dir='ltr'><strong>edisce,</strong></span> <span class='ocrx_word' id='word_1_259' title='bbox 1340 2253 1371 2277; x_wconf 93' lang='lat' dir='ltr'><strong>ut</strong></span> <span class='ocrx_word' id='word_1_260' title='bbox 1389 2256 1444 2277; x_wconf 89' lang='lat' dir='ltr'><strong>una</strong></span> <span class='ocrx_word' id='word_1_261' title='bbox 1469 2256 1532 2276; x_wconf 91' lang='lat' dir='ltr'><strong>cum</strong></span> <span class='ocrx_word' id='word_1_262' title='bbox 1554 2251 1630 2276; x_wconf 85' lang='lat' dir='ltr'><strong>recto</strong></span> <span class='ocrx_word' id='word_1_263' title='bbox 1647 2248 1765 2276; x_wconf 73' lang='lat' dir='ltr'><strong>consilio</strong></span> 
     </span>
    </p>
   </div>
   <div class='ocr_carea' id='block_1_46' title="bbox 141 2285 920 2331">
    <p class='ocr_par' dir='ltr' id='par_1_46' title="bbox 141 2290 920 2328">
     <span class='ocr_line' id='line_1_46' title="bbox 141 2290 920 2328; baseline -0.004 -8"><span class='ocrx_word' id='word_1_264' title='bbox 141 2294 172 2320; x_wconf 76' lang='grc' dir='ltr'><strong>τὰ</strong></span> <span class='ocrx_word' id='word_1_265' title='bbox 184 2294 344 2328; x_wconf 82' lang='grc' dir='ltr'>πράγματα.</span> <span class='ocrx_word' id='word_1_266' title='bbox 371 2292 437 2319; x_wconf 80' lang='grc' dir='ltr'>Ἰδοὺ</span> <span class='ocrx_word' id='word_1_267' title='bbox 454 2290 584 2326; x_wconf 78' lang='grc' dir='ltr'>ὲκτίθημί</span> <span class='ocrx_word' id='word_1_268' title='bbox 599 2300 639 2318; x_wconf 87' lang='grc' dir='ltr'><strong>σοι</strong></span> <span class='ocrx_word' id='word_1_269' title='bbox 651 2290 835 2323; x_wconf 74' lang='grc' dir='ltr'>διδασκαλίαν,</span> <span class='ocrx_word' id='word_1_270' title='bbox 849 2290 920 2317; x_wconf 83' lang='grc' dir='ltr'>ὥστε</span> 
     </span>
    </p>
   </div>
   <div class='ocr_carea' id='block_1_47' title="bbox 977 2285 1760 2331">
    <p class='ocr_par' dir='ltr' id='par_1_47' title="bbox 977 2294 1760 2331">
     <span class='ocr_line' id='line_1_47' title="bbox 977 2294 1760 2331; baseline -0.006 -8"><span class='ocrx_word' id='word_1_271' title='bbox 977 2295 1168 2331; x_wconf 79' lang='lat' dir='ltr'><strong>experientiam</strong></span> <span class='ocrx_word' id='word_1_272' title='bbox 1182 2295 1306 2331; x_wconf 72' lang='lat' dir='ltr'><strong>colligas.</strong></span> <span class='ocrx_word' id='word_1_273' title='bbox 1330 2298 1358 2322; x_wconf 87' lang='lat' dir='ltr'><strong>et</strong></span> <span class='ocrx_word' id='word_1_274' title='bbox 1379 2294 1511 2330; x_wconf 62' lang='lat' dir='ltr'><strong>praeclare</strong></span> <span class='ocrx_word' id='word_1_275' title='bbox 1527 2301 1570 2321; x_wconf 86' lang='lat' dir='ltr'><strong>res</strong></span> <span class='ocrx_word' id='word_1_276' title='bbox 1586 2300 1697 2328; x_wconf 75' lang='lat' dir='ltr'><strong>magnas</strong></span> <span class='ocrx_word' id='word_1_277' title='bbox 1712 2301 1760 2328; x_wconf 77' lang='lat' dir='ltr'><strong>ag-</strong></span> 
     </span>
    </p>
   </div>
   <div class='ocr_carea' id='block_1_48' title="bbox 139 2336 923 2374">
    <p class='ocr_par' dir='ltr' id='par_1_48' title="bbox 139 2336 923 2374">
     <span class='ocr_line' id='line_1_48' title="bbox 139 2336 923 2374; baseline -0.003 -9"><span class='ocrx_word' id='word_1_278' title='bbox 139 2341 170 2374; x_wconf 79' lang='grc' dir='ltr'><strong>τῇ</strong></span> <span class='ocrx_word' id='word_1_279' title='bbox 188 2339 220 2365; x_wconf 74' lang='grc' dir='ltr'>ὲκ</span> <span class='ocrx_word' id='word_1_280' title='bbox 231 2338 332 2374; x_wconf 80' lang='grc' dir='ltr'>ταύτης</span> <span class='ocrx_word' id='word_1_281' title='bbox 347 2338 430 2373; x_wconf 66' lang='grc' dir='ltr'>πείρᾳ</span> <span class='ocrx_word' id='word_1_282' title='bbox 446 2337 493 2364; x_wconf 70' lang='grc' dir='ltr'>καὶ</span> <span class='ocrx_word' id='word_1_283' title='bbox 516 2337 615 2371; x_wconf 84' lang='grc' dir='ltr'>γνώσει</span> <span class='ocrx_word' id='word_1_284' title='bbox 637 2336 829 2363; x_wconf 82' lang='grc' dir='ltr'>συνετισθέντα</span> <span class='ocrx_word' id='word_1_285' title='bbox 857 2337 923 2372; x_wconf 74' lang='grc' dir='ltr'>περὶ</span> 
     </span>
    </p>
   </div>
   <div class='ocr_carea' id='block_1_49' title="bbox 140 2382 922 2420">
    <p class='ocr_par' dir='ltr' id='par_1_49' title="bbox 140 2382 922 2420">
     <span class='ocr_line' id='line_1_49' title="bbox 140 2382 922 2420; baseline -0.003 -9"><span class='ocrx_word' id='word_1_286' title='bbox 140 2384 187 2416; x_wconf 84' lang='grc' dir='ltr'><strong>τὰς</strong></span> <span class='ocrx_word' id='word_1_287' title='bbox 198 2384 336 2420; x_wconf 86' lang='grc' dir='ltr'>βελτίστας</span> <span class='ocrx_word' id='word_1_288' title='bbox 348 2383 444 2419; x_wconf 75' lang='grc' dir='ltr'>βουλὰς</span> <span class='ocrx_word' id='word_1_289' title='bbox 460 2383 507 2410; x_wconf 71' lang='grc' dir='ltr'><strong>καὶ</strong></span> <span class='ocrx_word' id='word_1_290' title='bbox 524 2382 585 2419; x_wconf 80' lang='grc' dir='ltr'><strong>[τῷ]</strong></span> <span class='ocrx_word' id='word_1_291' title='bbox 601 2383 630 2409; x_wconf 82' lang='grc' dir='ltr'>τὸ</span> <span class='ocrx_word' id='word_1_292' title='bbox 641 2385 717 2419; x_wconf 84' lang='grc' dir='ltr'>κοινῇ</span> <span class='ocrx_word' id='word_1_293' title='bbox 734 2382 873 2418; x_wconf 82' lang='grc' dir='ltr'>συμφέρον</span> <span class='ocrx_word' id='word_1_294' title='bbox 884 2382 922 2418; x_wconf 85' lang='grc' dir='ltr'><strong>μὴ</strong></span> 
     </span>
    </p>
   </div>
   <div class='ocr_carea' id='block_1_50' title="bbox 140 2428 922 2466">
    <p class='ocr_par' dir='ltr' id='par_1_50' title="bbox 140 2428 922 2466">
     <span class='ocr_line' id='line_1_50' title="bbox 140 2428 922 2466; baseline -0.006 -8"><span class='ocrx_word' id='word_1_295' title='bbox 140 2431 342 2466; x_wconf 80' lang='grc' dir='ltr'>διαμαρτάνειν.</span> <span class='ocrx_word' id='word_1_296' title='bbox 360 2430 460 2466; x_wconf 82' lang='grc' dir='ltr'>Πρῶτα</span> <span class='ocrx_word' id='word_1_297' title='bbox 476 2429 536 2465; x_wconf 79' lang='grc' dir='ltr'><strong>μὲν,</strong></span> <span class='ocrx_word' id='word_1_298' title='bbox 555 2430 630 2456; x_wconf 77' lang='grc' dir='ltr'>ποῖον</span> <span class='ocrx_word' id='word_1_299' title='bbox 649 2428 734 2461; x_wconf 77' lang='grc' dir='ltr'>ἔθνος,</span> <span class='ocrx_word' id='word_1_300' title='bbox 748 2428 819 2454; x_wconf 75' lang='grc' dir='ltr'>κατὰ</span> <span class='ocrx_word' id='word_1_301' title='bbox 830 2428 856 2454; x_wconf 85' lang='grc' dir='ltr'><strong>τί</strong></span> <span class='ocrx_word' id='word_1_302' title='bbox 873 2428 922 2463; x_wconf 76' lang='grc' dir='ltr'><strong>μὲν</strong></span> 
     </span>
    </p>
   </div>
   <div class='ocr_carea' id='block_1_51' title="bbox 140 2474 923 2512">
    <p class='ocr_par' dir='ltr' id='par_1_51' title="bbox 140 2474 923 2512">
     <span class='ocr_line' id='line_1_51' title="bbox 140 2474 923 2512; baseline -0.005 -8"><span class='ocrx_word' id='word_1_303' title='bbox 140 2477 277 2512; x_wconf 84' lang='grc' dir='ltr'>ὠφελῆσαι</span> <span class='ocrx_word' id='word_1_304' title='bbox 290 2475 572 2510; x_wconf 80' lang='grc' dir='ltr'>δύναταιῬωμαίους,</span> <span class='ocrx_word' id='word_1_305' title='bbox 586 2476 656 2502; x_wconf 81' lang='grc' dir='ltr'>κατὰ</span> <span class='ocrx_word' id='word_1_306' title='bbox 669 2475 695 2501; x_wconf 90' lang='grc' dir='ltr'><strong>τί</strong></span> <span class='ocrx_word' id='word_1_307' title='bbox 706 2475 734 2501; x_wconf 84' lang='grc' dir='ltr'>δὲ</span> <span class='ocrx_word' id='word_1_308' title='bbox 748 2474 848 2510; x_wconf 77' lang='grc' dir='ltr'>βλάψαι</span> <span class='ocrx_word' id='word_1_309' title='bbox 858 2482 864 2489; x_wconf 91' lang='grc'>·</span> <span class='ocrx_word' id='word_1_310' title='bbox 876 2474 923 2500; x_wconf 75' lang='grc' dir='ltr'>καὶ</span> 
     </span>
    </p>
   </div>
   <div class='ocr_carea' id='block_1_52' title="bbox 141 2521 920 2558">
    <p class='ocr_par' dir='ltr' id='par_1_52' title="bbox 141 2521 920 2558">
     <span class='ocr_line' id='line_1_52' title="bbox 141 2521 920 2558; baseline -0.006 -6"><span class='ocrx_word' id='word_1_311' title='bbox 141 2526 224 2558; x_wconf 80' lang='grc' dir='ltr'>ποῖον,</span> <span class='ocrx_word' id='word_1_312' title='bbox 250 2526 296 2552; x_wconf 70' lang='grc' dir='ltr'>καὶ</span> <span class='ocrx_word' id='word_1_313' title='bbox 312 2524 370 2556; x_wconf 81' lang='grc' dir='ltr'><strong>πῶς</strong></span> <span class='ocrx_word' id='word_1_314' title='bbox 398 2524 511 2551; x_wconf 71' lang='grc' dir='ltr'>ἕκαστον</span> <span class='ocrx_word' id='word_1_315' title='bbox 538 2523 651 2556; x_wconf 83' lang='grc' dir='ltr'>τούτων,</span> <span class='ocrx_word' id='word_1_316' title='bbox 668 2523 715 2549; x_wconf 82' lang='grc' dir='ltr'>καὶ</span> <span class='ocrx_word' id='word_1_317' title='bbox 741 2521 817 2557; x_wconf 84' lang='grc' dir='ltr'>παρὰ</span> <span class='ocrx_word' id='word_1_318' title='bbox 842 2521 920 2548; x_wconf 77' lang='grc' dir='ltr'>ποίου</span> 
     </span>
    </p>
   </div>
   <div class='ocr_carea' id='block_1_53' title="bbox 140 2567 919 2605">
    <p class='ocr_par' dir='ltr' id='par_1_53' title="bbox 140 2567 919 2605">
     <span class='ocr_line' id='line_1_53' title="bbox 140 2567 919 2605; baseline -0.004 -8"><span class='ocrx_word' id='word_1_319' title='bbox 140 2570 249 2597; x_wconf 82' lang='grc' dir='ltr'>δύναται</span> <span class='ocrx_word' id='word_1_320' title='bbox 265 2570 369 2602; x_wconf 70' lang='grc' dir='ltr'>ἔθνους,</span> <span class='ocrx_word' id='word_1_321' title='bbox 387 2570 434 2597; x_wconf 78' lang='grc' dir='ltr'>καὶ</span> <span class='ocrx_word' id='word_1_322' title='bbox 450 2569 637 2605; x_wconf 85' lang='grc' dir='ltr'>πολεμεῖσθαι,</span> <span class='ocrx_word' id='word_1_323' title='bbox 649 2570 696 2596; x_wconf 83' lang='grc' dir='ltr'>καὶ</span> <span class='ocrx_word' id='word_1_324' title='bbox 709 2567 919 2596; x_wconf 79' lang='grc' dir='ltr'>ὑποτάσσεσθαι.</span> 
     </span>
    </p>
   </div>
   <div class='ocr_carea' id='block_1_54' title="bbox 143 2612 920 2651">
    <p class='ocr_par' dir='ltr' id='par_1_54' title="bbox 143 2612 920 2651">
     <span class='ocr_line' id='line_1_54' title="bbox 143 2612 920 2651; baseline -0.004 -9"><span class='ocrx_word' id='word_1_325' title='bbox 143 2617 268 2648; x_wconf 79' lang='grc' dir='ltr'>Ἔπειτα,</span> <span class='ocrx_word' id='word_1_326' title='bbox 279 2616 343 2651; x_wconf 75' lang='grc' dir='ltr'>περὶ</span> <span class='ocrx_word' id='word_1_327' title='bbox 359 2616 408 2650; x_wconf 82' lang='grc' dir='ltr'>τῆς</span> <span class='ocrx_word' id='word_1_328' title='bbox 421 2616 558 2650; x_wconf 85' lang='grc' dir='ltr'>ἀπλήστου</span> <span class='ocrx_word' id='word_1_329' title='bbox 580 2615 627 2642; x_wconf 74' lang='grc' dir='ltr'>καὶ</span> <span class='ocrx_word' id='word_1_330' title='bbox 650 2614 800 2649; x_wconf 81' lang='grc' dir='ltr'>ἀκορέστου</span> <span class='ocrx_word' id='word_1_331' title='bbox 829 2612 920 2640; x_wconf 74' lang='grc' dir='ltr'>αὐτῶν</span> 
     </span>
    </p>
   </div>
   <div class='ocr_carea' id='block_1_55' title="bbox 140 2656 919 2695">
    <p class='ocr_par' dir='ltr' id='par_1_55' title="bbox 140 2656 919 2695">
     <span class='ocr_line' id='line_1_55' title="bbox 140 2656 919 2695; baseline -0.001 -10"><span class='ocrx_word' id='word_1_332' title='bbox 140 2659 261 2695; x_wconf 84' lang='grc' dir='ltr'><strong>γνώμης,</strong></span> <span class='ocrx_word' id='word_1_333' title='bbox 280 2660 326 2687; x_wconf 78' lang='grc' dir='ltr'>καὶ</span> <span class='ocrx_word' id='word_1_334' title='bbox 342 2656 379 2687; x_wconf 80' lang='grc' dir='ltr'><strong>ὧν</strong></span> <span class='ocrx_word' id='word_1_335' title='bbox 392 2660 554 2694; x_wconf 83' lang='grc' dir='ltr'>παραλόγως</span> <span class='ocrx_word' id='word_1_336' title='bbox 577 2659 747 2692; x_wconf 78' lang='grc' dir='ltr'>ἐξαιτοῦνται</span> <span class='ocrx_word' id='word_1_337' title='bbox 760 2658 919 2693; x_wconf 81' lang='grc' dir='ltr'>λαμὸἀνειν.</span> 
     </span>
    </p>
   </div>
   <div class='ocr_carea' id='block_1_56' title="bbox 142 2705 920 2742">
    <p class='ocr_par' dir='ltr' id='par_1_56' title="bbox 142 2705 920 2742">
     <span class='ocr_line' id='line_1_56' title="bbox 142 2705 920 2742; baseline -0.005 -8"><span class='ocrx_word' id='word_1_338' title='bbox 142 2705 197 2734; x_wconf 82' lang='grc' dir='ltr'><strong>Εἶθ’</strong></span> <span class='ocrx_word' id='word_1_339' title='bbox 207 2706 292 2739; x_wconf 76' lang='grc' dir='ltr'>οὕτως</span> <span class='ocrx_word' id='word_1_340' title='bbox 306 2708 352 2734; x_wconf 73' lang='grc' dir='ltr'>καὶ</span> <span class='ocrx_word' id='word_1_341' title='bbox 365 2707 430 2742; x_wconf 75' lang='grc' dir='ltr'>περὶ</span> <span class='ocrx_word' id='word_1_342' title='bbox 448 2707 580 2742; x_wconf 78' lang='grc' dir='ltr'>διαφορᾶς</span> <span class='ocrx_word' id='word_1_343' title='bbox 595 2706 696 2742; x_wconf 81' lang='grc' dir='ltr'>ἐτέρων</span> <span class='ocrx_word' id='word_1_344' title='bbox 714 2705 810 2736; x_wconf 71' lang='grc' dir='ltr'>ἐθνῶν,</span> <span class='ocrx_word' id='word_1_345' title='bbox 821 2712 920 2739; x_wconf 81' lang='grc' dir='ltr'>γενεα-</span> 
     </span>
    </p>
   </div>
   <div class='ocr_carea' id='block_1_57' title="bbox 141 2750 924 2788">
    <p class='ocr_par' dir='ltr' id='par_1_57' title="bbox 141 2750 924 2788">
     <span class='ocr_line' id='line_1_57' title="bbox 141 2750 924 2788; baseline -0.005 -8"><span class='ocrx_word' id='word_1_346' title='bbox 141 2754 230 2787; x_wconf 73' lang='grc' dir='ltr'>λογίας</span> <span class='ocrx_word' id='word_1_347' title='bbox 242 2762 271 2780; x_wconf 90' lang='grc' dir='ltr'><strong>τε</strong></span> <span class='ocrx_word' id='word_1_348' title='bbox 290 2753 385 2786; x_wconf 76' lang='grc' dir='ltr'>ἐθνῶν,</span> <span class='ocrx_word' id='word_1_349' title='bbox 398 2754 445 2779; x_wconf 80' lang='grc' dir='ltr'><strong>καὶ</strong></span> <span class='ocrx_word' id='word_1_350' title='bbox 461 2752 518 2788; x_wconf 84' lang='grc' dir='ltr'>βίου</span> <span class='ocrx_word' id='word_1_351' title='bbox 532 2752 681 2787; x_wconf 82' lang='grc' dir='ltr'>διαγωγῆς,</span> <span class='ocrx_word' id='word_1_352' title='bbox 706 2752 752 2779; x_wconf 81' lang='grc' dir='ltr'>καὶ</span> <span class='ocrx_word' id='word_1_353' title='bbox 764 2750 864 2782; x_wconf 82' lang='grc' dir='ltr'>θέσεως</span> <span class='ocrx_word' id='word_1_354' title='bbox 877 2750 924 2777; x_wconf 67' lang='grc' dir='ltr'><strong>καὶ</strong></span> 
     </span>
    </p>
   </div>
   <div class='ocr_carea' id='block_1_58' title="bbox 141 2796 918 2838">
    <p class='ocr_par' dir='ltr' id='par_1_58' title="bbox 141 2796 918 2838">
     <span class='ocr_line' id='line_1_58' title="bbox 141 2796 918 2838; baseline -0.005 -11"><span class='ocrx_word' id='word_1_355' title='bbox 141 2800 262 2836; x_wconf 69' lang='grc' dir='ltr'>κράσεως</span> <span class='ocrx_word' id='word_1_356' title='bbox 290 2799 340 2835; x_wconf 81' lang='grc' dir='ltr'>τῆς</span> <span class='ocrx_word' id='word_1_357' title='bbox 367 2799 581 2838; x_wconf 65' lang='grc' dir='ltr'>κατοικουμένης</span> <span class='ocrx_word' id='word_1_358' title='bbox 607 2798 672 2832; x_wconf 76' lang='grc' dir='ltr'>παρ’</span> <span class='ocrx_word' id='word_1_359' title='bbox 700 2797 791 2826; x_wconf 74' lang='grc' dir='ltr'>αὐτῶν</span> <span class='ocrx_word' id='word_1_360' title='bbox 806 2797 857 2832; x_wconf 81' lang='grc' dir='ltr'>γῆς</span> <span class='ocrx_word' id='word_1_361' title='bbox 871 2796 918 2823; x_wconf 76' lang='grc' dir='ltr'>καὶ</span> 
     </span>
    </p>
   </div>
   <div class='ocr_carea' id='block_1_59' title="bbox 970 2338 1763 2374">
    <p class='ocr_par' dir='ltr' id='par_1_59' title="bbox 970 2338 1763 2374">
     <span class='ocr_line' id='line_1_59' title="bbox 970 2338 1763 2374; baseline -0.003 -8"><span class='ocrx_word' id='word_1_362' title='bbox 970 2339 1046 2374; x_wconf 72' lang='grc' dir='ltr'><strong>επεᾱί</strong></span> <span class='ocrx_word' id='word_1_363' title='bbox 1058 2339 1171 2367; x_wconf 85' lang='lat' dir='ltr'><strong>valebis.</strong></span> <span class='ocrx_word' id='word_1_364' title='bbox 1188 2338 1258 2366; x_wconf 87' lang='lat' dir='ltr'><strong>Ecce</strong></span> <span class='ocrx_word' id='word_1_365' title='bbox 1273 2339 1428 2367; x_wconf 86' lang='lat' dir='ltr'><strong>doctrinam</strong></span> <span class='ocrx_word' id='word_1_366' title='bbox 1444 2339 1493 2366; x_wconf 89' lang='lat' dir='ltr'><strong>tibi</strong></span> <span class='ocrx_word' id='word_1_367' title='bbox 1514 2345 1638 2374; x_wconf 81' lang='lat' dir='ltr'><strong>propono</strong></span> <span class='ocrx_word' id='word_1_368' title='bbox 1652 2346 1662 2370; x_wconf 88' lang='lat'><strong><em>;</em></strong></span> <span class='ocrx_word' id='word_1_369' title='bbox 1680 2342 1711 2364; x_wconf 88' lang='lat' dir='ltr'><strong>ut</strong></span> <span class='ocrx_word' id='word_1_370' title='bbox 1727 2345 1763 2364; x_wconf 71' lang='lat' dir='ltr'><strong>ex</strong></span> 
     </span>
    </p>
   </div>
   <div class='ocr_carea' id='block_1_60' title="bbox 969 2381 1760 2417">
    <p class='ocr_par' dir='ltr' id='par_1_60' title="bbox 969 2381 1760 2417">
     <span class='ocr_line' id='line_1_60' title="bbox 969 2381 1760 2417; baseline -0.005 -7"><span class='ocrx_word' id='word_1_371' title='bbox 969 2383 1030 2417; x_wconf 81' lang='lat' dir='ltr'><strong>ejus</strong></span> <span class='ocrx_word' id='word_1_372' title='bbox 1049 2382 1217 2417; x_wconf 82' lang='lat' dir='ltr'><strong>experientia</strong></span> <span class='ocrx_word' id='word_1_373' title='bbox 1240 2388 1265 2410; x_wconf 89' lang='lat' dir='ltr'><strong>et</strong></span> <span class='ocrx_word' id='word_1_374' title='bbox 1290 2382 1388 2410; x_wconf 86' lang='lat' dir='ltr'><strong>notitia</strong></span> <span class='ocrx_word' id='word_1_375' title='bbox 1409 2382 1442 2408; x_wconf 92' lang='lat' dir='ltr'><strong>ad</strong></span> <span class='ocrx_word' id='word_1_376' title='bbox 1459 2381 1562 2416; x_wconf 90' lang='lat' dir='ltr'><strong>optima</strong></span> <span class='ocrx_word' id='word_1_377' title='bbox 1582 2381 1697 2408; x_wconf 74' lang='lat' dir='ltr'><strong>consilia</strong></span> <span class='ocrx_word' id='word_1_378' title='bbox 1714 2387 1760 2407; x_wconf 88' lang='lat' dir='ltr'><strong>as-</strong></span> 
     </span>
    </p>
   </div>
   <div class='ocr_carea' id='block_1_61' title="bbox 970 2425 1759 2463">
    <p class='ocr_par' dir='ltr' id='par_1_61' title="bbox 970 2425 1759 2463">
     <span class='ocr_line' id='line_1_61' title="bbox 970 2425 1759 2463; baseline -0.005 -8"><span class='ocrx_word' id='word_1_379' title='bbox 970 2427 1120 2460; x_wconf 79' lang='lat' dir='ltr'><strong>suefactus,</strong></span> <span class='ocrx_word' id='word_1_380' title='bbox 1148 2427 1176 2455; x_wconf 87' lang='lat' dir='ltr'><strong>in</strong></span> <span class='ocrx_word' id='word_1_381' title='bbox 1198 2428 1312 2463; x_wconf 65' lang='lat' dir='ltr'><strong>publica:</strong></span> <span class='ocrx_word' id='word_1_382' title='bbox 1337 2427 1462 2454; x_wconf 85' lang='lat' dir='ltr'><strong>utilitatis</strong></span> <span class='ocrx_word' id='word_1_383' title='bbox 1478 2427 1560 2453; x_wconf 86' lang='lat' dir='ltr'><strong>rebus</strong></span> <span class='ocrx_word' id='word_1_384' title='bbox 1580 2433 1615 2452; x_wconf 87' lang='lat' dir='ltr'><strong>ne</strong></span> <span class='ocrx_word' id='word_1_385' title='bbox 1637 2425 1759 2452; x_wconf 82' lang='lat' dir='ltr'><strong>aberres.</strong></span> 
     </span>
    </p>
   </div>
   <div class='ocr_carea' id='block_1_62' title="bbox 971 2472 1760 2510">
    <p class='ocr_par' dir='ltr' id='par_1_62' title="bbox 971 2472 1760 2510">
     <span class='ocr_line' id='line_1_62' title="bbox 971 2472 1760 2510; baseline -0.006 -9"><span class='ocrx_word' id='word_1_386' title='bbox 971 2475 1094 2503; x_wconf 85' lang='lat' dir='ltr'><strong>Primum</strong></span> <span class='ocrx_word' id='word_1_387' title='bbox 1114 2475 1223 2510; x_wconf 87' lang='lat' dir='ltr'><strong>quidem</strong></span> <span class='ocrx_word' id='word_1_388' title='bbox 1241 2474 1346 2502; x_wconf 88' lang='lat' dir='ltr'><strong>tradam</strong></span> <span class='ocrx_word' id='word_1_389' title='bbox 1372 2481 1432 2508; x_wconf 75' lang='lat' dir='ltr'><strong>quae</strong></span> <span class='ocrx_word' id='word_1_390' title='bbox 1454 2481 1521 2508; x_wconf 72' lang='lat' dir='ltr'><strong>gens</strong></span> <span class='ocrx_word' id='word_1_391' title='bbox 1535 2472 1562 2499; x_wconf 86' lang='lat' dir='ltr'><strong>in</strong></span> <span class='ocrx_word' id='word_1_392' title='bbox 1579 2479 1632 2507; x_wconf 81' lang='lat' dir='ltr'><strong>qun</strong></span> <span class='ocrx_word' id='word_1_393' title='bbox 1651 2479 1679 2498; x_wconf 91' lang='lat' dir='ltr'><strong>re</strong></span> <span class='ocrx_word' id='word_1_394' title='bbox 1696 2478 1760 2505; x_wconf 92' lang='lat' dir='ltr'><strong>pro-</strong></span> 
     </span>
    </p>
   </div>
   <div class='ocr_carea' id='block_1_63' title="bbox 973 2516 1761 2555">
    <p class='ocr_par' dir='ltr' id='par_1_63' title="bbox 973 2516 1761 2555">
     <span class='ocr_line' id='line_1_63' title="bbox 973 2516 1761 2555; baseline -0.008 -7"><span class='ocrx_word' id='word_1_395' title='bbox 973 2521 1054 2549; x_wconf 87' lang='lat' dir='ltr'><strong>desse</strong></span> <span class='ocrx_word' id='word_1_396' title='bbox 1072 2520 1202 2548; x_wconf 80' lang='lat' dir='ltr'><strong>Romanis</strong></span> <span class='ocrx_word' id='word_1_397' title='bbox 1218 2521 1317 2555; x_wconf 87' lang='lat' dir='ltr'><strong>possit,</strong></span> <span class='ocrx_word' id='word_1_398' title='bbox 1337 2519 1364 2547; x_wconf 93' lang='lat' dir='ltr'><strong>in</strong></span> <span class='ocrx_word' id='word_1_399' title='bbox 1383 2527 1434 2554; x_wconf 91' lang='lat' dir='ltr'><strong>qua</strong></span> <span class='ocrx_word' id='word_1_400' title='bbox 1450 2519 1547 2546; x_wconf 89' lang='lat' dir='ltr'><strong>obesse</strong></span> <span class='ocrx_word' id='word_1_401' title='bbox 1564 2527 1572 2546; x_wconf 86' lang='lat'><strong>:</strong></span> <span class='ocrx_word' id='word_1_402' title='bbox 1590 2518 1653 2544; x_wconf 85' lang='lat' dir='ltr'><strong>item</strong></span> <span class='ocrx_word' id='word_1_403' title='bbox 1671 2516 1761 2552; x_wconf 87' lang='lat' dir='ltr'><strong>quali-</strong></span> 
     </span>
    </p>
   </div>
   <div class='ocr_carea' id='block_1_64' title="bbox 975 2565 1760 2602">
    <p class='ocr_par' dir='ltr' id='par_1_64' title="bbox 975 2565 1760 2602">
     <span class='ocr_line' id='line_1_64' title="bbox 975 2565 1760 2602; baseline -0.008 -8"><span class='ocrx_word' id='word_1_404' title='bbox 975 2572 1016 2594; x_wconf 89' lang='lat' dir='ltr'><strong>ter</strong></span> <span class='ocrx_word' id='word_1_405' title='bbox 1029 2571 1056 2594; x_wconf 91' lang='lat' dir='ltr'><strong>et</strong></span> <span class='ocrx_word' id='word_1_406' title='bbox 1067 2565 1205 2602; x_wconf 88' lang='lat' dir='ltr'><strong>quomodo</strong></span> <span class='ocrx_word' id='word_1_407' title='bbox 1218 2565 1332 2601; x_wconf 74' lang='lat' dir='ltr'><strong>singulae</strong></span> <span class='ocrx_word' id='word_1_408' title='bbox 1351 2572 1381 2592; x_wconf 80' lang='lat' dir='ltr'><strong>se</strong></span> <span class='ocrx_word' id='word_1_409' title='bbox 1396 2565 1524 2596; x_wconf 85' lang='lat' dir='ltr'><strong>habeant,</strong></span> <span class='ocrx_word' id='word_1_410' title='bbox 1541 2568 1567 2592; x_wconf 86' lang='lat' dir='ltr'><strong>et</strong></span> <span class='ocrx_word' id='word_1_411' title='bbox 1584 2571 1599 2591; x_wconf 89' lang='lat' dir='ltr'><strong>a</strong></span> <span class='ocrx_word' id='word_1_412' title='bbox 1612 2570 1664 2598; x_wconf 90' lang='lat' dir='ltr'><strong>qua</strong></span> <span class='ocrx_word' id='word_1_413' title='bbox 1680 2566 1760 2598; x_wconf 76' lang='lat' dir='ltr'><strong>gente</strong></span> 
     </span>
    </p>
   </div>
   <div class='ocr_carea' id='block_1_65' title="bbox 975 2607 1762 2648">
    <p class='ocr_par' dir='ltr' id='par_1_65' title="bbox 975 2607 1762 2648">
     <span class='ocr_line' id='line_1_65' title="bbox 975 2607 1762 2648; baseline -0.009 -8"><span class='ocrx_word' id='word_1_414' title='bbox 975 2612 1080 2648; x_wconf 83' lang='lat' dir='ltr'><strong>possint</strong></span> <span class='ocrx_word' id='word_1_415' title='bbox 1101 2617 1128 2640; x_wconf 88' lang='lat' dir='ltr'><strong>et</strong></span> <span class='ocrx_word' id='word_1_416' title='bbox 1146 2611 1217 2639; x_wconf 88' lang='lat' dir='ltr'><strong>bello</strong></span> <span class='ocrx_word' id='word_1_417' title='bbox 1238 2611 1333 2646; x_wconf 86' lang='lat' dir='ltr'><strong>impeti</strong></span> <span class='ocrx_word' id='word_1_418' title='bbox 1354 2613 1382 2637; x_wconf 90' lang='lat' dir='ltr'><strong>et</strong></span> <span class='ocrx_word' id='word_1_419' title='bbox 1403 2608 1554 2644; x_wconf 72' lang='lat' dir='ltr'><strong>subjugari.</strong></span> <span class='ocrx_word' id='word_1_420' title='bbox 1572 2607 1675 2635; x_wconf 81' lang='lat' dir='ltr'><strong>Deinde</strong></span> <span class='ocrx_word' id='word_1_421' title='bbox 1694 2614 1762 2635; x_wconf 85' lang='lat' dir='ltr'><strong>vero</strong></span> 
     </span>
    </p>
   </div>
   <div class='ocr_carea' id='block_1_66' title="bbox 974 2652 1760 2693">
    <p class='ocr_par' dir='ltr' id='par_1_66' title="bbox 974 2652 1760 2693">
     <span class='ocr_line' id='line_1_66' title="bbox 974 2652 1760 2693; baseline -0.008 -7"><span class='ocrx_word' id='word_1_422' title='bbox 974 2659 1008 2686; x_wconf 87' lang='lat' dir='ltr'><strong>de</strong></span> <span class='ocrx_word' id='word_1_423' title='bbox 1031 2657 1189 2693; x_wconf 77' lang='lat' dir='ltr'><strong>inexplebili</strong></span> <span class='ocrx_word' id='word_1_424' title='bbox 1211 2655 1413 2690; x_wconf 86' lang='lat' dir='ltr'><strong>insatiabilique</strong></span> <span class='ocrx_word' id='word_1_425' title='bbox 1433 2662 1526 2682; x_wconf 79' lang='lat' dir='ltr'><strong>earum</strong></span> <span class='ocrx_word' id='word_1_426' title='bbox 1549 2654 1651 2686; x_wconf 83' lang='lat' dir='ltr'><strong>animo,</strong></span> <span class='ocrx_word' id='word_1_427' title='bbox 1672 2660 1704 2680; x_wconf 85' lang='lat' dir='ltr'><strong>ac</strong></span> <span class='ocrx_word' id='word_1_428' title='bbox 1724 2652 1760 2680; x_wconf 89' lang='lat' dir='ltr'><strong>de</strong></span> 
     </span>
    </p>
   </div>
   <div class='ocr_carea' id='block_1_67' title="bbox 972 2699 1757 2739">
    <p class='ocr_par' dir='ltr' id='par_1_67' title="bbox 972 2699 1757 2739">
     <span class='ocr_line' id='line_1_67' title="bbox 972 2699 1757 2739; baseline -0.008 -9"><span class='ocrx_word' id='word_1_429' title='bbox 972 2703 1074 2739; x_wconf 88' lang='lat' dir='ltr'><strong>iniquis</strong></span> <span class='ocrx_word' id='word_1_430' title='bbox 1094 2702 1251 2731; x_wconf 87' lang='lat' dir='ltr'><strong>earumdem</strong></span> <span class='ocrx_word' id='word_1_431' title='bbox 1267 2701 1425 2737; x_wconf 85' lang='lat' dir='ltr'><strong>postulatis.</strong></span> <span class='ocrx_word' id='word_1_432' title='bbox 1443 2699 1500 2728; x_wconf 92' lang='lat' dir='ltr'><strong>Sub</strong></span> <span class='ocrx_word' id='word_1_433' title='bbox 1521 2700 1577 2728; x_wconf 66' lang='lat' dir='ltr'><strong>haec</strong></span> <span class='ocrx_word' id='word_1_434' title='bbox 1589 2700 1623 2727; x_wconf 90' lang='lat' dir='ltr'><strong>de</strong></span> <span class='ocrx_word' id='word_1_435' title='bbox 1640 2699 1757 2726; x_wconf 86' lang='lat' dir='ltr'><strong>aliarum</strong></span> 
     </span>
    </p>
   </div>
   <div class='ocr_carea' id='block_1_68' title="bbox 972 2744 1759 2784">
    <p class='ocr_par' dir='ltr' id='par_1_68' title="bbox 972 2744 1759 2784">
     <span class='ocr_line' id='line_1_68' title="bbox 972 2744 1759 2784; baseline -0.009 -8"><span class='ocrx_word' id='word_1_436' title='bbox 972 2756 1081 2784; x_wconf 83' lang='lat' dir='ltr'><strong>quoque</strong></span> <span class='ocrx_word' id='word_1_437' title='bbox 1097 2748 1216 2784; x_wconf 76' lang='lat' dir='ltr'><strong>gentium</strong></span> <span class='ocrx_word' id='word_1_438' title='bbox 1234 2747 1406 2780; x_wconf 84' lang='lat' dir='ltr'><strong>discrimine,</strong></span> <span class='ocrx_word' id='word_1_439' title='bbox 1419 2747 1536 2783; x_wconf 77' lang='lat' dir='ltr'><strong>origine.</strong></span> <span class='ocrx_word' id='word_1_440' title='bbox 1553 2745 1661 2774; x_wconf 83' lang='lat' dir='ltr'><strong>vivendi</strong></span> <span class='ocrx_word' id='word_1_441' title='bbox 1679 2744 1759 2771; x_wconf 85' lang='lat' dir='ltr'><strong>insti-</strong></span> 
     </span>
    </p>
   </div>
   <div class='ocr_carea' id='block_1_69' title="bbox 972 2789 1760 2828">
    <p class='ocr_par' dir='ltr' id='par_1_69' title="bbox 972 2789 1760 2828">
     <span class='ocr_line' id='line_1_69' title="bbox 972 2789 1760 2828; baseline -0.009 -6"><span class='ocrx_word' id='word_1_442' title='bbox 972 2799 1040 2828; x_wconf 91' lang='lat' dir='ltr'><strong>tuto,</strong></span> <span class='ocrx_word' id='word_1_443' title='bbox 1058 2794 1091 2822; x_wconf 83' lang='lat' dir='ltr'><strong>de</strong></span> <span class='ocrx_word' id='word_1_444' title='bbox 1112 2794 1178 2828; x_wconf 80' lang='lat' dir='ltr'><strong>situ,</strong></span> <span class='ocrx_word' id='word_1_445' title='bbox 1195 2793 1229 2822; x_wconf 91' lang='lat' dir='ltr'><strong>dc</strong></span> <span class='ocrx_word' id='word_1_446' title='bbox 1244 2792 1402 2821; x_wconf 85' lang='lat' dir='ltr'><strong>conditione</strong></span> <span class='ocrx_word' id='word_1_447' title='bbox 1421 2796 1503 2821; x_wconf 77' lang='lat' dir='ltr'><strong>terra:</strong></span> <span class='ocrx_word' id='word_1_448' title='bbox 1518 2798 1600 2827; x_wconf 88' lang='lat' dir='ltr'><strong>quam</strong></span> <span class='ocrx_word' id='word_1_449' title='bbox 1616 2789 1760 2819; x_wconf 83' lang='lat' dir='ltr'><strong>incolunt;</strong></span> 
     </span>
    </p>
   </div>
  </div>
