1899 3060
129 116 179 148 Ῑῖιυ

630 116 883 147 CONSTANTINI
905 117 1242 148 PORPHYROGENITI

1691 116 1746 148 160

127 173 239 205 insuper
258 171 292 198 de
312 170 425 198 circuitu
451 174 477 197 et
501 178 627 198 mensura
647 175 739 203 terrm,
763 179 795 199 ac
819 172 853 199 de
875 171 908 199 iis

981 173 1151 208 εριηγήσεως
1168 172 1263 206 αὐτῆς,
1291 171 1337 198 καὶ
1364 170 1529 206 σταδιασμοῦ
1549 171 1615 206 πρὸς
1626 170 1747 203 τούτοις,

126 225 186 252 qua:
214 216 290 244 vario
321 220 443 250 tempore
467 216 540 243 inter
569 217 708 244 Romanos
733 216 911 252 diversasque

126 267 219 297 gentes
238 262 386 290 acciderim
409 270 416 289 :
439 262 540 290 deinde
556 262 590 290 de
609 263 643 290 iis
663 270 724 298 qua:
743 271 825 298 penes
849 271 910 295 nos,

126 309 182 334 lltlo
212 308 295 336 etiam
328 308 354 335 in
380 308 512 336 universo
535 308 658 336 Romano
687 309 802 344 imperio
827 309 911 336 certis

126 354 296 389 temporibus
314 354 443 381 innovata
453 359 529 382 sunt.
549 354 612 382 llaec
630 363 735 382 mecum
754 363 786 382 ex
802 355 912 390 sapien-

126 399 171 426 tia:
194 399 301 433 legibus
321 400 506 432 considerata,
524 400 572 427 tibi
588 400 687 428 dilecto
702 400 756 428 tilio
774 408 834 428 meo
849 405 911 428 nota

127 445 217 471 facere
231 444 353 475 decrevi,
375 450 405 471 ut
424 445 592 480 singulorum
616 445 763 473 discrimen
792 446 913 480 apprime

127 495 234 522 teneas,
259 490 385 525 sciasque
409 498 462 526 qua
486 491 592 518 ratione
608 492 676 525 istae,
702 492 744 519 vel
766 493 914 519 tractanda:

130 536 187 564 sive
215 537 406 570 conciliandae,
436 538 480 564 vel
508 537 675 565 debellanda:
697 546 728 565 ac
753 539 914 573 repellenda-

130 579 197 608 sint.
216 580 254 608 Te
280 581 381 616 quippe
402 585 431 608 ut
453 582 655 616 magnanimum
676 583 913 617 reformidabunt;

130 630 158 653 et
175 626 225 654 abs
240 630 266 653 te
280 627 354 654 velut
369 627 403 654 ab
427 627 488 662 igne
503 627 617 663 fugient.
634 629 718 656 Labia
741 637 835 656 eorum
852 630 915 657 frte-

133 671 281 705 nabunlur,
298 672 444 707 verbisque
464 673 517 700 tuis
536 674 618 701 veluti
635 674 696 702 telis
713 674 913 702 confodientur.

134 716 202 750 Ipsis
226 721 338 752 aspectu
365 717 497 745 terribilis
522 718 587 750 eris,
609 724 637 745 et
665 726 679 745 a
698 723 847 753 conspectu
868 723 915 746 tuo

132 767 236 790 tremor
249 764 359 791 invadet
381 763 453 797 illos,
471 763 598 799 Deusque
620 764 794 798 omnipotens
810 769 836 792 te
852 772 915 800 pro-

134 812 216 844 teget,
232 816 264 837 ac
277 809 390 837 Creator
405 813 468 838 tuus
487 815 512 837 te
530 810 674 845 prudentia
697 811 823 844 instruet,
839 818 915 846 gres-

963 218 1086 253 καὶπερὶ
1104 217 1158 244 τῶν
1173 217 1202 244 ἐν
1212 226 1264 243 τινι
1279 216 1369 252 καιρῷ
1397 217 1498 252 μεταξὺ
1529 216 1673 250 Ῥωμαίων
1702 218 1756 243 καὶ

963 263 1099 299 διαφόρων
1113 263 1196 289 ἐθνῶν
1211 261 1436 297 συμϐεϐηκότων,
1467 262 1515 289 καὶ
1546 264 1615 296 μετὰ
1648 262 1753 293 ταῦτα,

963 309 1013 336 ὅσα
1027 309 1056 336 ὲν
1070 310 1102 344 τῇ
1119 308 1180 335 καθ’
1193 309 1266 343 ἡμᾶς
1282 308 1412 343 πολιτείᾳ,
1429 307 1497 334 ἀλλὰ
1513 308 1558 334 καὶ
1572 309 1601 334 ὲν
1617 308 1690 343 πάσῃ
1715 309 1754 343 τῇ

971 355 1114 389 Ῥωμαίων
1129 355 1199 389 ἀρχῇ
1210 354 1282 380 κατά
1291 362 1367 384 τινας
1396 354 1508 388 χρόνους
1536 353 1752 388 ὲκαινοτομὴθη.

964 401 1057 427 Ταῦτα
1073 401 1243 436 ὲσοφισάμην
1259 400 1326 427 κατ’
1345 399 1475 435 ἐμαυτὸν,
1489 399 1536 426 καὶ
1558 396 1624 426 εἶπα
1641 399 1756 433 γνωστά

967 456 1007 473 σοι
1024 447 1136 481 ποιῆσαι
1152 446 1191 481 τῷ
1207 445 1379 481 ἠγαπημένῳ
1395 455 1445 481 μου
1466 445 1527 480 υίῷ,
1550 445 1583 472 ῐν*
1598 445 1664 481 ἔχῃς
1681 445 1754 472 εἰδὲ-

965 501 1008 519 ναι
1020 492 1068 527 τὴν
1079 492 1194 519 ἑκάστου
1207 492 1310 518 τούτων
1318 491 1449 527 διαφοράν
1462 499 1469 507 ·
1485 491 1532 518 καὶ
1547 490 1615 522 πῶς,
1633 490 1650 526 ἢ
1667 498 1756 525 μετα-

965 538 1131 574 χειρίζεσθαι
1146 537 1232 564 ταῦτα
1244 538 1291 564 καὶ
1305 537 1472 564 οἰκειοῦσθαι
1486 544 1492 552 ·
1511 536 1527 571 ἢ
1548 536 1689 571 πολεμεῖν,
1704 535 1756 561 καὶ

967 583 1185 609 ἀντιτάσσεσθαι.
1199 582 1401 617 Πτοηθήσονται
1416 582 1471 616 γάρ
1487 590 1517 608 σε
1528 581 1566 613 ὠς
1581 580 1755 616 μεγαλοφυῆ,

967 629 1013 654 καὶ
1025 629 1062 659 ὡς
1078 628 1132 655 άπὸ
1146 627 1229 662 πυρὸς
1244 627 1386 661 φεύξονται
1412 627 1467 653 άπὸ
1481 626 1527 653 σοῦ
1541 634 1548 641 '
1576 625 1756 661 φιμωθήσον-

967 683 1011 701 ται
1025 674 1058 700 τὰ
1073 674 1149 709 χείλη
1165 673 1266 705 αὐτῶν,
1280 673 1327 700 καὶ
1339 674 1376 704 ὼς
1393 672 1445 698 ὑπὸ
1458 672 1543 707 βελῶν
1557 673 1613 702 τοῖς
1628 673 1685 703 σοῖς
1701 680 1756 698 κα-

966 720 1184 754 τατρωθήσονται
1195 718 1452 754 ῥήμασιν.²οφθήσῃ
1463 718 1553 748 αὐτοῖς
1565 717 1689 752 φοϐερὸς,
1704 718 1756 743 καὶ

967 765 1020 792 ἀπὸ
1033 764 1177 800 προσώπου
1192 773 1239 791 σου
1252 764 1351 800 τρόμος
1366 763 1480 798 λήψεται
1496 763 1603 796 αὐτοὺς,
1614 763 1660 790 καὶ
1675 762 1720 789 σοῦ
1740 764 1756 789 ὸ

967 810 1167 846 Παντοκράτωρ
1180 810 1346 846 ὑπερασπιεῖ
1355 817 1361 824 ·
1375 810 1421 836 καὶ
1435 810 1552 836 συνετιεῖ
1570 817 1599 835 σε
1614 810 1628 835 ὁ
1641 809 1755 840 πλάσας

133 862 181 882 sus
202 858 263 882 tuos
289 855 397 889 diriget,
420 860 500 891 atque
527 843 554 883 in
579 857 637 884 basi
660 856 793 884 immobili
816 843 919 884 cdnsti-

981 865 1011 888 re,
1025 843 1185 882 κατευθυνεῖ
1198 843 1245 882 σου
1267 855 1302 882 τὰ
1316 855 1484 890 διαδήματα,
1507 854 1554 881 καὶ
1581 853 1690 889 ἐδράσει
1720 862 1753 879 σε

133 905 200 927 tuet.
229 901 355 929 Thronus
380 906 444 929 tuus
472 903 549 938 quasi
577 904 618 931 sol
645 904 698 931 erit
723 910 816 931 coram
849 904 919 939 ipso,

981 903 1018 928 ιπὶ
1047 902 1124 936 βάσιν
1147 902 1304 928 ἀσάλευτον.
1337 901 1366 927 '0
1376 901 1469 935 θρόνος
1494 908 1553 931 σου⁹
1575 899 1613 931 ὡς
1637 901 1651 926 ὁ
1676 899 1756 934 ἥλιος

131 946 204 973 oculi
229 947 288 981 ejus
314 951 340 975 te
362 948 508 982 respicient
523 968 531 982 ,
556 956 645 984 neque
671 953 699 977 te
723 957 767 977 res
800 950 919 978 adversm

981 948 1094 975 ιναντίον
1109 947 1201 979 αὐτοῦ,
1216 948 1262 974 καὶ
1277 948 1300 974 ot
1322 946 1456 981 ὀφθαλμοὶ
1467 945 1549 973 αὐτοῦ
1564 946 1673 972 ἔσονται
1690 945 1755 980 βλέ-

133 991 303 1026 contingent,
329 993 460 1027 quoniatn
484 993 545 1028 ipse
570 998 597 1021 te
622 994 715 1029 elegit,
742 998 768 1022 et
791 995 825 1021 ab
846 999 919 1022 utero

981 1003 1070 1026 ποντες
1097 994 1143 1020 ἐπὶ
1158 994 1204 1020 σέο
1220 993 1269 1020 καὶ
1296 993 1372 1020 οὐδὲν
1387 994 1416 1020 οὐ
1446 993 1483 1027 μὴ
1505 992 1608 1028 ἇψηταί
1625 1001 1673 1019 σου
1695 992 1754 1018 τῶν

132 1036 229 1064 matris
255 1039 427 1073 segregavit,
452 1039 654 1074 imperiumque
677 1047 757 1067 suum
785 1041 832 1067 tibi
863 1045 919 1068 tan-

981 1040 1111 1074 (αλεπῶν,
1134 1039 1227 1067 καθότι
1243 1039 1324 1070 αὑτός
1354 1048 1383 1065 σε
1406 1038 1557 1071 ἐξελέξατο,
1571 1038 1618 1064 καὶ
1631 1038 1685 1064 ἀπὸ
1702 1039 1757 1073 μή-

134 1089 215 1115 quam
239 1083 348 1110 caeteris
375 1084 541 1118 prmcellenti
572 1085 693 1123 tradidit,
723 1085 869 1120 posuitque
899 1090 919 1114 ιε

981 1094 1041 1120 ερας
1057 1085 1206 1121 ἀφώρισεν,
1223 1086 1270 1112 καὶ
1282 1084 1332 1120 τὴν
1345 1084 1428 1112 αὑτοῦ
1446 1083 1584 1119 βασιλείαν
1606 1083 1644 1115 ὡς
1660 1083 1758 1117 ἀγαθῷ

133 1127 214 1161 quasi
228 1129 366 1162 speculam
385 1129 414 1156 in
431 1129 511 1162 colle,
528 1137 559 1157 ac
573 1130 654 1157 veluti
680 1138 789 1158 auream
805 1135 919 1158 statuam

981 1132 1044 1166 ὅπερ
1059 1131 1162 1164 πάντας
1172 1139 1213 1157 σοι
1225 1130 1318 1162 ἔδωκε,
1331 1130 1377 1157 καὶ
1389 1129 1510 1156 τέθεικεν
1519 1129 1567 1162 ζὼς
1593 1128 1696 1163 σκοπὴν
1709 1128 1758 1154 ἐπὶ.

136 1173 162 1199 in
175 1173 298 1206 excelso,
310 1179 337 1201 et
346 1174 428 1202 veluti
445 1175 536 1203 urbem
553 1176 581 1203 in
593 1179 685 1204 monte
697 1180 723 1204 te
736 1177 882 1210 exaltavit;
896 1172 919 1204 ul

981 1177 1082 1208 Bouvnﬁ,
1098 1176 1145 1203 καὶ
1155 1176 1192 1208 ὡς
1202 1175 1319 1211 χρυσοῦν
1347 1175 1492 1210 ἀνδριάντα
1517 1175 1559 1209 ἐφ’
1579 1173 1692 1210 ὑψηλοῦ,
1709 1174 1757 1200 καὶ

137 1225 249 1245 munera
267 1219 314 1246 tibi
329 1219 417 1247 ferant
430 1225 534 1256 gentes,
546 1226 572 1250 et
589 1222 702 1249 adorent
719 1228 744 1250 te
756 1222 919 1250 habitatores

981 1223 1010 1253 b;
1025 1222 1101 1248 πόλιν
1111 1222 1155 1248 ἐπ’
1171 1222 1250 1257 ὅρους
1267 1221 1420 1256 ἁνύψωσεν,
1438 1221 1514 1256 ξῶστε
1541 1220 1756 1256 δωροφορεῖσθαι

138 1266 225 1290 ωτι-ε.
245 1262 296 1291 Sed
322 1267 361 1296 tu,
380 1264 501 1297 Domine.
524 1266 593 1294 Deus
611 1275 696 1300 meus,
716 1268 796 1302 cujus
810 1275 919 1302 regnum

981 1268 1021 1295 ὄπ’
1039 1268 1135 1299 ἐθνῶν,
1158 1268 1205 1294 καὶ
1220 1266 1432 1303 προσκυνεῖσθαι
1444 1266 1496 1293 ὑπὸ
1516 1266 1570 1292 τῶν
1597 1264 1757 1292 κατοικούν-

135 1308 494 1343 iucorruptibleetteternum
506 1315 558 1343 est,
566 1319 628 1339 eum
638 1312 665 1339 in
674 1313 716 1340 via
726 1312 811 1347 dirige
820 1313 866 1347 qui
877 1321 919 1348 per

981 1322 1028 1340 των
1039 1315 1087 1347 τὴν
1105 1313 1168 1347 γῆν.
1185 1312 1266 1340 Ἀλλὰ
1283 1313 1326 1344 σὺ,
1341 1312 1428 1347 Κύριε
1443 1312 1457 1338 ὁ
1469 1311 1534 1343 Θεός
1552 1320 1614 1346 μου,
1627 1308 1657 1337 οὗ
1672 1310 1688 1344 ή
1709 1309 1757 1344 βα-

134 1362 160 1387 lc.
170 1362 202 1382 cx
212 1362 255 1383 me
267 1360 349 1384 natus
359 1361 412 1390 est,
425 1357 476 1392 ipsi
488 1358 624 1386 vultustui
637 1359 780 1394 praesentia
790 1358 919 1386 colluceal

981 1359 1062 1386 τιλεία
1077 1358 1225 1394 ἀνώλεθρος
1238 1358 1284 1385 καὶ
1295 1357 1415 1390 αἰώνιος,
1445 1357 1503 1392 εῐης
1535 1355 1688 1383 κατευοδῶν
1710 1355 1758 1381 τὸν

132 1407 159 1429 et
173 1402 248 1429 auris
262 1405 308 1430 tua
322 1402 355 1430 ad
370 1411 464 1438 preces
479 1403 539 1438 ejus
554 1404 710 1432 inclinetur.
722 1405 847 1440 Protegat
861 1412 919 1432 eum

981 1403 1020 1430 διὰ
1036 1402 1083 1430 σοῦ
1104 1403 1133 1436 ἐξ
1163 1402 1230 1438 ἐμοῦ
1240 1402 1416 1438 γεννηθέντα,
1444 1402 1490 1428 καὶ
1504 1401 1574 1428 ἔστω
1587 1402 1603 1436 ἡ
1619 1401 1758 1434 ὲπισκοπὴ

133 1454 231 1475 manus
247 1452 303 1481 tua,
320 1454 414 1483 regnet
433 1453 545 1484 propter
560 1450 714 1480 veritatem,
730 1449 846 1477 deducat
862 1457 919 1477 eum

981 1449 1023 1476 τοῦ
1036 1448 1185 1484 προσώπου
1204 1457 1251 1475 σου
1267 1449 1312 1475 ἐπ’
1329 1448 1419 1480 αὐτὸν,
1429 1447 1474 1474 καὶ
1487 1447 1518 1474 τὸ
1530 1444 1576 1478 οὖς
1592 1455 1637 1473 σου
1650 1445 1757 1472 ἐπικλι-

134 1493 245 1520 dcxtera
260 1497 316 1525 tua,
329 1494 575 1530 etdiriganturviaz
590 1495 650 1530 ejus
666 1495 694 1523 in
709 1495 762 1531 55
774 1501 919 1531 conspectu

981 1495 1064 1522 νέσθω
1077 1496 1137 1527 ταῖς
1150 1494 1245 1522 τούτου
1259 1495 1381 1530 δεήσεσι,
1397 1494 1560 1521 σκεπασάτω
1574 1492 1655 1521 αὑτὸν
1670 1492 1757 1528 ήχείρ

136 1545 194 1571 tuo,
221 1543 251 1566 ut
277 1540 416 1568 custodiat
434 1541 642 1576 iustiﬁcationes
673 1545 747 1574 tuas,
775 1549 867 1569 coram
890 1550 919 1569 eo

981 1550 1035 1574 σου,
1049 1541 1096 1568 καὶ
1120 1540 1286 1575 βασιλευέτω
1318 1539 1412 1566 ἕνεκεν
1424 1538 1564 1573 ἀληθείας,
1580 1537 1628 1564 καὶ
1638 1537 1757 1572 ὀδηγήσῃ

137 1586 279 1620 procident
299 1587 401 1620 hostes,
415 1593 442 1615 et
469 1588 572 1616 initnici
596 1588 656 1623 ejus
687 1593 787 1616 terram
811 1588 922 1622 lingent.

136 1632 324 1674 Adumbrctur
347 1634 428 1669 stirps
444 1634 505 1669 ejus
524 1635 657 1662 facundae
677 1634 779 1662 sobolis
800 1634 882 1666 foliis.
897 1639 924 1662 et

137 1678 234 1705 umbra
249 1678 355 1706 fructus
366 1679 424 1714 ejus
445 1684 550 1708 montes
570 1681 658 1716 regios
670 1680 865 1716 operiat,‘_quia
877 1688 924 1715 per

137 1727 164 1750 te
178 1731 255 1759 reges
272 1729 395 1759 regnant,
417 1730 442 1752 te
453 1726 622 1753 celebrantes
635 1726 660 1752 in
676 1725 785 1752 saecula.

977 1587 1056 1614 αὐτὸν
1070 1587 1087 1621 ἡ
1104 1586 1179 1619 δεξιά
1196 1594 1255 1618 σου,
1276 1584 1525 1619 κατευθυνθείησαν
1540 1583 1568 1611 αἱ
1592 1583 1646 1610 ὁδοὶ
1673 1581 1756 1609 αὑτοῦ

977 1631 1153 1659 ὲνώπιόν“σου
1167 1631 1214 1658 τοῦ
1236 1630 1405 1666 φυλάξασθαι
1433 1629 1468 1656 τὰ
1492 1627 1663 1663 δικαιώματά
1686 1635 1734 1653 σου
1748 1635 1755 1642 ·

977 1677 1031 1712 πρὸ
1059 1677 1206 1712 προσώπου
1232 1676 1314 1703 αὑτοῦ
1342 1675 1487 1702 πεσοῦνται
1522 1673 1671 1708 πολέμιοι,
1711 1671 1758 1698 καὶ

977 1723 1094 1757 λείξουσι
1118 1722 1182 1758 χοῦν
1204 1723 1228 1749 οι
1255 1722 1348 1757 ἐχθροὶ
1367 1720 1461 1748 αὑτοῦ.
1483 1718 1704 1753 Κατασκιασθείη
1728 1717 1758 1744 τὸ

138 1769 261 1804 στέλεχος
279 1769 327 1796 τοῦ
337 1770 431 1804 γένους
452 1771 535 1798 αὑτοῦ
552 1770 718 1811 πολυγονίας
731 1770 850 1805 φύλλοις,
878 1762 964 1805 καὶ-ἡ
991 1769 1054 1796 σκιὰ
1070 1768 1116 1796 τοῦ
1134 1767 1240 1804 καρποῦ
1259 1767 1341 1794 αὑτοῦ
1366 1765 1530 1802 ὲπιχαλὺζιαι
1549 1765 1599 1801 ὅρη
1625 1764 1755 1800 βασιλεια-

139 1817 178 1842 ὃτι
193 1817 236 1844 διὰ
248 1816 295 1844 σοῦ
309 1817 479 1852 βασιλεύουσι
505 1817 624 1853 βασιλεῖς
644 1817 802 1850 δοξάζοντές
825 1825 857 1844 σε
883 1817 923 1849 εὶς
936 1815 982 1844 τὸν
993 1815 1090 1843 αἰῶνα.

394 1872 509 1901 CAPUT
525 1872 672 1900 PRIMUM.

140 1918 178 1946 De
207 1917 393 1950 Palzinaciu’s,
421 1922 445 1944 et
481 1923 611 1953 quantum
641 1918 743 1952 prosint
770 1918 925 1953 imperatori

268 1952 386 1980 Romano
398 1953 421 1980 si
432 1961 523 1988 pacem
534 1961 591 1980 cum
609 1954 673 1988 ipsis
685 1953 792 1980 habeat.

174 2030 242 2058 Audi
257 2037 333 2066 ergo,
348 2030 396 2064 illi,
407 2037 469 2065 qua!
485 2030 533 2058 tibi
548 2037 602 2058 non
618 2030 767 2065 ignoranda
784 2030 921 2063 existimo,

139 2082 167 2105 et
184 2077 338 2112 intelligens
354 2082 413 2104 esto
430 2081 460 2104 ut
479 2081 582 2104 rectam
597 2076 767 2111 gubernandi
789 2077 922 2103 rationem

140 2122 307 2158 asscquaris.
324 2122 465 2156 Siquidem
482 2122 526 2150 vel
544 2122 661 2149 subditis
674 2122 802 2149 omnibus
824 2129 924 2156 oppor-

1187 1871 1384 1898 ΚΕΦΑΛᾹΙΟΝ
1400 1870 1547 1897 ΠΡΩΤΟΝ.

975 1918 1044 1953 Περὶ
1070 1918 1129 1953 τῷν
1154 1915 1370 1953 ﬂaturamth
1389 1915 1469 1953 (ξω)
1494 1915 1546 1953 amt
1573 1913 1648 1953 θιρρς
1675 1915 1755 1953 πάσα

1010 1948 1236 1987 ὀυμϐἀλλονται
1268 1951 1344 1986 μετὰ
1362 1948 1415 1978 τοῦ
1434 1948 1757 1983 βασιλέωρῬωμαΙων

1008 1988 1222 2021 ειρηνεύοντες.

1010 2034 1141 2060 Ἄκουσον
1157 2032 1256 2064 τοίνυν,
1273 2031 1326 2062 υἱὲ,
1342 2030 1360 2057 ἆ
1381 2039 1426 2066 μοι
1441 2030 1516 2057 δοκεῖ
1534 2038 1563 2057 σε
1590 2030 1627 2065 μὴ
1641 2030 1755 2065 ἀγνοεῖν,

978 2080 1024 2106 καὶ
1042 2079 1150 2114 νοήμων
1162 2078 1251 2112 γενοῦ,
1268 2077 1311 2103 ἴνα
1326 2077 1415 2112 κτήσῃ
1428 2075 1601 2111 κυϐέρνησιν.
1616 2076 1690 2110 Φημὶ
1705 2075 1756 2110 γὰρ

979 2125 1025 2151 καὶ
1039 2126 1094 2156 τοῖς
1109 2124 1198 2155 ἄλλοις
1214 2122 1315 2150 ἆπασιν
1331 2120 1399 2148 εἶναι
1410 2121 1491 2148 καλὸν
1503 2121 1557 2148 τῶν
1570 2120 1756 2154 ὑποτεταγμέ-

141 2174 235 2196 tunatn
257 2175 319 2195 esse
343 2168 486 2195 scientiam
511 2167 585 2200 dico,
609 2166 745 2202 praecipue
777 2173 842 2193 vero
862 2166 919 2199 tibi,

981 2179 1029 2198 νων
1045 2170 1094 2206 τὴν
1113 2170 1242 2204 μάθησιν,
1258 2167 1441 2202 διαφερόντως
1457 2166 1485 2193 δὲ
1511 2166 1552 2193 σοὶ
1570 2165 1608 2202 τῷ
1627 2166 1697 2200 ὑπὲρ
1710 2165 1757 2200 τῆς

138 2214 186 2248 qui
212 2213 334 2241 omnium
357 2213 438 2240 saluti
462 2213 627 2247 prospicere,
649 2219 681 2240 ac
708 2212 802 2239 mundi
827 2219 924 2239 navem

140 2266 236 2294 regere
262 2263 290 2287 et
312 2258 467 2294 gubernare
488 2259 596 2286 debeas.
615 2257 692 2290 Quod
717 2258 740 2284 si
768 2257 923 2292 perspicuo,

140 2307 217 2338 trito,
233 2309 325 2340 atque,
338 2308 368 2331 ut
383 2312 431 2339 par
446 2309 497 2337 est,
507 2303 602 2336 ﬂuido,
619 2304 737 2338 pedestri
754 2309 786 2330 ac
806 2303 925 2338 simplici

140 2351 268 2387 loquendi
291 2358 390 2387 genere
411 2355 484 2384 utar,
499 2350 533 2377 ad
553 2358 585 2378 ea
604 2358 665 2384 quae
687 2349 818 2385 proposui
834 2348 926 2376 decla-

140 2397 238 2430 randa,
258 2404 293 2424 ne
311 2396 421 2428 mirere,
443 2395 491 2423 ﬁli.
514 2395 572 2422 Non
594 2395 666 2422 enim
685 2398 758 2422 recte
776 2394 926 2426 scribendi,

140 2452 230 2480 neque
249 2443 346 2471 Atticae
363 2442 493 2471 dictionis
514 2441 628 2477 turgida:
643 2449 675 2469 ac
692 2441 817 2469 sublimis
838 2441 926 2475 speci-

979 2216 1087 2243 πάντων
1117 2213 1252 2249 σωτηρίας
1271 2213 1407 2248 ὀφείλοντι
1433 2212 1624 2247 διαμεριμνᾷν,
1639 2211 1687 2238 καὶ
1710 2210 1756 2245 τὴν

979 2260 1113 2296 κοσμικὴν
1127 2260 1227 2286 ὁλκάδα
1241 2258 1430 2293 πηδαλιουχεῐν
1443 2266 1473 2284 τε
1488 2257 1536 2284 καὶ
1560 2257 1706 2292 κυὸερνᾷν.
1728 2257 1756 2282 Εἰ

978 2307 1008 2333 δι
1025 2306 1105 2340 σαφεῐ
1118 2305 1165 2332 καὶ
1195 2304 1431 2339 κατημαξευμένῳ
1457 2302 1540 2337 λόγῳ,
1567 2303 1613 2330 καὶ
1628 2300 1683 2328 οἷον
1699 2302 1757 2337 εἰκῆ

981 2351 1068 2386 ῥέοντι
1083 2350 1157 2385 πεζῷ
1177 2350 1224 2376 καὶ
1248 2349 1371 2384 ἁπλοῖκῷ
1391 2349 1457 2384 πρὸς
1477 2348 1526 2382 τὴν
1539 2347 1592 2374 τῶν
1613 2347 1756 2382 προκειμέ‹

980 2405 1033 2422 νων
1043 2396 1202 2431 ἐχρησάμην
1210 2394 1325 2430 δήλωσιν
1336 2393 1419 2429 μηδὲν
1428 2392 1645 2428 θαυμάσῃςέυῐέ.
1660 2392 1697 2418 Οὐ
1708 2391 1756 2426 γὰρ

979 2440 1107 2473 ἐπίδειξιν
1124 2439 1336 2474 καλλιγραφίας,
1361 2439 1378 2474 ἢ
1397 2438 1522 2474 φράσεως
1548 2436 1755 2473 ἠττικισμὲνης,

716 2496 867 2524 ANSELMI
888 2495 1001 2524 BANDU
1007 2496 1052 2524 Rll
1068 2496 1183 2525 ΝΟΤΑΞ.

177 2554 233 2589 (68)
259 2554 405 2587 Meursius,
437 2560 469 2581 ac
482 2553 505 2581 si
530 2552 666 2587 legeretur
677 2550 846 2589 ota‘qtaapoﬁ
871 2557 921 2585 pro

157 2586 336 2623 σταδὶασμοῦ,
353 2590 410 2616 hac
423 2589 459 2615 ita
470 2586 824 2623 interpretatur,seditionis
838 2590 921 2623 motu,

142 2625 244 2652 Verum
266 2621 293 2650 in
319 2632 387 2652 mss.
412 2623 504 2659 Regiis
518 2621 590 2659 et‘in
605 2622 728 2659 Palatino
748 2628 807 2659 _non
834 2621 922 2647 solum

144 2659 189 2686 hic
204 2666 298 2685 verum
307 2659 387 2686 etiam
404 2655 467 2693 cap:
483 2666 543 2686 xm.
557 2657 632 2684 circa
650 2656 728 2683 tinem
747 2655 846 2693 legitur
859 2663 925 2693 στα-

141 2693 269 2733 διασμοῦ,
292 2693 349 2733 ubi_
359 2689 494 2733 Meursius
514 2699 655 2733 perperam
673 2689 801 2733 mnendat
838 2690 925 2733 σταόις

144 2725 214 2763 σμοῦ
227 2725 275 2763 pro
284 2728 449 2763 σταδιασμοῦ
459 2736 465 2742 ·
477 2725 661 2763 quippeitletn
676 2725 927 2763 Porphyrogeuitus

146 2762 195 2791 lib.
215 2762 233 2789 ιζ
250 2762 285 2790 de
303 2762 405 2790 Tlteut.
423 2763 466 2789 ubi

147 2798 281 2828 meniaco,
298 2799 337 2826 sic
355 2798 447 2829 habet,
476 2797 536 2824 οὔτε
553 2796 698 2827 Μένιππος
713 2796 726 2821 ὁ
743 2795 805 2826 τοὺς
820 2795 928 2821 σταδια-

148 2833 233 2868 σμοὺς
263 2834 312 2869 τῆς
343 2832 407 2868 ὅλης
432 2832 595 2867 οἰκουμένης
626 2829 866 2865 ἀπογραψάμενος,
883 2829 929 2856 ubi

503 2761 700 2790 όθτιιοηιειθ
730 2761 851 2788 secundo
877 2761 928 2786 Ar-

972 2551 1123 2579 Vulcanius
1151 2550 1317 2584 σταδιασμὸν
1336 2551 1532 2584 interpretatur
1556 2547 1754 2584 dimettrsionetn

974 2594 1022 2622 per
1047 2587 1145 2622 stadia.
1179 2582 1302 2622 Addatur
1335 2582 1426 2619 itaque
1453 2584 1511 2611 hac
1536 2591 1588 2611 vox
1621 2582 1756 2610 Glossario

976 2620 1071 2648 Graeco
1096 2620 1238 2655 Ducangii.

1015 2655 1069 2691 (69)
1090 2655 1128 2682 De
1148 2650 1324 2691 Paﬁinaeitis
1340 2653 1466 2691 Scythica
1497 2655 1577 2691 gente
1599 2651 1663 2691 quiq
1680 2650 1756 2677 etiam

978 2686 1131 2718 Patzit’taca:
1145 2691 1205 2717 aliis
1216 2690 1358 2721 dicuntur,
1377 2686 1507 2724 pluribus
1517 2686 1700 2724 agitscriptor
1712 2693 1757 2711 no-

981 2729 1037 2753 ster
1059 2725 1196 2760 capitibus
1212 2725 1399 2761 sequentibus,
1418 2723 1463 2750 ubi
1476 2723 1509 2761 de
1523 2729 1618 2761 eorum
1640 2723 1756 2761 regione.

982 2761 1044 2787 vita:
1076 2757 1214 2791 iustituto,
1245 2757 1460 2795 gentibusque!)
1487 2757 1554 2795 ipsis
1584 2757 1757 2795 conterritum;

983 2799 1046 2822 sunt
1064 2796 1156 2824 multis
1185 2789 1314 2830 loquitur.
1336 2789 1415 2821 V'idc'
1429 2789 1504 2828 qua:—
1524 2791 1558 2818 de
1585 2790 1651 2826 ipsis
1684 2789 1757 2816 habet

984 2830 1108 2859 ()t‘telius.
