  <div class='ocr_page' id='page_1' title='image "/cluster/home/n/w/nwhite01/storage/ocr_20150623/113/njp.32101077772968/087.png"; bbox 0 0 1899 3060; ppageno 0'>
   <div class='ocr_carea' id='block_1_1' title="bbox 123 122 176 152">
    <p class='ocr_par' dir='ltr' id='par_1_1' title="bbox 123 122 176 152">
     <span class='ocr_line' id='line_1_1' title="bbox 123 122 176 152; baseline -0.019 0"><span class='ocrx_word' id='word_1_1' title='bbox 123 122 176 152; x_wconf 74' lang='lat'><strong>163</strong></span> 
     </span>
    </p>
   </div>
   <div class='ocr_carea' id='block_1_2' title="bbox 629 117 1240 148">
    <p class='ocr_par' dir='ltr' id='par_1_2' title="bbox 629 117 1240 148">
     <span class='ocr_line' id='line_1_2' title="bbox 629 117 1240 148; baseline -0.002 0"><span class='ocrx_word' id='word_1_2' title='bbox 629 117 884 148; x_wconf 80' lang='lat' dir='ltr'><strong>CONSTANTINI</strong></span> <span class='ocrx_word' id='word_1_3' title='bbox 900 117 1240 148; x_wconf 77' lang='lat' dir='ltr'><strong>PORPHYROGENITI</strong></span> 
     </span>
    </p>
   </div>
   <div class='ocr_carea' id='block_1_3' title="bbox 1697 117 1749 149">
    <p class='ocr_par' dir='ltr' id='par_1_3' title="bbox 1697 117 1749 149">
     <span class='ocr_line' id='line_1_3' title="bbox 1697 117 1749 149; baseline 0.019 -1"><span class='ocrx_word' id='word_1_4' title='bbox 1697 117 1749 149; x_wconf 71' lang='grc'><strong>164</strong></span> 
     </span>
    </p>
   </div>
   <div class='ocr_carea' id='block_1_4' title="bbox 125 173 916 209">
    <p class='ocr_par' dir='ltr' id='par_1_4' title="bbox 125 173 910 209">
     <span class='ocr_line' id='line_1_4' title="bbox 125 173 910 209; baseline -0.003 -6"><span class='ocrx_word' id='word_1_5' title='bbox 125 175 256 203; x_wconf 88' lang='lat' dir='ltr'><strong>micitiam</strong></span> <span class='ocrx_word' id='word_1_6' title='bbox 274 174 406 206; x_wconf 88' lang='lat' dir='ltr'><strong>devitent,</strong></span> <span class='ocrx_word' id='word_1_7' title='bbox 425 177 451 201; x_wconf 92' lang='lat' dir='ltr'><strong>et</strong></span> <span class='ocrx_word' id='word_1_8' title='bbox 465 173 567 200; x_wconf 81' lang='lat' dir='ltr'><strong>auxilio</strong></span> <span class='ocrx_word' id='word_1_9' title='bbox 583 173 721 201; x_wconf 73' lang='lat' dir='ltr'><strong>fruantur.</strong></span> <span class='ocrx_word' id='word_1_10' title='bbox 739 173 831 209; x_wconf 84' lang='lat' dir='ltr'><strong>Neque</strong></span> <span class='ocrx_word' id='word_1_11' title='bbox 846 181 910 209; x_wconf 83' lang='lat' dir='ltr'><strong>pos-</strong></span> 
     </span>
    </p>
   </div>
   <div class='ocr_carea' id='block_1_5' title="bbox 977 173 1749 209">
    <p class='ocr_par' dir='ltr' id='par_1_5' title="bbox 979 173 1749 209">
     <span class='ocr_line' id='line_1_5' title="bbox 979 173 1749 209; baseline 0 -9"><span class='ocrx_word' id='word_1_12' title='bbox 979 174 1081 201; x_wconf 86' lang='grc' dir='ltr'>οιοῠτον</span> <span class='ocrx_word' id='word_1_13' title='bbox 1096 173 1172 205; x_wconf 74' lang='grc' dir='ltr'>ἔθνος</span> <span class='ocrx_word' id='word_1_14' title='bbox 1197 174 1357 209; x_wconf 80' lang='grc' dir='ltr'>συμμαχίαν</span> <span class='ocrx_word' id='word_1_15' title='bbox 1380 173 1446 209; x_wconf 81' lang='grc' dir='ltr'>παρ’</span> <span class='ocrx_word' id='word_1_16' title='bbox 1469 173 1560 200; x_wconf 78' lang='grc' dir='ltr'>αὐτῶν</span> <span class='ocrx_word' id='word_1_17' title='bbox 1587 174 1749 209; x_wconf 73' lang='grc' dir='ltr'>λαμϐάνειν.</span> 
     </span>
    </p>
   </div>
   <div class='ocr_carea' id='block_1_6' title="bbox 123 218 911 254">
    <p class='ocr_par' dir='ltr' id='par_1_6' title="bbox 123 218 911 254">
     <span class='ocr_line' id='line_1_6' title="bbox 123 218 911 254; baseline -0.001 -7"><span class='ocrx_word' id='word_1_18' title='bbox 123 225 188 247; x_wconf 89' lang='lat' dir='ltr'><strong>sunt</strong></span> <span class='ocrx_word' id='word_1_19' title='bbox 217 220 279 246; x_wconf 88' lang='lat' dir='ltr'><strong>item</strong></span> <span class='ocrx_word' id='word_1_20' title='bbox 304 219 385 246; x_wconf 73' lang='lat' dir='ltr'><strong>liussi</strong></span> <span class='ocrx_word' id='word_1_21' title='bbox 409 218 611 254; x_wconf 86' lang='lat' dir='ltr'><strong>imperatricem</strong></span> <span class='ocrx_word' id='word_1_22' title='bbox 636 219 709 247; x_wconf 85' lang='lat' dir='ltr'><strong>hanc</strong></span> <span class='ocrx_word' id='word_1_23' title='bbox 723 219 911 246; x_wconf 82' lang='lat' dir='ltr'><strong>Romanorum</strong></span> 
     </span>
    </p>
   </div>
   <div class='ocr_carea' id='block_1_7' title="bbox 125 263 912 300">
    <p class='ocr_par' dir='ltr' id='par_1_7' title="bbox 125 263 912 300">
     <span class='ocr_line' id='line_1_7' title="bbox 125 263 912 300; baseline -0.001 -8"><span class='ocrx_word' id='word_1_24' title='bbox 125 266 230 297; x_wconf 84' lang='lat' dir='ltr'><strong>urbem,</strong></span> <span class='ocrx_word' id='word_1_25' title='bbox 241 264 298 292; x_wconf 82' lang='lat' dir='ltr'><strong>sive</strong></span> <span class='ocrx_word' id='word_1_26' title='bbox 311 263 387 296; x_wconf 82' lang='lat' dir='ltr'><strong>belli,</strong></span> <span class='ocrx_word' id='word_1_27' title='bbox 401 264 459 291; x_wconf 86' lang='lat' dir='ltr'><strong>sive</strong></span> <span class='ocrx_word' id='word_1_28' title='bbox 471 264 630 292; x_wconf 80' lang='lat' dir='ltr'><strong>commercii</strong></span> <span class='ocrx_word' id='word_1_29' title='bbox 646 272 729 292; x_wconf 81' lang='lat' dir='ltr'><strong>causa</strong></span> <span class='ocrx_word' id='word_1_30' title='bbox 743 270 846 300; x_wconf 87' lang='lat' dir='ltr'><strong>petere,</strong></span> <span class='ocrx_word' id='word_1_31' title='bbox 858 264 912 292; x_wconf 80' lang='lat' dir='ltr'><strong>nisi</strong></span> 
     </span>
    </p>
   </div>
   <div class='ocr_carea' id='block_1_8' title="bbox 124 309 912 346">
    <p class='ocr_par' dir='ltr' id='par_1_8' title="bbox 124 309 912 346">
     <span class='ocr_line' id='line_1_8' title="bbox 124 309 912 346; baseline 0 -9"><span class='ocrx_word' id='word_1_32' title='bbox 124 318 217 346; x_wconf 87' lang='lat' dir='ltr'><strong>pacem</strong></span> <span class='ocrx_word' id='word_1_33' title='bbox 234 317 296 336; x_wconf 88' lang='lat' dir='ltr'><strong>cum</strong></span> <span class='ocrx_word' id='word_1_34' title='bbox 311 309 489 338; x_wconf 84' lang='lat' dir='ltr'><strong>Palzinacitis</strong></span> <span class='ocrx_word' id='word_1_35' title='bbox 503 311 595 337; x_wconf 89' lang='lat' dir='ltr'><strong>colant</strong></span> <span class='ocrx_word' id='word_1_36' title='bbox 615 320 622 338; x_wconf 91' lang='lat'><strong>:</strong></span> <span class='ocrx_word' id='word_1_37' title='bbox 636 318 698 338; x_wconf 81' lang='lat' dir='ltr'><strong>nam</strong></span> <span class='ocrx_word' id='word_1_38' title='bbox 720 311 767 338; x_wconf 92' lang='lat' dir='ltr'><strong>ubi</strong></span> <span class='ocrx_word' id='word_1_39' title='bbox 784 318 845 339; x_wconf 85' lang='lat' dir='ltr'><strong>cum</strong></span> <span class='ocrx_word' id='word_1_40' title='bbox 862 318 912 337; x_wconf 85' lang='lat' dir='ltr'><strong>na-</strong></span> 
     </span>
    </p>
   </div>
   <div class='ocr_carea' id='block_1_9' title="bbox 125 355 914 391">
    <p class='ocr_par' dir='ltr' id='par_1_9' title="bbox 125 355 914 391">
     <span class='ocr_line' id='line_1_9' title="bbox 125 355 914 391; baseline 0 -10"><span class='ocrx_word' id='word_1_41' title='bbox 125 356 203 382; x_wconf 87' lang='lat' dir='ltr'><strong>vibus</strong></span> <span class='ocrx_word' id='word_1_42' title='bbox 223 355 304 382; x_wconf 79' lang='lat' dir='ltr'><strong>[iussi</strong></span> <span class='ocrx_word' id='word_1_43' title='bbox 320 355 354 382; x_wconf 85' lang='lat' dir='ltr'><strong>ad</strong></span> <span class='ocrx_word' id='word_1_44' title='bbox 372 355 431 382; x_wconf 84' lang='lat' dir='ltr'><strong>loca</strong></span> <span class='ocrx_word' id='word_1_45' title='bbox 447 355 570 383; x_wconf 78' lang='lat' dir='ltr'><strong>fluminis</strong></span> <span class='ocrx_word' id='word_1_46' title='bbox 585 361 721 391; x_wconf 70' lang='lat' dir='ltr'><strong>praerupta</strong></span> <span class='ocrx_word' id='word_1_47' title='bbox 742 356 914 389; x_wconf 79' lang='lat' dir='ltr'><strong>devenerim,</strong></span> 
     </span>
    </p>
   </div>
   <div class='ocr_carea' id='block_1_10' title="bbox 124 401 916 437">
    <p class='ocr_par' dir='ltr' id='par_1_10' title="bbox 124 401 916 437">
     <span class='ocr_line' id='line_1_10' title="bbox 124 401 916 437; baseline 0.004 -10"><span class='ocrx_word' id='word_1_48' title='bbox 124 407 187 427; x_wconf 89' lang='lat' dir='ltr'><strong>cum</strong></span> <span class='ocrx_word' id='word_1_49' title='bbox 207 408 261 428; x_wconf 91' lang='lat' dir='ltr'><strong>non</strong></span> <span class='ocrx_word' id='word_1_50' title='bbox 284 401 357 428; x_wconf 88' lang='lat' dir='ltr'><strong>ultra</strong></span> <span class='ocrx_word' id='word_1_51' title='bbox 381 402 531 436; x_wconf 83' lang='lat' dir='ltr'><strong>procedere</strong></span> <span class='ocrx_word' id='word_1_52' title='bbox 554 407 668 437; x_wconf 88' lang='lat' dir='ltr'><strong>queant,</strong></span> <span class='ocrx_word' id='word_1_53' title='bbox 694 403 747 430; x_wconf 85' lang='lat' dir='ltr'><strong>nisi</strong></span> <span class='ocrx_word' id='word_1_54' title='bbox 774 403 916 430; x_wconf 80' lang='lat' dir='ltr'><strong>naviculas</strong></span> 
     </span>
    </p>
   </div>
   <div class='ocr_carea' id='block_1_11' title="bbox 124 446 916 483">
    <p class='ocr_par' dir='ltr' id='par_1_11' title="bbox 124 446 916 483">
     <span class='ocr_line' id='line_1_11' title="bbox 124 446 916 483; baseline 0.005 -11"><span class='ocrx_word' id='word_1_55' title='bbox 124 453 192 474; x_wconf 83' lang='lat' dir='ltr'><strong>suas</strong></span> <span class='ocrx_word' id='word_1_56' title='bbox 212 446 325 475; x_wconf 83' lang='lat' dir='ltr'><strong>ﬂumine</strong></span> <span class='ocrx_word' id='word_1_57' title='bbox 345 447 460 475; x_wconf 84' lang='lat' dir='ltr'><strong>eductas</strong></span> <span class='ocrx_word' id='word_1_58' title='bbox 485 448 606 476; x_wconf 82' lang='lat' dir='ltr'><strong>humeris</strong></span> <span class='ocrx_word' id='word_1_59' title='bbox 631 448 774 483; x_wconf 88' lang='lat' dir='ltr'><strong>impositas</strong></span> <span class='ocrx_word' id='word_1_60' title='bbox 798 447 916 476; x_wconf 81' lang='lat' dir='ltr'><strong>transfe-</strong></span> 
     </span>
    </p>
   </div>
   <div class='ocr_carea' id='block_1_12' title="bbox 125 493 916 528">
    <p class='ocr_par' dir='ltr' id='par_1_12' title="bbox 125 493 916 528">
     <span class='ocr_line' id='line_1_12' title="bbox 125 493 916 528; baseline 0.003 -10"><span class='ocrx_word' id='word_1_61' title='bbox 125 496 200 523; x_wconf 84' lang='lat' dir='ltr'><strong>rant,</strong></span> <span class='ocrx_word' id='word_1_62' title='bbox 216 496 282 520; x_wconf 89' lang='lat' dir='ltr'><strong>tunc</strong></span> <span class='ocrx_word' id='word_1_63' title='bbox 307 493 438 528; x_wconf 89' lang='lat' dir='ltr'><strong>temporis</strong></span> <span class='ocrx_word' id='word_1_64' title='bbox 457 493 518 521; x_wconf 87' lang='lat' dir='ltr'><strong>illos</strong></span> <span class='ocrx_word' id='word_1_65' title='bbox 539 493 717 522; x_wconf 70' lang='lat' dir='ltr'><strong>Patzinacita‘.</strong></span> <span class='ocrx_word' id='word_1_66' title='bbox 732 494 874 527; x_wconf 84' lang='lat' dir='ltr'><strong>invadunt,</strong></span> <span class='ocrx_word' id='word_1_67' title='bbox 889 497 916 521; x_wconf 88' lang='lat' dir='ltr'><strong>et</strong></span> 
     </span>
    </p>
   </div>
   <div class='ocr_carea' id='block_1_13' title="bbox 126 538 914 576">
    <p class='ocr_par' dir='ltr' id='par_1_13' title="bbox 126 538 914 576">
     <span class='ocr_line' id='line_1_13' title="bbox 126 538 914 576; baseline 0.001 -12"><span class='ocrx_word' id='word_1_68' title='bbox 126 538 209 566; x_wconf 89' lang='lat' dir='ltr'><strong>facile</strong></span> <span class='ocrx_word' id='word_1_69' title='bbox 221 538 285 573; x_wconf 81' lang='lat' dir='ltr'><strong>quia</strong></span> <span class='ocrx_word' id='word_1_70' title='bbox 303 538 404 573; x_wconf 88' lang='lat' dir='ltr'><strong>duplici</strong></span> <span class='ocrx_word' id='word_1_71' title='bbox 428 539 514 566; x_wconf 86' lang='lat' dir='ltr'><strong>labori</strong></span> <span class='ocrx_word' id='word_1_72' title='bbox 537 539 650 567; x_wconf 86' lang='lat' dir='ltr'><strong>ferendo</strong></span> <span class='ocrx_word' id='word_1_73' title='bbox 666 548 746 576; x_wconf 83' lang='lat' dir='ltr'><strong>pares</strong></span> <span class='ocrx_word' id='word_1_74' title='bbox 769 548 822 567; x_wconf 90' lang='lat' dir='ltr'><strong>non</strong></span> <span class='ocrx_word' id='word_1_75' title='bbox 840 544 914 572; x_wconf 89' lang='lat' dir='ltr'><strong>sunt,</strong></span> 
     </span>
    </p>
   </div>
   <div class='ocr_carea' id='block_1_14' title="bbox 128 583 907 619">
    <p class='ocr_par' dir='ltr' id='par_1_14' title="bbox 128 583 907 619">
     <span class='ocr_line' id='line_1_14' title="bbox 128 583 907 619; baseline 0.005 -9"><span class='ocrx_word' id='word_1_76' title='bbox 128 584 156 610; x_wconf 88' lang='lat' dir='ltr'><strong>in</strong></span> <span class='ocrx_word' id='word_1_77' title='bbox 170 583 260 619; x_wconf 69' lang='lat' dir='ltr'><strong>fugam</strong></span> <span class='ocrx_word' id='word_1_78' title='bbox 277 589 386 612; x_wconf 78' lang='lat' dir='ltr'><strong>vertunt</strong></span> <span class='ocrx_word' id='word_1_79' title='bbox 400 589 426 612; x_wconf 88' lang='lat' dir='ltr'><strong>et</strong></span> <span class='ocrx_word' id='word_1_80' title='bbox 439 584 616 613; x_wconf 85' lang='lat' dir='ltr'><strong>interﬁciunt.</strong></span> <span class='ocrx_word' id='word_1_81' title='bbox 904 585 907 588; x_wconf 53' lang='grc'><em>⁴</em></span> 
     </span>
    </p>
   </div>
   <div class='ocr_carea' id='block_1_15' title="bbox 964 219 1751 255">
    <p class='ocr_par' dir='ltr' id='par_1_15' title="bbox 964 219 1751 255">
     <span class='ocr_line' id='line_1_15' title="bbox 964 219 1751 255; baseline -0.003 -8"><span class='ocrx_word' id='word_1_82' title='bbox 964 221 1011 247; x_wconf 97' lang='lat' dir='ltr'><strong>xui</strong></span> <span class='ocrx_word' id='word_1_83' title='bbox 1027 220 1098 255; x_wconf 77' lang='grc' dir='ltr'>ἔχειν</span> <span class='ocrx_word' id='word_1_84' title='bbox 1115 219 1213 250; x_wconf 77' lang='grc' dir='ltr'>αὐτοὺς</span> <span class='ocrx_word' id='word_1_85' title='bbox 1227 220 1267 251; x_wconf 74' lang='grc' dir='ltr'><strong>εἰς</strong></span> <span class='ocrx_word' id='word_1_86' title='bbox 1280 219 1417 255; x_wconf 87' lang='grc' dir='ltr'>βοήθειαν,</span> <span class='ocrx_word' id='word_1_87' title='bbox 1425 219 1463 251; x_wconf 83' lang='grc' dir='ltr'><strong>ῶς</strong></span> <span class='ocrx_word' id='word_1_88' title='bbox 1480 219 1513 246; x_wconf 80' lang='grc' dir='ltr'>ἂν</span> <span class='ocrx_word' id='word_1_89' title='bbox 1526 219 1573 246; x_wconf 85' lang='lat' dir='ltr'><strong>xui</strong></span> <span class='ocrx_word' id='word_1_90' title='bbox 1586 219 1635 254; x_wconf 83' lang='grc' dir='ltr'>τῆς</span> <span class='ocrx_word' id='word_1_91' title='bbox 1649 219 1751 255; x_wconf 79' lang='grc' dir='ltr'>ἔχθρας</span> 
     </span>
    </p>
   </div>
   <div class='ocr_carea' id='block_1_16' title="bbox 969 264 1751 300">
    <p class='ocr_par' dir='ltr' id='par_1_16' title="bbox 969 264 1751 300">
     <span class='ocr_line' id='line_1_16' title="bbox 969 264 1751 300; baseline -0.001 -8"><span class='ocrx_word' id='word_1_92' title='bbox 969 265 1059 293; x_wconf 74' lang='grc' dir='ltr'>αὐτῶν</span> <span class='ocrx_word' id='word_1_93' title='bbox 1084 264 1320 296; x_wconf 79' lang='grc' dir='ltr'><strong>ἀπαλλάττωνται,</strong></span> <span class='ocrx_word' id='word_1_94' title='bbox 1343 266 1390 291; x_wconf 83' lang='lat' dir='ltr'><strong>xui</strong></span> <span class='ocrx_word' id='word_1_95' title='bbox 1403 264 1455 300; x_wconf 84' lang='grc' dir='ltr'>τῆς</span> <span class='ocrx_word' id='word_1_96' title='bbox 1482 264 1609 300; x_wconf 80' lang='grc' dir='ltr'><strong>βοηθείας</strong></span> <span class='ocrx_word' id='word_1_97' title='bbox 1629 273 1751 291; x_wconf 82' lang='grc' dir='ltr'>καταπο-</span> 
     </span>
    </p>
   </div>
   <div class='ocr_carea' id='block_1_17' title="bbox 965 308 1752 344">
    <p class='ocr_par' dir='ltr' id='par_1_17' title="bbox 965 308 1752 344">
     <span class='ocr_line' id='line_1_17' title="bbox 965 308 1752 344; baseline -0.004 -7"><span class='ocrx_word' id='word_1_98' title='bbox 965 310 1083 337; x_wconf 87' lang='grc' dir='ltr'>λαύοιεν.</span> <span class='ocrx_word' id='word_1_99' title='bbox 1118 309 1179 336; x_wconf 83' lang='grc' dir='ltr'><strong>Ὀτι</strong></span> <span class='ocrx_word' id='word_1_100' title='bbox 1193 308 1254 335; x_wconf 79' lang='grc' dir='ltr'>οὐδὲ</span> <span class='ocrx_word' id='word_1_101' title='bbox 1272 309 1338 344; x_wconf 74' lang='grc' dir='ltr'>πρὸς</span> <span class='ocrx_word' id='word_1_102' title='bbox 1361 308 1409 344; x_wconf 80' lang='grc' dir='ltr'><strong>τὴν</strong></span> <span class='ocrx_word' id='word_1_103' title='bbox 1437 309 1631 344; x_wconf 73' lang='grc' dir='ltr'><strong>βασιλεύουσαν</strong></span> <span class='ocrx_word' id='word_1_104' title='bbox 1650 310 1752 344; x_wconf 79' lang='grc' dir='ltr'>ταύτην</span> 
     </span>
    </p>
   </div>
   <div class='ocr_carea' id='block_1_18' title="bbox 966 354 1754 390">
    <p class='ocr_par' dir='ltr' id='par_1_18' title="bbox 966 354 1754 390">
     <span class='ocr_line' id='line_1_18' title="bbox 966 354 1754 390; baseline -0.003 -8"><span class='ocrx_word' id='word_1_105' title='bbox 966 356 1021 382; x_wconf 86' lang='grc' dir='ltr'><strong>τῶν</strong></span> <span class='ocrx_word' id='word_1_106' title='bbox 1040 355 1186 390; x_wconf 73' lang='grc' dir='ltr'>Ῥωμαίων</span> <span class='ocrx_word' id='word_1_107' title='bbox 1200 354 1278 380; x_wconf 86' lang='grc' dir='ltr'>πόλιν</span> <span class='ocrx_word' id='word_1_108' title='bbox 1289 355 1313 381; x_wconf 87' lang='grc' dir='ltr'><strong>οἱ</strong></span> <span class='ocrx_word' id='word_1_109' title='bbox 1333 354 1401 386; x_wconf 82' lang='grc' dir='ltr'><strong>Ῥὧς</strong></span> <span class='ocrx_word' id='word_1_110' title='bbox 1430 355 1633 390; x_wconf 79' lang='grc' dir='ltr'>παραγίνεσθαι</span> <span class='ocrx_word' id='word_1_111' title='bbox 1656 355 1754 380; x_wconf 82' lang='grc' dir='ltr'>δύναν-</span> 
     </span>
    </p>
   </div>
   <div class='ocr_carea' id='block_1_19' title="bbox 967 397 1782 435">
    <p class='ocr_par' dir='ltr' id='par_1_19' title="bbox 967 397 1782 435">
     <span class='ocr_line' id='line_1_19' title="bbox 967 397 1782 435; baseline -0.004 -8"><span class='ocrx_word' id='word_1_112' title='bbox 967 409 1030 433; x_wconf 73' lang='grc' dir='ltr'>ται,</span> <span class='ocrx_word' id='word_1_113' title='bbox 1047 401 1072 427; x_wconf 86' lang='grc' dir='ltr'><strong>εἰ</strong></span> <span class='ocrx_word' id='word_1_114' title='bbox 1089 400 1127 435; x_wconf 85' lang='grc' dir='ltr'>μὴ</span> <span class='ocrx_word' id='word_1_115' title='bbox 1157 399 1290 435; x_wconf 85' lang='grc' dir='ltr'>μετὰτῶν</span> <span class='ocrx_word' id='word_1_116' title='bbox 1325 399 1529 432; x_wconf 74' lang='grc' dir='ltr'>Πατζινακιτῶν</span> <span class='ocrx_word' id='word_1_117' title='bbox 1548 398 1734 434; x_wconf 78' lang='grc' dir='ltr'><strong>εἰρηνεύοντες</strong></span> <span class='ocrx_word' id='word_1_118' title='bbox 1746 418 1753 429; x_wconf 87' lang='grc'><strong>,</strong></span> <span class='ocrx_word' id='word_1_119' title='bbox 1779 397 1782 399; x_wconf 87' lang='grc'><strong>’</strong></span> 
     </span>
    </p>
   </div>
   <div class='ocr_carea' id='block_1_20' title="bbox 968 444 1754 481">
    <p class='ocr_par' dir='ltr' id='par_1_20' title="bbox 968 444 1754 481">
     <span class='ocr_line' id='line_1_20' title="bbox 968 444 1754 481; baseline -0.001 -9"><span class='ocrx_word' id='word_1_120' title='bbox 968 446 1031 473; x_wconf 74' lang='grc' dir='ltr'>οὔτε</span> <span class='ocrx_word' id='word_1_121' title='bbox 1049 446 1169 481; x_wconf 79' lang='grc' dir='ltr'>πολέμου</span> <span class='ocrx_word' id='word_1_122' title='bbox 1183 446 1274 481; x_wconf 77' lang='grc' dir='ltr'>χάριν,</span> <span class='ocrx_word' id='word_1_123' title='bbox 1289 445 1352 472; x_wconf 79' lang='grc' dir='ltr'>οὔτε</span> <span class='ocrx_word' id='word_1_124' title='bbox 1368 445 1571 481; x_wconf 81' lang='grc' dir='ltr'>πραγματείας.</span> <span class='ocrx_word' id='word_1_125' title='bbox 1595 444 1705 480; x_wconf 68' lang='grc' dir='ltr'>Ἐπειδὴ</span> <span class='ocrx_word' id='word_1_126' title='bbox 1723 445 1754 471; x_wconf 78' lang='grc' dir='ltr'>ἐν</span> 
     </span>
    </p>
   </div>
   <div class='ocr_carea' id='block_1_21' title="bbox 975 491 1755 528">
    <p class='ocr_par' dir='ltr' id='par_1_21' title="bbox 975 491 1755 528">
     <span class='ocr_line' id='line_1_21' title="bbox 975 491 1755 528; baseline -0.003 -9"><span class='ocrx_word' id='word_1_127' title='bbox 975 491 1014 527; x_wconf 85' lang='grc' dir='ltr'>τῷ</span> <span class='ocrx_word' id='word_1_128' title='bbox 1031 493 1100 527; x_wconf 85' lang='grc' dir='ltr'>μετὰ</span> <span class='ocrx_word' id='word_1_129' title='bbox 1119 493 1173 519; x_wconf 88' lang='grc' dir='ltr'><strong>τῶν</strong></span> <span class='ocrx_word' id='word_1_130' title='bbox 1184 492 1284 518; x_wconf 76' lang='grc' dir='ltr'>πλοίων</span> <span class='ocrx_word' id='word_1_131' title='bbox 1298 492 1337 523; x_wconf 75' lang='grc' dir='ltr'><strong>εἰς</strong></span> <span class='ocrx_word' id='word_1_132' title='bbox 1355 493 1418 524; x_wconf 85' lang='grc' dir='ltr'>τοὺς</span> <span class='ocrx_word' id='word_1_133' title='bbox 1435 491 1578 528; x_wconf 77' lang='grc' dir='ltr'><strong>φραγμοὺς</strong></span> <span class='ocrx_word' id='word_1_134' title='bbox 1607 491 1654 518; x_wconf 82' lang='grc' dir='ltr'>τοῦ</span> <span class='ocrx_word' id='word_1_135' title='bbox 1670 499 1755 517; x_wconf 85' lang='grc' dir='ltr'>ποτα-</span> 
     </span>
    </p>
   </div>
   <div class='ocr_carea' id='block_1_22' title="bbox 970 536 1737 574">
    <p class='ocr_par' dir='ltr' id='par_1_22' title="bbox 970 536 1737 574">
     <span class='ocr_line' id='line_1_22' title="bbox 970 536 1737 574; baseline -0.003 -10"><span class='ocrx_word' id='word_1_136' title='bbox 970 538 1021 574; x_wconf 83' lang='grc' dir='ltr'><strong>μού</strong></span> <span class='ocrx_word' id='word_1_137' title='bbox 1037 538 1092 573; x_wconf 81' lang='grc'><strong>(77)</strong></span> <span class='ocrx_word' id='word_1_138' title='bbox 1103 537 1301 571; x_wconf 75' lang='grc' dir='ltr'>γίνεσθαιτοὺς</span> <span class='ocrx_word' id='word_1_139' title='bbox 1323 538 1403 571; x_wconf 85' lang='grc' dir='ltr'>Ῥὦς,</span> <span class='ocrx_word' id='word_1_140' title='bbox 1418 539 1465 564; x_wconf 87' lang='lat' dir='ltr'><strong>xui</strong></span> <span class='ocrx_word' id='word_1_141' title='bbox 1492 537 1529 573; x_wconf 84' lang='grc' dir='ltr'>μὴ</span> <span class='ocrx_word' id='word_1_142' title='bbox 1543 537 1670 564; x_wconf 87' lang='grc' dir='ltr'>δύνασθαι</span> <span class='ocrx_word' id='word_1_143' title='bbox 1681 536 1737 563; x_wconf 82' lang='grc' dir='ltr'>διελ</span> 
     </span>
    </p>
   </div>
   <div class='ocr_carea' id='block_1_23' title="bbox 969 583 1753 619">
    <p class='ocr_par' dir='ltr' id='par_1_23' title="bbox 969 583 1753 619">
     <span class='ocr_line' id='line_1_23' title="bbox 969 583 1753 619; baseline -0.001 -9"><span class='ocrx_word' id='word_1_144' title='bbox 969 583 1036 615; x_wconf 81' lang='grc' dir='ltr'>θεῖν,</span> <span class='ocrx_word' id='word_1_145' title='bbox 1066 583 1091 609; x_wconf 79' lang='grc' dir='ltr'><strong>εἰ</strong></span> <span class='ocrx_word' id='word_1_146' title='bbox 1120 584 1157 619; x_wconf 81' lang='grc' dir='ltr'>μὴ</span> <span class='ocrx_word' id='word_1_147' title='bbox 1183 583 1337 618; x_wconf 80' lang='grc' dir='ltr'>ὲξαγάγωσι</span> <span class='ocrx_word' id='word_1_148' title='bbox 1365 583 1410 610; x_wconf 79' lang='grc' dir='ltr'>τοῦ</span> <span class='ocrx_word' id='word_1_149' title='bbox 1425 583 1547 619; x_wconf 86' lang='grc' dir='ltr'>ποταμοῦ</span> <span class='ocrx_word' id='word_1_150' title='bbox 1559 584 1593 611; x_wconf 77' lang='grc' dir='ltr'>τὰ</span> <span class='ocrx_word' id='word_1_151' title='bbox 1610 584 1689 611; x_wconf 83' lang='grc' dir='ltr'>πλοῖα</span> <span class='ocrx_word' id='word_1_152' title='bbox 1702 583 1753 610; x_wconf 86' lang='grc' dir='ltr'><strong>αὺ-</strong></span> 
     </span>
    </p>
   </div>
   <div class='ocr_carea' id='block_1_24' title="bbox 127 620 1754 666">
    <p class='ocr_par' dir='ltr' id='par_1_24' title="bbox 127 620 1754 666">
     <span class='ocr_line' id='line_1_24' title="bbox 127 620 1754 666; baseline 0 -11"><span class='ocrx_word' id='word_1_153' title='bbox 127 629 194 662; x_wconf 84' lang='grc' dir='ltr'>τῶν,</span> <span class='ocrx_word' id='word_1_154' title='bbox 209 633 258 656; x_wconf 82' lang='lat' dir='ltr'><strong>xu‘t</strong></span> <span class='ocrx_word' id='word_1_155' title='bbox 269 631 317 657; x_wconf 76' lang='grc' dir='ltr'><strong>ἐπὶ</strong></span> <span class='ocrx_word' id='word_1_156' title='bbox 340 631 394 657; x_wconf 86' lang='grc' dir='ltr'><strong>τῶν</strong></span> <span class='ocrx_word' id='word_1_157' title='bbox 426 631 508 666; x_wconf 81' lang='grc' dir='ltr'>ὤμων</span> <span class='ocrx_word' id='word_1_158' title='bbox 536 630 715 666; x_wconf 76' lang='grc' dir='ltr'><strong>βαστάζοντες</strong></span> <span class='ocrx_word' id='word_1_159' title='bbox 731 631 897 666; x_wconf 76' lang='grc' dir='ltr'>διαϐήσωσιν</span> <span class='ocrx_word' id='word_1_160' title='bbox 915 639 922 646; x_wconf 92' lang='grc'>·</span> <span class='ocrx_word' id='word_1_161' title='bbox 942 620 1108 656; x_wconf 67' lang='grc' dir='ltr'>ἐπιτίθενται</span> <span class='ocrx_word' id='word_1_162' title='bbox 1124 630 1184 656; x_wconf 86' lang='grc' dir='ltr'>τότε</span> <span class='ocrx_word' id='word_1_163' title='bbox 1198 630 1288 660; x_wconf 79' lang='grc' dir='ltr'>αὐτοῖς</span> <span class='ocrx_word' id='word_1_164' title='bbox 1303 629 1327 656; x_wconf 83' lang='lat' dir='ltr'><strong>oi</strong></span> <span class='ocrx_word' id='word_1_165' title='bbox 1343 631 1389 656; x_wconf 81' lang='grc' dir='ltr'><strong>τοῦ</strong></span> <span class='ocrx_word' id='word_1_166' title='bbox 1420 629 1540 656; x_wconf 84' lang='grc' dir='ltr'>τοιούτου</span> <span class='ocrx_word' id='word_1_167' title='bbox 1565 629 1659 662; x_wconf 80' lang='grc' dir='ltr'><strong>ἔθνους</strong></span> <span class='ocrx_word' id='word_1_168' title='bbox 1700 631 1754 656; x_wconf 83' lang='grc' dir='ltr'><strong>τῶν</strong></span> 
     </span>
    </p>
   </div>
   <div class='ocr_carea' id='block_1_25' title="bbox 130 675 1682 714">
    <p class='ocr_par' dir='ltr' id='par_1_25' title="bbox 130 675 1682 714">
     <span class='ocr_line' id='line_1_25' title="bbox 130 675 1682 714; baseline -0.001 -10"><span class='ocrx_word' id='word_1_169' title='bbox 130 677 346 710; x_wconf 78' lang='grc' dir='ltr'>Πατζινακιτῶν,</span> <span class='ocrx_word' id='word_1_170' title='bbox 360 679 408 704; x_wconf 80' lang='grc' dir='ltr'><strong>καὶ</strong></span> <span class='ocrx_word' id='word_1_171' title='bbox 419 678 529 712; x_wconf 68' lang='grc' dir='ltr'>ῥᾳδίως,</span> <span class='ocrx_word' id='word_1_172' title='bbox 555 678 602 705; x_wconf 72' lang='grc' dir='ltr'>ἅτε</span> <span class='ocrx_word' id='word_1_173' title='bbox 623 679 689 714; x_wconf 77' lang='grc' dir='ltr'>πρδς</span> <span class='ocrx_word' id='word_1_174' title='bbox 701 678 748 705; x_wconf 88' lang='grc' dir='ltr'><strong>δύο</strong></span> <span class='ocrx_word' id='word_1_175' title='bbox 759 679 857 710; x_wconf 78' lang='grc' dir='ltr'>πόνους</span> <span class='ocrx_word' id='word_1_176' title='bbox 872 677 993 712; x_wconf 74' lang='grc' dir='ltr'><strong>ἀντέχειν</strong></span> <span class='ocrx_word' id='word_1_177' title='bbox 1007 675 1044 712; x_wconf 86' lang='grc' dir='ltr'>μὴ</span> <span class='ocrx_word' id='word_1_178' title='bbox 1056 676 1194 709; x_wconf 85' lang='grc' dir='ltr'>δύνανται,</span> <span class='ocrx_word' id='word_1_179' title='bbox 1207 676 1370 711; x_wconf 84' lang='grc' dir='ltr'>τροποῦνται</span> <span class='ocrx_word' id='word_1_180' title='bbox 1394 676 1440 702; x_wconf 87' lang='lat' dir='ltr'><strong>xui</strong></span> <span class='ocrx_word' id='word_1_181' title='bbox 1454 676 1682 711; x_wconf 74' lang='grc' dir='ltr'>κατασφάξανται.</span> 
     </span>
    </p>
   </div>
   <div class='ocr_carea' id='block_1_26' title="bbox 434 723 614 751">
    <p class='ocr_par' dir='ltr' id='par_1_26' title="bbox 434 723 614 751">
     <span class='ocr_line' id='line_1_26' title="bbox 434 723 614 751; baseline 0 0"><span class='ocrx_word' id='word_1_182' title='bbox 434 723 548 751; x_wconf 77' lang='lat' dir='ltr'>CAPUT</span> <span class='ocrx_word' id='word_1_183' title='bbox 569 724 614 751; x_wconf 92' lang='lat' dir='ltr'><strong>Ill.</strong></span> 
     </span>
    </p>
   </div>
   <div class='ocr_carea' id='block_1_27' title="bbox 326 769 720 798">
    <p class='ocr_par' dir='ltr' id='par_1_27' title="bbox 326 769 720 798">
     <span class='ocr_line' id='line_1_27' title="bbox 326 769 720 798; baseline 0.003 -2"><span class='ocrx_word' id='word_1_184' title='bbox 326 769 365 797; x_wconf 81' lang='lat' dir='ltr'><strong>De</strong></span> <span class='ocrx_word' id='word_1_185' title='bbox 382 770 559 797; x_wconf 69' lang='lat' dir='ltr'><strong>Patainacitis</strong></span> <span class='ocrx_word' id='word_1_186' title='bbox 576 776 600 798; x_wconf 81' lang='lat' dir='ltr'><strong>et</strong></span> <span class='ocrx_word' id='word_1_187' title='bbox 620 771 720 798; x_wconf 77' lang='lat' dir='ltr'><strong>Turcis.</strong></span> 
     </span>
    </p>
   </div>
   <div class='ocr_carea' id='block_1_28' title="bbox 167 815 917 851">
    <p class='ocr_par' dir='ltr' id='par_1_28' title="bbox 167 815 917 851">
     <span class='ocr_line' id='line_1_28' title="bbox 167 815 917 851; baseline 0 -9"><span class='ocrx_word' id='word_1_188' title='bbox 167 815 317 843; x_wconf 79' lang='lat' dir='ltr'><strong>Turcarum</strong></span> <span class='ocrx_word' id='word_1_189' title='bbox 330 824 397 851; x_wconf 73' lang='lat' dir='ltr'><strong>gens</strong></span> <span class='ocrx_word' id='word_1_190' title='bbox 419 821 587 843; x_wconf 83' lang='lat' dir='ltr'><strong>memoratos</strong></span> <span class='ocrx_word' id='word_1_191' title='bbox 606 816 788 844; x_wconf 81' lang='lat' dir='ltr'><strong>Palzinacitas</strong></span> <span class='ocrx_word' id='word_1_192' title='bbox 807 823 917 851; x_wconf 77' lang='lat' dir='ltr'><strong>magno-</strong></span> 
     </span>
    </p>
   </div>
   <div class='ocr_carea' id='block_1_29' title="bbox 130 860 917 896">
    <p class='ocr_par' dir='ltr' id='par_1_29' title="bbox 130 860 917 896">
     <span class='ocr_line' id='line_1_29' title="bbox 130 860 917 896; baseline 0.001 -9"><span class='ocrx_word' id='word_1_193' title='bbox 130 868 196 895; x_wconf 87' lang='lat' dir='ltr'><strong>pere</strong></span> <span class='ocrx_word' id='word_1_194' title='bbox 222 860 390 893; x_wconf 80' lang='lat' dir='ltr'><strong>reformidat,</strong></span> <span class='ocrx_word' id='word_1_195' title='bbox 414 861 477 896; x_wconf 86' lang='lat' dir='ltr'><strong>quia</strong></span> <span class='ocrx_word' id='word_1_196' title='bbox 497 860 654 896; x_wconf 86' lang='lat' dir='ltr'><strong>frequenter</strong></span> <span class='ocrx_word' id='word_1_197' title='bbox 674 862 701 888; x_wconf 93' lang='lat' dir='ltr'><strong>in</strong></span> <span class='ocrx_word' id='word_1_198' title='bbox 717 861 818 896; x_wconf 68' lang='lat' dir='ltr'><strong>prieliis</strong></span> <span class='ocrx_word' id='word_1_199' title='bbox 833 861 917 888; x_wconf 77' lang='lat' dir='ltr'><strong>abiis</strong></span> 
     </span>
    </p>
   </div>
   <div class='ocr_carea' id='block_1_30' title="bbox 1248 721 1443 756">
    <p class='ocr_par' dir='ltr' id='par_1_30' title="bbox 1248 721 1443 756">
     <span class='ocr_line' id='line_1_30' title="bbox 1248 721 1443 756; baseline 0.005 -8"><span class='ocrx_word' id='word_1_200' title='bbox 1248 721 1383 756; x_wconf 74' lang='grc' dir='ltr'><strong>ικεψΑΑ.</strong></span> <span class='ocrx_word' id='word_1_201' title='bbox 1404 721 1443 749; x_wconf 84' lang='lat' dir='ltr'><strong>r&#39;.</strong></span> 
     </span>
    </p>
   </div>
   <div class='ocr_carea' id='block_1_31' title="bbox 1053 766 1670 802">
    <p class='ocr_par' dir='ltr' id='par_1_31' title="bbox 1053 766 1670 802">
     <span class='ocr_line' id='line_1_31' title="bbox 1053 766 1670 802; baseline -0.002 -8"><span class='ocrx_word' id='word_1_202' title='bbox 1053 768 1122 802; x_wconf 83' lang='grc' dir='ltr'>Περί</span> <span class='ocrx_word' id='word_1_203' title='bbox 1138 766 1198 794; x_wconf 79' lang='grc' dir='ltr'>τῶν</span> <span class='ocrx_word' id='word_1_204' title='bbox 1217 767 1434 797; x_wconf 54' lang='lat' dir='ltr'><strong>Harax-amtor</strong></span> <span class='ocrx_word' id='word_1_205' title='bbox 1451 767 1500 793; x_wconf 77' lang='grc' dir='ltr'>καὶ</span> <span class='ocrx_word' id='word_1_206' title='bbox 1527 768 1670 801; x_wconf 83' lang='grc' dir='ltr'>Τούρχων.</span> 
     </span>
    </p>
   </div>
   <div class='ocr_carea' id='block_1_32' title="bbox 1007 814 1755 849">
    <p class='ocr_par' dir='ltr' id='par_1_32' title="bbox 1007 814 1755 849">
     <span class='ocr_line' id='line_1_32' title="bbox 1007 814 1755 849; baseline 0 -9"><span class='ocrx_word' id='word_1_207' title='bbox 1007 814 1069 841; x_wconf 87' lang='grc' dir='ltr'><strong>Ὅτι</strong></span> <span class='ocrx_word' id='word_1_208' title='bbox 1083 816 1130 841; x_wconf 82' lang='grc' dir='ltr'>καὶ</span> <span class='ocrx_word' id='word_1_209' title='bbox 1145 815 1176 840; x_wconf 78' lang='grc' dir='ltr'>τὸ</span> <span class='ocrx_word' id='word_1_210' title='bbox 1192 814 1245 840; x_wconf 85' lang='grc' dir='ltr'><strong>τῶν</strong></span> <span class='ocrx_word' id='word_1_211' title='bbox 1258 814 1388 848; x_wconf 84' lang='grc' dir='ltr'>Τούρκων</span> <span class='ocrx_word' id='word_1_212' title='bbox 1399 814 1476 848; x_wconf 80' lang='grc' dir='ltr'>γένος</span> <span class='ocrx_word' id='word_1_213' title='bbox 1496 814 1619 849; x_wconf 80' lang='grc' dir='ltr'><strong>μεγάλως</strong></span> <span class='ocrx_word' id='word_1_214' title='bbox 1633 815 1755 841; x_wconf 66' lang='grc' dir='ltr'>τηρεῖται</span> 
     </span>
    </p>
   </div>
   <div class='ocr_carea' id='block_1_33' title="bbox 969 854 1755 894">
    <p class='ocr_par' dir='ltr' id='par_1_33' title="bbox 969 854 1755 894">
     <span class='ocr_line' id='line_1_33' title="bbox 969 854 1755 894; baseline 0 -9"><span class='ocrx_word' id='word_1_215' title='bbox 969 860 1016 886; x_wconf 81' lang='grc' dir='ltr'>καὶ</span> <span class='ocrx_word' id='word_1_216' title='bbox 1028 859 1097 886; x_wconf 80' lang='grc' dir='ltr'>δέδιε</span> <span class='ocrx_word' id='word_1_217' title='bbox 1108 859 1171 891; x_wconf 75' lang='grc' dir='ltr'>τοὺς</span> <span class='ocrx_word' id='word_1_218' title='bbox 1184 859 1347 894; x_wconf 73' lang='grc' dir='ltr'>εἰρημένους</span> <span class='ocrx_word' id='word_1_219' title='bbox 1363 854 1573 891; x_wconf 70' lang='grc' dir='ltr'>Πατζινακιτας,</span> <span class='ocrx_word' id='word_1_220' title='bbox 1589 859 1633 885; x_wconf 73' lang='grc' dir='ltr'>διὰ</span> <span class='ocrx_word' id='word_1_221' title='bbox 1642 859 1673 885; x_wconf 78' lang='grc' dir='ltr'><strong>τὸ</strong></span> <span class='ocrx_word' id='word_1_222' title='bbox 1688 860 1755 886; x_wconf 82' lang='grc' dir='ltr'>πολ-</span> 
     </span>
    </p>
   </div>
   <div class='ocr_carea' id='block_1_34' title="bbox 129 905 916 941">
    <p class='ocr_par' dir='ltr' id='par_1_34' title="bbox 129 905 916 941">
     <span class='ocr_line' id='line_1_34' title="bbox 129 905 916 941; baseline 0.003 -9"><span class='ocrx_word' id='word_1_223' title='bbox 129 905 230 932; x_wconf 71' lang='lat' dir='ltr'><strong>devicti</strong></span> <span class='ocrx_word' id='word_1_224' title='bbox 243 912 270 932; x_wconf 83' lang='lat' dir='ltr'><strong>et</strong></span> <span class='ocrx_word' id='word_1_225' title='bbox 280 906 313 932; x_wconf 85' lang='lat' dir='ltr'><strong>ad</strong></span> <span class='ocrx_word' id='word_1_226' title='bbox 328 906 544 934; x_wconf 71' lang='lat' dir='ltr'><strong>internecionem</strong></span> <span class='ocrx_word' id='word_1_227' title='bbox 562 906 618 934; x_wconf 88' lang='lat' dir='ltr'><strong>fere</strong></span> <span class='ocrx_word' id='word_1_228' title='bbox 631 907 695 934; x_wconf 69' lang='lat' dir='ltr'><strong>caesi</strong></span> <span class='ocrx_word' id='word_1_229' title='bbox 709 911 784 934; x_wconf 81' lang='lat' dir='ltr'><strong>sunt.</strong></span> <span class='ocrx_word' id='word_1_230' title='bbox 798 907 916 941; x_wconf 81' lang='lat' dir='ltr'><strong>Ideoque</strong></span> 
     </span>
    </p>
   </div>
   <div class='ocr_carea' id='block_1_35' title="bbox 977 905 1755 941">
    <p class='ocr_par' dir='ltr' id='par_1_35' title="bbox 977 905 1755 941">
     <span class='ocr_line' id='line_1_35' title="bbox 977 905 1755 941; baseline -0.001 -8"><span class='ocrx_word' id='word_1_231' title='bbox 977 906 1049 937; x_wconf 70' lang='grc' dir='ltr'>’.ἀκις</span> <span class='ocrx_word' id='word_1_232' title='bbox 1075 905 1229 941; x_wconf 75' lang='grc' dir='ltr'><strong>ἡττηθῆναι</strong></span> <span class='ocrx_word' id='word_1_233' title='bbox 1252 905 1319 941; x_wconf 81' lang='grc' dir='ltr'>παρ’</span> <span class='ocrx_word' id='word_1_234' title='bbox 1344 905 1445 937; x_wconf 82' lang='grc' dir='ltr'>αὐτῶν,</span> <span class='ocrx_word' id='word_1_235' title='bbox 1472 905 1520 931; x_wconf 87' lang='lat' dir='ltr'><strong>xui</strong></span> <span class='ocrx_word' id='word_1_236' title='bbox 1544 905 1755 940; x_wconf 80' lang='grc' dir='ltr'>τελείωςσχεδὸν</span> 
     </span>
    </p>
   </div>
   <div class='ocr_carea' id='block_1_36' title="bbox 129 940 916 986">
    <p class='ocr_par' dir='ltr' id='par_1_36' title="bbox 129 940 916 986">
     <span class='ocr_line' id='line_1_36' title="bbox 129 940 916 986; baseline 0.004 -11"><span class='ocrx_word' id='word_1_237' title='bbox 129 948 227 977; x_wconf 82' lang='lat' dir='ltr'><strong>Turcis</strong></span> <span class='ocrx_word' id='word_1_238' title='bbox 248 949 425 978; x_wconf 72' lang='lat' dir='ltr'><strong>Patziuacita:</strong></span> <span class='ocrx_word' id='word_1_239' title='bbox 442 958 562 986; x_wconf 46' lang='lat' dir='ltr'><strong>.semper</strong></span> <span class='ocrx_word' id='word_1_240' title='bbox 587 950 759 979; x_wconf 79' lang='lat' dir='ltr'><strong>formidolosi</strong></span> <span class='ocrx_word' id='word_1_241' title='bbox 788 940 916 982; x_wconf 25' lang='lat' dir='ltr'><strong>suntuab</strong></span> 
     </span>
    </p>
   </div>
   <div class='ocr_carea' id='block_1_37' title="bbox 977 940 1756 986">
    <p class='ocr_par' dir='ltr' id='par_1_37' title="bbox 977 940 1756 986">
     <span class='ocr_line' id='line_1_37' title="bbox 977 940 1756 986; baseline 0.001 -10"><span class='ocrx_word' id='word_1_242' title='bbox 977 950 1159 985; x_wconf 70' lang='grc' dir='ltr'>παραδοθῆναι</span> <span class='ocrx_word' id='word_1_243' title='bbox 1174 940 1332 986; x_wconf 65' lang='grc' dir='ltr'>ἀφανισμῷ.</span> <span class='ocrx_word' id='word_1_244' title='bbox 1348 951 1404 977; x_wconf 78' lang='grc' dir='ltr'><strong>Καὶ</strong></span> <span class='ocrx_word' id='word_1_245' title='bbox 1418 950 1462 977; x_wconf 82' lang='grc' dir='ltr'><strong>διὰ</strong></span> <span class='ocrx_word' id='word_1_246' title='bbox 1486 950 1564 977; x_wconf 80' lang='grc' dir='ltr'>τοῦτο</span> <span class='ocrx_word' id='word_1_247' title='bbox 1582 951 1626 977; x_wconf 84' lang='grc' dir='ltr'><strong>ἀεὶ</strong></span> <span class='ocrx_word' id='word_1_248' title='bbox 1645 951 1756 986; x_wconf 72' lang='grc' dir='ltr'>φοῦεροί</span> 
     </span>
    </p>
   </div>
   <div class='ocr_carea' id='block_1_38' title="bbox 128 995 403 1032">
    <p class='ocr_par' dir='ltr' id='par_1_38' title="bbox 128 995 403 1032">
     <span class='ocr_line' id='line_1_38' title="bbox 128 995 403 1032; baseline 0.007 -10"><span class='ocrx_word' id='word_1_249' title='bbox 128 995 218 1032; x_wconf 76' lang='lat' dir='ltr'><strong>iisque</strong></span> <span class='ocrx_word' id='word_1_250' title='bbox 231 1000 403 1025; x_wconf 74' lang='lat' dir='ltr'><strong>coercentur.</strong></span> 
     </span>
    </p>
   </div>
   <div class='ocr_carea' id='block_1_39' title="bbox 431 1097 616 1126">
    <p class='ocr_par' dir='ltr' id='par_1_39' title="bbox 431 1097 616 1126">
     <span class='ocr_line' id='line_1_39' title="bbox 431 1097 616 1126; baseline -0.011 0"><span class='ocrx_word' id='word_1_251' title='bbox 431 1097 546 1126; x_wconf 84' lang='lat' dir='ltr'><strong>CAPUT</strong></span> <span class='ocrx_word' id='word_1_252' title='bbox 570 1097 616 1125; x_wconf 83' lang='lat' dir='ltr'><strong>IV.</strong></span> 
     </span>
    </p>
   </div>
   <div class='ocr_carea' id='block_1_40' title="bbox 253 1141 804 1175">
    <p class='ocr_par' dir='ltr' id='par_1_40' title="bbox 253 1141 804 1175">
     <span class='ocr_line' id='line_1_40' title="bbox 253 1141 804 1175; baseline 0 -7"><span class='ocrx_word' id='word_1_253' title='bbox 253 1142 292 1168; x_wconf 78' lang='lat' dir='ltr'><strong>De</strong></span> <span class='ocrx_word' id='word_1_254' title='bbox 319 1141 509 1175; x_wconf 73' lang='lat' dir='ltr'><strong>Patzinacitis,</strong></span> <span class='ocrx_word' id='word_1_255' title='bbox 535 1142 629 1169; x_wconf 61' lang='lat' dir='ltr'><strong>Rusti:</strong></span> <span class='ocrx_word' id='word_1_256' title='bbox 649 1147 673 1169; x_wconf 83' lang='lat' dir='ltr'><strong>et</strong></span> <span class='ocrx_word' id='word_1_257' title='bbox 699 1141 804 1169; x_wconf 72' lang='lat' dir='ltr'><strong>Turcis.</strong></span> 
     </span>
    </p>
   </div>
   <div class='ocr_carea' id='block_1_41' title="bbox 168 1187 924 1222">
    <p class='ocr_par' dir='ltr' id='par_1_41' title="bbox 168 1187 924 1222">
     <span class='ocr_line' id='line_1_41' title="bbox 168 1187 924 1222; baseline 0 -8"><span class='ocrx_word' id='word_1_258' title='bbox 168 1187 196 1214; x_wconf 75' lang='lat' dir='ltr'><strong>Si</strong></span> <span class='ocrx_word' id='word_1_259' title='bbox 207 1195 299 1222; x_wconf 85' lang='lat' dir='ltr'><strong>pacem</strong></span> <span class='ocrx_word' id='word_1_260' title='bbox 309 1195 370 1215; x_wconf 90' lang='lat' dir='ltr'><strong>cum</strong></span> <span class='ocrx_word' id='word_1_261' title='bbox 378 1188 557 1216; x_wconf 79' lang='lat' dir='ltr'><strong>Patzinacitis</strong></span> <span class='ocrx_word' id='word_1_262' title='bbox 573 1187 863 1216; x_wconf 78' lang='lat' dir='ltr'><strong>habeatRomanorum</strong></span> <span class='ocrx_word' id='word_1_263' title='bbox 872 1187 924 1214; x_wconf 88' lang='lat' dir='ltr'><strong>im-</strong></span> 
     </span>
    </p>
   </div>
   <div class='ocr_carea' id='block_1_42' title="bbox 131 1234 923 1270">
    <p class='ocr_par' dir='ltr' id='par_1_42' title="bbox 131 1234 923 1270">
     <span class='ocr_line' id='line_1_42' title="bbox 131 1234 923 1270; baseline 0.004 -11"><span class='ocrx_word' id='word_1_264' title='bbox 131 1238 252 1268; x_wconf 82' lang='lat' dir='ltr'><strong>perator,</strong></span> <span class='ocrx_word' id='word_1_265' title='bbox 266 1234 408 1270; x_wconf 83' lang='lat' dir='ltr'><strong>imperium</strong></span> <span class='ocrx_word' id='word_1_266' title='bbox 427 1234 612 1262; x_wconf 75' lang='lat' dir='ltr'><strong>Romanorum</strong></span> <span class='ocrx_word' id='word_1_267' title='bbox 624 1242 714 1270; x_wconf 85' lang='lat' dir='ltr'><strong>neque</strong></span> <span class='ocrx_word' id='word_1_268' title='bbox 726 1234 818 1267; x_wconf 77' lang='lat' dir='ltr'><strong>Russi,</strong></span> <span class='ocrx_word' id='word_1_269' title='bbox 834 1241 923 1269; x_wconf 87' lang='lat' dir='ltr'><strong>neque</strong></span> 
     </span>
    </p>
   </div>
   <div class='ocr_carea' id='block_1_43' title="bbox 132 1278 924 1315">
    <p class='ocr_par' dir='ltr' id='par_1_43' title="bbox 132 1278 924 1315">
     <span class='ocr_line' id='line_1_43' title="bbox 132 1278 924 1315; baseline 0.001 -10"><span class='ocrx_word' id='word_1_270' title='bbox 132 1278 227 1306; x_wconf 71' lang='lat' dir='ltr'><strong>Tui-ca:</strong></span> <span class='ocrx_word' id='word_1_271' title='bbox 234 1278 362 1307; x_wconf 87' lang='lat' dir='ltr'><strong>infestare</strong></span> <span class='ocrx_word' id='word_1_272' title='bbox 370 1283 485 1314; x_wconf 86' lang='lat' dir='ltr'><strong>possunt</strong></span> <span class='ocrx_word' id='word_1_273' title='bbox 493 1289 500 1307; x_wconf 87' lang='lat'><strong>:</strong></span> <span class='ocrx_word' id='word_1_274' title='bbox 509 1287 596 1315; x_wconf 91' lang='lat' dir='ltr'><strong>neque</strong></span> <span class='ocrx_word' id='word_1_275' title='bbox 605 1280 669 1307; x_wconf 82' lang='lat' dir='ltr'><strong>item</strong></span> <span class='ocrx_word' id='word_1_276' title='bbox 678 1284 793 1315; x_wconf 87' lang='lat' dir='ltr'><strong>possunt</strong></span> <span class='ocrx_word' id='word_1_277' title='bbox 800 1286 816 1306; x_wconf 90' lang='lat' dir='ltr'><strong>a</strong></span> <span class='ocrx_word' id='word_1_278' title='bbox 824 1279 924 1306; x_wconf 82' lang='lat' dir='ltr'><strong>Roma-</strong></span> 
     </span>
    </p>
   </div>
   <div class='ocr_carea' id='block_1_44' title="bbox 131 1325 924 1361">
    <p class='ocr_par' dir='ltr' id='par_1_44' title="bbox 131 1325 924 1361">
     <span class='ocr_line' id='line_1_44' title="bbox 131 1325 924 1361; baseline 0.003 -11"><span class='ocrx_word' id='word_1_279' title='bbox 131 1325 172 1351; x_wconf 92' lang='lat' dir='ltr'><strong>nis</strong></span> <span class='ocrx_word' id='word_1_280' title='bbox 185 1332 234 1359; x_wconf 91' lang='lat' dir='ltr'><strong>pro</strong></span> <span class='ocrx_word' id='word_1_281' title='bbox 243 1325 398 1353; x_wconf 88' lang='lat' dir='ltr'><strong>redimenda</strong></span> <span class='ocrx_word' id='word_1_282' title='bbox 407 1333 473 1360; x_wconf 83' lang='lat' dir='ltr'><strong>pace</strong></span> <span class='ocrx_word' id='word_1_283' title='bbox 482 1333 606 1361; x_wconf 78' lang='lat' dir='ltr'><strong>magnam</strong></span> <span class='ocrx_word' id='word_1_284' title='bbox 617 1326 795 1361; x_wconf 90' lang='lat' dir='ltr'><strong>pecuniarum</strong></span> <span class='ocrx_word' id='word_1_285' title='bbox 803 1325 856 1353; x_wconf 92' lang='lat' dir='ltr'><strong>vim</strong></span> <span class='ocrx_word' id='word_1_286' title='bbox 865 1325 924 1353; x_wconf 80' lang='lat' dir='ltr'><strong>exi-</strong></span> 
     </span>
    </p>
   </div>
   <div class='ocr_carea' id='block_1_45' title="bbox 130 1371 924 1407">
    <p class='ocr_par' dir='ltr' id='par_1_45' title="bbox 130 1371 924 1407">
     <span class='ocr_line' id='line_1_45' title="bbox 130 1371 924 1407; baseline 0.001 -11"><span class='ocrx_word' id='word_1_287' title='bbox 130 1377 203 1404; x_wconf 76' lang='lat' dir='ltr'><strong>gere,</strong></span> <span class='ocrx_word' id='word_1_288' title='bbox 211 1371 398 1406; x_wconf 77' lang='lat' dir='ltr'><strong>imperatorem</strong></span> <span class='ocrx_word' id='word_1_289' title='bbox 407 1372 615 1407; x_wconf 83' lang='lat' dir='ltr'><strong>hujuscegentis</strong></span> <span class='ocrx_word' id='word_1_290' title='bbox 624 1372 756 1399; x_wconf 86' lang='lat' dir='ltr'><strong>subsidiis</strong></span> <span class='ocrx_word' id='word_1_291' title='bbox 764 1379 794 1398; x_wconf 82' lang='lat' dir='ltr'><strong>uc</strong></span> <span class='ocrx_word' id='word_1_292' title='bbox 803 1371 924 1406; x_wconf 83' lang='lat' dir='ltr'><strong>potentia</strong></span> 
     </span>
    </p>
   </div>
   <div class='ocr_carea' id='block_1_46' title="bbox 130 1416 925 1452">
    <p class='ocr_par' dir='ltr' id='par_1_46' title="bbox 130 1416 925 1452">
     <span class='ocr_line' id='line_1_46' title="bbox 130 1416 925 1452; baseline 0.001 -10"><span class='ocrx_word' id='word_1_293' title='bbox 130 1417 221 1443; x_wconf 80' lang='lat' dir='ltr'><strong>nixum</strong></span> <span class='ocrx_word' id='word_1_294' title='bbox 229 1416 467 1452; x_wconf 79' lang='lat' dir='ltr'><strong>pertimescentes.</strong></span> <span class='ocrx_word' id='word_1_295' title='bbox 477 1418 542 1445; x_wconf 93' lang='lat' dir='ltr'><strong>Dum</strong></span> <span class='ocrx_word' id='word_1_296' title='bbox 553 1418 626 1445; x_wconf 89' lang='lat' dir='ltr'><strong>enim</strong></span> <span class='ocrx_word' id='word_1_297' title='bbox 634 1418 671 1445; x_wconf 93' lang='lat' dir='ltr'><strong>illi</strong></span> <span class='ocrx_word' id='word_1_298' title='bbox 681 1418 708 1444; x_wconf 93' lang='lat' dir='ltr'><strong>in</strong></span> <span class='ocrx_word' id='word_1_299' title='bbox 715 1417 817 1446; x_wconf 83' lang='lat' dir='ltr'><strong>bellum</strong></span> <span class='ocrx_word' id='word_1_300' title='bbox 827 1420 925 1444; x_wconf 86' lang='lat' dir='ltr'><strong>contra</strong></span> 
     </span>
    </p>
   </div>
   <div class='ocr_carea' id='block_1_47' title="bbox 131 1460 924 1497">
    <p class='ocr_par' dir='ltr' id='par_1_47' title="bbox 131 1460 924 1497">
     <span class='ocr_line' id='line_1_47' title="bbox 131 1460 924 1497; baseline 0.003 -9"><span class='ocrx_word' id='word_1_301' title='bbox 131 1460 269 1490; x_wconf 78' lang='lat' dir='ltr'><strong>Romanos</strong></span> <span class='ocrx_word' id='word_1_302' title='bbox 289 1464 512 1497; x_wconf 79' lang='lat' dir='ltr'><strong>proﬁciscuntur,</strong></span> <span class='ocrx_word' id='word_1_303' title='bbox 534 1463 722 1494; x_wconf 71' lang='lat' dir='ltr'><strong>Patzinacitaz.</strong></span> <span class='ocrx_word' id='word_1_304' title='bbox 735 1464 792 1491; x_wconf 83' lang='lat' dir='ltr'><strong>sive</strong></span> <span class='ocrx_word' id='word_1_305' title='bbox 807 1463 924 1490; x_wconf 87' lang='lat' dir='ltr'><strong>amicitia</strong></span> 
     </span>
    </p>
   </div>
   <div class='ocr_carea' id='block_1_48' title="bbox 128 1509 924 1545">
    <p class='ocr_par' dir='ltr' id='par_1_48' title="bbox 128 1509 924 1545">
     <span class='ocr_line' id='line_1_48' title="bbox 128 1509 924 1545; baseline 0.005 -11"><span class='ocrx_word' id='word_1_306' title='bbox 128 1515 191 1535; x_wconf 87' lang='lat' dir='ltr'><strong>cum</strong></span> <span class='ocrx_word' id='word_1_307' title='bbox 220 1509 385 1544; x_wconf 85' lang='lat' dir='ltr'><strong>imperatore</strong></span> <span class='ocrx_word' id='word_1_308' title='bbox 406 1510 539 1543; x_wconf 74' lang='lat' dir='ltr'><strong>devincti,</strong></span> <span class='ocrx_word' id='word_1_309' title='bbox 562 1511 620 1538; x_wconf 82' lang='lat' dir='ltr'><strong>sive</strong></span> <span class='ocrx_word' id='word_1_310' title='bbox 635 1511 734 1538; x_wconf 79' lang='lat' dir='ltr'><strong>litteris</strong></span> <span class='ocrx_word' id='word_1_311' title='bbox 756 1510 816 1545; x_wconf 85' lang='lat' dir='ltr'><strong>ejus</strong></span> <span class='ocrx_word' id='word_1_312' title='bbox 843 1516 924 1544; x_wconf 86' lang='lat' dir='ltr'><strong>atque</strong></span> 
     </span>
    </p>
   </div>
   <div class='ocr_carea' id='block_1_49' title="bbox 135 1555 924 1590">
    <p class='ocr_par' dir='ltr' id='par_1_49' title="bbox 135 1555 924 1590">
     <span class='ocr_line' id='line_1_49' title="bbox 135 1555 924 1590; baseline 0.003 -10"><span class='ocrx_word' id='word_1_313' title='bbox 135 1555 296 1582; x_wconf 83' lang='lat' dir='ltr'><strong>muneribus</strong></span> <span class='ocrx_word' id='word_1_314' title='bbox 312 1556 430 1590; x_wconf 83' lang='lat' dir='ltr'><strong>pellecti,</strong></span> <span class='ocrx_word' id='word_1_315' title='bbox 449 1556 528 1583; x_wconf 86' lang='lat' dir='ltr'><strong>facile</strong></span> <span class='ocrx_word' id='word_1_316' title='bbox 548 1555 699 1583; x_wconf 88' lang='lat' dir='ltr'><strong>Turcarum</strong></span> <span class='ocrx_word' id='word_1_317' title='bbox 718 1556 924 1590; x_wconf 74' lang='lat' dir='ltr'><strong>liussorumque</strong></span> 
     </span>
    </p>
   </div>
   <div class='ocr_carea' id='block_1_50' title="bbox 971 996 1755 1031">
    <p class='ocr_par' dir='ltr' id='par_1_50' title="bbox 971 996 1755 1031">
     <span class='ocr_line' id='line_1_50' title="bbox 971 996 1755 1031; baseline 0 -8"><span class='ocrx_word' id='word_1_318' title='bbox 971 997 1027 1027; x_wconf 90' lang='grc' dir='ltr'>τοῖς</span> <span class='ocrx_word' id='word_1_319' title='bbox 1041 996 1173 1031; x_wconf 87' lang='grc' dir='ltr'>Τούρκοις</span> <span class='ocrx_word' id='word_1_320' title='bbox 1185 997 1210 1023; x_wconf 86' lang='lat' dir='ltr'><strong>0i</strong></span> <span class='ocrx_word' id='word_1_321' title='bbox 1237 996 1431 1029; x_wconf 74' lang='grc' dir='ltr'>Πατζινακτται</span> <span class='ocrx_word' id='word_1_322' title='bbox 1450 996 1616 1030; x_wconf 76' lang='grc' dir='ltr'>νομίζονται,</span> <span class='ocrx_word' id='word_1_323' title='bbox 1644 998 1691 1023; x_wconf 84' lang='lat' dir='ltr'><strong>xui</strong></span> <span class='ocrx_word' id='word_1_324' title='bbox 1711 1005 1755 1023; x_wconf 81' lang='grc' dir='ltr'>συο</span> 
     </span>
    </p>
   </div>
   <div class='ocr_carea' id='block_1_51' title="bbox 973 1042 1299 1070">
    <p class='ocr_par' dir='ltr' id='par_1_51' title="bbox 973 1042 1299 1070">
     <span class='ocr_line' id='line_1_51' title="bbox 973 1042 1299 1070; baseline 0.006 -2"><span class='ocrx_word' id='word_1_325' title='bbox 973 1042 1127 1070; x_wconf 76' lang='grc' dir='ltr'><strong>στέλλονται</strong></span> <span class='ocrx_word' id='word_1_326' title='bbox 1139 1043 1184 1070; x_wconf 80' lang='grc' dir='ltr'><strong>ὑπ’</strong></span> <span class='ocrx_word' id='word_1_327' title='bbox 1200 1042 1299 1070; x_wconf 84' lang='grc' dir='ltr'>αὐτῶν.</span> 
     </span>
    </p>
   </div>
   <div class='ocr_carea' id='block_1_52' title="bbox 1276 1099 1456 1126">
    <p class='ocr_par' dir='ltr' id='par_1_52' title="bbox 1276 1099 1456 1126">
     <span class='ocr_line' id='line_1_52' title="bbox 1276 1099 1456 1126; baseline 0.006 -1"><span class='ocrx_word' id='word_1_328' title='bbox 1276 1099 1401 1126; x_wconf 78' lang='grc' dir='ltr'><strong>ΚΕΦΑΛ.</strong></span> <span class='ocrx_word' id='word_1_329' title='bbox 1419 1100 1456 1126; x_wconf 91' lang='grc' dir='ltr'><strong>Δ’.</strong></span> 
     </span>
    </p>
   </div>
   <div class='ocr_carea' id='block_1_53' title="bbox 973 1143 1755 1179">
    <p class='ocr_par' dir='ltr' id='par_1_53' title="bbox 973 1143 1755 1179">
     <span class='ocr_line' id='line_1_53' title="bbox 973 1143 1755 1179; baseline 0.001 -9"><span class='ocrx_word' id='word_1_330' title='bbox 973 1143 1042 1178; x_wconf 78' lang='grc' dir='ltr'>Περὶ</span> <span class='ocrx_word' id='word_1_331' title='bbox 1059 1144 1117 1170; x_wconf 79' lang='grc' dir='ltr'>τῶν</span> <span class='ocrx_word' id='word_1_332' title='bbox 1131 1143 1358 1177; x_wconf 69' lang='grc' dir='ltr'>Πιιτζὶνακιτῶν,</span> <span class='ocrx_word' id='word_1_333' title='bbox 1380 1145 1429 1171; x_wconf 81' lang='grc' dir='ltr'>καὶ</span> <span class='ocrx_word' id='word_1_334' title='bbox 1447 1145 1526 1178; x_wconf 84' lang='grc' dir='ltr'>Ῥῶς,</span> <span class='ocrx_word' id='word_1_335' title='bbox 1542 1144 1592 1172; x_wconf 71' lang='grc' dir='ltr'>καὶ</span> <span class='ocrx_word' id='word_1_336' title='bbox 1609 1146 1755 1179; x_wconf 81' lang='grc' dir='ltr'>Τούρκων.</span> 
     </span>
    </p>
   </div>
   <div class='ocr_carea' id='block_1_54' title="bbox 1011 1190 1753 1226">
    <p class='ocr_par' dir='ltr' id='par_1_54' title="bbox 1011 1190 1753 1226">
     <span class='ocr_line' id='line_1_54' title="bbox 1011 1190 1753 1226; baseline 0.001 -10"><span class='ocrx_word' id='word_1_337' title='bbox 1011 1190 1076 1216; x_wconf 80' lang='grc' dir='ltr'><strong>Ὀτι</strong></span> <span class='ocrx_word' id='word_1_338' title='bbox 1090 1190 1137 1216; x_wconf 86' lang='grc' dir='ltr'>τοῦ</span> <span class='ocrx_word' id='word_1_339' title='bbox 1152 1190 1285 1225; x_wconf 82' lang='grc' dir='ltr'>βασιλέως</span> <span class='ocrx_word' id='word_1_340' title='bbox 1303 1190 1460 1226; x_wconf 44' lang='grc' dir='ltr'>Ῥωμαίωνξ</span> <span class='ocrx_word' id='word_1_341' title='bbox 1471 1192 1540 1226; x_wconf 81' lang='grc' dir='ltr'>μετὰ</span> <span class='ocrx_word' id='word_1_342' title='bbox 1552 1191 1607 1218; x_wconf 84' lang='grc' dir='ltr'><strong>τῶν</strong></span> <span class='ocrx_word' id='word_1_343' title='bbox 1624 1192 1753 1223; x_wconf 82' lang='grc' dir='ltr'>Πατζινα-</span> 
     </span>
    </p>
   </div>
   <div class='ocr_carea' id='block_1_55' title="bbox 974 1236 1756 1272">
    <p class='ocr_par' dir='ltr' id='par_1_55' title="bbox 974 1236 1756 1272">
     <span class='ocr_line' id='line_1_55' title="bbox 974 1236 1756 1272; baseline 0.001 -10"><span class='ocrx_word' id='word_1_344' title='bbox 974 1236 1059 1263; x_wconf 84' lang='grc' dir='ltr'>κιτῶν</span> <span class='ocrx_word' id='word_1_345' title='bbox 1073 1237 1271 1272; x_wconf 85' lang='grc' dir='ltr'>εἰρηνεύοντος,</span> <span class='ocrx_word' id='word_1_346' title='bbox 1288 1237 1351 1264; x_wconf 79' lang='grc' dir='ltr'>οὒτε</span> <span class='ocrx_word' id='word_1_347' title='bbox 1371 1236 1438 1268; x_wconf 83' lang='grc' dir='ltr'>Ῥῶς</span> <span class='ocrx_word' id='word_1_348' title='bbox 1463 1237 1584 1272; x_wconf 79' lang='grc' dir='ltr'>πολέμου</span> <span class='ocrx_word' id='word_1_349' title='bbox 1598 1237 1673 1272; x_wconf 80' lang='grc' dir='ltr'>νόμῳ</span> <span class='ocrx_word' id='word_1_350' title='bbox 1689 1236 1756 1264; x_wconf 78' lang='grc' dir='ltr'>κατό</span> 
     </span>
    </p>
   </div>
   <div class='ocr_carea' id='block_1_56' title="bbox 974 1281 1753 1317">
    <p class='ocr_par' dir='ltr' id='par_1_56' title="bbox 974 1281 1753 1317">
     <span class='ocr_line' id='line_1_56' title="bbox 974 1281 1753 1317; baseline -0.001 -9"><span class='ocrx_word' id='word_1_351' title='bbox 974 1281 1024 1316; x_wconf 77' lang='grc' dir='ltr'>τῆς</span> <span class='ocrx_word' id='word_1_352' title='bbox 1046 1281 1191 1317; x_wconf 82' lang='grc' dir='ltr'>Ῥωμαίων</span> <span class='ocrx_word' id='word_1_353' title='bbox 1210 1282 1402 1317; x_wconf 72' lang='grc' dir='ltr'>ἐπικρατείας,</span> <span class='ocrx_word' id='word_1_354' title='bbox 1414 1282 1476 1308; x_wconf 82' lang='grc' dir='ltr'>οὒτε</span> <span class='ocrx_word' id='word_1_355' title='bbox 1492 1283 1516 1308; x_wconf 94' lang='grc' dir='ltr'><strong>οἰ</strong></span> <span class='ocrx_word' id='word_1_356' title='bbox 1532 1281 1650 1316; x_wconf 81' lang='grc' dir='ltr'>Τοῦρκοι</span> <span class='ocrx_word' id='word_1_357' title='bbox 1662 1281 1753 1308; x_wconf 67' lang='grc' dir='ltr'>δύνανς</span> 
     </span>
    </p>
   </div>
   <div class='ocr_carea' id='block_1_57' title="bbox 974 1326 1756 1362">
    <p class='ocr_par' dir='ltr' id='par_1_57' title="bbox 974 1326 1756 1362">
     <span class='ocr_line' id='line_1_57' title="bbox 974 1326 1756 1362; baseline 0 -9"><span class='ocrx_word' id='word_1_358' title='bbox 974 1335 1021 1353; x_wconf 85' lang='grc' dir='ltr'><strong>ται</strong></span> <span class='ocrx_word' id='word_1_359' title='bbox 1054 1327 1195 1353; x_wconf 79' lang='grc' dir='ltr'>ἐπελθεῖν·</span> <span class='ocrx_word' id='word_1_360' title='bbox 1219 1327 1277 1354; x_wconf 79' lang='grc' dir='ltr'>ἀλλ’</span> <span class='ocrx_word' id='word_1_361' title='bbox 1303 1327 1364 1353; x_wconf 77' lang='grc' dir='ltr'>οὕτε</span> <span class='ocrx_word' id='word_1_362' title='bbox 1381 1327 1452 1362; x_wconf 72' lang='grc' dir='ltr'>ὐπὶρ</span> <span class='ocrx_word' id='word_1_363' title='bbox 1465 1328 1513 1362; x_wconf 79' lang='grc' dir='ltr'>τῆς</span> <span class='ocrx_word' id='word_1_364' title='bbox 1529 1327 1641 1362; x_wconf 75' lang='grc' dir='ltr'>εἰρήνης</span> <span class='ocrx_word' id='word_1_365' title='bbox 1653 1326 1756 1361; x_wconf 81' lang='grc' dir='ltr'>μεγάλα</span> 
     </span>
    </p>
   </div>
   <div class='ocr_carea' id='block_1_58' title="bbox 975 1372 1760 1409">
    <p class='ocr_par' dir='ltr' id='par_1_58' title="bbox 975 1372 1760 1409">
     <span class='ocr_line' id='line_1_58' title="bbox 975 1372 1760 1409; baseline -0.003 -9"><span class='ocrx_word' id='word_1_366' title='bbox 975 1373 1022 1400; x_wconf 75' lang='grc' dir='ltr'>καὶ</span> <span class='ocrx_word' id='word_1_367' title='bbox 1035 1373 1176 1407; x_wconf 79' lang='grc' dir='ltr'>ὑπέρογκα</span> <span class='ocrx_word' id='word_1_368' title='bbox 1192 1374 1321 1409; x_wconf 82' lang='grc' dir='ltr'>χρήματά</span> <span class='ocrx_word' id='word_1_369' title='bbox 1335 1382 1365 1400; x_wconf 85' lang='grc' dir='ltr'><strong>τε</strong></span> <span class='ocrx_word' id='word_1_370' title='bbox 1379 1373 1427 1400; x_wconf 81' lang='grc' dir='ltr'>καὶ</span> <span class='ocrx_word' id='word_1_371' title='bbox 1450 1374 1601 1408; x_wconf 85' lang='grc' dir='ltr'>πράγματα</span> <span class='ocrx_word' id='word_1_372' title='bbox 1618 1372 1693 1408; x_wconf 82' lang='grc' dir='ltr'>παρὰ</span> <span class='ocrx_word' id='word_1_373' title='bbox 1706 1373 1760 1399; x_wconf 84' lang='grc' dir='ltr'><strong>τῶν</strong></span> 
     </span>
    </p>
   </div>
   <div class='ocr_carea' id='block_1_59' title="bbox 982 1418 1760 1454">
    <p class='ocr_par' dir='ltr' id='par_1_59' title="bbox 982 1418 1760 1454">
     <span class='ocr_line' id='line_1_59' title="bbox 982 1418 1760 1454; baseline 0.001 -9"><span class='ocrx_word' id='word_1_374' title='bbox 982 1419 1126 1454; x_wconf 80' lang='grc' dir='ltr'>Ῥωμαίων</span> <span class='ocrx_word' id='word_1_375' title='bbox 1136 1419 1262 1446; x_wconf 83' lang='grc' dir='ltr'>δύνανται</span> <span class='ocrx_word' id='word_1_376' title='bbox 1279 1420 1415 1452; x_wconf 80' lang='grc' dir='ltr'>ἀπαιτεῖν,</span> <span class='ocrx_word' id='word_1_377' title='bbox 1433 1419 1548 1450; x_wconf 83' lang='grc' dir='ltr'>δεδιότες</span> <span class='ocrx_word' id='word_1_378' title='bbox 1576 1418 1625 1453; x_wconf 78' lang='grc' dir='ltr'>τὴν</span> <span class='ocrx_word' id='word_1_379' title='bbox 1642 1418 1686 1445; x_wconf 80' lang='grc' dir='ltr'>διὰ</span> <span class='ocrx_word' id='word_1_380' title='bbox 1711 1418 1760 1446; x_wconf 81' lang='grc' dir='ltr'><strong>τοῦ</strong></span> 
     </span>
    </p>
   </div>
   <div class='ocr_carea' id='block_1_60' title="bbox 975 1462 1761 1500">
    <p class='ocr_par' dir='ltr' id='par_1_60' title="bbox 975 1462 1761 1500">
     <span class='ocr_line' id='line_1_60' title="bbox 975 1462 1761 1500; baseline -0.004 -9"><span class='ocrx_word' id='word_1_381' title='bbox 975 1464 1097 1491; x_wconf 85' lang='grc' dir='ltr'>τοιούτου</span> <span class='ocrx_word' id='word_1_382' title='bbox 1129 1464 1221 1496; x_wconf 77' lang='grc' dir='ltr'>ἔθνους</span> <span class='ocrx_word' id='word_1_383' title='bbox 1232 1465 1308 1500; x_wconf 76' lang='grc' dir='ltr'>παρὰ</span> <span class='ocrx_word' id='word_1_384' title='bbox 1334 1464 1381 1491; x_wconf 80' lang='grc' dir='ltr'>τοῦ</span> <span class='ocrx_word' id='word_1_385' title='bbox 1410 1464 1543 1499; x_wconf 81' lang='grc' dir='ltr'>βασιλέως</span> <span class='ocrx_word' id='word_1_386' title='bbox 1571 1463 1632 1490; x_wconf 81' lang='grc' dir='ltr'>κατ’</span> <span class='ocrx_word' id='word_1_387' title='bbox 1668 1462 1761 1490; x_wconf 70' lang='grc' dir='ltr'>αὑτῶν</span> 
     </span>
    </p>
   </div>
   <div class='ocr_carea' id='block_1_61' title="bbox 978 1508 1761 1544">
    <p class='ocr_par' dir='ltr' id='par_1_61' title="bbox 978 1508 1761 1544">
     <span class='ocr_line' id='line_1_61' title="bbox 978 1508 1761 1544; baseline -0.001 -9"><span class='ocrx_word' id='word_1_388' title='bbox 978 1509 1063 1544; x_wconf 81' lang='grc' dir='ltr'>ἰσχύν.</span> <span class='ocrx_word' id='word_1_389' title='bbox 1099 1509 1143 1536; x_wconf 84' lang='grc' dir='ltr'>Ἐν</span> <span class='ocrx_word' id='word_1_390' title='bbox 1157 1510 1195 1544; x_wconf 84' lang='grc' dir='ltr'>τῷ</span> <span class='ocrx_word' id='word_1_391' title='bbox 1219 1509 1339 1540; x_wconf 72' lang='grc' dir='ltr'>ἐκείνους</span> <span class='ocrx_word' id='word_1_392' title='bbox 1370 1509 1442 1535; x_wconf 82' lang='grc' dir='ltr'>κατὰ</span> <span class='ocrx_word' id='word_1_393' title='bbox 1473 1509 1616 1544; x_wconf 75' lang='grc' dir='ltr'>Ῥωμαίων</span> <span class='ocrx_word' id='word_1_394' title='bbox 1644 1508 1761 1543; x_wconf 80' lang='grc' dir='ltr'>ἐκστρα-</span> 
     </span>
    </p>
   </div>
   <div class='ocr_carea' id='block_1_62' title="bbox 975 1555 1752 1591">
    <p class='ocr_par' dir='ltr' id='par_1_62' title="bbox 975 1555 1752 1591">
     <span class='ocr_line' id='line_1_62' title="bbox 975 1555 1752 1591; baseline -0.003 -9"><span class='ocrx_word' id='word_1_395' title='bbox 975 1555 1074 1588; x_wconf 86' lang='grc' dir='ltr'>τεύειν,</span> <span class='ocrx_word' id='word_1_396' title='bbox 1087 1556 1111 1582; x_wconf 84' lang='grc' dir='ltr'><strong>οἰ</strong></span> <span class='ocrx_word' id='word_1_397' title='bbox 1124 1555 1327 1588; x_wconf 79' lang='grc' dir='ltr'>[Ιατζινακίται,</span> <span class='ocrx_word' id='word_1_398' title='bbox 1340 1556 1388 1582; x_wconf 80' lang='grc' dir='ltr'>καὶ</span> <span class='ocrx_word' id='word_1_399' title='bbox 1402 1557 1434 1591; x_wconf 82' lang='grc' dir='ltr'><strong>τῇ</strong></span> <span class='ocrx_word' id='word_1_400' title='bbox 1451 1556 1518 1590; x_wconf 72' lang='grc' dir='ltr'>πρὸς</span> <span class='ocrx_word' id='word_1_401' title='bbox 1529 1555 1574 1581; x_wconf 77' lang='grc' dir='ltr'>τὸν</span> <span class='ocrx_word' id='word_1_402' title='bbox 1586 1555 1697 1590; x_wconf 81' lang='grc' dir='ltr'>βασιλέα</span> <span class='ocrx_word' id='word_1_403' title='bbox 1713 1563 1752 1589; x_wconf 77' lang='grc' dir='ltr'><strong>φι-</strong></span> 
     </span>
    </p>
   </div>
   <div class='ocr_carea' id='block_1_63' title="bbox 131 1599 916 1640">
    <p class='ocr_par' dir='ltr' id='par_1_63' title="bbox 131 1599 916 1636">
     <span class='ocr_line' id='line_1_63' title="bbox 131 1599 916 1636; baseline 0.004 -12"><span class='ocrx_word' id='word_1_404' title='bbox 131 1602 233 1626; x_wconf 84' lang='lat' dir='ltr'><strong>terram</strong></span> <span class='ocrx_word' id='word_1_405' title='bbox 250 1599 391 1632; x_wconf 85' lang='lat' dir='ltr'><strong>invadere,</strong></span> <span class='ocrx_word' id='word_1_406' title='bbox 414 1607 446 1627; x_wconf 88' lang='lat' dir='ltr'><strong>ac</strong></span> <span class='ocrx_word' id='word_1_407' title='bbox 461 1608 562 1628; x_wconf 81' lang='lat' dir='ltr'><strong>uxores</strong></span> <span class='ocrx_word' id='word_1_408' title='bbox 585 1601 742 1636; x_wconf 90' lang='lat' dir='ltr'><strong>liberosque</strong></span> <span class='ocrx_word' id='word_1_409' title='bbox 764 1600 873 1627; x_wconf 90' lang='lat' dir='ltr'><strong>illorum</strong></span> <span class='ocrx_word' id='word_1_410' title='bbox 892 1601 916 1627; x_wconf 92' lang='lat' dir='ltr'><strong>in</strong></span> 
     </span>
    </p>
   </div>
   <div class='ocr_carea' id='block_1_64' title="bbox 977 1599 1760 1640">
    <p class='ocr_par' dir='ltr' id='par_1_64' title="bbox 977 1600 1760 1636">
     <span class='ocr_line' id='line_1_64' title="bbox 977 1600 1760 1636; baseline 0 -10"><span class='ocrx_word' id='word_1_411' title='bbox 977 1600 1021 1636; x_wconf 83' lang='grc' dir='ltr'><strong>λίᾳ</strong></span> <span class='ocrx_word' id='word_1_412' title='bbox 1046 1601 1231 1636; x_wconf 85' lang='grc' dir='ltr'>συνδούμενοι,</span> <span class='ocrx_word' id='word_1_413' title='bbox 1260 1601 1307 1628; x_wconf 76' lang='lat' dir='ltr'><strong>xui</strong></span> <span class='ocrx_word' id='word_1_414' title='bbox 1322 1601 1388 1636; x_wconf 86' lang='grc' dir='ltr'>παρ’</span> <span class='ocrx_word' id='word_1_415' title='bbox 1403 1602 1508 1627; x_wconf 78' lang='grc' dir='ltr'>ἐκείνου</span> <span class='ocrx_word' id='word_1_416' title='bbox 1523 1600 1568 1627; x_wconf 80' lang='grc' dir='ltr'><strong>διὰ</strong></span> <span class='ocrx_word' id='word_1_417' title='bbox 1587 1600 1760 1636; x_wconf 80' lang='grc' dir='ltr'>γραμμάτων</span> 
     </span>
    </p>
   </div>
   <div class='ocr_carea' id='block_1_65' title="bbox 129 1645 915 1682">
    <p class='ocr_par' dir='ltr' id='par_1_65' title="bbox 129 1645 915 1682">
     <span class='ocr_line' id='line_1_65' title="bbox 129 1645 915 1682; baseline 0.003 -10"><span class='ocrx_word' id='word_1_418' title='bbox 129 1645 289 1672; x_wconf 82' lang='lat' dir='ltr'><strong>servitutem</strong></span> <span class='ocrx_word' id='word_1_419' title='bbox 306 1653 395 1681; x_wconf 73' lang='lat' dir='ltr'><strong>agere,</strong></span> <span class='ocrx_word' id='word_1_420' title='bbox 418 1647 613 1682; x_wconf 76' lang='lat' dir='ltr'><strong>regionemque</strong></span> <span class='ocrx_word' id='word_1_421' title='bbox 632 1648 776 1675; x_wconf 83' lang='lat' dir='ltr'><strong>devastare</strong></span> <span class='ocrx_word' id='word_1_422' title='bbox 790 1651 915 1682; x_wconf 89' lang='lat' dir='ltr'><strong>possunt.</strong></span> 
     </span>
    </p>
   </div>
   <div class='ocr_carea' id='block_1_66' title="bbox 973 1645 1757 1682">
    <p class='ocr_par' dir='ltr' id='par_1_66' title="bbox 973 1645 1757 1682">
     <span class='ocr_line' id='line_1_66' title="bbox 973 1645 1757 1682; baseline -0.004 -8"><span class='ocrx_word' id='word_1_423' title='bbox 973 1647 1021 1674; x_wconf 87' lang='lat' dir='ltr'><strong>xui</strong></span> <span class='ocrx_word' id='word_1_424' title='bbox 1047 1647 1143 1682; x_wconf 88' lang='grc' dir='ltr'>δώρων</span> <span class='ocrx_word' id='word_1_425' title='bbox 1167 1646 1391 1682; x_wconf 79' lang='grc' dir='ltr'>ἀναπειθόμενοι,</span> <span class='ocrx_word' id='word_1_426' title='bbox 1408 1646 1536 1673; x_wconf 82' lang='grc' dir='ltr'>δύνανται</span> <span class='ocrx_word' id='word_1_427' title='bbox 1560 1646 1656 1682; x_wconf 76' lang='grc' dir='ltr'>ῥᾳδίως</span> <span class='ocrx_word' id='word_1_428' title='bbox 1688 1645 1757 1671; x_wconf 66' lang='grc' dir='ltr'>κατὸ</span> 
     </span>
    </p>
   </div>
   <div class='ocr_carea' id='block_1_67' title="bbox 126 1691 1755 1731">
    <p class='ocr_par' dir='ltr' id='par_1_67' title="bbox 126 1691 1755 1731">
     <span class='ocr_line' id='line_1_67' title="bbox 126 1691 1755 1731; baseline -0.001 -11"><span class='ocrx_word' id='word_1_429' title='bbox 126 1691 179 1726; x_wconf 76' lang='grc' dir='ltr'>τῆς</span> <span class='ocrx_word' id='word_1_430' title='bbox 197 1692 289 1729; x_wconf 77' lang='grc' dir='ltr'>χώρας</span> <span class='ocrx_word' id='word_1_431' title='bbox 302 1693 357 1721; x_wconf 86' lang='grc' dir='ltr'><strong>τῶν</strong></span> <span class='ocrx_word' id='word_1_432' title='bbox 367 1702 397 1721; x_wconf 83' lang='grc' dir='ltr'><strong>τε</strong></span> <span class='ocrx_word' id='word_1_433' title='bbox 418 1694 486 1726; x_wconf 89' lang='grc' dir='ltr'><strong>Ῥὦς</strong></span> <span class='ocrx_word' id='word_1_434' title='bbox 497 1696 544 1721; x_wconf 81' lang='lat' dir='ltr'><strong>xui</strong></span> <span class='ocrx_word' id='word_1_435' title='bbox 569 1695 622 1722; x_wconf 79' lang='grc' dir='ltr'><strong>τῶν</strong></span> <span class='ocrx_word' id='word_1_436' title='bbox 650 1695 780 1731; x_wconf 81' lang='grc' dir='ltr'>Τούρκων</span> <span class='ocrx_word' id='word_1_437' title='bbox 800 1695 977 1730; x_wconf 75' lang='grc' dir='ltr'>ἐπέρχεσθαι,</span> <span class='ocrx_word' id='word_1_438' title='bbox 996 1695 1043 1721; x_wconf 76' lang='lat' dir='ltr'><strong>xui</strong></span> <span class='ocrx_word' id='word_1_439' title='bbox 1079 1693 1353 1730; x_wconf 67' lang='grc' dir='ltr'>ἐξανδραποδίζεσθαι</span> <span class='ocrx_word' id='word_1_440' title='bbox 1374 1693 1416 1720; x_wconf 86' lang='grc' dir='ltr'><strong>-τὰ</strong></span> <span class='ocrx_word' id='word_1_441' title='bbox 1439 1694 1541 1720; x_wconf 83' lang='grc' dir='ltr'>τούτων</span> <span class='ocrx_word' id='word_1_442' title='bbox 1573 1693 1680 1727; x_wconf 87' lang='grc' dir='ltr'>γύναια,</span> <span class='ocrx_word' id='word_1_443' title='bbox 1713 1693 1755 1719; x_wconf 73' lang='grc' dir='ltr'>καὶ</span> 
     </span>
    </p>
   </div>
   <div class='ocr_carea' id='block_1_68' title="bbox 129 1739 778 1777">
    <p class='ocr_par' dir='ltr' id='par_1_68' title="bbox 129 1739 778 1777">
     <span class='ocr_line' id='line_1_68' title="bbox 129 1739 778 1777; baseline 0.006 -12"><span class='ocrx_word' id='word_1_444' title='bbox 129 1739 271 1775; x_wconf 83' lang='grc' dir='ltr'>παιδάρια,</span> <span class='ocrx_word' id='word_1_445' title='bbox 289 1739 337 1766; x_wconf 85' lang='lat' dir='ltr'><strong>xui</strong></span> <span class='ocrx_word' id='word_1_446' title='bbox 351 1739 491 1776; x_wconf 75' lang='grc' dir='ltr'>ληῒςεσθαι</span> <span class='ocrx_word' id='word_1_447' title='bbox 507 1741 555 1776; x_wconf 86' lang='grc' dir='ltr'>τὴν</span> <span class='ocrx_word' id='word_1_448' title='bbox 574 1741 667 1777; x_wconf 89' lang='grc' dir='ltr'>χώραν</span> <span class='ocrx_word' id='word_1_449' title='bbox 678 1743 778 1769; x_wconf 84' lang='grc' dir='ltr'>αὐτῶν.</span> 
     </span>
    </p>
   </div>
   <div class='ocr_carea' id='block_1_69' title="bbox 404 1788 656 1824">
    <p class='ocr_par' dir='ltr' id='par_1_69' title="bbox 404 1788 656 1824">
     <span class='ocr_line' id='line_1_69' title="bbox 404 1788 656 1824; baseline 0 -8"><span class='ocrx_word' id='word_1_450' title='bbox 404 1788 456 1824; x_wconf 85' lang='lat'><strong>57</strong></span> <span class='ocrx_word' id='word_1_451' title='bbox 491 1789 604 1817; x_wconf 80' lang='lat' dir='ltr'><strong>CAPUT</strong></span> <span class='ocrx_word' id='word_1_452' title='bbox 624 1789 656 1816; x_wconf 94' lang='lat' dir='ltr'><strong>v.</strong></span> 
     </span>
    </p>
   </div>
   <div class='ocr_carea' id='block_1_70' title="bbox 311 1845 743 1881">
    <p class='ocr_par' dir='ltr' id='par_1_70' title="bbox 311 1845 743 1881">
     <span class='ocr_line' id='line_1_70' title="bbox 311 1845 743 1881; baseline 0.002 -9"><span class='ocrx_word' id='word_1_453' title='bbox 311 1846 348 1873; x_wconf 83' lang='lat' dir='ltr'><strong>De</strong></span> <span class='ocrx_word' id='word_1_454' title='bbox 367 1845 546 1873; x_wconf 74' lang='lat' dir='ltr'><strong>Putzinacitis</strong></span> <span class='ocrx_word' id='word_1_455' title='bbox 565 1851 590 1873; x_wconf 80' lang='lat' dir='ltr'><strong>et</strong></span> <span class='ocrx_word' id='word_1_456' title='bbox 609 1846 743 1881; x_wconf 69' lang='lat' dir='ltr'><strong>Bulgaria.</strong></span> 
     </span>
    </p>
   </div>
   <div class='ocr_carea' id='block_1_71' title="bbox 169 1890 922 1927">
    <p class='ocr_par' dir='ltr' id='par_1_71' title="bbox 169 1890 922 1927">
     <span class='ocr_line' id='line_1_71' title="bbox 169 1890 922 1927; baseline 0.001 -10"><span class='ocrx_word' id='word_1_457' title='bbox 169 1890 294 1927; x_wconf 75' lang='lat' dir='ltr'><strong>Bulgaris</strong></span> <span class='ocrx_word' id='word_1_458' title='bbox 309 1899 419 1926; x_wconf 90' lang='lat' dir='ltr'><strong>quoque</strong></span> <span class='ocrx_word' id='word_1_459' title='bbox 439 1891 644 1919; x_wconf 89' lang='lat' dir='ltr'><strong>formidabilior</strong></span> <span class='ocrx_word' id='word_1_460' title='bbox 662 1891 848 1919; x_wconf 83' lang='lat' dir='ltr'><strong>Romanorum</strong></span> <span class='ocrx_word' id='word_1_461' title='bbox 870 1892 922 1918; x_wconf 92' lang='lat' dir='ltr'><strong>im-</strong></span> 
     </span>
    </p>
   </div>
   <div class='ocr_carea' id='block_1_72' title="bbox 132 1935 922 1971">
    <p class='ocr_par' dir='ltr' id='par_1_72' title="bbox 132 1935 922 1971">
     <span class='ocr_line' id='line_1_72' title="bbox 132 1935 922 1971; baseline 0.001 -10"><span class='ocrx_word' id='word_1_462' title='bbox 132 1941 246 1970; x_wconf 88' lang='lat' dir='ltr'><strong>perator</strong></span> <span class='ocrx_word' id='word_1_463' title='bbox 267 1935 413 1968; x_wconf 79' lang='lat' dir='ltr'><strong>videbitur,</strong></span> <span class='ocrx_word' id='word_1_464' title='bbox 440 1935 574 1970; x_wconf 88' lang='lat' dir='ltr'><strong>ipsosque</strong></span> <span class='ocrx_word' id='word_1_465' title='bbox 590 1936 623 1962; x_wconf 90' lang='lat' dir='ltr'><strong>ad</strong></span> <span class='ocrx_word' id='word_1_466' title='bbox 643 1943 739 1971; x_wconf 87' lang='lat' dir='ltr'><strong>pacem</strong></span> <span class='ocrx_word' id='word_1_467' title='bbox 762 1940 789 1962; x_wconf 85' lang='lat' dir='ltr'><strong>et</strong></span> <span class='ocrx_word' id='word_1_468' title='bbox 804 1936 922 1970; x_wconf 90' lang='lat' dir='ltr'><strong>quietem</strong></span> 
     </span>
    </p>
   </div>
   <div class='ocr_carea' id='block_1_73' title="bbox 131 1979 921 2014">
    <p class='ocr_par' dir='ltr' id='par_1_73' title="bbox 131 1979 921 2014">
     <span class='ocr_line' id='line_1_73' title="bbox 131 1979 921 2014; baseline 0.004 -9"><span class='ocrx_word' id='word_1_469' title='bbox 131 1979 241 2014; x_wconf 68' lang='lat' dir='ltr'><strong>adigere</strong></span> <span class='ocrx_word' id='word_1_470' title='bbox 250 1979 332 2012; x_wconf 84' lang='lat' dir='ltr'><strong>valet,</strong></span> <span class='ocrx_word' id='word_1_471' title='bbox 345 1979 368 2007; x_wconf 88' lang='lat' dir='ltr'><strong>si</strong></span> <span class='ocrx_word' id='word_1_472' title='bbox 381 1980 416 2007; x_wconf 85' lang='lat' dir='ltr'><strong>sit</strong></span> <span class='ocrx_word' id='word_1_473' title='bbox 430 1979 535 2007; x_wconf 86' lang='lat' dir='ltr'><strong>foedere</strong></span> <span class='ocrx_word' id='word_1_474' title='bbox 543 1987 607 2007; x_wconf 85' lang='lat' dir='ltr'><strong>eum</strong></span> <span class='ocrx_word' id='word_1_475' title='bbox 620 1979 921 2014; x_wconf 81' lang='lat' dir='ltr'><strong>Patzinacitisjunctus.</strong></span> 
     </span>
    </p>
   </div>
   <div class='ocr_carea' id='block_1_74' title="bbox 130 2025 921 2061">
    <p class='ocr_par' dir='ltr' id='par_1_74' title="bbox 130 2025 921 2061">
     <span class='ocr_line' id='line_1_74' title="bbox 130 2025 921 2061; baseline 0.001 -9"><span class='ocrx_word' id='word_1_476' title='bbox 130 2025 271 2059; x_wconf 77' lang='lat' dir='ltr'><strong>Siquidem</strong></span> <span class='ocrx_word' id='word_1_477' title='bbox 305 2025 449 2052; x_wconf 86' lang='lat' dir='ltr'><strong>memorati</strong></span> <span class='ocrx_word' id='word_1_478' title='bbox 481 2025 658 2053; x_wconf 71' lang='lat' dir='ltr'><strong>Patzinacita:</strong></span> <span class='ocrx_word' id='word_1_479' title='bbox 690 2025 814 2061; x_wconf 80' lang='lat' dir='ltr'><strong>Bulgaris</strong></span> <span class='ocrx_word' id='word_1_480' title='bbox 840 2027 921 2054; x_wconf 80' lang='lat' dir='ltr'><strong>etiam</strong></span> 
     </span>
    </p>
   </div>
   <div class='ocr_carea' id='block_1_75' title="bbox 129 2071 923 2107">
    <p class='ocr_par' dir='ltr' id='par_1_75' title="bbox 129 2071 923 2107">
     <span class='ocr_line' id='line_1_75' title="bbox 129 2071 923 2107; baseline 0.003 -9"><span class='ocrx_word' id='word_1_481' title='bbox 129 2072 236 2098; x_wconf 88' lang='lat' dir='ltr'><strong>finitimi</strong></span> <span class='ocrx_word' id='word_1_482' title='bbox 249 2075 313 2098; x_wconf 90' lang='lat' dir='ltr'><strong>sunt</strong></span> <span class='ocrx_word' id='word_1_483' title='bbox 329 2079 336 2098; x_wconf 71' lang='grc' dir='ltr'>ε</span> <span class='ocrx_word' id='word_1_484' title='bbox 349 2075 376 2098; x_wconf 85' lang='lat' dir='ltr'><strong>et</strong></span> <span class='ocrx_word' id='word_1_485' title='bbox 392 2071 527 2098; x_wconf 85' lang='lat' dir='ltr'><strong>arbitratu</strong></span> <span class='ocrx_word' id='word_1_486' title='bbox 540 2079 602 2104; x_wconf 86' lang='lat' dir='ltr'><strong>suo,</strong></span> <span class='ocrx_word' id='word_1_487' title='bbox 615 2072 672 2099; x_wconf 85' lang='lat' dir='ltr'><strong>sive</strong></span> <span class='ocrx_word' id='word_1_488' title='bbox 685 2072 786 2107; x_wconf 90' lang='lat' dir='ltr'><strong>proprii</strong></span> <span class='ocrx_word' id='word_1_489' title='bbox 803 2078 923 2107; x_wconf 65' lang='lat' dir='ltr'><strong>quaestus</strong></span> 
     </span>
    </p>
   </div>
   <div class='ocr_carea' id='block_1_76' title="bbox 130 2116 923 2152">
    <p class='ocr_par' dir='ltr' id='par_1_76' title="bbox 130 2116 923 2152">
     <span class='ocr_line' id='line_1_76' title="bbox 130 2116 923 2152; baseline 0.001 -8"><span class='ocrx_word' id='word_1_490' title='bbox 130 2124 225 2150; x_wconf 81' lang='lat' dir='ltr'><strong>causa,</strong></span> <span class='ocrx_word' id='word_1_491' title='bbox 245 2117 303 2145; x_wconf 76' lang='lat' dir='ltr'><strong>sive</strong></span> <span class='ocrx_word' id='word_1_492' title='bbox 317 2116 350 2143; x_wconf 91' lang='lat' dir='ltr'><strong>ad</strong></span> <span class='ocrx_word' id='word_1_493' title='bbox 370 2117 517 2144; x_wconf 86' lang='lat' dir='ltr'><strong>ineundam</strong></span> <span class='ocrx_word' id='word_1_494' title='bbox 533 2125 595 2144; x_wconf 82' lang='lat' dir='ltr'><strong>cum</strong></span> <span class='ocrx_word' id='word_1_495' title='bbox 615 2117 739 2144; x_wconf 78' lang='lat' dir='ltr'><strong>Romano</strong></span> <span class='ocrx_word' id='word_1_496' title='bbox 757 2118 923 2152; x_wconf 84' lang='lat' dir='ltr'><strong>imperatore</strong></span> 
     </span>
    </p>
   </div>
   <div class='ocr_carea' id='block_1_77' title="bbox 130 2163 922 2199">
    <p class='ocr_par' dir='ltr' id='par_1_77' title="bbox 130 2163 922 2199">
     <span class='ocr_line' id='line_1_77' title="bbox 130 2163 922 2199; baseline 0.004 -10"><span class='ocrx_word' id='word_1_497' title='bbox 130 2163 258 2198; x_wconf 73' lang='lat' dir='ltr'><strong>gratiam,</strong></span> <span class='ocrx_word' id='word_1_498' title='bbox 269 2163 424 2198; x_wconf 76' lang='lat' dir='ltr'><strong>Bulgariam</strong></span> <span class='ocrx_word' id='word_1_499' title='bbox 436 2163 513 2190; x_wconf 86' lang='lat' dir='ltr'><strong>nullo</strong></span> <span class='ocrx_word' id='word_1_500' title='bbox 528 2164 637 2197; x_wconf 77' lang='lat' dir='ltr'><strong>negotio</strong></span> <span class='ocrx_word' id='word_1_501' title='bbox 652 2163 780 2192; x_wconf 86' lang='lat' dir='ltr'><strong>invadere</strong></span> <span class='ocrx_word' id='word_1_502' title='bbox 796 2169 922 2199; x_wconf 89' lang='lat' dir='ltr'><strong>possunt,</strong></span> 
     </span>
    </p>
   </div>
   <div class='ocr_carea' id='block_1_78' title="bbox 129 2209 923 2245">
    <p class='ocr_par' dir='ltr' id='par_1_78' title="bbox 129 2209 923 2245">
     <span class='ocr_line' id='line_1_78' title="bbox 129 2209 923 2245; baseline 0.004 -10"><span class='ocrx_word' id='word_1_503' title='bbox 129 2215 161 2236; x_wconf 90' lang='lat' dir='ltr'><strong>ac</strong></span> <span class='ocrx_word' id='word_1_504' title='bbox 179 2209 363 2241; x_wconf 83' lang='lat' dir='ltr'><strong>multitudine,</strong></span> <span class='ocrx_word' id='word_1_505' title='bbox 387 2209 540 2243; x_wconf 87' lang='lat' dir='ltr'><strong>roboreque</strong></span> <span class='ocrx_word' id='word_1_506' title='bbox 566 2217 616 2237; x_wconf 84' lang='lat' dir='ltr'><strong>suo</strong></span> <span class='ocrx_word' id='word_1_507' title='bbox 639 2209 713 2245; x_wconf 83' lang='lat' dir='ltr'><strong>ipsos</strong></span> <span class='ocrx_word' id='word_1_508' title='bbox 736 2209 881 2238; x_wconf 77' lang='lat' dir='ltr'><strong>devincere</strong></span> <span class='ocrx_word' id='word_1_509' title='bbox 896 2215 923 2238; x_wconf 86' lang='lat' dir='ltr'><strong>et</strong></span> 
     </span>
    </p>
   </div>
   <div class='ocr_carea' id='block_1_79' title="bbox 132 2254 922 2292">
    <p class='ocr_par' dir='ltr' id='par_1_79' title="bbox 132 2254 922 2292">
     <span class='ocr_line' id='line_1_79' title="bbox 132 2254 922 2292; baseline 0.004 -11"><span class='ocrx_word' id='word_1_510' title='bbox 132 2254 289 2290; x_wconf 76' lang='lat' dir='ltr'><strong>profligare.</strong></span> <span class='ocrx_word' id='word_1_511' title='bbox 314 2255 486 2289; x_wconf 86' lang='lat' dir='ltr'><strong>Quapropter</strong></span> <span class='ocrx_word' id='word_1_512' title='bbox 512 2254 621 2290; x_wconf 77' lang='lat' dir='ltr'><strong>Bulgari</strong></span> <span class='ocrx_word' id='word_1_513' title='bbox 644 2264 770 2291; x_wconf 71' lang='lat' dir='ltr'><strong>magnam</strong></span> <span class='ocrx_word' id='word_1_514' title='bbox 795 2257 870 2292; x_wconf 86' lang='lat' dir='ltr'><strong>pacis</strong></span> <span class='ocrx_word' id='word_1_515' title='bbox 890 2265 922 2284; x_wconf 85' lang='lat' dir='ltr'><strong>ac</strong></span> 
     </span>
    </p>
   </div>
   <div class='ocr_carea' id='block_1_80' title="bbox 129 2300 923 2334">
    <p class='ocr_par' dir='ltr' id='par_1_80' title="bbox 129 2300 923 2334">
     <span class='ocr_line' id='line_1_80' title="bbox 129 2300 923 2334; baseline 0.001 -6"><span class='ocrx_word' id='word_1_516' title='bbox 129 2301 287 2328; x_wconf 71' lang='lat' dir='ltr'><strong>concordiae</strong></span> <span class='ocrx_word' id='word_1_517' title='bbox 301 2308 364 2328; x_wconf 91' lang='lat' dir='ltr'><strong>cum</strong></span> <span class='ocrx_word' id='word_1_518' title='bbox 381 2300 555 2329; x_wconf 84' lang='lat' dir='ltr'><strong>Palzinacitis</strong></span> <span class='ocrx_word' id='word_1_519' title='bbox 567 2304 709 2330; x_wconf 71' lang='lat' dir='ltr'><strong>servandae</strong></span> <span class='ocrx_word' id='word_1_520' title='bbox 723 2310 829 2334; x_wconf 89' lang='lat' dir='ltr'><strong>curam,</strong></span> <span class='ocrx_word' id='word_1_521' title='bbox 847 2303 923 2330; x_wconf 88' lang='lat' dir='ltr'><strong>solli-</strong></span> 
     </span>
    </p>
   </div>
   <div class='ocr_carea' id='block_1_81' title="bbox 1286 1785 1469 1813">
    <p class='ocr_par' dir='ltr' id='par_1_81' title="bbox 1286 1785 1469 1813">
     <span class='ocr_line' id='line_1_81' title="bbox 1286 1785 1469 1813; baseline 0 -1"><span class='ocrx_word' id='word_1_522' title='bbox 1286 1785 1412 1813; x_wconf 76' lang='grc' dir='ltr'><strong>ΚΕΦΑΑ.</strong></span> <span class='ocrx_word' id='word_1_523' title='bbox 1431 1785 1451 1812; x_wconf 83' lang='grc' dir='ltr'><strong>Ε</strong></span> <span class='ocrx_word' id='word_1_524' title='bbox 1462 1805 1469 1812; x_wconf 94' lang='grc'><em>.</em></span> 
     </span>
    </p>
   </div>
   <div class='ocr_carea' id='block_1_82' title="bbox 1042 1842 1690 1877">
    <p class='ocr_par' dir='ltr' id='par_1_82' title="bbox 1042 1842 1690 1877">
     <span class='ocr_line' id='line_1_82' title="bbox 1042 1842 1690 1877; baseline 0.002 -7"><span class='ocrx_word' id='word_1_525' title='bbox 1042 1844 1111 1877; x_wconf 82' lang='grc' dir='ltr'>Περί</span> <span class='ocrx_word' id='word_1_526' title='bbox 1124 1842 1184 1870; x_wconf 75' lang='grc' dir='ltr'>τῶν</span> <span class='ocrx_word' id='word_1_527' title='bbox 1197 1842 1415 1873; x_wconf 77' lang='grc' dir='ltr'>Πατζὶνακιτῶν</span> <span class='ocrx_word' id='word_1_528' title='bbox 1430 1842 1478 1869; x_wconf 69' lang='grc' dir='ltr'>καὶ</span> <span class='ocrx_word' id='word_1_529' title='bbox 1500 1842 1690 1877; x_wconf 72' lang='grc' dir='ltr'>Βουλγάρων.</span> 
     </span>
    </p>
   </div>
   <div class='ocr_carea' id='block_1_83' title="bbox 1022 1886 1760 1924">
    <p class='ocr_par' dir='ltr' id='par_1_83' title="bbox 1022 1886 1760 1924">
     <span class='ocr_line' id='line_1_83' title="bbox 1022 1886 1760 1924; baseline 0 -9"><span class='ocrx_word' id='word_1_530' title='bbox 1022 1889 1085 1915; x_wconf 74' lang='grc' dir='ltr'><strong>Ὀτι</strong></span> <span class='ocrx_word' id='word_1_531' title='bbox 1104 1889 1149 1916; x_wconf 82' lang='grc' dir='ltr'><strong>καὶ</strong></span> <span class='ocrx_word' id='word_1_532' title='bbox 1163 1890 1219 1920; x_wconf 78' lang='grc' dir='ltr'>τοῖς</span> <span class='ocrx_word' id='word_1_533' title='bbox 1246 1888 1410 1923; x_wconf 85' lang='grc' dir='ltr'>Βουλγάροις</span> <span class='ocrx_word' id='word_1_534' title='bbox 1443 1888 1628 1924; x_wconf 76' lang='grc' dir='ltr'>φοϐερώτερος</span> <span class='ocrx_word' id='word_1_535' title='bbox 1642 1889 1675 1916; x_wconf 82' lang='grc' dir='ltr'>ἂν</span> <span class='ocrx_word' id='word_1_536' title='bbox 1692 1886 1760 1916; x_wconf 74' lang='grc' dir='ltr'>εἶναι</span> 
     </span>
    </p>
   </div>
   <div class='ocr_carea' id='block_1_84' title="bbox 974 1935 1753 1971">
    <p class='ocr_par' dir='ltr' id='par_1_84' title="bbox 974 1935 1753 1971">
     <span class='ocr_line' id='line_1_84' title="bbox 974 1935 1753 1971; baseline -0.003 -8"><span class='ocrx_word' id='word_1_537' title='bbox 974 1936 1074 1969; x_wconf 79' lang='grc' dir='ltr'>δόξειεν</span> <span class='ocrx_word' id='word_1_538' title='bbox 1089 1936 1165 1962; x_wconf 86' lang='grc' dir='ltr'>ὁτῶν</span> <span class='ocrx_word' id='word_1_539' title='bbox 1184 1935 1326 1970; x_wconf 86' lang='grc' dir='ltr'>Ῥωμαίων</span> <span class='ocrx_word' id='word_1_540' title='bbox 1345 1935 1482 1970; x_wconf 78' lang='grc' dir='ltr'>βασιλεὺς,</span> <span class='ocrx_word' id='word_1_541' title='bbox 1493 1935 1540 1961; x_wconf 81' lang='grc' dir='ltr'>καὶ</span> <span class='ocrx_word' id='word_1_542' title='bbox 1554 1936 1676 1971; x_wconf 81' lang='grc' dir='ltr'>ἀνάγκην</span> <span class='ocrx_word' id='word_1_543' title='bbox 1692 1936 1753 1969; x_wconf 82' lang='grc' dir='ltr'>ἠσυ-</span> 
     </span>
    </p>
   </div>
   <div class='ocr_carea' id='block_1_85' title="bbox 975 1981 1757 2018">
    <p class='ocr_par' dir='ltr' id='par_1_85' title="bbox 975 1981 1757 2018">
     <span class='ocr_line' id='line_1_85' title="bbox 975 1981 1757 2018; baseline -0.004 -8"><span class='ocrx_word' id='word_1_544' title='bbox 975 1983 1036 2018; x_wconf 81' lang='grc' dir='ltr'>χίας</span> <span class='ocrx_word' id='word_1_545' title='bbox 1063 1982 1214 2009; x_wconf 68' lang='grc' dir='ltr'>ἐπιτιθέναι</span> <span class='ocrx_word' id='word_1_546' title='bbox 1240 1981 1345 2013; x_wconf 81' lang='grc' dir='ltr'>τούτοις</span> <span class='ocrx_word' id='word_1_547' title='bbox 1370 1981 1492 2013; x_wconf 88' lang='grc' dir='ltr'>δύναται,</span> <span class='ocrx_word' id='word_1_548' title='bbox 1507 1982 1540 2008; x_wconf 78' lang='grc' dir='ltr'>ἐκ</span> <span class='ocrx_word' id='word_1_549' title='bbox 1560 1981 1608 2007; x_wconf 80' lang='grc' dir='ltr'>τοῦ</span> <span class='ocrx_word' id='word_1_550' title='bbox 1621 1981 1690 2015; x_wconf 74' lang='grc' dir='ltr'>μετὰ</span> <span class='ocrx_word' id='word_1_551' title='bbox 1707 1981 1757 2007; x_wconf 80' lang='grc' dir='ltr'><strong>τῶι</strong></span> 
     </span>
    </p>
   </div>
   <div class='ocr_carea' id='block_1_86' title="bbox 977 2026 1757 2063">
    <p class='ocr_par' dir='ltr' id='par_1_86' title="bbox 977 2026 1757 2063">
     <span class='ocr_line' id='line_1_86' title="bbox 977 2026 1757 2063; baseline -0.004 -8"><span class='ocrx_word' id='word_1_552' title='bbox 977 2028 1182 2061; x_wconf 82' lang='grc' dir='ltr'>Πατζινακιτῶν</span> <span class='ocrx_word' id='word_1_553' title='bbox 1210 2027 1379 2063; x_wconf 73' lang='grc' dir='ltr'>εἰρηνεύειν·</span> <span class='ocrx_word' id='word_1_554' title='bbox 1396 2026 1489 2061; x_wconf 82' lang='grc' dir='ltr'>ἐπειδὴ</span> <span class='ocrx_word' id='word_1_555' title='bbox 1515 2026 1562 2052; x_wconf 86' lang='lat' dir='ltr'><strong>xui</strong></span> <span class='ocrx_word' id='word_1_556' title='bbox 1577 2026 1645 2061; x_wconf 79' lang='grc' dir='ltr'>πρὸς</span> <span class='ocrx_word' id='word_1_557' title='bbox 1663 2027 1757 2058; x_wconf 77' lang='grc' dir='ltr'>αὐτοὺς</span> 
     </span>
    </p>
   </div>
   <div class='ocr_carea' id='block_1_87' title="bbox 975 2072 1763 2110">
    <p class='ocr_par' dir='ltr' id='par_1_87' title="bbox 975 2072 1763 2110">
     <span class='ocr_line' id='line_1_87' title="bbox 975 2072 1763 2110; baseline -0.005 -8"><span class='ocrx_word' id='word_1_558' title='bbox 975 2076 1036 2106; x_wconf 71' lang='grc' dir='ltr'>τοὺς</span> <span class='ocrx_word' id='word_1_559' title='bbox 1049 2075 1219 2110; x_wconf 80' lang='grc' dir='ltr'>Βουλγᾲρους</span> <span class='ocrx_word' id='word_1_560' title='bbox 1237 2075 1260 2100; x_wconf 85' lang='grc' dir='ltr'><strong>οἰ</strong></span> <span class='ocrx_word' id='word_1_561' title='bbox 1274 2075 1412 2109; x_wconf 80' lang='grc' dir='ltr'>εἰρημένοι</span> <span class='ocrx_word' id='word_1_562' title='bbox 1437 2072 1631 2104; x_wconf 80' lang='grc' dir='ltr'>Πατζινακῖται</span> <span class='ocrx_word' id='word_1_563' title='bbox 1649 2073 1763 2107; x_wconf 85' lang='grc' dir='ltr'>πλησιά-</span> 
     </span>
    </p>
   </div>
   <div class='ocr_carea' id='block_1_88' title="bbox 978 2118 1758 2156">
    <p class='ocr_par' dir='ltr' id='par_1_88' title="bbox 978 2118 1758 2156">
     <span class='ocr_line' id='line_1_88' title="bbox 978 2118 1758 2156; baseline -0.004 -9"><span class='ocrx_word' id='word_1_564' title='bbox 978 2121 1053 2153; x_wconf 79' lang='grc' dir='ltr'>ζουσι</span> <span class='ocrx_word' id='word_1_565' title='bbox 1065 2130 1072 2137; x_wconf 94' lang='grc'><strong>·</strong></span> <span class='ocrx_word' id='word_1_566' title='bbox 1089 2121 1136 2147; x_wconf 86' lang='lat' dir='ltr'><strong>xui</strong></span> <span class='ocrx_word' id='word_1_567' title='bbox 1153 2120 1231 2156; x_wconf 77' lang='grc' dir='ltr'>ἡνίκα</span> <span class='ocrx_word' id='word_1_568' title='bbox 1252 2119 1417 2155; x_wconf 77' lang='grc' dir='ltr'>βουληθῶσι,</span> <span class='ocrx_word' id='word_1_569' title='bbox 1432 2119 1448 2154; x_wconf 82' lang='grc' dir='ltr'>ἢ</span> <span class='ocrx_word' id='word_1_570' title='bbox 1463 2119 1497 2146; x_wconf 79' lang='grc' dir='ltr'>δι’</span> <span class='ocrx_word' id='word_1_571' title='bbox 1525 2120 1625 2145; x_wconf 82' lang='grc' dir='ltr'>οἰκεῖον</span> <span class='ocrx_word' id='word_1_572' title='bbox 1655 2118 1758 2152; x_wconf 79' lang='grc' dir='ltr'>κέρδος,</span> 
     </span>
    </p>
   </div>
   <div class='ocr_carea' id='block_1_89' title="bbox 978 2163 1757 2201">
    <p class='ocr_par' dir='ltr' id='par_1_89' title="bbox 978 2163 1757 2201">
     <span class='ocr_line' id='line_1_89' title="bbox 978 2163 1757 2201; baseline -0.005 -9"><span class='ocrx_word' id='word_1_573' title='bbox 978 2166 994 2201; x_wconf 82' lang='grc' dir='ltr'>ἢ</span> <span class='ocrx_word' id='word_1_574' title='bbox 1014 2168 1046 2201; x_wconf 83' lang='grc' dir='ltr'><strong>τῇ</strong></span> <span class='ocrx_word' id='word_1_575' title='bbox 1072 2167 1140 2201; x_wconf 72' lang='grc' dir='ltr'>πρὸς</span> <span class='ocrx_word' id='word_1_576' title='bbox 1163 2166 1209 2191; x_wconf 71' lang='grc' dir='ltr'><strong>τὸν</strong></span> <span class='ocrx_word' id='word_1_577' title='bbox 1229 2164 1340 2200; x_wconf 68' lang='grc' dir='ltr'>βασιλέα</span> <span class='ocrx_word' id='word_1_578' title='bbox 1360 2164 1503 2199; x_wconf 80' lang='grc' dir='ltr'>Ῥωμαίων</span> <span class='ocrx_word' id='word_1_579' title='bbox 1518 2165 1620 2199; x_wconf 84' lang='grc' dir='ltr'>χάριτι,</span> <span class='ocrx_word' id='word_1_580' title='bbox 1641 2163 1757 2198; x_wconf 71' lang='grc' dir='ltr'>εὐχερῶς</span> 
     </span>
    </p>
   </div>
   <div class='ocr_carea' id='block_1_90' title="bbox 976 2207 1761 2245">
    <p class='ocr_par' dir='ltr' id='par_1_90' title="bbox 976 2207 1761 2245">
     <span class='ocr_line' id='line_1_90' title="bbox 976 2207 1761 2245; baseline -0.004 -8"><span class='ocrx_word' id='word_1_581' title='bbox 976 2212 1104 2238; x_wconf 82' lang='grc' dir='ltr'>δύνανται</span> <span class='ocrx_word' id='word_1_582' title='bbox 1117 2211 1187 2237; x_wconf 76' lang='grc' dir='ltr'>κατὰ</span> <span class='ocrx_word' id='word_1_583' title='bbox 1218 2210 1385 2245; x_wconf 78' lang='grc' dir='ltr'>Βουλγαρίας</span> <span class='ocrx_word' id='word_1_584' title='bbox 1408 2209 1609 2243; x_wconf 70' lang='grc' dir='ltr'>ἐκστρατεύειν,</span> <span class='ocrx_word' id='word_1_585' title='bbox 1632 2209 1679 2235; x_wconf 86' lang='lat' dir='ltr'><strong>xui</strong></span> <span class='ocrx_word' id='word_1_586' title='bbox 1708 2207 1761 2234; x_wconf 71' lang='grc' dir='ltr'><strong>ἀπὸ</strong></span> 
     </span>
    </p>
   </div>
   <div class='ocr_carea' id='block_1_91' title="bbox 975 2253 1756 2290">
    <p class='ocr_par' dir='ltr' id='par_1_91' title="bbox 975 2253 1756 2290">
     <span class='ocr_line' id='line_1_91' title="bbox 975 2253 1756 2290; baseline -0.004 -8"><span class='ocrx_word' id='word_1_587' title='bbox 975 2256 1022 2282; x_wconf 84' lang='grc' dir='ltr'>τοῦ</span> <span class='ocrx_word' id='word_1_588' title='bbox 1039 2257 1180 2290; x_wconf 82' lang='grc' dir='ltr'>περιόντος</span> <span class='ocrx_word' id='word_1_589' title='bbox 1192 2255 1309 2290; x_wconf 77' lang='grc' dir='ltr'>πλήθους</span> <span class='ocrx_word' id='word_1_590' title='bbox 1320 2253 1429 2288; x_wconf 74' lang='grc' dir='ltr'>καὶτῆς</span> <span class='ocrx_word' id='word_1_591' title='bbox 1446 2254 1538 2288; x_wconf 80' lang='grc' dir='ltr'>ἰσχύος</span> <span class='ocrx_word' id='word_1_592' title='bbox 1561 2254 1660 2285; x_wconf 78' lang='grc' dir='ltr'>αὐτῶν,</span> <span class='ocrx_word' id='word_1_593' title='bbox 1676 2254 1756 2287; x_wconf 83' lang='grc' dir='ltr'>ὑπερ-</span> 
     </span>
    </p>
   </div>
   <div class='ocr_carea' id='block_1_92' title="bbox 977 2299 1758 2337">
    <p class='ocr_par' dir='ltr' id='par_1_92' title="bbox 977 2299 1758 2337">
     <span class='ocr_line' id='line_1_92' title="bbox 977 2299 1758 2337; baseline -0.004 -9"><span class='ocrx_word' id='word_1_594' title='bbox 977 2302 1055 2337; x_wconf 82' lang='grc' dir='ltr'>νικᾷν</span> <span class='ocrx_word' id='word_1_595' title='bbox 1064 2302 1162 2332; x_wconf 68' lang='grc' dir='ltr'>αὐτοὺς</span> <span class='ocrx_word' id='word_1_596' title='bbox 1177 2302 1223 2327; x_wconf 88' lang='lat' dir='ltr'><strong>xui</strong></span> <span class='ocrx_word' id='word_1_597' title='bbox 1237 2302 1331 2336; x_wconf 84' lang='grc' dir='ltr'>ἡττᾷν.</span> <span class='ocrx_word' id='word_1_598' title='bbox 1352 2301 1401 2327; x_wconf 87' lang='grc' dir='ltr'><strong>Διὰ</strong></span> <span class='ocrx_word' id='word_1_599' title='bbox 1417 2300 1495 2327; x_wconf 75' lang='grc' dir='ltr'>τοῦτο</span> <span class='ocrx_word' id='word_1_600' title='bbox 1505 2300 1553 2326; x_wconf 89' lang='lat' dir='ltr'><strong>xui</strong></span> <span class='ocrx_word' id='word_1_601' title='bbox 1573 2301 1596 2326; x_wconf 88' lang='grc' dir='ltr'><strong>οἰ</strong></span> <span class='ocrx_word' id='word_1_602' title='bbox 1610 2299 1758 2333; x_wconf 78' lang='grc' dir='ltr'>Βούλγαροι</span> 
     </span>
    </p>
   </div>
   <div class='ocr_carea' id='block_1_93' title="bbox 128 2345 916 2388">
    <p class='ocr_par' dir='ltr' id='par_1_93' title="bbox 128 2347 916 2383">
     <span class='ocr_line' id='line_1_93' title="bbox 128 2347 916 2383; baseline 0.003 -9"><span class='ocrx_word' id='word_1_603' title='bbox 128 2348 334 2383; x_wconf 89' lang='lat' dir='ltr'><strong>citudinemque</strong></span> <span class='ocrx_word' id='word_1_604' title='bbox 355 2353 464 2383; x_wconf 71' lang='lat' dir='ltr'><strong>gerunt.</strong></span> <span class='ocrx_word' id='word_1_605' title='bbox 485 2347 553 2375; x_wconf 87' lang='lat' dir='ltr'><strong>Nam</strong></span> <span class='ocrx_word' id='word_1_606' title='bbox 582 2348 743 2383; x_wconf 87' lang='lat' dir='ltr'><strong>frequenter</strong></span> <span class='ocrx_word' id='word_1_607' title='bbox 766 2349 800 2376; x_wconf 84' lang='lat' dir='ltr'><strong>ab</strong></span> <span class='ocrx_word' id='word_1_608' title='bbox 818 2349 851 2376; x_wconf 91' lang='lat' dir='ltr'><strong>iis</strong></span> <span class='ocrx_word' id='word_1_609' title='bbox 873 2348 916 2376; x_wconf 89' lang='lat' dir='ltr'><strong>de-</strong></span> 
     </span>
    </p>
   </div>
   <div class='ocr_carea' id='block_1_94' title="bbox 977 2345 1758 2388">
    <p class='ocr_par' dir='ltr' id='par_1_94' title="bbox 977 2345 1758 2382">
     <span class='ocr_line' id='line_1_94' title="bbox 977 2345 1758 2382; baseline -0.005 -8"><span class='ocrx_word' id='word_1_610' title='bbox 977 2348 1071 2382; x_wconf 84' lang='grc' dir='ltr'>ἀγῶνα</span> <span class='ocrx_word' id='word_1_611' title='bbox 1089 2347 1136 2373; x_wconf 89' lang='lat' dir='ltr'><strong>xui</strong></span> <span class='ocrx_word' id='word_1_612' title='bbox 1152 2347 1268 2382; x_wconf 84' lang='grc' dir='ltr'>σπουδὴν</span> <span class='ocrx_word' id='word_1_613' title='bbox 1280 2346 1412 2382; x_wconf 85' lang='grc' dir='ltr'>διηνεκῶς</span> <span class='ocrx_word' id='word_1_614' title='bbox 1428 2347 1518 2382; x_wconf 75' lang='grc' dir='ltr'>ἔχουσι</span> <span class='ocrx_word' id='word_1_615' title='bbox 1532 2345 1580 2372; x_wconf 76' lang='grc' dir='ltr'>τοῦ</span> <span class='ocrx_word' id='word_1_616' title='bbox 1609 2345 1758 2381; x_wconf 80' lang='grc' dir='ltr'>εἰρηνεύειν</span> 
     </span>
    </p>
   </div>
   <div class='ocr_carea' id='block_1_95' title="bbox 128 2394 918 2430">
    <p class='ocr_par' dir='ltr' id='par_1_95' title="bbox 128 2394 918 2430">
     <span class='ocr_line' id='line_1_95' title="bbox 128 2394 918 2430; baseline 0 -8"><span class='ocrx_word' id='word_1_617' title='bbox 128 2394 221 2422; x_wconf 86' lang='lat' dir='ltr'><strong>bellati</strong></span> <span class='ocrx_word' id='word_1_618' title='bbox 254 2398 338 2430; x_wconf 85' lang='lat' dir='ltr'><strong>atque</strong></span> <span class='ocrx_word' id='word_1_619' title='bbox 375 2394 495 2427; x_wconf 76' lang='lat' dir='ltr'><strong>vastati,</strong></span> <span class='ocrx_word' id='word_1_620' title='bbox 531 2395 719 2430; x_wconf 78' lang='lat' dir='ltr'><strong>experimento</strong></span> <span class='ocrx_word' id='word_1_621' title='bbox 751 2395 918 2427; x_wconf 87' lang='lat' dir='ltr'><strong>didicerunt,</strong></span> 
     </span>
    </p>
   </div>
   <div class='ocr_carea' id='block_1_96' title="bbox 127 2441 920 2476">
    <p class='ocr_par' dir='ltr' id='par_1_96' title="bbox 127 2441 920 2476">
     <span class='ocr_line' id='line_1_96' title="bbox 127 2441 920 2476; baseline 0.003 -10"><span class='ocrx_word' id='word_1_622' title='bbox 127 2446 262 2475; x_wconf 79' lang='lat' dir='ltr'><strong>quantum</strong></span> <span class='ocrx_word' id='word_1_623' title='bbox 287 2441 340 2469; x_wconf 90' lang='lat' dir='ltr'><strong>sibi</strong></span> <span class='ocrx_word' id='word_1_624' title='bbox 372 2441 498 2469; x_wconf 79' lang='lat' dir='ltr'><strong>conferat</strong></span> <span class='ocrx_word' id='word_1_625' title='bbox 519 2445 616 2476; x_wconf 84' lang='lat' dir='ltr'><strong>pacate</strong></span> <span class='ocrx_word' id='word_1_626' title='bbox 648 2449 710 2469; x_wconf 89' lang='lat' dir='ltr'><strong>cum</strong></span> <span class='ocrx_word' id='word_1_627' title='bbox 733 2442 788 2469; x_wconf 88' lang='lat' dir='ltr'><strong>illis</strong></span> <span class='ocrx_word' id='word_1_628' title='bbox 813 2449 920 2476; x_wconf 86' lang='lat' dir='ltr'><strong>semper</strong></span> 
     </span>
    </p>
   </div>
   <div class='ocr_carea' id='block_1_97' title="bbox 126 2493 216 2521">
    <p class='ocr_par' dir='ltr' id='par_1_97' title="bbox 126 2493 216 2521">
     <span class='ocr_line' id='line_1_97' title="bbox 126 2493 216 2521; baseline 0 -8"><span class='ocrx_word' id='word_1_629' title='bbox 126 2493 216 2521; x_wconf 77' lang='lat' dir='ltr'><strong>agerc.</strong></span> 
     </span>
    </p>
   </div>
   <div class='ocr_carea' id='block_1_98' title="bbox 978 2392 1758 2429">
    <p class='ocr_par' dir='ltr' id='par_1_98' title="bbox 978 2392 1758 2429">
     <span class='ocr_line' id='line_1_98' title="bbox 978 2392 1758 2429; baseline -0.004 -7"><span class='ocrx_word' id='word_1_630' title='bbox 978 2394 1029 2422; x_wconf 79' lang='grc' dir='ltr'>καῖ</span> <span class='ocrx_word' id='word_1_631' title='bbox 1037 2395 1161 2429; x_wconf 74' lang='grc' dir='ltr'>ὁμονοεῖν</span> <span class='ocrx_word' id='word_1_632' title='bbox 1174 2395 1243 2429; x_wconf 76' lang='grc' dir='ltr'>μετὰ</span> <span class='ocrx_word' id='word_1_633' title='bbox 1259 2394 1313 2421; x_wconf 89' lang='grc' dir='ltr'><strong>τῶν</strong></span> <span class='ocrx_word' id='word_1_634' title='bbox 1332 2393 1547 2426; x_wconf 74' lang='grc' dir='ltr'>Ιιατζινακιτῶν.</span> <span class='ocrx_word' id='word_1_635' title='bbox 1573 2394 1620 2420; x_wconf 78' lang='lat' dir='ltr'><strong>‘Ex</strong></span> <span class='ocrx_word' id='word_1_636' title='bbox 1631 2392 1679 2419; x_wconf 79' lang='grc' dir='ltr'>τοῦ</span> <span class='ocrx_word' id='word_1_637' title='bbox 1707 2393 1758 2427; x_wconf 68' lang='grc' dir='ltr'><strong>γὰρ</strong></span> 
     </span>
    </p>
   </div>
   <div class='ocr_carea' id='block_1_99' title="bbox 975 2438 1758 2474">
    <p class='ocr_par' dir='ltr' id='par_1_99' title="bbox 975 2438 1758 2474">
     <span class='ocr_line' id='line_1_99' title="bbox 975 2438 1758 2474; baseline -0.003 -8"><span class='ocrx_word' id='word_1_638' title='bbox 975 2440 1106 2471; x_wconf 84' lang='grc' dir='ltr'>πολλάκις</span> <span class='ocrx_word' id='word_1_639' title='bbox 1118 2439 1163 2466; x_wconf 82' lang='grc' dir='ltr'><strong>ὑπ’</strong></span> <span class='ocrx_word' id='word_1_640' title='bbox 1181 2439 1271 2466; x_wconf 77' lang='grc' dir='ltr'>αὐτῶν</span> <span class='ocrx_word' id='word_1_641' title='bbox 1287 2439 1549 2474; x_wconf 83' lang='grc' dir='ltr'>καταπολεμηθῆναι</span> <span class='ocrx_word' id='word_1_642' title='bbox 1571 2439 1619 2466; x_wconf 86' lang='lat' dir='ltr'><strong>xui</strong></span> <span class='ocrx_word' id='word_1_643' title='bbox 1633 2438 1758 2473; x_wconf 87' lang='grc' dir='ltr'>πραιδευ-</span> 
     </span>
    </p>
   </div>
   <div class='ocr_carea' id='block_1_100' title="bbox 975 2482 1757 2521">
    <p class='ocr_par' dir='ltr' id='par_1_100' title="bbox 975 2482 1757 2521">
     <span class='ocr_line' id='line_1_100' title="bbox 975 2482 1757 2521; baseline 0 -9"><span class='ocrx_word' id='word_1_644' title='bbox 975 2486 1066 2520; x_wconf 81' lang='grc' dir='ltr'>θῆναι,</span> <span class='ocrx_word' id='word_1_645' title='bbox 1083 2487 1116 2521; x_wconf 79' lang='grc' dir='ltr'>τῇ</span> <span class='ocrx_word' id='word_1_646' title='bbox 1128 2486 1211 2521; x_wconf 79' lang='grc' dir='ltr'>πείρᾳ</span> <span class='ocrx_word' id='word_1_647' title='bbox 1227 2485 1362 2520; x_wconf 83' lang='grc' dir='ltr'>ἐγνώκασι</span> <span class='ocrx_word' id='word_1_648' title='bbox 1378 2486 1460 2512; x_wconf 79' lang='grc' dir='ltr'>καλὸν</span> <span class='ocrx_word' id='word_1_649' title='bbox 1471 2487 1517 2512; x_wconf 85' lang='lat' dir='ltr'><strong>xui</strong></span> <span class='ocrx_word' id='word_1_650' title='bbox 1536 2485 1674 2521; x_wconf 65' lang='grc' dir='ltr'>συμφέρον</span> <span class='ocrx_word' id='word_1_651' title='bbox 1691 2482 1757 2512; x_wconf 76' lang='grc' dir='ltr'>εἶνω</span> 
     </span>
    </p>
   </div>
   <div class='ocr_carea' id='block_1_101' title="bbox 976 2530 1447 2566">
    <p class='ocr_par' dir='ltr' id='par_1_101' title="bbox 976 2530 1447 2566">
     <span class='ocr_line' id='line_1_101' title="bbox 976 2530 1447 2566; baseline 0 -10"><span class='ocrx_word' id='word_1_652' title='bbox 976 2530 1007 2556; x_wconf 77' lang='grc' dir='ltr'><strong>τὸ</strong></span> <span class='ocrx_word' id='word_1_653' title='bbox 1022 2531 1171 2566; x_wconf 80' lang='grc' dir='ltr'>εἰρηνεύειν</span> <span class='ocrx_word' id='word_1_654' title='bbox 1189 2531 1233 2557; x_wconf 79' lang='grc' dir='ltr'><strong>ἀεὶ</strong></span> <span class='ocrx_word' id='word_1_655' title='bbox 1252 2531 1320 2566; x_wconf 77' lang='grc' dir='ltr'>πρὸς</span> <span class='ocrx_word' id='word_1_656' title='bbox 1339 2531 1447 2562; x_wconf 85' lang='grc' dir='ltr'>αὐτούς.</span> 
     </span>
    </p>
   </div>
   <div class='ocr_carea' id='block_1_102' title="bbox 699 2605 1161 2634">
    <p class='ocr_par' dir='ltr' id='par_1_102' title="bbox 699 2605 1161 2634">
     <span class='ocr_line' id='line_1_102' title="bbox 699 2605 1161 2634; baseline 0.002 -2"><span class='ocrx_word' id='word_1_657' title='bbox 699 2605 850 2633; x_wconf 77' lang='lat' dir='ltr'><strong>ANSELMI</strong></span> <span class='ocrx_word' id='word_1_658' title='bbox 864 2605 975 2634; x_wconf 78' lang='lat' dir='ltr'><strong>BANDl‘</strong></span> <span class='ocrx_word' id='word_1_659' title='bbox 983 2606 1029 2634; x_wconf 82' lang='lat' dir='ltr'><strong>RH</strong></span> <span class='ocrx_word' id='word_1_660' title='bbox 1044 2606 1161 2633; x_wconf 73' lang='grc' dir='ltr'><strong>ΝΟΤΑΞ.</strong></span> 
     </span>
    </p>
   </div>
   <div class='ocr_carea' id='block_1_103' title="bbox 162 2664 916 2700">
    <p class='ocr_par' dir='ltr' id='par_1_103' title="bbox 162 2664 916 2700">
     <span class='ocr_line' id='line_1_103' title="bbox 162 2664 916 2700; baseline 0.004 -10"><span class='ocrx_word' id='word_1_661' title='bbox 162 2664 218 2700; x_wconf 80' lang='grc'><strong>(77)</strong></span> <span class='ocrx_word' id='word_1_662' title='bbox 237 2664 380 2698; x_wconf 81' lang='lat' dir='ltr'><strong>Nimirum,</strong></span> <span class='ocrx_word' id='word_1_663' title='bbox 401 2666 436 2692; x_wconf 84' lang='lat' dir='ltr'><strong>ad</strong></span> <span class='ocrx_word' id='word_1_664' title='bbox 455 2666 514 2692; x_wconf 84' lang='lat' dir='ltr'><strong>loca</strong></span> <span class='ocrx_word' id='word_1_665' title='bbox 534 2665 654 2699; x_wconf 72' lang='lat' dir='ltr'><strong>[luminis</strong></span> <span class='ocrx_word' id='word_1_666' title='bbox 680 2671 824 2700; x_wconf 68' lang='lat' dir='ltr'><strong>prmmpta.</strong></span> <span class='ocrx_word' id='word_1_667' title='bbox 851 2665 916 2693; x_wconf 79' lang='lat' dir='ltr'><strong>Per—</strong></span> 
     </span>
    </p>
   </div>
   <div class='ocr_carea' id='block_1_104' title="bbox 126 2701 916 2736">
    <p class='ocr_par' dir='ltr' id='par_1_104' title="bbox 126 2701 916 2736">
     <span class='ocr_line' id='line_1_104' title="bbox 126 2701 916 2736; baseline 0.003 -11"><span class='ocrx_word' id='word_1_668' title='bbox 126 2708 219 2736; x_wconf 82' lang='lat' dir='ltr'><strong>petam</strong></span> <span class='ocrx_word' id='word_1_669' title='bbox 235 2701 291 2727; x_wconf 74' lang='lat' dir='ltr'><strong>haec</strong></span> <span class='ocrx_word' id='word_1_670' title='bbox 307 2701 504 2736; x_wconf 77' lang='lat' dir='ltr'><strong>interpretatur</strong></span> <span class='ocrx_word' id='word_1_671' title='bbox 520 2701 669 2733; x_wconf 88' lang='lat' dir='ltr'><strong>Meursius,</strong></span> <span class='ocrx_word' id='word_1_672' title='bbox 684 2702 711 2728; x_wconf 80' lang='lat' dir='ltr'><strong>in</strong></span> <span class='ocrx_word' id='word_1_673' title='bbox 722 2701 842 2735; x_wconf 75' lang='lat' dir='ltr'><strong>ﬂuminis</strong></span> <span class='ocrx_word' id='word_1_674' title='bbox 857 2709 916 2727; x_wconf 82' lang='lat' dir='ltr'><strong>mu-</strong></span> 
     </span>
    </p>
   </div>
   <div class='ocr_carea' id='block_1_105' title="bbox 127 2735 917 2771">
    <p class='ocr_par' dir='ltr' id='par_1_105' title="bbox 127 2735 917 2771">
     <span class='ocr_line' id='line_1_105' title="bbox 127 2735 917 2771; baseline 0.003 -11"><span class='ocrx_word' id='word_1_675' title='bbox 127 2735 269 2771; x_wconf 61' lang='lat' dir='ltr'><strong>nimentis;</strong></span> <span class='ocrx_word' id='word_1_676' title='bbox 285 2735 386 2770; x_wconf 76' lang='lat' dir='ltr'><strong>quippe</strong></span> <span class='ocrx_word' id='word_1_677' title='bbox 404 2737 430 2762; x_wconf 90' lang='lat' dir='ltr'><strong>in</strong></span> <span class='ocrx_word' id='word_1_678' title='bbox 458 2735 595 2769; x_wconf 86' lang='lat' dir='ltr'><strong>Danubio,</strong></span> <span class='ocrx_word' id='word_1_679' title='bbox 613 2736 731 2771; x_wconf 82' lang='lat' dir='ltr'><strong>Dunapri</strong></span> <span class='ocrx_word' id='word_1_680' title='bbox 747 2741 774 2762; x_wconf 88' lang='lat' dir='ltr'><strong>ct</strong></span> <span class='ocrx_word' id='word_1_681' title='bbox 792 2736 917 2763; x_wconf 84' lang='lat' dir='ltr'><strong>Dunastri</strong></span> 
     </span>
    </p>
   </div>
   <div class='ocr_carea' id='block_1_106' title="bbox 125 2770 918 2805">
    <p class='ocr_par' dir='ltr' id='par_1_106' title="bbox 125 2770 918 2805">
     <span class='ocr_line' id='line_1_106' title="bbox 125 2770 918 2805; baseline 0.001 -9"><span class='ocrx_word' id='word_1_682' title='bbox 125 2770 282 2797; x_wconf 80' lang='lat' dir='ltr'><strong>lliutiinibus</strong></span> <span class='ocrx_word' id='word_1_683' title='bbox 305 2771 378 2797; x_wconf 86' lang='lat' dir='ltr'><strong>nulla</strong></span> <span class='ocrx_word' id='word_1_684' title='bbox 403 2772 571 2798; x_wconf 88' lang='lat' dir='ltr'><strong>munimenta</strong></span> <span class='ocrx_word' id='word_1_685' title='bbox 595 2776 653 2798; x_wconf 87' lang='lat' dir='ltr'><strong>arte</strong></span> <span class='ocrx_word' id='word_1_686' title='bbox 671 2770 751 2803; x_wconf 79' lang='lat' dir='ltr'><strong>iacta,</strong></span> <span class='ocrx_word' id='word_1_687' title='bbox 768 2778 828 2805; x_wconf 59' lang='lat' dir='ltr'><strong>quae</strong></span> <span class='ocrx_word' id='word_1_688' title='bbox 843 2771 918 2797; x_wconf 85' lang='lat' dir='ltr'><strong>navi-</strong></span> 
     </span>
    </p>
   </div>
   <div class='ocr_carea' id='block_1_107' title="bbox 126 2805 921 2840">
    <p class='ocr_par' dir='ltr' id='par_1_107' title="bbox 126 2805 921 2840">
     <span class='ocr_line' id='line_1_107' title="bbox 126 2805 921 2840; baseline 0.003 -10"><span class='ocrx_word' id='word_1_689' title='bbox 126 2805 263 2838; x_wconf 71' lang='lat' dir='ltr'><strong>gationem</strong></span> <span class='ocrx_word' id='word_1_690' title='bbox 286 2805 446 2839; x_wconf 81' lang='lat' dir='ltr'><strong>impediant,</strong></span> <span class='ocrx_word' id='word_1_691' title='bbox 464 2806 640 2840; x_wconf 81' lang='lat' dir='ltr'><strong>reperiuntur</strong></span> <span class='ocrx_word' id='word_1_692' title='bbox 663 2815 670 2839; x_wconf 91' lang='lat'><strong>;</strong></span> <span class='ocrx_word' id='word_1_693' title='bbox 690 2808 749 2833; x_wconf 84' lang='lat' dir='ltr'><strong>loca</strong></span> <span class='ocrx_word' id='word_1_694' title='bbox 770 2814 833 2832; x_wconf 85' lang='lat' dir='ltr'><strong>vero</strong></span> <span class='ocrx_word' id='word_1_695' title='bbox 852 2813 921 2840; x_wconf 78' lang='lat' dir='ltr'><strong>pne-</strong></span> 
     </span>
    </p>
   </div>
   <div class='ocr_carea' id='block_1_108' title="bbox 125 2840 921 2877">
    <p class='ocr_par' dir='ltr' id='par_1_108' title="bbox 125 2840 921 2877">
     <span class='ocr_line' id='line_1_108' title="bbox 125 2840 921 2877; baseline 0.003 -11"><span class='ocrx_word' id='word_1_696' title='bbox 125 2845 214 2875; x_wconf 78' lang='lat' dir='ltr'><strong>rupta,</strong></span> <span class='ocrx_word' id='word_1_697' title='bbox 232 2847 278 2868; x_wconf 80' lang='lat' dir='ltr'><strong>seu</strong></span> <span class='ocrx_word' id='word_1_698' title='bbox 296 2848 379 2875; x_wconf 83' lang='lat' dir='ltr'><strong>rupes</strong></span> <span class='ocrx_word' id='word_1_699' title='bbox 392 2844 564 2875; x_wconf 72' lang='lat' dir='ltr'><strong>transversae,</strong></span> <span class='ocrx_word' id='word_1_700' title='bbox 576 2849 636 2877; x_wconf 70' lang='lat' dir='ltr'><strong>qua:</strong></span> <span class='ocrx_word' id='word_1_701' title='bbox 657 2841 773 2876; x_wconf 73' lang='lat' dir='ltr'><strong>navigiis</strong></span> <span class='ocrx_word' id='word_1_702' title='bbox 787 2840 921 2876; x_wconf 84' lang='lat' dir='ltr'><strong>permeari</strong></span> 
     </span>
    </p>
   </div>
   <div class='ocr_carea' id='block_1_109' title="bbox 968 2664 1757 2701">
    <p class='ocr_par' dir='ltr' id='par_1_109' title="bbox 968 2664 1757 2701">
     <span class='ocr_line' id='line_1_109' title="bbox 968 2664 1757 2701; baseline -0.001 -9"><span class='ocrx_word' id='word_1_703' title='bbox 968 2669 1117 2701; x_wconf 73' lang='lat' dir='ltr'><strong>nequeant,</strong></span> <span class='ocrx_word' id='word_1_704' title='bbox 1136 2664 1365 2701; x_wconf 73' lang='lat' dir='ltr'><strong>frequentissimae</strong></span> <span class='ocrx_word' id='word_1_705' title='bbox 1388 2667 1414 2694; x_wconf 92' lang='lat' dir='ltr'><strong>in</strong></span> <span class='ocrx_word' id='word_1_706' title='bbox 1434 2665 1551 2694; x_wconf 82' lang='lat' dir='ltr'><strong>laudatis</strong></span> <span class='ocrx_word' id='word_1_707' title='bbox 1566 2665 1653 2692; x_wconf 83' lang='lat' dir='ltr'><strong>fluviis</strong></span> <span class='ocrx_word' id='word_1_708' title='bbox 1664 2672 1757 2692; x_wconf 85' lang='lat' dir='ltr'><strong>occur-</strong></span> 
     </span>
    </p>
   </div>
   <div class='ocr_carea' id='block_1_110' title="bbox 969 2700 1757 2736">
    <p class='ocr_par' dir='ltr' id='par_1_110' title="bbox 969 2700 1757 2736">
     <span class='ocr_line' id='line_1_110' title="bbox 969 2700 1757 2736; baseline -0.004 -8"><span class='ocrx_word' id='word_1_709' title='bbox 969 2706 1047 2736; x_wconf 44' lang='lat' dir='ltr'><strong>runt,</strong></span> <span class='ocrx_word' id='word_1_710' title='bbox 1061 2700 1175 2736; x_wconf 79' lang='lat' dir='ltr'><strong>Nomina</strong></span> <span class='ocrx_word' id='word_1_711' title='bbox 1187 2700 1278 2729; x_wconf 79' lang='lat' dir='ltr'><strong>autem</strong></span> <span class='ocrx_word' id='word_1_712' title='bbox 1295 2703 1416 2729; x_wconf 83' lang='lat' dir='ltr'><strong>locorum</strong></span> <span class='ocrx_word' id='word_1_713' title='bbox 1437 2706 1647 2736; x_wconf 73' lang='lat' dir='ltr'><strong>praeruptorum,</strong></span> <span class='ocrx_word' id='word_1_714' title='bbox 1659 2708 1718 2733; x_wconf 78' lang='lat' dir='ltr'><strong>qua:</strong></span> <span class='ocrx_word' id='word_1_715' title='bbox 1733 2709 1757 2726; x_wconf 84' lang='lat' dir='ltr'><strong>lli</strong></span> 
     </span>
    </p>
   </div>
   <div class='ocr_carea' id='block_1_111' title="bbox 969 2735 1758 2795">
    <p class='ocr_par' dir='ltr' id='par_1_111' title="bbox 969 2735 1758 2795">
     <span class='ocr_line' id='line_1_111' title="bbox 969 2735 1758 2795; baseline -0.003 -32"><span class='ocrx_word' id='word_1_716' title='bbox 969 2736 1024 2763; x_wconf 88' lang='lat' dir='ltr'><strong>illis</strong></span> <span class='ocrx_word' id='word_1_717' title='bbox 1037 2735 1195 2763; x_wconf 84' lang='lat' dir='ltr'><strong>ﬂuminibus</strong></span> <span class='ocrx_word' id='word_1_718' title='bbox 1206 2738 1388 2771; x_wconf 87' lang='lat' dir='ltr'><strong>reperiuntur,</strong></span> <span class='ocrx_word' id='word_1_719' title='bbox 1397 2735 1574 2764; x_wconf 73' lang='lat' dir='ltr'><strong>recensentur</strong></span> <span class='ocrx_word' id='word_1_720' title='bbox 1583 2743 1598 2762; x_wconf 91' lang='lat' dir='ltr'><strong>a</strong></span> <span class='ocrx_word' id='word_1_721' title='bbox 1607 2735 1758 2795; x_wconf 47' lang='lat' dir='ltr'><strong>Porp‘liyre-</strong></span> 
     </span>
     <span class='ocr_line' id='line_1_112' title="bbox 972 2770 1758 2795; baseline 0 0"><span class='ocrx_word' id='word_1_722' title='bbox 972 2771 1064 2795; x_wconf 67' lang='grc' dir='ltr'>αειιίιο</span> <span class='ocrx_word' id='word_1_723' title='bbox 1091 2770 1172 2795; x_wconf 74' lang='lat' dir='ltr'><strong>paulo</strong></span> <span class='ocrx_word' id='word_1_724' title='bbox 1202 2772 1271 2795; x_wconf 79' lang='lat' dir='ltr'><strong>infra</strong></span> <span class='ocrx_word' id='word_1_725' title='bbox 1303 2780 1362 2795; x_wconf 73' lang='lat' dir='ltr'><strong>nan.</strong></span> <span class='ocrx_word' id='word_1_726' title='bbox 1393 2780 1428 2795; x_wconf 79' lang='grc' dir='ltr'>ιι.</span> <span class='ocrx_word' id='word_1_727' title='bbox 1455 2772 1499 2795; x_wconf 83' lang='lat' dir='ltr'><strong>ubi</strong></span> <span class='ocrx_word' id='word_1_728' title='bbox 1521 2772 1576 2795; x_wconf 73' lang='lat' dir='ltr'><strong>auit</strong></span> <span class='ocrx_word' id='word_1_729' title='bbox 1603 2771 1636 2795; x_wconf 85' lang='lat' dir='ltr'><strong>de</strong></span> <span class='ocrx_word' id='word_1_730' title='bbox 1688 2771 1758 2795; x_wconf 55' lang='lat' dir='ltr'><strong>uasis</strong></span> 
     </span>
    </p>
   </div>
   <div class='ocr_carea' id='block_1_112' title="bbox 972 2770 1758 2807">
    <p class='ocr_par' dir='ltr' id='par_1_112' title="bbox 972 2770 1758 2807">
     <span class='ocr_line' id='line_1_113' title="bbox 972 2770 1758 2807; baseline -0.001 -10"><span class='ocrx_word' id='word_1_731' title='bbox 972 2771 1064 2807; x_wconf 73' lang='lat' dir='ltr'><strong>genito</strong></span> <span class='ocrx_word' id='word_1_732' title='bbox 1091 2770 1172 2807; x_wconf 75' lang='lat' dir='ltr'><strong>paulo</strong></span> <span class='ocrx_word' id='word_1_733' title='bbox 1202 2770 1271 2799; x_wconf 81' lang='lat' dir='ltr'><strong>infra</strong></span> <span class='ocrx_word' id='word_1_734' title='bbox 1303 2780 1363 2807; x_wconf 88' lang='lat' dir='ltr'><strong>cap.</strong></span> <span class='ocrx_word' id='word_1_735' title='bbox 1393 2780 1429 2804; x_wconf 77' lang='grc' dir='ltr'><strong>ιι,</strong></span> <span class='ocrx_word' id='word_1_736' title='bbox 1455 2772 1499 2807; x_wconf 84' lang='lat' dir='ltr'><strong>ubi</strong></span> <span class='ocrx_word' id='word_1_737' title='bbox 1521 2772 1576 2805; x_wconf 71' lang='lat' dir='ltr'><strong>agit</strong></span> <span class='ocrx_word' id='word_1_738' title='bbox 1603 2771 1636 2797; x_wconf 87' lang='lat' dir='ltr'><strong>de</strong></span> <span class='ocrx_word' id='word_1_739' title='bbox 1663 2770 1758 2807; x_wconf 62' lang='lat' dir='ltr'><strong>[iussis</strong></span> 
     </span>
    </p>
   </div>
   <div class='ocr_carea' id='block_1_113' title="bbox 974 2805 1758 2867">
    <p class='ocr_par' dir='ltr' id='par_1_113' title="bbox 974 2805 1758 2867">
     <span class='ocr_line' id='line_1_114' title="bbox 974 2805 1758 2867; baseline 0 -36"><span class='ocrx_word' id='word_1_740' title='bbox 974 2805 1118 2867; x_wconf 30' lang='lat' dir='ltr'><strong>fwﬂtissia</strong></span> <span class='ocrx_word' id='word_1_741' title='bbox 1142 2805 1406 2843; x_wconf 74' lang='lat' dir='ltr'><strong>Constantinopolim</strong></span> <span class='ocrx_word' id='word_1_742' title='bbox 1442 2808 1469 2834; x_wconf 89' lang='lat' dir='ltr'><strong>in</strong></span> <span class='ocrx_word' id='word_1_743' title='bbox 1494 2806 1621 2834; x_wconf 83' lang='lat' dir='ltr'><strong>lintribus</strong></span> <span class='ocrx_word' id='word_1_744' title='bbox 1650 2805 1758 2832; x_wconf 47' lang='lat' dir='ltr'><strong>venien‘</strong></span> 
     </span>
     <span class='ocr_line' id='line_1_115' title="bbox 988 2849 1059 2867; baseline 0.014 -1"><span class='ocrx_word' id='word_1_745' title='bbox 988 2849 1059 2867; x_wconf 78' lang='lat' dir='ltr'><strong>nus.</strong></span> 
     </span>
    </p>
   </div>
   <div class='ocr_carea' id='block_1_114' title="bbox 975 2845 1059 2868">
    <p class='ocr_par' dir='ltr' id='par_1_114' title="bbox 975 2845 1059 2868">
     <span class='ocr_line' id='line_1_116' title="bbox 975 2845 1059 2868; baseline 0.012 -1"><span class='ocrx_word' id='word_1_746' title='bbox 975 2845 1059 2868; x_wconf 71' lang='grc' dir='ltr'>ιιυιις.</span> 
     </span>
    </p>
   </div>
  </div>
