  <div class='ocr_page' id='page_1' title='image "/cluster/home/n/w/nwhite01/storage/ocr_20150623/113/njp.32101077772968/109.png"; bbox 0 0 1923 3060; ppageno 0'>
   <div class='ocr_carea' id='block_1_1' title="bbox 123 125 174 157">
    <p class='ocr_par' dir='ltr' id='par_1_1' title="bbox 123 125 174 157">
     <span class='ocr_line' id='line_1_1' title="bbox 123 125 174 157; baseline 0 0"><span class='ocrx_word' id='word_1_1' title='bbox 123 125 174 157; x_wconf 75' lang='lat'><strong>207</strong></span> 
     </span>
    </p>
   </div>
   <div class='ocr_carea' id='block_1_2' title="bbox 633 124 1246 156">
    <p class='ocr_par' dir='ltr' id='par_1_2' title="bbox 633 124 1246 156">
     <span class='ocr_line' id='line_1_2' title="bbox 633 124 1246 156; baseline 0 -2"><span class='ocrx_word' id='word_1_2' title='bbox 633 124 887 154; x_wconf 71' lang='lat' dir='ltr'><strong>CONSTANTINI</strong></span> <span class='ocrx_word' id='word_1_3' title='bbox 903 125 1246 156; x_wconf 81' lang='lat' dir='ltr'><strong>PORPHYROGENITI</strong></span> 
     </span>
    </p>
   </div>
   <div class='ocr_carea' id='block_1_3' title="bbox 1690 120 1746 151">
    <p class='ocr_par' dir='ltr' id='par_1_3' title="bbox 1690 120 1746 151">
     <span class='ocr_line' id='line_1_3' title="bbox 1690 120 1746 151; baseline 0 0"><span class='ocrx_word' id='word_1_4' title='bbox 1690 120 1746 151; x_wconf 71' lang='lat'><strong>208</strong></span> 
     </span>
    </p>
   </div>
   <div class='ocr_carea' id='block_1_4' title="bbox 160 176 917 214">
    <p class='ocr_par' dir='ltr' id='par_1_4' title="bbox 160 177 908 213">
     <span class='ocr_line' id='line_1_4' title="bbox 160 177 908 213; baseline -0.008 -3"><span class='ocrx_word' id='word_1_5' title='bbox 160 180 210 210; x_wconf 69' lang='lat' dir='ltr'><strong>1E3</strong></span> <span class='ocrx_word' id='word_1_6' title='bbox 226 184 328 212; x_wconf 88' lang='lat' dir='ltr'><strong>autem,</strong></span> <span class='ocrx_word' id='word_1_7' title='bbox 339 186 371 206; x_wconf 78' lang='lat' dir='ltr'><strong>ex</strong></span> <span class='ocrx_word' id='word_1_8' title='bbox 388 185 443 213; x_wconf 88' lang='lat' dir='ltr'><strong>quo</strong></span> <span class='ocrx_word' id='word_1_9' title='bbox 457 177 600 206; x_wconf 81' lang='lat' dir='ltr'><strong>confectus</strong></span> <span class='ocrx_word' id='word_1_10' title='bbox 612 182 682 211; x_wconf 85' lang='lat' dir='ltr'><strong>erat,</strong></span> <span class='ocrx_word' id='word_1_11' title='bbox 692 178 815 210; x_wconf 85' lang='lat' dir='ltr'><strong>abstulit,</strong></span> <span class='ocrx_word' id='word_1_12' title='bbox 831 181 908 205; x_wconf 87' lang='lat' dir='ltr'><strong>tran-</strong></span> 
     </span>
    </p>
   </div>
   <div class='ocr_carea' id='block_1_5' title="bbox 971 176 1747 214">
    <p class='ocr_par' dir='ltr' id='par_1_5' title="bbox 971 176 1747 214">
     <span class='ocr_line' id='line_1_5' title="bbox 971 176 1747 214; baseline -0.006 -8"><span class='ocrx_word' id='word_1_13' title='bbox 971 178 1060 206; x_wconf 82' lang='grc' dir='ltr'>Ελαϐε</span> <span class='ocrx_word' id='word_1_14' title='bbox 1085 179 1113 206; x_wconf 77' lang='grc' dir='ltr'><strong>δὲ</strong></span> <span class='ocrx_word' id='word_1_15' title='bbox 1135 179 1182 206; x_wconf 82' lang='grc' dir='ltr'><strong>τὸν</strong></span> <span class='ocrx_word' id='word_1_16' title='bbox 1206 178 1305 214; x_wconf 80' lang='grc' dir='ltr'>χαλκὸν</span> <span class='ocrx_word' id='word_1_17' title='bbox 1319 177 1402 205; x_wconf 80' lang='grc' dir='ltr'><strong>αὐτοϋ</strong></span> <span class='ocrx_word' id='word_1_18' title='bbox 1420 177 1467 203; x_wconf 76' lang='grc' dir='ltr'><strong>καὶ</strong></span> <span class='ocrx_word' id='word_1_19' title='bbox 1480 176 1643 211; x_wconf 79' lang='grc' dir='ltr'>διεπέρασεν</span> <span class='ocrx_word' id='word_1_20' title='bbox 1660 176 1690 202; x_wconf 76' lang='grc' dir='ltr'><strong>έν</strong></span> <span class='ocrx_word' id='word_1_21' title='bbox 1711 178 1747 211; x_wconf 78' lang='grc' dir='ltr'>τῇ</span> 
     </span>
    </p>
   </div>
   <div class='ocr_carea' id='block_1_6' title="bbox 126 223 910 262">
    <p class='ocr_par' dir='ltr' id='par_1_6' title="bbox 126 223 910 262">
     <span class='ocr_line' id='line_1_6' title="bbox 126 223 910 262; baseline -0.005 -8"><span class='ocrx_word' id='word_1_22' title='bbox 126 226 313 262; x_wconf 82' lang='lat' dir='ltr'><strong>sportavitque</strong></span> <span class='ocrx_word' id='word_1_23' title='bbox 327 225 354 252; x_wconf 89' lang='lat' dir='ltr'><strong>in</strong></span> <span class='ocrx_word' id='word_1_24' title='bbox 374 223 492 260; x_wconf 79' lang='lat' dir='ltr'><strong>Syriam,</strong></span> <span class='ocrx_word' id='word_1_25' title='bbox 518 227 545 252; x_wconf 91' lang='lat' dir='ltr'><strong>et</strong></span> <span class='ocrx_word' id='word_1_26' title='bbox 562 223 678 251; x_wconf 89' lang='lat' dir='ltr'><strong>cuilibet</strong></span> <span class='ocrx_word' id='word_1_27' title='bbox 697 223 794 251; x_wconf 85' lang='lat' dir='ltr'><strong>venale</strong></span> <span class='ocrx_word' id='word_1_28' title='bbox 808 230 910 259; x_wconf 85' lang='lat' dir='ltr'><strong>propo-</strong></span> 
     </span>
    </p>
   </div>
   <div class='ocr_carea' id='block_1_7' title="bbox 125 269 909 304">
    <p class='ocr_par' dir='ltr' id='par_1_7' title="bbox 125 269 909 304">
     <span class='ocr_line' id='line_1_7' title="bbox 125 269 909 304; baseline -0.003 -6"><span class='ocrx_word' id='word_1_29' title='bbox 125 272 189 299; x_wconf 90' lang='lat' dir='ltr'><strong>suit.</strong></span> <span class='ocrx_word' id='word_1_30' title='bbox 206 271 277 298; x_wconf 88' lang='lat' dir='ltr'><strong>Emit</strong></span> <span class='ocrx_word' id='word_1_31' title='bbox 292 278 355 298; x_wconf 89' lang='lat' dir='ltr'><strong>vero</strong></span> <span class='ocrx_word' id='word_1_32' title='bbox 375 269 444 297; x_wconf 84' lang='lat' dir='ltr'><strong>illud</strong></span> <span class='ocrx_word' id='word_1_33' title='bbox 461 269 594 297; x_wconf 62' lang='lat' dir='ltr'><strong>Hebraus</strong></span> <span class='ocrx_word' id='word_1_34' title='bbox 608 269 720 304; x_wconf 77' lang='lat' dir='ltr'><strong>quidam</strong></span> <span class='ocrx_word' id='word_1_35' title='bbox 747 269 909 303; x_wconf 80' lang='lat' dir='ltr'><strong>Emesenus,</strong></span> 
     </span>
    </p>
   </div>
   <div class='ocr_carea' id='block_1_8' title="bbox 124 315 909 353">
    <p class='ocr_par' dir='ltr' id='par_1_8' title="bbox 124 315 909 353">
     <span class='ocr_line' id='line_1_8' title="bbox 124 315 909 353; baseline -0.001 -9"><span class='ocrx_word' id='word_1_36' title='bbox 124 318 170 353; x_wconf 89' lang='lat' dir='ltr'><strong>qui</strong></span> <span class='ocrx_word' id='word_1_37' title='bbox 186 325 201 344; x_wconf 88' lang='lat' dir='ltr'><strong>a</strong></span> <span class='ocrx_word' id='word_1_38' title='bbox 216 317 285 344; x_wconf 88' lang='lat' dir='ltr'><strong>mari</strong></span> <span class='ocrx_word' id='word_1_39' title='bbox 298 316 489 345; x_wconf 77' lang='lat' dir='ltr'><strong>adveltcndum</strong></span> <span class='ocrx_word' id='word_1_40' title='bbox 511 315 645 352; x_wconf 86' lang='lat' dir='ltr'><strong>imposuit</strong></span> <span class='ocrx_word' id='word_1_41' title='bbox 661 315 774 344; x_wconf 83' lang='lat' dir='ltr'><strong>camelis</strong></span> <span class='ocrx_word' id='word_1_42' title='bbox 785 323 909 352; x_wconf 81' lang='lat' dir='ltr'><strong>nongen-</strong></span> 
     </span>
    </p>
   </div>
   <div class='ocr_carea' id='block_1_9' title="bbox 123 362 362 397">
    <p class='ocr_par' dir='ltr' id='par_1_9' title="bbox 123 362 362 397">
     <span class='ocr_line' id='line_1_9' title="bbox 123 362 362 397; baseline 0 -8"><span class='ocrx_word' id='word_1_43' title='bbox 123 363 161 390; x_wconf 78' lang='lat' dir='ltr'><strong>tis</strong></span> <span class='ocrx_word' id='word_1_44' title='bbox 176 365 202 389; x_wconf 87' lang='lat' dir='ltr'><strong>et</strong></span> <span class='ocrx_word' id='word_1_45' title='bbox 214 362 362 397; x_wconf 87' lang='lat' dir='ltr'><strong>octoginta.</strong></span> 
     </span>
    </p>
   </div>
   <div class='ocr_carea' id='block_1_10' title="bbox 157 407 911 443">
    <p class='ocr_par' dir='ltr' id='par_1_10' title="bbox 157 407 911 443">
     <span class='ocr_line' id='line_1_10' title="bbox 157 407 911 443; baseline -0.001 -9"><span class='ocrx_word' id='word_1_46' title='bbox 157 407 263 435; x_wconf 82' lang='lat' dir='ltr'><strong>Mortuo</strong></span> <span class='ocrx_word' id='word_1_47' title='bbox 286 407 371 443; x_wconf 90' lang='lat' dir='ltr'><strong>igitur</strong></span> <span class='ocrx_word' id='word_1_48' title='bbox 392 407 552 440; x_wconf 84' lang='lat' dir='ltr'><strong>Utbmane,</strong></span> <span class='ocrx_word' id='word_1_49' title='bbox 585 407 706 435; x_wconf 80' lang='lat' dir='ltr'><strong>Arabum</strong></span> <span class='ocrx_word' id='word_1_50' title='bbox 731 407 911 443; x_wconf 87' lang='lat' dir='ltr'><strong>principatum</strong></span> 
     </span>
    </p>
   </div>
   <div class='ocr_carea' id='block_1_11' title="bbox 129 453 913 490">
    <p class='ocr_par' dir='ltr' id='par_1_11' title="bbox 129 453 913 490">
     <span class='ocr_line' id='line_1_11' title="bbox 129 453 913 490; baseline 0 -10"><span class='ocrx_word' id='word_1_51' title='bbox 129 453 184 489; x_wconf 81' lang='lat'><strong>73</strong></span> <span class='ocrx_word' id='word_1_52' title='bbox 205 454 329 489; x_wconf 75' lang='lat' dir='ltr'><strong>suscepit</strong></span> <span class='ocrx_word' id='word_1_53' title='bbox 349 453 472 488; x_wconf 85' lang='lat' dir='ltr'><strong>Mavias;</strong></span> <span class='ocrx_word' id='word_1_54' title='bbox 491 461 524 482; x_wconf 88' lang='lat' dir='ltr'><strong>ac</strong></span> <span class='ocrx_word' id='word_1_55' title='bbox 543 454 594 482; x_wconf 88' lang='lat' dir='ltr'><strong>sub</strong></span> <span class='ocrx_word' id='word_1_56' title='bbox 616 454 730 490; x_wconf 84' lang='lat' dir='ltr'><strong>imperio</strong></span> <span class='ocrx_word' id='word_1_57' title='bbox 749 462 799 482; x_wconf 90' lang='lat' dir='ltr'><strong>suo</strong></span> <span class='ocrx_word' id='word_1_58' title='bbox 819 453 913 481; x_wconf 89' lang='lat' dir='ltr'><strong>habuit</strong></span> 
     </span>
    </p>
   </div>
   <div class='ocr_carea' id='block_1_12' title="bbox 124 499 914 535">
    <p class='ocr_par' dir='ltr' id='par_1_12' title="bbox 124 499 914 535">
     <span class='ocr_line' id='line_1_12' title="bbox 124 499 914 535; baseline 0.001 -9"><span class='ocrx_word' id='word_1_59' title='bbox 124 503 249 526; x_wconf 83' lang='lat' dir='ltr'><strong>sanctam</strong></span> <span class='ocrx_word' id='word_1_60' title='bbox 264 499 371 532; x_wconf 82' lang='lat' dir='ltr'><strong>urbem,</strong></span> <span class='ocrx_word' id='word_1_61' title='bbox 386 499 539 527; x_wconf 48' lang='lat' dir='ltr'><strong>Palaestinae.</strong></span> <span class='ocrx_word' id='word_1_62' title='bbox 553 505 655 535; x_wconf 86' lang='lat' dir='ltr'><strong>partes,</strong></span> <span class='ocrx_word' id='word_1_63' title='bbox 670 500 845 532; x_wconf 83' lang='lat' dir='ltr'><strong>Damascum,</strong></span> <span class='ocrx_word' id='word_1_64' title='bbox 859 501 914 527; x_wconf 87' lang='lat' dir='ltr'><strong>An-</strong></span> 
     </span>
    </p>
   </div>
   <div class='ocr_carea' id='block_1_13' title="bbox 125 545 914 582">
    <p class='ocr_par' dir='ltr' id='par_1_13' title="bbox 125 545 914 582">
     <span class='ocr_line' id='line_1_13' title="bbox 125 545 914 582; baseline 0 -10"><span class='ocrx_word' id='word_1_65' title='bbox 125 545 269 578; x_wconf 83' lang='lat' dir='ltr'><strong>tiochiam,</strong></span> <span class='ocrx_word' id='word_1_66' title='bbox 288 549 316 573; x_wconf 90' lang='lat' dir='ltr'><strong>et</strong></span> <span class='ocrx_word' id='word_1_67' title='bbox 336 552 431 574; x_wconf 85' lang='lat' dir='ltr'><strong>omnes</strong></span> <span class='ocrx_word' id='word_1_68' title='bbox 444 546 552 582; x_wconf 64' lang='lat' dir='ltr'><strong>Egypti</strong></span> <span class='ocrx_word' id='word_1_69' title='bbox 573 546 668 574; x_wconf 81' lang='lat' dir='ltr'><strong>urbes.</strong></span> <span class='ocrx_word' id='word_1_70' title='bbox 690 546 761 573; x_wconf 84' lang='lat' dir='ltr'><strong>Al&#39;un</strong></span> <span class='ocrx_word' id='word_1_71' title='bbox 780 553 846 574; x_wconf 88' lang='lat' dir='ltr'><strong>vero</strong></span> <span class='ocrx_word' id='word_1_72' title='bbox 867 545 914 580; x_wconf 91' lang='lat' dir='ltr'><strong>qui</strong></span> 
     </span>
    </p>
   </div>
   <div class='ocr_carea' id='block_1_14' title="bbox 83 591 915 623">
    <p class='ocr_par' dir='ltr' id='par_1_14' title="bbox 83 591 915 623">
     <span class='ocr_line' id='line_1_14' title="bbox 83 591 915 623; baseline 0 -5"><span class='ocrx_word' id='word_1_73' title='bbox 83 608 85 610; x_wconf 63' lang='grc' dir='ltr'><strong>η</strong></span> <span class='ocrx_word' id='word_1_74' title='bbox 125 591 289 619; x_wconf 84' lang='lat' dir='ltr'><strong>Mahometis</strong></span> <span class='ocrx_word' id='word_1_75' title='bbox 303 591 386 619; x_wconf 81' lang='lat' dir='ltr'><strong>ﬁliam</strong></span> <span class='ocrx_word' id='word_1_76' title='bbox 403 591 546 620; x_wconf 83' lang='lat' dir='ltr'><strong>Phatimen</strong></span> <span class='ocrx_word' id='word_1_77' title='bbox 560 599 672 619; x_wconf 86' lang='lat' dir='ltr'><strong>uxorem</strong></span> <span class='ocrx_word' id='word_1_78' title='bbox 688 592 814 623; x_wconf 80' lang='lat' dir='ltr'><strong>duxerat,</strong></span> <span class='ocrx_word' id='word_1_79' title='bbox 827 591 915 618; x_wconf 84' lang='lat' dir='ltr'><strong>tenuit</strong></span> 
     </span>
    </p>
   </div>
   <div class='ocr_carea' id='block_1_15' title="bbox 125 636 917 665">
    <p class='ocr_par' dir='ltr' id='par_1_15' title="bbox 125 636 917 665">
     <span class='ocr_line' id='line_1_15' title="bbox 125 636 917 665; baseline 0 -1"><span class='ocrx_word' id='word_1_80' title='bbox 125 637 284 665; x_wconf 69' lang='lat' dir='ltr'><strong>Aithribum</strong></span> <span class='ocrx_word' id='word_1_81' title='bbox 298 640 326 665; x_wconf 90' lang='lat' dir='ltr'><strong>et</strong></span> <span class='ocrx_word' id='word_1_82' title='bbox 338 637 467 665; x_wconf 76' lang='lat' dir='ltr'><strong>Arabiam</strong></span> <span class='ocrx_word' id='word_1_83' title='bbox 480 637 611 665; x_wconf 71' lang='lat' dir='ltr'><strong>Petraeam</strong></span> <span class='ocrx_word' id='word_1_84' title='bbox 624 638 793 665; x_wconf 81' lang='lat' dir='ltr'><strong>universam.</strong></span> <span class='ocrx_word' id='word_1_85' title='bbox 807 636 855 665; x_wconf 86' lang='lat' dir='ltr'><strong>His</strong></span> <span class='ocrx_word' id='word_1_86' title='bbox 868 637 917 664; x_wconf 82' lang='lat' dir='ltr'><strong>ita-</strong></span> 
     </span>
    </p>
   </div>
   <div class='ocr_carea' id='block_1_16' title="bbox 127 682 916 718">
    <p class='ocr_par' dir='ltr' id='par_1_16' title="bbox 127 682 916 718">
     <span class='ocr_line' id='line_1_16' title="bbox 127 682 916 718; baseline 0 -9"><span class='ocrx_word' id='word_1_87' title='bbox 127 689 181 718; x_wconf 86' lang='lat' dir='ltr'><strong>que</strong></span> <span class='ocrx_word' id='word_1_88' title='bbox 202 682 298 710; x_wconf 90' lang='lat' dir='ltr'><strong>diebus</strong></span> <span class='ocrx_word' id='word_1_89' title='bbox 322 682 356 710; x_wconf 87' lang='lat' dir='ltr'><strong>de</strong></span> <span class='ocrx_word' id='word_1_90' title='bbox 376 682 463 718; x_wconf 74' lang='lat' dir='ltr'><strong>Syriae</strong></span> <span class='ocrx_word' id='word_1_91' title='bbox 482 683 598 718; x_wconf 83' lang='lat' dir='ltr'><strong>imperio</strong></span> <span class='ocrx_word' id='word_1_92' title='bbox 617 687 714 710; x_wconf 87' lang='lat' dir='ltr'><strong>mntun</strong></span> <span class='ocrx_word' id='word_1_93' title='bbox 730 682 916 718; x_wconf 82' lang='lat' dir='ltr'><strong>disceptantes</strong></span> 
     </span>
    </p>
   </div>
   <div class='ocr_carea' id='block_1_17' title="bbox 106 727 914 769">
    <p class='ocr_par' dir='ltr' id='par_1_17' title="bbox 106 727 914 769">
     <span class='ocr_line' id='line_1_17' title="bbox 106 727 914 769; baseline 0 -14"><span class='ocrx_word' id='word_1_94' title='bbox 106 728 198 769; x_wconf 35' lang='lat' dir='ltr'><strong>‘Alim</strong></span> <span class='ocrx_word' id='word_1_95' title='bbox 218 733 246 756; x_wconf 87' lang='lat' dir='ltr'><strong>et</strong></span> <span class='ocrx_word' id='word_1_96' title='bbox 266 727 377 761; x_wconf 78' lang='lat' dir='ltr'><strong>Mavias,</strong></span> <span class='ocrx_word' id='word_1_97' title='bbox 401 729 428 756; x_wconf 94' lang='lat' dir='ltr'><strong>in</strong></span> <span class='ocrx_word' id='word_1_98' title='bbox 450 732 574 764; x_wconf 88' lang='lat' dir='ltr'><strong>apertum</strong></span> <span class='ocrx_word' id='word_1_99' title='bbox 595 729 697 756; x_wconf 72' lang='lat' dir='ltr'><strong>bellum</strong></span> <span class='ocrx_word' id='word_1_100' title='bbox 721 731 914 764; x_wconf 84' lang='lat' dir='ltr'><strong>proruperunt,</strong></span> 
     </span>
    </p>
   </div>
   <div class='ocr_carea' id='block_1_18' title="bbox 127 774 913 810">
    <p class='ocr_par' dir='ltr' id='par_1_18' title="bbox 127 774 913 810">
     <span class='ocr_line' id='line_1_18' title="bbox 127 774 913 810; baseline 0.001 -9"><span class='ocrx_word' id='word_1_101' title='bbox 127 779 260 810; x_wconf 77' lang='lat' dir='ltr'><strong>atroxque</strong></span> <span class='ocrx_word' id='word_1_102' title='bbox 286 774 410 810; x_wconf 64' lang='lat' dir='ltr'><strong>prslium</strong></span> <span class='ocrx_word' id='word_1_103' title='bbox 438 774 471 801; x_wconf 87' lang='lat' dir='ltr'><strong>ad</strong></span> <span class='ocrx_word' id='word_1_104' title='bbox 498 774 663 809; x_wconf 86' lang='lat' dir='ltr'><strong>Euphratem</strong></span> <span class='ocrx_word' id='word_1_105' title='bbox 689 779 913 808; x_wconf 86' lang='lat' dir='ltr'><strong>conseruernnt;</strong></span> 
     </span>
    </p>
   </div>
   <div class='ocr_carea' id='block_1_19' title="bbox 127 820 912 854">
    <p class='ocr_par' dir='ltr' id='par_1_19' title="bbox 127 820 912 854">
     <span class='ocr_line' id='line_1_19' title="bbox 127 820 912 854; baseline 0 -6"><span class='ocrx_word' id='word_1_106' title='bbox 127 820 246 848; x_wconf 81' lang='lat' dir='ltr'><strong>durante</strong></span> <span class='ocrx_word' id='word_1_107' title='bbox 264 820 407 854; x_wconf 80' lang='lat' dir='ltr'><strong>conﬂictu,</strong></span> <span class='ocrx_word' id='word_1_108' title='bbox 425 827 456 847; x_wconf 89' lang='lat' dir='ltr'><strong>ac</strong></span> <span class='ocrx_word' id='word_1_109' title='bbox 471 820 566 848; x_wconf 90' lang='lat' dir='ltr'><strong>multis</strong></span> <span class='ocrx_word' id='word_1_110' title='bbox 583 820 647 848; x_wconf 92' lang='lat' dir='ltr'><strong>hinc</strong></span> <span class='ocrx_word' id='word_1_111' title='bbox 662 820 726 848; x_wconf 85' lang='lat' dir='ltr'><strong>inde</strong></span> <span class='ocrx_word' id='word_1_112' title='bbox 739 820 912 854; x_wconf 74' lang='lat' dir='ltr'><strong>cadentibus,</strong></span> 
     </span>
    </p>
   </div>
   <div class='ocr_carea' id='block_1_20' title="bbox 126 866 911 901">
    <p class='ocr_par' dir='ltr' id='par_1_20' title="bbox 126 866 911 901">
     <span class='ocr_line' id='line_1_20' title="bbox 126 866 911 901; baseline 0 -9"><span class='ocrx_word' id='word_1_113' title='bbox 126 872 159 893; x_wconf 86' lang='lat' dir='ltr'><strong>ex</strong></span> <span class='ocrx_word' id='word_1_114' title='bbox 177 870 293 901; x_wconf 84' lang='lat' dir='ltr'><strong>utraque</strong></span> <span class='ocrx_word' id='word_1_115' title='bbox 313 866 503 901; x_wconf 82' lang='lat' dir='ltr'><strong>Agarenorum</strong></span> <span class='ocrx_word' id='word_1_116' title='bbox 526 869 603 901; x_wconf 84' lang='lat' dir='ltr'><strong>parte</strong></span> <span class='ocrx_word' id='word_1_117' title='bbox 626 866 827 893; x_wconf 83' lang='lat' dir='ltr'><strong>conclamatum</strong></span> <span class='ocrx_word' id='word_1_118' title='bbox 848 869 911 894; x_wconf 88' lang='lat' dir='ltr'><strong>est:</strong></span> 
     </span>
    </p>
   </div>
   <div class='ocr_carea' id='block_1_21' title="bbox 126 905 915 948">
    <p class='ocr_par' dir='ltr' id='par_1_21' title="bbox 126 905 915 948">
     <span class='ocr_line' id='line_1_21' title="bbox 126 905 915 948; baseline 0.003 -10"><span class='ocrx_word' id='word_1_119' title='bbox 126 910 217 944; x_wconf 83' lang='lat' dir='ltr'><strong>Quare</strong></span> <span class='ocrx_word' id='word_1_120' title='bbox 237 915 359 938; x_wconf 86' lang='lat' dir='ltr'><strong>mutuam</strong></span> <span class='ocrx_word' id='word_1_121' title='bbox 381 911 410 938; x_wconf 90' lang='lat' dir='ltr'><strong>in</strong></span> <span class='ocrx_word' id='word_1_122' title='bbox 432 905 533 939; x_wconf 60' lang='lat' dir='ltr'><strong>caedem</strong></span> <span class='ocrx_word' id='word_1_123' title='bbox 554 911 680 944; x_wconf 89' lang='lat' dir='ltr'><strong>ruimus,</strong></span> <span class='ocrx_word' id='word_1_124' title='bbox 699 919 842 948; x_wconf 83' lang='lat' dir='ltr'><strong>genusque</strong></span> <span class='ocrx_word' id='word_1_125' title='bbox 865 919 915 940; x_wconf 85' lang='lat' dir='ltr'><strong>no-</strong></span> 
     </span>
    </p>
   </div>
   <div class='ocr_carea' id='block_1_22' title="bbox 126 957 917 987">
    <p class='ocr_par' dir='ltr' id='par_1_22' title="bbox 126 957 917 987">
     <span class='ocr_line' id='line_1_22' title="bbox 126 957 917 987; baseline 0.001 -2"><span class='ocrx_word' id='word_1_126' title='bbox 126 961 213 985; x_wconf 85' lang='lat' dir='ltr'><strong>strum</strong></span> <span class='ocrx_word' id='word_1_127' title='bbox 230 965 263 986; x_wconf 89' lang='lat' dir='ltr'><strong>ex</strong></span> <span class='ocrx_word' id='word_1_128' title='bbox 279 957 439 986; x_wconf 86' lang='lat' dir='ltr'><strong>hominibus</strong></span> <span class='ocrx_word' id='word_1_129' title='bbox 455 958 580 985; x_wconf 70' lang='lat' dir='ltr'><strong>tollitur?</strong></span> <span class='ocrx_word' id='word_1_130' title='bbox 595 958 696 986; x_wconf 83' lang='lat' dir='ltr'><strong>Verum</strong></span> <span class='ocrx_word' id='word_1_131' title='bbox 705 958 760 986; x_wconf 92' lang='lat' dir='ltr'><strong>duo</strong></span> <span class='ocrx_word' id='word_1_132' title='bbox 774 965 855 987; x_wconf 76' lang='lat' dir='ltr'><strong>senes</strong></span> <span class='ocrx_word' id='word_1_133' title='bbox 869 957 917 986; x_wconf 84' lang='lat' dir='ltr'><strong>de-</strong></span> 
     </span>
    </p>
   </div>
   <div class='ocr_carea' id='block_1_23' title="bbox 125 1002 916 1039">
    <p class='ocr_par' dir='ltr' id='par_1_23' title="bbox 125 1002 916 1039">
     <span class='ocr_line' id='line_1_23' title="bbox 125 1002 916 1039; baseline 0 -9"><span class='ocrx_word' id='word_1_134' title='bbox 125 1003 246 1039; x_wconf 75' lang='lat' dir='ltr'><strong>ligantur</strong></span> <span class='ocrx_word' id='word_1_135' title='bbox 264 1010 298 1030; x_wconf 88' lang='lat' dir='ltr'><strong>ex</strong></span> <span class='ocrx_word' id='word_1_136' title='bbox 318 1008 438 1038; x_wconf 86' lang='lat' dir='ltr'><strong>utraque</strong></span> <span class='ocrx_word' id='word_1_137' title='bbox 457 1007 546 1038; x_wconf 75' lang='lat' dir='ltr'><strong>parte,</strong></span> <span class='ocrx_word' id='word_1_138' title='bbox 561 1008 589 1030; x_wconf 86' lang='lat' dir='ltr'><strong>et</strong></span> <span class='ocrx_word' id='word_1_139' title='bbox 603 1003 626 1031; x_wconf 93' lang='lat' dir='ltr'><strong>is</strong></span> <span class='ocrx_word' id='word_1_140' title='bbox 640 1003 826 1038; x_wconf 84' lang='lat' dir='ltr'><strong>principatum</strong></span> <span class='ocrx_word' id='word_1_141' title='bbox 842 1002 916 1030; x_wconf 90' lang='lat' dir='ltr'><strong>obti-</strong></span> 
     </span>
    </p>
   </div>
   <div class='ocr_carea' id='block_1_24' title="bbox 125 1048 916 1084">
    <p class='ocr_par' dir='ltr' id='par_1_24' title="bbox 125 1048 916 1084">
     <span class='ocr_line' id='line_1_24' title="bbox 125 1048 916 1084; baseline 0 -8"><span class='ocrx_word' id='word_1_142' title='bbox 125 1053 200 1081; x_wconf 86' lang='lat' dir='ltr'><strong>neat,</strong></span> <span class='ocrx_word' id='word_1_143' title='bbox 211 1056 293 1084; x_wconf 85' lang='lat' dir='ltr'><strong>quem</strong></span> <span class='ocrx_word' id='word_1_144' title='bbox 305 1049 358 1084; x_wconf 88' lang='lat' dir='ltr'><strong>ipsi</strong></span> <span class='ocrx_word' id='word_1_145' title='bbox 369 1049 448 1076; x_wconf 86' lang='lat' dir='ltr'><strong>alteri</strong></span> <span class='ocrx_word' id='word_1_146' title='bbox 458 1049 640 1084; x_wconf 69' lang='lat' dir='ltr'><strong>praetulerint.</strong></span> <span class='ocrx_word' id='word_1_147' title='bbox 652 1048 761 1076; x_wconf 83' lang='lat' dir='ltr'><strong>Placuit</strong></span> <span class='ocrx_word' id='word_1_148' title='bbox 771 1049 916 1077; x_wconf 84' lang='lat' dir='ltr'><strong>consilium</strong></span> 
     </span>
    </p>
   </div>
   <div class='ocr_carea' id='block_1_25' title="bbox 125 1094 918 1130">
    <p class='ocr_par' dir='ltr' id='par_1_25' title="bbox 125 1094 918 1130">
     <span class='ocr_line' id='line_1_25' title="bbox 125 1094 918 1130; baseline 0.001 -8"><span class='ocrx_word' id='word_1_149' title='bbox 125 1095 196 1123; x_wconf 76' lang='lat' dir='ltr'><strong>Alim</strong></span> <span class='ocrx_word' id='word_1_150' title='bbox 212 1099 240 1123; x_wconf 90' lang='lat' dir='ltr'><strong>et</strong></span> <span class='ocrx_word' id='word_1_151' title='bbox 256 1095 352 1123; x_wconf 63' lang='lat' dir='ltr'><strong>Mavlae</strong></span> <span class='ocrx_word' id='word_1_152' title='bbox 365 1116 374 1129; x_wconf 92' lang='lat'><strong>,</strong></span> <span class='ocrx_word' id='word_1_153' title='bbox 398 1095 597 1130; x_wconf 76' lang='lat' dir='ltr'><strong>detractasque</strong></span> <span class='ocrx_word' id='word_1_154' title='bbox 609 1094 643 1123; x_wconf 90' lang='lat' dir='ltr'><strong>de</strong></span> <span class='ocrx_word' id='word_1_155' title='bbox 659 1095 786 1123; x_wconf 84' lang='lat' dir='ltr'><strong>manibus</strong></span> <span class='ocrx_word' id='word_1_156' title='bbox 801 1095 918 1123; x_wconf 86' lang='lat' dir='ltr'><strong>annulos</strong></span> 
     </span>
    </p>
   </div>
   <div class='ocr_carea' id='block_1_26' title="bbox 127 1141 918 1177">
    <p class='ocr_par' dir='ltr' id='par_1_26' title="bbox 127 1141 918 1177">
     <span class='ocr_line' id='line_1_26' title="bbox 127 1141 918 1177; baseline 0 -8"><span class='ocrx_word' id='word_1_157' title='bbox 127 1141 237 1170; x_wconf 85' lang='lat' dir='ltr'><strong>duobus</strong></span> <span class='ocrx_word' id='word_1_158' title='bbox 253 1141 367 1170; x_wconf 83' lang='lat' dir='ltr'><strong>senibus</strong></span> <span class='ocrx_word' id='word_1_159' title='bbox 379 1141 535 1176; x_wconf 87' lang='lat' dir='ltr'><strong>dederunt;</strong></span> <span class='ocrx_word' id='word_1_160' title='bbox 549 1141 622 1177; x_wconf 90' lang='lat' dir='ltr'><strong>quod</strong></span> <span class='ocrx_word' id='word_1_161' title='bbox 635 1141 746 1177; x_wconf 80' lang='lat' dir='ltr'><strong>quidem</strong></span> <span class='ocrx_word' id='word_1_162' title='bbox 762 1141 834 1177; x_wconf 84' lang='lat' dir='ltr'><strong>apud</strong></span> <span class='ocrx_word' id='word_1_163' title='bbox 846 1142 918 1177; x_wconf 81' lang='lat' dir='ltr'><strong>Aga-</strong></span> 
     </span>
    </p>
   </div>
   <div class='ocr_carea' id='block_1_27' title="bbox 128 1187 916 1223">
    <p class='ocr_par' dir='ltr' id='par_1_27' title="bbox 128 1187 916 1223">
     <span class='ocr_line' id='line_1_27' title="bbox 128 1187 916 1223; baseline -0.001 -7"><span class='ocrx_word' id='word_1_164' title='bbox 128 1195 210 1216; x_wconf 89' lang='lat' dir='ltr'><strong>reuos</strong></span> <span class='ocrx_word' id='word_1_165' title='bbox 223 1187 398 1223; x_wconf 83' lang='lat' dir='ltr'><strong>principatus</strong></span> <span class='ocrx_word' id='word_1_166' title='bbox 414 1188 521 1223; x_wconf 83' lang='lat' dir='ltr'><strong>signum</strong></span> <span class='ocrx_word' id='word_1_167' title='bbox 535 1191 588 1220; x_wconf 85' lang='lat' dir='ltr'><strong>est.</strong></span> <span class='ocrx_word' id='word_1_168' title='bbox 603 1191 822 1223; x_wconf 75' lang='lat' dir='ltr'><strong>potestatemque</strong></span> <span class='ocrx_word' id='word_1_169' title='bbox 838 1195 916 1215; x_wconf 85' lang='lat' dir='ltr'><strong>suam</strong></span> 
     </span>
    </p>
   </div>
   <div class='ocr_carea' id='block_1_28' title="bbox 129 1234 918 1266">
    <p class='ocr_par' dir='ltr' id='par_1_28' title="bbox 129 1234 918 1266">
     <span class='ocr_line' id='line_1_28' title="bbox 129 1234 918 1266; baseline -0.003 -3"><span class='ocrx_word' id='word_1_170' title='bbox 129 1242 225 1263; x_wconf 86' lang='lat' dir='ltr'><strong>senum</strong></span> <span class='ocrx_word' id='word_1_171' title='bbox 238 1234 356 1262; x_wconf 90' lang='lat' dir='ltr'><strong>duorum</strong></span> <span class='ocrx_word' id='word_1_172' title='bbox 372 1234 508 1262; x_wconf 87' lang='lat' dir='ltr'><strong>voluntati</strong></span> <span class='ocrx_word' id='word_1_173' title='bbox 519 1234 732 1266; x_wconf 88' lang='lat' dir='ltr'><strong>commiserunt,</strong></span> <span class='ocrx_word' id='word_1_174' title='bbox 744 1238 918 1262; x_wconf 78' lang='lat' dir='ltr'><strong>sacramento</strong></span> 
     </span>
    </p>
   </div>
   <div class='ocr_carea' id='block_1_29' title="bbox 129 1279 918 1317">
    <p class='ocr_par' dir='ltr' id='par_1_29' title="bbox 129 1279 918 1317">
     <span class='ocr_line' id='line_1_29' title="bbox 129 1279 918 1317; baseline 0 -9"><span class='ocrx_word' id='word_1_175' title='bbox 129 1281 207 1316; x_wconf 86' lang='lat' dir='ltr'><strong>prius</strong></span> <span class='ocrx_word' id='word_1_176' title='bbox 220 1281 306 1314; x_wconf 81' lang='lat' dir='ltr'><strong>edito.</strong></span> <span class='ocrx_word' id='word_1_177' title='bbox 325 1287 356 1309; x_wconf 77' lang='lat' dir='ltr'><strong>se</strong></span> <span class='ocrx_word' id='word_1_178' title='bbox 374 1288 568 1317; x_wconf 82' lang='lat' dir='ltr'><strong>quemcunque</strong></span> <span class='ocrx_word' id='word_1_179' title='bbox 584 1288 666 1308; x_wconf 82' lang='lat' dir='ltr'><strong>senes</strong></span> <span class='ocrx_word' id='word_1_180' title='bbox 687 1279 846 1316; x_wconf 77' lang='lat' dir='ltr'><strong>deligerent,</strong></span> <span class='ocrx_word' id='word_1_181' title='bbox 866 1287 918 1317; x_wconf 89' lang='lat' dir='ltr'><strong>pro</strong></span> 
     </span>
    </p>
   </div>
   <div class='ocr_carea' id='block_1_30' title="bbox 128 1325 918 1362">
    <p class='ocr_par' dir='ltr' id='par_1_30' title="bbox 128 1325 918 1362">
     <span class='ocr_line' id='line_1_30' title="bbox 128 1325 918 1362; baseline -0.001 -8"><span class='ocrx_word' id='word_1_182' title='bbox 128 1326 240 1354; x_wconf 85' lang='lat' dir='ltr'><strong>domino</strong></span> <span class='ocrx_word' id='word_1_183' title='bbox 256 1333 289 1354; x_wconf 85' lang='lat' dir='ltr'><strong>ac</strong></span> <span class='ocrx_word' id='word_1_184' title='bbox 304 1326 428 1362; x_wconf 82' lang='lat' dir='ltr'><strong>principe</strong></span> <span class='ocrx_word' id='word_1_185' title='bbox 452 1327 573 1354; x_wconf 90' lang='lat' dir='ltr'><strong>omnium</strong></span> <span class='ocrx_word' id='word_1_186' title='bbox 591 1325 792 1354; x_wconf 85' lang='lat' dir='ltr'><strong>Saracenorum</strong></span> <span class='ocrx_word' id='word_1_187' title='bbox 807 1326 918 1353; x_wconf 85' lang='lat' dir='ltr'><strong>habitu-</strong></span> 
     </span>
    </p>
   </div>
   <div class='ocr_carea' id='block_1_31' title="bbox 127 1372 917 1408">
    <p class='ocr_par' dir='ltr' id='par_1_31' title="bbox 127 1372 917 1408">
     <span class='ocr_line' id='line_1_31' title="bbox 127 1372 917 1408; baseline -0.001 -8"><span class='ocrx_word' id='word_1_188' title='bbox 127 1380 185 1401; x_wconf 86' lang='lat' dir='ltr'><strong>ros.</strong></span> <span class='ocrx_word' id='word_1_189' title='bbox 210 1372 385 1408; x_wconf 81' lang='lat' dir='ltr'><strong>Senibusque</strong></span> <span class='ocrx_word' id='word_1_190' title='bbox 407 1373 542 1401; x_wconf 86' lang='lat' dir='ltr'><strong>ambobus</strong></span> <span class='ocrx_word' id='word_1_191' title='bbox 568 1373 596 1400; x_wconf 93' lang='lat' dir='ltr'><strong>in</strong></span> <span class='ocrx_word' id='word_1_192' title='bbox 621 1372 740 1400; x_wconf 85' lang='lat' dir='ltr'><strong>medium</strong></span> <span class='ocrx_word' id='word_1_193' title='bbox 765 1377 917 1400; x_wconf 86' lang='lat' dir='ltr'><strong>castrorum</strong></span> 
     </span>
    </p>
   </div>
   <div class='ocr_carea' id='block_1_32' title="bbox 127 1417 919 1454">
    <p class='ocr_par' dir='ltr' id='par_1_32' title="bbox 127 1417 919 1454">
     <span class='ocr_line' id='line_1_32' title="bbox 127 1417 919 1454; baseline 0 -9"><span class='ocrx_word' id='word_1_194' title='bbox 127 1418 292 1454; x_wconf 82' lang='lat' dir='ltr'><strong>progressis,</strong></span> <span class='ocrx_word' id='word_1_195' title='bbox 308 1421 336 1446; x_wconf 86' lang='lat' dir='ltr'><strong>et</strong></span> <span class='ocrx_word' id='word_1_196' title='bbox 350 1418 379 1445; x_wconf 94' lang='lat' dir='ltr'><strong>in</strong></span> <span class='ocrx_word' id='word_1_197' title='bbox 393 1418 483 1453; x_wconf 88' lang='lat' dir='ltr'><strong>spatio</strong></span> <span class='ocrx_word' id='word_1_198' title='bbox 498 1418 571 1445; x_wconf 90' lang='lat' dir='ltr'><strong>inter</strong></span> <span class='ocrx_word' id='word_1_199' title='bbox 585 1417 655 1446; x_wconf 81' lang='lat' dir='ltr'><strong>duas</strong></span> <span class='ocrx_word' id='word_1_200' title='bbox 666 1418 740 1445; x_wconf 85' lang='lat' dir='ltr'><strong>acies</strong></span> <span class='ocrx_word' id='word_1_201' title='bbox 754 1417 919 1452; x_wconf 83' lang='lat' dir='ltr'><strong>interposito</strong></span> 
     </span>
    </p>
   </div>
   <div class='ocr_carea' id='block_1_33' title="bbox 129 1462 918 1498">
    <p class='ocr_par' dir='ltr' id='par_1_33' title="bbox 129 1462 918 1498">
     <span class='ocr_line' id='line_1_33' title="bbox 129 1462 918 1498; baseline 0 -8"><span class='ocrx_word' id='word_1_202' title='bbox 129 1462 369 1495; x_wconf 79' lang='lat' dir='ltr'><strong>consistentibus;</strong></span> <span class='ocrx_word' id='word_1_203' title='bbox 384 1463 430 1498; x_wconf 91' lang='lat' dir='ltr'><strong>qui</strong></span> <span class='ocrx_word' id='word_1_204' title='bbox 450 1470 465 1490; x_wconf 90' lang='lat' dir='ltr'><strong>a</strong></span> <span class='ocrx_word' id='word_1_205' title='bbox 481 1462 609 1498; x_wconf 87' lang='lat' dir='ltr'><strong>partibus</strong></span> <span class='ocrx_word' id='word_1_206' title='bbox 627 1462 699 1490; x_wconf 80' lang='lat' dir='ltr'><strong>Alim</strong></span> <span class='ocrx_word' id='word_1_207' title='bbox 717 1462 808 1490; x_wconf 88' lang='lat' dir='ltr'><strong>stabat</strong></span> <span class='ocrx_word' id='word_1_208' title='bbox 824 1469 918 1496; x_wconf 88' lang='lat' dir='ltr'><strong>senex,</strong></span> 
     </span>
    </p>
   </div>
   <div class='ocr_carea' id='block_1_34' title="bbox 129 1507 918 1543">
    <p class='ocr_par' dir='ltr' id='par_1_34' title="bbox 129 1507 918 1543">
     <span class='ocr_line' id='line_1_34' title="bbox 129 1507 918 1543; baseline 0.001 -8"><span class='ocrx_word' id='word_1_209' title='bbox 129 1509 172 1535; x_wconf 89' lang='lat' dir='ltr'><strong>vir</strong></span> <span class='ocrx_word' id='word_1_210' title='bbox 185 1508 248 1543; x_wconf 87' lang='lat' dir='ltr'><strong>pius</strong></span> <span class='ocrx_word' id='word_1_211' title='bbox 261 1515 276 1535; x_wconf 85' lang='lat' dir='ltr'><strong>a</strong></span> <span class='ocrx_word' id='word_1_212' title='bbox 291 1507 438 1536; x_wconf 84' lang='lat' dir='ltr'><strong>Saracenis</strong></span> <span class='ocrx_word' id='word_1_213' title='bbox 450 1508 604 1536; x_wconf 82' lang='lat' dir='ltr'><strong>habebatur</strong></span> <span class='ocrx_word' id='word_1_214' title='bbox 618 1516 651 1537; x_wconf 87' lang='lat' dir='ltr'><strong>ex</strong></span> <span class='ocrx_word' id='word_1_215' title='bbox 667 1507 776 1536; x_wconf 89' lang='lat' dir='ltr'><strong>illorunt</strong></span> <span class='ocrx_word' id='word_1_216' title='bbox 792 1515 918 1542; x_wconf 83' lang='lat' dir='ltr'><strong>numero,</strong></span> 
     </span>
    </p>
   </div>
   <div class='ocr_carea' id='block_1_35' title="bbox 88 1552 918 1595">
    <p class='ocr_par' dir='ltr' id='par_1_35' title="bbox 88 1552 918 1595">
     <span class='ocr_line' id='line_1_35' title="bbox 88 1552 918 1595; baseline 0.001 -15"><span class='ocrx_word' id='word_1_217' title='bbox 88 1583 101 1595; x_wconf 58' lang='lat'><strong><em>.</em></strong></span> <span class='ocrx_word' id='word_1_218' title='bbox 130 1559 201 1584; x_wconf 87' lang='lat' dir='ltr'><strong>quos</strong></span> <span class='ocrx_word' id='word_1_219' title='bbox 223 1552 277 1588; x_wconf 85' lang='lat' dir='ltr'><strong>ipsi</strong></span> <span class='ocrx_word' id='word_1_220' title='bbox 294 1553 382 1581; x_wconf 86' lang='lat' dir='ltr'><strong>Cades</strong></span> <span class='ocrx_word' id='word_1_221' title='bbox 398 1553 548 1589; x_wconf 85' lang='lat' dir='ltr'><strong>appellant,</strong></span> <span class='ocrx_word' id='word_1_222' title='bbox 563 1553 615 1582; x_wconf 85' lang='lat' dir='ltr'><strong>hoc</strong></span> <span class='ocrx_word' id='word_1_223' title='bbox 631 1558 684 1586; x_wconf 87' lang='lat' dir='ltr'><strong>est,</strong></span> <span class='ocrx_word' id='word_1_224' title='bbox 702 1553 795 1582; x_wconf 83' lang='lat' dir='ltr'><strong>lldeles</strong></span> <span class='ocrx_word' id='word_1_225' title='bbox 811 1558 838 1582; x_wconf 91' lang='lat' dir='ltr'><strong>et</strong></span> <span class='ocrx_word' id='word_1_226' title='bbox 853 1561 918 1582; x_wconf 83' lang='lat' dir='ltr'><strong>san-</strong></span> 
     </span>
    </p>
   </div>
   <div class='ocr_carea' id='block_1_36' title="bbox 132 1597 918 1634">
    <p class='ocr_par' dir='ltr' id='par_1_36' title="bbox 132 1597 918 1634">
     <span class='ocr_line' id='line_1_36' title="bbox 132 1597 918 1634; baseline 0.001 -9"><span class='ocrx_word' id='word_1_227' title='bbox 132 1601 203 1626; x_wconf 88' lang='lat' dir='ltr'><strong>ctos.</strong></span> <span class='ocrx_word' id='word_1_228' title='bbox 225 1597 321 1626; x_wconf 70' lang='lat' dir='ltr'><strong>Maviae</strong></span> <span class='ocrx_word' id='word_1_229' title='bbox 341 1602 433 1627; x_wconf 88' lang='lat' dir='ltr'><strong>autem</strong></span> <span class='ocrx_word' id='word_1_230' title='bbox 451 1606 535 1627; x_wconf 83' lang='lat' dir='ltr'><strong>senex</strong></span> <span class='ocrx_word' id='word_1_231' title='bbox 554 1599 648 1627; x_wconf 87' lang='lat' dir='ltr'><strong>habitu</strong></span> <span class='ocrx_word' id='word_1_232' title='bbox 667 1603 772 1627; x_wconf 89' lang='lat' dir='ltr'><strong>tantum</strong></span> <span class='ocrx_word' id='word_1_233' title='bbox 790 1599 918 1634; x_wconf 85' lang='lat' dir='ltr'><strong>pietatem</strong></span> 
     </span>
    </p>
   </div>
   <div class='ocr_carea' id='block_1_37' title="bbox 131 1642 919 1680">
    <p class='ocr_par' dir='ltr' id='par_1_37' title="bbox 131 1642 919 1680">
     <span class='ocr_line' id='line_1_37' title="bbox 131 1642 919 1680; baseline 0.003 -10"><span class='ocrx_word' id='word_1_234' title='bbox 131 1642 316 1678; x_wconf 72' lang='lat' dir='ltr'><strong>praeferebat,</strong></span> <span class='ocrx_word' id='word_1_235' title='bbox 339 1648 439 1672; x_wconf 62' lang='lat' dir='ltr'><strong>caetero</strong></span> <span class='ocrx_word' id='word_1_236' title='bbox 466 1644 579 1673; x_wconf 90' lang='lat' dir='ltr'><strong>dolosus</strong></span> <span class='ocrx_word' id='word_1_237' title='bbox 604 1648 819 1680; x_wconf 87' lang='lat' dir='ltr'><strong>contumaxque,</strong></span> <span class='ocrx_word' id='word_1_238' title='bbox 841 1644 919 1672; x_wconf 82' lang='lat' dir='ltr'><strong>mali-</strong></span> 
     </span>
    </p>
   </div>
   <div class='ocr_carea' id='block_1_38' title="bbox 131 1686 919 1724">
    <p class='ocr_par' dir='ltr' id='par_1_38' title="bbox 131 1686 919 1724">
     <span class='ocr_line' id='line_1_38' title="bbox 131 1686 919 1724; baseline 0.001 -10"><span class='ocrx_word' id='word_1_239' title='bbox 131 1686 227 1722; x_wconf 86' lang='lat' dir='ltr'><strong>tiaque</strong></span> <span class='ocrx_word' id='word_1_240' title='bbox 246 1686 411 1715; x_wconf 75' lang='lat' dir='ltr'><strong>mortalibus</strong></span> <span class='ocrx_word' id='word_1_241' title='bbox 432 1688 562 1716; x_wconf 87' lang='lat' dir='ltr'><strong>otnnibus</strong></span> <span class='ocrx_word' id='word_1_242' title='bbox 585 1688 713 1723; x_wconf 87' lang='lat' dir='ltr'><strong>superior</strong></span> <span class='ocrx_word' id='word_1_243' title='bbox 734 1697 741 1715; x_wconf 91' lang='lat'><strong>:</strong></span> <span class='ocrx_word' id='word_1_244' title='bbox 765 1688 814 1724; x_wconf 87' lang='lat' dir='ltr'><strong>qui</strong></span> <span class='ocrx_word' id='word_1_245' title='bbox 832 1687 919 1716; x_wconf 84' lang='lat' dir='ltr'><strong>Alemi</strong></span> 
     </span>
    </p>
   </div>
   <div class='ocr_carea' id='block_1_39' title="bbox 132 1733 920 1770">
    <p class='ocr_par' dir='ltr' id='par_1_39' title="bbox 132 1733 920 1770">
     <span class='ocr_line' id='line_1_39' title="bbox 132 1733 920 1770; baseline 0.001 -10"><span class='ocrx_word' id='word_1_246' title='bbox 132 1740 226 1760; x_wconf 85' lang='lat' dir='ltr'><strong>senem</strong></span> <span class='ocrx_word' id='word_1_247' title='bbox 245 1733 282 1761; x_wconf 88' lang='lat' dir='ltr'><strong>ita</strong></span> <span class='ocrx_word' id='word_1_248' title='bbox 300 1734 477 1769; x_wconf 88' lang='lat' dir='ltr'><strong>compellavit</strong></span> <span class='ocrx_word' id='word_1_249' title='bbox 494 1743 501 1761; x_wconf 87' lang='lat'><strong>:</strong></span> <span class='ocrx_word' id='word_1_250' title='bbox 517 1734 570 1766; x_wconf 88' lang='lat' dir='ltr'><strong>Tn,</strong></span> <span class='ocrx_word' id='word_1_251' title='bbox 592 1734 692 1770; x_wconf 88' lang='lat' dir='ltr'><strong>inquit,</strong></span> <span class='ocrx_word' id='word_1_252' title='bbox 713 1735 789 1770; x_wconf 88' lang='lat' dir='ltr'><strong>prior</strong></span> <span class='ocrx_word' id='word_1_253' title='bbox 807 1737 920 1762; x_wconf 87' lang='lat' dir='ltr'><strong>senten-</strong></span> 
     </span>
    </p>
   </div>
   <div class='ocr_carea' id='block_1_40' title="bbox 132 1778 921 1817">
    <p class='ocr_par' dir='ltr' id='par_1_40' title="bbox 132 1778 921 1817">
     <span class='ocr_line' id='line_1_40' title="bbox 132 1778 921 1817; baseline 0.003 -11"><span class='ocrx_word' id='word_1_254' title='bbox 132 1779 199 1807; x_wconf 86' lang='lat' dir='ltr'><strong>tiam</strong></span> <span class='ocrx_word' id='word_1_255' title='bbox 210 1778 306 1813; x_wconf 86' lang='lat' dir='ltr'><strong>dicito,</strong></span> <span class='ocrx_word' id='word_1_256' title='bbox 315 1784 411 1817; x_wconf 87' lang='lat' dir='ltr'><strong>utpote</strong></span> <span class='ocrx_word' id='word_1_257' title='bbox 422 1780 552 1816; x_wconf 82' lang='lat' dir='ltr'><strong>prudens,</strong></span> <span class='ocrx_word' id='word_1_258' title='bbox 564 1781 625 1816; x_wconf 83' lang='lat' dir='ltr'><strong>pius</strong></span> <span class='ocrx_word' id='word_1_259' title='bbox 637 1788 668 1808; x_wconf 89' lang='lat' dir='ltr'><strong>ac</strong></span> <span class='ocrx_word' id='word_1_260' title='bbox 681 1789 723 1808; x_wconf 87' lang='lat' dir='ltr'><strong>me</strong></span> <span class='ocrx_word' id='word_1_261' title='bbox 734 1781 829 1809; x_wconf 87' lang='lat' dir='ltr'><strong>multis</strong></span> <span class='ocrx_word' id='word_1_262' title='bbox 842 1781 921 1809; x_wconf 86' lang='lat' dir='ltr'><strong>annis</strong></span> 
     </span>
    </p>
   </div>
   <div class='ocr_carea' id='block_1_41' title="bbox 131 1825 921 1862">
    <p class='ocr_par' dir='ltr' id='par_1_41' title="bbox 131 1825 921 1862">
     <span class='ocr_line' id='line_1_41' title="bbox 131 1825 921 1862; baseline 0.003 -10"><span class='ocrx_word' id='word_1_263' title='bbox 131 1826 300 1859; x_wconf 83' lang='lat' dir='ltr'><strong>provectior.</strong></span> <span class='ocrx_word' id='word_1_264' title='bbox 312 1825 469 1862; x_wconf 69' lang='lat' dir='ltr'><strong>Respondit</strong></span> <span class='ocrx_word' id='word_1_265' title='bbox 483 1834 567 1854; x_wconf 80' lang='lat' dir='ltr'><strong>senex</strong></span> <span class='ocrx_word' id='word_1_266' title='bbox 580 1827 666 1854; x_wconf 80' lang='lat' dir='ltr'><strong>Alemi</strong></span> <span class='ocrx_word' id='word_1_267' title='bbox 685 1836 692 1855; x_wconf 90' lang='lat'>:</span> <span class='ocrx_word' id='word_1_268' title='bbox 711 1825 748 1854; x_wconf 88' lang='lat' dir='ltr'><strong>Ut</strong></span> <span class='ocrx_word' id='word_1_269' title='bbox 761 1827 832 1854; x_wconf 85' lang='lat' dir='ltr'><strong>Alim</strong></span> <span class='ocrx_word' id='word_1_270' title='bbox 848 1828 921 1862; x_wconf 91' lang='lat' dir='ltr'><strong>prin-</strong></span> 
     </span>
    </p>
   </div>
   <div class='ocr_carea' id='block_1_42' title="bbox 131 1870 920 1906">
    <p class='ocr_par' dir='ltr' id='par_1_42' title="bbox 131 1870 920 1906">
     <span class='ocr_line' id='line_1_42' title="bbox 131 1870 920 1906; baseline 0.001 -9"><span class='ocrx_word' id='word_1_271' title='bbox 131 1870 223 1905; x_wconf 85' lang='lat' dir='ltr'><strong>cipatu</strong></span> <span class='ocrx_word' id='word_1_272' title='bbox 238 1870 339 1906; x_wconf 83' lang='lat' dir='ltr'><strong>dejeci,</strong></span> <span class='ocrx_word' id='word_1_273' title='bbox 354 1877 416 1898; x_wconf 88' lang='lat' dir='ltr'><strong>cum</strong></span> <span class='ocrx_word' id='word_1_274' title='bbox 436 1871 569 1899; x_wconf 85' lang='lat' dir='ltr'><strong>annulum</strong></span> <span class='ocrx_word' id='word_1_275' title='bbox 585 1878 668 1898; x_wconf 91' lang='lat' dir='ltr'><strong>manu</strong></span> <span class='ocrx_word' id='word_1_276' title='bbox 682 1871 742 1906; x_wconf 86' lang='lat' dir='ltr'><strong>ejus</strong></span> <span class='ocrx_word' id='word_1_277' title='bbox 755 1875 920 1904; x_wconf 87' lang='lat' dir='ltr'><strong>extractum,</strong></span> 
     </span>
    </p>
   </div>
   <div class='ocr_carea' id='block_1_43' title="bbox 131 1915 921 1952">
    <p class='ocr_par' dir='ltr' id='par_1_43' title="bbox 131 1915 921 1952">
     <span class='ocr_line' id='line_1_43' title="bbox 131 1915 921 1952; baseline 0.003 -10"><span class='ocrx_word' id='word_1_278' title='bbox 131 1915 217 1952; x_wconf 81' lang='lat' dir='ltr'><strong>digito</strong></span> <span class='ocrx_word' id='word_1_279' title='bbox 230 1924 292 1944; x_wconf 88' lang='lat' dir='ltr'><strong>meo</strong></span> <span class='ocrx_word' id='word_1_280' title='bbox 305 1916 476 1944; x_wconf 82' lang='lat' dir='ltr'><strong>circumdedi</strong></span> <span class='ocrx_word' id='word_1_281' title='bbox 488 1925 496 1951; x_wconf 83' lang='lat'><strong>;</strong></span> <span class='ocrx_word' id='word_1_282' title='bbox 513 1917 549 1944; x_wconf 88' lang='lat' dir='ltr'><strong>ita</strong></span> <span class='ocrx_word' id='word_1_283' title='bbox 565 1916 647 1952; x_wconf 89' lang='lat' dir='ltr'><strong>ejicio</strong></span> <span class='ocrx_word' id='word_1_284' title='bbox 659 1916 747 1945; x_wconf 79' lang='lat' dir='ltr'><strong>Alemi</strong></span> <span class='ocrx_word' id='word_1_285' title='bbox 763 1917 894 1944; x_wconf 86' lang='lat' dir='ltr'><strong>annulum</strong></span> <span class='ocrx_word' id='word_1_286' title='bbox 905 1924 921 1945; x_wconf 93' lang='lat' dir='ltr'><strong>e</strong></span> 
     </span>
    </p>
   </div>
   <div class='ocr_carea' id='block_1_44' title="bbox 130 1961 922 1998">
    <p class='ocr_par' dir='ltr' id='par_1_44' title="bbox 130 1961 922 1998">
     <span class='ocr_line' id='line_1_44' title="bbox 130 1961 922 1998; baseline 0.001 -8"><span class='ocrx_word' id='word_1_287' title='bbox 130 1962 216 1997; x_wconf 83' lang='lat' dir='ltr'><strong>digito</strong></span> <span class='ocrx_word' id='word_1_288' title='bbox 229 1965 399 1996; x_wconf 83' lang='lat' dir='ltr'><strong>meo,-atqne</strong></span> <span class='ocrx_word' id='word_1_289' title='bbox 414 1969 469 1990; x_wconf 83' lang='lat' dir='ltr'><strong>una</strong></span> <span class='ocrx_word' id='word_1_290' title='bbox 489 1961 581 1998; x_wconf 75' lang='lat' dir='ltr'><strong>ipsum</strong></span> <span class='ocrx_word' id='word_1_291' title='bbox 595 1970 610 1991; x_wconf 88' lang='lat' dir='ltr'><strong>o</strong></span> <span class='ocrx_word' id='word_1_292' title='bbox 626 1962 793 1998; x_wconf 89' lang='lat' dir='ltr'><strong>principatu.</strong></span> <span class='ocrx_word' id='word_1_293' title='bbox 810 1962 860 1990; x_wconf 87' lang='lat' dir='ltr'><strong>Cui</strong></span> <span class='ocrx_word' id='word_1_294' title='bbox 877 1970 922 1991; x_wconf 88' lang='lat' dir='ltr'><strong>re-</strong></span> 
     </span>
    </p>
   </div>
   <div class='ocr_carea' id='block_1_45' title="bbox 130 2008 919 2046">
    <p class='ocr_par' dir='ltr' id='par_1_45' title="bbox 130 2008 919 2046">
     <span class='ocr_line' id='line_1_45' title="bbox 130 2008 919 2046; baseline 0.004 -11"><span class='ocrx_word' id='word_1_295' title='bbox 130 2008 209 2043; x_wconf 92' lang='lat' dir='ltr'><strong>ponit</strong></span> <span class='ocrx_word' id='word_1_296' title='bbox 230 2016 314 2036; x_wconf 83' lang='lat' dir='ltr'><strong>senex</strong></span> <span class='ocrx_word' id='word_1_297' title='bbox 333 2008 429 2037; x_wconf 80' lang='lat' dir='ltr'><strong>Maviae</strong></span> <span class='ocrx_word' id='word_1_298' title='bbox 451 2017 457 2036; x_wconf 92' lang='lat'><strong>:</strong></span> <span class='ocrx_word' id='word_1_299' title='bbox 474 2008 654 2042; x_wconf 55' lang='lat' dir='ltr'><strong>:Utﬂawiam</strong></span> <span class='ocrx_word' id='word_1_300' title='bbox 679 2010 708 2038; x_wconf 92' lang='lat' dir='ltr'><strong>in</strong></span> <span class='ocrx_word' id='word_1_301' title='bbox 732 2010 919 2046; x_wconf 88' lang='lat' dir='ltr'><strong>principatum</strong></span> 
     </span>
    </p>
   </div>
   <div class='ocr_carea' id='block_1_46' title="bbox 129 2054 920 2091">
    <p class='ocr_par' dir='ltr' id='par_1_46' title="bbox 129 2054 920 2091">
     <span class='ocr_line' id='line_1_46' title="bbox 129 2054 920 2091; baseline 0.004 -10"><span class='ocrx_word' id='word_1_302' title='bbox 129 2054 282 2087; x_wconf 83' lang='lat' dir='ltr'><strong>introduxi.</strong></span> <span class='ocrx_word' id='word_1_303' title='bbox 304 2062 367 2082; x_wconf 91' lang='lat' dir='ltr'><strong>cum</strong></span> <span class='ocrx_word' id='word_1_304' title='bbox 386 2055 519 2083; x_wconf 89' lang='lat' dir='ltr'><strong>annulum</strong></span> <span class='ocrx_word' id='word_1_305' title='bbox 536 2055 597 2091; x_wconf 89' lang='lat' dir='ltr'><strong>ejus</strong></span> <span class='ocrx_word' id='word_1_306' title='bbox 612 2055 700 2090; x_wconf 79' lang='lat' dir='ltr'><strong>digito</strong></span> <span class='ocrx_word' id='word_1_307' title='bbox 720 2063 781 2084; x_wconf 90' lang='lat' dir='ltr'><strong>meo</strong></span> <span class='ocrx_word' id='word_1_308' title='bbox 798 2056 920 2090; x_wconf 85' lang='lat' dir='ltr'><strong>inserui;</strong></span> 
     </span>
    </p>
   </div>
   <div class='ocr_carea' id='block_1_47' title="bbox 130 2098 921 2134">
    <p class='ocr_par' dir='ltr' id='par_1_47' title="bbox 130 2098 921 2134">
     <span class='ocr_line' id='line_1_47' title="bbox 130 2098 921 2134; baseline 0.004 -9"><span class='ocrx_word' id='word_1_309' title='bbox 130 2098 169 2125; x_wconf 88' lang='lat' dir='ltr'><strong>ita</strong></span> <span class='ocrx_word' id='word_1_310' title='bbox 184 2099 317 2125; x_wconf 88' lang='lat' dir='ltr'><strong>annulum</strong></span> <span class='ocrx_word' id='word_1_311' title='bbox 333 2098 428 2126; x_wconf 83' lang='lat' dir='ltr'><strong>Maviae</strong></span> <span class='ocrx_word' id='word_1_312' title='bbox 443 2099 471 2126; x_wconf 93' lang='lat' dir='ltr'><strong>in</strong></span> <span class='ocrx_word' id='word_1_313' title='bbox 484 2100 597 2134; x_wconf 89' lang='lat' dir='ltr'><strong>digitum</strong></span> <span class='ocrx_word' id='word_1_314' title='bbox 611 2099 672 2134; x_wconf 79' lang='lat' dir='ltr'><strong>ejus</strong></span> <span class='ocrx_word' id='word_1_315' title='bbox 687 2100 798 2128; x_wconf 88' lang='lat' dir='ltr'><strong>induco.</strong></span> <span class='ocrx_word' id='word_1_316' title='bbox 809 2100 843 2128; x_wconf 85' lang='lat' dir='ltr'><strong>Et</strong></span> <span class='ocrx_word' id='word_1_317' title='bbox 856 2106 921 2129; x_wconf 93' lang='lat' dir='ltr'><strong>tunc</strong></span> 
     </span>
    </p>
   </div>
   <div class='ocr_carea' id='block_1_48' title="bbox 131 2143 921 2181">
    <p class='ocr_par' dir='ltr' id='par_1_48' title="bbox 131 2143 921 2181">
     <span class='ocr_line' id='line_1_48' title="bbox 131 2143 921 2181; baseline 0.006 -11"><span class='ocrx_word' id='word_1_318' title='bbox 131 2143 165 2171; x_wconf 89' lang='lat' dir='ltr'><strong>ab</strong></span> <span class='ocrx_word' id='word_1_319' title='bbox 187 2143 305 2171; x_wconf 81' lang='lat' dir='ltr'><strong>invicem</strong></span> <span class='ocrx_word' id='word_1_320' title='bbox 330 2144 530 2173; x_wconf 83' lang='lat' dir='ltr'><strong>discesserunt.</strong></span> <span class='ocrx_word' id='word_1_321' title='bbox 561 2145 685 2173; x_wconf 81' lang='lat' dir='ltr'><strong>Assumit</strong></span> <span class='ocrx_word' id='word_1_322' title='bbox 709 2145 794 2181; x_wconf 78' lang='lat' dir='ltr'><strong>igitur</strong></span> <span class='ocrx_word' id='word_1_323' title='bbox 817 2145 921 2175; x_wconf 81' lang='lat' dir='ltr'><strong>Mavias</strong></span> 
     </span>
    </p>
   </div>
   <div class='ocr_carea' id='block_1_49' title="bbox 960 221 1747 261">
    <p class='ocr_par' dir='ltr' id='par_1_49' title="bbox 960 221 1747 261">
     <span class='ocr_line' id='line_1_49' title="bbox 960 221 1747 261; baseline -0.005 -9"><span class='ocrx_word' id='word_1_324' title='bbox 960 226 1055 261; x_wconf 78' lang='grc' dir='ltr'>Συρίᾳ,</span> <span class='ocrx_word' id='word_1_325' title='bbox 1069 226 1116 252; x_wconf 76' lang='grc' dir='ltr'><strong>καὶ</strong></span> <span class='ocrx_word' id='word_1_326' title='bbox 1131 225 1244 261; x_wconf 72' lang='grc' dir='ltr'>ἔστησεν</span> <span class='ocrx_word' id='word_1_327' title='bbox 1257 225 1338 252; x_wconf 75' lang='grc' dir='ltr'>αὐτὸν</span> <span class='ocrx_word' id='word_1_328' title='bbox 1353 225 1393 256; x_wconf 81' lang='grc' dir='ltr'><strong>είς</strong></span> <span class='ocrx_word' id='word_1_329' title='bbox 1407 223 1512 258; x_wconf 80' lang='grc' dir='ltr'>ἀγορὰν</span> <span class='ocrx_word' id='word_1_330' title='bbox 1523 222 1606 250; x_wconf 70' lang='grc' dir='ltr'><strong>ἰταντ)⁹</strong></span> <span class='ocrx_word' id='word_1_331' title='bbox 1621 221 1661 257; x_wconf 84' lang='grc' dir='ltr'>τῷ</span> <span class='ocrx_word' id='word_1_332' title='bbox 1684 221 1747 256; x_wconf 84' lang='grc' dir='ltr'>βου-</span> 
     </span>
    </p>
   </div>
   <div class='ocr_carea' id='block_1_50' title="bbox 960 267 1750 306">
    <p class='ocr_par' dir='ltr' id='par_1_50' title="bbox 960 267 1750 306">
     <span class='ocr_line' id='line_1_50' title="bbox 960 267 1750 306; baseline -0.004 -9"><span class='ocrx_word' id='word_1_333' title='bbox 960 270 1082 306; x_wconf 83' lang='grc' dir='ltr'>λομένῳ·</span> <span class='ocrx_word' id='word_1_334' title='bbox 1097 270 1258 306; x_wconf 76' lang='grc' dir='ltr'>ὼνήσατοδὲ</span> <span class='ocrx_word' id='word_1_335' title='bbox 1276 269 1356 297; x_wconf 67' lang='grc' dir='ltr'>αὐτὸν</span> <span class='ocrx_word' id='word_1_336' title='bbox 1374 269 1499 305; x_wconf 81' lang='grc' dir='ltr'>Ἐϐραῖος</span> <span class='ocrx_word' id='word_1_337' title='bbox 1509 267 1750 303; x_wconf 70' lang='grc' dir='ltr'>όῈμεσηνὸςμἹ)</span> 
     </span>
    </p>
   </div>
   <div class='ocr_carea' id='block_1_51' title="bbox 961 315 1749 352">
    <p class='ocr_par' dir='ltr' id='par_1_51' title="bbox 961 315 1749 352">
     <span class='ocr_line' id='line_1_51' title="bbox 961 315 1749 352; baseline -0.004 -9"><span class='ocrx_word' id='word_1_338' title='bbox 961 316 1151 352; x_wconf 77' lang='grc' dir='ltr'>ὲπιφορτώσας</span> <span class='ocrx_word' id='word_1_339' title='bbox 1174 316 1258 343; x_wconf 74' lang='grc' dir='ltr'>αὐτὸν</span> <span class='ocrx_word' id='word_1_340' title='bbox 1277 315 1331 343; x_wconf 83' lang='grc' dir='ltr'>ἀπὸ</span> <span class='ocrx_word' id='word_1_341' title='bbox 1346 315 1485 350; x_wconf 77' lang='grc' dir='ltr'><strong>θαλάσσης</strong></span> <span class='ocrx_word' id='word_1_342' title='bbox 1508 315 1647 350; x_wconf 76' lang='grc' dir='ltr'><strong>καμήλους</strong></span> <span class='ocrx_word' id='word_1_343' title='bbox 1668 315 1749 341; x_wconf 85' lang='grc' dir='ltr'>ὲννα-</span> 
     </span>
    </p>
   </div>
   <div class='ocr_carea' id='block_1_52' title="bbox 961 360 1383 398">
    <p class='ocr_par' dir='ltr' id='par_1_52' title="bbox 961 360 1383 398">
     <span class='ocr_line' id='line_1_52' title="bbox 961 360 1383 398; baseline -0.002 -9"><span class='ocrx_word' id='word_1_344' title='bbox 961 362 1057 394; x_wconf 86' lang='grc' dir='ltr'>κοσίας</span> <span class='ocrx_word' id='word_1_345' title='bbox 1072 362 1120 389; x_wconf 77' lang='grc' dir='ltr'><strong>καὶ</strong></span> <span class='ocrx_word' id='word_1_346' title='bbox 1136 361 1302 398; x_wconf 72' lang='grc' dir='ltr'>ὀγδοήκοντα</span> <span class='ocrx_word' id='word_1_347' title='bbox 1315 360 1383 397; x_wconf 79' lang='grc'><strong>(18).</strong></span> 
     </span>
    </p>
   </div>
   <div class='ocr_carea' id='block_1_53' title="bbox 998 405 1750 443">
    <p class='ocr_par' dir='ltr' id='par_1_53' title="bbox 998 405 1750 443">
     <span class='ocr_line' id='line_1_53' title="bbox 998 405 1750 443; baseline -0.005 -8"><span class='ocrx_word' id='word_1_348' title='bbox 998 407 1215 443; x_wconf 73' lang='grc' dir='ltr'><strong>Τελευτήσαντος</strong></span> <span class='ocrx_word' id='word_1_349' title='bbox 1224 405 1271 435; x_wconf 81' lang='grc' dir='ltr'>οὖν</span> <span class='ocrx_word' id='word_1_350' title='bbox 1283 407 1331 434; x_wconf 82' lang='grc' dir='ltr'>τοῦ</span> <span class='ocrx_word' id='word_1_351' title='bbox 1343 407 1465 442; x_wconf 74' lang='grc' dir='ltr'>Οὑθμὰν,</span> <span class='ocrx_word' id='word_1_352' title='bbox 1476 407 1532 441; x_wconf 79' lang='grc'><strong>(19)</strong></span> <span class='ocrx_word' id='word_1_353' title='bbox 1544 405 1679 438; x_wconf 77' lang='grc' dir='ltr'><strong>διεδέξατο</strong></span> <span class='ocrx_word' id='word_1_354' title='bbox 1698 406 1750 441; x_wconf 85' lang='grc' dir='ltr'>τὴν</span> 
     </span>
    </p>
   </div>
   <div class='ocr_carea' id='block_1_54' title="bbox 961 451 1750 490">
    <p class='ocr_par' dir='ltr' id='par_1_54' title="bbox 961 451 1750 490">
     <span class='ocr_line' id='line_1_54' title="bbox 961 451 1750 490; baseline -0.006 -8"><span class='ocrx_word' id='word_1_355' title='bbox 961 454 1016 482; x_wconf 84' lang='grc' dir='ltr'><strong>τῶν</strong></span> <span class='ocrx_word' id='word_1_356' title='bbox 1033 454 1158 490; x_wconf 83' lang='grc' dir='ltr'>Ἀράϐων</span> <span class='ocrx_word' id='word_1_357' title='bbox 1184 454 1272 490; x_wconf 81' lang='grc' dir='ltr'>ἀρχὴν</span> <span class='ocrx_word' id='word_1_358' title='bbox 1300 455 1314 481; x_wconf 99' lang='lat'><strong>6</strong></span> <span class='ocrx_word' id='word_1_359' title='bbox 1328 453 1448 485; x_wconf 83' lang='grc' dir='ltr'>Μαὸίας.</span> <span class='ocrx_word' id='word_1_360' title='bbox 1471 453 1625 489; x_wconf 78' lang='grc' dir='ltr'><strong>Ἐκράτησε</strong></span> <span class='ocrx_word' id='word_1_361' title='bbox 1647 452 1675 478; x_wconf 80' lang='grc' dir='ltr'><strong>δὲ</strong></span> <span class='ocrx_word' id='word_1_362' title='bbox 1698 451 1750 485; x_wconf 83' lang='grc' dir='ltr'>τῆς</span> 
     </span>
    </p>
   </div>
   <div class='ocr_carea' id='block_1_55' title="bbox 963 496 1750 535">
    <p class='ocr_par' dir='ltr' id='par_1_55' title="bbox 963 496 1750 535">
     <span class='ocr_line' id='line_1_55' title="bbox 963 496 1750 535; baseline -0.006 -8"><span class='ocrx_word' id='word_1_363' title='bbox 963 500 1044 535; x_wconf 80' lang='grc' dir='ltr'><strong>ἁγίας</strong></span> <span class='ocrx_word' id='word_1_364' title='bbox 1057 500 1161 532; x_wconf 81' lang='grc' dir='ltr'>πόλεως</span> <span class='ocrx_word' id='word_1_365' title='bbox 1175 501 1223 527; x_wconf 81' lang='grc' dir='ltr'><strong>καὶ</strong></span> <span class='ocrx_word' id='word_1_366' title='bbox 1239 500 1295 527; x_wconf 85' lang='grc' dir='ltr'><strong>τῶν</strong></span> <span class='ocrx_word' id='word_1_367' title='bbox 1309 500 1357 535; x_wconf 80' lang='grc' dir='ltr'>τῆς</span> <span class='ocrx_word' id='word_1_368' title='bbox 1371 498 1558 533; x_wconf 78' lang='grc' dir='ltr'><strong>Παλαιστίνης</strong></span> <span class='ocrx_word' id='word_1_369' title='bbox 1584 496 1687 532; x_wconf 85' lang='grc' dir='ltr'><strong>μερῶν,</strong></span> <span class='ocrx_word' id='word_1_370' title='bbox 1698 497 1750 531; x_wconf 80' lang='grc' dir='ltr'>τήν</span> 
     </span>
    </p>
   </div>
   <div class='ocr_carea' id='block_1_56' title="bbox 963 542 1750 581">
    <p class='ocr_par' dir='ltr' id='par_1_56' title="bbox 963 542 1750 581">
     <span class='ocr_line' id='line_1_56' title="bbox 963 542 1750 581; baseline -0.006 -9"><span class='ocrx_word' id='word_1_371' title='bbox 963 554 994 573; x_wconf 77' lang='grc' dir='ltr'><strong>τε</strong></span> <span class='ocrx_word' id='word_1_372' title='bbox 1021 545 1178 581; x_wconf 81' lang='grc' dir='ltr'>Δαμασκὸν,</span> <span class='ocrx_word' id='word_1_373' title='bbox 1195 545 1244 573; x_wconf 77' lang='grc' dir='ltr'><strong>καὶ</strong></span> <span class='ocrx_word' id='word_1_374' title='bbox 1267 545 1444 580; x_wconf 76' lang='grc' dir='ltr'><strong>Ἀντιόχειαν,</strong></span> <span class='ocrx_word' id='word_1_375' title='bbox 1458 544 1506 571; x_wconf 77' lang='grc' dir='ltr'><strong>καὶ</strong></span> <span class='ocrx_word' id='word_1_376' title='bbox 1533 542 1623 574; x_wconf 81' lang='grc' dir='ltr'>πάσας</span> <span class='ocrx_word' id='word_1_377' title='bbox 1639 542 1688 573; x_wconf 81' lang='grc' dir='ltr'><strong>τὰς</strong></span> <span class='ocrx_word' id='word_1_378' title='bbox 1700 542 1750 576; x_wconf 76' lang='grc' dir='ltr'>τῆς</span> 
     </span>
    </p>
   </div>
   <div class='ocr_carea' id='block_1_57' title="bbox 964 587 1750 626">
    <p class='ocr_par' dir='ltr' id='par_1_57' title="bbox 964 587 1750 626">
     <span class='ocr_line' id='line_1_57' title="bbox 964 587 1750 626; baseline -0.004 -8"><span class='ocrx_word' id='word_1_379' title='bbox 964 591 1103 626; x_wconf 77' lang='grc' dir='ltr'><strong>Αἰγύπτου</strong></span> <span class='ocrx_word' id='word_1_380' title='bbox 1121 591 1223 624; x_wconf 82' lang='grc' dir='ltr'>πόλεις.</span> <span class='ocrx_word' id='word_1_381' title='bbox 1247 591 1276 618; x_wconf 88' lang='lat'><strong>&#39;0</strong></span> <span class='ocrx_word' id='word_1_382' title='bbox 1295 591 1324 619; x_wconf 75' lang='grc' dir='ltr'><strong>δὲ</strong></span> <span class='ocrx_word' id='word_1_383' title='bbox 1345 591 1443 626; x_wconf 74' lang='grc' dir='ltr'>’Δλὴμ,</span> <span class='ocrx_word' id='word_1_384' title='bbox 1455 590 1486 623; x_wconf 77' lang='grc' dir='ltr'>ὃς</span> <span class='ocrx_word' id='word_1_385' title='bbox 1499 587 1535 625; x_wconf 73' lang='grc' dir='ltr'>ἦν</span> <span class='ocrx_word' id='word_1_386' title='bbox 1554 589 1678 625; x_wconf 74' lang='grc' dir='ltr'>γαμϐρὸς</span> <span class='ocrx_word' id='word_1_387' title='bbox 1702 587 1750 615; x_wconf 83' lang='grc' dir='ltr'>τοῦ</span> 
     </span>
    </p>
   </div>
   <div class='ocr_carea' id='block_1_58' title="bbox 965 634 1751 675">
    <p class='ocr_par' dir='ltr' id='par_1_58' title="bbox 965 634 1751 675">
     <span class='ocr_line' id='line_1_58' title="bbox 965 634 1751 675; baseline -0.008 -9"><span class='ocrx_word' id='word_1_388' title='bbox 965 639 1154 674; x_wconf 66' lang='grc' dir='ltr'>Μουάμεθὲπὶ</span> <span class='ocrx_word' id='word_1_389' title='bbox 1165 639 1282 675; x_wconf 78' lang='grc' dir='ltr'>θυγατρὶ</span> <span class='ocrx_word' id='word_1_390' title='bbox 1290 640 1323 674; x_wconf 83' lang='grc' dir='ltr'><strong>τῇ</strong></span> <span class='ocrx_word' id='word_1_391' title='bbox 1332 638 1488 673; x_wconf 74' lang='grc' dir='ltr'>καλουμένῃ</span> <span class='ocrx_word' id='word_1_392' title='bbox 1498 634 1751 672; x_wconf 67' lang='grc' dir='ltr'>Φατιμὲ,ὲκράτησε</span> 
     </span>
    </p>
   </div>
   <div class='ocr_carea' id='block_1_59' title="bbox 965 681 1750 722">
    <p class='ocr_par' dir='ltr' id='par_1_59' title="bbox 965 681 1750 722">
     <span class='ocr_line' id='line_1_59' title="bbox 965 681 1750 722; baseline -0.006 -9"><span class='ocrx_word' id='word_1_393' title='bbox 965 685 1017 720; x_wconf 87' lang='grc' dir='ltr'>τῆς</span> <span class='ocrx_word' id='word_1_394' title='bbox 1033 685 1173 722; x_wconf 78' lang='grc' dir='ltr'>Αίθρίϐου,</span> <span class='ocrx_word' id='word_1_395' title='bbox 1198 685 1246 712; x_wconf 71' lang='grc' dir='ltr'><strong>καὶ</strong></span> <span class='ocrx_word' id='word_1_396' title='bbox 1263 685 1354 721; x_wconf 78' lang='grc' dir='ltr'>πάσης</span> <span class='ocrx_word' id='word_1_397' title='bbox 1383 685 1433 720; x_wconf 81' lang='grc' dir='ltr'>τῆς</span> <span class='ocrx_word' id='word_1_398' title='bbox 1451 684 1588 719; x_wconf 81' lang='grc' dir='ltr'>Τραχείας</span> <span class='ocrx_word' id='word_1_399' title='bbox 1609 681 1750 718; x_wconf 75' lang='grc' dir='ltr'>⁸Δραϐίας.</span> 
     </span>
    </p>
   </div>
   <div class='ocr_carea' id='block_1_60' title="bbox 971 726 1753 766">
    <p class='ocr_par' dir='ltr' id='par_1_60' title="bbox 971 726 1753 766">
     <span class='ocr_line' id='line_1_60' title="bbox 971 726 1753 766; baseline -0.006 -8"><span class='ocrx_word' id='word_1_400' title='bbox 971 731 1016 758; x_wconf 87' lang='grc' dir='ltr'>Ἐν</span> <span class='ocrx_word' id='word_1_401' title='bbox 1028 731 1142 763; x_wconf 80' lang='grc' dir='ltr'><strong>ταύταις</strong></span> <span class='ocrx_word' id='word_1_402' title='bbox 1157 728 1203 758; x_wconf 78' lang='grc' dir='ltr'>οὖν</span> <span class='ocrx_word' id='word_1_403' title='bbox 1216 732 1277 762; x_wconf 79' lang='grc' dir='ltr'>ταῖς</span> <span class='ocrx_word' id='word_1_404' title='bbox 1290 731 1410 766; x_wconf 80' lang='grc' dir='ltr'><strong>ἡμέραις</strong></span> <span class='ocrx_word' id='word_1_405' title='bbox 1424 728 1611 765; x_wconf 78' lang='grc' dir='ltr'>διηγέρθησαν</span> <span class='ocrx_word' id='word_1_406' title='bbox 1624 728 1692 762; x_wconf 78' lang='grc' dir='ltr'>πρὸς</span> <span class='ocrx_word' id='word_1_407' title='bbox 1701 726 1753 753; x_wconf 64' lang='grc' dir='ltr'>πόα</span> 
     </span>
    </p>
   </div>
   <div class='ocr_carea' id='block_1_61' title="bbox 965 772 1751 814">
    <p class='ocr_par' dir='ltr' id='par_1_61' title="bbox 965 772 1751 814">
     <span class='ocr_line' id='line_1_61' title="bbox 965 772 1751 814; baseline -0.008 -10"><span class='ocrx_word' id='word_1_408' title='bbox 965 778 1048 814; x_wconf 88' lang='grc' dir='ltr'>λεμον</span> <span class='ocrx_word' id='word_1_409' title='bbox 1064 778 1120 812; x_wconf 73' lang='grc'><strong>(20)</strong></span> <span class='ocrx_word' id='word_1_410' title='bbox 1135 778 1196 805; x_wconf 81' lang='grc' dir='ltr'>κατ’</span> <span class='ocrx_word' id='word_1_411' title='bbox 1207 777 1332 812; x_wconf 81' lang='grc' dir='ltr'>ἀλλήλων</span> <span class='ocrx_word' id='word_1_412' title='bbox 1349 777 1363 804; x_wconf 79' lang='grc' dir='ltr'><strong>ὃ</strong></span> <span class='ocrx_word' id='word_1_413' title='bbox 1377 785 1408 803; x_wconf 89' lang='grc' dir='ltr'><strong>τε</strong></span> <span class='ocrx_word' id='word_1_414' title='bbox 1431 776 1519 810; x_wconf 79' lang='grc' dir='ltr'>’Δλὴμ</span> <span class='ocrx_word' id='word_1_415' title='bbox 1532 774 1580 802; x_wconf 75' lang='grc' dir='ltr'><strong>καὶ</strong></span> <span class='ocrx_word' id='word_1_416' title='bbox 1604 774 1618 800; x_wconf 91' lang='lat'><strong>6</strong></span> <span class='ocrx_word' id='word_1_417' title='bbox 1630 772 1751 804; x_wconf 85' lang='grc' dir='ltr'>Μαϐίας,</span> 
     </span>
    </p>
   </div>
   <div class='ocr_carea' id='block_1_62' title="bbox 966 818 1753 859">
    <p class='ocr_par' dir='ltr' id='par_1_62' title="bbox 966 818 1753 859">
     <span class='ocr_line' id='line_1_62' title="bbox 966 818 1753 859; baseline -0.006 -9"><span class='ocrx_word' id='word_1_418' title='bbox 966 823 1102 859; x_wconf 71' lang='grc' dir='ltr'>ιρίζοντες</span> <span class='ocrx_word' id='word_1_419' title='bbox 1117 823 1183 859; x_wconf 77' lang='grc' dir='ltr'>περ).</span> <span class='ocrx_word' id='word_1_420' title='bbox 1203 823 1252 858; x_wconf 79' lang='grc' dir='ltr'>τῆς</span> <span class='ocrx_word' id='word_1_421' title='bbox 1265 823 1363 858; x_wconf 80' lang='grc' dir='ltr'>ἀρχῆς,</span> <span class='ocrx_word' id='word_1_422' title='bbox 1377 822 1420 854; x_wconf 83' lang='grc' dir='ltr'><strong>τις</strong></span> <span class='ocrx_word' id='word_1_423' title='bbox 1432 821 1522 848; x_wconf 87' lang='grc' dir='ltr'>αὐτῶν</span> <span class='ocrx_word' id='word_1_424' title='bbox 1544 819 1684 855; x_wconf 78' lang='grc' dir='ltr'><strong>κυριεύσει</strong></span> <span class='ocrx_word' id='word_1_425' title='bbox 1699 818 1753 845; x_wconf 83' lang='grc' dir='ltr'><strong>πά-</strong></span> 
     </span>
    </p>
   </div>
   <div class='ocr_carea' id='block_1_63' title="bbox 967 865 1754 905">
    <p class='ocr_par' dir='ltr' id='par_1_63' title="bbox 967 865 1754 905">
     <span class='ocr_line' id='line_1_63' title="bbox 967 865 1754 905; baseline -0.009 -8"><span class='ocrx_word' id='word_1_426' title='bbox 967 877 1017 905; x_wconf 88' lang='grc' dir='ltr'><strong>σης</strong></span> <span class='ocrx_word' id='word_1_427' title='bbox 1031 869 1141 904; x_wconf 82' lang='grc' dir='ltr'>Συρίας.</span> <span class='ocrx_word' id='word_1_428' title='bbox 1155 867 1334 904; x_wconf 83' lang='grc' dir='ltr'>Συνήχθησαν</span> <span class='ocrx_word' id='word_1_429' title='bbox 1349 867 1378 894; x_wconf 70' lang='grc' dir='ltr'><strong>δὲ</strong></span> <span class='ocrx_word' id='word_1_430' title='bbox 1390 866 1466 902; x_wconf 83' lang='grc' dir='ltr'>παρὰ</span> <span class='ocrx_word' id='word_1_431' title='bbox 1481 866 1529 893; x_wconf 82' lang='grc' dir='ltr'><strong>τὺν</strong></span> <span class='ocrx_word' id='word_1_432' title='bbox 1543 865 1690 901; x_wconf 75' lang='grc' dir='ltr'><strong>Εὐφράτην</strong></span> <span class='ocrx_word' id='word_1_433' title='bbox 1705 872 1754 890; x_wconf 83' lang='grc' dir='ltr'>πο-</span> 
     </span>
    </p>
   </div>
   <div class='ocr_carea' id='block_1_64' title="bbox 965 910 1751 951">
    <p class='ocr_par' dir='ltr' id='par_1_64' title="bbox 965 910 1751 951">
     <span class='ocr_line' id='line_1_64' title="bbox 965 910 1751 951; baseline -0.008 -8"><span class='ocrx_word' id='word_1_434' title='bbox 965 915 1063 951; x_wconf 80' lang='grc' dir='ltr'>ταμὸν,</span> <span class='ocrx_word' id='word_1_435' title='bbox 1085 915 1133 942; x_wconf 71' lang='grc' dir='ltr'><strong>καὶ</strong></span> <span class='ocrx_word' id='word_1_436' title='bbox 1146 915 1312 941; x_wconf 75' lang='grc' dir='ltr'>συνάπτουσι</span> <span class='ocrx_word' id='word_1_437' title='bbox 1331 913 1450 948; x_wconf 82' lang='grc' dir='ltr'>πόλεμον</span> <span class='ocrx_word' id='word_1_438' title='bbox 1465 911 1575 949; x_wconf 73' lang='grc' dir='ltr'>ἰσχυρὸν</span> <span class='ocrx_word' id='word_1_439' title='bbox 1595 913 1655 947; x_wconf 87' lang='grc' dir='ltr'>μετ’</span> <span class='ocrx_word' id='word_1_440' title='bbox 1666 910 1751 946; x_wconf 81' lang='grc' dir='ltr'>ἀλλή-</span> 
     </span>
    </p>
   </div>
   <div class='ocr_carea' id='block_1_65' title="bbox 966 956 1754 995">
    <p class='ocr_par' dir='ltr' id='par_1_65' title="bbox 966 956 1754 995">
     <span class='ocr_line' id='line_1_65' title="bbox 966 956 1754 995; baseline -0.008 -7"><span class='ocrx_word' id='word_1_441' title='bbox 966 961 1030 988; x_wconf 90' lang='grc' dir='ltr'>λων.</span> <span class='ocrx_word' id='word_1_442' title='bbox 1049 959 1104 988; x_wconf 83' lang='grc' dir='ltr'><strong>Τοῦ</strong></span> <span class='ocrx_word' id='word_1_443' title='bbox 1124 960 1153 987; x_wconf 75' lang='grc' dir='ltr'><strong>δὲ</strong></span> <span class='ocrx_word' id='word_1_444' title='bbox 1173 959 1292 994; x_wconf 86' lang='grc' dir='ltr'>πολέμου</span> <span class='ocrx_word' id='word_1_445' title='bbox 1309 957 1490 995; x_wconf 77' lang='grc' dir='ltr'>κρατοῦντος,</span> <span class='ocrx_word' id='word_1_446' title='bbox 1517 957 1564 985; x_wconf 80' lang='grc' dir='ltr'><strong>καὶ</strong></span> <span class='ocrx_word' id='word_1_447' title='bbox 1593 957 1700 984; x_wconf 81' lang='grc' dir='ltr'><strong>πολλῶν</strong></span> <span class='ocrx_word' id='word_1_448' title='bbox 1723 956 1754 988; x_wconf 64' lang='grc' dir='ltr'><strong>ἐξ</strong></span> 
     </span>
    </p>
   </div>
   <div class='ocr_carea' id='block_1_66' title="bbox 968 1002 1755 1042">
    <p class='ocr_par' dir='ltr' id='par_1_66' title="bbox 968 1002 1755 1042">
     <span class='ocr_line' id='line_1_66' title="bbox 968 1002 1755 1042; baseline -0.006 -9"><span class='ocrx_word' id='word_1_449' title='bbox 968 1005 1131 1042; x_wconf 80' lang='grc' dir='ltr'><strong>ἀμφοτέρων</strong></span> <span class='ocrx_word' id='word_1_450' title='bbox 1143 1005 1309 1037; x_wconf 82' lang='grc' dir='ltr'>πιπτόντων,</span> <span class='ocrx_word' id='word_1_451' title='bbox 1326 1003 1446 1040; x_wconf 71' lang='grc' dir='ltr'>ἔκραξαν</span> <span class='ocrx_word' id='word_1_452' title='bbox 1457 1003 1492 1030; x_wconf 83' lang='grc' dir='ltr'>τὰ</span> <span class='ocrx_word' id='word_1_453' title='bbox 1506 1002 1597 1038; x_wconf 81' lang='grc' dir='ltr'>πλήθη</span> <span class='ocrx_word' id='word_1_454' title='bbox 1610 1002 1666 1029; x_wconf 86' lang='grc' dir='ltr'><strong>τῶν</strong></span> <span class='ocrx_word' id='word_1_455' title='bbox 1673 1003 1755 1036; x_wconf 78' lang='grc' dir='ltr'><strong>Ἀγα-</strong></span> 
     </span>
    </p>
   </div>
   <div class='ocr_carea' id='block_1_67' title="bbox 968 1047 1754 1088">
    <p class='ocr_par' dir='ltr' id='par_1_67' title="bbox 968 1047 1754 1088">
     <span class='ocr_line' id='line_1_67' title="bbox 968 1047 1754 1088; baseline -0.006 -10"><span class='ocrx_word' id='word_1_456' title='bbox 968 1051 1057 1088; x_wconf 87' lang='grc' dir='ltr'>ρηνῶν</span> <span class='ocrx_word' id='word_1_457' title='bbox 1071 1050 1235 1086; x_wconf 72' lang='grc' dir='ltr'>ἀμφοτέρων</span> <span class='ocrx_word' id='word_1_458' title='bbox 1249 1049 1361 1084; x_wconf 30' lang='grc' dir='ltr'>τῶν-δύο</span> <span class='ocrx_word' id='word_1_459' title='bbox 1377 1048 1469 1084; x_wconf 82' lang='grc' dir='ltr'>μερῶν</span> <span class='ocrx_word' id='word_1_460' title='bbox 1480 1057 1488 1065; x_wconf 89' lang='grc'>·</span> <span class='ocrx_word' id='word_1_461' title='bbox 1503 1048 1562 1075; x_wconf 89' lang='grc' dir='ltr'>Τίνι</span> <span class='ocrx_word' id='word_1_462' title='bbox 1573 1048 1666 1083; x_wconf 72' lang='grc' dir='ltr'>τρόπῳ</span> <span class='ocrx_word' id='word_1_463' title='bbox 1682 1047 1754 1081; x_wconf 82' lang='grc' dir='ltr'>σφά-</span> 
     </span>
    </p>
   </div>
   <div class='ocr_carea' id='block_1_68' title="bbox 968 1093 1755 1133">
    <p class='ocr_par' dir='ltr' id='par_1_68' title="bbox 968 1093 1755 1133">
     <span class='ocr_line' id='line_1_68' title="bbox 968 1093 1755 1133; baseline -0.008 -8"><span class='ocrx_word' id='word_1_464' title='bbox 968 1097 1051 1133; x_wconf 83' lang='grc' dir='ltr'>ζομεν</span> <span class='ocrx_word' id='word_1_465' title='bbox 1059 1097 1107 1124; x_wconf 81' lang='grc' dir='ltr'><strong>καὶ</strong></span> <span class='ocrx_word' id='word_1_466' title='bbox 1121 1095 1290 1132; x_wconf 72' lang='grc' dir='ltr'>σφαζόμεθα,</span> <span class='ocrx_word' id='word_1_467' title='bbox 1307 1095 1354 1122; x_wconf 71' lang='grc' dir='ltr'><strong>καὶ</strong></span> <span class='ocrx_word' id='word_1_468' title='bbox 1362 1094 1525 1129; x_wconf 77' lang='grc' dir='ltr'>ἀφανίζεται</span> <span class='ocrx_word' id='word_1_469' title='bbox 1539 1094 1569 1121; x_wconf 76' lang='grc' dir='ltr'><strong>τὺ</strong></span> <span class='ocrx_word' id='word_1_470' title='bbox 1584 1094 1663 1128; x_wconf 81' lang='grc' dir='ltr'>γένος</span> <span class='ocrx_word' id='word_1_471' title='bbox 1673 1093 1755 1129; x_wconf 86' lang='grc' dir='ltr'>ήμῶν</span> 
     </span>
    </p>
   </div>
   <div class='ocr_carea' id='block_1_69' title="bbox 967 1139 1754 1178">
    <p class='ocr_par' dir='ltr' id='par_1_69' title="bbox 967 1139 1754 1178">
     <span class='ocr_line' id='line_1_69' title="bbox 967 1139 1754 1178; baseline -0.008 -7"><span class='ocrx_word' id='word_1_472' title='bbox 967 1144 1000 1171; x_wconf 72' lang='grc' dir='ltr'>ιιι</span> <span class='ocrx_word' id='word_1_473' title='bbox 1014 1143 1065 1178; x_wconf 84' lang='grc' dir='ltr'>τῆς</span> <span class='ocrx_word' id='word_1_474' title='bbox 1080 1142 1136 1170; x_wconf 83' lang='grc' dir='ltr'><strong>τῶν</strong></span> <span class='ocrx_word' id='word_1_475' title='bbox 1155 1142 1308 1178; x_wconf 82' lang='grc' dir='ltr'>ἀνθρώπων</span> <span class='ocrx_word' id='word_1_476' title='bbox 1323 1140 1415 1176; x_wconf 78' lang='grc' dir='ltr'>βιοτῆς</span> <span class='ocrx_word' id='word_1_477' title='bbox 1427 1148 1435 1173; x_wconf 92' lang='lat'><strong>;</strong></span> <span class='ocrx_word' id='word_1_478' title='bbox 1445 1140 1527 1167; x_wconf 80' lang='grc' dir='ltr'>’Δλλὰ</span> <span class='ocrx_word' id='word_1_479' title='bbox 1539 1139 1754 1176; x_wconf 85' lang='grc' dir='ltr'>χωρισθήτωσαν</span> 
     </span>
    </p>
   </div>
   <div class='ocr_carea' id='block_1_70' title="bbox 967 1184 1755 1224">
    <p class='ocr_par' dir='ltr' id='par_1_70' title="bbox 967 1184 1755 1224">
     <span class='ocr_line' id='line_1_70' title="bbox 967 1184 1755 1224; baseline -0.008 -7"><span class='ocrx_word' id='word_1_480' title='bbox 967 1189 1014 1216; x_wconf 79' lang='grc' dir='ltr'><strong>δύο</strong></span> <span class='ocrx_word' id='word_1_481' title='bbox 1027 1189 1156 1224; x_wconf 76' lang='grc' dir='ltr'>γέροντες</span> <span class='ocrx_word' id='word_1_482' title='bbox 1173 1188 1203 1222; x_wconf 75' lang='grc' dir='ltr'><strong>ἐξ</strong></span> <span class='ocrx_word' id='word_1_483' title='bbox 1218 1187 1383 1223; x_wconf 73' lang='grc' dir='ltr'>ἀμφοτέρων</span> <span class='ocrx_word' id='word_1_484' title='bbox 1408 1185 1463 1213; x_wconf 86' lang='grc' dir='ltr'><strong>τῶν</strong></span> <span class='ocrx_word' id='word_1_485' title='bbox 1490 1185 1592 1222; x_wconf 83' lang='grc' dir='ltr'>μερῶν,</span> <span class='ocrx_word' id='word_1_486' title='bbox 1607 1185 1655 1212; x_wconf 80' lang='grc' dir='ltr'><strong>καὶ</strong></span> <span class='ocrx_word' id='word_1_487' title='bbox 1675 1184 1704 1211; x_wconf 79' lang='grc' dir='ltr'>ὃν</span> <span class='ocrx_word' id='word_1_488' title='bbox 1720 1184 1755 1211; x_wconf 86' lang='grc' dir='ltr'><strong>ἃν</strong></span> 
     </span>
    </p>
   </div>
   <div class='ocr_carea' id='block_1_71' title="bbox 968 1230 1755 1272">
    <p class='ocr_par' dir='ltr' id='par_1_71' title="bbox 968 1230 1755 1272">
     <span class='ocr_line' id='line_1_71' title="bbox 968 1230 1755 1272; baseline -0.009 -9"><span class='ocrx_word' id='word_1_489' title='bbox 968 1235 1167 1272; x_wconf 81' lang='grc' dir='ltr'>προκρίνωσιν.</span> <span class='ocrx_word' id='word_1_490' title='bbox 1185 1234 1271 1270; x_wconf 81' lang='grc' dir='ltr'>ὲχέτω</span> <span class='ocrx_word' id='word_1_491' title='bbox 1285 1233 1334 1269; x_wconf 79' lang='grc' dir='ltr'><strong>τὴν</strong></span> <span class='ocrx_word' id='word_1_492' title='bbox 1350 1233 1447 1268; x_wconf 77' lang='grc' dir='ltr'><strong>ἀρχήν.</strong></span> <span class='ocrx_word' id='word_1_493' title='bbox 1469 1232 1498 1259; x_wconf 91' lang='lat'><strong>&#39;0</strong></span> <span class='ocrx_word' id='word_1_494' title='bbox 1524 1231 1553 1259; x_wconf 72' lang='grc' dir='ltr'><strong>δὶ</strong></span> <span class='ocrx_word' id='word_1_495' title='bbox 1569 1231 1656 1266; x_wconf 79' lang='grc' dir='ltr'>’Δλὴμ</span> <span class='ocrx_word' id='word_1_496' title='bbox 1679 1230 1727 1257; x_wconf 74' lang='grc' dir='ltr'><strong>καὶ</strong></span> <span class='ocrx_word' id='word_1_497' title='bbox 1739 1231 1755 1257; x_wconf 86' lang='lat'><strong>6</strong></span> 
     </span>
    </p>
   </div>
   <div class='ocr_carea' id='block_1_72' title="bbox 968 1277 1755 1317">
    <p class='ocr_par' dir='ltr' id='par_1_72' title="bbox 968 1277 1755 1317">
     <span class='ocr_line' id='line_1_72' title="bbox 968 1277 1755 1317; baseline -0.008 -7"><span class='ocrx_word' id='word_1_498' title='bbox 968 1282 1079 1314; x_wconf 82' lang='grc' dir='ltr'>Μαϐίας</span> <span class='ocrx_word' id='word_1_499' title='bbox 1094 1281 1252 1317; x_wconf 84' lang='grc' dir='ltr'>ὴρέσθησαν</span> <span class='ocrx_word' id='word_1_500' title='bbox 1263 1280 1310 1307; x_wconf 65' lang='grc' dir='ltr'><strong>ἐπὶ</strong></span> <span class='ocrx_word' id='word_1_501' title='bbox 1328 1279 1368 1314; x_wconf 82' lang='grc' dir='ltr'>τῷ</span> <span class='ocrx_word' id='word_1_502' title='bbox 1381 1278 1454 1314; x_wconf 79' lang='grc' dir='ltr'>λόγῳ</span> <span class='ocrx_word' id='word_1_503' title='bbox 1467 1277 1572 1306; x_wconf 75' lang='grc' dir='ltr'><strong>αὐτῶν⁸</strong></span> <span class='ocrx_word' id='word_1_504' title='bbox 1588 1278 1636 1305; x_wconf 76' lang='grc' dir='ltr'>καὶ</span> <span class='ocrx_word' id='word_1_505' title='bbox 1655 1277 1755 1304; x_wconf 70' lang='grc' dir='ltr'><strong>ἐκϐάλ-</strong></span> 
     </span>
    </p>
   </div>
   <div class='ocr_carea' id='block_1_73' title="bbox 968 1321 1755 1360">
    <p class='ocr_par' dir='ltr' id='par_1_73' title="bbox 968 1321 1755 1360">
     <span class='ocr_line' id='line_1_73' title="bbox 968 1321 1755 1360; baseline -0.006 -6"><span class='ocrx_word' id='word_1_506' title='bbox 968 1327 1060 1359; x_wconf 82' lang='grc' dir='ltr'>λοντες</span> <span class='ocrx_word' id='word_1_507' title='bbox 1073 1326 1106 1353; x_wconf 80' lang='grc' dir='ltr'><strong>ὲκ</strong></span> <span class='ocrx_word' id='word_1_508' title='bbox 1120 1326 1174 1353; x_wconf 86' lang='grc' dir='ltr'><strong>τῶν</strong></span> <span class='ocrx_word' id='word_1_509' title='bbox 1187 1325 1286 1360; x_wconf 81' lang='grc' dir='ltr'>χειρῶν</span> <span class='ocrx_word' id='word_1_510' title='bbox 1300 1324 1363 1355; x_wconf 78' lang='grc' dir='ltr'>τοὺς</span> <span class='ocrx_word' id='word_1_511' title='bbox 1382 1323 1488 1350; x_wconf 69' lang='grc' dir='ltr'>ἑαυτῶν</span> <span class='ocrx_word' id='word_1_512' title='bbox 1502 1322 1662 1354; x_wconf 78' lang='grc' dir='ltr'>δακτυλίους</span> <span class='ocrx_word' id='word_1_513' title='bbox 1673 1321 1755 1349; x_wconf 84' lang='grc' dir='ltr'>δεδώ-</span> 
     </span>
    </p>
   </div>
   <div class='ocr_carea' id='block_1_74' title="bbox 970 1368 1756 1407">
    <p class='ocr_par' dir='ltr' id='par_1_74' title="bbox 970 1368 1756 1407">
     <span class='ocr_line' id='line_1_74' title="bbox 970 1368 1756 1407; baseline -0.005 -8"><span class='ocrx_word' id='word_1_514' title='bbox 970 1381 1035 1399; x_wconf 77' lang='grc' dir='ltr'>κασι</span> <span class='ocrx_word' id='word_1_515' title='bbox 1047 1373 1104 1404; x_wconf 84' lang='grc' dir='ltr'>τοῖς</span> <span class='ocrx_word' id='word_1_516' title='bbox 1117 1371 1179 1398; x_wconf 78' lang='grc' dir='ltr'>δυσὶ</span> <span class='ocrx_word' id='word_1_517' title='bbox 1192 1371 1318 1407; x_wconf 79' lang='grc' dir='ltr'>γέρουσι,</span> <span class='ocrx_word' id='word_1_518' title='bbox 1332 1369 1401 1404; x_wconf 78' lang='grc' dir='ltr'>ὅπερ</span> <span class='ocrx_word' id='word_1_519' title='bbox 1416 1369 1475 1396; x_wconf 65' lang='lat' dir='ltr'><strong>leti</strong></span> <span class='ocrx_word' id='word_1_520' title='bbox 1485 1369 1598 1405; x_wconf 81' lang='grc' dir='ltr'>σημεῖον</span> <span class='ocrx_word' id='word_1_521' title='bbox 1609 1370 1659 1404; x_wconf 80' lang='grc' dir='ltr'>τῆς</span> <span class='ocrx_word' id='word_1_522' title='bbox 1668 1368 1756 1404; x_wconf 83' lang='grc' dir='ltr'>ἀρχῆς</span> 
     </span>
    </p>
   </div>
   <div class='ocr_carea' id='block_1_75' title="bbox 969 1414 1756 1453">
    <p class='ocr_par' dir='ltr' id='par_1_75' title="bbox 969 1414 1756 1453">
     <span class='ocr_line' id='line_1_75' title="bbox 969 1414 1756 1453; baseline -0.005 -8"><span class='ocrx_word' id='word_1_523' title='bbox 969 1418 1026 1446; x_wconf 83' lang='grc' dir='ltr'><strong>τῶν</strong></span> <span class='ocrx_word' id='word_1_524' title='bbox 1047 1417 1216 1453; x_wconf 82' lang='grc' dir='ltr'>’Δγαρηνῶν,</span> <span class='ocrx_word' id='word_1_525' title='bbox 1235 1416 1281 1443; x_wconf 75' lang='grc' dir='ltr'><strong>καὶ</strong></span> <span class='ocrx_word' id='word_1_526' title='bbox 1297 1415 1436 1451; x_wconf 78' lang='grc' dir='ltr'>παρέσχον</span> <span class='ocrx_word' id='word_1_527' title='bbox 1453 1415 1504 1451; x_wconf 79' lang='grc' dir='ltr'>τὴν</span> <span class='ocrx_word' id='word_1_528' title='bbox 1527 1415 1651 1449; x_wconf 71' lang='grc' dir='ltr'>ἐξουσίαν</span> <span class='ocrx_word' id='word_1_529' title='bbox 1666 1414 1756 1442; x_wconf 78' lang='grc' dir='ltr'>αὐτῶν</span> 
     </span>
    </p>
   </div>
   <div class='ocr_carea' id='block_1_76' title="bbox 970 1460 1757 1499">
    <p class='ocr_par' dir='ltr' id='par_1_76' title="bbox 970 1460 1757 1499">
     <span class='ocr_line' id='line_1_76' title="bbox 970 1460 1757 1499; baseline -0.005 -8"><span class='ocrx_word' id='word_1_530' title='bbox 970 1464 1012 1496; x_wconf 76' lang='grc' dir='ltr'>εἰς</span> <span class='ocrx_word' id='word_1_531' title='bbox 1025 1463 1076 1499; x_wconf 80' lang='grc' dir='ltr'><strong>τὴν</strong></span> <span class='ocrx_word' id='word_1_532' title='bbox 1088 1463 1199 1498; x_wconf 79' lang='grc' dir='ltr'>θέλησιν</span> <span class='ocrx_word' id='word_1_533' title='bbox 1209 1461 1264 1489; x_wconf 89' lang='grc' dir='ltr'><strong>τῶν</strong></span> <span class='ocrx_word' id='word_1_534' title='bbox 1278 1460 1325 1488; x_wconf 79' lang='grc' dir='ltr'>δύο</span> <span class='ocrx_word' id='word_1_535' title='bbox 1340 1461 1487 1497; x_wconf 83' lang='grc' dir='ltr'>γερόντων,</span> <span class='ocrx_word' id='word_1_536' title='bbox 1506 1460 1536 1488; x_wconf 78' lang='grc' dir='ltr'>τὸ</span> <span class='ocrx_word' id='word_1_537' title='bbox 1553 1461 1668 1497; x_wconf 75' lang='grc' dir='ltr'>πρᾶγμα</span> <span class='ocrx_word' id='word_1_538' title='bbox 1680 1460 1757 1496; x_wconf 80' lang='grc' dir='ltr'>ἐνορ-</span> 
     </span>
    </p>
   </div>
   <div class='ocr_carea' id='block_1_77' title="bbox 931 1506 1757 1553">
    <p class='ocr_par' dir='ltr' id='par_1_77' title="bbox 931 1506 1757 1553">
     <span class='ocr_line' id='line_1_77' title="bbox 931 1506 1757 1553; baseline -0.007 -15"><span class='ocrx_word' id='word_1_539' title='bbox 931 1520 955 1553; x_wconf 78' lang='lat' dir='ltr'>C</span> <span class='ocrx_word' id='word_1_540' title='bbox 972 1518 1019 1538; x_wconf 83' lang='grc' dir='ltr'><strong>κον</strong></span> <span class='ocrx_word' id='word_1_541' title='bbox 1031 1510 1224 1545; x_wconf 81' lang='grc' dir='ltr'>ποιησάμενοι,</span> <span class='ocrx_word' id='word_1_542' title='bbox 1236 1509 1284 1536; x_wconf 73' lang='grc' dir='ltr'><strong>καὶ</strong></span> <span class='ocrx_word' id='word_1_543' title='bbox 1296 1508 1376 1536; x_wconf 82' lang='grc' dir='ltr'>τοῦτο</span> <span class='ocrx_word' id='word_1_544' title='bbox 1400 1507 1596 1543; x_wconf 81' lang='grc' dir='ltr'>στοιχίσαντες,</span> <span class='ocrx_word' id='word_1_545' title='bbox 1613 1506 1657 1533; x_wconf 81' lang='grc' dir='ltr'>ἵνα</span> <span class='ocrx_word' id='word_1_546' title='bbox 1670 1506 1700 1533; x_wconf 80' lang='grc' dir='ltr'>ὃν</span> <span class='ocrx_word' id='word_1_547' title='bbox 1723 1506 1757 1533; x_wconf 78' lang='grc' dir='ltr'>ἂν</span> 
     </span>
    </p>
   </div>
   <div class='ocr_carea' id='block_1_78' title="bbox 970 1552 1757 1592">
    <p class='ocr_par' dir='ltr' id='par_1_78' title="bbox 970 1552 1757 1592">
     <span class='ocr_line' id='line_1_78' title="bbox 970 1552 1757 1592; baseline -0.005 -9"><span class='ocrx_word' id='word_1_548' title='bbox 970 1555 1156 1592; x_wconf 77' lang='grc' dir='ltr'>προκρίνωσιν</span> <span class='ocrx_word' id='word_1_549' title='bbox 1171 1556 1195 1582; x_wconf 75' lang='lat' dir='ltr'><strong>oi</strong></span> <span class='ocrx_word' id='word_1_550' title='bbox 1216 1555 1356 1590; x_wconf 79' lang='grc' dir='ltr'>γέροντες,</span> <span class='ocrx_word' id='word_1_551' title='bbox 1383 1554 1487 1585; x_wconf 68' lang='grc' dir='ltr'>ἐκεῖνος</span> <span class='ocrx_word' id='word_1_552' title='bbox 1505 1552 1582 1580; x_wconf 74' lang='grc' dir='ltr'>ἔσται</span> <span class='ocrx_word' id='word_1_553' title='bbox 1598 1552 1693 1588; x_wconf 82' lang='grc' dir='ltr'>κύριος</span> <span class='ocrx_word' id='word_1_554' title='bbox 1708 1553 1757 1579; x_wconf 77' lang='grc' dir='ltr'><strong>καὶ</strong></span> 
     </span>
    </p>
   </div>
   <div class='ocr_carea' id='block_1_79' title="bbox 970 1598 1758 1638">
    <p class='ocr_par' dir='ltr' id='par_1_79' title="bbox 970 1598 1758 1638">
     <span class='ocr_line' id='line_1_79' title="bbox 970 1598 1758 1638; baseline -0.005 -8"><span class='ocrx_word' id='word_1_555' title='bbox 970 1602 1092 1638; x_wconf 81' lang='grc' dir='ltr'>ἀρχηγὸς</span> <span class='ocrx_word' id='word_1_556' title='bbox 1106 1601 1216 1629; x_wconf 82' lang='grc' dir='ltr'>πάντων</span> <span class='ocrx_word' id='word_1_557' title='bbox 1244 1600 1300 1628; x_wconf 89' lang='grc' dir='ltr'><strong>τῶν</strong></span> <span class='ocrx_word' id='word_1_558' title='bbox 1314 1599 1492 1636; x_wconf 80' lang='grc' dir='ltr'>Σαρακηνῶν.</span> <span class='ocrx_word' id='word_1_559' title='bbox 1513 1598 1567 1626; x_wconf 80' lang='grc' dir='ltr'><strong>Καὶ</strong></span> <span class='ocrx_word' id='word_1_560' title='bbox 1584 1598 1758 1626; x_wconf 71' lang='grc' dir='ltr'>εἰσελθόντων</span> 
     </span>
    </p>
   </div>
   <div class='ocr_carea' id='block_1_80' title="bbox 970 1643 1757 1683">
    <p class='ocr_par' dir='ltr' id='par_1_80' title="bbox 970 1643 1757 1683">
     <span class='ocr_line' id='line_1_80' title="bbox 970 1643 1757 1683; baseline -0.005 -9"><span class='ocrx_word' id='word_1_561' title='bbox 970 1647 1024 1675; x_wconf 87' lang='grc' dir='ltr'><strong>τῶν</strong></span> <span class='ocrx_word' id='word_1_562' title='bbox 1041 1647 1089 1674; x_wconf 82' lang='grc' dir='ltr'>δύο</span> <span class='ocrx_word' id='word_1_563' title='bbox 1115 1647 1253 1683; x_wconf 85' lang='grc' dir='ltr'>γερόντων</span> <span class='ocrx_word' id='word_1_564' title='bbox 1268 1645 1320 1673; x_wconf 78' lang='grc' dir='ltr'><strong>ἀνὰ</strong></span> <span class='ocrx_word' id='word_1_565' title='bbox 1346 1645 1429 1681; x_wconf 82' lang='grc' dir='ltr'>μέσον</span> <span class='ocrx_word' id='word_1_566' title='bbox 1444 1645 1494 1679; x_wconf 82' lang='grc' dir='ltr'>τῆς</span> <span class='ocrx_word' id='word_1_567' title='bbox 1517 1643 1695 1680; x_wconf 81' lang='grc' dir='ltr'>παρεμϐολῆς</span> <span class='ocrx_word' id='word_1_568' title='bbox 1709 1643 1757 1671; x_wconf 78' lang='grc' dir='ltr'><strong>τοῦ</strong></span> 
     </span>
    </p>
   </div>
   <div class='ocr_carea' id='block_1_81' title="bbox 975 1688 1758 1727">
    <p class='ocr_par' dir='ltr' id='par_1_81' title="bbox 975 1688 1758 1727">
     <span class='ocr_line' id='line_1_81' title="bbox 975 1688 1758 1727; baseline -0.006 -8"><span class='ocrx_word' id='word_1_569' title='bbox 975 1691 1096 1727; x_wconf 80' lang='grc' dir='ltr'>πολέμου</span> <span class='ocrx_word' id='word_1_570' title='bbox 1107 1691 1162 1718; x_wconf 81' lang='grc' dir='ltr'><strong>τῶν</strong></span> <span class='ocrx_word' id='word_1_571' title='bbox 1177 1691 1223 1718; x_wconf 86' lang='grc' dir='ltr'><strong>δύο</strong></span> <span class='ocrx_word' id='word_1_572' title='bbox 1238 1690 1341 1726; x_wconf 83' lang='grc' dir='ltr'>μερῶν,</span> <span class='ocrx_word' id='word_1_573' title='bbox 1355 1689 1403 1717; x_wconf 72' lang='grc' dir='ltr'>καὶ</span> <span class='ocrx_word' id='word_1_574' title='bbox 1425 1689 1578 1716; x_wconf 77' lang='grc' dir='ltr'>σταθέντων</span> <span class='ocrx_word' id='word_1_575' title='bbox 1593 1689 1622 1716; x_wconf 73' lang='grc' dir='ltr'><strong>έν</strong></span> <span class='ocrx_word' id='word_1_576' title='bbox 1633 1688 1673 1724; x_wconf 85' lang='grc' dir='ltr'>τῷ</span> <span class='ocrx_word' id='word_1_577' title='bbox 1691 1697 1758 1724; x_wconf 86' lang='grc' dir='ltr'>μετ-</span> 
     </span>
    </p>
   </div>
   <div class='ocr_carea' id='block_1_82' title="bbox 971 1733 1758 1773">
    <p class='ocr_par' dir='ltr' id='par_1_82' title="bbox 971 1733 1758 1773">
     <span class='ocr_line' id='line_1_82' title="bbox 971 1733 1758 1773; baseline -0.005 -9"><span class='ocrx_word' id='word_1_578' title='bbox 971 1736 1073 1773; x_wconf 84' lang='grc' dir='ltr'>αιχμίῳ</span> <span class='ocrx_word' id='word_1_579' title='bbox 1099 1735 1147 1763; x_wconf 81' lang='grc' dir='ltr'>τοῦ</span> <span class='ocrx_word' id='word_1_580' title='bbox 1181 1735 1364 1772; x_wconf 83' lang='grc' dir='ltr'>στρατοπέδου</span> <span class='ocrx_word' id='word_1_581' title='bbox 1388 1734 1607 1770; x_wconf 81' lang='grc' dir='ltr'>ἀντιπροσώπου,</span> <span class='ocrx_word' id='word_1_582' title='bbox 1635 1734 1682 1761; x_wconf 82' lang='grc' dir='ltr'>τοῦ</span> <span class='ocrx_word' id='word_1_583' title='bbox 1708 1733 1758 1769; x_wconf 74' lang='grc' dir='ltr'>μὲν</span> 
     </span>
    </p>
   </div>
   <div class='ocr_carea' id='block_1_83' title="bbox 977 1779 1759 1819">
    <p class='ocr_par' dir='ltr' id='par_1_83' title="bbox 977 1779 1759 1819">
     <span class='ocr_line' id='line_1_83' title="bbox 977 1779 1759 1819; baseline -0.005 -9"><span class='ocrx_word' id='word_1_584' title='bbox 977 1782 1063 1819; x_wconf 81' lang='grc' dir='ltr'>Ἀλὴμ</span> <span class='ocrx_word' id='word_1_585' title='bbox 1089 1783 1104 1809; x_wconf 88' lang='lat'><strong>6</strong></span> <span class='ocrx_word' id='word_1_586' title='bbox 1129 1782 1218 1818; x_wconf 84' lang='grc' dir='ltr'>γέρων</span> <span class='ocrx_word' id='word_1_587' title='bbox 1233 1781 1341 1817; x_wconf 81' lang='grc' dir='ltr'>ὑπῆρχε</span> <span class='ocrx_word' id='word_1_588' title='bbox 1357 1780 1429 1808; x_wconf 78' lang='grc' dir='ltr'>κατὰ</span> <span class='ocrx_word' id='word_1_589' title='bbox 1451 1781 1483 1807; x_wconf 80' lang='grc' dir='ltr'><strong>τὺ</strong></span> <span class='ocrx_word' id='word_1_590' title='bbox 1515 1780 1569 1808; x_wconf 89' lang='grc' dir='ltr'><strong>τῶν</strong></span> <span class='ocrx_word' id='word_1_591' title='bbox 1591 1779 1759 1815; x_wconf 78' lang='grc' dir='ltr'>Σαρακηνῶν</span> 
     </span>
    </p>
   </div>
   <div class='ocr_carea' id='block_1_84' title="bbox 972 1825 1758 1864">
    <p class='ocr_par' dir='ltr' id='par_1_84' title="bbox 972 1825 1758 1864">
     <span class='ocr_line' id='line_1_84' title="bbox 972 1825 1758 1864; baseline -0.006 -8"><span class='ocrx_word' id='word_1_592' title='bbox 972 1828 1047 1860; x_wconf 71' lang='grc' dir='ltr'>ἔθνος</span> <span class='ocrx_word' id='word_1_593' title='bbox 1072 1827 1201 1864; x_wconf 80' lang='grc' dir='ltr'>εὐλαϐὴς,</span> <span class='ocrx_word' id='word_1_594' title='bbox 1218 1827 1292 1859; x_wconf 85' lang='grc' dir='ltr'>οῐους</span> <span class='ocrx_word' id='word_1_595' title='bbox 1325 1828 1423 1854; x_wconf 71' lang='grc' dir='ltr'>Ξκεῖνοι</span> <span class='ocrx_word' id='word_1_596' title='bbox 1445 1826 1555 1860; x_wconf 80' lang='grc' dir='ltr'>λέγουσι</span> <span class='ocrx_word' id='word_1_597' title='bbox 1579 1825 1664 1861; x_wconf 77' lang='grc' dir='ltr'>καόῆς</span> <span class='ocrx_word' id='word_1_598' title='bbox 1690 1825 1758 1860; x_wconf 64' lang='lat' dir='ltr'><strong>(Si),</strong></span> 
     </span>
    </p>
   </div>
   <div class='ocr_carea' id='block_1_85' title="bbox 971 1870 1757 1908">
    <p class='ocr_par' dir='ltr' id='par_1_85' title="bbox 971 1870 1757 1908">
     <span class='ocr_line' id='line_1_85' title="bbox 971 1870 1757 1908; baseline -0.006 -6"><span class='ocrx_word' id='word_1_599' title='bbox 971 1874 1095 1901; x_wconf 84' lang='grc' dir='ltr'>τουτέστι</span> <span class='ocrx_word' id='word_1_600' title='bbox 1110 1874 1222 1906; x_wconf 74' lang='grc' dir='ltr'>πιστοὺς</span> <span class='ocrx_word' id='word_1_601' title='bbox 1241 1874 1287 1900; x_wconf 72' lang='grc' dir='ltr'><strong>καὶ</strong></span> <span class='ocrx_word' id='word_1_602' title='bbox 1306 1872 1492 1908; x_wconf 82' lang='grc' dir='ltr'>ἡγιασμένους</span> <span class='ocrx_word' id='word_1_603' title='bbox 1504 1879 1510 1887; x_wconf 86' lang='grc'><strong>·</strong></span> <span class='ocrx_word' id='word_1_604' title='bbox 1524 1871 1539 1898; x_wconf 87' lang='lat'><strong>6</strong></span> <span class='ocrx_word' id='word_1_605' title='bbox 1549 1871 1578 1898; x_wconf 82' lang='grc' dir='ltr'><strong>δὲ</strong></span> <span class='ocrx_word' id='word_1_606' title='bbox 1588 1871 1635 1898; x_wconf 81' lang='grc' dir='ltr'>τοῦ</span> <span class='ocrx_word' id='word_1_607' title='bbox 1650 1870 1757 1898; x_wconf 82' lang='grc' dir='ltr'>Μαϐίου</span> 
     </span>
    </p>
   </div>
   <div class='ocr_carea' id='block_1_86' title="bbox 972 1916 1759 1956">
    <p class='ocr_par' dir='ltr' id='par_1_86' title="bbox 972 1916 1759 1956">
     <span class='ocr_line' id='line_1_86' title="bbox 972 1916 1759 1956; baseline -0.005 -9"><span class='ocrx_word' id='word_1_608' title='bbox 972 1921 1061 1956; x_wconf 80' lang='grc' dir='ltr'>γέρων</span> <span class='ocrx_word' id='word_1_609' title='bbox 1075 1921 1104 1947; x_wconf 87' lang='grc' dir='ltr'>ὲν</span> <span class='ocrx_word' id='word_1_610' title='bbox 1121 1921 1242 1956; x_wconf 83' lang='grc' dir='ltr'>σχήματι</span> <span class='ocrx_word' id='word_1_611' title='bbox 1255 1919 1328 1955; x_wconf 87' lang='grc' dir='ltr'>μόνῳ</span> <span class='ocrx_word' id='word_1_612' title='bbox 1344 1916 1378 1955; x_wconf 78' lang='grc' dir='ltr'>ἧν</span> <span class='ocrx_word' id='word_1_613' title='bbox 1394 1918 1524 1953; x_wconf 79' lang='grc' dir='ltr'>εὐλαϐὴς,</span> <span class='ocrx_word' id='word_1_614' title='bbox 1539 1917 1574 1945; x_wconf 83' lang='grc' dir='ltr'><strong>τὰ</strong></span> <span class='ocrx_word' id='word_1_615' title='bbox 1593 1917 1616 1944; x_wconf 89' lang='grc' dir='ltr'><strong>δ’</strong></span> <span class='ocrx_word' id='word_1_616' title='bbox 1639 1917 1706 1945; x_wconf 76' lang='grc' dir='ltr'>ἄλλα</span> <span class='ocrx_word' id='word_1_617' title='bbox 1719 1917 1759 1944; x_wconf 66' lang='grc' dir='ltr'><strong>δοι</strong></span> 
     </span>
    </p>
   </div>
   <div class='ocr_carea' id='block_1_87' title="bbox 972 1962 1758 2001">
    <p class='ocr_par' dir='ltr' id='par_1_87' title="bbox 972 1962 1758 2001">
     <span class='ocr_line' id='line_1_87' title="bbox 972 1962 1758 2001; baseline -0.004 -9"><span class='ocrx_word' id='word_1_618' title='bbox 972 1965 1051 2001; x_wconf 83' lang='grc' dir='ltr'>λερὺς</span> <span class='ocrx_word' id='word_1_619' title='bbox 1064 1966 1113 1992; x_wconf 73' lang='grc' dir='ltr'><strong>καὶ</strong></span> <span class='ocrx_word' id='word_1_620' title='bbox 1127 1964 1261 1999; x_wconf 79' lang='grc' dir='ltr'>αὐθάδης,</span> <span class='ocrx_word' id='word_1_621' title='bbox 1273 1965 1321 1992; x_wconf 77' lang='grc' dir='ltr'><strong>καὶ</strong></span> <span class='ocrx_word' id='word_1_622' title='bbox 1331 1965 1451 2000; x_wconf 77' lang='grc' dir='ltr'>πονηρίᾳ</span> <span class='ocrx_word' id='word_1_623' title='bbox 1460 1964 1565 1995; x_wconf 79' lang='grc' dir='ltr'>πάντας</span> <span class='ocrx_word' id='word_1_624' title='bbox 1577 1962 1758 1998; x_wconf 80' lang='grc' dir='ltr'>ὑπερϐάλλων</span> 
     </span>
    </p>
   </div>
   <div class='ocr_carea' id='block_1_88' title="bbox 972 2007 1760 2046">
    <p class='ocr_par' dir='ltr' id='par_1_88' title="bbox 972 2007 1760 2046">
     <span class='ocr_line' id='line_1_88' title="bbox 972 2007 1760 2046; baseline -0.004 -9"><span class='ocrx_word' id='word_1_625' title='bbox 972 2010 1144 2046; x_wconf 82' lang='grc' dir='ltr'>ἀνθρώπους.</span> <span class='ocrx_word' id='word_1_626' title='bbox 1174 2008 1242 2037; x_wconf 61' lang='lat' dir='ltr'><strong>Eius</strong></span> <span class='ocrx_word' id='word_1_627' title='bbox 1259 2009 1288 2036; x_wconf 74' lang='grc' dir='ltr'><strong>δὲ</strong></span> <span class='ocrx_word' id='word_1_628' title='bbox 1310 2009 1324 2035; x_wconf 87' lang='lat'><strong>6</strong></span> <span class='ocrx_word' id='word_1_629' title='bbox 1337 2008 1384 2036; x_wconf 84' lang='grc' dir='ltr'>τοῦ</span> <span class='ocrx_word' id='word_1_630' title='bbox 1400 2009 1508 2036; x_wconf 83' lang='grc' dir='ltr'>Μαϐίου</span> <span class='ocrx_word' id='word_1_631' title='bbox 1519 2009 1609 2044; x_wconf 83' lang='grc' dir='ltr'>γέρων</span> <span class='ocrx_word' id='word_1_632' title='bbox 1631 2008 1700 2044; x_wconf 80' lang='grc' dir='ltr'>πρὸς</span> <span class='ocrx_word' id='word_1_633' title='bbox 1713 2007 1760 2034; x_wconf 78' lang='grc' dir='ltr'><strong>τὸν</strong></span> 
     </span>
    </p>
   </div>
   <div class='ocr_carea' id='block_1_89' title="bbox 972 2050 1759 2092">
    <p class='ocr_par' dir='ltr' id='par_1_89' title="bbox 972 2050 1759 2092">
     <span class='ocr_line' id='line_1_89' title="bbox 972 2050 1759 2092; baseline -0.004 -10"><span class='ocrx_word' id='word_1_634' title='bbox 972 2056 1086 2092; x_wconf 83' lang='grc' dir='ltr'>γέροντα</span> <span class='ocrx_word' id='word_1_635' title='bbox 1108 2054 1155 2082; x_wconf 80' lang='grc' dir='ltr'><strong>τοῦ</strong></span> <span class='ocrx_word' id='word_1_636' title='bbox 1173 2054 1263 2089; x_wconf 82' lang='grc' dir='ltr'>’Δλὴμ</span> <span class='ocrx_word' id='word_1_637' title='bbox 1287 2053 1355 2089; x_wconf 75' lang='grc'><strong>(22),</strong></span> <span class='ocrx_word' id='word_1_638' title='bbox 1375 2054 1416 2080; x_wconf 81' lang='grc' dir='ltr'>ὅτι</span> <span class='ocrx_word' id='word_1_639' title='bbox 1443 2053 1478 2080; x_wconf 78' lang='grc' dir='ltr'><strong>Σὺ</strong></span> <span class='ocrx_word' id='word_1_640' title='bbox 1492 2053 1601 2087; x_wconf 85' lang='grc' dir='ltr'>πρῶτος</span> <span class='ocrx_word' id='word_1_641' title='bbox 1615 2050 1675 2080; x_wconf 76' lang='grc' dir='ltr'>εἷπε</span> <span class='ocrx_word' id='word_1_642' title='bbox 1690 2052 1759 2088; x_wconf 81' lang='grc' dir='ltr'>ὅπερ</span> 
     </span>
    </p>
   </div>
   <div class='ocr_carea' id='block_1_90' title="bbox 973 2099 1758 2137">
    <p class='ocr_par' dir='ltr' id='par_1_90' title="bbox 973 2099 1758 2137">
     <span class='ocr_line' id='line_1_90' title="bbox 973 2099 1758 2137; baseline -0.003 -9"><span class='ocrx_word' id='word_1_643' title='bbox 973 2101 1066 2137; x_wconf 83' lang='grc' dir='ltr'>βούλῃ,</span> <span class='ocrx_word' id='word_1_644' title='bbox 1082 2100 1153 2127; x_wconf 81' lang='grc' dir='ltr'>ὥστε</span> <span class='ocrx_word' id='word_1_645' title='bbox 1168 2101 1301 2136; x_wconf 73' lang='grc' dir='ltr'>φρόνιμος</span> <span class='ocrx_word' id='word_1_646' title='bbox 1319 2099 1376 2135; x_wconf 74' lang='lat'><strong>(‘23)</strong></span> <span class='ocrx_word' id='word_1_647' title='bbox 1392 2099 1440 2126; x_wconf 78' lang='grc' dir='ltr'><strong>καὶ</strong></span> <span class='ocrx_word' id='word_1_648' title='bbox 1454 2099 1583 2134; x_wconf 78' lang='grc' dir='ltr'>εὐλαϐὴς,</span> <span class='ocrx_word' id='word_1_649' title='bbox 1599 2100 1646 2126; x_wconf 69' lang='grc' dir='ltr'><strong>καὶ</strong></span> <span class='ocrx_word' id='word_1_650' title='bbox 1665 2099 1758 2134; x_wconf 74' lang='grc' dir='ltr'>μακρὰ</span> 
     </span>
    </p>
   </div>
   <div class='ocr_carea' id='block_1_91' title="bbox 972 2144 1760 2182">
    <p class='ocr_par' dir='ltr' id='par_1_91' title="bbox 972 2144 1760 2182">
     <span class='ocr_line' id='line_1_91' title="bbox 972 2144 1760 2182; baseline -0.004 -8"><span class='ocrx_word' id='word_1_651' title='bbox 972 2148 1028 2179; x_wconf 82' lang='grc' dir='ltr'>τοῖς</span> <span class='ocrx_word' id='word_1_652' title='bbox 1041 2147 1119 2182; x_wconf 84' lang='grc' dir='ltr'>ὲμοϊς</span> <span class='ocrx_word' id='word_1_653' title='bbox 1131 2145 1241 2182; x_wconf 83' lang='grc' dir='ltr'>χρόνοις</span> <span class='ocrx_word' id='word_1_654' title='bbox 1256 2144 1507 2181; x_wconf 84' lang='grc' dir='ltr'>ὑπερϐαλλόμενος.</span> <span class='ocrx_word' id='word_1_655' title='bbox 1519 2145 1575 2172; x_wconf 74' lang='grc' dir='ltr'><strong>Καὶ</strong></span> <span class='ocrx_word' id='word_1_656' title='bbox 1595 2144 1732 2180; x_wconf 74' lang='grc' dir='ltr'>ἀπεκρίθη</span> <span class='ocrx_word' id='word_1_657' title='bbox 1747 2145 1760 2171; x_wconf 87' lang='lat'><strong>6</strong></span> 
     </span>
    </p>
   </div>
   <div class='ocr_carea' id='block_1_92' title="bbox 130 2188 917 2228">
    <p class='ocr_par' dir='ltr' id='par_1_92' title="bbox 130 2188 917 2227">
     <span class='ocr_line' id='line_1_92' title="bbox 130 2188 917 2227; baseline 0.006 -11"><span class='ocrx_word' id='word_1_658' title='bbox 130 2188 217 2225; x_wconf 66' lang='lat' dir='ltr'><strong>Syriae</strong></span> <span class='ocrx_word' id='word_1_659' title='bbox 235 2190 432 2225; x_wconf 81' lang='lat' dir='ltr'><strong>principatum,</strong></span> <span class='ocrx_word' id='word_1_660' title='bbox 448 2190 521 2226; x_wconf 91' lang='lat' dir='ltr'><strong>quod</strong></span> <span class='ocrx_word' id='word_1_661' title='bbox 538 2190 648 2218; x_wconf 72' lang='lat' dir='ltr'><strong>Aminei</strong></span> <span class='ocrx_word' id='word_1_662' title='bbox 668 2198 764 2219; x_wconf 89' lang='lat' dir='ltr'><strong>omnes</strong></span> <span class='ocrx_word' id='word_1_663' title='bbox 777 2191 917 2227; x_wconf 83' lang='lat' dir='ltr'><strong>jurassent</strong></span> 
     </span>
    </p>
   </div>
   <div class='ocr_carea' id='block_1_93' title="bbox 971 2188 1759 2228">
    <p class='ocr_par' dir='ltr' id='par_1_93' title="bbox 972 2190 1759 2228">
     <span class='ocr_line' id='line_1_93' title="bbox 972 2190 1759 2228; baseline -0.004 -9"><span class='ocrx_word' id='word_1_664' title='bbox 972 2192 1061 2228; x_wconf 85' lang='grc' dir='ltr'>γέρων</span> <span class='ocrx_word' id='word_1_665' title='bbox 1075 2191 1122 2218; x_wconf 84' lang='grc' dir='ltr'>τοῦ</span> <span class='ocrx_word' id='word_1_666' title='bbox 1141 2191 1228 2227; x_wconf 78' lang='grc' dir='ltr'>’Λλὴμ</span> <span class='ocrx_word' id='word_1_667' title='bbox 1243 2190 1332 2224; x_wconf 78' lang='grc' dir='ltr'>τοῦτο,</span> <span class='ocrx_word' id='word_1_668' title='bbox 1344 2191 1386 2217; x_wconf 83' lang='grc' dir='ltr'>ὅτι</span> <span class='ocrx_word' id='word_1_669' title='bbox 1404 2190 1547 2222; x_wconf 81' lang='grc' dir='ltr'>Ἐξέϐαλον</span> <span class='ocrx_word' id='word_1_670' title='bbox 1562 2190 1609 2217; x_wconf 78' lang='grc' dir='ltr'>τὸν</span> <span class='ocrx_word' id='word_1_671' title='bbox 1629 2190 1716 2225; x_wconf 82' lang='grc' dir='ltr'>’Δλὴμ</span> <span class='ocrx_word' id='word_1_672' title='bbox 1727 2191 1759 2216; x_wconf 80' lang='grc' dir='ltr'><strong>ἐκ</strong></span> 
     </span>
    </p>
   </div>
   <div class='ocr_carea' id='block_1_94' title="bbox 131 2235 918 2272">
    <p class='ocr_par' dir='ltr' id='par_1_94' title="bbox 131 2235 918 2272">
     <span class='ocr_line' id='line_1_94' title="bbox 131 2235 918 2272; baseline 0.005 -10"><span class='ocrx_word' id='word_1_673' title='bbox 131 2242 229 2262; x_wconf 89' lang='lat' dir='ltr'><strong>senum</strong></span> <span class='ocrx_word' id='word_1_674' title='bbox 245 2242 275 2262; x_wconf 86' lang='lat' dir='ltr'><strong>se</strong></span> <span class='ocrx_word' id='word_1_675' title='bbox 290 2235 372 2263; x_wconf 88' lang='lat' dir='ltr'><strong>dictis</strong></span> <span class='ocrx_word' id='word_1_676' title='bbox 386 2235 569 2264; x_wconf 88' lang='lat' dir='ltr'><strong>obsecuturos</strong></span> <span class='ocrx_word' id='word_1_677' title='bbox 584 2243 655 2264; x_wconf 90' lang='lat' dir='ltr'><strong>esse.</strong></span> <span class='ocrx_word' id='word_1_678' title='bbox 669 2237 741 2264; x_wconf 80' lang='lat' dir='ltr'><strong>Alim</strong></span> <span class='ocrx_word' id='word_1_679' title='bbox 758 2238 842 2272; x_wconf 79' lang='lat' dir='ltr'><strong>igitur</strong></span> <span class='ocrx_word' id='word_1_680' title='bbox 856 2246 918 2266; x_wconf 88' lang='lat' dir='ltr'><strong>cum</strong></span> 
     </span>
    </p>
   </div>
   <div class='ocr_carea' id='block_1_95' title="bbox 130 2280 920 2317">
    <p class='ocr_par' dir='ltr' id='par_1_95' title="bbox 130 2280 920 2317">
     <span class='ocr_line' id='line_1_95' title="bbox 130 2280 920 2317; baseline 0.003 -9"><span class='ocrx_word' id='word_1_681' title='bbox 130 2281 190 2308; x_wconf 83' lang='lat' dir='ltr'><strong>suis</strong></span> <span class='ocrx_word' id='word_1_682' title='bbox 200 2284 228 2308; x_wconf 90' lang='lat' dir='ltr'><strong>et</strong></span> <span class='ocrx_word' id='word_1_683' title='bbox 242 2284 299 2308; x_wconf 83' lang='lat' dir='ltr'><strong>tota</strong></span> <span class='ocrx_word' id='word_1_684' title='bbox 314 2281 478 2316; x_wconf 87' lang='lat' dir='ltr'><strong>cognatione</strong></span> <span class='ocrx_word' id='word_1_685' title='bbox 491 2281 519 2308; x_wconf 88' lang='lat' dir='ltr'><strong>in</strong></span> <span class='ocrx_word' id='word_1_686' title='bbox 533 2280 653 2308; x_wconf 72' lang='lat' dir='ltr'><strong>{Etbribi</strong></span> <span class='ocrx_word' id='word_1_687' title='bbox 664 2286 761 2317; x_wconf 82' lang='lat' dir='ltr'><strong>partes</strong></span> <span class='ocrx_word' id='word_1_688' title='bbox 774 2282 920 2317; x_wconf 86' lang='lat' dir='ltr'><strong>abscessit,</strong></span> 
     </span>
    </p>
   </div>
   <div class='ocr_carea' id='block_1_96' title="bbox 129 2326 582 2363">
    <p class='ocr_par' dir='ltr' id='par_1_96' title="bbox 129 2326 582 2363">
     <span class='ocr_line' id='line_1_96' title="bbox 129 2326 582 2363; baseline 0.002 -9"><span class='ocrx_word' id='word_1_689' title='bbox 129 2326 224 2362; x_wconf 86' lang='lat' dir='ltr'><strong>ibique</strong></span> <span class='ocrx_word' id='word_1_690' title='bbox 239 2327 313 2354; x_wconf 87' lang='lat' dir='ltr'><strong>diem</strong></span> <span class='ocrx_word' id='word_1_691' title='bbox 328 2326 397 2354; x_wconf 90' lang='lat' dir='ltr'><strong>obiit</strong></span> <span class='ocrx_word' id='word_1_692' title='bbox 411 2334 582 2363; x_wconf 88' lang='lat' dir='ltr'><strong>supretnum.</strong></span> 
     </span>
    </p>
   </div>
   <div class='ocr_carea' id='block_1_97' title="bbox 974 2236 1761 2274">
    <p class='ocr_par' dir='ltr' id='par_1_97' title="bbox 974 2236 1761 2274">
     <span class='ocr_line' id='line_1_97' title="bbox 974 2236 1761 2274; baseline -0.004 -9"><span class='ocrx_word' id='word_1_693' title='bbox 974 2238 1023 2274; x_wconf 83' lang='grc' dir='ltr'>τῆς</span> <span class='ocrx_word' id='word_1_694' title='bbox 1035 2238 1134 2273; x_wconf 79' lang='grc' dir='ltr'>ἀρχῆς,</span> <span class='ocrx_word' id='word_1_695' title='bbox 1146 2237 1183 2269; x_wconf 85' lang='grc' dir='ltr'>ὼς</span> <span class='ocrx_word' id='word_1_696' title='bbox 1197 2236 1333 2272; x_wconf 77' lang='grc' dir='ltr'>ἐξήγαγον</span> <span class='ocrx_word' id='word_1_697' title='bbox 1345 2236 1391 2263; x_wconf 74' lang='grc' dir='ltr'><strong>τὸν</strong></span> <span class='ocrx_word' id='word_1_698' title='bbox 1405 2236 1549 2264; x_wconf 83' lang='grc' dir='ltr'>δακτύλιον</span> <span class='ocrx_word' id='word_1_699' title='bbox 1570 2236 1653 2263; x_wconf 80' lang='grc' dir='ltr'>αὑτοῦ</span> <span class='ocrx_word' id='word_1_700' title='bbox 1666 2237 1698 2262; x_wconf 77' lang='grc' dir='ltr'><strong>ὲκ</strong></span> <span class='ocrx_word' id='word_1_701' title='bbox 1712 2236 1761 2271; x_wconf 84' lang='grc' dir='ltr'>τῆς</span> 
     </span>
    </p>
   </div>
   <div class='ocr_carea' id='block_1_98' title="bbox 974 2281 1760 2319">
    <p class='ocr_par' dir='ltr' id='par_1_98' title="bbox 974 2281 1760 2319">
     <span class='ocr_line' id='line_1_98' title="bbox 974 2281 1760 2319; baseline -0.003 -9"><span class='ocrx_word' id='word_1_702' title='bbox 974 2284 1066 2319; x_wconf 81' lang='grc' dir='ltr'>χειρὸς</span> <span class='ocrx_word' id='word_1_703' title='bbox 1079 2283 1175 2315; x_wconf 73' lang='grc' dir='ltr'>αὐτοῦ,</span> <span class='ocrx_word' id='word_1_704' title='bbox 1186 2284 1234 2310; x_wconf 72' lang='grc' dir='ltr'><strong>καὶ</strong></span> <span class='ocrx_word' id='word_1_705' title='bbox 1249 2283 1398 2318; x_wconf 79' lang='grc' dir='ltr'>είσήγαγον</span> <span class='ocrx_word' id='word_1_706' title='bbox 1423 2282 1463 2314; x_wconf 82' lang='grc' dir='ltr'><strong>είς</strong></span> <span class='ocrx_word' id='word_1_707' title='bbox 1479 2282 1524 2308; x_wconf 73' lang='grc' dir='ltr'><strong>τὸν</strong></span> <span class='ocrx_word' id='word_1_708' title='bbox 1538 2282 1604 2317; x_wconf 70' lang='grc' dir='ltr'>ὲμδν</span> <span class='ocrx_word' id='word_1_709' title='bbox 1618 2281 1760 2314; x_wconf 77' lang='grc' dir='ltr'>δάκτυλον,</span> 
     </span>
    </p>
   </div>
   <div class='ocr_carea' id='block_1_99' title="bbox 977 2327 1760 2364">
    <p class='ocr_par' dir='ltr' id='par_1_99' title="bbox 977 2327 1760 2364">
     <span class='ocr_line' id='line_1_99' title="bbox 977 2327 1760 2364; baseline -0.001 -8"><span class='ocrx_word' id='word_1_710' title='bbox 977 2329 1101 2357; x_wconf 76' lang='grc' dir='ltr'>ἐκϐάλλω</span> <span class='ocrx_word' id='word_1_711' title='bbox 1113 2330 1160 2356; x_wconf 69' lang='grc' dir='ltr'><strong>καὶ</strong></span> <span class='ocrx_word' id='word_1_712' title='bbox 1172 2330 1217 2356; x_wconf 82' lang='grc' dir='ltr'>τὸν</span> <span class='ocrx_word' id='word_1_713' title='bbox 1228 2329 1370 2356; x_wconf 85' lang='grc' dir='ltr'>δακτύλιον</span> <span class='ocrx_word' id='word_1_714' title='bbox 1382 2328 1429 2355; x_wconf 80' lang='grc' dir='ltr'>τοῦ</span> <span class='ocrx_word' id='word_1_715' title='bbox 1453 2328 1540 2364; x_wconf 80' lang='grc' dir='ltr'>Ἀλὴμ</span> <span class='ocrx_word' id='word_1_716' title='bbox 1554 2329 1587 2355; x_wconf 82' lang='grc' dir='ltr'><strong>ὲκ</strong></span> <span class='ocrx_word' id='word_1_717' title='bbox 1601 2327 1649 2355; x_wconf 82' lang='grc' dir='ltr'>τοῦ</span> <span class='ocrx_word' id='word_1_718' title='bbox 1659 2328 1760 2355; x_wconf 81' lang='grc' dir='ltr'>δακτύ-</span> 
     </span>
    </p>
   </div>
   <div class='ocr_carea' id='block_1_100' title="bbox 130 2372 1761 2411">
    <p class='ocr_par' dir='ltr' id='par_1_100' title="bbox 130 2372 1761 2411">
     <span class='ocr_line' id='line_1_100' title="bbox 130 2372 1761 2411; baseline 0 -11"><span class='ocrx_word' id='word_1_719' title='bbox 130 2373 176 2403; x_wconf 83' lang='grc' dir='ltr'><strong>λου</strong></span> <span class='ocrx_word' id='word_1_720' title='bbox 203 2382 267 2408; x_wconf 82' lang='grc' dir='ltr'>μου,</span> <span class='ocrx_word' id='word_1_721' title='bbox 289 2372 463 2403; x_wconf 74' lang='grc' dir='ltr'>συνεκϐαλὼν</span> <span class='ocrx_word' id='word_1_722' title='bbox 477 2373 558 2401; x_wconf 78' lang='grc' dir='ltr'>αὐτὸν</span> <span class='ocrx_word' id='word_1_723' title='bbox 573 2374 621 2401; x_wconf 80' lang='grc' dir='ltr'><strong>καὶ</strong></span> <span class='ocrx_word' id='word_1_724' title='bbox 644 2373 695 2409; x_wconf 82' lang='grc' dir='ltr'>τῆς</span> <span class='ocrx_word' id='word_1_725' title='bbox 720 2373 809 2409; x_wconf 78' lang='grc' dir='ltr'>ἀρχῆς</span> <span class='ocrx_word' id='word_1_726' title='bbox 826 2374 919 2403; x_wconf 84' lang='grc' dir='ltr'>αὑτοῦ.</span> <span class='ocrx_word' id='word_1_727' title='bbox 942 2376 995 2403; x_wconf 75' lang='grc' dir='ltr'><strong>Καὶ</strong></span> <span class='ocrx_word' id='word_1_728' title='bbox 1013 2375 1203 2411; x_wconf 79' lang='grc' dir='ltr'>ἁνταπεκρίθη</span> <span class='ocrx_word' id='word_1_729' title='bbox 1223 2376 1238 2402; x_wconf 80' lang='grc' dir='ltr'><strong><em>ὸ</em></strong></span> <span class='ocrx_word' id='word_1_730' title='bbox 1256 2374 1304 2402; x_wconf 80' lang='grc' dir='ltr'>τοῦ</span> <span class='ocrx_word' id='word_1_731' title='bbox 1322 2374 1428 2402; x_wconf 87' lang='grc' dir='ltr'>Μαϐίου</span> <span class='ocrx_word' id='word_1_732' title='bbox 1444 2373 1544 2409; x_wconf 82' lang='grc' dir='ltr'>γέρων,</span> <span class='ocrx_word' id='word_1_733' title='bbox 1573 2374 1611 2406; x_wconf 86' lang='grc' dir='ltr'>ὼς</span> <span class='ocrx_word' id='word_1_734' title='bbox 1633 2374 1674 2401; x_wconf 80' lang='grc' dir='ltr'>ὅτι</span> <span class='ocrx_word' id='word_1_735' title='bbox 1688 2374 1761 2409; x_wconf 77' lang='grc' dir='ltr'>εισή-</span> 
     </span>
    </p>
   </div>
   <div class='ocr_carea' id='block_1_101' title="bbox 721 2420 1177 2450">
    <p class='ocr_par' dir='ltr' id='par_1_101' title="bbox 721 2420 1177 2450">
     <span class='ocr_line' id='line_1_101' title="bbox 721 2420 1177 2450; baseline 0.007 -3"><span class='ocrx_word' id='word_1_736' title='bbox 721 2420 871 2448; x_wconf 74' lang='lat' dir='ltr'><strong>ANSELMI</strong></span> <span class='ocrx_word' id='word_1_737' title='bbox 887 2421 1050 2450; x_wconf 73' lang='lat' dir='ltr'><strong>BANliURlI</strong></span> <span class='ocrx_word' id='word_1_738' title='bbox 1061 2422 1177 2450; x_wconf 66' lang='lat' dir='ltr'><strong>NOTrE.</strong></span> 
     </span>
    </p>
   </div>
   <div class='ocr_carea' id='block_1_102' title="bbox 166 2466 920 2504">
    <p class='ocr_par' dir='ltr' id='par_1_102' title="bbox 166 2466 920 2504">
     <span class='ocr_line' id='line_1_102' title="bbox 166 2466 920 2504; baseline 0.003 -9"><span class='ocrx_word' id='word_1_739' title='bbox 166 2467 223 2504; x_wconf 71' lang='grc'><strong>(17)</strong></span> <span class='ocrx_word' id='word_1_740' title='bbox 244 2466 289 2495; x_wconf 84' lang='lat' dir='ltr'><strong>Sic</strong></span> <span class='ocrx_word' id='word_1_741' title='bbox 304 2467 516 2504; x_wconf 83' lang='lat' dir='ltr'><strong>habetnr_etiam</strong></span> <span class='ocrx_word' id='word_1_742' title='bbox 541 2467 567 2496; x_wconf 92' lang='lat' dir='ltr'><strong>in</strong></span> <span class='ocrx_word' id='word_1_743' title='bbox 582 2475 633 2495; x_wconf 89' lang='lat' dir='ltr'><strong>ms.</strong></span> <span class='ocrx_word' id='word_1_744' title='bbox 651 2468 685 2495; x_wconf 84' lang='lat' dir='ltr'><strong>At</strong></span> <span class='ocrx_word' id='word_1_745' title='bbox 709 2468 798 2504; x_wconf 83' lang='lat' dir='ltr'><strong>capite</strong></span> <span class='ocrx_word' id='word_1_746' title='bbox 818 2477 920 2504; x_wconf 72' lang='lat' dir='ltr'><strong>praece-</strong></span> 
     </span>
    </p>
   </div>
   <div class='ocr_carea' id='block_1_103' title="bbox 130 2501 919 2539">
    <p class='ocr_par' dir='ltr' id='par_1_103' title="bbox 130 2501 919 2539">
     <span class='ocr_line' id='line_1_103' title="bbox 130 2501 919 2539; baseline 0.003 -10"><span class='ocrx_word' id='word_1_747' title='bbox 130 2501 205 2539; x_wconf 85' lang='lat' dir='ltr'><strong>denti</strong></span> <span class='ocrx_word' id='word_1_748' title='bbox 217 2502 294 2539; x_wconf 21' lang='lat' dir='ltr'><strong>hunc»</strong></span> <span class='ocrx_word' id='word_1_749' title='bbox 305 2503 395 2539; x_wconf 87' lang='lat' dir='ltr'><strong>ipsum</strong></span> <span class='ocrx_word' id='word_1_750' title='bbox 414 2501 538 2539; x_wconf 65' lang='lat' dir='ltr'><strong>Judaeum</strong></span> <span class='ocrx_word' id='word_1_751' title='bbox 565 2501 840 2532; x_wconf 57' lang='lat' dir='ltr'><strong>Edessennm&#39;l‘nisse</strong></span> <span class='ocrx_word' id='word_1_752' title='bbox 863 2505 919 2538; x_wconf 84' lang='lat' dir='ltr'><strong>ait;</strong></span> 
     </span>
    </p>
   </div>
   <div class='ocr_carea' id='block_1_104' title="bbox 131 2537 921 2574">
    <p class='ocr_par' dir='ltr' id='par_1_104' title="bbox 131 2537 921 2574">
     <span class='ocr_line' id='line_1_104' title="bbox 131 2537 921 2574; baseline 0.005 -11"><span class='ocrx_word' id='word_1_753' title='bbox 131 2541 158 2564; x_wconf 89' lang='lat' dir='ltr'><strong>et</strong></span> <span class='ocrx_word' id='word_1_754' title='bbox 172 2537 213 2564; x_wconf 80' lang='lat' dir='ltr'><strong>sic</strong></span> <span class='ocrx_word' id='word_1_755' title='bbox 232 2537 341 2574; x_wconf 67' lang='lat' dir='ltr'><strong>quidem</strong></span> <span class='ocrx_word' id='word_1_756' title='bbox 361 2538 517 2573; x_wconf 82' lang='lat' dir='ltr'><strong>legendum.</strong></span> <span class='ocrx_word' id='word_1_757' title='bbox 535 2546 597 2574; x_wconf 81' lang='lat' dir='ltr'><strong>nam</strong></span> <span class='ocrx_word' id='word_1_758' title='bbox 621 2539 665 2566; x_wconf 92' lang='lat' dir='ltr'><strong>hic</strong></span> <span class='ocrx_word' id='word_1_759' title='bbox 689 2538 828 2574; x_wconf 78' lang='grc' dir='ltr'>Ἐδεσηνός</span> <span class='ocrx_word' id='word_1_760' title='bbox 853 2539 921 2567; x_wconf 91' lang='lat' dir='ltr'><strong>dici-</strong></span> 
     </span>
    </p>
   </div>
   <div class='ocr_carea' id='block_1_105' title="bbox 133 2572 920 2613">
    <p class='ocr_par' dir='ltr' id='par_1_105' title="bbox 133 2572 920 2613">
     <span class='ocr_line' id='line_1_105' title="bbox 133 2572 920 2613; baseline 0.004 -15"><span class='ocrx_word' id='word_1_761' title='bbox 133 2576 178 2613; x_wconf 69' lang='lat' dir='ltr'><strong>tur</strong></span> <span class='ocrx_word' id='word_1_762' title='bbox 202 2575 230 2599; x_wconf 89' lang='lat' dir='ltr'><strong>et</strong></span> <span class='ocrx_word' id='word_1_763' title='bbox 253 2572 424 2608; x_wconf 85' lang='lat' dir='ltr'><strong>Theophani,</strong></span> <span class='ocrx_word' id='word_1_764' title='bbox 450 2574 489 2601; x_wconf 85' lang='lat' dir='ltr'><strong>uti</strong></span> <span class='ocrx_word' id='word_1_765' title='bbox 513 2573 547 2602; x_wconf 87' lang='lat' dir='ltr'><strong>ad</strong></span> <span class='ocrx_word' id='word_1_766' title='bbox 571 2574 711 2603; x_wconf 79' lang='lat' dir='ltr'><strong>[nudatum</strong></span> <span class='ocrx_word' id='word_1_767' title='bbox 743 2572 834 2602; x_wconf 86' lang='lat' dir='ltr'><strong>locum</strong></span> <span class='ocrx_word' id='word_1_768' title='bbox 862 2582 920 2603; x_wconf 88' lang='lat' dir='ltr'><strong>mo-</strong></span> 
     </span>
    </p>
   </div>
   <div class='ocr_carea' id='block_1_106' title="bbox 131 2614 255 2634">
    <p class='ocr_par' dir='ltr' id='par_1_106' title="bbox 131 2614 255 2634">
     <span class='ocr_line' id='line_1_106' title="bbox 131 2614 255 2634; baseline 0.008 -1"><span class='ocrx_word' id='word_1_769' title='bbox 131 2614 255 2634; x_wconf 87' lang='lat' dir='ltr'><strong>nutmus.</strong></span> 
     </span>
    </p>
   </div>
   <div class='ocr_carea' id='block_1_107' title="bbox 167 2641 923 2679">
    <p class='ocr_par' dir='ltr' id='par_1_107' title="bbox 167 2641 923 2679">
     <span class='ocr_line' id='line_1_107' title="bbox 167 2641 923 2679; baseline 0.004 -11"><span class='ocrx_word' id='word_1_770' title='bbox 167 2641 224 2679; x_wconf 82' lang='lat' dir='ltr'><strong>(l_8)</strong></span> <span class='ocrx_word' id='word_1_771' title='bbox 247 2642 292 2669; x_wconf 90' lang='lat' dir='ltr'><strong>Sic</strong></span> <span class='ocrx_word' id='word_1_772' title='bbox 315 2643 450 2678; x_wconf 89' lang='lat' dir='ltr'><strong>scriptum</strong></span> <span class='ocrx_word' id='word_1_773' title='bbox 469 2648 530 2671; x_wconf 90' lang='lat' dir='ltr'><strong>erat</strong></span> <span class='ocrx_word' id='word_1_774' title='bbox 554 2644 643 2679; x_wconf 88' lang='lat' dir='ltr'><strong>prima</strong></span> <span class='ocrx_word' id='word_1_775' title='bbox 669 2652 751 2672; x_wconf 82' lang='lat' dir='ltr'><strong>manu</strong></span> <span class='ocrx_word' id='word_1_776' title='bbox 777 2644 804 2671; x_wconf 91' lang='lat' dir='ltr'><strong>in</strong></span> <span class='ocrx_word' id='word_1_777' title='bbox 828 2644 923 2672; x_wconf 88' lang='lat' dir='ltr'><strong>codice</strong></span> 
     </span>
    </p>
   </div>
   <div class='ocr_carea' id='block_1_108' title="bbox 133 2676 923 2718">
    <p class='ocr_par' dir='ltr' id='par_1_108' title="bbox 133 2676 923 2718">
     <span class='ocr_line' id='line_1_108' title="bbox 133 2676 923 2718; baseline 0.004 -14"><span class='ocrx_word' id='word_1_778' title='bbox 133 2676 390 2718; x_wconf 34' lang='lat' dir='ltr'><strong>Regio‘vetustiori,</strong></span> <span class='ocrx_word' id='word_1_779' title='bbox 407 2679 446 2706; x_wconf 91' lang='lat' dir='ltr'><strong>uti</strong></span> <span class='ocrx_word' id='word_1_780' title='bbox 461 2680 495 2706; x_wconf 88' lang='lat' dir='ltr'><strong>ad</strong></span> <span class='ocrx_word' id='word_1_781' title='bbox 518 2676 601 2715; x_wconf 79' lang='lat' dir='ltr'><strong>caput</strong></span> <span class='ocrx_word' id='word_1_782' title='bbox 615 2679 783 2709; x_wconf 85' lang='lat' dir='ltr'><strong>antecedens</strong></span> <span class='ocrx_word' id='word_1_783' title='bbox 798 2679 923 2715; x_wconf 87' lang='lat' dir='ltr'><strong>pluribus</strong></span> 
     </span>
    </p>
   </div>
   <div class='ocr_carea' id='block_1_109' title="bbox 132 2719 302 2741">
    <p class='ocr_par' dir='ltr' id='par_1_109' title="bbox 132 2719 302 2741">
     <span class='ocr_line' id='line_1_109' title="bbox 132 2719 302 2741; baseline 0.018 -3"><span class='ocrx_word' id='word_1_784' title='bbox 132 2719 302 2741; x_wconf 78' lang='lat' dir='ltr'><strong>monurmns.</strong></span> 
     </span>
    </p>
   </div>
   <div class='ocr_carea' id='block_1_110' title="bbox 168 2747 923 2786">
    <p class='ocr_par' dir='ltr' id='par_1_110' title="bbox 168 2747 923 2786">
     <span class='ocr_line' id='line_1_110' title="bbox 168 2747 923 2786; baseline 0.007 -12"><span class='ocrx_word' id='word_1_785' title='bbox 168 2747 225 2783; x_wconf 78' lang='grc'><strong>(19)</strong></span> <span class='ocrx_word' id='word_1_786' title='bbox 259 2747 325 2786; x_wconf 70' lang='lat' dir='ltr'><strong>Vide</strong></span> <span class='ocrx_word' id='word_1_787' title='bbox 348 2747 543 2784; x_wconf 83' lang='lat' dir='ltr'><strong>Theophanem</strong></span> <span class='ocrx_word' id='word_1_788' title='bbox 566 2751 600 2777; x_wconf 86' lang='lat' dir='ltr'><strong>ad</strong></span> <span class='ocrx_word' id='word_1_789' title='bbox 625 2757 728 2778; x_wconf 91' lang='lat' dir='ltr'><strong>annum</strong></span> <span class='ocrx_word' id='word_1_790' title='bbox 754 2750 788 2778; x_wconf 77' lang='grc' dir='ltr'>Μ</span> <span class='ocrx_word' id='word_1_791' title='bbox 814 2750 923 2786; x_wconf 90' lang='lat' dir='ltr'><strong>imperii</strong></span> 
     </span>
    </p>
   </div>
   <div class='ocr_carea' id='block_1_111' title="bbox 133 2781 305 2810">
    <p class='ocr_par' dir='ltr' id='par_1_111' title="bbox 133 2781 305 2810">
     <span class='ocr_line' id='line_1_111' title="bbox 133 2781 305 2810; baseline 0.012 -2"><span class='ocrx_word' id='word_1_792' title='bbox 133 2781 305 2810; x_wconf 76' lang='lat' dir='ltr'><strong>Constantis.</strong></span> 
     </span>
    </p>
   </div>
   <div class='ocr_carea' id='block_1_112' title="bbox 169 2817 921 2853">
    <p class='ocr_par' dir='ltr' id='par_1_112' title="bbox 169 2817 921 2853">
     <span class='ocr_line' id='line_1_112' title="bbox 169 2817 921 2853; baseline 0.007 -10"><span class='ocrx_word' id='word_1_793' title='bbox 169 2817 226 2853; x_wconf 68' lang='lat'><strong>(20)</strong></span> <span class='ocrx_word' id='word_1_794' title='bbox 249 2817 286 2845; x_wconf 87' lang='lat' dir='ltr'><strong>De</strong></span> <span class='ocrx_word' id='word_1_795' title='bbox 302 2819 353 2847; x_wconf 89' lang='lat' dir='ltr'><strong>hoc</strong></span> <span class='ocrx_word' id='word_1_796' title='bbox 365 2817 481 2846; x_wconf 86' lang='lat' dir='ltr'><strong>dissidio</strong></span> <span class='ocrx_word' id='word_1_797' title='bbox 495 2819 566 2846; x_wconf 90' lang='lat' dir='ltr'><strong>inter</strong></span> <span class='ocrx_word' id='word_1_798' title='bbox 578 2820 693 2853; x_wconf 78' lang='lat' dir='ltr'><strong>Arabes,</strong></span> <span class='ocrx_word' id='word_1_799' title='bbox 704 2821 833 2849; x_wconf 88' lang='lat' dir='ltr'><strong>nimirum</strong></span> <span class='ocrx_word' id='word_1_800' title='bbox 849 2821 921 2848; x_wconf 82' lang='lat' dir='ltr'><strong>inter</strong></span> 
     </span>
    </p>
   </div>
   <div class='ocr_carea' id='block_1_113' title="bbox 131 2852 923 2891">
    <p class='ocr_par' dir='ltr' id='par_1_113' title="bbox 131 2852 923 2891">
     <span class='ocr_line' id='line_1_113' title="bbox 131 2852 923 2891; baseline 0.004 -10"><span class='ocrx_word' id='word_1_801' title='bbox 131 2852 202 2881; x_wconf 76' lang='lat' dir='ltr'><strong>Alitu</strong></span> <span class='ocrx_word' id='word_1_802' title='bbox 217 2852 244 2883; x_wconf 86' lang='lat' dir='ltr'><strong>et</strong></span> <span class='ocrx_word' id='word_1_803' title='bbox 257 2853 376 2882; x_wconf 83' lang='lat' dir='ltr'><strong>Maviam</strong></span> <span class='ocrx_word' id='word_1_804' title='bbox 390 2854 511 2889; x_wconf 87' lang='lat' dir='ltr'><strong>loquitur</strong></span> <span class='ocrx_word' id='word_1_805' title='bbox 526 2855 609 2883; x_wconf 77' lang='lat' dir='ltr'><strong>ctiam</strong></span> <span class='ocrx_word' id='word_1_806' title='bbox 624 2852 708 2891; x_wconf 82' lang='lat' dir='ltr'><strong>supra</strong></span> <span class='ocrx_word' id='word_1_807' title='bbox 727 2857 846 2891; x_wconf 85' lang='lat' dir='ltr'><strong>scriptor</strong></span> <span class='ocrx_word' id='word_1_808' title='bbox 871 2863 923 2884; x_wconf 84' lang='lat' dir='ltr'><strong>no-</strong></span> 
     </span>
    </p>
   </div>
   <div class='ocr_carea' id='block_1_114' title="bbox 974 2468 1760 2512">
    <p class='ocr_par' dir='ltr' id='par_1_114' title="bbox 974 2468 1760 2512">
     <span class='ocr_line' id='line_1_114' title="bbox 974 2468 1760 2512; baseline -0.003 -14"><span class='ocrx_word' id='word_1_809' title='bbox 974 2475 1032 2512; x_wconf 83' lang='lat' dir='ltr'><strong>ster</strong></span> <span class='ocrx_word' id='word_1_810' title='bbox 1048 2471 1121 2512; x_wconf 73' lang='lat' dir='ltr'><strong>circa</strong></span> <span class='ocrx_word' id='word_1_811' title='bbox 1139 2471 1248 2500; x_wconf 79' lang='lat' dir='ltr'><strong>initium</strong></span> <span class='ocrx_word' id='word_1_812' title='bbox 1266 2471 1383 2507; x_wconf 84' lang='lat' dir='ltr'><strong>hujusce</strong></span> <span class='ocrx_word' id='word_1_813' title='bbox 1399 2470 1510 2507; x_wconf 82' lang='lat' dir='ltr'><strong>capitis.</strong></span> <span class='ocrx_word' id='word_1_814' title='bbox 1528 2471 1575 2498; x_wconf 88' lang='lat' dir='ltr'><strong>ubi</strong></span> <span class='ocrx_word' id='word_1_815' title='bbox 1588 2470 1705 2505; x_wconf 65' lang='lat' dir='ltr'><strong>vidique:</strong></span> <span class='ocrx_word' id='word_1_816' title='bbox 1716 2468 1760 2496; x_wconf 82' lang='lat' dir='ltr'><strong>ad-</strong></span> 
     </span>
    </p>
   </div>
   <div class='ocr_carea' id='block_1_115' title="bbox 975 2510 1762 2577">
    <p class='ocr_par' dir='ltr' id='par_1_115' title="bbox 975 2510 1762 2577">
     <span class='ocr_line' id='line_1_115' title="bbox 975 2510 1140 2534; baseline 0.006 -1"><span class='ocrx_word' id='word_1_817' title='bbox 975 2510 1140 2534; x_wconf 79' lang='lat' dir='ltr'><strong>notavimus.</strong></span> 
     </span>
     <span class='ocr_line' id='line_1_116' title="bbox 1011 2538 1762 2577; baseline -0.004 -9"><span class='ocrx_word' id='word_1_818' title='bbox 1011 2541 1067 2576; x_wconf 72' lang='grc'><strong>(21)</strong></span> <span class='ocrx_word' id='word_1_819' title='bbox 1085 2542 1179 2577; x_wconf 53' lang='lat' dir='ltr'><strong>mea;</strong></span> <span class='ocrx_word' id='word_1_820' title='bbox 1194 2545 1231 2577; x_wconf 77' lang='lat' dir='ltr'><strong>et</strong></span> <span class='ocrx_word' id='word_1_821' title='bbox 1242 2541 1325 2577; x_wconf 82' lang='grc' dir='ltr'>Καδίς</span> <span class='ocrx_word' id='word_1_822' title='bbox 1340 2541 1411 2576; x_wconf 87' lang='lat' dir='ltr'><strong>apud</strong></span> <span class='ocrx_word' id='word_1_823' title='bbox 1426 2540 1533 2577; x_wconf 14' lang='lat' dir='ltr'><strong>Tur‘cos</strong></span> <span class='ocrx_word' id='word_1_824' title='bbox 1557 2541 1642 2577; x_wconf 73' lang='lat' dir='ltr'><strong>judez</strong></span> <span class='ocrx_word' id='word_1_825' title='bbox 1657 2538 1762 2577; x_wconf 48' lang='lat' dir='ltr'><strong>signia:</strong></span> 
     </span>
    </p>
   </div>
   <div class='ocr_carea' id='block_1_116' title="bbox 975 2573 1762 2638">
    <p class='ocr_par' dir='ltr' id='par_1_116' title="bbox 975 2573 1762 2638">
     <span class='ocr_line' id='line_1_117' title="bbox 975 2573 1762 2611; baseline -0.003 -9"><span class='ocrx_word' id='word_1_826' title='bbox 975 2573 1029 2608; x_wconf 77' lang='lat' dir='ltr'><strong>cat,</strong></span> <span class='ocrx_word' id='word_1_827' title='bbox 1045 2573 1092 2611; x_wconf 75' lang='lat' dir='ltr'><strong>qui</strong></span> <span class='ocrx_word' id='word_1_828' title='bbox 1109 2576 1142 2603; x_wconf 88' lang='lat' dir='ltr'><strong>de</strong></span> <span class='ocrx_word' id='word_1_829' title='bbox 1155 2573 1251 2604; x_wconf 75' lang='lat' dir='ltr'><strong>causis</strong></span> <span class='ocrx_word' id='word_1_830' title='bbox 1269 2573 1434 2611; x_wconf 67' lang='lat' dir='ltr'><strong>litigantium</strong></span> <span class='ocrx_word' id='word_1_831' title='bbox 1452 2575 1545 2610; x_wconf 86' lang='lat' dir='ltr'><strong>aliquo</strong></span> <span class='ocrx_word' id='word_1_832' title='bbox 1557 2573 1590 2602; x_wconf 58' lang='lat' dir='ltr'><strong>&#39;in</strong></span> <span class='ocrx_word' id='word_1_833' title='bbox 1606 2576 1706 2611; x_wconf 75' lang='lat' dir='ltr'><strong>oppido</strong></span> <span class='ocrx_word' id='word_1_834' title='bbox 1722 2573 1762 2601; x_wconf 86' lang='lat' dir='ltr'><strong>vel</strong></span> 
     </span>
     <span class='ocr_line' id='line_1_118' title="bbox 976 2609 1762 2638; baseline -0.001 -2"><span class='ocrx_word' id='word_1_835' title='bbox 976 2611 1055 2638; x_wconf 86' lang='lat' dir='ltr'><strong>urbe.</strong></span> <span class='ocrx_word' id='word_1_836' title='bbox 1074 2611 1116 2638; x_wconf 89' lang='lat' dir='ltr'><strong>vel</strong></span> <span class='ocrx_word' id='word_1_837' title='bbox 1132 2611 1273 2638; x_wconf 75' lang='lat' dir='ltr'><strong>provincia</strong></span> <span class='ocrx_word' id='word_1_838' title='bbox 1290 2611 1442 2638; x_wconf 73' lang='lat' dir='ltr'><strong>counoscit.</strong></span> <span class='ocrx_word' id='word_1_839' title='bbox 1465 2614 1494 2638; x_wconf 89' lang='lat' dir='ltr'><strong>ut</strong></span> <span class='ocrx_word' id='word_1_840' title='bbox 1512 2614 1554 2638; x_wconf 91' lang='lat' dir='ltr'><strong>est</strong></span> <span class='ocrx_word' id='word_1_841' title='bbox 1574 2611 1646 2638; x_wconf 82' lang='lat' dir='ltr'><strong>apud</strong></span> <span class='ocrx_word' id='word_1_842' title='bbox 1671 2609 1762 2636; x_wconf 83' lang='lat' dir='ltr'><strong>Lenn-</strong></span> 
     </span>
    </p>
   </div>
   <div class='ocr_carea' id='block_1_117' title="bbox 975 2618 1761 2673">
    <p class='ocr_par' dir='ltr' id='par_1_117' title="bbox 975 2618 1761 2673">
     <span class='ocr_line' id='line_1_119' title="bbox 976 2618 1761 2672; baseline 0 -36"><span class='ocrx_word' id='word_1_843' title='bbox 976 2618 1055 2642; x_wconf 83' lang='lat' dir='ltr'><strong>urue.</strong></span> <span class='ocrx_word' id='word_1_844' title='bbox 1074 2618 1116 2638; x_wconf 84' lang='lat' dir='ltr'><strong>vel</strong></span> <span class='ocrx_word' id='word_1_845' title='bbox 1132 2618 1273 2646; x_wconf 80' lang='lat' dir='ltr'><strong>provmcia</strong></span> <span class='ocrx_word' id='word_1_846' title='bbox 1290 2618 1442 2646; x_wconf 76' lang='lat' dir='ltr'><strong>cognoscit,</strong></span> <span class='ocrx_word' id='word_1_847' title='bbox 1465 2618 1494 2638; x_wconf 83' lang='lat' dir='ltr'><strong>ut</strong></span> <span class='ocrx_word' id='word_1_848' title='bbox 1512 2618 1554 2638; x_wconf 87' lang='lat' dir='ltr'><strong>est</strong></span> <span class='ocrx_word' id='word_1_849' title='bbox 1574 2618 1646 2672; x_wconf 50' lang='lat' dir='ltr'><strong>a‘pua</strong></span> <span class='ocrx_word' id='word_1_850' title='bbox 1672 2618 1761 2636; x_wconf 76' lang='lat' dir='ltr'><strong>Lcun-</strong></span> 
     </span>
     <span class='ocr_line' id='line_1_120' title="bbox 975 2645 1761 2673; baseline -0.001 -1"><span class='ocrx_word' id='word_1_851' title='bbox 975 2645 1092 2673; x_wconf 77' lang='lat' dir='ltr'><strong>clavium</strong></span> <span class='ocrx_word' id='word_1_852' title='bbox 1121 2645 1150 2673; x_wconf 93' lang='lat' dir='ltr'><strong>in</strong></span> <span class='ocrx_word' id='word_1_853' title='bbox 1176 2645 1263 2673; x_wconf 82' lang='lat' dir='ltr'><strong>Pand.</strong></span> <span class='ocrx_word' id='word_1_854' title='bbox 1290 2645 1373 2673; x_wconf 85' lang='lat' dir='ltr'><strong>Turc.</strong></span> <span class='ocrx_word' id='word_1_855' title='bbox 1404 2653 1481 2673; x_wconf 91' lang='lat' dir='ltr'><strong>num.</strong></span> <span class='ocrx_word' id='word_1_856' title='bbox 1508 2645 1551 2673; x_wconf 78' lang='lat'><strong>29.</strong></span> <span class='ocrx_word' id='word_1_857' title='bbox 1602 2645 1646 2673; x_wconf 79' lang='lat' dir='ltr'><strong>ide</strong></span> <span class='ocrx_word' id='word_1_858' title='bbox 1673 2645 1761 2672; x_wconf 80' lang='lat' dir='ltr'><strong>Gloss.</strong></span> 
     </span>
    </p>
   </div>
   <div class='ocr_carea' id='block_1_118' title="bbox 975 2679 1223 2716">
    <p class='ocr_par' dir='ltr' id='par_1_118' title="bbox 975 2679 1223 2716">
     <span class='ocr_line' id='line_1_121' title="bbox 975 2679 1223 2716; baseline 0.004 -9"><span class='ocrx_word' id='word_1_859' title='bbox 975 2679 1062 2716; x_wconf 61' lang='lat' dir='ltr'><strong>Graec.</strong></span> <span class='ocrx_word' id='word_1_860' title='bbox 1081 2679 1223 2716; x_wconf 65' lang='lat' dir='ltr'><strong>Qucangii.</strong></span> 
     </span>
    </p>
   </div>
   <div class='ocr_carea' id='block_1_119' title="bbox 1011 2714 1763 2750">
    <p class='ocr_par' dir='ltr' id='par_1_119' title="bbox 1011 2714 1763 2750">
     <span class='ocr_line' id='line_1_122' title="bbox 1011 2714 1763 2750; baseline -0.001 -9"><span class='ocrx_word' id='word_1_861' title='bbox 1011 2715 1068 2750; x_wconf 66' lang='grc' dir='ltr'><strong>(ξιξ)</strong></span> <span class='ocrx_word' id='word_1_862' title='bbox 1087 2714 1133 2742; x_wconf 87' lang='lat' dir='ltr'><strong>Sic</strong></span> <span class='ocrx_word' id='word_1_863' title='bbox 1155 2714 1189 2743; x_wconf 74' lang='lat' dir='ltr'><strong>ex</strong></span> <span class='ocrx_word' id='word_1_864' title='bbox 1204 2723 1256 2743; x_wconf 87' lang='lat' dir='ltr'><strong>ms.</strong></span> <span class='ocrx_word' id='word_1_865' title='bbox 1277 2715 1382 2744; x_wconf 88' lang='lat' dir='ltr'><strong>codice.</strong></span> <span class='ocrx_word' id='word_1_866' title='bbox 1402 2715 1432 2743; x_wconf 89' lang='lat' dir='ltr'><strong>ln</strong></span> <span class='ocrx_word' id='word_1_867' title='bbox 1446 2715 1530 2743; x_wconf 87' lang='lat' dir='ltr'><strong>editis</strong></span> <span class='ocrx_word' id='word_1_868' title='bbox 1549 2715 1607 2743; x_wconf 67' lang='lat' dir='ltr'><strong>hac</strong></span> <span class='ocrx_word' id='word_1_869' title='bbox 1621 2714 1717 2742; x_wconf 87' lang='lat' dir='ltr'><strong>mutila</strong></span> <span class='ocrx_word' id='word_1_870' title='bbox 1732 2719 1763 2741; x_wconf 87' lang='lat' dir='ltr'><strong>ac</strong></span> 
     </span>
    </p>
   </div>
   <div class='ocr_carea' id='block_1_120' title="bbox 975 2749 1215 2784">
    <p class='ocr_par' dir='ltr' id='par_1_120' title="bbox 975 2749 1215 2784">
     <span class='ocr_line' id='line_1_123' title="bbox 975 2749 1215 2784; baseline 0.008 -8"><span class='ocrx_word' id='word_1_871' title='bbox 975 2749 1126 2784; x_wconf 81' lang='lat' dir='ltr'><strong>depravata</strong></span> <span class='ocrx_word' id='word_1_872' title='bbox 1141 2755 1215 2778; x_wconf 80' lang='lat' dir='ltr'><strong>sunt.</strong></span> 
     </span>
    </p>
   </div>
   <div class='ocr_carea' id='block_1_121' title="bbox 1012 2783 1764 2821">
    <p class='ocr_par' dir='ltr' id='par_1_121' title="bbox 1012 2783 1764 2821">
     <span class='ocr_line' id='line_1_124' title="bbox 1012 2783 1764 2821; baseline -0.001 -10"><span class='ocrx_word' id='word_1_873' title='bbox 1012 2783 1068 2820; x_wconf 76' lang='grc'><strong>(25)</strong></span> <span class='ocrx_word' id='word_1_874' title='bbox 1088 2785 1134 2821; x_wconf 79' lang='lat' dir='ltr'><strong>Sic</strong></span> <span class='ocrx_word' id='word_1_875' title='bbox 1156 2785 1183 2813; x_wconf 94' lang='lat' dir='ltr'><strong>in</strong></span> <span class='ocrx_word' id='word_1_876' title='bbox 1204 2793 1256 2814; x_wconf 87' lang='lat' dir='ltr'><strong>ms.</strong></span> <span class='ocrx_word' id='word_1_877' title='bbox 1276 2785 1424 2821; x_wconf 84' lang='lat' dir='ltr'><strong>l&#39;erperam</strong></span> <span class='ocrx_word' id='word_1_878' title='bbox 1441 2786 1468 2813; x_wconf 93' lang='lat' dir='ltr'><strong>in</strong></span> <span class='ocrx_word' id='word_1_879' title='bbox 1491 2785 1573 2821; x_wconf 87' lang='lat' dir='ltr'><strong>editis</strong></span> <span class='ocrx_word' id='word_1_880' title='bbox 1592 2785 1703 2821; x_wconf 82' lang='lat' dir='ltr'><strong>legitur,</strong></span> <span class='ocrx_word' id='word_1_881' title='bbox 1718 2783 1764 2821; x_wconf 69' lang='grc' dir='ltr'><strong>Δὼς</strong></span> 
     </span>
    </p>
   </div>
   <div class='ocr_carea' id='block_1_122' title="bbox 976 2818 1765 2891">
    <p class='ocr_par' dir='ltr' id='par_1_122' title="bbox 976 2818 1765 2891">
     <span class='ocr_line' id='line_1_125' title="bbox 976 2818 1765 2891; baseline -0.001 -45"><span class='ocrx_word' id='word_1_882' title='bbox 976 2818 1037 2891; x_wconf 47' lang='grc' dir='ltr'><strong>ἱῖἑε</strong></span> <span class='ocrx_word' id='word_1_883' title='bbox 1051 2818 1199 2856; x_wconf 72' lang='grc' dir='ltr'>ᾠρόνίμος;</span> <span class='ocrx_word' id='word_1_884' title='bbox 1217 2821 1265 2850; x_wconf 85' lang='lat' dir='ltr'><strong>sed</strong></span> <span class='ocrx_word' id='word_1_885' title='bbox 1276 2818 1413 2850; x_wconf 76' lang='lat' dir='ltr'><strong>Meursius</strong></span> <span class='ocrx_word' id='word_1_886' title='bbox 1426 2820 1569 2856; x_wconf 82' lang='lat' dir='ltr'><strong>legendum</strong></span> <span class='ocrx_word' id='word_1_887' title='bbox 1585 2818 1641 2853; x_wconf 52' lang='lat' dir='ltr'><strong>ait&#39;,</strong></span> <span class='ocrx_word' id='word_1_888' title='bbox 1658 2818 1765 2846; x_wconf 77' lang='grc' dir='ltr'>ὡσείτε</span> 
     </span>
     <span class='ocr_line' id='line_1_126' title="bbox 1030 2864 1117 2891; baseline 0.011 -8"><span class='ocrx_word' id='word_1_889' title='bbox 1030 2864 1117 2891; x_wconf 86' lang='grc' dir='ltr'>νιμος.</span> 
     </span>
    </p>
   </div>
  </div>
