1923 3060
169 168 224 201 323

685 166 941 197 CONSTANTINI
958 166 1301 198 PORPHYROGENITI

1753 164 1807 197 324

169 227 300 255 nimirum
320 226 439 261 regione,
456 233 576 261 quamia
600 224 762 253 ﬂutninibus
779 226 961 260 cognomina-

1020 227 1107 257 κὰκως
1121 226 1177 261 (12)
1190 225 1354 257 ἀπεδίωξαν.
1367 225 1398 251 Οἱ
1408 224 1435 251 δὲ
1446 223 1562 259 Τοῦρκοι
1573 224 1806 260 ὑποστρέψαντες,

169 279 226 300 tam
250 281 312 300 csse
333 280 416 308 supra
439 260 571 299 dis-iniu}.
591 271 681 299 Locus
693 276 796 304 autem,
811 280 891 306 quetit
906 271 961 306 pri-

169 321 253 347 mitus
286 318 383 346 Turca:
410 318 595 353 occupabant,
629 325 644 344 a
672 317 755 345 ﬂuvio
781 318 962 345 intcrlabente

167 369 343 400 nuncupatur
370 364 428 392 Elei
451 369 478 391 ct
501 363 589 396 ann,
610 364 638 390 itt
657 371 713 399 qtto
739 371 812 391 nunc
836 362 962 390 Patzina-

167 412 229 438 citte
245 416 474 444 commorantur;
496 418 510 437 a
532 410 632 446 quibus
650 417 716 437 sane
731 409 804 445 pulsi
821 409 918 436 Turcze
936 413 963 436 et

167 458 367 493 profugientes,
385 457 465 485 sedes
493 461 646 492 posuerunt
667 457 733 488 illic,
759 456 805 484 ubi
826 463 900 483 nunc
916 455 964 482 ha-

169 505 268 532 hitant.
288 503 317 531 In
343 504 396 532 hoc
413 507 504 531 autern
528 504 589 530 loco
605 503 717 537 antiqua
733 502 857 536 quaedam
875 502 964 529 moni-

168 557 263 578 menta
284 554 455 585 supersunt;
473 550 543 577 inter
557 557 618 584 quae
633 556 702 584 pons
718 548 829 584 Trajani
847 549 964 582 impera-

169 597 239 624 toris
263 596 296 623 ad
322 595 400 622 initia
418 595 537 628 Turcite,
563 599 590 623 ct
611 593 769 630 Beiegrada,
792 601 853 630 qua:
879 593 963 621 trium

170 641 278 669 dierum
295 641 396 669 itinere
411 642 446 668 ab
460 641 521 675 ipso
545 645 629 676 ponte
645 640 740 673 distat,
755 640 802 668 ubi
820 641 906 667 turris
922 643 964 667 est

171 687 259 714 sancti
277 695 309 714 ac
324 688 414 722 magni
428 687 604 714 Constantini
619 686 807 722 imperatoris,
822 690 849 713 et
865 693 964 714 rursus

170 732 204 759 ad
232 739 344 760 cursum
367 731 489 760 ﬂuminis
510 735 600 760 exstat
628 731 771 763 Sirmium,
787 731 871 766 quod,
888 730 965 758 Beie-

170 778 254 812 gratla
280 777 356 805 abest
382 777 500 805 duorum
523 777 631 805 dierum
652 777 750 805 itinere
768 777 852 804 :inde
867 783 964 812 magna

169 823 291 851 Moravia
305 824 442 858 baptismo
452 830 562 855 carens,
572 830 654 858 quam
667 821 763 850 Tui-cm
773 822 963 854 devastarunt,

169 869 306 905 cujusque
329 870 458 905 princeps
473 869 538 896 olim
553 868 605 896 fuit
624 868 866 904 Sphendoplocus.
885 868 965 903 ιιο

1012 273 1060 299 καὶ
1086 273 1136 308 τὴν
1163 272 1255 307 χώραν
1274 270 1364 298 αὐτῶν
1391 270 1478 302 οὕτως
1497 270 1621 305 εὑρόντες
1640 270 1743 306 ἔρημον
1759 272 1808 298 καὶ

1012 319 1266 354 κατηφανισμὲνην,
1288 317 1503 352 κατεσκήνωσαν
1526 317 1565 348 εἰς
1581 317 1630 352 τὴν
1647 317 1757 352 γῆνςείς
1773 317 1807 352 ἢν

1013 366 1061 392 καὶ
1078 366 1200 401 σήμερον
1225 363 1394 396 κατοικοῦσι,
1410 363 1461 398 τὴν
1474 362 1715 398 ἐπονομαζομένην
1734 363 1806 390 κατὰ

1012 413 1062 449 τὴν
1082 412 1211 447 ἀνωτέρω
1229 411 1297 447 (I3),
1313 410 1350 442 ὠς
1366 409 1486 445 εἴρηται,
1510 410 1565 436 τῶν
1583 409 1714 444 ποταμῶν
1732 409 1806 435 ἐπω-

1013 458 1123 494 νυμίαν.
1148 457 1177 484 '0
1188 457 1217 484 δὲ
1237 457 1320 489 τόπος
1335 458 1365 484 ἐν
1380 454 1402 491 ᾧ
1417 455 1551 492 πρότερον
1567 455 1592 482 ot
1618 455 1734 489 Τοῦρκοι
1759 455 1808 480 ὑπ-

1014 505 1110 540 ῆρχον,
1135 503 1297 539 ὀνομάζεται
1311 503 1382 530 κατὰ
1400 502 1449 538 τὴν
1482 502 1640 536 ἐπωνυμίαν
1654 500 1701 527 τοῦ
1717 501 1807 542 ἐκεῖσε

1014 549 1188 586 διερχομένου
1205 548 1328 584 ποταμοῦ
1351 547 1426 575 Ἐτὲλ
1448 547 1496 574 καὶ
1521 547 1627 579 Κουζοὺ
1655 546 1722 581 (is),
1740 547 1768 572 ἐν
1784 542 1808 579 ᾧ

1014 597 1116 632 ἀρτίως
1132 596 1156 622 οὶ
1172 595 1368 627 Πατζινακῖται
1388 592 1564 621 κατοικοῦσιν
1578 601 1585 608 ·
1604 593 1628 618 οἱ
1644 592 1672 618 δὲ
1690 591 1808 626 Τοῦρκοι

1015 644 1091 677 παρὰ
1104 643 1158 669 τῶν
1176 641 1382 674 Πατζινακιτῶν
1391 639 1549 675 διωχθέντες
1573 636 1655 674 ἦλθον
1673 637 1722 665 καὶ
1738 646 1807 664 κατ-

1014 689 1174 725 εσκήνωσαν
1207 688 1248 719 είς
1265 686 1316 722 τὴν
1335 685 1389 721 γῆν
1415 687 1455 717 εἰς
1480 685 1514 721 ἣν
1540 684 1588 712 νῦν
1613 683 1743 711 οἰκοῦσιν.
1764 684 1808 710 Ἐν

1015 735 1090 770 αὐτῷ
1109 734 1139 762 δὲ
1158 733 1198 770 τῷ
1221 734 1297 769 τόπῳ
1322 732 1425 759 παλαιά
1451 731 1514 758 τινὰ
1529 731 1588 758 ἐστι
1602 730 1782 766 γνωρίσματα
1799 737 1808 746 ·

1015 782 1063 809 καὶ
1078 781 1186 817 πρῶτον
1200 780 1251 816 μέν
1266 781 1340 807 ἐστιν
1354 780 1371 814 ἡ
1386 778 1434 806 τοῦ
1449 777 1580 813 βασιλέως
1601 776 1738 813 Τραϊανοῦ
1760 777 1808 810 γέ-

1015 836 1090 864 φυρα
1104 826 1176 855 κατὰ
1188 826 1238 862 τὴν
1252 826 1302 862 τῆς
1319 824 1456 861 Τουρκίας
1473 824 1563 860 ἀρχήν
1580 831 1588 839 ”
1605 823 1701 851 ἔπειτα
1716 822 1744 849 δὲ
1760 822 1808 849 καὶ

1016 873 1174 910 Βελάγραδα
1189 873 1242 900 ἀπὸ
1255 872 1340 908 τριῶν
1356 870 1468 907 ἡμερῶν
1491 869 1541 905 τῆς
1561 869 1648 905 αὐτῆς
1674 867 1808 904 γεφύρας,

168 915 258 951 Atque
288 915 345 943 haec
366 915 476 950 quidem
500 915 579 950 juxta
606 914 707 942 istrum
732 915 833 942 ﬂumen
865 921 963 941 monu-

1020 921 1045 946 ὲν
1094 918 1142 945 καὶ
1154 918 1168 944 ὁ
1180 917 1286 953 πύργος
1299 917 1358 943 ἐστὶ
1374 915 1422 943 τοῦ
1435 916 1513 950 ἁγίου
1528 916 1575 942 καὶ
1591 914 1712 949 μεγάλου
1729 915 1808 951 Κων-

168 966 259 989 ntenta
285 965 361 994 sunt,
389 965 417 989 et
438 961 615 996 cognomina.
638 960 777 989 Uiteriora
799 967 877 993 vero,
904 967 965 995 qua:

167 1009 260 1036 omnia
277 1007 377 1036 Turcis
397 1007 569 1040 habitantur,
591 1007 758 1042 cognomina
774 1014 848 1034 nunc
863 1006 966 1033 habent

168 1061 183 1081 λ
213 1054 374 1082 ﬂuminibus
409 1053 678 1081 transcttrrentibus.
704 1051 804 1079 Eorum
846 1051 966 1086 primum

168 1098 296 1127 Timeses
321 1103 385 1132 est;
410 1099 527 1126 aitertttn
555 1097 663 1132 Tules;
689 1097 800 1125 tertium
825 1096 966 1131 Murescs;

169 1149 300 1179 quartum
321 1144 441 1176 Crisus;
459 1144 585 1179 quintum
611 1143 700 1171 Titza.
724 1143 853 1171 Conﬁnes
873 1147 965 1171 autem

170 1188 270 1217 Turcis
300 1194 366 1224 sunt
389 1188 525 1216 orientem
558 1196 655 1217 versus
685 1189 815 1224 Bulgari;
842 1189 889 1216 ubi
918 1195 966 1216 eos

170 1236 240 1263 ister
260 1234 372 1268 ﬂuvius,
399 1235 445 1270 qui
467 1239 494 1262 ct
521 1235 663 1264 Danubius
685 1235 800 1268 dicitur,
821 1236 934 1271 separat
956 1244 965 1263 :

168 1280 384 1315 septentrionem
410 1287 506 1307 versus
525 1279 718 1314 Patzinacitae;
737 1280 770 1308 ad
791 1281 965 1309 occidentem

168 1325 284 1359 Franci;
316 1326 362 1360 ad,
380 1326 522 1353 meridiem
545 1326 689 1355 Citrobati.
719 1326 788 1355 Octo
823 1335 890 1355 vero
924 1327 966 1355 hae

168 1372 319 1400 Turcarttm
350 1377 446 1408 gentes
475 1373 650 1409 principibus
667 1374 727 1401 suis
749 1373 880 1408 subjecta:
909 1380 966 1401 non

168 1423 244 1452 sunt,
268 1418 317 1447 sed
333 1419 460 1454 singulae,
484 1426 533 1454 pro
554 1418 727 1452 ﬂuminibus,
746 1419 848 1454 quibus
866 1419 967 1447 distin-

168 1469 301 1500 guuntur,
331 1470 428 1492 mutuo
467 1464 538 1491 inter
569 1471 600 1492 se
630 1469 778 1492 contractu
810 1469 967 1493 statuerunt

169 1518 365 1546 quamcunque
385 1516 492 1546 partem
523 1511 596 1539 bello
615 1511 742 1539 infestari
765 1512 923 1548 contigerit,
940 1511 966 1540 ei

170 1556 355 1584 communiter
375 1557 450 1584 omni
467 1556 562 1585 studio
575 1561 604 1585 et
627 1564 693 1585 cura
715 1558 856 1594 suppetias
881 1557 964 1586 ferre.

171 1601 279 1629 [iubent
293 1605 384 1629 autent
408 1602 527 1636 primum
545 1602 644 1630 ducem
661 1603 800 1631 exercitus
812 1604 966 1639 principem

170 1658 186 1677 c
205 1649 335 1684 prosapia
357 1648 476 1683 Arpadc,
502 1656 564 1677 cum
592 1656 647 1684 quo
676 1649 731 1678 duo
754 1650 801 1678 alii
833 1649 909 1685 gylas
939 1655 967 1678 et

171 1697 311 1730 carchan,
335 1698 381 1733 qtti
404 1697 528 1733 jttdieum
563 1698 649 1726 vicem
671 1698 809 1727 obtinent.
831 1698 865 1726 Et
885 1699 967 1727 habet

171 1751 340 1779 unaquaeque
364 1752 431 1780 gens
457 1734 623 1779 peculiarem
650 1745 826 1781 principem;
847 1749 967 1782 suntque

171 1791 248 1826 gylas
274 1796 301 1818 et
324 1791 443 1818 carchan
460 1799 514 1819 non
540 1792 650 1819 nomina
667 1793 790 1828 propria,
815 1793 862 1821 sed
878 1793 966 1828 digni-

171 1843 252 1865 tates.
281 1838 430 1866 Sciendum
456 1845 523 1866 vero
544 1839 680 1874 Arpadetn
703 1847 832 1874 magnum
859 1839 967 1868 Turciat

170 1885 323 1921 principem
345 1885 417 1913 ﬁlios
430 1885 561 1921 genuisse
575 1886 705 1921 quatuor,
723 1893 842 1921 quorum
862 1886 967 1922 primus

170 1930 341 1963 Tarcatzus;
378 1930 518 1959 secundus
548 1930 663 1964 Jelech;
694 1931 792 1959 tertius
820 1931 966 1966 Jutotzas;

170 1980 290 2011 quartus
324 1975 434 2005 Zaitan.
471 1977 580 2005 Rursus
623 1977 733 2013 Arpade
768 1978 968 2014 primogenitus

169 2022 322 2051 Tarcatzus
362 2022 448 2050 filium
488 2022 585 2051 habuit
621 2022 739 2057 Tebelc;
771 2025 841 2052 alter
875 2023 968 2052 Jeiecit

170 2069 256 2096 liiiutn
292 2069 388 2104 genuit
424 2069 561 2102 Ezeiech;
600 2069 699 2098 tertius
727 2070 851 2098 Jutotzas
881 2071 967 2098 ﬂliuut

170 2116 296 2151 suscepit
317 2114 465 2149 Phaiitzin,
482 2116 528 2151 qui
557 2124 631 2144 nunc
649 2117 833 2152 principatum
859 2121 934 2145 tcnet
959 2126 966 2143 :

169 2167 286 2198 quartus
317 2162 410 2190 Zaltas
441 2163 527 2190 [ilium
558 2163 654 2191 habuit
689 2163 789 2191 Taxin.
821 2163 969 2197 Et'ptnttcs

169 2209 280 2244 quidem
306 2208 416 2244 Arpade
446 2209 494 2236 lilii
524 2210 626 2238 mortui
658 2214 741 2243 sunt,
773 2210 969 2245 superstitibus

1018 964 1160 992 σταντίνου
1185 963 1233 990 τοῦ
1260 963 1393 999 βασιλέως
1410 971 1418 978 ·
1434 962 1482 990 καὶ
1495 961 1577 990 πάλιν
1591 961 1665 988 κατὰ
1687 961 1737 995 τὴν
1760 961 1809 986 τοῦ

1017 1010 1142 1046 ποταμοῦ
1168 1009 1306 1045 ἐκδρομὴν
1331 1009 1388 1036 ἔστι
1406 1009 1436 1036 τδ
1455 1009 1572 1044 Σέρμιον
1593 1008 1683 1035 ἐκεῖνο
1704 1007 1734 1034 τὸ
1764 1008 1811 1034 λε-

1018 1057 1146 1092 γόμενον,
1159 1055 1213 1084 ἀπὺ
1232 1056 1282 1091 τῆς
1298 1055 1454 1091 Βελγράδας
1466 1055 1524 1081 ὁδὸν
1539 1054 1600 1089 ἔχον
1614 1053 1727 1090 ἡμερῶν
1743 1053 1789 1080 δύο
1801 1061 1808 1069 ·

1018 1104 1066 1132 καὶ
1076 1103 1131 1130 ἀπὺ
1144 1103 1199 1130 τῶν
1212 1103 1300 1129 ἐκεῖσε
1315 1104 1332 1137 ἡ
1359 1102 1466 1138 μεγάλη
1487 1101 1624 1136 Μοραϐία,
1651 1101 1668 1136 ἡ
1693 1100 1810 1127 ἀϐάπτι-

1018 1158 1092 1182 στος,
1109 1151 1142 1186 ἢν
1160 1149 1208 1177 κιι)⁵
1227 1147 1373 1183 ἐξήλειψαν
1397 1149 1421 1174 οἱ
1433 1146 1550 1182 Τοῦρκοι
1563 1147 1632 1182 (15),
1646 1143 1680 1191 ᾗς
1694 1144 1762 1182 ἦρχε
1779 1146 1810 1172 τὸ

1017 1195 1150 1231 πρότερον
1166 1195 1181 1222 ό
1195 1193 1398 1228 Σφενδοπλόκος
1416 1192 1484 1228 (i6).
1504 1191 1598 1219 Ταῦτα
1621 1192 1670 1226 μὲν
1689 1192 1723 1218 τὰ
1739 1192 1810 1219 κατὰ

1016 1242 1062 1269 τὸν
1076 1242 1183 1277 Ἴστρον
1193 1239 1317 1275 ποταμὸν
1331 1238 1511 1274 γνωρίσματὰ
1525 1247 1555 1264 τε
1574 1238 1621 1265 καὶ
1637 1238 1791 1273 ἐπωνυμίαι
1802 1247 1810 1252 ·

1015 1287 1066 1316 τὰ.
1077 1288 1107 1314 δὲ
1132 1287 1257 1323 ἀνώτερα
1281 1286 1396 1317 τούτων,
1422 1285 1451 1312 ἐν
1519 1285 1594 1312 ἐστιν
1620 1285 1636 1320 ὴ
1662 1285 1737 1312 πᾶσα
1760 1285 1810 1319 τῆς

1018 1334 1156 1370 Τουρκίας
1178 1333 1402 1368 κατασκήνωσις,
1433 1332 1535 1366 ἀρτίως
1560 1330 1724 1366 ὀνομάζουσι
1739 1331 1809 1357 κατα

1016 1381 1067 1412 τὰς
1079 1381 1183 1407 τούτων
1197 1380 1287 1406 ὲκεῖσε
1305 1379 1421 1414 ῥεόντων
1445 1378 1576 1413 ποταμῶν
1592 1377 1760 1412 ἐπωνυμίας.
1777 1377 1809 1403 Oi

1017 1425 1045 1452 δὲ
1063 1425 1182 1460 ποταμοὶ
1205 1425 1276 1451 είσὶν
1297 1421 1370 1451 οὗτοι
1385 1432 1392 1439 ”
1409 1423 1533 1458 ποταμὸς
1553 1423 1663 1459 πρῶτος
1685 1425 1698 1450 ὁ
1722 1424 1811 1458 Τιμή-

1019 1479 1069 1507 σης
1082 1479 1089 1486 ⁸
1103 1471 1226 1506 ποταμὸς
1249 1470 1375 1505 δεύτερος
1396 1470 1502 1504 Τοὺτης
1523 1470 1597 1504 (ιηο
1624 1469 1745 1504 ποταμὸς
1759 1467 1782 1503 γ’
1797 1470 1811 1496 ὁ

1018 1516 1150 1552 Μορήσης
1167 1524 1174 1532 ’
1189 1516 1210 1542 δ’
1227 1517 1241 1543 ὁ
1257 1515 1359 1550 Κρίσος
1377 1523 1385 1530 ·
1401 1515 1448 1542 καὶ
1466 1514 1549 1541 πάλιν
1575 1515 1667 1550 ἕτερος
1689 1515 1811 1549 ποταμθις

1018 1563 1035 1598 ἡ
1051 1562 1147 1595 Τίτζα.
1167 1561 1350 1597 Πλησιάζουσι
1370 1561 1399 1588 δὲ
1421 1561 1478 1592 τοῖς
1501 1560 1632 1596 Τούρκοις
1659 1561 1714 1597 (18)
1743 1561 1811 1596 πρὶς

1019 1609 1070 1645 μὲν
1096 1609 1127 1636 τὸ
1149 1608 1310 1636 ἀνατολικὸν
1333 1608 1416 1643 μέρος
1431 1607 1456 1633 οἱ
1483 1606 1643 1642 Βοὺλγαροι,
1668 1608 1698 1634 ὲν
1721 1603 1743 1641 ᾧ
1764 1607 1812 1633 καὶ

1017 1656 1176 1692 διαχωρίζει
1192 1656 1292 1687 αὐτοὺς
1305 1656 1320 1682 ὁ
1335 1655 1451 1690 Ἴστρος,
1470 1656 1484 1681 ὁ
1507 1654 1556 1682 καὶ
1576 1654 1720 1686 Δανούϐιος
1733 1654 1811 1688 λεγό-

1019 1711 1100 1738 μενος
1114 1702 1236 1734 ποταμός
1250 1709 1258 1717 ·
1270 1701 1339 1737 πρὸς
1349 1701 1376 1728 δὲ
1389 1701 1420 1727 τὸ
1434 1701 1538 1736 βόρειον
1550 1701 1575 1727 οἱ
1595 1700 1792 1732 Πατζινακῖται
1803 1708 1810 1716 ·

1018 1749 1088 1785 πρὸς
1114 1749 1143 1775 δὲ
1162 1748 1193 1775 τὸ
1220 1747 1401 1783 δυτικώτερον
1417 1747 1441 1774 οἱ
1457 1747 1580 1782 Φρόγγοι
1597 1754 1603 1760 ·
1630 1747 1698 1782 πρὸς
1723 1746 1751 1773 δὲ
1780 1747 1811 1772 τὺ

1020 1793 1209 1830 μεσημϐρινὸν
1233 1793 1258 1820 οἱ
1282 1792 1437 1828 Χρώϐατοι.
1454 1793 1487 1819 Ai
1503 1792 1532 1818 δὲ
1547 1791 1619 1818 ὀκτὼ
1642 1791 1735 1825 γενεαὶ
1756 1791 1811 1817 τῶν

1018 1839 1149 1875 Τούρκων
1164 1835 1245 1865 αὗται
1269 1838 1339 1873 πρὸς
1368 1838 1432 1870 τοὺς
1457 1839 1575 1869 οἰκείους
1603 1838 1739 1873 ἄρχοντας
1762 1837 1812 1872 οὐχ
1864 1850 1872 1857 ι

1019 1885 1217 1917 ὑπακούουσιν,
1231 1884 1290 1912 ἀλλ’
1309 1884 1438 1919 ὁμόνοιαν
1463 1883 1571 1919 ἔχουσιν
1591 1883 1632 1914 είς
1644 1883 1708 1915 τοὺς
1725 1890 1811 1909 ποτα-

1021 1932 1100 1969 μοὺς,
1117 1932 1158 1964 είς
1182 1928 1238 1958 οἷον
1254 1930 1336 1966 μέρος
1354 1930 1503 1966 προϐάλλει
1523 1929 1641 1964 πόλεμος
1659 1927 1810 1961 συναγωνί-

1020 1978 1116 2012 ζεσθαι
1130 1977 1200 2014 μετὰ
1212 1978 1302 2013 πάσης
1315 1976 1455 2012 φροντίδος
1464 1985 1493 2002 τε
1505 1976 1553 2004 καὶ
1562 1975 1689 2011 σπουδῆς.
1701 1975 1813 2009 Ἔχουσι

1019 2025 1048 2052 δὲ
1060 2024 1183 2060 κεφαλὴν
1198 2023 1254 2059 (i9)
1269 2023 1381 2059 πρώτην
1393 2022 1439 2049 τὸν
1454 2022 1573 2058 ἄρχοντα
1589 2021 1643 2048 ἀπὸ
1655 2021 1705 2056 τῆς
1716 2021 1813 2054 γενεᾶς

1019 2072 1067 2099 τοῦ
1092 2071 1213 2106 Ἀρπαδὴ
1231 2070 1303 2097 κατὰ
1318 2069 1489 2101 ἀκολουθίαν,
1503 2069 1552 2096 καὶ
1567 2067 1614 2095 δύο
1631 2067 1751 2103 ἐτέρους,
1767 2067 1812 2093 τόν

1019 2127 1050 2146 τε
1073 2117 1177 2152 γυλὰν,
1204 2117 1252 2144 καὶ
1279 2116 1325 2143 τὸν
1353 2114 1470 2151 καρχὰν,
1492 2114 1591 2146 οἵτινες
1618 2114 1708 2149 ἔχουσι
1737 2112 1814 2144 τάξιν

1021 2163 1117 2200 κριτοῦ
1131 2171 1137 2178 ³
1151 2163 1209 2199 ἔχει
1224 2163 1252 2189 δὲ
1268 2162 1370 2197 ἑκάστη
1398 2161 1480 2195 γενεὰ
1504 2160 1635 2196 ἄρχοντα.
1659 2159 1758 2186 Ίστέον
1772 2160 1814 2186 ὅτι

1023 2211 1037 2237 ὁ
1056 2210 1142 2245 γυλὰς
1166 2209 1214 2236 xui.
1229 2209 1242 2235 ό
1267 2208 1374 2243 καρχὰν
1395 2207 1446 2233 οὐκ
1474 2207 1544 2232 εἰσὶν
1572 2206 1693 2241 ὀνόματα
1719 2206 1814 2241 κύρια,

169 2258 278 2281 tantum
299 2261 395 2282 eorum
423 2254 571 2290 nepotibus
594 2255 677 2283 Pliaie
701 2260 730 2283 ct
745 2255 816 2283 Tase
832 2263 893 2283 cum
919 2263 964 2291 pa-

1022 2256 1092 2284 ἁλλὰ
1115 2254 1268 2290 ἀξιώματα.
1294 2253 1392 2280 ’ἰστέον
1418 2253 1458 2279 ὅτι
1483 2253 1497 2278 ὸ
1524 2251 1662 2286 Ἀρπαδὴς
1686 2253 1700 2278 ὁ
1728 2252 1814 2286 μέγας

168 2299 252 2327 trueli
283 2306 379 2327 eorutn
401 2299 487 2333 Taxi;
522 2300 692 2336 Tebeiesque
731 2301 852 2329 moriens
883 2301 968 2330 ﬁlium

168 2344 281 2380 reliquit
314 2343 510 2379 Termatzntn,
542 2345 589 2381 qui
616 2353 705 2381 nuper
728 2346 755 2373 in
783 2346 899 2381 gratiam
929 2355 970 2374 re-

1024 2302 1160 2338 Τουρκίας
1175 2300 1266 2336 ἄρχων
1280 2299 1392 2333 ἐποίησε
1407 2298 1427 2324 δ’
1443 2297 1529 2328 υἱοὺς,
1556 2297 1665 2332 πρῶτον
1682 2297 1728 2322 τὸν
1744 2298 1817 2332 Ταρ-

1026 2349 1154 2382 κατζοῦν,
1170 2348 1296 2382 δεύτερον
1311 2345 1356 2373 τδν
1368 2345 1464 2380 Ἰὲλεχ,
1490 2344 1579 2380 τρίτον
1596 2344 1641 2370 τὸν
1653 2344 1814 2376 ’1ουτοτζὰν,

749 2404 899 2442 assumit
914 2411 1078 2444 assumat
1093 2414 1211 2444 noras.

204 2481 315 2518 (liiSic
327 2481 354 2509 iti
369 2490 421 2510 ms.
434 2481 541 2510 codice.
557 2482 586 2509 in
598 2482 680 2510 editis
693 2482 803 2517 legitur,
816 2482 904 2517 κακὴν
918 2492 967 2509 κα-

168 2518 236 2559 κῶς.
260 2517 326 2545 Vide
347 2525 410 2553 quae
433 2525 516 2553 supra
537 2517 571 2545 ad
588 2525 651 2553 cap.
676 2518 721 2551 i3,
738 2519 790 2545 hac
812 2518 845 2545 de
865 2527 895 2545 re
910 2527 968 2545 tnu-

168 2561 292 2582 lllHlliIlS.

205 2589 260 2623 (l3)
271 2588 317 2616 Sic
325 2596 359 2616 ex
373 2596 425 2617 ms.
436 2588 583 2623 Perperam
596 2588 696 2623 legitur
707 2589 733 2615 in
744 2587 894 2624 cditis,1i1v
906 2590 970 2615 ἐπο-

168 2624 359 2659 νομαζομένην
377 2624 432 2659 fuat
462 2624 511 2660 τὴν
537 2625 677 2660 ἀνωτέρω,
701 2630 755 2652 ctc.
788 2623 841 2652 Sed
867 2630 970 2659 optum:

168 2660 305 2686 Meursius
322 2659 459 2687 emendat.

205 2695 261 2729 (14)
284 2693 340 2721 Hoc
360 2694 493 2730 rﬂttmeni
507 2694 579 2730 Atei,
595 2694 698 2722 dicitur
724 2694 964 2730 Purphyrogcnito

169 2738 230 2765 cap.
247 2731 293 2761 57,
319 2729 367 2757 sed
390 2729 457 2757 Edet
473 2729 618 2757 Tartarice
640 2729 820 2763 vocatur,’nt
841 2730 878 2757 ibi
903 2737 964 2757 tuo-

169 2772 293 2793 mutnus.

204 2800 262 2835 (15)
280 2801 319 2836 ita
332 2799 364 2836 in
382 2808 442 2836 rms.
459 2799 568 2836 legitur.
585 2799 731 2836 Pcrperam
746 2808 812 2836 νειτο
827 2800 853 2827 in
871 2799 964 2832 editis,

168 2836 203 2871 ἣν
221 2837 268 2863 καὶ
286 2835 426 2869 ὲξέλιιψαν
446 2836 472 2862 οἱ
494 2835 623 2870 Τοῦρκοι,
637 2835 716 2871 quam
736 2835 830 2863 Tttrcte
845 2836 967 2862 (ἔρδει-ηας

169 2876 243 2904 runt,
272 2871 328 2898 imo
347 2871 436 2904 potius
462 2875 648 2905 occuparunt,
674 2877 703 2898 ut
723 2879 757 2899 cx
786 2872 967 2906 scqurntibns

172 2912 297 2942 apput‘ct.

1056 2483 1113 2518 (16)
1132 2482 1178 2510 Sic
1194 2482 1220 2508 in
1238 2488 1290 2508 ms.
1304 2479 1350 2518 hic
1363 2483 1391 2518 et
1407 2478 1498 2514 capite
1511 2478 1649 2518 sequenti.
1682 2477 1710 2505 in
1733 2479 1817 2508 editis

1019 2513 1086 2546 vero
1104 2513 1148 2545 hic
1164 2523 1311 2552 pet-petam
1326 2513 1694 2552 Ιείςίιυτίσφενᾷονοπλόχος.

1056 2554 1113 2589 (17)
1134 2548 1180 2580 Sic
1198 2548 1231 2580 εὶ
1249 2559 1301 2589 ms.
1321 2548 1428 2589 codice.
1453 2548 1482 2589 in
1497 2549 1579 2589 editis
1591 2557 1656 2589 vero
1672 2548 1815 2589 locusdc-

1021 2584 1150 2625 pravatus
1162 2595 1194 2615 ac
1216 2586 1347 2620 mutilus;
1365 2587 1421 2614 duo
1436 2585 1538 2620 quippe
1555 2584 1669 2612 ﬂumina
1686 2584 1722 2612 ibi
1741 2585 1815 2612 desi-

1021 2626 1165 2653 dcrantttr.

1058 2661 1115 2695 (i8)
1133 2658 1281 2695 Hnngariaa
1297 2658 1437 2695 hodierna:
1455 2660 1513 2695 tum
1539 2662 1602 2695 cum
1624 2662 1639 2681 a
1652 2654 1756 2695 _Turci<
1771 2662 1816 2695 cc-

1020 2690 1120 2731 cupztta
1151 2690 1215 2727 fuit;
1244 2693 1442 2722 describuntur
1464 2691 1509 2719 hic
1536 2698 1551 2718 a
1579 2690 1816 2726 Porphyrogenito

1021 2731 1134 2759 limites.

1055 2765 1112 2800 (I9)
1139 2764 1273 2799 Κεφαλή.
1296 2765 1351 2791 dum
1376 2762 1518 2800 exercitus»
1532 2763 1573 2790 vel
1608 2762 1733 2800 cohortis.
1761 2760 1817 2800 ilnc

1021 2797 1087 2828 voce
1104 2797 1201 2827 autem
1226 2797 1312 2827 utitur
1331 2800 1415 2826 ctiam
1438 2798 1693 2833 Porpityrogenitus
1718 2797 1816 2824 eadem

1023 2809 1087 2828 voce
1109 2805 1201 2827 autem
1226 2805 1312 2827 utitur
1331 2805 1415 2826 etiam
1438 2805 1693 2859 rorpnyrogenttus
1718 2805 1815 2824 eaocnt

1023 2837 1138 2863 notione
1152 2842 1213 2869 cap.
1229 2835 1264 2862 26
1280 2840 1307 2862 et
1323 2834 1396 2861 intra
1412 2840 1474 2868 cap.
1507 2833 1540 2869 'i_.
1555 2833 1608 2861 Sed
1624 2837 1651 2860 et
1669 2833 1747 2868 plura
1763 2833 1815 2858 alia

1023 2871 1148 2904 exempla
1166 2867 1250 2896 habes
1268 2872 1340 2903 apud
1351 2867 1503 2904 scriptorcs
1520 2867 1698 2904 Byzantinos,
1709 2875 1816 2895 necnon

1023 2907 1104 2934 etiam
1122 2905 1194 2939 apud
1212 2905 1337 2932 tacticos.
