1923 3060
129 147 182 179 333

647 146 695 176 DE
713 145 789 176 ΑΒΜ
795 142 1028 175 [NISTRANDO
1047 139 1219 172 IMPERIO.

1695 134 1749 167 3TH

133 202 357 239 παραθαλάσσιον
375 202 429 229 ἀπὸ
443 202 491 236 τῆς
507 200 731 237 συμπληρώσεως
747 201 796 236 τῆς
810 199 914 235 Ζιχίας,
933 199 993 234 ἦτοι
1005 197 1146 231 Νικὸψεως
1164 193 1298 229 ποταμοῦ,
1313 193 1386 220 ἔστιν
1401 193 1418 228 ἡ
1431 192 1480 228 τῆς
1519 192 1664 226 Ἀϐαςγὶας
1699 193 1754 227 χώ-

134 259 181 286 ρα,
197 250 278 285 μέχρι
295 248 343 276 τοῦ
363 249 481 284 κάστρου
498 247 753 283 Σωτηριουπόλεωςο
771 248 825 274 εἰσὶ
839 247 869 273 δὲ
885 245 962 281 μίλια
977 243 1010 272 τ’.

443 295 569 321 ΚΕΦΑΔ.
592 293 658 321 ΜΓ.

304 340 374 375 Περὶ
387 340 442 375 τῆς
456 340 553 375 χώρας
564 340 618 368 τοῦ
635 339 744 374 Ταρών.

173 387 254 415 Ἀλλὰ
269 386 321 422 μὲν
339 386 403 421 περὶ
415 385 469 412 τῶν
483 385 596 421 βορείων
619 385 730 412 Σκυθῶν
749 385 847 417 ἱκανῶς
873 393 913 412 σοι

129 433 285 468 δεδήλωται,
306 431 400 458 τέκνον
415 430 593 466 ποθούμενον,
622 429 659 458 ὦν
685 432 702 466 ή
737 431 838 465 γνῶσις
866 432 915 458 ἐπ-

137 479 245 514 ωφελής
258 487 287 504 τε
303 477 350 504 καὶ
366 477 516 513 εῠχρηστος
529 479 558 504 ὲν
566 477 654 513 καιρῷ
662 477 818 509 σοιπάντως
833 477 916 512 γενή-

132 532 218 551 σεται·
246 524 287 550 δεῖ
312 523 340 549 δέ
371 531 401 549 σε
422 523 489 558 μηδὲ
515 523 549 550 τὰ
574 523 643 558 πρὸς
667 523 811 558 ἀνίσχοντα
840 522 916 558 ἣλιον

130 570 248 604 ἀγνοετν.
261 569 322 596 ὅθεν
340 569 448 604 ὑπήκοα
459 569 541 595 πάλιν
555 570 612 600 τοῖς
635 568 782 603 Ῥωμαίοις
795 569 914 602 ἐγένετο,

130 615 176 651 ἀφ’
190 612 222 642 οὗ
236 615 265 642 τὸ
281 614 391 650 πρῶτον
405 616 454 650 τῆς
467 614 570 641 τούτων
587 615 762 650 ἐπικρατείας
778 615 915 647 ἐξέπεσον.

131 661 241 697 Πρῶτος
259 662 314 697 γὰρ
330 662 344 688 ὁ
371 661 548 696 Κρικορίκιος
575 661 677 693 ἐκεῖνος
696 661 743 687 τοῦ
759 661 855 696 Ταρὼν
866 661 916 697 ἀρ-

129 716 187 743 χιυν
203 707 270 741 πρὸς
287 707 333 733 τὸν
357 706 470 742 βασιλέα
500 706 643 741 Ῥωμαίων
670 707 766 734 ἑαυτὸν
790 707 917 734 ὐπέκλινε

130 754 180 779 καὶ
207 752 348 786 ὑπέταξεν
380 751 437 779 ἀλλ’
457 752 488 785 ἐξ
513 752 601 788 ἀρχῆς
625 752 674 785 μὲν
690 752 919 788 ἔπαμφοτερὶζων

131 799 267 832 ἐφαίνετο,
284 798 331 824 καὶ
353 797 425 832 λόγῳ
457 797 505 832 μὲν
529 797 578 831 τὴν
603 796 652 824 τοῦ
680 796 813 832 βασιλέως
828 797 919 832 φιλίαν

131 844 320 879 προσεποιεῖτο
335 843 417 877 τιμᾷν
433 842 501 878 (40),
517 841 591 878 ἔργῳ
613 842 641 868 δὲ
660 842 699 878 τῷ
722 842 777 869 τῶν
790 843 919 878 Σαρακη-

130 890 185 916 vim
209 889 375 923 κατάρχοντι
400 888 435 915 τὰ
464 888 527 914 καθ’
543 888 640 923 ἡδονὴν
664 887 851 923 διεπράττετο,
873 888 920 915 καὶ

129 934 266 969 διαφόρως
283 933 394 969 ἡγεμὼν
411 932 580 969 ἐχρημάτισε
595 937 649 960 τῶν
660 934 713 960 ἀπὸ
730 934 829 969 Συρίας
844 935 920 970 ἐξερ-

131 977 254 1012 χθμένων
270 978 412 1012 φοσσάτων
437 977 507 1004 κατὰ
529 978 584 1004 τῶν
597 978 725 1014 ὑπηκόων
740 978 866 1014 θεμάτων
880 979 919 1014 τῷ

132 1024 238 1059 βασιλεῖ
257 1023 412 1059 Ῥωμαίων·
429 1024 477 1051 καὶ
497 1024 585 1051 πάντα
597 1024 631 1051 τὰ
648 1025 706 1056 τοῖς
728 1024 874 1060 Ῥωμαίοις
890 1026 920 1052 ὲν

132 1070 282 1105 ἀπορρήτῳ
299 1069 474 1105 μελετώμενα
491 1070 563 1097 κατὰ
578 1070 633 1097 τῶν
658 1071 814 1098 ἀντιπάλων
828 1072 919 1107 Σαρα-

133 1115 224 1150 κηνῶν
245 1115 312 1150 πρὸς
326 1115 426 1150 Συρίαν
444 1115 592 1152 ἀνεμήνυε,
610 1116 659 1142 καὶ
675 1116 763 1152 λάθρα
787 1118 852 1152 περὶ
865 1117 920 1145 τῶν

131 1161 198 1196 παρ’
212 1161 276 1196 ὑμῖν
287 1161 492 1196 συμϐαινόντων
507 1161 563 1196 (Η)
575 1161 619 1188 ἀεὶ
630 1161 698 1197 πρὸς
714 1162 762 1189 τὸν
776 1162 920 1198 ἀμερμου-

141 1207 212 1242 μνῆν
232 1206 275 1233 διὰ
291 1207 464 1242 γραμμάτων
490 1206 652 1242 ἐδηλοποῑεια
681 1207 728 1234 καὶ
756 1207 844 1234 δοκεῖν
871 1207 920 1243 μὲν

133 1252 260 1280 ἐϐούλετο
281 1252 315 1279 τὰ
334 1252 388 1280 τῶν
410 1252 554 1288 Ῥωμαίων
587 1252 712 1288 φρονῶν,
737 1253 878 1288 εὑρίσκετο
891 1253 920 1280 δὲ

136 1299 236 1334 μᾶλλον
249 1298 283 1325 τὰ
299 1298 354 1325 τῶν
372 1298 538 1334 Σαρακηνῶν
557 1299 715 1334 προκρίνων
741 1308 772 1326 τε
797 1300 845 1326 καὶ
858 1308 921 1335 φρο-

134 1345 198 1371 νῶν.
217 1345 289 1380 Ιιλὴν
304 1344 468 1372 ἀπέστελλεν
495 1345 539 1372 ἀεὶ
555 1344 640 1380 δῶρα,
659 1345 730 1380 ᾇπερ
757 1347 812 1377 τοῖς
830 1346 920 1372 ἐκεῖσε

134 1391 287 1426 Βαρϐάροις
299 1391 373 1418 δοκεῖ
382 1391 459 1426 τίμια
473 1391 541 1426 πρὸς
559 1391 604 1417 τὸν
622 1391 652 1418 ἐν
667 1391 824 1426 βασιλεῦσιν
838 1392 921 1418 ἀοίδι-

136 1445 186 1471 μον
195 1436 308 1468 Λέοντα,
324 1437 371 1462 καὶ
390 1435 577 1471 ἀντελάμϐανε
593 1436 704 1464 πλείονα
718 1445 747 1463 τε
765 1437 811 1464 καὶ
830 1438 921 1472 κρείτο

133 1490 200 1509 τονα
213 1482 288 1517 παρὰ
307 1481 353 1508 τοῦ
370 1481 498 1514 εὐσεϐοῦς
516 1481 714 1517 βασιλεύοντος,
732 1482 781 1514 ’ος
792 1482 839 1509 καὶ
855 1483 920 1509 πολ-

134 1527 212 1559 λάκις
232 1527 306 1562 αὐτῷ
318 1527 509 1564 προύτρὲψατο
527 1527 572 1555 διὰ
589 1527 762 1563 γραμμάτων
782 1528 850 1563 πρὸς
870 1528 920 1563 τὴν

136 1570 330 1609 βασιλεύουσαν
353 1573 483 1601 είσελθεῖν
509 1575 555 1601 καὶ
569 1574 615 1601 τὸν
632 1574 746 1609 βασιλέα
758 1573 918 1607 θεάσασθαι,

136 1620 183 1647 καὶ
200 1619 254 1646 τῶν
269 1619 434 1667 παρξναότοῦ
452 1620 672 1656 φιλοφρονήσεων
702 1620 749 1648 καὶ
769 1621 858 1656 τιμῶν
872 1629 921 1657 με-
934 1638 955 1667 C

136 1667 256 1701 τασχεῖν.
278 1666 308 1693 '0
324 1666 351 1693 δὲ
368 1666 495 1699 δεδοικὼς
519 1667 557 1702 μὴ
576 1667 644 1702 πρὸς
660 1667 748 1704 λύπην
768 1667 816 1695 καὶ
841 1668 922 1696 σκάν-

136 1711 214 1739 δαλον
230 1711 277 1738 τοῦ
304 1712 488 1748 ἁμερμουμνῆ
518 1712 634 1748 γένηται
663 1713 756 1746 τοῦτο,
772 1713 923 1749 προφάσεις

136 1756 292 1787 ἐπλάττετο.
313 1758 360 1783 καὶ
375 1758 407 1784 τὸ
425 1759 462 1793 μὴ
483 1758 612 1785 δύνασθαι
634 1758 732 1785 ἑαυτοῦ
756 1758 848 1794 χώραν
859 1758 924 1795 ἐρη-

140 1811 190 1837 μην
201 1803 250 1837 τῆς
265 1802 293 1836 ἐξ
308 1803 390 1830 αὑτοῦ
405 1803 532 1839 βοηθείας
558 1804 728 1837 καταλιπεῖν,
743 1804 788 1831 ἵνα
814 1804 851 1840 μὴ
871 1804 924 1831 ὑπὸ

137 1847 305 1883 Σαρακηνῶν
326 1848 498 1884 καταληῖσθῇ
511 1867 520 1882 ,
542 1848 630 1884 μάτην
657 1849 816 1876 ισκιπτετο.
839 1849 869 1876 '0
895 1849 924 1876 δὲ

137 1892 220 1924 αὐτὸς
234 1893 326 1929 ἄρχων
344 1893 391 1920 τοῦ
418 1894 516 1930 Ταρὼν
533 1895 675 1930 κρατήσας
687 1895 717 1922 ὲν
733 1894 844 1931 πολέμῳ
859 1896 924 1922 ποτε

138 1938 185 1964 τοῦ
207 1939 338 1974 ’Λρκάῖκα
362 1940 426 1972 τοὺς
451 1940 561 1973 παῖδας,
588 1941 673 1976 ἤγουν
695 1941 848 1977 Κρικορίκη
876 1941 924 1968 τοῦ

139 1984 284 2018 πατρικίου
303 1984 351 2011 τοῦ
365 1985 468 2021 πατρὸς
494 1985 541 2012 τοῦ
569 1987 821 2022 πρωτοσπαθαρίου
841 1987 926 2014 Ἀσω-

139 2028 197 2055 τίου
208 2030 270 2060 τοὺς
283 2029 455 2064 ἑξαδέλφους,
467 2029 522 2067 εἶχε
533 2033 597 2067 παρ’
609 2031 697 2067 ἑαυτῷ
707 2032 846 2067 δεσμίους.
856 2033 925 2067 Περὶ

144 2070 182 2100 ὧν
199 2074 246 2101 καὶ
262 2075 413 2110 Συμϐάτιος
431 2078 446 2103 ό
458 2077 518 2104 τότε
530 2078 621 2114 ἄρχων
646 2077 700 2104 τῶν
717 2078 854 2114 ἀρχόντων
879 2078 925 2104 τὸν

146 2120 228 2146 αὑτὸν
243 2120 451 2156 μακαριώτατον
464 2121 576 2157 βασιλέα
587 2122 632 2149 διὰ
644 2123 815 2158 γραμμάτων
827 2123 925 2158 ἠξίωσε

141 2165 188 2191 τοῦ
213 2165 372 2192 ἀποστεῖὶαι
402 2166 468 2202 πρὸς
485 2168 530 2193 τὸν
555 2167 714 2202 Ταρωνίτην
742 2167 925 2194 ἀναλαϐέσθαι

142 2211 292 2237 σπουδάσαι
301 2212 364 2242 τοὺς
380 2212 496 2244 οἰκείους
516 2213 660 2248 ἀνεψιοὺς,
677 2213 774 2244 οἵτινες
787 2211 857 2247 ἦσαν
873 2213 927 2239 υἱοὶ

140 2256 186 2283 τοῦ
198 2257 342 2293 εἰρημένου
350 2258 377 2284 Ἀ
383 2258 539 2293 ρκάῖκα,ἶνα
549 2259 587 2294 μὴ
595 2258 661 2294 πρὸς
669 2259 714 2286 τὸν
727 2259 926 2294 ἀμερμουμνῆν

934 293 961 323 Α

1243 288 1357 316 CAPUT
1372 287 1466 316 XLIII.

1237 334 1273 362 De
1285 335 1393 369 regione
1407 333 1429 360 Τ
1430 341 1489 361 aro.

1002 381 1057 410 Sed
1066 382 1100 410 de
1112 380 1483 416 septentrionalibusquidem
1493 379 1604 415 Scythis
1610 380 1676 408 satis
1685 388 1757 408 nunc

967 428 1097 461 diximus,
1115 427 1151 454 [lli
1171 427 1277 455 delecto
1291 435 1297 453 :
1313 426 1420 461 eritque
1436 426 1493 452 hate
1505 426 1625 460 cognitio
1646 427 1758 454 omnino

966 473 1016 500 tibi
1026 473 1099 501 utilis
1109 479 1160 500 suo
1175 477 1306 508 tempore.
1322 475 1429 506 oportet
1442 479 1506 498 vero
1520 479 1608 506 neque
1617 479 1648 499 ea
1657 479 1716 506 qua:
1725 473 1758 498 ad

967 519 1100 547 orientem
1118 522 1182 546 sunt
1199 518 1336 553 ignorare,
1364 524 1419 552 quo
1446 521 1526 551 pacto
1539 525 1655 545 excusso
1674 525 1759 552 semel

969 564 1157 592 Romanorum
1177 563 1254 599 jugo,
1272 564 1370 591 iterum
1393 570 1455 590 mox
1473 563 1600 590 subillud
1622 564 1758 592 venerint.

967 609 1033 637 Nam
1042 609 1320 645 primusCricoricius
1331 609 1375 636 ille
1384 609 1511 644 princeps
1518 609 1644 642 Taronis,
1657 610 1757 637 Iionta-

969 661 1070 681 norum
1086 661 1116 682 se
1134 653 1292 689 imperatOri
1310 653 1439 681 submisit
1454 661 1462 685 ;
1486 654 1532 681 sed
1551 653 1586 681 ab
1603 654 1680 681 initio
1699 654 1759 681 [idci

968 700 1058 728 dubiae
1066 701 1142 728 visus
1151 705 1202 733 est,
1215 700 1299 728 verbo
1308 700 1417 736 quidem
1429 700 1602 735 imperatoris
1612 701 1760 728 amicitiam

969 746 1073 778 colens,
1090 754 1119 774 re
1140 753 1206 774 vero
1236 746 1296 781 ipsa
1330 745 1530 774 Saracenorum
1561 746 1678 782 principi
1696 754 1760 782 gra-

969 793 1090 825 tiﬁcans,
1108 796 1135 820 et
1157 792 1255 820 ducem
1276 800 1306 820 se
1321 793 1469 828 aliquoties
1491 793 1616 828 praebens
1641 793 1729 828 copiis
1745 799 1762 820 θ

971 838 1051 873 Syria
1067 842 1163 866 contra
1180 838 1303 865 themata
1323 838 1447 866 Romano
1460 839 1617 874 imperatori
1638 838 1760 874 subjecta

970 882 1159 915 venientibus,
1179 888 1336 918 cunctaque
1361 883 1492 911 Romanis
1511 888 1618 911 secreto
1642 884 1761 919 cogitata

971 928 1103 957 adversus
1119 929 1211 957 hostes
1240 929 1393 957 Saracenos
1417 929 1444 956 in
1461 929 1542 965 Syria
1557 928 1759 963 denuntiabat;

935 967 957 995 Β
973 979 1054 1009 atque
1064 974 1099 1002 de
1126 975 1170 1008 iis,
1186 981 1248 1010 qua
1268 975 1340 1010 apud
1351 982 1400 1003 vos
1425 976 1629 1010 contingebant,
1654 983 1762 1011 semper

970 1028 1186 1049 antermumnem
1240 1022 1310 1049 clam
1372 1029 1422 1056 per
1464 1022 1570 1050 litteras
1615 1024 1761 1050 certiorem

970 1067 1099 1101 faciebat;
1114 1074 1232 1103 cumque
1246 1075 1290 1095 res
1304 1061 1442 1094 Romanas
1456 1074 1554 1095 curare
1566 1067 1652 1096 videri
1665 1068 1761 1101 vellet,

970 1114 1098 1142 inventus
1133 1118 1175 1142 est
1200 1113 1346 1142 Saracenis
1377 1114 1465 1149 magis
1492 1114 1594 1142 favere.
1626 1113 1762 1142 Caeterum

970 1159 1042 1187 dona
1050 1168 1157 1196 semper
1167 1160 1251 1188 Leoni
1261 1160 1299 1187 illi
1312 1160 1444 1195 prteclaro
1454 1159 1613 1195 imperatori
1628 1160 1761 1193 mittebat,

971 1214 1031 1242 quae
1041 1206 1169 1235 Barbaris
1189 1206 1242 1234 illis
1256 1207 1374 1242 pretiosa
1390 1212 1549 1240 censentur,
1560 1207 1763 1243 recipiebatquo

971 1252 1006 1280 ab
1029 1252 1124 1280 eodem
1152 1252 1317 1288 imperatore
1339 1256 1365 1280 et
1392 1252 1469 1287 plura
1497 1257 1525 1280 et
1561 1254 1760 1288 praestantiora.

972 1298 1004 1325 Et
1019 1305 1090 1333 smpe
1106 1305 1153 1333 per
1169 1299 1277 1326 litteras
1297 1298 1443 1330 invitatus,
1461 1303 1490 1326 ut
1502 1298 1535 1326 ad
1551 1299 1645 1327 urbem
1659 1300 1762 1334 regiam

971 1344 1087 1376 veniret,
1104 1343 1351 1378 imperatoremque
1376 1344 1517 1377 inviseret,
1547 1345 1762 1374 benevolentiam

970 1393 996 1415 ct
1011 1389 1141 1416 honorem
1154 1392 1356 1424 reportaturus,
1373 1394 1498 1418 metuens
1515 1397 1550 1418 ne
1560 1397 1622 1418 cum
1633 1391 1726 1419 dolore
1737 1396 1764 1419 et
1788 1387 1790 1389 ’

971 1433 1072 1461 oti'ensa
1082 1441 1270 1461 amermumne
1286 1433 1312 1462 id
1325 1434 1411 1468 ﬁeret,
1424 1442 1523 1462 causas
1534 1435 1629 1463 inanes
1637 1440 1763 1470 praetexe-

971 1481 1083 1514 bal,non
1091 1487 1170 1515 posse
1179 1487 1208 1508 se
1217 1485 1318 1508 terram
1328 1488 1405 1508 suam
1413 1481 1472 1516 opis
1480 1488 1536 1509 suae
1549 1486 1670 1516 egentem
1680 1483 1763 1510 relin-

970 1534 1065 1561 quere,
1083 1534 1117 1553 nc
1124 1534 1138 1553 a
1146 1525 1291 1554 Saracenis
1298 1530 1462 1554 vastaretur.
1468 1526 1591 1562 Cumque
1599 1527 1668 1555 idem
1677 1527 1763 1555 Taro—

970 1573 1014 1600 nis
1024 1573 1150 1608 princeps
1165 1572 1192 1600 in
1205 1571 1276 1600 bello
1286 1572 1405 1608 cepisset
1418 1572 1488 1601 ﬁlios
1501 1573 1631 1606 Arcaieae,
1641 1572 1762 1601 Cricori-

971 1618 1006 1644 cii
1017 1617 1122 1652 patricii
1134 1616 1350 1652 protospatbarii
1362 1617 1449 1645 Asotii
1465 1617 1550 1652 patris
1565 1617 1713 1652 patrueles,
1733 1617 1760 1645 in

975 1662 1092 1690 vinculis
1105 1669 1152 1690 eos
1169 1662 1241 1697 apud
1256 1669 1286 1690 se
1308 1662 1438 1690 detinuit.
1465 1661 1520 1690 Pro
1551 1662 1652 1698 quibus
1679 1663 1762 1690 etiam

977 1708 1146 1744 Sytnbatius,
1167 1713 1233 1736 tunc
1249 1708 1405 1744 principum
1419 1708 1559 1745 princeps,
1574 1709 1762 1738 beatissimum

976 1753 1102 1782 eumdem
1116 1755 1307 1789 imperatorem
1324 1762 1372 1790 per
1386 1754 1493 1782 litteras
1521 1754 1637 1790 rogavit,
1658 1755 1697 1782 uti
1727 1756 1761 1782 ad

977 1798 1134 1828 Tarcnitem
1147 1800 1278 1832 mitteret,
1305 1800 1500 1835 nuntiaretque
1522 1800 1642 1836 recipere
1652 1808 1682 1828 se
1695 1800 1763 1827 vello

976 1846 1202 1881 patruelessuos,
1221 1845 1342 1874 Arcaicte
1366 1846 1510 1874 memorati
1542 1845 1612 1874 lllios
1628 1865 1637 1879 ,
1667 1854 1701 1874 ne
1728 1847 1762 1874 ad

978 1892 1202 1920 Amermumnem
1229 1892 1426 1919 mitterentur:
1461 1891 1597 1926 siquidem
1625 1892 1762 1928 Symbatii

977 1937 1132 1973 principum
1168 1937 1301 1973 principis
1329 1937 1500 1973 propinquus
1530 1942 1590 1965 erat
1614 1937 1762 1973 Gregorius

978 1984 1121 2019 patricius.
1138 1983 1171 2011 Et
1184 1983 1238 2011 Leo
1264 1984 1374 2019 quidem
1395 1983 1439 2011 ille
1476 1983 1653 2012 beatissimus
1677 1984 1764 2019 impc-

978 2029 1224 2065 rator,huic115
1240 2029 1373 2065 Symbatii
1393 2029 1517 2066 petitioni
1531 2037 1632 2057 morem
1654 2037 1763 2065 gerens.

980 2075 1104 2103 Sinutem
1119 2076 1195 2103 illum
1218 2076 1388 2107 eunuchum,
1404 2076 1450 2110 qui
1464 2080 1529 2103 tunc
1540 2076 1670 2110 temporis
1682 2075 1762 2103 cltar-

979 2121 1096 2149 tularius
1107 2128 1206 2148 cursus
1224 2121 1324 2156 publici
1342 2126 1412 2153 erat,
1439 2121 1514 2148 misit
1531 2125 1558 2148 et
1584 2121 1617 2149 ad
1648 2121 1764 2149 Tarouis

979 2165 1142 2201 principem.
1162 2166 1242 2201 hujus
1260 2166 1359 2201 negotii
1388 2173 1482 2199 causa,
1509 2171 1535 2194 et
1548 2166 1582 2194 ad
1609 2166 1765 2194 Adranaser

979 2212 1072 2240 lberiae
1082 2213 1279 2248 curopalalcm,
1295 2212 1408 2239 alterius
1424 2212 1567 2247 cujusdam
1580 2213 1680 2248 negotii
1697 2220 1764 2240 cau-

980 2266 1021 2291 sa,
1041 2258 1112 2286 datis
1126 2259 1213 2286 eidem
1230 2257 1387 2286 muneribus
1401 2258 1556 2287 deferendis
1574 2259 1682 2294 utrique
1698 2267 1764 2286 con-

140 2300 326 2328 ἁποσταλῶσιν
352 2303 484 2338 συγγενὴς
510 2303 563 2338 γὰρ
590 2301 623 2339 ἦν
650 2303 697 2330 τοῦ
712 2303 865 2338 Συμϐατίου
880 2303 921 2331 τοῐ

979 2303 1162 2332 venientibus.
1175 2304 1210 2330 Αι
1225 2303 1348 2331 Sinutem
1364 2305 1524 2338 praedictum
1540 2313 1603 2332 cum
1619 2305 1766 2332 calumniis

141 2346 269 2382 ἄρχοντος
283 2348 337 2375 τῶν
352 2349 489 2384 ἀρχόντων
505 2350 524 2375 Γ
528 2350 654 2386 ρηγόριος
667 2351 681 2376 ὁ
698 2350 842 2386 πατρίκιος
856 2350 924 2385 (42).

148 2392 318 2425 Ἐπακούσας
334 2393 362 2421 δὲ
379 2394 429 2429 τῆς
444 2394 574 2430 τοιαύτης
594 2395 640 2422 τοῦ
667 2395 818 2430 Συμϐατίου
842 2396 925 2428 ἀξιώ-

143 2446 210 2470 σεως
226 2439 301 2465 Λέων
316 2439 329 2465 ό
348 2439 557 2474 μακαριώτατος
577 2440 714 2475 βασιλεὺς,
731 2441 777 2468 τὺν
796 2441 926 2477 Σινούτην

143 2484 245 2510 ἐκεῖνον
256 2484 302 2511 τδν
318 2485 444 2520 εὖνοῦχον
464 2486 608 2513 ἀπέστειλε
635 2487 834 2523 χαρτουλάριον
849 2496 925 2522 τηνι-

142 2529 229 2556 καῦτα
254 2530 301 2556 τοῦ
318 2530 400 2565 ὀξέως
419 2531 520 2568 δρόμου
542 2533 599 2568 (43)
612 2533 780 2568 τυγχάνοντα
804 2532 874 2568 πρός
894 2541 925 2559 τε

979 2349 1050 2385 apud
1062 2349 1188 2378 eumdem
1213 2350 1375 2385 praeclarum
1391 2351 1582 2386 imperatorem
1597 2351 1765 2379 traduxisset

979 2394 1140 2423 Theodorus
1155 2395 1346 2422 Armeniorum
1366 2395 1513 2431 interpres,
1529 2398 1556 2423 in
1587 2397 1678 2423 locum
1702 2396 1762 2430 ejus

977 2440 1149 2469 Caesarianus
1162 2441 1326 2477 subrogatus
1347 2446 1388 2470 est
1415 2442 1652 2477 protospatharius
1692 2443 1766 2470 Con-

977 2487 1133 2515 stantianus
1141 2488 1340 2516 etdomesticus
1349 2488 1510 2516 inferiorum
1518 2488 1690 2516 ministorum
1697 2490 1766 2516 aulae

978 2531 1298 2566 Constantinopolitanae,
1315 2532 1391 2561 Libis
1406 2533 1490 2567 ﬁlius,
1510 2541 1583 2561 nunc
1604 2533 1764 2570 proconsul,

726 2588 878 2618 ANSELMI
892 2587 1056 2618 BANDUBII
1072 2588 1189 2618 NOTAE.

180 2644 235 2680 (40)
256 2645 295 2672 Ita
314 2654 346 2673 ex
364 2654 416 2675 ms.
431 2647 536 2675 codice.
554 2647 582 2676 ln
595 2648 676 2676 editis
691 2649 769 2677 locus
785 2649 830 2676 hic
844 2648 926 2676 muti-

143 2680 204 2719 lus;
220 2682 448 2719 quemadmodum
464 2683 545 2719 paulo
556 2683 626 2710 infra
638 2684 686 2719 καὶ
694 2684 829 2719 διαφόρως
844 2684 926 2719 ιχρη-

272 2717 392 2778 ρῐῖοῐηέιαὶ
407 2715 542 2752 Bruto—69w;
564 2718 676 2754 ἡγεμὼν
696 2715 884 2755 ἐχρημάτισὲζ
896 2715 927 2746 tit

180 2786 237 2823 (tt)
258 2785 305 2823 Sic
321 2794 353 2823 ett
373 2794 433 2823 ms.
461 2787 567 2823 codice.
586 2787 744 2823 “Perperam
770 2787 870 2823 legitur
897 2788 926 2816 in

145 2820 255 2867 stitia.
266 2820 284 2848 δι
293 2821 351 2867 3?"
361 2821 618 2867 λὲιὲδρεξξερὶξιὲν
632 2820 714 2867 ﬁse‘,
729 2820 810 2867 Ρμέῗ
820 2823 925 2867 9991‘:

145 2863 198 2884 νων
212 2855 266 2889 ἀεί,
290 2861 343 2885 etc.
361 2855 431 2891 ﬂap'
450 2855 608 2892 ὑμῖννετο,
626 2855 697 2894 apud
707 2855 927 2892 voiRomaiios;

978 2649 1025 2676 sed
1040 2647 1166 2684 fortassis
1183 2649 1326 2684 legendum
1342 2650 1406 2683 παρ’
1421 2649 1497 2684 ἡμῖν,
1512 2650 1582 2683 apud
1599 2658 1656 2677 nos.

1013 2684 1081 2724 (4‘2).
1091 2683 1142 2724 ilic
1155 2683 1228 2712 idem
1237 2683 1396 2724 FTCEOI‘EIVIS
1406 2683 1488 2719 paulo
1507 2685 1635 2724 superius
1649 2691 1675 2724 et
1691 2685 1763 2713 infra

977 2718 1152 2747 Cricoricius'
1165 2718 1329 2754 appellatur.
1348 2718 1415 2747 Vide
1439 2727 1500 2754 quae
1522 2718 1556 2747 de
1571 2720 1763 2748 Taronitarum

977 2753 1186 2815 gggtensgribit
1204 2753 1360 2790 Ducangius
1385 2754 1412 2781 in
1439 2753 1564 2782 Familiis
1592 2755 1763 2791 Byzantinis.

977 2795 1038 2823 pag.
1058 2795 1120 2823 na.

1009 2822 1128 2864 μᾷῌια
1144 2830 1204 2864 μιᾳ.
1226 2823 1324 2852 codex.
1347 2824 1494 2860 Perperam
1510 2824 1628 2854 habetur
1641 2825 1670 2854 in
1683 2825 1764 2856 editis

976 2857 1024 2887 τοῦ
1041 2857 1126 2895 axem;
1142 2857 1255 2896 δρόμου.
