1923 3060
163 139 214 169 337

683 133 733 164 DE
753 131 1069 164 ADMINIS‘I‘RANDO
1089 131 1261 162 IMPERIO‘.

1732 127 1788 159 338

166 191 341 227 Κρικορίκιον
360 190 406 218 τὴν
422 190 540 225 ἄρχοντα
555 188 602 216 τοῦ
623 188 731 225 Ταρὼν,
747 189 794 217 καὶ
808 189 876 225 πρὸς
897 189 947 225 τήν

1004 188 1058 215 sine
1076 194 1158 214 aurea
1170 186 1253 213 bulla.
1285 184 1317 212 Et
1332 182 1465 212 benevole
1482 182 1516 210 ab
1536 182 1700 217 imperatore
1713 181 1794 209 habi-

167 237 361 273 βασιλεύουσαν
374 237 516 268 εἰσελθεῖν,
529 235 544 263 δ
555 236 603 263 καὶ
618 235 756 271 εποίησεν.
776 235 949 268 Εἰσελθόντος

166 284 194 310 δὲ
211 283 257 310 τοῦ
278 282 360 310 αὐτοῦ
374 281 551 318 Κρικορικίου
567 281 596 307 ἐν
614 282 647 317 τῇ
667 280 843 316 θεοφυλάκτῳ
862 280 949 312 πόλει,

166 329 213 356 καὶ
231 330 264 364 τῇ
281 328 328 355 106
355 328 507 363 μαγίστρου
533 327 580 354 καὶ
599 326 752 363 στρατηγοῦ
769 326 867 362 Ταρὼν
886 327 950 362 ἀξίᾳ

158 374 334 411 τιμηθέντος,
349 373 427 408 ἐδόθη
456 371 530 407 αὐτῷ
557 372 605 399 καὶ
625 372 700 404 οἶκος
724 372 765 404 εἰς
780 372 921 399 κατοικίαν
936 373 951 399 ὁ

163 420 211 446 106
226 419 370 455 Βαρϐὰρου
383 419 539 454 λεγόμενος,
554 419 568 445 ὸ
583 418 630 445 νῦν
648 418 788 445 Βασιλεῑου
803 418 849 444 106
860 426 949 453 παρα-

165 464 336 500 κοιμωμένου
360 461 434 496 οἰκος
451 463 519 499 (50).
542 462 674 498 Ἑτιμήθη
687 463 716 490 δὲ
728 463 776 490 καὶ
787 463 887 499 ὲτησίῳ
903 463 950 499 90-

164 520 210 547 γᾳ,
228 511 341 546 χρυσίου
363 510 413 545 μὲν
433 509 500 536 δέκα
513 508 618 544 λίτρας,
634 509 681 535 καὶ
699 509 871 544 μιλιαρισίων
889 509 949 536 ἐτέ-

165 564 214 589 ρας
233 555 300 581 δέκα
314 554 418 589 λίτρας,
434 553 504 580 ὥστε
518 551 588 580 εἰναι
610 553 642 580 τδ
661 553 716 580 πᾶν
735 553 829 588 λίτρας
850 554 948 580 εἴκοσι.

166 602 220 627 Καὶ
236 600 282 627 ἐπὶ
296 600 392 636 χρόνον
402 600 431 626 ἓν
439 601 471 634 τῇ
487 599 668 635 βασιλευούσῃ
676 598 833 634 ἐπιτρίψας,
844 599 891 626 καὶ
905 599 950 626 διὰ

163 646 210 672 106
222 646 304 672 αὑτοῦ
313 645 559 681 πρωτοσπαθαρίου
572 645 778 672 Κωνσταντίνου
789 644 870 671 πάλιν
882 644 949 681 πρὸς

161 692 212 727 τὴν
220 691 323 718 οἰκείαν
333 690 448 726 διεσώθη
463 689 564 725 χώραν.
576 690 654 717 Μετὰ
663 689 692 717 δὲ
700 689 787 718 ταῦτα
799 689 881 716 πάλιν
892 690 950 716 εἰσ-

163 737 245 771 ῆλθεν
256 736 303 763 καὶ
318 735 473 771 Ἀπογανεμ
482 735 550 771 πρὸς
559 735 605 762 τὸν
625 735 759 771 μακάριον
771 735 892 770 βασιλέα,
904 735 952 762 καὶ

164 781 350 817 προεσισάσθη
362 781 426 817 παρ’
441 781 524 808 αὑτοῦ
550 782 590 813 εἰς
607 781 656 817 τὴν
679 781 887 817 πατρικιότητα·
901 781 953 807 ὲπ-

165 827 272 862 ιτράπη
281 826 309 853 δὲ
322 826 368 853 καὶ
381 827 420 858 εἰς
428 827 544 860 γυναῖκα
553 825 644 852 λαϐεῖν
655 825 702 852 τοῦ
711 825 857 861 εἰρημένου
873 825 951 852 Κων-

163 873 304 900 σταντίνου
330 872 482 908 θυγατέρα,
500 871 547 899 καὶ
562 871 608 898 ἐπὶ
624 873 657 907 τῇ
679 871 793 908 τοιαύτῃ
817 871 952 907 προφάσει

1003 237 1059 264 tus,
1077 236 1178 259 terram
1193 237 1271 258 suam
1285 229 1393 264 repetiit
1404 236 1465 255 mox
1478 227 1625 258 rediturus.
1639 231 1666 254 et
1680 227 1794 262 nuptias

1002 281 1265 305 eousummaturus:
1280 283 1312 302 ac
1330 275 1410 310 116
1425 274 1537 301 domum
1564 280 1626 300 cum
1659 273 1787 300 rcdiisset

1000 325 1096 359 paucis
1110 327 1172 358 post
1186 322 1284 350 diebus
1298 321 1352 348 vita
1365 320 1511 348 defunctus
1537 324 1589 347 est.
1606 318 1702 346 Frater
1727 327 1793 346 vero

1001 369 1062 405 ejus
1077 368 1247 396 Cricoricius
1262 374 1311 402 per
1328 366 1433 393 litteras
1451 365 1540 400 petiit,
1571 364 1609 392 uti
1641 364 1668 391 iu
1696 364 1790 391 urbem

1000 414 1093 442 venire.
1124 413 1188 445 sibi,
1213 415 1383 446 acceptoque
1410 411 1444 438 ab
1471 411 1637 445 imperatore
1654 409 1792 445 stipendio

1002 459 1168 488 commorari
1184 459 1239 485 illic
1254 456 1414 492 aliquandiu
1437 455 1530 483 liceret
1547 465 1556 488 ;
1573 459 1656 490 utque
1679 455 1749 482 hanc
1763 455 1791 482 in

1000 515 1058 535 rem
1073 506 1144 534 aedes
1155 505 1234 533 fratri
1250 504 1326 540 prius
1340 503 1483 530 destinata:
1496 501 1549 529 sibi
1564 500 1598 528 ad
1611 500 1789 528 habitandum

999 553 1239 583 concederentur;
1257 555 1285 578 et
1294 557 1360 578 sane
1381 549 1408 576 id
1426 549 1531 576 abeato
1557 547 1722 582 imperatore
1739 546 1789 572 im-

1000 599 1132 635 petravit,
1147 606 1211 626 cum
1223 597 1288 633 quia
1302 603 1358 624 non
1371 596 1408 622 ita
1419 594 1525 630 pridem
1542 601 1603 620 sese
1615 592 1791 628 subjecisset,

999 648 1058 672 tum
1071 648 1101 671 ut
1117 643 1186 671 alios
1201 649 1314 678 qucque
1326 641 1450 669 Orientis
1465 639 1609 674 principes
1627 637 1660 665 ad
1674 637 1791 665 similem

1001 689 1134 718 Romanis
1146 692 1234 717 seruet
1245 687 1424 715 submittendi
1437 686 1528 714 zelum
1548 687 1709 720 provocaret
1723 691 1730 715 ;
1744 681 1792 710 sed

1002 734 1178 763 donationem
1198 733 1271 761 hanc
1286 733 1389 768 scripta
1407 733 1480 760 bulla
1496 739 1577 758 aurea
1607 738 1661 758 non
1688 728 1792 757 conﬁr-

1002 781 1097 808 mavit.
1114 780 1180 808 Post
1198 787 1286 807 annos
1310 786 1376 807 vero
1409 778 1509 806 multos
1535 777 1614 805 beato
1629 777 1794 810 imperatore

1003 829 1127 856 Romano
1140 825 1311 862 principatus
1324 825 1510 852 Romanorum
1538 827 1645 858 sceptra
1673 825 1793 853 tenente,

1008 875 1055 902 ille
1065 874 1124 909 ipse
1139 871 1311 901 Gricoricius
1325 870 1447 899 ostendit
1461 870 1488 898 in
1503 869 1586 897 domo
1606 867 1718 895 Barbari
1745 867 1793 893 ha-

163 919 210 945 καὶ
230 915 305 945 οἷκον
320 918 500 953 ἐπεζήτησεν,
515 918 562 945 καὶ
578 916 657 944 ιλαει
675 916 726 944 καὶ
734 917 816 949 αὐτὸς
838 917 884 944 τὸν
908 917 952 944 τοῦ

1008 918 1097 946 hilare
1115 925 1145 946 se
1158 924 1213 944 non
1225 923 1317 951 posse.
1328 920 1356 943 et
1369 923 1418 950 pro
1429 922 1460 943 ea
1475 915 1554 950 petiit
1583 913 1625 940 vel
1653 911 1792 940 suburba-

162 963 304 999 Ιίαρσάρον
317 960 391 990 οἷκον
402 963 609 999 χρυσοδουλλίου
618 963 702 999 χωρίς
722 962 790 998 (51).
807 963 862 989 Καὶ
879 962 952 998 φιλο-

1007 975 1072 995 num
1091 967 1118 994 in
1132 966 1272 999 Celtzene,
1284 965 1327 993 vel
1341 964 1457 996 Patzati,
1471 963 1512 991 vel
1523 961 1596 990 aliud
1609 961 1793 996 quodcunque

164 1007 309 1042 φρονηθεὶς
326 1007 400 1043 παρὰ
412 1007 459 1034 106
471 1007 613 1042 βασιλέως,
629 1007 668 1043 τῷ
688 1009 748 1034 τότε
766 1007 814 1043 μὲν
824 1007 892 1043 πρὸς
905 1007 955 1043 τὴν

165 1052 236 1079 ἰδίαν
253 1052 343 1088 χώραν
358 1052 510 1087 ὑπέστρεψε
528 1052 597 1087 πρὸς
612 1051 642 1078 τδ
662 1051 744 1079 πάλιν
755 1051 896 1084 εἰσελθεῖν,
906 1051 954 1079 καὶ

162 1098 197 1124 τὰ
218 1097 265 1125 τοῦ
293 1098 382 1133 γάμου
403 1097 616 1133 ἁπαρτίσασοαι·
631 1098 689 1133 ἅμα
703 1097 732 1125 δὲ
747 1097 785 1134 τῷ
796 1099 836 1130 εἰς
849 1099 898 1134 τὴν
914 1098 954 1125 οἰ-

164 1143 241 1170 κείαν
270 1143 362 1179 χώραν
380 1143 547 1177 διασωθῆναι
563 1143 622 1179 μετ’
643 1143 736 1178 ὀλίγας
757 1144 864 1180 ἡμέρας
881 1143 953 1170 τέλει

163 1188 211 1215 τοῦ
226 1188 284 1224 βίου
295 1189 441 1224 ἐχρήσατο.
457 1189 487 1215 '0
498 1189 527 1215 δὲ
536 1189 632 1215 τούτου
645 1188 758 1223 ἁδελφὸς
776 1187 952 1224 Κρικορίκιος

163 1233 209 1260 δια
225 1234 397 1268 γραμμάτων
411 1233 493 1260 αὑτοῦ
509 1233 658 1270 ἐξῃτήσατο
670 1234 890 1269 εἰσέρχεσθαιιίς
902 1235 952 1270 τὴν

166 1279 377 1314 βασιλεύουσαν,
391 1280 440 1306 καὶ
458 1279 537 1313 παρὰ
550 1279 606 1306 τῶν
625 1279 724 1315 χειρῶν
739 1279 786 1306 τοῦ
801 1279 880 1314 ἁγίου
901 1279 950 1314 βα-

166 1325 264 1358 σιλέως
282 1325 432 1361 λαμϐάνειν
455 1324 503 1360 τὴν
519 1324 660 1360 διδομένην
682 1325 766 1360 ρόγαν
791 1324 885 1358 αὑτοῦ,
904 1325 952 1352 καὶ

165 1372 212 1399 ἐπὶ
227 1372 322 1407 χρόνον
337 1371 397 1398 τινὰ
409 1372 439 1397 ὲν
453 1372 488 1406 τῇ
504 1371 679 1406 θεοφυλάκτῳ
696 1370 844 1406 διατρίϐειν
862 1370 949 1396 πόλει·

166 1418 213 1446 καὶ
228 1417 275 1444 ἐπὶ
287 1418 374 1452 τούτῳ
388 1417 434 1443 τὸν
449 1415 487 1450 τῷ
501 1416 594 1452 οἰκείῳ
605 1416 713 1451 ἁδελφῷ
727 1415 950 1452 προχωρισοέντα

164 1463 239 1492 οἷκον
254 1465 294 1495 εἰς
305 1463 464 1497 κατοίκησιν
484 1462 577 1489 λαόεῖν
593 1461 670 1496 ἠξίου
681 1481 688 1493 ,
709 1461 740 1488 δν
757 1461 804 1488 καὶ
820 1461 949 1488 ἐπιδέδω-

165 1519 213 1538 κεν
225 1510 299 1546 αὐτῷ
312 1511 326 1537 ό
351 1510 486 1545 μακάριος
515 1508 642 1541 βασιλεὺς
654 1527 661 1539 ,
677 1507 722 1535 διά
741 1516 771 1535 τε
795 1507 825 1534 τὸ
851 1507 948 1534 νεωστὶ

165 1556 344 1591 ὑποταγῆναι,
361 1556 408 1583 καὶ
429 1555 473 1581 διὰ
500 1554 530 1581 τδ
553 1554 599 1581 καὶ
622 1554 718 1586 ἄλλους
737 1554 873 1589 ἄρχοντας
899 1553 950 1589 τῆς

172 1601 317 1637 ’Λνατολῆς
342 1601 410 1636 πρὸς
433 1601 480 1628 τὸν
503 1601 596 1636 ὅμοιον
621 1599 702 1635 ζῆλον
725 1601 775 1635 τῆς
790 1599 859 1634 πρὸς
880 1599 950 1627 Ῥω·

167 1649 262 1684 μαίους
278 1647 418 1683 ὑποταγῆς
435 1647 644 1674 ἐκκαλέσασθαι·
657 1646 794 1682 ἔγγραφον
807 1646 836 1673 δὲ
848 1654 950 1682 χρυσο-

165 1695 286 1722 σούλλιον
302 1693 406 1728 δωρεὰν
431 1692 481 1720 τοῦ
498 1694 621 1720 τοιούτου
637 1694 712 1719 οἴκου
726 1692 794 1727 πρὸς
806 1693 887 1719 αὑτὸν
901 1692 951 1720 οὐκ

167 1741 289 1776 ἐποίησε.
305 1740 382 1767 Μετὰ
409 1740 437 1766 δὲ
461 1740 573 1775 χρόνους
599 1739 718 1771 ἰκαιοῦς,
740 1738 880 1774 Ῥωμανοῦ
904 1738 951 1765 τοῦ

168 1787 304 1823 μακαρίου
323 1786 456 1822 βασιλέως
484 1785 539 1812 τῶν
570 1785 716 1820 σκήπτρων
745 1784 795 1820 τῆς
813 1784 952 1819 βασιλείας

171 1831 314 1867 Ῥωμαίων
328 1830 528 1866 ἐπειλημμένον
543 1830 599 1866 (ὅῖ)
613 1830 752 1864 ἀνήγαγεν
764 1829 778 1856 ὁ
788 1829 869 1861 αὐτὸς
884 1830 953 1864 Κρι-

167 1877 289 1912 κορίκιος
303 1876 341 1912 μὴ
354 1876 456 1911 ἰσχύειν
467 1877 577 1910 κρατεῖν
591 1875 636 1901 τὸν
647 1874 694 1901 106
708 1874 852 1910 Βαρὸἀρου
865 1871 951 1907 οἷκον,

167 1922 226 1950 ἀλλ’
250 1922 328 1957 ἠξίου
351 1921 442 1948 λαϐεῖν
470 1921 527 1947 ἀντ’
539 1920 620 1947 αὐτοῦ
649 1920 811 1956 προάστειον
836 1921 865 1948 ιν
881 1921 952 1947 Κελ-

167 1969 264 2004 τζηνῇ,
282 1969 336 1994 εῐτε
350 1967 397 1994 τοῦ
421 1968 561 1999 Πατζάτου
572 1987 580 2000 ,
603 1967 658 1993 εῑτε
683 1967 761 1994 ἄλλον
775 1963 831 1994 οἷον
847 1967 953 1993 κελεῦοι

168 2016 184 2041 ὁ
200 2013 337 2050 βασιλεύς-
354 2014 398 2040 ἴνα
412 2014 456 2041 ὅτε
471 2013 604 2048 ἐπιδρομή
629 2013 684 2040 τῶν
712 2013 871 2050 Ἀγαρηνῶν
883 2014 954 2041 κατὰ

169 2060 217 2094 τῆς
230 2058 326 2094 χώρας
342 2059 424 2086 αὑτοῦ
440 2058 562 2094 γένηται,
591 2057 769 2085 ἀποστέλλειν
791 2059 880 2085 ἐκεῖσε
903 2059 955 2095 ἔχῃ

168 2107 218 2142 τὴν
229 2105 332 2132 οἰκείαν
346 2105 506 2139 συγγένειαν
518 2104 564 2130 καὶ
577 2103 734 2131 ὑπόστασιν.
744 2104 773 2131 ’0
788 2104 815 2130 δὲ
828 2104 955 2139 βασιλεὺς

169 2153 219 2187 τὴν
233 2151 335 2187 ἀκρισῆ
349 2151 451 2186 γνῶσιν
465 2150 520 2176 τῶν
535 2149 705 2186 πραγμάτων
719 2149 758 2185 μὴ
773 2151 952 2185 κεκτημένος,

1007 1013 1154 1047 imperator
1165 1011 1281 1047 jusserit
1296 1019 1304 1044 ;
1317 1013 1359 1043 ut,
1376 1009 1448 1037 facta
1462 1009 1649 1044 Agarenorum
1660 1006 1687 1033 in
1707 1005 1795 1039 regio-

1006 1065 1068 1086 nem
1085 1066 1162 1086 suam
1178 1057 1351 1090 excursione,
1371 1054 1593 1089 consanguineos
1610 1060 1676 1080 suos
1706 1051 1794 1079 facul-

1003 1109 1128 1140 talesque
1141 1101 1402 1132 transmittereilluc
1413 1103 1516 1136 posset.
1528 1101 1679 1134 Imperator
1689 1100 1792 1130 autem,

1004 1158 1096 1178 rerum
1113 1157 1168 1178 non
1184 1149 1330 1178 admodum
1343 1146 1459 1182 peritus,
1487 1148 1515 1172 et
1534 1143 1697 1171 Taronitcm
1733 1141 1794 1168 illas

1005 1196 1120 1223 Barbari
1133 1195 1206 1224 aedes
1220 1203 1235 1222 a
1255 1195 1336 1222 beato
1351 1192 1441 1220 Leone
1452 1198 1514 1219 cum
1534 1189 1608 1217 bulla
1636 1195 1720 1215 aurea
1745 1187 1794 1213 ha—

1003 1241 1069 1270 bere
1087 1241 1216 1273 credens,
1231 1239 1422 1268 suburbanum
1432 1237 1457 1265 ei
1469 1236 1597 1270 (ἔνθεοι-ιε
1612 1234 1640 1261 in
1665 1233 1793 1261 Celtzene

1003 1286 1091 1319 dedit,
1103 1285 1163 1314 sine
1176 1292 1260 1313 aurea
1275 1284 1349 1312 bulla
1367 1282 1451 1311 etiam
1483 1281 1543 1316 ipse
1560 1288 1569 1314 ;
1590 1280 1701 1307 domum
1729 1286 1794 1305 vero

1001 1332 1125 1361 vicissim
1137 1331 1253 1367 accepit.
1267 1330 1333 1358 Post
1345 1329 1403 1358 hac
1415 1328 1450 1356 ad
1461 1327 1587 1356 eumdem
1601 1326 1795 1361 imperatorem

1002 1378 1116 1413 scripsit
1129 1377 1265 1405 Tornices
1283 1375 1425 1404 'l‘aronitat
1453 1381 1541 1410 nepos
1554 1380 1588 1401 ex
1605 1371 1701 1402 fratre.
1721 1371 1794 1404 Apo-

1002 1431 1098 1458 gauem
1115 1423 1189 1451 illius
1205 1423 1288 1455 ﬂlius,
1307 1422 1380 1449 hunc
1395 1421 1421 1448 in
1449 1419 1561 1447 modum
1576 1427 1583 1446 :
1598 1417 1710 1445 Barbari
1721 1415 1794 1442 :edes

999 1469 1176 1498 beatissimus
1187 1469 1334 1504 imperator
1345 1467 1399 1494 Leo
1410 1466 1479 1502 patri
1491 1473 1551 1493 meo
1558 1464 1631 1492 dono
1639 1462 1724 1495 dedit,
1734 1465 1796 1496 post

1001 1515 1083 1550 cujus
1094 1515 1199 1542 obitum
1221 1521 1285 1541 cum
1312 1512 1438 1548 impubes
1470 1518 1497 1539 et
1523 1511 1664 1546 orpltanus
1691 1515 1792 1540 essem,

1003 1567 1117 1596 patruus
1133 1567 1210 1587 meus
1222 1567 1272 1594 pro
1286 1558 1450 1586 auctoritate
1463 1558 1527 1584 illas
1554 1555 1656 1595 tenuit,
1685 1561 1794 1588 semper

1003 1606 1069 1634 mihi
1087 1605 1262 1641 promittens,
1277 1604 1390 1632 domum
1404 1608 1556 1638 paternam,
1582 1601 1627 1628 ubi
1659 1603 1793 1627 maturant

1002 1656 1110 1680 aetatem
1125 1651 1287 1686 attigissent.
1304 1657 1348 1677 me
1377 1652 1550 1684 recepturum
1569 1655 1576 1673 :
1596 1650 1624 1673 at
1652 1652 1737 1676 nunc,
1765 1648 1796 1671 ut

1004 1698 1206 1733 iutelligo,tu:e
1224 1704 1284 1725 eam
1314 1695 1450 1730 maiestati
1476 1694 1562 1727 dedit,
1595 1696 1709 1727 accepto
1735 1691 1795 1717 vice

1004 1744 1077 1771 illius
1093 1742 1253 1771 suburbano
1267 1741 1394 1777 Gregora:
1405 1741 1432 1768 iu
1447 1739 1586 1767 Celtzene.
1601 1738 1642 1765 Ab
1661 1737 1712 1763 hac
1731 1743 1796 1763 vero

1003 1789 1138 1825 imperiali
1151 1788 1339 1816 muniﬁcentia
1356 1786 1458 1814 invidia
1473 1785 1606 1813 adversiis
1635 1782 1793 1810 Taronitent

1004 1837 1112 1865 accensi
1127 1840 1193 1865 sunt
1209 1835 1338 1863 Cacicius
1351 1835 1482 1870 princeps
1499 1832 1697 1867 Basparacaca,
1710 1829 1796 1856 Adru-

1004 1891 1085 1912 naser
1107 1882 1280 1918 curopalates
1303 1881 1407 1914 Iberia},
1430 1885 1459 1908 et
1482 1879 1620 1907 Asotieius
1639 1877 1792 1912 principum

1004 1932 1132 1966 princeps
1145 1937 1153 1961 °,
1167 1928 1213 1964 qui
1228 1928 1472 1956 obmurmurautes
1488 1923 1649 1960 imperatori
1675 1922 1794 1955 scripse-

1005 1978 1069 2003 runt
1081 1984 1088 2002 ι
1105 1974 1176 2008 Quid
1191 1980 1283 2001 causae
1300 1976 1384 2004 esset,
1398 1978 1448 1998 cur
1461 1970 1609 1997 Tarouites
1621 1968 1696 1996 solus
1708 1967 1794 2001 impe-

1004 2020 1064 2048 riali
1081 2018 1219 2054 stipendio
1229 2018 1379 2049 frueretur,
1393 2017 1460 2051 ipsis
1474 2015 1603 2043 omnibus
1627 2013 1694 2040 nihil
1722 2013 1795 2038 acri-

1005 2064 1162 2101 pienlibus?
1181 2062 1260 2094 Nam,
1277 2062 1449 2096 inquiebant,
1465 2067 1519 2096 qua
1545 2060 1572 2086 in
1598 2065 1628 2086 re
1658 2058 1719 2093 plus
1750 2057 1795 2083 ille

1006 2110 1111 2139 servitii
1128 2114 1251 2145 praestat,
1269 2113 1317 2136 aut
1332 2107 1467 2135 Romanis
1501 2106 1596 2134 utilior
1624 2104 1703 2131 nobis
1731 2105 1795 2130 est?

1007 2156 1084 2184 Unde
1092 2160 1201 2191 oportet
1211 2159 1258 2182 aut
1270 2163 1321 2183 nos
1334 2162 1445 2190 quoque
1454 2152 1632 2187 stipendium,
1649 2157 1703 2177 non
1715 2157 1795 2177 secus

169 2198 286 2230 ἐλπίζων
306 2197 334 2224 δὲ
361 2196 415 2224 ἀπὸ
433 2195 583 2230 Ιβασιλικυῦ
605 2195 814 2231 χρυσοϐουλλίου
838 2195 885 2222 τοῦ
902 2205 952 2230 μα-

1006 2206 1088 2237 atque
1102 2202 1190 2237 ipsqu
1207 2201 1352 2236 accipere;
1365 2203 1411 2226 aut
1426 2206 1515 2234 neque
1526 2198 1630 2233 ipsum,
1660 2196 1707 2223 tali
1721 2195 1796 2222 dono

170 2244 266 2280 καρίου
279 2243 407 2274 ’Λέοντος
422 2242 493 2277 ἔχειν
519 2241 566 2268 τὸν
586 2241 744 2276 Ταρωνίτην
760 2241 806 2268 τὸν
820 2241 867 2268 106
883 2242 956 2276 Βαρ-

169 2290 253 2325 σάρου
269 2287 352 2320 οἷκον,
367 2288 484 2314 δέδωκεν
498 2287 573 2322 αὐτῷ
592 2287 624 2313 τὸ
641 2286 803 2320 προάστειον
817 2287 864 2313 τοῦ
882 2287 954 2322 Γρη-

168 2337 239 2372 γορᾶ
264 2337 294 2362 ὲν
316 2335 468 2369 Κελτζηνῇ,
495 2334 542 2360 καὶ
559 2333 605 2359 τὸν
628 2330 702 2359 οἷκον
716 2332 796 2367 δῆθεν
808 2332 950 2366 ἁντέλαδε,

1003 2246 1069 2274 frui.
1085 2246 1137 2273 Sed
1149 2245 1292 2280 rescripsit
1304 2244 1402 2272 beatus
1409 2244 1562 2272 Romanus.
1576 2241 1644 2269 illud
1657 2240 1795 2267 Tarouita:

1000 2292 1167 2327 stipendium
1179 2299 1232 2318 nou
1242 2298 1256 2318 a
1266 2298 1295 2318 se
1303 2297 1375 2323 esse,
1385 2289 1432 2317 sed
1439 2288 1473 2316 ab
1483 2288 1647 2322 imperatore
1656 2285 1794 2317 defuncto,

1001 2338 1118 2372 ideoque
1133 2344 1182 2364 nec
1195 2336 1222 2363 in
1237 2343 1288 2364 sua
1310 2338 1444 2370 potestate
1466 2341 1528 2361 esse
1554 2332 1581 2359 id
1613 2329 1769 2359 rescindere
1787 2339 1794 2357 :

170 2381 376 2417 χρυσοὸούλλιον
402 2380 431 2406 δὲ
457 2379 518 2406 οὐδὲ
549 2379 630 2410 αὐτὸς
649 2378 718 2414 πρὸς
735 2379 817 2405 αὐτὸν
839 2379 886 2405 ἰπὶ
913 2379 952 2414 τῷ

1004 2392 1087 2419 [terque
1094 2384 1197 2420 justum
1206 2391 1268 2412 esse
1280 2383 1400 2418 priorum
1412 2382 1606 2417 imperatorum
1624 2384 1683 2406 acta
1695 2379 1772 2414 117
1781 2386 1796 2405 a

171 2426 325 2462 προαστείῳ
339 2425 497 2460 ἐποιήσατο.
518 2425 594 2451 Μετὰ
619 2423 647 2450 δὲ
662 2423 748 2449 ταῦτα
760 2422 864 2458 ἔγραψε
884 2423 953 2458 πρὸς

170 2473 217 2499 τὸν
237 2472 319 2499 αὑτὸν
334 2471 445 2507 βασιλέα
463 2472 478 2497 ὁ
494 2470 629 2505 Τορνίκης
644 2469 657 2494 ὀ
672 2468 719 2495 106
734 2468 892 2504 Ταρωνίτου
906 2470 953 2496 ἁν-

172 2518 257 2553 εψιὸς.
276 2519 289 2544 ὁ
303 2517 350 2544 106
368 2517 524 2552 ’Δπογάνεμ
540 2515 645 2542 ἑκείνου
665 2514 731 2546 υἰδς,
747 2513 789 2540 ὅτι
808 2514 859 2541 Τὸν
879 2513 953 2542 οἷκον

1006 2429 1202 2464 posterioribus
1211 2426 1468 2460 aboleriﬂaronita:
1481 2425 1658 2453 nihilominus
1667 2431 1714 2459 per
1725 2423 1797 2449 litte-

1007 2472 1355 2508 rassiguiﬁcavitdictorum
1364 2472 1609 2499 virorumdolorcm
1618 2474 1645 2497 et
1654 2469 1796 2499 olli-usam;

1009 2519 1055 2547 ille
1071 2527 1136 2547 vero
1146 2518 1306 2554 respondit,
1322 2525 1411 2554 neque
1422 2525 1532 2551 aurum,
1549 2524 1638 2552 neque
1653 2519 1796 2551 argentum

763 2578 916 2607 ANSELMI
933 2580 1101 2610 BANDURII
1116 2581 1234 2611 NOTAE.

208 2640 266 2675 (50)
287 2639 323 2666 Dc
348 2638 460 2675 Barbari
489 2638 571 2675 domo
599 2645 683 2675 quam
703 2638 754 2666 sub
775 2638 959 2675 Constantino

175 2673 409 2710 Porphyrogenito
425 2673 582 2710 poesidebat
603 2673 720 2700 Basilius
742 2674 826 2710 cubili
854 2683 958 2710 praepo-

175 2708 255 2743 situs,
268 2708 336 2736 'vide
350 2716 411 2743 qua:
429 2708 476 2735 lib.
490 2716 498 2735 I
515 2708 671 2743 Comment.
682 2708 957 2742 tnouuintus.'Hujus

174 2749 265 2772 autem
282 2742 374 2771 Basilii
388 2743 557 2770 aceubitoris
574 2742 697 2769 meminit
711 2743 792 2770 etiam
803 2743 872 2770 infra
886 2744 957 2772 idem

175 2778 429 2814 l’orpliyrogenitus
451 2785 512 2812 cap.
526 2777 573 2814 βο,
607 2782 635 2804 et
655 2777 778 2806 Zonaras
808 2779 835 2806 in
860 2779 957 2807 eodem

175 2812 355 2849 Augustolib.
377 2821 432 2844 ινι,
449 2821 509 2847 pag.
523 2812 583 2839 193.

210 2847 266 2885 (⁷51)
287 2848 370 2876 Bulla:
385 2849 578 2884 imperatorum
592 2847 957 2882 Constantinopolitanorutu

1010 2650 1111 2678 aurem.
1125 2648 1269 2678 argenteae,
1283 2650 1370 2678 aereae,
1391 2651 1422 2670 ac
1441 2642 1575 2678 plumbea
1589 2647 1683 2676 erant;
1696 2642 1743 2670 sed
1761 2642 1796 2668 de

1011 2677 1115 2739 Ling-tre
1140 2677 1266 2714 pluribus
1298 2677 1455 2712 Ducangius
1484 2678 1512 2705 in
1541 2677 1632 2705 Gloss.
1657 2683 1684 2707 et
1712 2678 1796 2705 etiam

1047 2747 1103 2783 (δὲ)
1121 2748 1168 2775 Sic
1194 2755 1227 2775 ex
1257 2755 1308 2775 ms.
1336 2747 1440 2775 codice.
1473 2747 1619 2782 Perperam
1647 2748 1674 2775 in
1703 2748 1796 2780 editis,

1010 2782 1168 2823 ἐπιλιμένου
1192 2787 1219 2810 et
1246 2782 1437 2823 patimini”,
1462 2791 1511 2818 pro
1529 2783 1576 2810 106
1605 2783 1746 2816 Πατζάτου
1767 2784 1796 2810 in

1011 2818 1073 2846 tuis.
1090 2818 1198 2853 legitur,
1211 2817 1260 2844 106
1272 2817 1424 2849 Τατζάτου.
