1938 3070
143 111 215 154 ’33)

665 124 919 158 CONSTANTINI
932 116 1269 159 marmoeexm

1725 130 1781 163 310

159 179 226 205 dare
241 185 270 206 se
284 178 521 214 posse;promisit
551 187 617 208 vero
644 185 744 215 pneter
773 189 886 210 munera
910 190 938 210 ei

995 183 1041 211 τοῦ
1067 183 1208 219 Βαρϐἀρου
1232 184 1246 210 ό
1264 183 1472 220 μακαριώτατος
1498 184 1624 220 βασιλεὺς
1641 185 1718 213 Λέων
1740 188 1780 222 τῷ

160 231 237 251 more
252 223 321 250 milti
337 223 416 251 solita
429 223 456 251 in
472 225 594 253 vestibus
617 229 644 253 et
656 234 710 253 mre
742 226 776 254 ad
792 227 886 255 decem
913 228 945 255 li-

159 269 270 297 brarum
286 270 504 302 aestimationem,
516 271 647 307 deditque
669 276 724 300 tres
753 276 801 300 aut
826 278 945 308 quatuor

157 322 256 343 annos.
270 315 367 343 Postea
384 319 474 343 autem
489 324 578 351 neque
591 316 642 345 hoc
653 325 683 345 se
700 318 833 346 tributum
853 319 944 347 exsol-

156 369 221 390 vere
250 370 330 397 posse
346 362 468 391 ostendit
486 372 494 397 ;
510 363 677 399 slipendium
690 372 765 397 vero,
779 366 837 393 sive
851 366 943 393 dotem

157 409 324 443 postulabat,
341 408 570 444 quemadmodum
586 410 637 438 sub
667 411 826 439 beatissimo
857 411 943 447 impe-

156 457 252 482 ratore
267 454 358 482 Leone
374 460 442 488 erat,
461 458 507 482 aut
519 456 569 483 hoc
584 456 666 483 etiam
693 456 794 484 aboleri
809 457 914 485 volebat
935 466 943 490 ;

155 505 323 534 quapropter
335 501 416 528 etiam
449 508 485 528 ne
502 501 696 529 oll'eudiculum
724 506 797 530 esset
823 503 942 535 Cacieio,

155 548 183 570 et
202 546 379 580 curopalatze,
390 546 567 582 reliquisque.
584 548 770 581 beatissimus,
780 556 860 583 quem
876 548 943 580 dixi,

155 591 309 626 imperator
323 591 464 620 llomanus
491 593 543 620 hoc
563 594 644 621 etiam
671 594 798 622 abolevit.
822 595 944 630 Ejusque

156 636 195 662 rei
213 643 289 672 ergo,
305 635 378 664 velut
393 637 420 664 in
439 637 569 671 solamen,
589 642 681 672 postea
693 638 777 665 filium
796 638 855 672 ejus
877 638 943 665 Aso-

154 681 235 713 lium,
253 682 280 709 in
293 683 386 710 urbem
411 690 471 710 cum
498 684 631 714 venisset.
657 684 801 718 patricium
828 683 941 718 creavit,

156 727 295 762 multoque
313 728 340 756 in
356 728 461 756 honore
472 729 633 764 aliquandiu
652 729 774 757 habitum
798 730 825 756 in
842 734 941 756 terram

155 780 233 800 suam
248 774 364 801 remisit.
381 774 488 802 Mortuo
504 779 592 802 autem
625 775 755 810 magistro
769 774 939 807 Cricoricio,

154 818 304 847 Toruicius
321 819 478 855 Apoganem
499 820 569 848 ﬁlius
585 820 751 848 desiderium
768 821 864 855 ingens
886 828 941 856 pra:

154 871 185 890 se
196 864 257 891 tulit
270 864 363 892 urbem
373 870 399 892 et
411 865 601 900 imperatorem
617 866 724 894 videndi
738 874 744 892 :
761 867 939 900 quamobrem

153 910 401 945 prolospalharium
416 910 538 939 Criniten
562 916 588 939 et
603 912 780 948 interpretem
791 913 856 941 illuc
865 912 942 941 misit

153 956 309 990 imperator,
323 957 369 992 qui
384 964 445 985 cum
477 957 505 985 in
537 958 632 985 urbem
665 958 827 990 adduceret,
855 957 942 985 addu-

152 1006 280 1037 clumque
297 1002 405 1037 patricii
423 1003 528 1030 honore
544 1003 631 1030 auxit.
648 1003 839 1031 Praetendebat
850 1009 941 1031 autem

153 1046 196 1081 ius
215 1048 241 1075 in
257 1047 367 1075 domum
385 1048 509 1082 Barbari,
525 1049 735 1084 intelligensque
747 1053 860 1084 accepto
872 1049 942 1077 sub-

153 1093 260 1120 urbano
270 1093 298 1121 in
321 1094 450 1123 Celtzene
466 1099 595 1131 patruum
611 1102 691 1122 suum
707 1096 778 1123 hanc
786 1095 942 1129 tradidisse,

154 1143 294 1171 paternam
309 1140 493 1169 hereditatem
507 1149 583 1170 suam
593 1145 749 1176 permutare
757 1149 818 1169 eum
830 1143 937 1177 potuis-

154 1193 184 1213 se
212 1186 338 1221 negabat.
352 1186 516 1222 volebatque
542 1193 589 1214 aut
604 1187 714 1214 domum
731 1187 867 1222 accipere,
893 1191 942 1215 aut

154 1231 344 1259 suburbanum
362 1241 369 1260 :
387 1232 439 1259 nisi
464 1235 582 1267 utraque
609 1232 772 1267 imperatori
797 1232 938 1265 cederent,

153 1284 188 1304 ne
202 1284 232 1304 ea
243 1278 378 1312 patrueles
389 1277 475 1312 ipsius
488 1278 655 1305 obtinerent.
670 1278 762 1314 Itaque
778 1282 805 1306 et
839 1278 939 1306 subur-

154 1321 255 1349 banttm
277 1321 424 1357 imperator
438 1322 552 1357 accepit,
566 1321 667 1357 quippe
682 1325 791 1349 mortuo
802 1321 858 1356 jam
873 1329 938 1349 sene

151 1365 305 1400 Taronite;
332 1375 420 1402 neque
443 1367 554 1395 domum
573 1375 622 1403 pro
639 1375 671 1395 eo
696 1367 828 1396 vicariam
851 1367 936 1400 dedit,

150 1420 214 1440 cum
233 1414 305 1441 nulla
324 1422 408 1449 super
420 1414 465 1447 iis,
481 1418 510 1441 ut
526 1414 631 1442 dictum
654 1418 696 1442 est
731 1421 825 1449 supra,
854 1421 938 1441 aurea

151 1459 225 1487 bulla
241 1460 364 1488 conlecta
380 1465 465 1488 esset.
484 1452 580 1488 Postea
597 1467 662 1488 vero
678 1459 705 1487 in
726 1460 821 1488 urbem
834 1460 936 1495 regiam

996 228 1054 265 ἐμῷ
1069 231 1154 265 πατρὶ
1169 231 1335 265 ἐδωρήσατο·
1357 231 1425 266 μετὰ
1441 231 1470 258 δέ
1485 231 1530 258 τὴν
1540 231 1587 258 τοῦ
1602 233 1705 268 πατρός
1726 242 1779 268 μου

996 275 1120 308 θάνατον,
1136 276 1180 303 διὰ
1191 277 1221 303 τὸ
1241 277 1281 304 ἔτι
1295 277 1422 312 ὰνήλικον
1436 277 1484 304 καὶ
1497 278 1614 314 ὀρφανὸν
1634 280 1778 315 τυγχάνειν

995 322 1056 355 ἐμὲ,
1075 323 1135 350 κατ’
1157 322 1281 356 ἐξουσίαν
1296 323 1367 355 οεῐός
1384 332 1435 359 μου
1452 323 1497 351 τον
1518 324 1612 351 τοῦτον
1626 323 1699 351 οἷκον
1711 334 1778 352 κατ-

995 368 1156 404 εκράτησεν,
1172 369 1215 395 ἀεὶ
1235 369 1503 405 καθυπισχνούμενός
1532 379 1576 406 μοι
1597 371 1662 398 ὃταν
1677 372 1718 402 εἰς
1732 371 1778 397 τὸν

994 414 1095 441 τέλειον
1108 415 1157 449 τῆς
1169 414 1276 450 ἡλικίας
1291 415 1360 442 ἔλθω
1370 416 1466 451 χρόνον
1481 416 1629 443 ἀπολαϐεῖν
1644 417 1689 442 τον
1703 414 1779 443 οἷκον

994 460 1040 487 τὸν
1056 460 1198 496 πατρικόν·
1214 460 1261 487 καὶ
1275 460 1332 494 νῦν,
1348 461 1386 493 ὡς
1396 461 1507 497 ἔμαθον.
1522 462 1620 489 δέδωκε
1634 462 1680 488 τὸν
1693 462 1780 488 τοιοῦ-

994 514 1041 532 τον
1053 502 1128 532 οἶκον
1147 506 1161 532 ὁ
1182 505 1247 540 ἐμὸς
1263 505 1334 537 θεῖος
1353 508 1386 541 τῇ
1407 506 1530 543 βασιλείᾳ
1548 514 1605 537 σου,
1620 508 1666 534 καὶ
1681 507 1778 533 ἐλαϐεν
1795 530 1798 533 .

995 552 1034 582 είς
1048 551 1230 586 ἀντισήκωσιν
1246 551 1328 578 αὑτοῦ
1347 552 1377 579 τὺ
1390 553 1557 587 προάστειον
1578 553 1625 579 τοῦ
1650 552 1778 588 Γρηγορᾶ

994 597 1023 623 ἐν
1040 596 1190 632 Κελτζηνῇ.
1213 597 1279 624 Ἀπὸ
1301 597 1330 624 δὲ
1349 598 1403 624 τῶν
1420 598 1548 625 τοιούτων
1571 598 1718 634 βασιλικῶν
1732 607 1778 632 φι-

993 643 1122 677 λοτιμιῶν
1137 643 1190 669 τῶν
1205 643 1274 678 πρὸς
1287 643 1333 670 τὸν
1358 644 1476 679 ἄρχοντα
1495 645 1541 671 τοῦ
1568 644 1665 679 Tapth
1680 645 1776 679 φθόνος

994 687 1100 721 ὑπεφύη
1114 687 1161 714 καὶ
1174 687 1323 722 ἐϐλάστησε
1341 688 1409 723 πρδς
1424 688 1506 714 αὐτὸν
1520 688 1595 723 παρά
1609 697 1638 714 τε
1653 687 1700 714 τοῦ
1717 689 1776 714 Κα-

993 734 1080 759 κικίου
1097 733 1152 768 (55)
1170 733 1216 759 τοῦ
1230 733 1358 768 ἄρχοντος
1375 733 1593 768 Βασπαρακακὰ,
1609 734 1657 760 καὶ
1679 733 1778 767 Ἀδρα-

993 778 1080 814 νασὴρ
1102 778 1149 805 τοῦ
1175 779 1381 814 κουροπαλάτου
1407 779 1526 814 Ἰϐηρίας
1549 779 1595 805 καὶ
1613 779 1776 805 Ἀσωτικίου

992 824 1038 851 τοῦ
1062 824 1190 860 ἄρχοντος
1204 825 1258 851 τῶν
1275 825 1424 861 ἀρχόντων·
1446 825 1545 856 οἵτινες
1560 825 1685 859 ἔγραψαν
1709 825 1778 859 πρὸς

991 871 1037 897 τὸν
1053 870 1164 905 βασιλέα
1187 871 1420 905 διαγογγύζοντες.
1438 870 1473 897 δι’
1486 871 1520 907 ἢν
1538 870 1628 898 αἰτίαν
1653 871 1667 896 ὁ
1683 870 1778 904 Ταρω-

992 915 1068 950 νίτης
1084 914 1164 949 μόνος
1177 915 1258 950 ρόγας
1273 915 1404 942 ἀπολαύει
1417 915 1570 951 βασιλικῆς.
1585 915 1675 941 αὐτῶν
1691 915 1777 942 ἀπάν-

991 969 1046 988 των
1068 961 1260 996 λαμϐανόντιυν
1277 961 1364 988 οὐδέν.
1381 962 1449 988 Τίνα
1463 961 1530 997 γὰρ,
1557 961 1661 995 ἔλεγον,
1679 969 1777 996 περισι

993 1006 1106 1041 σοτέραν
1128 1005 1251 1033 δουλείαν
1274 1006 1354 1041 ἡμῶν
1375 1006 1505 1039 ποιεῖται,
1522 1006 1539 1041 ἢ
1553 1006 1580 1032 τί
1601 1006 1681 1033 πλέον
1697 1006 1777 1042 ἡμῶν

991 1052 1054 1083 τοὺς
1072 1051 1225 1086 Ῥωμαίους
1251 1051 1403 1086 ἐπωφελετ;
1430 1052 1512 1079 Ὅθεν
1529 1052 1581 1088 χρὴ
1596 1052 1612 1087 ἦ
1628 1053 1675 1079 καὶ
1701 1052 1776 1088 ἡμᾶς

991 1096 1029 1128 ὡς
1052 1096 1157 1122 ἐκεῖνον
1184 1095 1354 1132 ρογεύεσθαι,
1382 1095 1399 1132 ἤ
1423 1096 1485 1132 μηδ’
1511 1096 1614 1123 ἐκεῖνον
1630 1096 1705 1128 ἐντὺς
1725 1097 1776 1132 τῆς

990 1141 1119 1177 τοιαύτης
1134 1141 1279 1177 τυγχάνειν
1290 1141 1405 1177 δωρεᾶς.
1423 1142 1452 1168 '0
1468 1141 1496 1169 δέ
1511 1143 1647 1178 μακάριος
1667 1142 1776 1177 Ῥωμα-

990 1185 1034 1218 νδς
1045 1185 1198 1221 ἀντέγραψε
1209 1186 1279 1222 πρὸς
1298 1186 1408 1219 αὐτοὺς,
1426 1186 1464 1222 μὴ
1478 1186 1544 1221 παρ’
1557 1185 1641 1213 αὑτοῦ
1658 1186 1706 1221 τὴν
1727 1185 1776 1213 ἐπὶ

989 1231 1028 1267 τῷ
1054 1232 1194 1268 Ταρωνίτῃ
1218 1232 1345 1266 γενέσθαι
1364 1232 1459 1268 ρόγαν,
1475 1233 1508 1259 ἵν’
1529 1233 1571 1259 ἐπ’
1586 1233 1660 1269 αὐτῷ
1683 1235 1774 1260 κεῖται

989 1278 1038 1304 καὶ
1052 1279 1068 1314 ἡ
1080 1278 1181 1313 ταύτης
1201 1278 1249 1305 νῦν
1265 1278 1381 1314 ἐκκοπὴ.
1396 1278 1462 1305 ἀλλὰ
1480 1279 1556 1313 παρὰ
1569 1278 1616 1306 τοῦ
1638 1279 1774 1314 μακαρίου

990 1323 1133 1359 βασιλέως⁹
1148 1324 1195 1350 καὶ
1210 1323 1246 1358 μὴ
1258 1323 1362 1350 δίκαιον
1378 1322 1449 1350 εἶναι
1467 1324 1502 1350 τὰ
1523 1324 1579 1350 τῶν
1605 1323 1775 1359 προόξΰασι-

989 1369 1123 1396 λευκότων
1139 1369 1215 1405 παρὰ
1229 1369 1282 1395 τῶν
1293 1369 1407 1405 ὕστερον
1422 1369 1632 1406 ἀνατρέπεσθαι.
1646 1370 1772 1405 Ἔγραψε

990 1415 1012 1442 δ’
1028 1415 1101 1449 ὅμως
1112 1414 1180 1449 πρὸς
1195 1414 1240 1440 τδν
1251 1413 1332 1441 αὑτὸν
1346 1413 1516 1450 Ταρωνίτην,
1534 1414 1685 1448 δηλοποιῶν
1699 1414 1774 1449 αὐτῷ

989 1459 1039 1494 τὴν
1054 1459 1108 1486 τῶν
1128 1458 1280 1494 εἰρημένων
1298 1458 1403 1495 ἀνδρῶν
1429 1459 1519 1495 λύπην
1542 1459 1589 1485 καὶ
1614 1458 1773 1487 σκάνδαλον.

152 1506 228 1533 venit
238 1506 402 1534 Pancratius
419 1506 557 1533 maximus
572 1506 690 1533 ﬁliorum
707 1505 834 1541 magistri
863 1505 937 1533 illius

997 1505 1025 1532 '0
1039 1504 1066 1531 δὲ
1079 1505 1211 1540 ἀνήγαγε,
1229 1505 1298 1540 μήτε
1315 1504 1415 1540 χρυσὸν
1427 1504 1496 1540 μήτε
1509 1503 1631 1539 ἄργυρον
1641 1504 1773 1539 παρέχειν

150 1551 292 1580 Cricoricii
305 1551 453 1586 Taronitée,
472 1558 639 1588 evectusque
654 1557 696 1581 est
710 1553 744 1580 ab
772 1553 936 1587 imperatore

151 1596 186 1623 ad
202 1597 380 1631 patriciorum
397 1598 566 1633 dignitatem,
583 1602 746 1634 creatusque
771 1603 872 1634 praetor
888 1598 937 1625 Ta-

150 1644 228 1670 ronis
245 1652 252 1671 :
267 1650 386 1678 cumque
400 1651 514 1671 uxorem
526 1645 607 1672 etiam
626 1649 738 1680 cuperet
755 1652 787 1672 ex
804 1645 938 1680 sanguine

149 1689 283 1724 imperiali
302 1690 437 1725 accipere,
450 1689 512 1717 data
530 1689 554 1717 ei
574 1697 655 1717 soror
671 1695 713 1718 est
738 1690 935 1726 Theophylacti

150 1735 276 1770 magistri
295 1739 342 1769 ;et
373 1734 574 1764 consummatis
605 1736 709 1772 nuptiis
741 1740 936 1764 testamentum

149 1779 225 1812 fecit,
240 1780 265 1807 in
278 1788 332 1815 quo
347 1781 474 1814 instituit,
489 1786 517 1809 ιιι
532 1781 554 1809 si
568 1781 647 1809 liberi
662 1790 693 1810 ex
710 1789 743 1810 eo
764 1782 937 1809 matrimonio

148 1831 342 1860 nascerentur,
358 1827 514 1855 universam
532 1829 620 1863 ipsius
645 1829 782 1864 regionem
795 1829 822 1856 in
850 1829 937 1856 hatre-

148 1871 261 1899 ditatem
293 1877 436 1907 paternam
451 1873 584 1901 haberent
600 1882 607 1907 ;
622 1881 710 1908 eoque
724 1874 834 1901 nomine
857 1874 936 1909 petiit

147 1917 182 1944 ab
198 1916 363 1952 imperatore
382 1917 441 1945 dari
458 1918 509 1946 sibi
520 1919 708 1946 suburbanum
739 1919 877 1954 Gregorte,
905 1923 935 1946 ιιι

147 1966 175 1992 in
193 1970 225 1990 eo
249 1964 363 1998 patricia
379 1963 439 1998 ejus
456 1972 525 1992 uxor
547 1969 775 1997 commoraretur,
803 1972 857 2000 qua
889 1965 938 1992 de-

145 2009 241 2036 functa
256 2009 354 2036 iterum
366 2010 399 2037 ad
413 2010 582 2045 maiestatem
597 2018 674 2039 suam
694 2011 808 2038 rediret.
825 2011 860 2038 El
873 2011 938 2038 huic

145 2063 257 2090 quoque
269 2056 394 2090 petitioni
411 2056 560 2092 imperator
574 2057 681 2089 annuit,
698 2057 855 2092 ingentique
872 2065 936 2084 mu-

145 2100 284 2128 nillcentia
301 2109 362 2128 eum
379 2102 549 2137 completus,
564 2110 627 2130 cum
659 2110 745 2130 uxore
767 2102 802 2130 ad
832 2107 933 2130 terram

145 2153 225 2172 suam
241 2146 358 2175 remisit.
374 2146 495 2181 Magistri
522 2155 588 2175 vero
611 2148 755 2175 Cricoricii
789 2148 847 2180 lilii,
877 2151 933 2175 tam

145 2190 204 2225 ipse
220 2191 382 2220 Pancratius
394 2193 535 2227 patricius,
545 2201 627 2228 quam
645 2193 726 2228 118
751 2193 864 2221 Asotius
880 2200 930 2228 pa-
947 2185 970 2213 υ

144 2237 252 2269 tricius,
262 2238 413 2266 molestiam
426 2238 601 2271 exhibebant,
624 2243 706 2273 atque
719 2238 772 2266 vim
797 2246 852 2266 non
872 2238 932 2265 exi-

144 2291 226 2317 guam
245 2283 400 2312 inferebant
424 2285 540 2320 patrueli
559 2291 611 2311 suo
641 2283 770 2312 Tornicio
795 2284 930 2319 patricio:

144 2330 191 2364 qui
209 2337 265 2358 rem
282 2338 335 2358 non
350 2330 441 2358 ferens
454 2330 567 2366 scripsit
586 2330 744 2365 imperatori
765 2334 794 2357 ut
814 2329 934 2357 mitteret

142 2375 283 2403 hominem
294 2376 438 2411 lidum,qui
447 2381 549 2405 terram
564 2384 642 2404 suam
657 2376 804 2410 acciperet,
814 2383 844 2403 se
856 2382 931 2408 vero,

144 2427 324 2458 moremque;
340 2427 367 2450 et
385 2422 469 2450 lilium
484 2422 517 2449 ad
534 2429 595 2449 eum
617 2420 787 2456 perduceret.
803 2420 932 2455 Misitque

145 2468 299 2503 imperator
315 2468 569 2504 protospatharium
596 2467 728 2494 Crinitem
740 2471 767 2494 et
795 2467 932 2500 interpre-

143 2517 197 2541 tem
209 2522 218 2547 ;
233 2514 291 2548 qui,
301 2514 339 2541 uti
355 2514 482 2549 petierat,
493 2513 631 2548 exciperet
644 2512 744 2547 ipsum,
757 2515 784 2540 et
798 2512 825 2539 in
836 2512 931 2539 urbem

143 2565 158 2584 a
179 2557 233 2586 Deo
245 2559 412 2586 custoditam
430 2558 589 2586 adduceret.
607 2557 676 2584 Cum
702 2565 766 2585 vero
796 2557 862 2584 illuc
884 2565 933 2592 ap-

143 2603 260 2637 pulisset
272 2603 404 2637 Crinites,
423 2611 486 2632 eum
498 2603 555 2639 jam
583 2608 720 2630 mortuum
743 2603 859 2635 invenit,
885 2602 935 2631 sed

145 2653 310 2677 testamento
331 2653 395 2676 ante
414 2654 530 2679 mortem
557 2649 674 2681 cavisse,
705 2653 733 2676 ut
763 2653 821 2677 tota
849 2644 955 2684 ipsius‘

142 2697 221 2721 terra
236 2694 421 2722 Romanorum
439 2695 594 2730 imperatori
607 2698 723 2730 pareret,
735 2702 858 2729 uxorque
873 2701 935 2721 cum

988 1551 1128 1578 δύνασθαιλ
1142 1552 1300 1586 ὑπισχνεῖτο
1310 1551 1338 1578 δὲ
1350 1550 1448 1583 ἔξωθεν
1463 1550 1516 1578 τῶν
1530 1551 1600 1577 κατὰ
1610 1549 1695 1576 τύπον
1703 1551 1773 1576 ἁπο-

989 1597 1174 1632 στελλομινων
1199 1597 1292 1630 ξενίων
1311 1597 1410 1624 διδόναι
1427 1597 1523 1633 ἱμάτια
1545 1597 1592 1624 καὶ
1605 1596 1773 1632 χαλκώματα

990 1642 1072 1679 μέχρι
1089 1643 1144 1669 τῶν
1157 1643 1223 1670 δέκα
1235 1642 1336 1679 λιτρῶν
1352 1642 1555 1678 συντιμώμενα·
1572 1643 1590 1670 ἃ
1613 1643 1660 1669 καὶ
1674 1642 1773 1669 δέδωκε

990 1689 1071 1725 μέχρι
1084 1689 1168 1725 τριῶν
1189 1689 1206 1725 ἢ
1222 1689 1363 1724 τεσσάρων
1386 1688 1528 1716 ἐνιαυτῶν.
1546 1688 1624 1715 Μετὰ
1645 1687 1674 1713 δὲ
1686 1688 1772 1714 ταῦτα

988 1736 1111 1771 ἀνήγαγε
1141 1735 1178 1770 μὴ
1207 1734 1338 1762 δύνασθαι
1360 1734 1491 1770 παρέχειν
1515 1734 1545 1761 τὺ
1571 1735 1692 1761 τοιοῦτον
1717 1734 1771 1760 πά-

989 1790 1062 1808 κτον·
1073 1781 1122 1816 τὴν
1134 1781 1162 1807 δὲ
1175 1780 1286 1816 ρόγανῆ
1300 1782 1403 1815 προῖκα
1413 1780 1562 1815 λαμϐάνειν
1573 1779 1661 1814 ἠξίου,
1678 1779 1770 1811 καθὼς

989 1827 1035 1854 ἐπὶ
1049 1827 1095 1854 τοῦ
1114 1826 1325 1862 μακαριωτάτου
1341 1826 1470 1861 βασιλέως
1483 1825 1606 1858 Λέοντος,
1621 1826 1637 1860 ἢ
1651 1825 1772 1859 ἐκκοπῆ-

989 1883 1033 1901 ναι
1047 1874 1142 1910 αὐτήνο
1159 1873 1220 1900 ὅθεν
1240 1873 1285 1900 διὰ
1304 1873 1335 1899 τὸ
1361 1872 1398 1908 μὴ
1413 1873 1452 1905 εις
1468 1871 1616 1900 σκάνδαλον
1641 1869 1711 1897 εἶναι
1723 1870 1771 1897 τοῦ

989 1918 1134 1952 Κακικίου,
1150 1917 1259 1944 καὶτοῦ
1287 1916 1501 1952 κουροπαλάτου,
1527 1917 1575 1943 καὶ
1595 1916 1649 1943 τῶν
1671 1916 1773 1943 λοιπῶν

990 1964 1101 1999 ἐξέκοψε
1115 1963 1216 1998 ταύτην
1229 1964 1243 1989 ό
1254 1963 1397 1998 είρημένος
1413 1962 1621 1998 μακαριώτατος
1647 1961 1773 1997 βασιλεῦς

999 2008 1149 2043 Ῥωμανός.
1163 2007 1412 2042 Παραμυθούμενος
1430 2007 1458 2033 δὲ
1483 2006 1578 2041 ὥσπερ
1592 2006 1682 2038 αὑτὸν,
1703 2005 1773 2041 μετὰ.

989 2053 1075 2081 ταῦτα
1096 2053 1141 2080 τὸν
1164 2053 1259 2079 τούτου
1275 2052 1332 2078 υἱὸν
1354 2052 1481 2079 ’Δσώτιον
1501 2053 1529 2078 ἐν
1542 2053 1574 2087 τῇ
1592 2052 1668 2078 πόλει
1683 2060 1774 2088 «παρα-

990 2100 1120 2135 γεγονότα
1147 2100 1187 2130 εις
1212 2097 1373 2133 πατρικίους
1392 2098 1521 2133 ἐτίμησε,
1538 2098 1584 2124 καὶ
1608 2098 1773 2133 φιλοφρονη-

990 2146 1107 2181 σάμενος
1120 2144 1263 2180 αὑταρκῶς
1281 2144 1348 2178 πρὸς
1362 2143 1396 2169 τὰ
1410 2143 1462 2170 ἴδια
1477 2143 1660 2175 ἐξαπέστειλε.
1677 2143 1772 2171 Τοῦ.δέ

986 2191 1135 2226 μαγίστρου
1160 2190 1207 2216 τοῦ
1233 2189 1410 2225 Κρικορικίου
1427 2189 1473 2215 τὸν
1495 2189 1551 2224 βίον
1579 2189 1770 2221 ἀπολιπόντος,

986 2236 1107 2272 ἀνήγαγε
1121 2236 1262 2270 Τορνίκιος
1271 2236 1285 2261 ὸ
1299 2234 1345 2261 τοῦ
1363 2235 1517 2269 Ἀπογάνεμ
1530 2235 1584 2266 υἱὸς
1597 2235 1687 2269 ἔρωτα
1700 2235 1772 2270 ἔχειν

986 2283 1132 2317 ἐγκάρδιον
1145 2282 1286 2315 εἰσελθεῖν,
1304 2281 1351 2308 καὶ
1365 2281 1411 2307 τὸν
1430 2281 1542 2316 βασιλέα
1559 2280 1717 2307 θεάσασθαι·
1728 2281 1772 2314 ἐφ’

985 2325 1063 2362 ᾧτδν
1082 2326 1325 2363 πρωτοσπαθὰριον
1341 2326 1472 2361 Κρινίτην
1497 2327 1544 2352 καὶ
1568 2326 1736 2362 ἐρμηνευτὴν
1758 2328 1772 2353 6

987 2373 1112 2409 βασιλεὺς
1129 2372 1328 2406 ἐξαπέστειλεν,
1344 2372 1374 2404 ὃς
1385 2372 1433 2399 καὶ
1447 2372 1593 2407 εἰσήγαγεν
1606 2373 1635 2398 ἐν
1647 2373 1680 2406 τῇ
1696 2371 1771 2398 πόλει

985 2421 1030 2448 τδν
1056 2420 1200 2456 εἰρημένον
1225 2420 1376 2455 Τορνίκιον,
1395 2419 1442 2445 καὶ
1466 2419 1607 2454 προήγαγε
1629 2417 1675 2444 τὸν
1691 2417 1771 2444 αὑτὸν

986 2467 1126 2503 Τορνικιον
1140 2468 1154 2494 ὁ
1174 2466 1299 2502 βασιλεὺς
1312 2466 1351 2498 εις
1368 2465 1415 2501 τὴν
1438 2465 1492 2491 τῶν
1512 2465 1662 2500 πατρικίων
1678 2465 1770 2499 τιμήν.

986 2511 1160 2548 Προετείνετο
1178 2512 1206 2538 δὲ
1228 2511 1408 2545 δικαιολογίας
1427 2511 1472 2537 ἐπὶ
1489 2510 1528 2546 τῷ
1557 2510 1603 2537 τοῦ
1627 2510 1770 2545 Βαρϐάρου

983 2559 1060 2594 οίκῳ·
1078 2558 1125 2585 καὶ
1146 2557 1266 2588 ἀκούσας
1293 2557 1334 2583 ὅτι
1362 2557 1524 2591 προάστειον
1553 2556 1644 2583 λαϐὼν
1660 2557 1674 2582 ό
1699 2557 1771 2588 θετος

984 2603 1065 2631 αὐτοῦ
1085 2604 1114 2630 ἐν
1127 2605 1160 2639 τῇ
1176 2602 1318 2639 Κελτξηνῇ
1330 2602 1379 2638 τὴν
1391 2602 1487 2630 τούτου
1508 2602 1706 2638 παρεχώρησεν
1721 2601 1766 2635 ἐξ·

984 2649 1088 2681 ουσίαν,
1110 2648 1186 2682 ἔλεγε
1208 2646 1246 2682 μὴ
1270 2647 1400 2674 δύνασθαι
1426 2647 1472 2674 τὸν
1488 2647 1558 2673 θεῖον
1573 2647 1654 2673 αὐτοῦ
1677 2647 1722 2673 ἐπὶ
1737 2647 1772 2682 τῇ

987 2694 1109 2728 πατρικῇ
1122 2691 1290 2728 κληρονομίᾳ.
1313 2691 1397 2718 αὐτοῦ
1426 2691 1564 2719 ποιεῖσθαι
1589 2691 1771 2734 ἀνταλλαγὴν,

736 2752 888 2782 ANSELMI
900 2752 1065 2780 ΒΑΝουιιιι
1078 2751 1196 2780 ΝΟΤΑΕ.

178 2799 235 2832 (55)
255 2798 468 2836 llaAmsacodex
485 2800 555 2829 Editt
580 2801 689 2834 habent,
717 2800 792 2836 παρά
813 2807 844 2827 τε
867 2797 914 2825 τοῦ
934 2798 938 2825 ]

992 2797 1031 2825 tau
1046 2806 1053 2832 ;
1070 2801 1096 2826 et
1113 2798 1181 2826 intra
1202 2797 1296 2826 eodem
1319 2797 1409 2832 modo,
1428 2804 1490 2825 cum
1523 2796 1552 2825 in
1585 2804 1651 2825 mss.
1682 2797 1769 2825 Κακι-

141 2837 202 2863 κῐου
219 2834 364 2869 utrobique
375 2835 490 2870 legatur.
