1938 3070
96 161 156 193 3ίό

615 159 666 192 DE
684 159 1005 191 ADMINISTRANDO
1024 160 1197 192 IMPERIO.

1680 160 1737 192 3i6

97 218 149 245 καὶ
175 215 366 252 ἀφανισθῆναι,
385 215 433 243 καὶ
455 215 504 247 τὰς
529 215 621 252 χώρας
634 216 724 243 αὐτῶν
748 216 826 251 παρὰ
845 215 887 243 rei

945 224 1000 252 quo
1014 225 1122 245 ameras
1143 216 1315 244 Manlliciert
1335 216 1505 252 Aposebatas
1526 224 1580 245 una
1594 224 1656 244 eum
1669 217 1739 246 duo¢

96 262 263 298 δομεστίκου
289 260 345 288 τῶν
378 260 490 296 σχολῶν·
518 260 685 296 παρέχοντες
711 261 756 287 τὸν
782 260 893 296 βασιλέα

104 308 254 344 Ῥωμαίων
275 308 321 334 καὶ
344 307 436 334 πάκτα
461 306 533 342 ὑπὲρ
553 307 608 334 τῶν
629 307 757 343 κάστρων
770 308 819 334 καὶ
837 307 892 334 τῶν

97 355 210 391 χωρίων
225 354 326 381 αὐτῶν.
347 353 415 380 Ἀπὸ
433 353 462 381 δὲ
473 353 520 380 τοῦ
537 354 740 390 προῤῥηθέντος
761 354 891 381 Ἀσωτίου

97 401 150 428 τοῦ
168 401 299 437 ἄρχοντος
321 399 376 426 τῶν
397 399 547 436 ἀρχόντων,
573 399 620 426 τοῦ
645 399 749 435 πατρὸς
768 399 818 435 μὶν
843 399 892 426 τοῦ

97 446 268 481 Συμῦατίου,
285 445 401 472 πάππου
426 445 455 472 δὲ
469 445 516 472 τοῦ
541 445 669 480 δευτέρου
689 444 830 476 ‘Aawtiou,
844 445 892 472 καὶ

97 493 148 520 τοῦ
173 492 325 528 μαγίστρου
347 492 515 518 ’Δπασακῐου
544 489 612 526 (70),
638 490 718 527 μέχρι
749 490 823 524 ζωῆς
843 489 890 517 τοῦ

97 539 230 575 δευτέρου
248 539 378 565 ’Δσωτίου
393 538 523 573 ἄρχοντος
539 537 592 564 τῶν
606 537 756 572 ἀρχόντων,
769 537 891 572 ὑπῆρχον

96 585 136 612 τὰ
155 584 269 612 τοιαῦτα
291 584 356 620 τρία
376 584 482 618 κάστρα
496 584 549 610 ὑπδ
568 583 619 618 τὴν
637 582 763 616 ἰξουσίαν
774 581 822 609 τοῦ
842 582 892 617 ἁρ-

96 639 193 665 χοντος
204 629 258 656 τῶν
270 629 420 665 ἀρχόντων,
435 629 482 656 καὶ
493 628 646 664 ὲλάμὸανεν
659 628 688 661 ἐξ
699 628 789 655 αὐτῶν
800 628 891 654 πάκτα

95 677 112 703 6
127 676 221 712 ἄρχων
244 676 298 703 τῶν
313 675 462 711 ἀρχόντων.
487 674 567 702 Ἀλλὰ
591 674 638 702 καὶ
655 673 686 700 τδ
710 674 827 710 κάπρον
843 673 890 700 τοῦ

96 723 298 758 Μαντξικίερτ,
313 722 382 757 μετὰ
398 722 447 756 τῆς
469 721 561 757 χώρας
577 720 625 748 τοῦ
644 720 827 756 ’Δπαχουνῆς,
844 720 892 746 καὶ

95 770 147 796 τοῦ
172 769 271 805 Χαρκὰ
285 769 353 803 ('li),
370 768 418 795 καὶ
438 767 485 794 τοῦ
509 767 597 802 Κορῆ,
618 766 670 793 ima
693 766 744 801 τὴν
767 765 892 798 ἐξουσίαν

96 815 148 843 καὶ
168 815 346 850 ἐπικράτειαν
370 813 418 840 τοῦ
431 812 514 840 αὑτοῦ
527 813 657 848 ἄρχοντος
674 812 728 839 τῶν
752 811 891 847 ἀρχόντων

944 264 1009 296 busi
1023 264 1156 292 fratribus
1166 263 1354 298 Apolesphuet
1367 269 1392 291 et
1407 263 1565 298 Aposelme,
1579 264 1737 298 imperatori

944 318 974 339 se
989 309 1190 342 submisernnt,
1205 309 1306 337 tributa
1321 317 1431 344 quoque
1446 310 1584 337 solventes
1598 317 1647 344 pro
1661 309 1738 336 urbi—

944 356 996 384 bus
1022 355 1080 383 suis
1112 360 1139 383 et
1166 355 1249 383 terris
1279 363 1287 388 ;
1315 355 1538 390 quandoquidem
1583 356 1735 390 principum

944 402 1073 437 princeps
1090 401 1214 428 Romano
1226 401 1383 436 imperatori
1402 401 1525 436 parebat,
1545 402 1628 428 veluti
1657 403 1736 430 abeo

943 448 1114 484 designatus.
1129 448 1345 483 dignitatemque
1358 447 1495 481 ejusmodi
1516 449 1631 482 adeptus
1652 457 1659 475 :
1687 456 1737 476 nec

945 494 1003 529 ipse
1014 498 1132 525 tantum.
1147 493 1195 521 sed
1208 493 1289 520 urbes
1303 500 1400 520 omnes
1416 493 1516 528 quibus
1532 494 1735 527 dominabatur,

944 541 1010 568 item
1024 539 1196 575 respublica,
1214 547 1246 567 ac
1256 544 1335 566 terra
1351 539 1475 565 Romano
1498 539 1656 574 imperatori
1670 540 1736 567 sul--

943 587 1033 610 erant.
1062 583 1205 619 Symbatio
1227 582 1382 617 principum
1409 582 1531 617 principe
1558 591 1664 617 magum
1684 583 1735 610 ΑΙ·-

944 630 1042 658 meniae
1053 634 1134 665 capto
1145 629 1180 657 ab
1192 629 1311 664 Aposata
1327 629 1450 656 Persidis
1469 636 1572 660 amera,
1601 633 1626 656 et
1648 630 1737 663 Cupite

944 675 1272 710 mulctato,Aposebatas.
1281 675 1328 710 qui
1338 674 1364 701 in
1376 674 1443 702 urbe
1454 673 1625 702 Mantziciert
1634 675 1735 710 regiam

946 725 1087 757 posuerat,
1116 721 1237 749 obtinuit
1251 728 1361 756 quoque
1370 721 1454 748 urbes
1462 720 1581 754 Clialiat,
1594 726 1621 748 et
1632 720 1734 753 Percri,

944 775 1006 795 cum
1024 767 1162 802 republica
1180 767 1276 795 Anes.
1305 767 1451 794 Secundus
1465 767 1628 802 Aposcbatae
1652 768 1736 794 frater

944 811 1139 848 Apolesphuet,
1161 812 1276 847 ejusque
1287 813 1421 848 patruelis
1434 817 1461 840 et
1470 813 1612 848 privignus
1621 813 1736 840 Aclnm-t

96 861 236 896 ὑπῆρχεν,
262 860 314 892 ἕως
346 860 408 887 ὅτου
445 858 630 891 ’Λποσεσατᾶς
665 859 680 886 6
704 859 815 895 ἀμηρᾶς
844 857 887 885 τοῦ

943 862 1092 887 tenuerunt
1102 859 1186 886 urbes
1199 858 1302 892 Chliat,
1321 859 1418 889 Arzes,
1429 862 1456 885 et
1470 859 1574 886 Altzice
1592 867 1600 891 ;
1615 862 1646 885 et
1681 858 1734 893 ipsi

95 906 286 943 Μαντζικίερτ
308 906 378 942 μετὰ
392 905 446 933 τῶν
461 905 507 932 δύο
527 905 650 941 ἀδελφῶν
676 904 760 932 αὐτοῦ
787 904 834 932 τοῦ
860 913 890 931 τι

102 953 303 988 Ἀπολεσφούετ
329 953 376 980 καὶ
398 951 445 979 τοῦ
474 951 631 987 ’Λποσέλμη
660 951 836 987 ὑπετάγησαν
852 950 891 987 τῷ

97 1000 215 1036 βασιλεῖ,
237 999 355 1030 διδόντες
377 998 425 1026 καὶ
447 999 540 1026 πάκτα
556 998 628 1034 ὑπέρ
643 1006 673 1024 τε
689 997 744 1024 τῶν
762 997 890 1033 κάπρων

96 1047 145 1073 καὶ
160 1046 213 1073 τῶν
225 1048 334 1082 χωρίων
349 1045 451 1072 αὐτῶν·
463 1045 526 1071 ἐπεὶ
545 1045 559 1071 6
574 1044 666 1079 ἄρχων
679 1044 734 1070 τῶν
750 1044 889 1080 ἀρχόντων

96 1091 192 1124 δῡῦ).ος
209 1092 256 1118 τοῦ
277 1091 410 1126 βασιλέως
435 1091 489 1118 τῶν
511 1090 657 1126 Ῥωμαίων
672 1090 728 1124 (72)
746 1090 888 1126 τυγχάνει,

97 1137 137 1169 ὡς
153 1136 218 1172 παρ’
241 1135 325 1163 αὑτοῦ
344 1135 575 1171 προϐαλλόμενος,
588 1136 636 1162 καὶ
657 1135 687 1162 τὸ
703 1135 824 1163 τοιοῦτον
844 1135 888 1162 ἱε-

97 1184 218 1218 χόμενος
233 1183 352 1217 ἀξίωμα·
367 1181 490 1216 δηλονότι
508 1181 556 1208 καὶ
575 1180 610 1207 τὰ
625 1181 671 1207 ὑπ’
685 1181 769 1208 αὐτοῦ
790 1181 889 1208 Sterco-

98 1229 202 1263 ζόμενα
217 1228 334 1263 κάστρα,
350 1227 397 1254 καὶ
411 1227 555 1259 πολιτεῖαι,
575 1227 623 1254 καὶ
642 1227 796 1263 χωρία,τοῦ
814 1227 891 1262 βασι-

97 1273 166 1305 λέως
182 1273 236 1299 τῶν
258 1271 400 1307 Ῥωμαίων
420 1272 614 1306 τυγχάνουσιν.
631 1271 694 1298 Ὀτι
708 1271 756 1297 τοῦ
781 1271 891 1305 Συμϐα-

97 1319 158 1345 τίου
171 1318 218 1345 τοῦ
245 1318 374 1354 ἄρχοντος
394 1317 448 1344 τῶν
464 1317 603 1353 ἀρχόντων
617 1316 666 1351 τῆς
687 1317 809 1351 μεγάλης
828 1316 890 1351 Ἀρ-

100 1364 197 1399 μενίας
211 1363 395 1399 κρατηθέντος
410 1363 486 1398 παρὰ
497 1362 544 1389 τοῦ
571 1361 708 1388 ’Δποσάτα
724 1361 771 1389 τοῦ
794 1362 891 1397 ἀμηρᾶ

99 1409 231 1445 Περσίδος
248 1409 315 1444 (73),
339 1410 386 1436 καὶ
405 1408 672 1443 ἀποκεφαλισθέντος
701 1407 767 1444 παρ’
795 1407 889 1442 αὐτοῦ,

98 1455 251 1491 ἐκράτησεν
266 1455 281 1482 6
304 1454 489 1486 Ἀποσεὸατὶις
504 1455 518 1480 6
533 1454 719 1490 καθεζόμενος
733 1455 774 1486 εἰς
797 1454 827 1481 τὸ
840 1454 891 1481 κά-

98 1511 179 1538 στρον
194 1502 224 1529 τὸ
245 1500 441 1537 Μαντζιχίερτ,
463 1501 494 1527 τὺ
518 1500 636 1535 κάστρον
659 1499 689 1527 τδ
711 1499 826 1533 Χαλιὰτ,
842 1500 889 1527 καὶ

96 1549 127 1576 τδ
140 1549 258 1584 χάστρον
273 1548 304 1575 τὸ
323 1548 437 1583 Περκρὶ,
454 1548 503 1574 καὶ
523 1547 572 1583 τὴν
595 1547 733 1574 πολιτείαν
760 1546 807 1574 τοῦ
823 1547 889 1581 ’Δρ-

98 1595 155 1627 ζες.
179 1595 242 1622 Ὅτι
270 1596 285 1622 6
314 1594 441 1630 δεύτερος
468 1594 583 1628 ἀδελφὸς
611 1594 657 1620 τοῦ
690 1592 890 1620 Ἀποσεὸατᾶό

103 1641 312 1676 ’Λπολεσφούετ,
332 1641 379 1668 καὶ
394 1643 408 1668 6
417 1641 528 1674 ἀνεψιὸς
540 1640 633 1672 αὑτοῦ,
645 1641 692 1666 καὶ
703 1641 717 1667 6
732 1641 864 1676 πρόγονος
874 1641 889 1667 6

102 1685 212 1720 ’Ᾱχμὲτ,
227 1685 384 1721 ἐκράτησαν
395 1685 427 1711 τὸ
451 1685 570 1720 κὰστρον
582 1684 610 1711 τὸ
625 1684 779 1716 Χλιὰτικαὶ
796 1685 826 1712 τὸ
837 1685 889 1712 κά-

98 1740 179 1766 στρον
188 1731 219 1758 τὸ
231 1731 342 1767 Ἀρζες,
353 1731 398 1758 καὶ
406 1731 436 1757 τὸ
449 1731 567 1766 κάστρον
576 1731 606 1757 τὸ
614 1730 749 1763 Ἀλτζίκε·
758 1731 805 1758 καὶ
811 1732 888 1759 αὐτοὶ

96 1777 274 1812 ὐπετὰγηπαν
289 1777 483 1813 τῴῬωμαίων
499 1777 615 1812 βασιλεῖ,
626 1778 674 1803 καὶ
689 1778 816 1811 ἐγένοντο
834 1778 887 1805 ὑπὸ

96 1823 281 1859 τὴνεὲξουσίαν
305 1823 401 1854 αὐτοῦ,
415 1824 462 1851 καὶ
475 1825 606 1859 παρεῖχον
621 1824 669 1850 καὶ
688 1825 781 1851 πάκτα
794 1824 887 1856 καθὼς

96 1870 144 1896 καὶ
157 1871 170 1896 6
181 1870 296 1904 ἁδελφὸς
322 1870 405 1897 αὑτοῦ
421 1870 610 1901 Ἀποσιὸατὰς
626 1869 682 1905 (76)
697 1869 770 1906 ὺπέρ
788 1879 817 1897 τε
832 1870 886 1898 τῶν

97 1915 223 1950 κάστρων
235 1916 281 1943 καὶ
294 1916 348 1942 τῶν
358 1915 467 1951 χωρίων
474 1915 641 1942 αὐτῶν.”οτι
655 1915 766 1950 ότρίτος
774 1915 886 1950 ἀδελφὸς

97 1961 144 1988 τοῦ
169 1961 338 1988 Ἀποσεσιτᾶ
355 1962 402 1988 καὶ
417 1961 683 1996 τοῦἌπολεσφούετ,
693 1961 885 1997 όἋποσέλμης

97 2008 210 2043 ἐκράτει
233 2007 264 2034 τδ
288 2007 407 2042 κάστρον
422 2006 470 2033 τοῦ
488 2006 666 2042 Τζερματζοῦ
684 2006 755 2041 μετὰ
769 2007 815 2033 καὶ
831 2007 885 2034 τῶν

96 2053 204 2089 χωρίων
218 2052 312 2085 αὑτοῦ,
327 2053 373 2079 καὶ
389 2053 469 2084 αὐτὸς
480 2052 602 2088 ὑπετάγη
614 2052 654 2088 τῷ
668 2053 723 2079 τῶν
741 2052 884 2087 Ῥωμαίων

97 2099 210 2135 βασιλεῖ,
227 2100 274 2127 καὶ
291 2099 375 2126 ἐδίδου
392 2099 484 2126 πάκτα
508 2098 599 2131 καθὼς
616 2100 663 2126 καὶ
679 2100 693 2125 6
705 2098 818 2134 ἀδελφὸς
833 2100 884 2126 αὒ-

95 2146 141 2173 τοῦ
161 2147 175 2173 6
195 2145 392 2177 Ἀποσεϐατὰς.
411 2146 459 2172 καὶ
473 2146 487 2173 6
502 2144 524 2181 β’
538 2145 652 2179 ἀδελφὸς
671 2145 754 2172 αὐτοῦ
772 2147 787 2172 6
804 2146 886 2173 Ἀπο-

943 913 975 934 se
989 905 1175 933 submiserunl
1185 903 1310 932 Romano
1319 903 1489 939 imperatori,
1504 910 1531 931 et
1544 904 1581 931 illi
1592 904 1734 938 parebant,

943 951 1153 987 pendebantque
1165 951 1267 978 tributa
1282 957 1333 986 pro
1355 950 1470 978 urbibus
1496 951 1631 985 terrisque
1664 950 1734 983 suis,

941 997 1170 1033 quemadmodum
1189 998 1270 1032 120
1284 1002 1312 1024 et
1325 997 1411 1025 frater
1419 997 1599 1033 Aposebatas.
1621 995 1734 1024 Tertius

943 1043 1106 1079 Aposebatze
1116 1043 1342 1079 etApolesphuet
1367 1043 1452 1070 frater
1479 1044 1642 1078 Aposelmes
1668 1049 1735 1077 pos-

941 1090 1049 1118 sidebat
1067 1089 1163 1118 urbem
1179 1089 1342 1117 Tzermatzu
1363 1097 1425 1117 cum
1438 1089 1520 1117 terris
1534 1097 1566 1117 en
1595 1090 1735 1125 pertinen-

941 1135 1033 1168 tibus;
1048 1139 1076 1163 et
1088 1135 1147 1170 ipse
1157 1142 1265 1170 quoque
1275 1133 1401 1162 Romano
1412 1135 1569 1170 imperatori
1594 1134 1735 1169 subjectus

940 1181 1215 1216 erat;pendebatque
1223 1180 1336 1214 tributa,
1359 1181 1590 1216 quemadmodum
1607 1185 1634 1208 et
1651 1180 1736 1207 frater

942 1226 1027 1261 ipsius
1057 1227 1242 1262 Aposebatas,
1271 1234 1380 1255 necnon
1406 1227 1474 1255 alter
1503 1227 1628 1262 ejusdem
1650 1225 1736 1253 frater

941 1272 1137 1308 Apolesphuet.
1158 1273 1294 1301 Defuncto
1310 1274 1478 1309 Aposebata,
1500 1274 1596 1301 urbem
1621 1273 1736 1300 hiantzi-

942 1318 1022 1351 ciert,
1046 1326 1109 1346 eum
1138 1319 1279 1346 territorio
1305 1323 1332 1346 et
1359 1319 1463 1347 ditione
1477 1320 1619 1350 universa,
1645 1318 1734 1345 tenuit

942 1365 1015 1393 filius
1025 1364 1085 1400 ejus
1096 1365 1280 1392 Abderachim
1292 1365 1353 1399 ;cui
1367 1365 1432 1393 fatis
1445 1365 1539 1392 functo
1547 1364 1734 1399 Apolesphuet

943 1409 1090 1443 successit.
1107 1409 1248 1438 secundus
1259 1410 1422 1445 Aposebatre
1439 1409 1535 1443 frater,
1552 1414 1668 1443 patruus
1683 1408 1736 1435 Ab-

941 1457 1102 1485 deraehim:
1130 1457 1195 1484 huic
1227 1465 1336 1492 quoque
1363 1457 1493 1484 defuncto
1518 1456 1617 1484 tertius
1651 1455 1734 1483 frater

941 1500 1101 1535 Aposelmes
1112 1500 1138 1527 in
1152 1501 1307 1536 principatu
1322 1500 1502 1532 Mantziciert,
1515 1504 1542 1528 et
1551 1501 1733 1536 reliquarum,

942 1553 1011 1581 quas
1022 1547 1154 1579 diximus,
1172 1547 1314 1582 regionum
1324 1547 1469 1575 successit.
1481 1547 1650 1582 Aposcbatas
1663 1546 1734 1573 filios

941 1592 1038 1620 habuit
1074 1593 1260 1620 Abderachim
1290 1597 1317 1620 et
1343 1593 1520 1628 Apeltnuze:
1547 1592 1734 1628 Apolesphuet

939 1639 1034 1667 habuit
1045 1640 1199 1675 privignum
1207 1643 1234 1667 et
1244 1639 1394 1675 patruelem
1404 1639 1539 1666 Acbmet:
1553 1639 1623 1666 filios
1633 1638 1734 1674 quippe

938 1693 993 1712 non
1009 1685 1123 1717 habuit;
1141 1685 1189 1713 sed
1201 1685 1318 1713 Achmct
1342 1685 1498 1721 privignum
1528 1688 1556 1712 et
1579 1685 1732 1720 patruelem

938 1732 1262 1767 adoptat'it.Aposelmes
1287 1732 1373 1759 filium
1399 1732 1495 1759 habuit
1517 1731 1658 1766 Apelbart,
1684 1730 1731 1765 qui

938 1785 1012 1804 nunc
1039 1778 1171 1813 temporis
1204 1777 1377 1806 Mantziciert
1405 1777 1539 1813 possidet.
1562 1777 1731 1812 Aposebatas

938 1827 1029 1850 autem
1037 1823 1156 1851 moriens
1165 1823 1348 1851 Abderaebim
1361 1823 1448 1850 filium
1467 1831 1587 1851 ameram
1600 1823 1728 1858 reliquit;

937 1869 1006 1897 alter
1021 1869 1184 1905 veroipsius
1206 1870 1278 1897 illius
1309 1870 1459 1905 Apeltnuze
1482 1877 1550 1904 puer
1579 1869 1727 1897 admodum

937 1919 1006 1947 erat,
1022 1915 1114 1950 itaque
1128 1922 1142 1942 a
1156 1916 1243 1950 patris
1260 1915 1408 1951 fratrisque
1421 1916 1525 1943 ditione
1537 1916 1665 1950 repulsus
1675 1919 1732 1943 est.

936 1959 1109 1994 Aposeliatas
1124 1960 1230 1995 primus
1245 1960 1330 1988 frater
1346 1961 1439 1988 sedem
1458 1960 1576 1988 habebat
1603 1961 1632 1987 in
1659 1960 1728 1987 urbe

937 2005 1121 2039 Mantziciert,
1151 2005 1376 2042 possidebatque,
1388 2010 1418 2034 ut
1439 2006 1544 2034 dictum
1571 2011 1625 2039 est,
1642 2011 1730 2033 terras

936 2051 1208 2087 Apachunes,Core,
1229 2057 1256 2080 et
1281 2053 1399 2085 Charca,
1430 2052 1587 2087 tributaque
1620 2060 1669 2087 pro
1697 2051 1733 2079 iis

937 2098 1061 2126 ROmano
1072 2098 1230 2133 imperatori
1242 2098 1397 2126 exhibebat.
1416 2099 1476 2126 Hoc
1490 2098 1632 2132 defuncto,
1646 2099 1732 2125 tenuit

936 2143 1009 2171 ﬁlius
1022 2143 1082 2178 ejus
1096 2143 1289 2176 Abderachim,
1301 2148 1329 2171 et
1343 2144 1445 2171 tributa
1470 2144 1566 2171 cadent
1596 2144 1732 2179 pendebat

94 2191 235 2226 λεσφοῦετ.
248 2191 311 2218 Ὀτι
323 2190 370 2217 τοῦ
387 2190 558 2217 Ἀποσεόατᾶ
579 2190 791 2226 τελευτήσαντος
802 2191 884 2226 Expi-

940 2193 1049 2225 propter
1061 2188 1205 2216 infantiam
1221 2193 1384 2222 extremam,
1399 2194 1429 2217 ut
1444 2190 1548 2218 dictmn
1560 2195 1614 2224 est,
1633 2191 1729 2218 fratris

94 2246 159 2271 τησε
178 2236 209 2263 τδ
228 2235 414 2270 Μαντζιχίερτ
439 2236 510 2270 μετὰ
523 2235 578 2262 τῶν
594 2234 702 2270 χωρίων
727 2235 822 2268 αὐτοῦ,
837 2236 885 2264 καὶ

94 2284 331 2320 τῆςὲπικρατείας
344 2282 426 2310 αὐτοῦ
442 2283 543 2317 πάσης,
559 2283 574 2309 6
594 2282 782 2318 Ἀσδηρακεὶμ
799 2285 813 2310 6
825 2284 883 2316 υίὸς

94 2327 139 2355 τοῦ
157 2328 336 2355 ’Δποσεδιτῶ
354 2327 567 2362 τελευτήσαντος
580 2327 609 2354 δὲ
624 2327 670 2354 τοῦ
681 2327 880 2364 Ἀὄδηραχεὶμ,

95 2374 243 2409 ἐκράτησεν
257 2374 271 2400 6
290 2372 502 2408 Ἀπολεσφούετ,
531 2373 545 2399 6
559 2372 687 2408 δεύτερος
701 2373 816 2408 ἀδελφὸς
831 2373 878 2401 τοῦ

100 2419 278 2450 Ἀποσεσατᾱ,
295 2419 365 2451 θεῖος
383 2419 412 2446 δὲ
426 2419 473 2446 τοῦ
499 2418 697 2454 Ἀσδηραχεὶμ,
711 2419 741 2446 τὸ
762 2419 881 2455 κάστρον

93 2466 122 2493 τὸ
135 2465 328 2501 Μαντζικίερτ,
340 2466 387 2492 καὶ
397 2465 487 2497 πάσας
494 2465 544 2497 τὰς
558 2465 761 2501 προῤῥηοείσας
776 2466 881 2502 χώρας·

94 2511 140 2537 καὶ
158 2509 241 2537 αὐτοῦ
261 2510 483 2544 τελευτήσαντος,
499 2509 652 2545 ἐκράτησεν
671 2511 686 2537 ὀ
700 2511 792 2546 τρίτος
803 2511 881 2538 ἀδελ-

95 2557 152 2592 φδς,
167 2557 251 2591 ἤγουν
275 2555 321 2582 τοῦ
341 2555 512 2582 ’Δποσεὸατᾶ
532 2555 581 2582 καὶ
596 2554 643 2582 τοῦ
665 2556 877 2591 Ἀπολεσφούιτ,

94 2604 107 2630 6
126 2602 306 2637 Ἀποπλμης,
331 2601 360 2628 τό
384 2609 413 2627 τε
441 2601 637 2637 Μαντζιχίερτ,
657 2603 705 2629 καὶ
720 2602 811 2635 πάσας
826 2603 876 2636 τὰς

95 2647 294 2689 προρξξηθείσας
305 2646 406 2682 χώρας.
422 2647 484 2673 Ὀτι
499 2647 513 2673 6
531 2646 716 2680 ’Λποσεὸατὰς
729 2645 802 2684 εἶχεν
822 2648 879 2675 υιὺν

933 2236 1092 2271 Apelmuze.
1110 2235 1218 2262 Mortuo
1243 2235 1620 2271 Abtieraeltim.-Apelttiuze
1647 2235 1732 2262 fratre

932 2286 1099 2317 contempto,
1114 2282 1194 2310 veluti
1207 2289 1302 2317 puero,
1331 2281 1512 2315 Mantziciert,
1537 2282 1653 2318 ejusque
1675 2286 1732 2308 ter-

933 2327 1101 2360 ritorium,in
1110 2330 1274 2361 potestatem
1285 2326 1395 2355 devenit
1404 2327 1526 2362 praedicti
1540 2327 1729 2362 Apolesphuet

937 2371 982 2406 qui
993 2370 1131 2399 secundus
1140 2370 1303 2405 Aposebata:
1313 2370 1409 2405 frater,
1417 2375 1533 2407 patruus
1545 2371 1729 2398 Abderachim

936 2423 963 2445 et
977 2417 1061 2452 spreti
1075 2416 1110 2444 ob
1125 2416 1271 2444 infantiam
1294 2417 1452 2451 Apelmule.
1477 2416 1664 2452 Apolespbuet
1682 2416 1731 2443 de-

937 2463 1043 2497 functo,
1082 2463 1176 2491 urbem
1203 2463 1378 2491 Mantzieiert
1407 2470 1471 2490 cum
1495 2463 1636 2498 praedictis
1660 2463 1733 2490 locis

934 2510 1055 2538 obtinuit
1068 2510 1167 2538 tertius
1180 2509 1344 2545 Aposebatae
1361 2508 1446 2537 frater
1462 2509 1633 2544 Aposelmes.
1655 2508 1729 2536 Acb-

932 2561 988 2584 met
1016 2561 1134 2588 autem,.
1149 2563 1232 2591 quem
1253 2555 1384 2588 diximus,
1402 2555 1535 2590 patruelis
1546 2558 1573 2582 et
1585 2553 1730 2589 privignus

932 2601 1127 2637 Apolespbuet,
1144 2609 1177 2629 eo
1190 2601 1303 2629 conscio
1317 2607 1351 2628 ac
1358 2601 1475 2634 volente,
1490 2600 1612 2636 possedit
1624 2600 1729 2633 Cbliat,

932 2649 1039 2682 Artzes,
1054 2652 1082 2676 et
1105 2647 1210 2676 Percri.
1229 2646 1418 2683 Apolesphuet
1443 2647 1529 2680 enim,
1557 2654 1619 2674 cum
1640 2646 1728 2674 filium

683 2705 835 2734 ANSELMI
852 2705 1018 2735 BANDURH
1032 2705 1151 2734 ΝΟΤΑΕ.

129 2761 185 2798 (70)
202 2760 249 2799 Sic
273 2769 356 2799 supra
371 2771 379 2796 ;
397 2766 425 2799 at
444 2763 488 2791 hic
511 2763 538 2790 in
562 2763 644 2792 editis
660 2767 687 2792 et
706 2763 733 2791 in
749 2771 816 2792 mss.
829 2771 880 2799 pro

101 2796 265 2832 Ἀπαόακίου
281 2796 379 2832 legitur
399 2798 570 2826 Ἀπασικίου.

96 2831 323 2896 “ﬂama/11mm}:
341 2833 419 2861 locus
427 2834 500 2861 circa
516 2834 656 2870 Assyriam
671 2835 788 2871 videtur,
804 2836 875 2873 apud

126 2886 281 2937 ὀι
295 2911 348 2932 ms.
364 2903 468 2934 codice.

973 2765 1030 2802 (⁷⁵)
1048 2765 1134 2808 Sicf."
1154 2764 1280 2808 ξιτεδ-,Ψ
1293 2768 1416 2808 eam?
1433 2763 1518 2808 etiam.
1532 2762 1632 2808 ιςεὶιιεε
1647 2760 1726 2808 ἤθεά

934 2799 1078 2844 perperam
1097 2801 1142 2844 hic
1156 2800 1280 2844 in.editis
1295 2799 1425 2833 habetur,
1449 2799 1525 2835 παρὰ
1541 2799 1590 2825 τοῦ
1609 2799 1725 2825 ’Δποσε-

933 2836 1003 2863 6ἀτα
1023 2836 1071 2862 τοῦ
1100 2836 1210 2872 ἁμηρᾶ,
1227 2842 1280 2863 etc.

931 2871 1024 2934 mai)
1057 2870 1095 2900 Ita
1117 2880 1179 2907 _ms.
1205 2870 1302 2899 codex.
1331 2868 1361 2898 lu
1384 2870 1467 2900 editis
1494 2870 1573 2899 locus
1592 2869 1637 2899 hic
1660 2876 1725 2897 mu-

943 2915 1006 2935 ιιυι.
