  <div class='ocr_page' id='page_1' title='image "/cluster/home/n/w/nwhite01/storage/ocr_20150623/113/njp.32101077772968/198.png"; bbox 0 0 1938 3070; ppageno 0'>
   <div class='ocr_carea' id='block_1_1' title="bbox 62 169 122 200">
    <p class='ocr_par' dir='ltr' id='par_1_1' title="bbox 62 169 122 200">
     <span class='ocr_line' id='line_1_1' title="bbox 62 169 122 200; baseline -0.033 0"><span class='ocrx_word' id='word_1_1' title='bbox 62 169 122 200; x_wconf 78' lang='grc'><strong>349</strong></span> 
     </span>
    </p>
   </div>
   <div class='ocr_carea' id='block_1_2' title="bbox 588 165 1154 200">
    <p class='ocr_par' dir='ltr' id='par_1_2' title="bbox 588 165 1154 200">
     <span class='ocr_line' id='line_1_2' title="bbox 588 165 1154 200; baseline -0.002 -1"><span class='ocrx_word' id='word_1_2' title='bbox 588 166 637 199; x_wconf 90' lang='lat' dir='ltr'><strong>DE</strong></span> <span class='ocrx_word' id='word_1_3' title='bbox 649 166 964 200; x_wconf 70' lang='lat' dir='ltr'><strong>ADMINISTRANDO</strong></span> <span class='ocrx_word' id='word_1_4' title='bbox 982 165 1154 198; x_wconf 78' lang='lat' dir='ltr'><strong>IMPERIO.</strong></span> 
     </span>
    </p>
   </div>
   <div class='ocr_carea' id='block_1_3' title="bbox 1651 163 1708 197">
    <p class='ocr_par' dir='ltr' id='par_1_3' title="bbox 1651 163 1708 197">
     <span class='ocr_line' id='line_1_3' title="bbox 1651 163 1708 197; baseline -0.018 0"><span class='ocrx_word' id='word_1_5' title='bbox 1651 163 1708 197; x_wconf 74' lang='lat'><strong>350</strong></span> 
     </span>
    </p>
   </div>
   <div class='ocr_carea' id='block_1_4' title="bbox 62 220 870 259">
    <p class='ocr_par' dir='ltr' id='par_1_4' title="bbox 62 222 862 259">
     <span class='ocr_line' id='line_1_4' title="bbox 62 222 862 259; baseline -0.001 -9"><span class='ocrx_word' id='word_1_6' title='bbox 62 223 212 259; x_wconf 70' lang='grc' dir='ltr'>προφήτου</span> <span class='ocrx_word' id='word_1_7' title='bbox 227 222 274 250; x_wconf 76' lang='grc' dir='ltr'>καὶ</span> <span class='ocrx_word' id='word_1_8' title='bbox 295 222 426 259; x_wconf 81' lang='grc' dir='ltr'>βασιλέως</span> <span class='ocrx_word' id='word_1_9' title='bbox 453 223 645 259; x_wconf 79' lang='grc' dir='ltr'>μοιχευοείσης</span> <span class='ocrx_word' id='word_1_10' title='bbox 658 231 664 238; x_wconf 89' lang='grc'>·</span> <span class='ocrx_word' id='word_1_11' title='bbox 683 224 716 250; x_wconf 82' lang='grc' dir='ltr'><strong>ὲκ</strong></span> <span class='ocrx_word' id='word_1_12' title='bbox 732 223 786 258; x_wconf 79' lang='grc' dir='ltr'><strong>γὰρ</strong></span> <span class='ocrx_word' id='word_1_13' title='bbox 806 222 862 249; x_wconf 86' lang='grc' dir='ltr'><strong>τῶν</strong></span> 
     </span>
    </p>
   </div>
   <div class='ocr_carea' id='block_1_5' title="bbox 924 220 1708 259">
    <p class='ocr_par' dir='ltr' id='par_1_5' title="bbox 924 220 1708 257">
     <span class='ocr_line' id='line_1_5' title="bbox 924 220 1708 257; baseline -0.003 -8"><span class='ocrx_word' id='word_1_14' title='bbox 924 222 979 251; x_wconf 87' lang='lat' dir='ltr'><strong>lere</strong></span> <span class='ocrx_word' id='word_1_15' title='bbox 999 223 1075 250; x_wconf 85' lang='lat' dir='ltr'><strong>credi</strong></span> <span class='ocrx_word' id='word_1_16' title='bbox 1090 223 1194 255; x_wconf 85' lang='lat' dir='ltr'><strong>volunt,</strong></span> <span class='ocrx_word' id='word_1_17' title='bbox 1209 221 1373 257; x_wconf 70' lang='lat' dir='ltr'><strong>cognatique</strong></span> <span class='ocrx_word' id='word_1_18' title='bbox 1383 227 1445 249; x_wconf 86' lang='lat' dir='ltr'><strong>esse</strong></span> <span class='ocrx_word' id='word_1_19' title='bbox 1461 220 1532 256; x_wconf 80' lang='lat' dir='ltr'><strong>regis</strong></span> <span class='ocrx_word' id='word_1_20' title='bbox 1542 227 1574 248; x_wconf 87' lang='lat' dir='ltr'><strong>ac</strong></span> <span class='ocrx_word' id='word_1_21' title='bbox 1587 221 1708 256; x_wconf 79' lang='lat' dir='ltr'><strong>prophe-</strong></span> 
     </span>
    </p>
   </div>
   <div class='ocr_carea' id='block_1_6' title="bbox 62 262 861 305">
    <p class='ocr_par' dir='ltr' id='par_1_6' title="bbox 62 262 861 305">
     <span class='ocr_line' id='line_1_6' title="bbox 62 262 861 305; baseline -0.001 -9"><span class='ocrx_word' id='word_1_22' title='bbox 62 271 96 304; x_wconf 64' lang='grc' dir='ltr'>ἑξ</span> <span class='ocrx_word' id='word_1_23' title='bbox 123 270 210 305; x_wconf 83' lang='grc' dir='ltr'>αὐτῆς</span> <span class='ocrx_word' id='word_1_24' title='bbox 225 270 375 305; x_wconf 74' lang='grc' dir='ltr'>τεχθέν-των</span> <span class='ocrx_word' id='word_1_25' title='bbox 401 269 504 297; x_wconf 84' lang='grc' dir='ltr'>παίδων</span> <span class='ocrx_word' id='word_1_26' title='bbox 521 269 560 305; x_wconf 80' lang='grc' dir='ltr'>τῷ</span> <span class='ocrx_word' id='word_1_27' title='bbox 578 269 658 296; x_wconf 70' lang='grc' dir='ltr'><strong>Δαῦὶδ</strong></span> <span class='ocrx_word' id='word_1_28' title='bbox 682 269 795 300; x_wconf 75' lang='grc' dir='ltr'>ἑαυτοὺς</span> <span class='ocrx_word' id='word_1_29' title='bbox 808 262 861 295; x_wconf 40' lang='grc' dir='ltr'><strong>’λέ-</strong></span> 
     </span>
    </p>
   </div>
   <div class='ocr_carea' id='block_1_7' title="bbox 62 313 862 351">
    <p class='ocr_par' dir='ltr' id='par_1_7' title="bbox 62 313 862 351">
     <span class='ocr_line' id='line_1_7' title="bbox 62 313 862 351; baseline -0.004 -8"><span class='ocrx_word' id='word_1_30' title='bbox 62 324 149 351; x_wconf 84' lang='grc' dir='ltr'>γουσι</span> <span class='ocrx_word' id='word_1_31' title='bbox 161 315 340 350; x_wconf 68' lang='grc' dir='ltr'><strong>κατάγεσθαι,</strong></span> <span class='ocrx_word' id='word_1_32' title='bbox 349 315 397 342; x_wconf 74' lang='grc' dir='ltr'>καὶ</span> <span class='ocrx_word' id='word_1_33' title='bbox 411 316 551 350; x_wconf 80' lang='grc' dir='ltr'><strong>συγγενεῖς</strong></span> <span class='ocrx_word' id='word_1_34' title='bbox 563 313 631 341; x_wconf 86' lang='grc' dir='ltr'>εῐναι</span> <span class='ocrx_word' id='word_1_35' title='bbox 645 314 726 341; x_wconf 76' lang='grc' dir='ltr'><strong>Δαὸὶδ</strong></span> <span class='ocrx_word' id='word_1_36' title='bbox 736 314 783 341; x_wconf 77' lang='grc' dir='ltr'><strong>τοῦ</strong></span> <span class='ocrx_word' id='word_1_37' title='bbox 796 322 862 348; x_wconf 78' lang='grc' dir='ltr'>προ-</span> 
     </span>
    </p>
   </div>
   <div class='ocr_carea' id='block_1_8' title="bbox 61 359 861 396">
    <p class='ocr_par' dir='ltr' id='par_1_8' title="bbox 61 359 861 396">
     <span class='ocr_line' id='line_1_8' title="bbox 61 359 861 396; baseline -0.001 -9"><span class='ocrx_word' id='word_1_38' title='bbox 61 362 155 396; x_wconf 77' lang='grc' dir='ltr'>φήτου</span> <span class='ocrx_word' id='word_1_39' title='bbox 170 360 218 387; x_wconf 79' lang='grc' dir='ltr'><strong>καὶ</strong></span> <span class='ocrx_word' id='word_1_40' title='bbox 231 360 362 394; x_wconf 76' lang='grc' dir='ltr'>βασιλέως</span> <span class='ocrx_word' id='word_1_41' title='bbox 371 368 379 376; x_wconf 81' lang='grc'>⁶</span> <span class='ocrx_word' id='word_1_42' title='bbox 395 361 441 387; x_wconf 77' lang='grc' dir='ltr'>καὶ</span> <span class='ocrx_word' id='word_1_43' title='bbox 450 361 488 392; x_wconf 82' lang='grc' dir='ltr'>ὡς</span> <span class='ocrx_word' id='word_1_44' title='bbox 500 361 532 387; x_wconf 86' lang='grc' dir='ltr'>ὲκ</span> <span class='ocrx_word' id='word_1_45' title='bbox 542 360 638 387; x_wconf 86' lang='grc' dir='ltr'>τούτου</span> <span class='ocrx_word' id='word_1_46' title='bbox 650 359 697 387; x_wconf 75' lang='grc' dir='ltr'>καὶ</span> <span class='ocrx_word' id='word_1_47' title='bbox 713 359 763 395; x_wconf 79' lang='grc' dir='ltr'>τῆς</span> <span class='ocrx_word' id='word_1_48' title='bbox 775 359 861 394; x_wconf 84' lang='grc' dir='ltr'>ὑπερ-</span> 
     </span>
    </p>
   </div>
   <div class='ocr_carea' id='block_1_9' title="bbox 64 404 861 441">
    <p class='ocr_par' dir='ltr' id='par_1_9' title="bbox 64 404 861 441">
     <span class='ocr_line' id='line_1_9' title="bbox 64 404 861 441; baseline -0.003 -8"><span class='ocrx_word' id='word_1_49' title='bbox 64 407 151 441; x_wconf 79' lang='grc' dir='ltr'>αγῖας</span> <span class='ocrx_word' id='word_1_50' title='bbox 179 406 323 439; x_wconf 83' lang='grc' dir='ltr'>Θεοτόκου,</span> <span class='ocrx_word' id='word_1_51' title='bbox 343 406 388 433; x_wconf 81' lang='grc' dir='ltr'>διὰ</span> <span class='ocrx_word' id='word_1_52' title='bbox 411 406 442 433; x_wconf 80' lang='grc' dir='ltr'>τὸ</span> <span class='ocrx_word' id='word_1_53' title='bbox 467 407 499 433; x_wconf 76' lang='grc' dir='ltr'><strong>ὲκ</strong></span> <span class='ocrx_word' id='word_1_54' title='bbox 514 406 561 433; x_wconf 86' lang='grc' dir='ltr'>τοῦ</span> <span class='ocrx_word' id='word_1_55' title='bbox 589 406 751 441; x_wconf 81' lang='grc' dir='ltr'>σπέρματος</span> <span class='ocrx_word' id='word_1_56' title='bbox 777 404 861 431; x_wconf 75' lang='grc' dir='ltr'>Δασὶδ</span> 
     </span>
    </p>
   </div>
   <div class='ocr_carea' id='block_1_10' title="bbox 64 452 861 488">
    <p class='ocr_par' dir='ltr' id='par_1_10' title="bbox 64 452 861 488">
     <span class='ocr_line' id='line_1_10' title="bbox 64 452 861 488; baseline -0.001 -9"><span class='ocrx_word' id='word_1_57' title='bbox 64 453 172 488; x_wconf 77' lang='grc' dir='ltr'>ταύτην</span> <span class='ocrx_word' id='word_1_58' title='bbox 199 453 377 487; x_wconf 82' lang='grc' dir='ltr'>κατάγεσθαι.</span> <span class='ocrx_word' id='word_1_59' title='bbox 403 452 453 479; x_wconf 80' lang='grc' dir='ltr'>Διὰ</span> <span class='ocrx_word' id='word_1_60' title='bbox 478 452 557 479; x_wconf 79' lang='grc' dir='ltr'>τοῦτο</span> <span class='ocrx_word' id='word_1_61' title='bbox 581 452 630 478; x_wconf 76' lang='grc' dir='ltr'>καὶ</span> <span class='ocrx_word' id='word_1_62' title='bbox 653 453 678 478; x_wconf 87' lang='grc' dir='ltr'>οῑ</span> <span class='ocrx_word' id='word_1_63' title='bbox 698 452 861 487; x_wconf 80' lang='grc' dir='ltr'><strong>μεγιστᾶνες</strong></span> 
     </span>
    </p>
   </div>
   <div class='ocr_carea' id='block_1_11' title="bbox 66 496 861 534">
    <p class='ocr_par' dir='ltr' id='par_1_11' title="bbox 66 496 861 534">
     <span class='ocr_line' id='line_1_11' title="bbox 66 496 861 534; baseline -0.003 -9"><span class='ocrx_word' id='word_1_64' title='bbox 66 499 125 525; x_wconf 82' lang='grc' dir='ltr'>τῶν</span> <span class='ocrx_word' id='word_1_65' title='bbox 147 498 259 534; x_wconf 81' lang='grc' dir='ltr'>Ἰὃήρων</span> <span class='ocrx_word' id='word_1_66' title='bbox 275 498 424 530; x_wconf 80' lang='grc' dir='ltr'><strong>ἀκωλύτως</strong></span> <span class='ocrx_word' id='word_1_67' title='bbox 441 498 491 530; x_wconf 79' lang='grc' dir='ltr'><strong>τὰς</strong></span> <span class='ocrx_word' id='word_1_68' title='bbox 507 497 670 532; x_wconf 82' lang='grc' dir='ltr'><strong>συγγενίδας</strong></span> <span class='ocrx_word' id='word_1_69' title='bbox 684 497 774 524; x_wconf 84' lang='grc' dir='ltr'>αὐτῶν</span> <span class='ocrx_word' id='word_1_70' title='bbox 792 496 861 533; x_wconf 79' lang='grc' dir='ltr'>πρὸς</span> 
     </span>
    </p>
   </div>
   <div class='ocr_carea' id='block_1_12' title="bbox 67 543 872 580">
    <p class='ocr_par' dir='ltr' id='par_1_12' title="bbox 67 543 872 580">
     <span class='ocr_line' id='line_1_12' title="bbox 67 543 872 580; baseline -0.001 -10"><span class='ocrx_word' id='word_1_71' title='bbox 67 545 160 580; x_wconf 86' lang='grc' dir='ltr'>γάμον</span> <span class='ocrx_word' id='word_1_72' title='bbox 175 544 280 578; x_wconf 81' lang='grc' dir='ltr'>ἄγουσι,</span> <span class='ocrx_word' id='word_1_73' title='bbox 291 543 341 580; x_wconf 79' lang='grc' dir='ltr'>τὴν</span> <span class='ocrx_word' id='word_1_74' title='bbox 355 544 475 571; x_wconf 83' lang='grc' dir='ltr'>παλαιὰν</span> <span class='ocrx_word' id='word_1_75' title='bbox 497 544 616 579; x_wconf 71' lang='grc' dir='ltr'>οἰόμενοι</span> <span class='ocrx_word' id='word_1_76' title='bbox 643 543 792 578; x_wconf 77' lang='grc' dir='ltr'><strong>φυλάττειν</strong></span> <span class='ocrx_word' id='word_1_77' title='bbox 818 551 872 578; x_wconf 62' lang='grc' dir='ltr'><strong>νο-⁵</strong></span> 
     </span>
    </p>
   </div>
   <div class='ocr_carea' id='block_1_13' title="bbox 69 586 857 625">
    <p class='ocr_par' dir='ltr' id='par_1_13' title="bbox 69 586 857 625">
     <span class='ocr_line' id='line_1_13' title="bbox 69 586 857 625; baseline -0.001 -10"><span class='ocrx_word' id='word_1_78' title='bbox 69 590 214 625; x_wconf 77' lang='grc' dir='ltr'>μοθεσίαψ</span> <span class='ocrx_word' id='word_1_79' title='bbox 228 589 257 623; x_wconf 77' lang='grc' dir='ltr'><strong>ἐξ</strong></span> <span class='ocrx_word' id='word_1_80' title='bbox 266 589 444 625; x_wconf 82' lang='grc' dir='ltr'>Ἰερουσαλήμ</span> <span class='ocrx_word' id='word_1_81' title='bbox 458 598 488 616; x_wconf 82' lang='grc' dir='ltr'><strong>τε</strong></span> <span class='ocrx_word' id='word_1_82' title='bbox 501 589 628 621; x_wconf 76' lang='grc' dir='ltr'>λέγουσιν</span> <span class='ocrx_word' id='word_1_83' title='bbox 645 586 716 615; x_wconf 85' lang='grc' dir='ltr'>ιῖναι</span> <span class='ocrx_word' id='word_1_84' title='bbox 728 588 780 623; x_wconf 85' lang='grc' dir='ltr'>τὴν</span> <span class='ocrx_word' id='word_1_85' title='bbox 792 588 857 622; x_wconf 77' lang='grc' dir='ltr'>γέν-</span> 
     </span>
    </p>
   </div>
   <div class='ocr_carea' id='block_1_14' title="bbox 68 634 862 670">
    <p class='ocr_par' dir='ltr' id='par_1_14' title="bbox 68 634 862 670">
     <span class='ocr_line' id='line_1_14' title="bbox 68 634 862 670; baseline -0.001 -9"><span class='ocrx_word' id='word_1_86' title='bbox 68 643 150 669; x_wconf 89' lang='grc' dir='ltr'>νησιν</span> <span class='ocrx_word' id='word_1_87' title='bbox 169 634 270 667; x_wconf 81' lang='grc' dir='ltr'>αὐτῶν,</span> <span class='ocrx_word' id='word_1_88' title='bbox 290 635 336 662; x_wconf 77' lang='grc' dir='ltr'>καὶ</span> <span class='ocrx_word' id='word_1_89' title='bbox 351 635 384 661; x_wconf 74' lang='grc' dir='ltr'>ἐκ</span> <span class='ocrx_word' id='word_1_90' title='bbox 403 635 459 661; x_wconf 82' lang='grc' dir='ltr'><strong>τῶν</strong></span> <span class='ocrx_word' id='word_1_91' title='bbox 484 636 575 662; x_wconf 76' lang='grc' dir='ltr'>ἐκεῖσε</span> <span class='ocrx_word' id='word_1_92' title='bbox 597 635 658 662; x_wconf 81' lang='grc' dir='ltr'>κατ’</span> <span class='ocrx_word' id='word_1_93' title='bbox 671 634 738 670; x_wconf 75' lang='grc' dir='ltr'>ὄναρ</span> <span class='ocrx_word' id='word_1_94' title='bbox 764 634 862 670; x_wconf 87' lang='grc' dir='ltr'>μετελ-</span> 
     </span>
    </p>
   </div>
   <div class='ocr_carea' id='block_1_15' title="bbox 69 679 862 716">
    <p class='ocr_par' dir='ltr' id='par_1_15' title="bbox 69 679 862 716">
     <span class='ocr_line' id='line_1_15' title="bbox 69 679 862 716; baseline 0 -9"><span class='ocrx_word' id='word_1_95' title='bbox 69 679 141 714; x_wconf 80' lang='grc' dir='ltr'>θεῖν,</span> <span class='ocrx_word' id='word_1_96' title='bbox 161 681 209 707; x_wconf 74' lang='grc' dir='ltr'>καὶ</span> <span class='ocrx_word' id='word_1_97' title='bbox 221 681 383 716; x_wconf 82' lang='grc' dir='ltr'><strong>κατοικῆσαι</strong></span> <span class='ocrx_word' id='word_1_98' title='bbox 400 680 468 716; x_wconf 75' lang='grc' dir='ltr'>πρὸς</span> <span class='ocrx_word' id='word_1_99' title='bbox 481 680 515 707; x_wconf 83' lang='grc' dir='ltr'><strong>τὰ</strong></span> <span class='ocrx_word' id='word_1_100' title='bbox 529 681 601 716; x_wconf 69' lang='grc' dir='ltr'>μέρη</span> <span class='ocrx_word' id='word_1_101' title='bbox 618 680 759 716; x_wconf 86' lang='grc' dir='ltr'>Περσίδος,</span> <span class='ocrx_word' id='word_1_102' title='bbox 777 681 862 716; x_wconf 75' lang='grc' dir='ltr'>ἠγουν</span> 
     </span>
    </p>
   </div>
   <div class='ocr_carea' id='block_1_16' title="bbox 68 726 861 763">
    <p class='ocr_par' dir='ltr' id='par_1_16' title="bbox 68 726 861 763">
     <span class='ocr_line' id='line_1_16' title="bbox 68 726 861 763; baseline -0.001 -9"><span class='ocrx_word' id='word_1_103' title='bbox 68 728 110 758; x_wconf 78' lang='grc' dir='ltr'>εἰς</span> <span class='ocrx_word' id='word_1_104' title='bbox 125 727 175 763; x_wconf 85' lang='grc' dir='ltr'>τὴν</span> <span class='ocrx_word' id='word_1_105' title='bbox 189 727 280 762; x_wconf 69' lang='grc' dir='ltr'>χώραν</span> <span class='ocrx_word' id='word_1_106' title='bbox 289 728 329 758; x_wconf 79' lang='grc' dir='ltr'><strong>είς</strong></span> <span class='ocrx_word' id='word_1_107' title='bbox 341 727 426 763; x_wconf 81' lang='grc' dir='ltr'>ῆννῠν</span> <span class='ocrx_word' id='word_1_108' title='bbox 434 726 566 754; x_wconf 81' lang='grc' dir='ltr'><strong>οἰκοῦσιν.</strong></span> <span class='ocrx_word' id='word_1_109' title='bbox 579 728 610 753; x_wconf 86' lang='lat' dir='ltr'><strong>0i.</strong></span> <span class='ocrx_word' id='word_1_110' title='bbox 621 727 649 753; x_wconf 75' lang='grc' dir='ltr'><strong>δὲ</strong></span> <span class='ocrx_word' id='word_1_111' title='bbox 656 726 861 762; x_wconf 80' lang='grc' dir='ltr'>χρηματισθέν-</span> 
     </span>
    </p>
   </div>
   <div class='ocr_carea' id='block_1_17' title="bbox 69 771 862 808">
    <p class='ocr_par' dir='ltr' id='par_1_17' title="bbox 69 771 862 808">
     <span class='ocr_line' id='line_1_17' title="bbox 69 771 862 808; baseline 0 -10"><span class='ocrx_word' id='word_1_112' title='bbox 69 780 119 804; x_wconf 86' lang='grc' dir='ltr'><strong>τες</strong></span> <span class='ocrx_word' id='word_1_113' title='bbox 134 773 180 798; x_wconf 79' lang='grc' dir='ltr'>καὶ</span> <span class='ocrx_word' id='word_1_114' title='bbox 195 772 350 804; x_wconf 77' lang='grc' dir='ltr'><strong>ἐξελθόντες</strong></span> <span class='ocrx_word' id='word_1_115' title='bbox 367 773 399 798; x_wconf 80' lang='grc' dir='ltr'><strong>ἐκ</strong></span> <span class='ocrx_word' id='word_1_116' title='bbox 412 772 462 806; x_wconf 84' lang='grc' dir='ltr'>τῆς</span> <span class='ocrx_word' id='word_1_117' title='bbox 482 771 658 808; x_wconf 86' lang='grc' dir='ltr'>Ἰερουσαλημ</span> <span class='ocrx_word' id='word_1_118' title='bbox 673 772 796 807; x_wconf 82' lang='grc' dir='ltr'><strong>ὑπῆρχον</strong></span> <span class='ocrx_word' id='word_1_119' title='bbox 808 772 822 798; x_wconf 86' lang='grc' dir='ltr'><strong>ὃ</strong></span> <span class='ocrx_word' id='word_1_120' title='bbox 832 781 862 798; x_wconf 87' lang='grc' dir='ltr'><strong>τε</strong></span> 
     </span>
    </p>
   </div>
   <div class='ocr_carea' id='block_1_18' title="bbox 70 817 863 853">
    <p class='ocr_par' dir='ltr' id='par_1_18' title="bbox 70 817 863 853">
     <span class='ocr_line' id='line_1_18' title="bbox 70 817 863 853; baseline -0.001 -8"><span class='ocrx_word' id='word_1_121' title='bbox 70 818 157 846; x_wconf 75' lang='grc' dir='ltr'><strong>Δαὸὶδ</strong></span> <span class='ocrx_word' id='word_1_122' title='bbox 163 819 276 850; x_wconf 71' lang='grc' dir='ltr'>ἐκεῖνος.</span> <span class='ocrx_word' id='word_1_123' title='bbox 289 819 335 845; x_wconf 72' lang='grc' dir='ltr'>καὶ</span> <span class='ocrx_word' id='word_1_124' title='bbox 347 818 362 844; x_wconf 81' lang='grc' dir='ltr'><strong>ὁ</strong></span> <span class='ocrx_word' id='word_1_125' title='bbox 372 818 484 852; x_wconf 72' lang='grc' dir='ltr'>ἀδελφὸς</span> <span class='ocrx_word' id='word_1_126' title='bbox 494 817 576 844; x_wconf 83' lang='grc' dir='ltr'>αὑτοῦ</span> <span class='ocrx_word' id='word_1_127' title='bbox 585 818 756 853; x_wconf 81' lang='grc' dir='ltr'>Σπανδιάτης</span> <span class='ocrx_word' id='word_1_128' title='bbox 765 826 772 833; x_wconf 92' lang='grc'><strong>·</strong></span> <span class='ocrx_word' id='word_1_129' title='bbox 788 818 863 850; x_wconf 80' lang='grc' dir='ltr'>ὅστις</span> 
     </span>
    </p>
   </div>
   <div class='ocr_carea' id='block_1_19' title="bbox 71 862 863 901">
    <p class='ocr_par' dir='ltr' id='par_1_19' title="bbox 71 862 863 901">
     <span class='ocr_line' id='line_1_19' title="bbox 71 862 863 901; baseline -0.003 -9"><span class='ocrx_word' id='word_1_130' title='bbox 71 865 248 901; x_wconf 78' lang='grc' dir='ltr'>Σπανδιατης</span> <span class='ocrx_word' id='word_1_131' title='bbox 266 862 301 901; x_wconf 82' lang='grc' dir='ltr'>ἦν</span> <span class='ocrx_word' id='word_1_132' title='bbox 325 865 358 891; x_wconf 82' lang='grc' dir='ltr'>ὲκ</span> <span class='ocrx_word' id='word_1_133' title='bbox 384 864 452 891; x_wconf 68' lang='grc' dir='ltr'>Θεοῦ</span> <span class='ocrx_word' id='word_1_134' title='bbox 465 864 556 891; x_wconf 75' lang='grc' dir='ltr'>λαϐὼν</span> <span class='ocrx_word' id='word_1_135' title='bbox 580 864 714 900; x_wconf 80' lang='grc' dir='ltr'><strong>χάρισμα,</strong></span> <span class='ocrx_word' id='word_1_136' title='bbox 728 864 766 896; x_wconf 89' lang='grc' dir='ltr'>ὼς</span> <span class='ocrx_word' id='word_1_137' title='bbox 785 864 863 891; x_wconf 80' lang='grc' dir='ltr'>αὐτοὶ</span> 
     </span>
    </p>
   </div>
   <div class='ocr_carea' id='block_1_20' title="bbox 917 261 1762 302">
    <p class='ocr_par' dir='ltr' id='par_1_20' title="bbox 917 261 1762 302">
     <span class='ocr_line' id='line_1_20' title="bbox 917 261 1762 302; baseline -0.002 -8"><span class='ocrx_word' id='word_1_138' title='bbox 917 271 952 295; x_wconf 68' lang='lat' dir='ltr'><strong>tae</strong></span> <span class='ocrx_word' id='word_1_139' title='bbox 966 267 1089 300; x_wconf 87' lang='lat' dir='ltr'><strong>Davidis,</strong></span> <span class='ocrx_word' id='word_1_140' title='bbox 1105 274 1138 295; x_wconf 86' lang='lat' dir='ltr'><strong>ac</strong></span> <span class='ocrx_word' id='word_1_141' title='bbox 1154 270 1297 302; x_wconf 87' lang='lat' dir='ltr'><strong>propterea</strong></span> <span class='ocrx_word' id='word_1_142' title='bbox 1311 265 1393 294; x_wconf 86' lang='lat' dir='ltr'><strong>etiam</strong></span> <span class='ocrx_word' id='word_1_143' title='bbox 1410 265 1592 293; x_wconf 65' lang='lat' dir='ltr'><strong>sanctissima:</strong></span> <span class='ocrx_word' id='word_1_144' title='bbox 1610 265 1708 299; x_wconf 86' lang='lat' dir='ltr'><strong>Deipa—</strong></span> <span class='ocrx_word' id='word_1_145' title='bbox 1754 261 1762 267; x_wconf 89' lang='grc'><em>’</em></span> 
     </span>
    </p>
   </div>
   <div class='ocr_carea' id='block_1_21' title="bbox 916 311 1709 349">
    <p class='ocr_par' dir='ltr' id='par_1_21' title="bbox 916 311 1709 349">
     <span class='ocr_line' id='line_1_21' title="bbox 916 311 1709 349; baseline -0.006 -7"><span class='ocrx_word' id='word_1_146' title='bbox 916 321 965 346; x_wconf 69' lang='lat' dir='ltr'><strong>rae,</strong></span> <span class='ocrx_word' id='word_1_147' title='bbox 980 314 1053 349; x_wconf 91' lang='lat' dir='ltr'><strong>quod</strong></span> <span class='ocrx_word' id='word_1_148' title='bbox 1071 321 1103 342; x_wconf 82' lang='lat' dir='ltr'><strong>ex</strong></span> <span class='ocrx_word' id='word_1_149' title='bbox 1121 313 1226 341; x_wconf 88' lang='lat' dir='ltr'><strong>semine</strong></span> <span class='ocrx_word' id='word_1_150' title='bbox 1250 312 1361 340; x_wconf 88' lang='lat' dir='ltr'><strong>Davidis</strong></span> <span class='ocrx_word' id='word_1_151' title='bbox 1380 319 1412 340; x_wconf 84' lang='lat' dir='ltr'><strong>ea</strong></span> <span class='ocrx_word' id='word_1_152' title='bbox 1439 312 1554 339; x_wconf 77' lang='lat' dir='ltr'><strong>oriunda</strong></span> <span class='ocrx_word' id='word_1_153' title='bbox 1581 311 1626 339; x_wconf 87' lang='lat' dir='ltr'><strong>sit.</strong></span> <span class='ocrx_word' id='word_1_154' title='bbox 1654 311 1709 337; x_wconf 79' lang='lat' dir='ltr'><strong>Ea-</strong></span> 
     </span>
    </p>
   </div>
   <div class='ocr_carea' id='block_1_22' title="bbox 916 358 1708 396">
    <p class='ocr_par' dir='ltr' id='par_1_22' title="bbox 916 358 1708 396">
     <span class='ocr_line' id='line_1_22' title="bbox 916 358 1708 396; baseline -0.004 -9"><span class='ocrx_word' id='word_1_155' title='bbox 916 364 1030 396; x_wconf 85' lang='lat' dir='ltr'><strong>propter</strong></span> <span class='ocrx_word' id='word_1_156' title='bbox 1047 361 1129 388; x_wconf 79' lang='lat' dir='ltr'><strong>etiam</strong></span> <span class='ocrx_word' id='word_1_157' title='bbox 1147 359 1255 387; x_wconf 88' lang='lat' dir='ltr'><strong>lberum</strong></span> <span class='ocrx_word' id='word_1_158' title='bbox 1272 362 1414 393; x_wconf 85' lang='lat' dir='ltr'><strong>magnates</strong></span> <span class='ocrx_word' id='word_1_159' title='bbox 1431 358 1503 385; x_wconf 89' lang='lat' dir='ltr'><strong>inter</strong></span> <span class='ocrx_word' id='word_1_160' title='bbox 1518 365 1566 386; x_wconf 86' lang='lat' dir='ltr'><strong>eos</strong></span> <span class='ocrx_word' id='word_1_161' title='bbox 1583 358 1708 386; x_wconf 88' lang='lat' dir='ltr'><strong>sineullo</strong></span> 
     </span>
    </p>
   </div>
   <div class='ocr_carea' id='block_1_23' title="bbox 915 404 1706 441">
    <p class='ocr_par' dir='ltr' id='par_1_23' title="bbox 915 404 1706 441">
     <span class='ocr_line' id='line_1_23' title="bbox 915 404 1706 441; baseline -0.005 -7"><span class='ocrx_word' id='word_1_162' title='bbox 915 406 1112 441; x_wconf 87' lang='lat' dir='ltr'><strong>impedimento</strong></span> <span class='ocrx_word' id='word_1_163' title='bbox 1135 408 1267 440; x_wconf 83' lang='lat' dir='ltr'><strong>cognatas</strong></span> <span class='ocrx_word' id='word_1_164' title='bbox 1287 404 1403 436; x_wconf 86' lang='lat' dir='ltr'><strong>ducunt,</strong></span> <span class='ocrx_word' id='word_1_165' title='bbox 1424 408 1545 431; x_wconf 88' lang='lat' dir='ltr'><strong>veterem</strong></span> <span class='ocrx_word' id='word_1_166' title='bbox 1570 411 1601 431; x_wconf 83' lang='lat' dir='ltr'><strong>se</strong></span> <span class='ocrx_word' id='word_1_167' title='bbox 1619 404 1706 438; x_wconf 84' lang='lat' dir='ltr'><strong>legem</strong></span> 
     </span>
    </p>
   </div>
   <div class='ocr_carea' id='block_1_24' title="bbox 915 449 1706 484">
    <p class='ocr_par' dir='ltr' id='par_1_24' title="bbox 915 449 1706 484">
     <span class='ocr_line' id='line_1_24' title="bbox 915 449 1706 484; baseline -0.005 -4"><span class='ocrx_word' id='word_1_168' title='bbox 915 452 1064 480; x_wconf 83' lang='lat' dir='ltr'><strong>observare</strong></span> <span class='ocrx_word' id='word_1_169' title='bbox 1077 451 1286 479; x_wconf 76' lang='lat' dir='ltr'><strong>existimantes:</strong></span> <span class='ocrx_word' id='word_1_170' title='bbox 1309 454 1337 478; x_wconf 88' lang='lat' dir='ltr'><strong>et</strong></span> <span class='ocrx_word' id='word_1_171' title='bbox 1354 449 1553 484; x_wconf 82' lang='lat' dir='ltr'><strong>Hierosolymis</strong></span> <span class='ocrx_word' id='word_1_172' title='bbox 1569 450 1706 476; x_wconf 84' lang='lat' dir='ltr'><strong>nationem</strong></span> 
     </span>
    </p>
   </div>
   <div class='ocr_carea' id='block_1_25' title="bbox 916 495 1710 532">
    <p class='ocr_par' dir='ltr' id='par_1_25' title="bbox 916 495 1710 532">
     <span class='ocr_line' id='line_1_25' title="bbox 916 495 1710 532; baseline -0.005 -6"><span class='ocrx_word' id='word_1_173' title='bbox 916 506 994 526; x_wconf 80' lang='lat' dir='ltr'><strong>suam</strong></span> <span class='ocrx_word' id='word_1_174' title='bbox 1009 502 1100 526; x_wconf 89' lang='lat' dir='ltr'><strong>ortum</strong></span> <span class='ocrx_word' id='word_1_175' title='bbox 1117 498 1226 525; x_wconf 82' lang='lat' dir='ltr'><strong>trahere</strong></span> <span class='ocrx_word' id='word_1_176' title='bbox 1242 497 1350 530; x_wconf 91' lang='lat' dir='ltr'><strong>dicunt,</strong></span> <span class='ocrx_word' id='word_1_177' title='bbox 1372 500 1454 532; x_wconf 83' lang='lat' dir='ltr'><strong>atque</strong></span> <span class='ocrx_word' id='word_1_178' title='bbox 1475 496 1538 523; x_wconf 85' lang='lat' dir='ltr'><strong>inde</strong></span> <span class='ocrx_word' id='word_1_179' title='bbox 1561 495 1588 522; x_wconf 87' lang='lat' dir='ltr'><strong>in</strong></span> <span class='ocrx_word' id='word_1_180' title='bbox 1605 496 1710 523; x_wconf 82' lang='lat' dir='ltr'><strong>somnis</strong></span> 
     </span>
    </p>
   </div>
   <div class='ocr_carea' id='block_1_26' title="bbox 915 540 1710 579">
    <p class='ocr_par' dir='ltr' id='par_1_26' title="bbox 915 540 1710 579">
     <span class='ocr_line' id='line_1_26' title="bbox 915 540 1710 579; baseline -0.005 -8"><span class='ocrx_word' id='word_1_181' title='bbox 915 544 1037 572; x_wconf 76' lang='lat' dir='ltr'><strong>monitos</strong></span> <span class='ocrx_word' id='word_1_182' title='bbox 1062 543 1209 579; x_wconf 76' lang='lat' dir='ltr'><strong>migrasse,</strong></span> <span class='ocrx_word' id='word_1_183' title='bbox 1235 542 1385 576; x_wconf 88' lang='lat' dir='ltr'><strong>sedemque</strong></span> <span class='ocrx_word' id='word_1_184' title='bbox 1411 541 1536 577; x_wconf 79' lang='lat' dir='ltr'><strong>posuisse</strong></span> <span class='ocrx_word' id='word_1_185' title='bbox 1567 540 1595 568; x_wconf 92' lang='lat' dir='ltr'><strong>in</strong></span> <span class='ocrx_word' id='word_1_186' title='bbox 1625 541 1710 576; x_wconf 82' lang='lat' dir='ltr'><strong>parti-</strong></span> 
     </span>
    </p>
   </div>
   <div class='ocr_carea' id='block_1_27' title="bbox 915 586 1711 625">
    <p class='ocr_par' dir='ltr' id='par_1_27' title="bbox 915 586 1711 625">
     <span class='ocr_line' id='line_1_27' title="bbox 915 586 1711 625; baseline -0.005 -7"><span class='ocrx_word' id='word_1_187' title='bbox 915 590 969 618; x_wconf 90' lang='lat' dir='ltr'><strong>bus</strong></span> <span class='ocrx_word' id='word_1_188' title='bbox 993 589 1116 617; x_wconf 79' lang='lat' dir='ltr'><strong>Persidis</strong></span> <span class='ocrx_word' id='word_1_189' title='bbox 1145 596 1216 625; x_wconf 88' lang='lat' dir='ltr'><strong>quas</strong></span> <span class='ocrx_word' id='word_1_190' title='bbox 1255 589 1337 616; x_wconf 85' lang='lat' dir='ltr'><strong>etiam</strong></span> <span class='ocrx_word' id='word_1_191' title='bbox 1367 588 1394 615; x_wconf 92' lang='lat' dir='ltr'><strong>in</strong></span> <span class='ocrx_word' id='word_1_192' title='bbox 1424 586 1589 614; x_wconf 87' lang='lat' dir='ltr'><strong>hodiernum</strong></span> <span class='ocrx_word' id='word_1_193' title='bbox 1624 594 1711 622; x_wconf 78' lang='lat' dir='ltr'><strong>usque</strong></span> 
     </span>
    </p>
   </div>
   <div class='ocr_carea' id='block_1_28' title="bbox 916 633 1711 668">
    <p class='ocr_par' dir='ltr' id='par_1_28' title="bbox 916 633 1711 668">
     <span class='ocr_line' id='line_1_28' title="bbox 916 633 1711 668; baseline -0.006 -4"><span class='ocrx_word' id='word_1_194' title='bbox 916 637 990 665; x_wconf 89' lang='lat' dir='ltr'><strong>diem</strong></span> <span class='ocrx_word' id='word_1_195' title='bbox 1022 636 1159 663; x_wconf 90' lang='lat' dir='ltr'><strong>incolunt.</strong></span> <span class='ocrx_word' id='word_1_196' title='bbox 1188 634 1242 667; x_wconf 84' lang='lat' dir='ltr'><strong>Qui</strong></span> <span class='ocrx_word' id='word_1_197' title='bbox 1271 638 1363 662; x_wconf 82' lang='lat' dir='ltr'><strong>autem</strong></span> <span class='ocrx_word' id='word_1_198' title='bbox 1392 633 1589 668; x_wconf 86' lang='lat' dir='ltr'><strong>Hierosolymis</strong></span> <span class='ocrx_word' id='word_1_199' title='bbox 1616 639 1711 660; x_wconf 81' lang='lat' dir='ltr'><strong>exces-</strong></span> 
     </span>
    </p>
   </div>
   <div class='ocr_carea' id='block_1_29' title="bbox 917 678 1709 716">
    <p class='ocr_par' dir='ltr' id='par_1_29' title="bbox 917 678 1709 716">
     <span class='ocr_line' id='line_1_29' title="bbox 917 678 1709 716; baseline -0.005 -6"><span class='ocrx_word' id='word_1_200' title='bbox 917 686 1036 716; x_wconf 87' lang='lat' dir='ltr'><strong>serunt,</strong></span> <span class='ocrx_word' id='word_1_201' title='bbox 1060 681 1145 709; x_wconf 81' lang='lat' dir='ltr'><strong>David</strong></span> <span class='ocrx_word' id='word_1_202' title='bbox 1169 681 1215 709; x_wconf 93' lang='lat' dir='ltr'><strong>ille</strong></span> <span class='ocrx_word' id='word_1_203' title='bbox 1242 685 1322 715; x_wconf 88' lang='lat' dir='ltr'><strong>erat,</strong></span> <span class='ocrx_word' id='word_1_204' title='bbox 1347 684 1373 708; x_wconf 88' lang='lat' dir='ltr'><strong>et</strong></span> <span class='ocrx_word' id='word_1_205' title='bbox 1395 679 1481 707; x_wconf 87' lang='lat' dir='ltr'><strong>frater</strong></span> <span class='ocrx_word' id='word_1_206' title='bbox 1508 679 1596 714; x_wconf 86' lang='lat' dir='ltr'><strong>ipsius</strong></span> <span class='ocrx_word' id='word_1_207' title='bbox 1622 678 1709 714; x_wconf 87' lang='lat' dir='ltr'><strong>Span-</strong></span> 
     </span>
    </p>
   </div>
   <div class='ocr_carea' id='block_1_30' title="bbox 916 725 1747 763">
    <p class='ocr_par' dir='ltr' id='par_1_30' title="bbox 916 725 1747 763">
     <span class='ocr_line' id='line_1_30' title="bbox 916 725 1747 763; baseline -0.005 -8"><span class='ocrx_word' id='word_1_208' title='bbox 916 729 1025 762; x_wconf 88' lang='lat' dir='ltr'><strong>diatcs;</strong></span> <span class='ocrx_word' id='word_1_209' title='bbox 1047 727 1094 763; x_wconf 85' lang='lat' dir='ltr'><strong>qui</strong></span> <span class='ocrx_word' id='word_1_210' title='bbox 1122 728 1232 763; x_wconf 87' lang='lat' dir='ltr'><strong>quidem</strong></span> <span class='ocrx_word' id='word_1_211' title='bbox 1262 726 1437 762; x_wconf 79' lang='lat' dir='ltr'><strong>Spandiates,</strong></span> <span class='ocrx_word' id='word_1_212' title='bbox 1455 729 1487 753; x_wconf 81' lang='lat' dir='ltr'><strong>ut</strong></span> <span class='ocrx_word' id='word_1_213' title='bbox 1512 725 1565 760; x_wconf 88' lang='lat' dir='ltr'><strong>ipsi</strong></span> <span class='ocrx_word' id='word_1_214' title='bbox 1586 728 1710 758; x_wconf 77' lang='lat' dir='ltr'><strong>narrant,</strong></span> <span class='ocrx_word' id='word_1_215' title='bbox 1745 742 1747 745; x_wconf 88' lang='lat'>-</span> 
     </span>
    </p>
   </div>
   <div class='ocr_carea' id='block_1_31' title="bbox 916 771 1711 812">
    <p class='ocr_par' dir='ltr' id='par_1_31' title="bbox 916 771 1711 812">
     <span class='ocr_line' id='line_1_31' title="bbox 916 771 1711 812; baseline -0.003 -12"><span class='ocrx_word' id='word_1_216' title='bbox 916 774 1034 812; x_wconf 80' lang='lat' dir='ltr'><strong>gratiam</strong></span> <span class='ocrx_word' id='word_1_217' title='bbox 1051 781 1067 800; x_wconf 91' lang='lat' dir='ltr'><strong>a</strong></span> <span class='ocrx_word' id='word_1_218' title='bbox 1084 772 1140 800; x_wconf 88' lang='lat' dir='ltr'><strong>Deo</strong></span> <span class='ocrx_word' id='word_1_219' title='bbox 1158 772 1274 808; x_wconf 86' lang='lat' dir='ltr'><strong>accepit,</strong></span> <span class='ocrx_word' id='word_1_220' title='bbox 1295 776 1326 799; x_wconf 89' lang='lat' dir='ltr'><strong>ut</strong></span> <span class='ocrx_word' id='word_1_221' title='bbox 1338 771 1429 807; x_wconf 84' lang='lat' dir='ltr'><strong>gladio</strong></span> <span class='ocrx_word' id='word_1_222' title='bbox 1442 771 1585 798; x_wconf 87' lang='lat' dir='ltr'><strong>vulnerari</strong></span> <span class='ocrx_word' id='word_1_223' title='bbox 1599 771 1627 798; x_wconf 91' lang='lat' dir='ltr'><strong>in</strong></span> <span class='ocrx_word' id='word_1_224' title='bbox 1639 771 1711 798; x_wconf 87' lang='lat' dir='ltr'><strong>bello</strong></span> 
     </span>
    </p>
   </div>
   <div class='ocr_carea' id='block_1_32' title="bbox 916 817 1712 855">
    <p class='ocr_par' dir='ltr' id='par_1_32' title="bbox 916 817 1712 855">
     <span class='ocr_line' id='line_1_32' title="bbox 916 817 1712 855; baseline -0.006 -7"><span class='ocrx_word' id='word_1_225' title='bbox 916 820 1024 848; x_wconf 88' lang='lat' dir='ltr'><strong>nullum</strong></span> <span class='ocrx_word' id='word_1_226' title='bbox 1051 820 1139 855; x_wconf 87' lang='lat' dir='ltr'><strong>ipsius</strong></span> <span class='ocrx_word' id='word_1_227' title='bbox 1160 819 1312 847; x_wconf 88' lang='lat' dir='ltr'><strong>membrum</strong></span> <span class='ocrx_word' id='word_1_228' title='bbox 1340 822 1445 854; x_wconf 84' lang='lat' dir='ltr'><strong>posset.</strong></span> <span class='ocrx_word' id='word_1_229' title='bbox 1471 821 1588 853; x_wconf 79' lang='lat' dir='ltr'><strong>excepto</strong></span> <span class='ocrx_word' id='word_1_230' title='bbox 1617 817 1712 850; x_wconf 87' lang='lat' dir='ltr'><strong>corde,</strong></span> 
     </span>
    </p>
   </div>
   <div class='ocr_carea' id='block_1_33' title="bbox 916 863 1709 902">
    <p class='ocr_par' dir='ltr' id='par_1_33' title="bbox 916 863 1709 902">
     <span class='ocr_line' id='line_1_33' title="bbox 916 863 1709 902; baseline -0.004 -9"><span class='ocrx_word' id='word_1_231' title='bbox 916 867 990 902; x_wconf 88' lang='lat' dir='ltr'><strong>quod</strong></span> <span class='ocrx_word' id='word_1_232' title='bbox 1005 866 1088 894; x_wconf 83' lang='lat' dir='ltr'><strong>etiam</strong></span> <span class='ocrx_word' id='word_1_233' title='bbox 1103 866 1130 893; x_wconf 91' lang='lat' dir='ltr'><strong>in</strong></span> <span class='ocrx_word' id='word_1_234' title='bbox 1148 865 1253 901; x_wconf 74' lang='lat' dir='ltr'><strong>praeliis</strong></span> <span class='ocrx_word' id='word_1_235' title='bbox 1268 870 1409 892; x_wconf 77' lang='lat' dir='ltr'><strong>armatura</strong></span> <span class='ocrx_word' id='word_1_236' title='bbox 1420 865 1538 900; x_wconf 84' lang='lat' dir='ltr'><strong>quadam</strong></span> <span class='ocrx_word' id='word_1_237' title='bbox 1555 863 1709 891; x_wconf 87' lang='lat' dir='ltr'><strong>muniebat:</strong></span> 
     </span>
    </p>
   </div>
   <div class='ocr_carea' id='block_1_34' title="bbox 71 909 870 946">
    <p class='ocr_par' dir='ltr' id='par_1_34' title="bbox 71 909 863 946">
     <span class='ocr_line' id='line_1_34' title="bbox 71 909 863 946; baseline -0.001 -9"><span class='ocrx_word' id='word_1_238' title='bbox 71 912 221 946; x_wconf 72' lang='grc' dir='ltr'>φάσκουσι,</span> <span class='ocrx_word' id='word_1_239' title='bbox 238 910 285 937; x_wconf 84' lang='grc' dir='ltr'>τοῦ</span> <span class='ocrx_word' id='word_1_240' title='bbox 303 910 340 946; x_wconf 83' lang='grc' dir='ltr'>μὴ</span> <span class='ocrx_word' id='word_1_241' title='bbox 356 912 385 938; x_wconf 88' lang='grc' dir='ltr'>ὲν</span> <span class='ocrx_word' id='word_1_242' title='bbox 397 910 508 946; x_wconf 84' lang='grc' dir='ltr'>πολέμῳ</span> <span class='ocrx_word' id='word_1_243' title='bbox 527 910 664 937; x_wconf 78' lang='grc' dir='ltr'>ἅπτεσθαι</span> <span class='ocrx_word' id='word_1_244' title='bbox 686 909 771 937; x_wconf 84' lang='grc' dir='ltr'>αὐτοῦ</span> <span class='ocrx_word' id='word_1_245' title='bbox 786 909 863 944; x_wconf 79' lang='grc' dir='ltr'>ξίφος</span> 
     </span>
    </p>
   </div>
   <div class='ocr_carea' id='block_1_35' title="bbox 924 909 1713 946">
    <p class='ocr_par' dir='ltr' id='par_1_35' title="bbox 924 909 1713 946">
     <span class='ocr_line' id='line_1_35' title="bbox 924 909 1713 946; baseline -0.006 -6"><span class='ocrx_word' id='word_1_246' title='bbox 924 913 990 940; x_wconf 74' lang='lat' dir='ltr'><strong>inde</strong></span> <span class='ocrx_word' id='word_1_247' title='bbox 1007 916 1034 940; x_wconf 85' lang='lat' dir='ltr'><strong>et</strong></span> <span class='ocrx_word' id='word_1_248' title='bbox 1051 912 1185 940; x_wconf 84' lang='lat' dir='ltr'><strong>terribilis</strong></span> <span class='ocrx_word' id='word_1_249' title='bbox 1207 911 1299 940; x_wconf 81' lang='lat' dir='ltr'><strong>Persis</strong></span> <span class='ocrx_word' id='word_1_250' title='bbox 1314 915 1384 944; x_wconf 81' lang='lat' dir='ltr'><strong>erat,</strong></span> <span class='ocrx_word' id='word_1_251' title='bbox 1401 918 1471 946; x_wconf 89' lang='lat' dir='ltr'><strong>quos</strong></span> <span class='ocrx_word' id='word_1_252' title='bbox 1488 910 1599 943; x_wconf 85' lang='lat' dir='ltr'><strong>devicit,</strong></span> <span class='ocrx_word' id='word_1_253' title='bbox 1617 909 1713 936; x_wconf 80' lang='lat' dir='ltr'><strong>debel-</strong></span> 
     </span>
    </p>
   </div>
   <div class='ocr_carea' id='block_1_36' title="bbox 70 955 862 993">
    <p class='ocr_par' dir='ltr' id='par_1_36' title="bbox 70 955 862 993">
     <span class='ocr_line' id='line_1_36' title="bbox 70 955 862 993; baseline -0.004 -8"><span class='ocrx_word' id='word_1_254' title='bbox 70 959 113 989; x_wconf 78' lang='grc' dir='ltr'><strong>είς</strong></span> <span class='ocrx_word' id='word_1_255' title='bbox 126 956 181 985; x_wconf 79' lang='grc' dir='ltr'>οἷον</span> <span class='ocrx_word' id='word_1_256' title='bbox 195 958 295 993; x_wconf 79' lang='grc' dir='ltr'>δήποτε</span> <span class='ocrx_word' id='word_1_257' title='bbox 312 957 392 992; x_wconf 83' lang='grc' dir='ltr'>μέλος</span> <span class='ocrx_word' id='word_1_258' title='bbox 408 957 456 984; x_wconf 82' lang='grc' dir='ltr'>τοῦ</span> <span class='ocrx_word' id='word_1_259' title='bbox 476 956 603 992; x_wconf 89' lang='grc' dir='ltr'>σώματος</span> <span class='ocrx_word' id='word_1_260' title='bbox 618 955 712 989; x_wconf 79' lang='grc' dir='ltr'>αὐτοῦ,</span> <span class='ocrx_word' id='word_1_261' title='bbox 729 956 794 983; x_wconf 75' lang='grc' dir='ltr'>ἄνευ</span> <span class='ocrx_word' id='word_1_262' title='bbox 812 955 862 991; x_wconf 85' lang='grc' dir='ltr'>τῆς</span> 
     </span>
    </p>
   </div>
   <div class='ocr_carea' id='block_1_37' title="bbox 71 1002 863 1040">
    <p class='ocr_par' dir='ltr' id='par_1_37' title="bbox 71 1002 863 1040">
     <span class='ocr_line' id='line_1_37' title="bbox 71 1002 863 1040; baseline -0.004 -9"><span class='ocrx_word' id='word_1_263' title='bbox 71 1004 200 1040; x_wconf 79' lang='grc' dir='ltr'><strong>καρδίας,</strong></span> <span class='ocrx_word' id='word_1_264' title='bbox 216 1003 250 1039; x_wconf 77' lang='grc' dir='ltr'>ἢν</span> <span class='ocrx_word' id='word_1_265' title='bbox 260 1004 307 1030; x_wconf 78' lang='grc' dir='ltr'>καὶ</span> <span class='ocrx_word' id='word_1_266' title='bbox 325 1003 370 1029; x_wconf 85' lang='grc' dir='ltr'><strong>διά</strong></span> <span class='ocrx_word' id='word_1_267' title='bbox 388 1012 460 1034; x_wconf 81' lang='grc' dir='ltr'>τινος</span> <span class='ocrx_word' id='word_1_268' title='bbox 480 1002 742 1038; x_wconf 84' lang='grc' dir='ltr'>περισκεπάσματος</span> <span class='ocrx_word' id='word_1_269' title='bbox 759 1002 789 1029; x_wconf 76' lang='grc' dir='ltr'>ὲν</span> <span class='ocrx_word' id='word_1_270' title='bbox 806 1003 863 1033; x_wconf 84' lang='grc' dir='ltr'>τοῖς</span> 
     </span>
    </p>
   </div>
   <div class='ocr_carea' id='block_1_38' title="bbox 72 1048 864 1087">
    <p class='ocr_par' dir='ltr' id='par_1_38' title="bbox 72 1048 864 1087">
     <span class='ocr_line' id='line_1_38' title="bbox 72 1048 864 1087; baseline -0.003 -9"><span class='ocrx_word' id='word_1_271' title='bbox 72 1052 205 1086; x_wconf 80' lang='grc' dir='ltr'><strong>πολέμοις</strong></span> <span class='ocrx_word' id='word_1_272' title='bbox 216 1050 421 1087; x_wconf 77' lang='grc' dir='ltr'>περιεφρούρει.</span> <span class='ocrx_word' id='word_1_273' title='bbox 433 1050 482 1077; x_wconf 75' lang='grc' dir='ltr'>Διὰ</span> <span class='ocrx_word' id='word_1_274' title='bbox 495 1049 574 1077; x_wconf 81' lang='grc' dir='ltr'>τοῦτο</span> <span class='ocrx_word' id='word_1_275' title='bbox 584 1050 631 1077; x_wconf 78' lang='grc' dir='ltr'><strong>καὶ</strong></span> <span class='ocrx_word' id='word_1_276' title='bbox 643 1049 789 1077; x_wconf 71' lang='grc' dir='ltr'>ἐπτοοῦντο</span> <span class='ocrx_word' id='word_1_277' title='bbox 799 1048 864 1076; x_wconf 82' lang='grc' dir='ltr'><strong>τοῦ-</strong></span> 
     </span>
    </p>
   </div>
   <div class='ocr_carea' id='block_1_39' title="bbox 72 1094 865 1133">
    <p class='ocr_par' dir='ltr' id='par_1_39' title="bbox 72 1094 865 1133">
     <span class='ocr_line' id='line_1_39' title="bbox 72 1094 865 1133; baseline -0.001 -9"><span class='ocrx_word' id='word_1_278' title='bbox 72 1106 120 1125; x_wconf 88' lang='grc' dir='ltr'><strong>τον</strong></span> <span class='ocrx_word' id='word_1_279' title='bbox 127 1099 174 1124; x_wconf 71' lang='grc' dir='ltr'>καὶ</span> <span class='ocrx_word' id='word_1_280' title='bbox 188 1094 335 1124; x_wconf 73' lang='grc' dir='ltr'>ὲδεδίεισαν</span> <span class='ocrx_word' id='word_1_281' title='bbox 350 1098 375 1124; x_wconf 73' lang='lat' dir='ltr'><strong>ot</strong></span> <span class='ocrx_word' id='word_1_282' title='bbox 389 1097 505 1133; x_wconf 68' lang='grc' dir='ltr'>Πέρσαι·</span> <span class='ocrx_word' id='word_1_283' title='bbox 519 1096 569 1124; x_wconf 75' lang='grc' dir='ltr'><strong>ὸδὲ</strong></span> <span class='ocrx_word' id='word_1_284' title='bbox 576 1096 701 1132; x_wconf 81' lang='grc' dir='ltr'><strong>νενίκηκε</strong></span> <span class='ocrx_word' id='word_1_285' title='bbox 712 1096 810 1128; x_wconf 82' lang='grc' dir='ltr'>αὐτοὺς</span> <span class='ocrx_word' id='word_1_286' title='bbox 816 1095 865 1123; x_wconf 81' lang='grc' dir='ltr'>καὶ</span> 
     </span>
    </p>
   </div>
   <div class='ocr_carea' id='block_1_40' title="bbox 73 1142 865 1179">
    <p class='ocr_par' dir='ltr' id='par_1_40' title="bbox 73 1142 865 1179">
     <span class='ocr_line' id='line_1_40' title="bbox 73 1142 865 1179; baseline -0.001 -8"><span class='ocrx_word' id='word_1_287' title='bbox 73 1144 167 1171; x_wconf 73' lang='grc' dir='ltr'>αὐτῶν</span> <span class='ocrx_word' id='word_1_288' title='bbox 193 1144 394 1179; x_wconf 78' lang='grc' dir='ltr'>κατεκράτησε,</span> <span class='ocrx_word' id='word_1_289' title='bbox 415 1143 464 1170; x_wconf 81' lang='grc' dir='ltr'>καὶ</span> <span class='ocrx_word' id='word_1_290' title='bbox 481 1145 545 1176; x_wconf 72' lang='grc' dir='ltr'>τοὺς</span> <span class='ocrx_word' id='word_1_291' title='bbox 566 1143 708 1178; x_wconf 73' lang='grc' dir='ltr'>συγγενεῖς</span> <span class='ocrx_word' id='word_1_292' title='bbox 731 1142 865 1170; x_wconf 69' lang='grc' dir='ltr'>ινοίκισεν</span> 
     </span>
    </p>
   </div>
   <div class='ocr_carea' id='block_1_41' title="bbox 76 1188 865 1226">
    <p class='ocr_par' dir='ltr' id='par_1_41' title="bbox 76 1188 865 1226">
     <span class='ocr_line' id='line_1_41' title="bbox 76 1188 865 1226; baseline -0.003 -9"><span class='ocrx_word' id='word_1_293' title='bbox 76 1190 192 1226; x_wconf 77' lang='grc' dir='ltr'>Ἴϐηρας</span> <span class='ocrx_word' id='word_1_294' title='bbox 208 1191 247 1222; x_wconf 73' lang='grc' dir='ltr'>εἰς</span> <span class='ocrx_word' id='word_1_295' title='bbox 260 1189 309 1221; x_wconf 83' lang='grc' dir='ltr'><strong>τὰς</strong></span> <span class='ocrx_word' id='word_1_296' title='bbox 324 1189 469 1221; x_wconf 80' lang='grc' dir='ltr'>δυσκολίας</span> <span class='ocrx_word' id='word_1_297' title='bbox 481 1191 530 1221; x_wconf 81' lang='grc' dir='ltr'>τὰς</span> <span class='ocrx_word' id='word_1_298' title='bbox 547 1188 594 1216; x_wconf 77' lang='grc' dir='ltr'><strong>νῦν</strong></span> <span class='ocrx_word' id='word_1_299' title='bbox 610 1189 676 1225; x_wconf 84' lang='grc' dir='ltr'>παρ’</span> <span class='ocrx_word' id='word_1_300' title='bbox 695 1189 786 1225; x_wconf 78' lang='grc' dir='ltr'>αὐτῶν</span> <span class='ocrx_word' id='word_1_301' title='bbox 795 1196 865 1225; x_wconf 80' lang='grc' dir='ltr'>κρα-</span> 
     </span>
    </p>
   </div>
   <div class='ocr_carea' id='block_1_42' title="bbox 74 1232 867 1271">
    <p class='ocr_par' dir='ltr' id='par_1_42' title="bbox 74 1232 867 1271">
     <span class='ocr_line' id='line_1_42' title="bbox 74 1232 867 1271; baseline -0.004 -8"><span class='ocrx_word' id='word_1_302' title='bbox 74 1245 124 1263; x_wconf 87' lang='grc' dir='ltr'><strong>του</strong></span> <span class='ocrx_word' id='word_1_303' title='bbox 129 1236 211 1271; x_wconf 79' lang='grc' dir='ltr'>μένας</span> <span class='ocrx_word' id='word_1_304' title='bbox 222 1243 230 1251; x_wconf 75' lang='grc' dir='ltr'><strong>ο</strong></span> <span class='ocrx_word' id='word_1_305' title='bbox 245 1235 274 1268; x_wconf 78' lang='grc' dir='ltr'><strong>ἐξ</strong></span> <span class='ocrx_word' id='word_1_306' title='bbox 288 1232 326 1262; x_wconf 81' lang='grc' dir='ltr'>ὧν</span> <span class='ocrx_word' id='word_1_307' title='bbox 338 1235 397 1262; x_wconf 82' lang='grc' dir='ltr'>κατ’</span> <span class='ocrx_word' id='word_1_308' title='bbox 410 1235 500 1268; x_wconf 78' lang='grc' dir='ltr'>ὀλίγον</span> <span class='ocrx_word' id='word_1_309' title='bbox 519 1234 727 1270; x_wconf 73' lang='grc' dir='ltr'>ὲπλατύνθησαν</span> <span class='ocrx_word' id='word_1_310' title='bbox 743 1234 791 1261; x_wconf 80' lang='grc' dir='ltr'>καὶ</span> <span class='ocrx_word' id='word_1_311' title='bbox 815 1233 867 1269; x_wconf 82' lang='grc' dir='ltr'><strong>ηὐ-</strong></span> 
     </span>
    </p>
   </div>
   <div class='ocr_carea' id='block_1_43' title="bbox 77 1277 867 1316">
    <p class='ocr_par' dir='ltr' id='par_1_43' title="bbox 77 1277 867 1316">
     <span class='ocr_line' id='line_1_43' title="bbox 77 1277 867 1316; baseline -0.004 -7"><span class='ocrx_word' id='word_1_312' title='bbox 77 1282 225 1316; x_wconf 75' lang='grc' dir='ltr'>ξάνοησαν,</span> <span class='ocrx_word' id='word_1_313' title='bbox 252 1282 300 1308; x_wconf 77' lang='grc' dir='ltr'>καὶ</span> <span class='ocrx_word' id='word_1_314' title='bbox 324 1282 365 1313; x_wconf 78' lang='grc' dir='ltr'>εἰς</span> <span class='ocrx_word' id='word_1_315' title='bbox 393 1281 463 1316; x_wconf 81' lang='grc' dir='ltr'>μέγα</span> <span class='ocrx_word' id='word_1_316' title='bbox 480 1281 557 1311; x_wconf 74' lang='grc' dir='ltr'>ἔθνος</span> <span class='ocrx_word' id='word_1_317' title='bbox 574 1280 709 1314; x_wconf 68' lang='grc' dir='ltr'>ιγένοντο.</span> <span class='ocrx_word' id='word_1_318' title='bbox 724 1277 782 1306; x_wconf 72' lang='grc' dir='ltr'><strong>Εἴθ’</strong></span> <span class='ocrx_word' id='word_1_319' title='bbox 795 1278 867 1306; x_wconf 80' lang='grc' dir='ltr'>οὕτω</span> 
     </span>
    </p>
   </div>
   <div class='ocr_carea' id='block_1_44' title="bbox 76 1325 866 1364">
    <p class='ocr_par' dir='ltr' id='par_1_44' title="bbox 76 1325 866 1364">
     <span class='ocr_line' id='line_1_44' title="bbox 76 1325 866 1364; baseline -0.005 -9"><span class='ocrx_word' id='word_1_320' title='bbox 76 1328 125 1355; x_wconf 78' lang='grc' dir='ltr'>τοῦ</span> <span class='ocrx_word' id='word_1_321' title='bbox 141 1328 274 1364; x_wconf 75' lang='grc' dir='ltr'>βασιλέως</span> <span class='ocrx_word' id='word_1_322' title='bbox 294 1327 456 1363; x_wconf 82' lang='grc' dir='ltr'>Ἡρακλείου</span> <span class='ocrx_word' id='word_1_323' title='bbox 472 1327 543 1354; x_wconf 78' lang='grc' dir='ltr'>κατὰ</span> <span class='ocrx_word' id='word_1_324' title='bbox 558 1326 689 1362; x_wconf 79' lang='grc' dir='ltr'>Περσίδος</span> <span class='ocrx_word' id='word_1_325' title='bbox 699 1325 866 1361; x_wconf 71' lang='grc' dir='ltr'>ικστρατεύ-</span> 
     </span>
    </p>
   </div>
   <div class='ocr_carea' id='block_1_45' title="bbox 78 1371 868 1410">
    <p class='ocr_par' dir='ltr' id='par_1_45' title="bbox 78 1371 868 1410">
     <span class='ocr_line' id='line_1_45' title="bbox 78 1371 868 1410; baseline -0.005 -8"><span class='ocrx_word' id='word_1_326' title='bbox 78 1383 188 1407; x_wconf 76' lang='grc' dir='ltr'>σαντος,</span> <span class='ocrx_word' id='word_1_327' title='bbox 212 1374 357 1410; x_wconf 78' lang='grc' dir='ltr'>ὴνώοησαν</span> <span class='ocrx_word' id='word_1_328' title='bbox 384 1373 431 1400; x_wconf 79' lang='grc' dir='ltr'>καὶ</span> <span class='ocrx_word' id='word_1_329' title='bbox 458 1372 684 1405; x_wconf 78' lang='grc' dir='ltr'>συνεταξίδευσαν</span> <span class='ocrx_word' id='word_1_330' title='bbox 705 1371 792 1408; x_wconf 83' lang='grc' dir='ltr'>αὐτῷ,</span> <span class='ocrx_word' id='word_1_331' title='bbox 820 1371 868 1398; x_wconf 73' lang='grc' dir='ltr'>καὶ</span> 
     </span>
    </p>
   </div>
   <div class='ocr_carea' id='block_1_46' title="bbox 78 1417 868 1457">
    <p class='ocr_par' dir='ltr' id='par_1_46' title="bbox 78 1417 868 1457">
     <span class='ocr_line' id='line_1_46' title="bbox 78 1417 868 1457; baseline -0.008 -7"><span class='ocrx_word' id='word_1_332' title='bbox 78 1423 172 1450; x_wconf 73' lang='grc' dir='ltr'>Εκτοτε</span> <span class='ocrx_word' id='word_1_333' title='bbox 187 1422 323 1454; x_wconf 81' lang='grc' dir='ltr'><strong>ὑπέταξαν</strong></span> <span class='ocrx_word' id='word_1_334' title='bbox 340 1422 379 1457; x_wconf 88' lang='grc' dir='ltr'>τῷ</span> <span class='ocrx_word' id='word_1_335' title='bbox 396 1421 472 1457; x_wconf 74' lang='grc' dir='ltr'>φόϐῳ</span> <span class='ocrx_word' id='word_1_336' title='bbox 493 1420 654 1456; x_wconf 78' lang='grc' dir='ltr'>Ἡρακλείου</span> <span class='ocrx_word' id='word_1_337' title='bbox 669 1418 718 1446; x_wconf 82' lang='grc' dir='ltr'><strong>τοῦ</strong></span> <span class='ocrx_word' id='word_1_338' title='bbox 735 1417 868 1453; x_wconf 76' lang='grc' dir='ltr'>βασιλέως</span> 
     </span>
    </p>
   </div>
   <div class='ocr_carea' id='block_1_47' title="bbox 85 1463 869 1505">
    <p class='ocr_par' dir='ltr' id='par_1_47' title="bbox 85 1463 869 1505">
     <span class='ocr_line' id='line_1_47' title="bbox 85 1463 869 1505; baseline -0.008 -9"><span class='ocrx_word' id='word_1_339' title='bbox 85 1469 229 1505; x_wconf 81' lang='grc' dir='ltr'>Ῥωμαίων</span> <span class='ocrx_word' id='word_1_340' title='bbox 246 1469 358 1503; x_wconf 74' lang='grc' dir='ltr'>μᾶλλον,</span> <span class='ocrx_word' id='word_1_341' title='bbox 370 1469 443 1503; x_wconf 74' lang='grc' dir='ltr'>ἤπερ</span> <span class='ocrx_word' id='word_1_342' title='bbox 458 1469 491 1503; x_wconf 74' lang='grc' dir='ltr'><strong>τῇ</strong></span> <span class='ocrx_word' id='word_1_343' title='bbox 515 1467 619 1493; x_wconf 77' lang='grc' dir='ltr'>ἑαυτῶν</span> <span class='ocrx_word' id='word_1_344' title='bbox 632 1466 705 1500; x_wconf 83' lang='grc' dir='ltr'>ίσχύῖ</span> <span class='ocrx_word' id='word_1_345' title='bbox 721 1465 769 1492; x_wconf 73' lang='grc' dir='ltr'>καὶ</span> <span class='ocrx_word' id='word_1_346' title='bbox 788 1463 869 1491; x_wconf 82' lang='grc' dir='ltr'>δυνά-</span> 
     </span>
    </p>
   </div>
   <div class='ocr_carea' id='block_1_48' title="bbox 83 1509 869 1551">
    <p class='ocr_par' dir='ltr' id='par_1_48' title="bbox 83 1509 869 1551">
     <span class='ocr_line' id='line_1_48' title="bbox 83 1509 869 1551; baseline -0.008 -9"><span class='ocrx_word' id='word_1_347' title='bbox 83 1524 139 1551; x_wconf 84' lang='grc' dir='ltr'>μει,</span> <span class='ocrx_word' id='word_1_348' title='bbox 159 1516 251 1546; x_wconf 82' lang='grc' dir='ltr'>πόλεις</span> <span class='ocrx_word' id='word_1_349' title='bbox 275 1514 323 1541; x_wconf 80' lang='grc' dir='ltr'>καὶ</span> <span class='ocrx_word' id='word_1_350' title='bbox 344 1514 436 1550; x_wconf 88' lang='grc' dir='ltr'>χώρας</span> <span class='ocrx_word' id='word_1_351' title='bbox 456 1513 551 1544; x_wconf 85' lang='grc' dir='ltr'>ἱκανὰς</span> <span class='ocrx_word' id='word_1_352' title='bbox 568 1512 623 1539; x_wconf 85' lang='grc' dir='ltr'>τῶν</span> <span class='ocrx_word' id='word_1_353' title='bbox 638 1511 760 1547; x_wconf 82' lang='grc' dir='ltr'>Περσῶν.</span> <span class='ocrx_word' id='word_1_354' title='bbox 777 1509 869 1542; x_wconf 77' lang='grc' dir='ltr'><strong>’Δπαξ</strong></span> 
     </span>
    </p>
   </div>
   <div class='ocr_carea' id='block_1_49' title="bbox 81 1557 869 1597">
    <p class='ocr_par' dir='ltr' id='par_1_49' title="bbox 81 1557 869 1597">
     <span class='ocr_line' id='line_1_49' title="bbox 81 1557 869 1597; baseline -0.009 -9"><span class='ocrx_word' id='word_1_355' title='bbox 81 1562 137 1597; x_wconf 73' lang='grc' dir='ltr'><strong>γὰρ</strong></span> <span class='ocrx_word' id='word_1_356' title='bbox 149 1561 196 1588; x_wconf 82' lang='grc' dir='ltr'>τοῦ</span> <span class='ocrx_word' id='word_1_357' title='bbox 215 1560 348 1596; x_wconf 78' lang='grc' dir='ltr'>βασιλέως</span> <span class='ocrx_word' id='word_1_358' title='bbox 374 1558 535 1594; x_wconf 84' lang='grc' dir='ltr'>Ἡρακλείου</span> <span class='ocrx_word' id='word_1_359' title='bbox 552 1558 615 1589; x_wconf 73' lang='grc' dir='ltr'>τοὺς</span> <span class='ocrx_word' id='word_1_360' title='bbox 631 1557 738 1592; x_wconf 81' lang='grc' dir='ltr'>Πέρσας</span> <span class='ocrx_word' id='word_1_361' title='bbox 761 1563 869 1590; x_wconf 86' lang='grc' dir='ltr'>τροπω-</span> 
     </span>
    </p>
   </div>
   <div class='ocr_carea' id='block_1_50' title="bbox 916 954 1711 994">
    <p class='ocr_par' dir='ltr' id='par_1_50' title="bbox 916 954 1711 994">
     <span class='ocr_line' id='line_1_50' title="bbox 916 954 1711 994; baseline -0.009 -7"><span class='ocrx_word' id='word_1_362' title='bbox 916 959 1050 994; x_wconf 87' lang='lat' dir='ltr'><strong>lavitque,</strong></span> <span class='ocrx_word' id='word_1_363' title='bbox 1077 963 1266 993; x_wconf 78' lang='lat' dir='ltr'><strong>cognatasque</strong></span> <span class='ocrx_word' id='word_1_364' title='bbox 1287 957 1380 985; x_wconf 86' lang='lat' dir='ltr'><strong>lberes</strong></span> <span class='ocrx_word' id='word_1_365' title='bbox 1397 957 1425 984; x_wconf 92' lang='lat' dir='ltr'><strong>in</strong></span> <span class='ocrx_word' id='word_1_366' title='bbox 1449 956 1517 984; x_wconf 89' lang='lat' dir='ltr'><strong>locis</strong></span> <span class='ocrx_word' id='word_1_367' title='bbox 1544 954 1711 982; x_wconf 81' lang='lat' dir='ltr'><strong>dimcilibus-</strong></span> 
     </span>
    </p>
   </div>
   <div class='ocr_carea' id='block_1_51' title="bbox 917 998 1713 1039">
    <p class='ocr_par' dir='ltr' id='par_1_51' title="bbox 917 998 1713 1039">
     <span class='ocr_line' id='line_1_51' title="bbox 917 998 1713 1039; baseline -0.006 -9"><span class='ocrx_word' id='word_1_368' title='bbox 917 1011 979 1039; x_wconf 61' lang='lat' dir='ltr'><strong>quae</strong></span> <span class='ocrx_word' id='word_1_369' title='bbox 991 1010 1065 1030; x_wconf 89' lang='lat' dir='ltr'><strong>nunc</strong></span> <span class='ocrx_word' id='word_1_370' title='bbox 1078 1003 1161 1030; x_wconf 90' lang='lat' dir='ltr'><strong>etiam</strong></span> <span class='ocrx_word' id='word_1_371' title='bbox 1174 1002 1306 1038; x_wconf 86' lang='lat' dir='ltr'><strong>temporis</strong></span> <span class='ocrx_word' id='word_1_372' title='bbox 1326 1006 1474 1037; x_wconf 88' lang='lat' dir='ltr'><strong>occupant,</strong></span> <span class='ocrx_word' id='word_1_373' title='bbox 1491 1000 1656 1029; x_wconf 81' lang='lat' dir='ltr'><strong>collocavit:</strong></span> <span class='ocrx_word' id='word_1_374' title='bbox 1667 998 1713 1026; x_wconf 84' lang='lat' dir='ltr'><strong>ubi</strong></span> 
     </span>
    </p>
   </div>
   <div class='ocr_carea' id='block_1_52' title="bbox 918 1046 1714 1086">
    <p class='ocr_par' dir='ltr' id='par_1_52' title="bbox 918 1046 1714 1086">
     <span class='ocr_line' id='line_1_52' title="bbox 918 1046 1714 1086; baseline -0.008 -10"><span class='ocrx_word' id='word_1_375' title='bbox 918 1049 1052 1086; x_wconf 80' lang='lat' dir='ltr'><strong>paulatim</strong></span> <span class='ocrx_word' id='word_1_376' title='bbox 1067 1048 1244 1083; x_wconf 83' lang='lat' dir='ltr'><strong>multiplicati</strong></span> <span class='ocrx_word' id='word_1_377' title='bbox 1255 1047 1385 1082; x_wconf 79' lang='lat' dir='ltr'><strong>auctique</strong></span> <span class='ocrx_word' id='word_1_378' title='bbox 1403 1050 1480 1078; x_wconf 86' lang='lat' dir='ltr'><strong>sunt,</strong></span> <span class='ocrx_word' id='word_1_379' title='bbox 1498 1050 1525 1073; x_wconf 93' lang='lat' dir='ltr'><strong>ct</strong></span> <span class='ocrx_word' id='word_1_380' title='bbox 1539 1046 1566 1072; x_wconf 91' lang='lat' dir='ltr'><strong>in</strong></span> <span class='ocrx_word' id='word_1_381' title='bbox 1586 1050 1714 1079; x_wconf 82' lang='lat' dir='ltr'><strong>magnam</strong></span> 
     </span>
    </p>
   </div>
   <div class='ocr_carea' id='block_1_53' title="bbox 919 1090 1717 1131">
    <p class='ocr_par' dir='ltr' id='par_1_53' title="bbox 919 1090 1717 1131">
     <span class='ocr_line' id='line_1_53' title="bbox 919 1090 1717 1131; baseline -0.01 -8"><span class='ocrx_word' id='word_1_382' title='bbox 919 1099 1028 1131; x_wconf 88' lang='lat' dir='ltr'><strong>gentem</strong></span> <span class='ocrx_word' id='word_1_383' title='bbox 1043 1097 1202 1122; x_wconf 87' lang='lat' dir='ltr'><strong>evaserunt.</strong></span> <span class='ocrx_word' id='word_1_384' title='bbox 1222 1092 1327 1120; x_wconf 85' lang='lat' dir='ltr'><strong>Deinde</strong></span> <span class='ocrx_word' id='word_1_385' title='bbox 1342 1092 1381 1119; x_wconf 87' lang='lat' dir='ltr'><strong>ita</strong></span> <span class='ocrx_word' id='word_1_386' title='bbox 1398 1091 1527 1118; x_wconf 85' lang='lat' dir='ltr'><strong>Heraclio</strong></span> <span class='ocrx_word' id='word_1_387' title='bbox 1548 1090 1717 1125; x_wconf 77' lang='lat' dir='ltr'><strong>imperatore</strong></span> 
     </span>
    </p>
   </div>
   <div class='ocr_carea' id='block_1_54' title="bbox 919 1134 1716 1173">
    <p class='ocr_par' dir='ltr' id='par_1_54' title="bbox 919 1134 1716 1173">
     <span class='ocr_line' id='line_1_54' title="bbox 919 1134 1716 1173; baseline -0.009 -4"><span class='ocrx_word' id='word_1_388' title='bbox 919 1149 982 1170; x_wconf 90' lang='lat' dir='ltr'><strong>cum</strong></span> <span class='ocrx_word' id='word_1_389' title='bbox 992 1141 1078 1168; x_wconf 83' lang='lat' dir='ltr'><strong>armis</strong></span> <span class='ocrx_word' id='word_1_390' title='bbox 1094 1144 1191 1168; x_wconf 87' lang='lat' dir='ltr'><strong>contra</strong></span> <span class='ocrx_word' id='word_1_391' title='bbox 1205 1138 1343 1166; x_wconf 89' lang='lat' dir='ltr'><strong>Persidem</strong></span> <span class='ocrx_word' id='word_1_392' title='bbox 1351 1137 1554 1173; x_wconf 80' lang='lat' dir='ltr'><strong>proﬁciscente,</strong></span> <span class='ocrx_word' id='word_1_393' title='bbox 1563 1136 1618 1164; x_wconf 83' lang='lat' dir='ltr'><strong>icto</strong></span> <span class='ocrx_word' id='word_1_394' title='bbox 1630 1134 1716 1163; x_wconf 64' lang='lat' dir='ltr'><strong>foede.</strong></span> 
     </span>
    </p>
   </div>
   <div class='ocr_carea' id='block_1_55' title="bbox 918 1184 1716 1221">
    <p class='ocr_par' dir='ltr' id='par_1_55' title="bbox 918 1184 1716 1221">
     <span class='ocr_line' id='line_1_55' title="bbox 918 1184 1716 1221; baseline -0.009 -6"><span class='ocrx_word' id='word_1_395' title='bbox 918 1195 961 1221; x_wconf 87' lang='lat' dir='ltr'><strong>re,</strong></span> <span class='ocrx_word' id='word_1_396' title='bbox 974 1186 1053 1221; x_wconf 71' lang='grc'><strong>122</strong></span> <span class='ocrx_word' id='word_1_397' title='bbox 1066 1193 1127 1213; x_wconf 93' lang='lat' dir='ltr'><strong>cum</strong></span> <span class='ocrx_word' id='word_1_398' title='bbox 1141 1192 1174 1213; x_wconf 87' lang='lat' dir='ltr'><strong>eo</strong></span> <span class='ocrx_word' id='word_1_399' title='bbox 1184 1185 1354 1217; x_wconf 86' lang='lat' dir='ltr'><strong>militarunt;</strong></span> <span class='ocrx_word' id='word_1_400' title='bbox 1367 1191 1400 1212; x_wconf 80' lang='lat' dir='ltr'><strong>ex</strong></span> <span class='ocrx_word' id='word_1_401' title='bbox 1409 1190 1498 1219; x_wconf 85' lang='lat' dir='ltr'><strong>eoque</strong></span> <span class='ocrx_word' id='word_1_402' title='bbox 1509 1187 1632 1218; x_wconf 83' lang='lat' dir='ltr'><strong>tempore</strong></span> <span class='ocrx_word' id='word_1_403' title='bbox 1643 1184 1716 1209; x_wconf 85' lang='lat' dir='ltr'><strong>metu</strong></span> 
     </span>
    </p>
   </div>
   <div class='ocr_carea' id='block_1_56' title="bbox 919 1226 1715 1267">
    <p class='ocr_par' dir='ltr' id='par_1_56' title="bbox 919 1226 1715 1267">
     <span class='ocr_line' id='line_1_56' title="bbox 919 1226 1715 1267; baseline -0.008 -7"><span class='ocrx_word' id='word_1_404' title='bbox 919 1232 1008 1267; x_wconf 85' lang='lat' dir='ltr'><strong>magis</strong></span> <span class='ocrx_word' id='word_1_405' title='bbox 1021 1230 1140 1258; x_wconf 86' lang='lat' dir='ltr'><strong>Heraclii</strong></span> <span class='ocrx_word' id='word_1_406' title='bbox 1155 1229 1342 1257; x_wconf 81' lang='lat' dir='ltr'><strong>Romanorum</strong></span> <span class='ocrx_word' id='word_1_407' title='bbox 1355 1228 1542 1264; x_wconf 82' lang='lat' dir='ltr'><strong>imperatoris.</strong></span> <span class='ocrx_word' id='word_1_408' title='bbox 1557 1234 1639 1263; x_wconf 81' lang='lat' dir='ltr'><strong>quam</strong></span> <span class='ocrx_word' id='word_1_409' title='bbox 1654 1226 1715 1254; x_wconf 84' lang='lat' dir='ltr'><strong>suis</strong></span> 
     </span>
    </p>
   </div>
   <div class='ocr_carea' id='block_1_57' title="bbox 920 1273 1717 1309">
    <p class='ocr_par' dir='ltr' id='par_1_57' title="bbox 920 1273 1717 1309">
     <span class='ocr_line' id='line_1_57' title="bbox 920 1273 1717 1309; baseline -0.009 -3"><span class='ocrx_word' id='word_1_410' title='bbox 920 1279 1028 1306; x_wconf 84' lang='lat' dir='ltr'><strong>viribus</strong></span> <span class='ocrx_word' id='word_1_411' title='bbox 1043 1285 1075 1305; x_wconf 85' lang='lat' dir='ltr'><strong>ac</strong></span> <span class='ocrx_word' id='word_1_412' title='bbox 1092 1276 1188 1308; x_wconf 85' lang='lat' dir='ltr'><strong>armis.</strong></span> <span class='ocrx_word' id='word_1_413' title='bbox 1200 1276 1301 1303; x_wconf 83' lang='lat' dir='ltr'><strong>multas</strong></span> <span class='ocrx_word' id='word_1_414' title='bbox 1323 1275 1406 1302; x_wconf 88' lang='lat' dir='ltr'><strong>urhes</strong></span> <span class='ocrx_word' id='word_1_415' title='bbox 1417 1279 1560 1309; x_wconf 80' lang='lat' dir='ltr'><strong>terrasque</strong></span> <span class='ocrx_word' id='word_1_416' title='bbox 1569 1273 1717 1300; x_wconf 77' lang='lat' dir='ltr'><strong>Persarum</strong></span> 
     </span>
    </p>
   </div>
   <div class='ocr_carea' id='block_1_58' title="bbox 921 1319 1718 1360">
    <p class='ocr_par' dir='ltr' id='par_1_58' title="bbox 921 1319 1718 1360">
     <span class='ocr_line' id='line_1_58' title="bbox 921 1319 1718 1360; baseline -0.006 -8"><span class='ocrx_word' id='word_1_417' title='bbox 921 1324 1115 1360; x_wconf 82' lang='lat' dir='ltr'><strong>subjugarunt.</strong></span> <span class='ocrx_word' id='word_1_418' title='bbox 1130 1323 1221 1351; x_wconf 85' lang='lat' dir='ltr'><strong>Semel</strong></span> <span class='ocrx_word' id='word_1_419' title='bbox 1236 1322 1309 1349; x_wconf 86' lang='lat' dir='ltr'><strong>enim</strong></span> <span class='ocrx_word' id='word_1_420' title='bbox 1321 1321 1424 1349; x_wconf 82' lang='lat' dir='ltr'><strong>victiac</strong></span> <span class='ocrx_word' id='word_1_421' title='bbox 1434 1319 1612 1356; x_wconf 82' lang='lat' dir='ltr'><strong>proﬂigatiah</strong></span> <span class='ocrx_word' id='word_1_422' title='bbox 1631 1319 1718 1347; x_wconf 82' lang='lat' dir='ltr'><strong>Hera-</strong></span> 
     </span>
    </p>
   </div>
   <div class='ocr_carea' id='block_1_59' title="bbox 921 1365 1717 1405">
    <p class='ocr_par' dir='ltr' id='par_1_59' title="bbox 921 1365 1717 1405">
     <span class='ocr_line' id='line_1_59' title="bbox 921 1365 1717 1405; baseline -0.01 -6"><span class='ocrx_word' id='word_1_423' title='bbox 921 1370 976 1399; x_wconf 87' lang='lat' dir='ltr'><strong>clio</strong></span> <span class='ocrx_word' id='word_1_424' title='bbox 995 1369 1423 1405; x_wconf 69' lang='lat' dir='ltr'><strong>imperatorePersae,eorumque</strong></span> <span class='ocrx_word' id='word_1_425' title='bbox 1443 1365 1596 1400; x_wconf 84' lang='lat' dir='ltr'><strong>principatu</strong></span> <span class='ocrx_word' id='word_1_426' title='bbox 1615 1365 1717 1393; x_wconf 85' lang='lat' dir='ltr'><strong>deleto.</strong></span> 
     </span>
    </p>
   </div>
   <div class='ocr_carea' id='block_1_60' title="bbox 923 1410 1719 1446">
    <p class='ocr_par' dir='ltr' id='par_1_60' title="bbox 923 1410 1719 1446">
     <span class='ocr_line' id='line_1_60' title="bbox 923 1410 1719 1446; baseline -0.009 -2"><span class='ocrx_word' id='word_1_427' title='bbox 923 1415 1008 1444; x_wconf 80' lang='lat' dir='ltr'><strong>facile</strong></span> <span class='ocrx_word' id='word_1_428' title='bbox 1028 1423 1082 1444; x_wconf 92' lang='lat' dir='ltr'><strong>non</strong></span> <span class='ocrx_word' id='word_1_429' title='bbox 1098 1415 1132 1442; x_wconf 84' lang='lat' dir='ltr'><strong>ab</strong></span> <span class='ocrx_word' id='word_1_430' title='bbox 1155 1414 1281 1442; x_wconf 85' lang='lat' dir='ltr'><strong>lheribus</strong></span> <span class='ocrx_word' id='word_1_431' title='bbox 1301 1417 1419 1446; x_wconf 86' lang='lat' dir='ltr'><strong>tantum,</strong></span> <span class='ocrx_word' id='word_1_432' title='bbox 1435 1411 1482 1440; x_wconf 88' lang='lat' dir='ltr'><strong>sed</strong></span> <span class='ocrx_word' id='word_1_433' title='bbox 1494 1416 1522 1439; x_wconf 90' lang='lat' dir='ltr'><strong>et</strong></span> <span class='ocrx_word' id='word_1_434' title='bbox 1542 1419 1557 1438; x_wconf 68' lang='grc' dir='ltr'><strong>ο</strong></span> <span class='ocrx_word' id='word_1_435' title='bbox 1573 1410 1719 1438; x_wconf 80' lang='lat' dir='ltr'><strong>Saracenis</strong></span> 
     </span>
    </p>
   </div>
   <div class='ocr_carea' id='block_1_61' title="bbox 921 1457 1718 1497">
    <p class='ocr_par' dir='ltr' id='par_1_61' title="bbox 921 1457 1718 1497">
     <span class='ocr_line' id='line_1_61' title="bbox 921 1457 1718 1497; baseline -0.01 -6"><span class='ocrx_word' id='word_1_436' title='bbox 921 1463 995 1491; x_wconf 86' lang='lat' dir='ltr'><strong>vinci</strong></span> <span class='ocrx_word' id='word_1_437' title='bbox 1015 1464 1041 1490; x_wconf 93' lang='lat' dir='ltr'><strong>in</strong></span> <span class='ocrx_word' id='word_1_438' title='bbox 1059 1466 1201 1497; x_wconf 87' lang='lat' dir='ltr'><strong>posterum</strong></span> <span class='ocrx_word' id='word_1_439' title='bbox 1215 1463 1376 1496; x_wconf 87' lang='lat' dir='ltr'><strong>potuerunt.</strong></span> <span class='ocrx_word' id='word_1_440' title='bbox 1388 1459 1457 1492; x_wconf 84' lang='lat' dir='ltr'><strong>Quia</strong></span> <span class='ocrx_word' id='word_1_441' title='bbox 1469 1465 1545 1491; x_wconf 84' lang='lat' dir='ltr'><strong>vero,</strong></span> <span class='ocrx_word' id='word_1_442' title='bbox 1558 1457 1599 1485; x_wconf 90' lang='lat' dir='ltr'><strong>uti</strong></span> <span class='ocrx_word' id='word_1_443' title='bbox 1610 1457 1718 1489; x_wconf 82' lang='lat' dir='ltr'><strong>dicunt,</strong></span> 
     </span>
    </p>
   </div>
   <div class='ocr_carea' id='block_1_62' title="bbox 923 1501 1721 1544">
    <p class='ocr_par' dir='ltr' id='par_1_62' title="bbox 923 1501 1721 1544">
     <span class='ocr_line' id='line_1_62' title="bbox 923 1501 1721 1544; baseline -0.009 -8"><span class='ocrx_word' id='word_1_444' title='bbox 923 1507 1124 1544; x_wconf 84' lang='lat' dir='ltr'><strong>Hierosolymis</strong></span> <span class='ocrx_word' id='word_1_445' title='bbox 1146 1506 1279 1541; x_wconf 77' lang='lat' dir='ltr'><strong>originem</strong></span> <span class='ocrx_word' id='word_1_446' title='bbox 1309 1504 1425 1537; x_wconf 86' lang='lat' dir='ltr'><strong>ducunt,</strong></span> <span class='ocrx_word' id='word_1_447' title='bbox 1458 1504 1630 1537; x_wconf 85' lang='lat' dir='ltr'><strong>multumque</strong></span> <span class='ocrx_word' id='word_1_448' title='bbox 1656 1501 1721 1530; x_wconf 85' lang='lat' dir='ltr'><strong>ﬁdei</strong></span> 
     </span>
    </p>
   </div>
   <div class='ocr_carea' id='block_1_63' title="bbox 923 1548 1721 1589">
    <p class='ocr_par' dir='ltr' id='par_1_63' title="bbox 923 1548 1721 1589">
     <span class='ocr_line' id='line_1_63' title="bbox 923 1548 1721 1589; baseline -0.008 -7"><span class='ocrx_word' id='word_1_449' title='bbox 923 1555 977 1583; x_wconf 86' lang='lat' dir='ltr'><strong>illis</strong></span> <span class='ocrx_word' id='word_1_450' title='bbox 1004 1557 1147 1589; x_wconf 69' lang='lat' dir='ltr'><strong>prmstant,</strong></span> <span class='ocrx_word' id='word_1_451' title='bbox 1176 1557 1203 1581; x_wconf 88' lang='lat' dir='ltr'><strong>et</strong></span> <span class='ocrx_word' id='word_1_452' title='bbox 1231 1553 1359 1588; x_wconf 83' lang='lat' dir='ltr'><strong>sepulcro</strong></span> <span class='ocrx_word' id='word_1_453' title='bbox 1388 1550 1497 1579; x_wconf 89' lang='lat' dir='ltr'><strong>Domini</strong></span> <span class='ocrx_word' id='word_1_454' title='bbox 1533 1550 1620 1578; x_wconf 87' lang='lat' dir='ltr'><strong>nostri</strong></span> <span class='ocrx_word' id='word_1_455' title='bbox 1654 1548 1721 1577; x_wconf 81' lang='lat' dir='ltr'><strong>Jesu</strong></span> 
     </span>
    </p>
   </div>
   <div class='ocr_carea' id='block_1_64' title="bbox 84 1594 870 1642">
    <p class='ocr_par' dir='ltr' id='par_1_64' title="bbox 84 1594 870 1642">
     <span class='ocr_line' id='line_1_64' title="bbox 84 1594 870 1642; baseline -0.009 -8"><span class='ocrx_word' id='word_1_456' title='bbox 84 1594 271 1642; x_wconf 46' lang='grc' dir='ltr'>σαμένουξκαὶ</span> <span class='ocrx_word' id='word_1_457' title='bbox 289 1607 329 1638; x_wconf 67' lang='grc' dir='ltr'>εἰς</span> <span class='ocrx_word' id='word_1_458' title='bbox 343 1605 372 1632; x_wconf 77' lang='grc' dir='ltr'>τὸ</span> <span class='ocrx_word' id='word_1_459' title='bbox 388 1605 486 1641; x_wconf 80' lang='grc' dir='ltr'><strong>μηκέτι</strong></span> <span class='ocrx_word' id='word_1_460' title='bbox 502 1602 573 1631; x_wconf 80' lang='grc' dir='ltr'>εἶναι</span> <span class='ocrx_word' id='word_1_461' title='bbox 588 1603 637 1640; x_wconf 80' lang='grc' dir='ltr'>τὴν</span> <span class='ocrx_word' id='word_1_462' title='bbox 655 1602 762 1629; x_wconf 85' lang='grc' dir='ltr'>τούτων</span> <span class='ocrx_word' id='word_1_463' title='bbox 783 1601 870 1637; x_wconf 84' lang='grc' dir='ltr'>ἀρχὴν</span> 
     </span>
    </p>
   </div>
   <div class='ocr_carea' id='block_1_65' title="bbox 924 1594 1723 1642">
    <p class='ocr_par' dir='ltr' id='par_1_65' title="bbox 924 1594 1723 1635">
     <span class='ocr_line' id='line_1_65' title="bbox 924 1594 1723 1635; baseline -0.009 -7"><span class='ocrx_word' id='word_1_464' title='bbox 924 1601 1037 1633; x_wconf 85' lang='lat' dir='ltr'><strong>Christi,</strong></span> <span class='ocrx_word' id='word_1_465' title='bbox 1049 1603 1076 1628; x_wconf 88' lang='lat' dir='ltr'><strong>et</strong></span> <span class='ocrx_word' id='word_1_466' title='bbox 1090 1599 1261 1635; x_wconf 88' lang='lat' dir='ltr'><strong>temporibus</strong></span> <span class='ocrx_word' id='word_1_467' title='bbox 1280 1598 1445 1634; x_wconf 84' lang='lat' dir='ltr'><strong>quibusdam</strong></span> <span class='ocrx_word' id='word_1_468' title='bbox 1462 1597 1579 1625; x_wconf 87' lang='lat' dir='ltr'><strong>ubertim</strong></span> <span class='ocrx_word' id='word_1_469' title='bbox 1593 1594 1723 1630; x_wconf 84' lang='lat' dir='ltr'><strong>pecunias</strong></span> 
     </span>
    </p>
   </div>
   <div class='ocr_carea' id='block_1_66' title="bbox 84 1648 870 1689">
    <p class='ocr_par' dir='ltr' id='par_1_66' title="bbox 84 1648 870 1689">
     <span class='ocr_line' id='line_1_66' title="bbox 84 1648 870 1689; baseline -0.008 -9"><span class='ocrx_word' id='word_1_470' title='bbox 84 1653 310 1689; x_wconf 68' lang='grc' dir='ltr'>περιστήσαντος,</span> <span class='ocrx_word' id='word_1_471' title='bbox 330 1652 462 1678; x_wconf 73' lang='grc' dir='ltr'>εὐάλωτοι</span> <span class='ocrx_word' id='word_1_472' title='bbox 487 1651 533 1678; x_wconf 77' lang='grc' dir='ltr'>καὶ</span> <span class='ocrx_word' id='word_1_473' title='bbox 557 1650 717 1686; x_wconf 81' lang='grc' dir='ltr'>εὐχείρωτοι</span> <span class='ocrx_word' id='word_1_474' title='bbox 741 1649 772 1675; x_wconf 85' lang='grc' dir='ltr'>οὐ</span> <span class='ocrx_word' id='word_1_475' title='bbox 791 1648 870 1684; x_wconf 85' lang='grc' dir='ltr'>μόνον</span> 
     </span>
    </p>
   </div>
   <div class='ocr_carea' id='block_1_67' title="bbox 84 1695 871 1735">
    <p class='ocr_par' dir='ltr' id='par_1_67' title="bbox 84 1695 871 1735">
     <span class='ocr_line' id='line_1_67' title="bbox 84 1695 871 1735; baseline -0.009 -8"><span class='ocrx_word' id='word_1_476' title='bbox 84 1702 140 1731; x_wconf 75' lang='grc' dir='ltr'>τοῖς</span> <span class='ocrx_word' id='word_1_477' title='bbox 158 1700 291 1735; x_wconf 78' lang='grc' dir='ltr'>ἰὃηρσιν,</span> <span class='ocrx_word' id='word_1_478' title='bbox 312 1698 380 1726; x_wconf 76' lang='grc' dir='ltr'>ἀλλὰ</span> <span class='ocrx_word' id='word_1_479' title='bbox 395 1698 442 1725; x_wconf 70' lang='grc' dir='ltr'><strong>καὶ</strong></span> <span class='ocrx_word' id='word_1_480' title='bbox 460 1699 516 1729; x_wconf 86' lang='grc' dir='ltr'>τοῖς</span> <span class='ocrx_word' id='word_1_481' title='bbox 529 1697 697 1732; x_wconf 79' lang='grc' dir='ltr'>Σαρακηνοῖς</span> <span class='ocrx_word' id='word_1_482' title='bbox 716 1695 742 1722; x_wconf 89' lang='grc' dir='ltr'><strong>οι</strong></span> <span class='ocrx_word' id='word_1_483' title='bbox 767 1695 871 1730; x_wconf 80' lang='grc' dir='ltr'>Πέρσαι</span> 
     </span>
    </p>
   </div>
   <div class='ocr_carea' id='block_1_68' title="bbox 85 1739 872 1781">
    <p class='ocr_par' dir='ltr' id='par_1_68' title="bbox 85 1739 872 1781">
     <span class='ocr_line' id='line_1_68' title="bbox 85 1739 872 1781; baseline -0.01 -7"><span class='ocrx_word' id='word_1_484' title='bbox 85 1747 223 1781; x_wconf 74' lang='grc' dir='ltr'>γεγόνασι.</span> <span class='ocrx_word' id='word_1_485' title='bbox 240 1745 290 1772; x_wconf 70' lang='grc' dir='ltr'>Διὰ</span> <span class='ocrx_word' id='word_1_486' title='bbox 303 1746 330 1772; x_wconf 78' lang='grc' dir='ltr'><strong>δὲ</strong></span> <span class='ocrx_word' id='word_1_487' title='bbox 345 1745 375 1771; x_wconf 83' lang='grc' dir='ltr'>τδ</span> <span class='ocrx_word' id='word_1_488' title='bbox 391 1743 562 1776; x_wconf 82' lang='grc' dir='ltr'>κατάγεσθαι</span> <span class='ocrx_word' id='word_1_489' title='bbox 590 1742 700 1774; x_wconf 75' lang='grc' dir='ltr'>αὐτοὺς,</span> <span class='ocrx_word' id='word_1_490' title='bbox 728 1741 766 1772; x_wconf 82' lang='grc' dir='ltr'>ὡς</span> <span class='ocrx_word' id='word_1_491' title='bbox 793 1739 872 1767; x_wconf 77' lang='grc' dir='ltr'>αὐτοὶ</span> 
     </span>
    </p>
   </div>
   <div class='ocr_carea' id='block_1_69' title="bbox 85 1785 873 1827">
    <p class='ocr_par' dir='ltr' id='par_1_69' title="bbox 85 1785 873 1827">
     <span class='ocr_line' id='line_1_69' title="bbox 85 1785 873 1827; baseline -0.009 -9"><span class='ocrx_word' id='word_1_492' title='bbox 85 1792 219 1827; x_wconf 82' lang='grc' dir='ltr'>λέγουσιν,</span> <span class='ocrx_word' id='word_1_493' title='bbox 239 1792 270 1818; x_wconf 75' lang='grc' dir='ltr'>ὲκ</span> <span class='ocrx_word' id='word_1_494' title='bbox 282 1791 331 1825; x_wconf 79' lang='grc' dir='ltr'>τῆς</span> <span class='ocrx_word' id='word_1_495' title='bbox 351 1789 540 1825; x_wconf 82' lang='grc' dir='ltr'>Ἰερουσαλὴμ,</span> <span class='ocrx_word' id='word_1_496' title='bbox 555 1788 598 1815; x_wconf 70' lang='grc' dir='ltr'>διὰ</span> <span class='ocrx_word' id='word_1_497' title='bbox 611 1788 642 1815; x_wconf 81' lang='grc' dir='ltr'>τὸ</span> <span class='ocrx_word' id='word_1_498' title='bbox 650 1787 773 1823; x_wconf 86' lang='grc' dir='ltr'>μεγάλην</span> <span class='ocrx_word' id='word_1_499' title='bbox 782 1785 873 1812; x_wconf 85' lang='grc' dir='ltr'>πίστιν</span> 
     </span>
    </p>
   </div>
   <div class='ocr_carea' id='block_1_70' title="bbox 87 1830 874 1873">
    <p class='ocr_par' dir='ltr' id='par_1_70' title="bbox 87 1830 874 1873">
     <span class='ocr_line' id='line_1_70' title="bbox 87 1830 874 1873; baseline -0.01 -8"><span class='ocrx_word' id='word_1_500' title='bbox 87 1839 193 1873; x_wconf 77' lang='grc' dir='ltr'>ἔχουσιν</span> <span class='ocrx_word' id='word_1_501' title='bbox 205 1839 234 1864; x_wconf 83' lang='grc' dir='ltr'>ὲν</span> <span class='ocrx_word' id='word_1_502' title='bbox 251 1837 354 1868; x_wconf 75' lang='grc' dir='ltr'>αὐτοῖς,</span> <span class='ocrx_word' id='word_1_503' title='bbox 369 1835 417 1862; x_wconf 73' lang='grc' dir='ltr'>καὶ</span> <span class='ocrx_word' id='word_1_504' title='bbox 434 1835 462 1862; x_wconf 75' lang='grc' dir='ltr'>ὲν</span> <span class='ocrx_word' id='word_1_505' title='bbox 471 1834 511 1869; x_wconf 85' lang='grc' dir='ltr'>τῷ</span> <span class='ocrx_word' id='word_1_506' title='bbox 525 1834 603 1869; x_wconf 80' lang='grc' dir='ltr'>τάφῳ</span> <span class='ocrx_word' id='word_1_507' title='bbox 615 1833 663 1861; x_wconf 80' lang='grc' dir='ltr'><strong>τοῦ</strong></span> <span class='ocrx_word' id='word_1_508' title='bbox 676 1833 781 1868; x_wconf 82' lang='grc' dir='ltr'>Κυρίου</span> <span class='ocrx_word' id='word_1_509' title='bbox 794 1830 874 1866; x_wconf 84' lang='grc' dir='ltr'>ἡμῶν</span> 
     </span>
    </p>
   </div>
   <div class='ocr_carea' id='block_1_71' title="bbox 92 1878 875 1919">
    <p class='ocr_par' dir='ltr' id='par_1_71' title="bbox 92 1878 875 1919">
     <span class='ocr_line' id='line_1_71' title="bbox 92 1878 875 1919; baseline -0.009 -8"><span class='ocrx_word' id='word_1_510' title='bbox 92 1884 180 1919; x_wconf 86' lang='grc' dir='ltr'><strong>Ἰησοῦ</strong></span> <span class='ocrx_word' id='word_1_511' title='bbox 203 1882 331 1918; x_wconf 82' lang='grc' dir='ltr'>Χριστοῦ,</span> <span class='ocrx_word' id='word_1_512' title='bbox 358 1882 406 1908; x_wconf 81' lang='grc' dir='ltr'><strong>καὶ</strong></span> <span class='ocrx_word' id='word_1_513' title='bbox 428 1882 499 1914; x_wconf 79' lang='grc' dir='ltr'>κατά.</span> <span class='ocrx_word' id='word_1_514' title='bbox 519 1890 594 1912; x_wconf 82' lang='grc' dir='ltr'>τινας</span> <span class='ocrx_word' id='word_1_515' title='bbox 610 1880 724 1916; x_wconf 74' lang='grc' dir='ltr'>καιροὺς</span> <span class='ocrx_word' id='word_1_516' title='bbox 749 1878 875 1913; x_wconf 79' lang='grc' dir='ltr'><strong>ἀφθόνως</strong></span> 
     </span>
    </p>
   </div>
   <div class='ocr_carea' id='block_1_72' title="bbox 88 1924 877 1964">
    <p class='ocr_par' dir='ltr' id='par_1_72' title="bbox 88 1924 877 1964">
     <span class='ocr_line' id='line_1_72' title="bbox 88 1924 877 1964; baseline -0.006 -8"><span class='ocrx_word' id='word_1_517' title='bbox 88 1930 283 1957; x_wconf 68' lang='grc' dir='ltr'>ἀποστέλλουσι</span> <span class='ocrx_word' id='word_1_518' title='bbox 300 1929 431 1964; x_wconf 73' lang='grc' dir='ltr'>χρήματα</span> <span class='ocrx_word' id='word_1_519' title='bbox 441 1928 481 1962; x_wconf 87' lang='grc' dir='ltr'>τῷ</span> <span class='ocrx_word' id='word_1_520' title='bbox 498 1928 654 1963; x_wconf 80' lang='grc' dir='ltr'>πατριάρχῃ</span> <span class='ocrx_word' id='word_1_521' title='bbox 667 1926 717 1960; x_wconf 83' lang='grc' dir='ltr'>τῆς</span> <span class='ocrx_word' id='word_1_522' title='bbox 731 1925 813 1960; x_wconf 79' lang='grc' dir='ltr'>ἁγίας</span> <span class='ocrx_word' id='word_1_523' title='bbox 828 1924 877 1951; x_wconf 85' lang='grc' dir='ltr'><strong>πό-</strong></span> 
     </span>
    </p>
   </div>
   <div class='ocr_carea' id='block_1_73' title="bbox 88 1972 877 2011">
    <p class='ocr_par' dir='ltr' id='par_1_73' title="bbox 88 1972 877 2011">
     <span class='ocr_line' id='line_1_73' title="bbox 88 1972 877 2011; baseline -0.008 -7"><span class='ocrx_word' id='word_1_524' title='bbox 88 1978 166 2010; x_wconf 88' lang='grc' dir='ltr'>λεως,</span> <span class='ocrx_word' id='word_1_525' title='bbox 181 1978 292 2009; x_wconf 74' lang='grc' dir='ltr'>καὶτοῖς</span> <span class='ocrx_word' id='word_1_526' title='bbox 308 1977 397 2003; x_wconf 77' lang='grc' dir='ltr'>ἐκεῖσε</span> <span class='ocrx_word' id='word_1_527' title='bbox 419 1976 602 2011; x_wconf 77' lang='grc' dir='ltr'>Χριστιανοῖς.</span> <span class='ocrx_word' id='word_1_528' title='bbox 618 1974 648 2001; x_wconf 88' lang='lat'><strong>&#39;0</strong></span> <span class='ocrx_word' id='word_1_529' title='bbox 663 1974 692 2000; x_wconf 81' lang='grc' dir='ltr'><strong>δὲ</strong></span> <span class='ocrx_word' id='word_1_530' title='bbox 707 1972 877 2009; x_wconf 77' lang='grc' dir='ltr'>προρῤηοεὶς</span> 
     </span>
    </p>
   </div>
   <div class='ocr_carea' id='block_1_74' title="bbox 90 2018 877 2056">
    <p class='ocr_par' dir='ltr' id='par_1_74' title="bbox 90 2018 877 2056">
     <span class='ocr_line' id='line_1_74' title="bbox 90 2018 877 2056; baseline -0.008 -5"><span class='ocrx_word' id='word_1_531' title='bbox 90 2024 187 2056; x_wconf 76' lang='grc' dir='ltr'>Δαίῖιδ,</span> <span class='ocrx_word' id='word_1_532' title='bbox 206 2025 220 2050; x_wconf 85' lang='grc' dir='ltr'>ὁ</span> <span class='ocrx_word' id='word_1_533' title='bbox 237 2023 283 2049; x_wconf 83' lang='grc' dir='ltr'><strong>τοῦ</strong></span> <span class='ocrx_word' id='word_1_534' title='bbox 312 2022 480 2049; x_wconf 79' lang='grc' dir='ltr'>Σπανδιάτου</span> <span class='ocrx_word' id='word_1_535' title='bbox 505 2021 628 2055; x_wconf 76' lang='grc' dir='ltr'>ἁδελφὸς,</span> <span class='ocrx_word' id='word_1_536' title='bbox 647 2020 792 2054; x_wconf 77' lang='grc' dir='ltr'>ἐγέννησεν</span> <span class='ocrx_word' id='word_1_537' title='bbox 820 2018 877 2045; x_wconf 77' lang='grc' dir='ltr'>υἱὸν</span> 
     </span>
    </p>
   </div>
   <div class='ocr_carea' id='block_1_75' title="bbox 90 2065 878 2105">
    <p class='ocr_par' dir='ltr' id='par_1_75' title="bbox 90 2065 878 2105">
     <span class='ocr_line' id='line_1_75' title="bbox 90 2065 878 2105; baseline -0.009 -8"><span class='ocrx_word' id='word_1_538' title='bbox 90 2071 134 2097; x_wconf 79' lang='grc' dir='ltr'>τὸν</span> <span class='ocrx_word' id='word_1_539' title='bbox 151 2069 326 2105; x_wconf 74' lang='grc' dir='ltr'>Παγκράτιον</span> <span class='ocrx_word' id='word_1_540' title='bbox 345 2068 413 2103; x_wconf 83' lang='lat'><strong>(77),</strong></span> <span class='ocrx_word' id='word_1_541' title='bbox 439 2067 485 2094; x_wconf 77' lang='grc' dir='ltr'>καὶ</span> <span class='ocrx_word' id='word_1_542' title='bbox 500 2068 514 2093; x_wconf 81' lang='grc' dir='ltr'>ὁ</span> <span class='ocrx_word' id='word_1_543' title='bbox 540 2066 715 2101; x_wconf 80' lang='grc' dir='ltr'>Παγκράτιος</span> <span class='ocrx_word' id='word_1_544' title='bbox 730 2065 878 2098; x_wconf 75' lang='grc' dir='ltr'>ἐγέννησεν</span> 
     </span>
    </p>
   </div>
   <div class='ocr_carea' id='block_1_76' title="bbox 91 2109 879 2148">
    <p class='ocr_par' dir='ltr' id='par_1_76' title="bbox 91 2109 879 2148">
     <span class='ocr_line' id='line_1_76' title="bbox 91 2109 879 2148; baseline -0.009 -5"><span class='ocrx_word' id='word_1_545' title='bbox 91 2116 148 2143; x_wconf 80' lang='grc' dir='ltr'>υίδν</span> <span class='ocrx_word' id='word_1_546' title='bbox 160 2117 205 2143; x_wconf 88' lang='grc' dir='ltr'><strong>τὺν</strong></span> <span class='ocrx_word' id='word_1_547' title='bbox 227 2115 365 2148; x_wconf 83' lang='grc' dir='ltr'>Ἀσώτιον,</span> <span class='ocrx_word' id='word_1_548' title='bbox 391 2115 438 2142; x_wconf 77' lang='grc' dir='ltr'><strong>καὶ</strong></span> <span class='ocrx_word' id='word_1_549' title='bbox 454 2115 467 2140; x_wconf 84' lang='grc' dir='ltr'><strong>ὁ</strong></span> <span class='ocrx_word' id='word_1_550' title='bbox 495 2113 623 2144; x_wconf 82' lang='grc' dir='ltr'>Ἀσώτιος</span> <span class='ocrx_word' id='word_1_551' title='bbox 653 2112 797 2146; x_wconf 74' lang='grc' dir='ltr'>ἐγέννησεν</span> <span class='ocrx_word' id='word_1_552' title='bbox 820 2109 879 2136; x_wconf 77' lang='grc' dir='ltr'>υἱὸν</span> 
     </span>
    </p>
   </div>
   <div class='ocr_carea' id='block_1_77' title="bbox 91 2155 879 2197">
    <p class='ocr_par' dir='ltr' id='par_1_77' title="bbox 91 2155 879 2197">
     <span class='ocr_line' id='line_1_77' title="bbox 91 2155 879 2197; baseline -0.011 -7"><span class='ocrx_word' id='word_1_553' title='bbox 91 2163 137 2190; x_wconf 76' lang='grc' dir='ltr'>τὸν</span> <span class='ocrx_word' id='word_1_554' title='bbox 170 2161 333 2197; x_wconf 82' lang='grc' dir='ltr'>Ἀδρανασὴ,</span> <span class='ocrx_word' id='word_1_555' title='bbox 358 2161 403 2187; x_wconf 80' lang='grc' dir='ltr'>τὸν</span> <span class='ocrx_word' id='word_1_556' title='bbox 420 2160 467 2187; x_wconf 79' lang='grc' dir='ltr'><strong>καὶ</strong></span> <span class='ocrx_word' id='word_1_557' title='bbox 491 2158 699 2195; x_wconf 75' lang='grc' dir='ltr'>κουροπαλάτην</span> <span class='ocrx_word' id='word_1_558' title='bbox 728 2155 879 2191; x_wconf 82' lang='grc' dir='ltr'>τιμηθέντα</span> 
     </span>
    </p>
   </div>
   <div class='ocr_carea' id='block_1_78' title="bbox 95 2201 879 2244">
    <p class='ocr_par' dir='ltr' id='par_1_78' title="bbox 95 2201 879 2244">
     <span class='ocr_line' id='line_1_78' title="bbox 95 2201 879 2244; baseline -0.013 -8"><span class='ocrx_word' id='word_1_559' title='bbox 95 2208 171 2244; x_wconf 84' lang='grc' dir='ltr'>παρὰ</span> <span class='ocrx_word' id='word_1_560' title='bbox 188 2209 304 2239; x_wconf 86' lang='grc' dir='ltr'>Λέοντος</span> <span class='ocrx_word' id='word_1_561' title='bbox 313 2206 361 2233; x_wconf 82' lang='grc' dir='ltr'>τοῦ</span> <span class='ocrx_word' id='word_1_562' title='bbox 378 2205 552 2241; x_wconf 79' lang='grc' dir='ltr'>φιλοχρίστου</span> <span class='ocrx_word' id='word_1_563' title='bbox 571 2203 704 2240; x_wconf 77' lang='grc' dir='ltr'>βασιλέως</span> <span class='ocrx_word' id='word_1_564' title='bbox 723 2201 879 2236; x_wconf 86' lang='grc' dir='ltr'>Ῥωμαίων.</span> 
     </span>
    </p>
   </div>
   <div class='ocr_carea' id='block_1_79' title="bbox 99 2248 881 2288">
    <p class='ocr_par' dir='ltr' id='par_1_79' title="bbox 99 2248 881 2288">
     <span class='ocr_line' id='line_1_79' title="bbox 99 2248 881 2288; baseline -0.012 -6"><span class='ocrx_word' id='word_1_565' title='bbox 99 2256 126 2282; x_wconf 84' lang='lat'><strong>&#39;0</strong></span> <span class='ocrx_word' id='word_1_566' title='bbox 140 2255 167 2282; x_wconf 83' lang='grc' dir='ltr'><strong>δὲ</strong></span> <span class='ocrx_word' id='word_1_567' title='bbox 185 2253 354 2288; x_wconf 83' lang='grc' dir='ltr'>Σπανδιάτης</span> <span class='ocrx_word' id='word_1_568' title='bbox 373 2254 386 2279; x_wconf 79' lang='grc' dir='ltr'>ὁ</span> <span class='ocrx_word' id='word_1_569' title='bbox 412 2252 527 2286; x_wconf 72' lang='grc' dir='ltr'>ἀδελφὸς</span> <span class='ocrx_word' id='word_1_570' title='bbox 541 2249 590 2277; x_wconf 82' lang='grc' dir='ltr'>τοῦ</span> <span class='ocrx_word' id='word_1_571' title='bbox 606 2248 812 2285; x_wconf 80' lang='grc' dir='ltr'>προρῤηθέντος</span> <span class='ocrx_word' id='word_1_572' title='bbox 828 2249 881 2273; x_wconf 90' lang='grc' dir='ltr'><strong>Δα-</strong></span> 
     </span>
    </p>
   </div>
   <div class='ocr_carea' id='block_1_80' title="bbox 94 2338 881 2382">
    <p class='ocr_par' dir='ltr' id='par_1_80' title="bbox 94 2338 881 2382">
     <span class='ocr_line' id='line_1_80' title="bbox 94 2338 881 2382; baseline -0.011 -8"><span class='ocrx_word' id='word_1_573' title='bbox 94 2347 148 2382; x_wconf 84' lang='grc' dir='ltr'>λὴμ</span> <span class='ocrx_word' id='word_1_574' title='bbox 164 2344 444 2382; x_wconf 84' lang='grc' dir='ltr'>μετοικήσεωςαύτῶν</span> <span class='ocrx_word' id='word_1_575' title='bbox 457 2345 497 2375; x_wconf 80' lang='grc' dir='ltr'>εἰς</span> <span class='ocrx_word' id='word_1_576' title='bbox 509 2343 558 2378; x_wconf 83' lang='grc' dir='ltr'>τὴν</span> <span class='ocrx_word' id='word_1_577' title='bbox 574 2342 621 2369; x_wconf 78' lang='grc' dir='ltr'><strong>νῦν</strong></span> <span class='ocrx_word' id='word_1_578' title='bbox 632 2340 798 2376; x_wconf 78' lang='grc' dir='ltr'>οἰκουμένην</span> <span class='ocrx_word' id='word_1_579' title='bbox 812 2338 881 2374; x_wconf 80' lang='grc' dir='ltr'>παρ’</span> 
     </span>
    </p>
   </div>
   <div class='ocr_carea' id='block_1_81' title="bbox 96 2387 877 2428">
    <p class='ocr_par' dir='ltr' id='par_1_81' title="bbox 96 2387 877 2428">
     <span class='ocr_line' id='line_1_81' title="bbox 96 2387 877 2428; baseline -0.012 -9"><span class='ocrx_word' id='word_1_580' title='bbox 96 2393 181 2420; x_wconf 78' lang='grc' dir='ltr'>αὐτῶν</span> <span class='ocrx_word' id='word_1_581' title='bbox 192 2392 294 2428; x_wconf 85' lang='grc' dir='ltr'>χώραν,</span> <span class='ocrx_word' id='word_1_582' title='bbox 312 2391 360 2426; x_wconf 73' lang='grc' dir='ltr'>ἔτη</span> <span class='ocrx_word' id='word_1_583' title='bbox 376 2393 408 2423; x_wconf 84' lang='lat' dir='ltr'><strong>u’,</strong></span> <span class='ocrx_word' id='word_1_584' title='bbox 425 2390 442 2425; x_wconf 85' lang='grc' dir='ltr'>ἢ</span> <span class='ocrx_word' id='word_1_585' title='bbox 460 2389 508 2416; x_wconf 72' lang='grc' dir='ltr'>καὶ</span> <span class='ocrx_word' id='word_1_586' title='bbox 520 2388 556 2424; x_wconf 86' lang='grc' dir='ltr'>φ’,</span> <span class='ocrx_word' id='word_1_587' title='bbox 571 2388 651 2424; x_wconf 79' lang='grc' dir='ltr'>μέχρι</span> <span class='ocrx_word' id='word_1_588' title='bbox 669 2387 718 2422; x_wconf 79' lang='grc' dir='ltr'>τῆς</span> <span class='ocrx_word' id='word_1_589' title='bbox 735 2387 856 2421; x_wconf 83' lang='grc' dir='ltr'>σήμερον</span> <span class='ocrx_word' id='word_1_590' title='bbox 870 2391 877 2398; x_wconf 84' lang='grc'><strong>”</strong></span> 
     </span>
    </p>
   </div>
   <div class='ocr_carea' id='block_1_82' title="bbox 96 2432 880 2473">
    <p class='ocr_par' dir='ltr' id='par_1_82' title="bbox 96 2432 880 2473">
     <span class='ocr_line' id='line_1_82' title="bbox 96 2432 880 2473; baseline -0.01 -9"><span class='ocrx_word' id='word_1_591' title='bbox 96 2440 153 2473; x_wconf 80' lang='grc' dir='ltr'>ἣτις</span> <span class='ocrx_word' id='word_1_592' title='bbox 182 2438 255 2464; x_wconf 71' lang='grc' dir='ltr'>ἐστὶν</span> <span class='ocrx_word' id='word_1_593' title='bbox 278 2435 415 2463; x_wconf 79' lang='grc' dir='ltr'>ίνδικτιὼν</span> <span class='ocrx_word' id='word_1_594' title='bbox 443 2435 469 2468; x_wconf 86' lang='grc' dir='ltr'>ι’,</span> <span class='ocrx_word' id='word_1_595' title='bbox 494 2435 542 2470; x_wconf 81' lang='grc' dir='ltr'>ἔτη</span> <span class='ocrx_word' id='word_1_596' title='bbox 571 2433 624 2460; x_wconf 76' lang='grc' dir='ltr'><strong>ἀπὸ</strong></span> <span class='ocrx_word' id='word_1_597' title='bbox 637 2433 755 2464; x_wconf 86' lang='grc' dir='ltr'>κτίσεως</span> <span class='ocrx_word' id='word_1_598' title='bbox 776 2432 880 2465; x_wconf 73' lang='grc' dir='ltr'>κόσμου</span> 
     </span>
    </p>
   </div>
   <div class='ocr_carea' id='block_1_83' title="bbox 98 2477 881 2520">
    <p class='ocr_par' dir='ltr' id='par_1_83' title="bbox 98 2477 881 2520">
     <span class='ocr_line' id='line_1_83' title="bbox 98 2477 881 2520; baseline -0.01 -10"><span class='ocrx_word' id='word_1_599' title='bbox 98 2483 163 2520; x_wconf 66' lang='grc' dir='ltr'><strong>⁴ςυξ</strong></span> <span class='ocrx_word' id='word_1_600' title='bbox 187 2483 253 2519; x_wconf 78' lang='grc'>(80),</span> <span class='ocrx_word' id='word_1_601' title='bbox 282 2482 328 2509; x_wconf 70' lang='grc' dir='ltr'><strong>ἐπὶ</strong></span> <span class='ocrx_word' id='word_1_602' title='bbox 353 2482 403 2517; x_wconf 80' lang='grc' dir='ltr'>τῆς</span> <span class='ocrx_word' id='word_1_603' title='bbox 432 2481 572 2516; x_wconf 77' lang='grc' dir='ltr'>βισιλείας</span> <span class='ocrx_word' id='word_1_604' title='bbox 594 2477 801 2505; x_wconf 81' lang='grc' dir='ltr'>Κωνσταντίνου</span> <span class='ocrx_word' id='word_1_605' title='bbox 833 2477 881 2503; x_wconf 78' lang='grc' dir='ltr'>καὶ</span> 
     </span>
    </p>
   </div>
   <div class='ocr_carea' id='block_1_84' title="bbox 105 2522 882 2563">
    <p class='ocr_par' dir='ltr' id='par_1_84' title="bbox 105 2522 882 2563">
     <span class='ocr_line' id='line_1_84' title="bbox 105 2522 882 2563; baseline -0.008 -9"><span class='ocrx_word' id='word_1_606' title='bbox 105 2527 243 2563; x_wconf 72' lang='grc' dir='ltr'>Ῥωμανοῦ</span> <span class='ocrx_word' id='word_1_607' title='bbox 269 2527 322 2553; x_wconf 84' lang='grc' dir='ltr'>τῶν</span> <span class='ocrx_word' id='word_1_608' title='bbox 340 2527 522 2562; x_wconf 79' lang='grc' dir='ltr'>φιλοχρίστων</span> <span class='ocrx_word' id='word_1_609' title='bbox 539 2525 587 2552; x_wconf 78' lang='grc' dir='ltr'>καὶ</span> <span class='ocrx_word' id='word_1_610' title='bbox 612 2522 882 2560; x_wconf 75' lang='grc' dir='ltr'>Πορφυρογεννήτων</span> 
     </span>
    </p>
   </div>
   <div class='ocr_carea' id='block_1_85' title="bbox 100 2567 883 2610">
    <p class='ocr_par' dir='ltr' id='par_1_85' title="bbox 100 2567 883 2610">
     <span class='ocr_line' id='line_1_85' title="bbox 100 2567 883 2610; baseline -0.01 -9"><span class='ocrx_word' id='word_1_611' title='bbox 100 2574 230 2610; x_wconf 82' lang='grc' dir='ltr'>βασιλέων</span> <span class='ocrx_word' id='word_1_612' title='bbox 251 2573 406 2608; x_wconf 83' lang='grc' dir='ltr'>Ῥωμαίων.</span> <span class='ocrx_word' id='word_1_613' title='bbox 422 2572 519 2598; x_wconf 76' lang='grc' dir='ltr'>’ἰστέον</span> <span class='ocrx_word' id='word_1_614' title='bbox 539 2572 580 2597; x_wconf 78' lang='grc' dir='ltr'>ὅτι</span> <span class='ocrx_word' id='word_1_615' title='bbox 605 2570 620 2596; x_wconf 82' lang='grc'>6</span> <span class='ocrx_word' id='word_1_616' title='bbox 646 2569 818 2605; x_wconf 80' lang='grc' dir='ltr'>φιλόχριστος</span> <span class='ocrx_word' id='word_1_617' title='bbox 834 2567 883 2593; x_wconf 76' lang='grc' dir='ltr'>καὶ</span> 
     </span>
    </p>
   </div>
   <div class='ocr_carea' id='block_1_86' title="bbox 101 2612 884 2656">
    <p class='ocr_par' dir='ltr' id='par_1_86' title="bbox 101 2612 884 2656">
     <span class='ocr_line' id='line_1_86' title="bbox 101 2612 884 2656; baseline -0.009 -10"><span class='ocrx_word' id='word_1_618' title='bbox 101 2619 352 2656; x_wconf 75' lang='grc' dir='ltr'>Πορφυρογέννητος</span> <span class='ocrx_word' id='word_1_619' title='bbox 362 2619 409 2644; x_wconf 80' lang='grc' dir='ltr'><strong>καὶ</strong></span> <span class='ocrx_word' id='word_1_620' title='bbox 422 2618 543 2652; x_wconf 80' lang='grc' dir='ltr'>ἀοίδιμος</span> <span class='ocrx_word' id='word_1_621' title='bbox 554 2615 681 2651; x_wconf 78' lang='grc' dir='ltr'>βασιλεὺς</span> <span class='ocrx_word' id='word_1_622' title='bbox 697 2615 784 2646; x_wconf 77' lang='grc' dir='ltr'>Λέων,</span> <span class='ocrx_word' id='word_1_623' title='bbox 800 2612 884 2640; x_wconf 69' lang='grc' dir='ltr'>ἀκού-</span> 
     </span>
    </p>
   </div>
   <div class='ocr_carea' id='block_1_87' title="bbox 101 2659 884 2697">
    <p class='ocr_par' dir='ltr' id='par_1_87' title="bbox 101 2659 884 2697">
     <span class='ocr_line' id='line_1_87' title="bbox 101 2659 884 2697; baseline -0.009 -5"><span class='ocrx_word' id='word_1_624' title='bbox 101 2674 148 2697; x_wconf 80' lang='grc' dir='ltr'><strong>σας</strong></span> <span class='ocrx_word' id='word_1_625' title='bbox 162 2665 204 2691; x_wconf 84' lang='grc' dir='ltr'>ὃτι</span> <span class='ocrx_word' id='word_1_626' title='bbox 219 2665 259 2696; x_wconf 79' lang='grc' dir='ltr'>εἱς</span> <span class='ocrx_word' id='word_1_627' title='bbox 271 2664 318 2690; x_wconf 82' lang='grc' dir='ltr'>τὸν</span> <span class='ocrx_word' id='word_1_628' title='bbox 329 2664 412 2690; x_wconf 87' lang='grc' dir='ltr'>τόπον</span> <span class='ocrx_word' id='word_1_629' title='bbox 423 2663 468 2690; x_wconf 78' lang='grc' dir='ltr'><strong>τὸν</strong></span> <span class='ocrx_word' id='word_1_630' title='bbox 480 2662 628 2697; x_wconf 71' lang='grc' dir='ltr'>λεγόμενον</span> <span class='ocrx_word' id='word_1_631' title='bbox 642 2661 779 2695; x_wconf 77' lang='grc' dir='ltr'>Φασιανὴν</span> <span class='ocrx_word' id='word_1_632' title='bbox 792 2659 884 2686; x_wconf 77' lang='grc' dir='ltr'>ἐλθόν-</span> 
     </span>
    </p>
   </div>
   <div class='ocr_carea' id='block_1_88' title="bbox 101 2706 884 2746">
    <p class='ocr_par' dir='ltr' id='par_1_88' title="bbox 101 2706 884 2746">
     <span class='ocr_line' id='line_1_88' title="bbox 101 2706 884 2746; baseline -0.009 -8"><span class='ocrx_word' id='word_1_633' title='bbox 101 2719 144 2743; x_wconf 88' lang='grc' dir='ltr'><strong>τες</strong></span> <span class='ocrx_word' id='word_1_634' title='bbox 159 2710 351 2746; x_wconf 74' lang='grc' dir='ltr'>οιΣαρακηνοὶ</span> <span class='ocrx_word' id='word_1_635' title='bbox 376 2710 426 2742; x_wconf 80' lang='grc' dir='ltr'><strong>τὰς</strong></span> <span class='ocrx_word' id='word_1_636' title='bbox 451 2709 542 2736; x_wconf 69' lang='grc' dir='ltr'>ἐκεῖσε</span> <span class='ocrx_word' id='word_1_637' title='bbox 575 2707 724 2743; x_wconf 72' lang='grc' dir='ltr'>ἐκκλησίας</span> <span class='ocrx_word' id='word_1_638' title='bbox 750 2706 884 2740; x_wconf 72' lang='grc' dir='ltr'>ἐποίησαν</span> 
     </span>
    </p>
   </div>
   <div class='ocr_carea' id='block_1_89' title="bbox 922 1639 1723 1679">
    <p class='ocr_par' dir='ltr' id='par_1_89' title="bbox 922 1639 1723 1679">
     <span class='ocr_line' id='line_1_89' title="bbox 922 1639 1723 1679; baseline -0.007 -6"><span class='ocrx_word' id='word_1_639' title='bbox 922 1646 1037 1674; x_wconf 89' lang='lat' dir='ltr'><strong>mittunt</strong></span> <span class='ocrx_word' id='word_1_640' title='bbox 1062 1645 1140 1673; x_wconf 86' lang='lat' dir='ltr'><strong>urbis</strong></span> <span class='ocrx_word' id='word_1_641' title='bbox 1164 1648 1268 1673; x_wconf 74' lang='lat' dir='ltr'><strong>sanctae</strong></span> <span class='ocrx_word' id='word_1_642' title='bbox 1289 1643 1464 1679; x_wconf 83' lang='lat' dir='ltr'><strong>patriarchae.</strong></span> <span class='ocrx_word' id='word_1_643' title='bbox 1495 1642 1597 1676; x_wconf 84' lang='lat' dir='ltr'><strong>quique</strong></span> <span class='ocrx_word' id='word_1_644' title='bbox 1620 1641 1648 1668; x_wconf 93' lang='lat' dir='ltr'><strong>in</strong></span> <span class='ocrx_word' id='word_1_645' title='bbox 1676 1639 1723 1667; x_wconf 87' lang='lat' dir='ltr'><strong>illa</strong></span> 
     </span>
    </p>
   </div>
   <div class='ocr_carea' id='block_1_90' title="bbox 924 1685 1719 1728">
    <p class='ocr_par' dir='ltr' id='par_1_90' title="bbox 924 1685 1719 1728">
     <span class='ocr_line' id='line_1_90' title="bbox 924 1685 1719 1728; baseline -0.01 -8"><span class='ocrx_word' id='word_1_646' title='bbox 924 1693 1027 1728; x_wconf 77' lang='lat' dir='ltr'><strong>degunt</strong></span> <span class='ocrx_word' id='word_1_647' title='bbox 1039 1691 1216 1720; x_wconf 84' lang='lat' dir='ltr'><strong>Christianis.</strong></span> <span class='ocrx_word' id='word_1_648' title='bbox 1246 1690 1332 1718; x_wconf 85' lang='lat' dir='ltr'><strong>David</strong></span> <span class='ocrx_word' id='word_1_649' title='bbox 1357 1693 1449 1717; x_wconf 83' lang='lat' dir='ltr'><strong>autem</strong></span> <span class='ocrx_word' id='word_1_650' title='bbox 1473 1687 1528 1721; x_wconf 86' lang='lat' dir='ltr'><strong>ille,</strong></span> <span class='ocrx_word' id='word_1_651' title='bbox 1542 1695 1623 1723; x_wconf 88' lang='lat' dir='ltr'><strong>quem</strong></span> <span class='ocrx_word' id='word_1_652' title='bbox 1650 1685 1719 1718; x_wconf 79' lang='lat' dir='ltr'><strong>dixi,</strong></span> 
     </span>
    </p>
   </div>
   <div class='ocr_carea' id='block_1_91' title="bbox 926 1732 1723 1774">
    <p class='ocr_par' dir='ltr' id='par_1_91' title="bbox 926 1732 1723 1774">
     <span class='ocr_line' id='line_1_91' title="bbox 926 1732 1723 1774; baseline -0.01 -7"><span class='ocrx_word' id='word_1_653' title='bbox 926 1739 1082 1774; x_wconf 70' lang='lat' dir='ltr'><strong>Spandiataa</strong></span> <span class='ocrx_word' id='word_1_654' title='bbox 1103 1738 1199 1772; x_wconf 80' lang='lat' dir='ltr'><strong>frater,</strong></span> <span class='ocrx_word' id='word_1_655' title='bbox 1226 1738 1312 1765; x_wconf 86' lang='lat' dir='ltr'><strong>filium</strong></span> <span class='ocrx_word' id='word_1_656' title='bbox 1332 1735 1427 1772; x_wconf 78' lang='lat' dir='ltr'><strong>genuit</strong></span> <span class='ocrx_word' id='word_1_657' title='bbox 1451 1734 1643 1766; x_wconf 83' lang='lat' dir='ltr'><strong>Pancratium;</strong></span> <span class='ocrx_word' id='word_1_658' title='bbox 1669 1732 1723 1760; x_wconf 83' lang='lat' dir='ltr'><strong>iste</strong></span> 
     </span>
    </p>
   </div>
   <div class='ocr_carea' id='block_1_92' title="bbox 924 1778 1724 1817">
    <p class='ocr_par' dir='ltr' id='par_1_92' title="bbox 924 1778 1724 1817">
     <span class='ocr_line' id='line_1_92' title="bbox 924 1778 1724 1817; baseline -0.011 -5"><span class='ocrx_word' id='word_1_659' title='bbox 924 1785 1053 1812; x_wconf 82' lang='lat' dir='ltr'><strong>Asotium</strong></span> <span class='ocrx_word' id='word_1_660' title='bbox 1078 1784 1192 1817; x_wconf 83' lang='lat' dir='ltr'><strong>habuit;</strong></span> <span class='ocrx_word' id='word_1_661' title='bbox 1219 1782 1333 1812; x_wconf 78' lang='lat' dir='ltr'><strong>Asotius</strong></span> <span class='ocrx_word' id='word_1_662' title='bbox 1354 1788 1420 1809; x_wconf 88' lang='lat' dir='ltr'><strong>vero</strong></span> <span class='ocrx_word' id='word_1_663' title='bbox 1445 1779 1542 1816; x_wconf 86' lang='lat' dir='ltr'><strong>genuit</strong></span> <span class='ocrx_word' id='word_1_664' title='bbox 1571 1778 1724 1810; x_wconf 82' lang='lat' dir='ltr'><strong>Adranase,</strong></span> 
     </span>
    </p>
   </div>
   <div class='ocr_carea' id='block_1_93' title="bbox 926 1821 1723 1865">
    <p class='ocr_par' dir='ltr' id='par_1_93' title="bbox 926 1821 1723 1865">
     <span class='ocr_line' id='line_1_93' title="bbox 926 1821 1723 1865; baseline -0.01 -8"><span class='ocrx_word' id='word_1_665' title='bbox 926 1830 973 1865; x_wconf 90' lang='lat' dir='ltr'><strong>qui</strong></span> <span class='ocrx_word' id='word_1_666' title='bbox 989 1829 1156 1865; x_wconf 84' lang='lat' dir='ltr'><strong>curopalatae</strong></span> <span class='ocrx_word' id='word_1_667' title='bbox 1166 1829 1300 1864; x_wconf 76' lang='lat' dir='ltr'><strong>dignitate</strong></span> <span class='ocrx_word' id='word_1_668' title='bbox 1311 1832 1408 1854; x_wconf 68' lang='lat' dir='ltr'><strong>suetus</strong></span> <span class='ocrx_word' id='word_1_669' title='bbox 1419 1825 1471 1852; x_wconf 85' lang='lat' dir='ltr'><strong>fuit</strong></span> <span class='ocrx_word' id='word_1_670' title='bbox 1485 1832 1501 1851; x_wconf 85' lang='lat' dir='ltr'><strong>a</strong></span> <span class='ocrx_word' id='word_1_671' title='bbox 1514 1823 1606 1851; x_wconf 88' lang='lat' dir='ltr'><strong>Leone</strong></span> <span class='ocrx_word' id='word_1_672' title='bbox 1620 1821 1723 1850; x_wconf 85' lang='lat' dir='ltr'><strong>Christi</strong></span> 
     </span>
    </p>
   </div>
   <div class='ocr_carea' id='block_1_94' title="bbox 927 1869 1724 1908">
    <p class='ocr_par' dir='ltr' id='par_1_94' title="bbox 927 1869 1724 1908">
     <span class='ocr_line' id='line_1_94' title="bbox 927 1869 1724 1908; baseline -0.011 -4"><span class='ocrx_word' id='word_1_673' title='bbox 927 1880 1038 1904; x_wconf 88' lang='lat' dir='ltr'><strong>amante</strong></span> <span class='ocrx_word' id='word_1_674' title='bbox 1062 1875 1252 1902; x_wconf 83' lang='lat' dir='ltr'><strong>Romanorum</strong></span> <span class='ocrx_word' id='word_1_675' title='bbox 1281 1874 1460 1908; x_wconf 84' lang='lat' dir='ltr'><strong>imperatore.</strong></span> <span class='ocrx_word' id='word_1_676' title='bbox 1493 1871 1529 1898; x_wconf 86' lang='lat' dir='ltr'><strong>At</strong></span> <span class='ocrx_word' id='word_1_677' title='bbox 1558 1869 1724 1905; x_wconf 90' lang='lat' dir='ltr'><strong>Spandiates</strong></span> 
     </span>
    </p>
   </div>
   <div class='ocr_carea' id='block_1_95' title="bbox 928 1916 1725 1958">
    <p class='ocr_par' dir='ltr' id='par_1_95' title="bbox 928 1916 1725 1958">
     <span class='ocr_line' id='line_1_95' title="bbox 928 1916 1725 1958; baseline -0.01 -8"><span class='ocrx_word' id='word_1_678' title='bbox 928 1917 1014 1951; x_wconf 75' lang='lat' dir='ltr'><strong>frater</strong></span> <span class='ocrx_word' id='word_1_679' title='bbox 1028 1922 1152 1958; x_wconf 69' lang='lat' dir='ltr'><strong>praedicti</strong></span> <span class='ocrx_word' id='word_1_680' title='bbox 1173 1921 1287 1949; x_wconf 83' lang='lat' dir='ltr'><strong>Davidis</strong></span> <span class='ocrx_word' id='word_1_681' title='bbox 1306 1920 1366 1948; x_wconf 88' lang='lat' dir='ltr'><strong>sine</strong></span> <span class='ocrx_word' id='word_1_682' title='bbox 1393 1918 1458 1946; x_wconf 86' lang='lat' dir='ltr'><strong>ullis</strong></span> <span class='ocrx_word' id='word_1_683' title='bbox 1477 1917 1572 1944; x_wconf 83' lang='lat' dir='ltr'><strong>liberis</strong></span> <span class='ocrx_word' id='word_1_684' title='bbox 1596 1916 1725 1944; x_wconf 84' lang='lat' dir='ltr'><strong>decessit.</strong></span> 
     </span>
    </p>
   </div>
   <div class='ocr_carea' id='block_1_96' title="bbox 930 1962 1726 2005">
    <p class='ocr_par' dir='ltr' id='par_1_96' title="bbox 930 1962 1726 2005">
     <span class='ocr_line' id='line_1_96' title="bbox 930 1962 1726 2005; baseline -0.013 -8"><span class='ocrx_word' id='word_1_685' title='bbox 930 1970 968 1997; x_wconf 81' lang='lat' dir='ltr'><strong>Ex</strong></span> <span class='ocrx_word' id='word_1_686' title='bbox 985 1976 1041 2005; x_wconf 90' lang='lat' dir='ltr'><strong>quo</strong></span> <span class='ocrx_word' id='word_1_687' title='bbox 1064 1973 1155 1996; x_wconf 84' lang='lat' dir='ltr'><strong>autem</strong></span> <span class='ocrx_word' id='word_1_688' title='bbox 1177 1965 1378 2001; x_wconf 86' lang='lat' dir='ltr'><strong>Hierosolymis</strong></span> <span class='ocrx_word' id='word_1_689' title='bbox 1401 1964 1557 1999; x_wconf 87' lang='lat' dir='ltr'><strong>migrarunt</strong></span> <span class='ocrx_word' id='word_1_690' title='bbox 1578 1962 1604 1988; x_wconf 92' lang='lat' dir='ltr'><strong>in</strong></span> <span class='ocrx_word' id='word_1_691' title='bbox 1624 1966 1726 1988; x_wconf 88' lang='lat' dir='ltr'><strong>terram</strong></span> 
     </span>
    </p>
   </div>
   <div class='ocr_carea' id='block_1_97' title="bbox 929 2007 1725 2052">
    <p class='ocr_par' dir='ltr' id='par_1_97' title="bbox 929 2007 1725 2052">
     <span class='ocr_line' id='line_1_97' title="bbox 929 2007 1725 2052; baseline -0.013 -8"><span class='ocrx_word' id='word_1_692' title='bbox 929 2023 1011 2052; x_wconf 90' lang='lat' dir='ltr'><strong>quam</strong></span> <span class='ocrx_word' id='word_1_693' title='bbox 1026 2022 1100 2042; x_wconf 86' lang='lat' dir='ltr'><strong>nunc</strong></span> <span class='ocrx_word' id='word_1_694' title='bbox 1119 2013 1253 2045; x_wconf 88' lang='lat' dir='ltr'><strong>incolunt,</strong></span> <span class='ocrx_word' id='word_1_695' title='bbox 1269 2011 1333 2038; x_wconf 80' lang='lat' dir='ltr'><strong>anni</strong></span> <span class='ocrx_word' id='word_1_696' title='bbox 1358 2016 1423 2039; x_wconf 90' lang='lat' dir='ltr'><strong>sunt</strong></span> <span class='ocrx_word' id='word_1_697' title='bbox 1443 2007 1653 2044; x_wconf 74' lang='lat' dir='ltr'><strong>quadringenti,</strong></span> <span class='ocrx_word' id='word_1_698' title='bbox 1683 2008 1725 2034; x_wconf 80' lang='lat' dir='ltr'><strong>vel</strong></span> 
     </span>
    </p>
   </div>
   <div class='ocr_carea' id='block_1_98' title="bbox 931 2054 1728 2098">
    <p class='ocr_par' dir='ltr' id='par_1_98' title="bbox 931 2054 1728 2098">
     <span class='ocr_line' id='line_1_98' title="bbox 931 2054 1728 2098; baseline -0.014 -9"><span class='ocrx_word' id='word_1_699' title='bbox 931 2061 1073 2098; x_wconf 75' lang='lat' dir='ltr'><strong>quingenti</strong></span> <span class='ocrx_word' id='word_1_700' title='bbox 1087 2059 1178 2092; x_wconf 86' lang='lat' dir='ltr'><strong>hodie,</strong></span> <span class='ocrx_word' id='word_1_701' title='bbox 1198 2066 1259 2093; x_wconf 69' lang='lat' dir='ltr'><strong>qua:</strong></span> <span class='ocrx_word' id='word_1_702' title='bbox 1274 2061 1317 2085; x_wconf 85' lang='lat' dir='ltr'><strong>est</strong></span> <span class='ocrx_word' id='word_1_703' title='bbox 1338 2055 1454 2083; x_wconf 89' lang='lat' dir='ltr'><strong>lndiclio</strong></span> <span class='ocrx_word' id='word_1_704' title='bbox 1474 2054 1599 2086; x_wconf 88' lang='lat' dir='ltr'><strong>decima;</strong></span> <span class='ocrx_word' id='word_1_705' title='bbox 1617 2061 1632 2079; x_wconf 88' lang='lat' dir='ltr'><strong>a</strong></span> <span class='ocrx_word' id='word_1_706' title='bbox 1658 2059 1728 2079; x_wconf 89' lang='lat' dir='ltr'><strong>con-</strong></span> 
     </span>
    </p>
   </div>
   <div class='ocr_carea' id='block_1_99' title="bbox 932 2099 1729 2136">
    <p class='ocr_par' dir='ltr' id='par_1_99' title="bbox 932 2099 1729 2136">
     <span class='ocr_line' id='line_1_99' title="bbox 932 2099 1729 2136; baseline -0.014 -1"><span class='ocrx_word' id='word_1_707' title='bbox 932 2108 990 2135; x_wconf 87' lang='lat' dir='ltr'><strong>dito</strong></span> <span class='ocrx_word' id='word_1_708' title='bbox 1021 2113 1086 2134; x_wconf 87' lang='lat' dir='ltr'><strong>vero</strong></span> <span class='ocrx_word' id='word_1_709' title='bbox 1113 2105 1218 2133; x_wconf 89' lang='lat' dir='ltr'><strong>mundo</strong></span> <span class='ocrx_word' id='word_1_710' title='bbox 1239 2103 1321 2136; x_wconf 65' lang='lat'><strong>6460,</strong></span> <span class='ocrx_word' id='word_1_711' title='bbox 1350 2101 1533 2130; x_wconf 85' lang='lat' dir='ltr'><strong>Constantino</strong></span> <span class='ocrx_word' id='word_1_712' title='bbox 1556 2104 1583 2128; x_wconf 90' lang='lat' dir='ltr'><strong>et</strong></span> <span class='ocrx_word' id='word_1_713' title='bbox 1604 2099 1729 2126; x_wconf 76' lang='lat' dir='ltr'><strong>Romano</strong></span> 
     </span>
    </p>
   </div>
   <div class='ocr_carea' id='block_1_100' title="bbox 933 2144 1728 2183">
    <p class='ocr_par' dir='ltr' id='par_1_100' title="bbox 933 2144 1728 2183">
     <span class='ocr_line' id='line_1_100' title="bbox 933 2144 1728 2183; baseline -0.013 -3"><span class='ocrx_word' id='word_1_714' title='bbox 933 2152 1036 2181; x_wconf 84' lang='lat' dir='ltr'><strong>Christi</strong></span> <span class='ocrx_word' id='word_1_715' title='bbox 1052 2151 1211 2178; x_wconf 85' lang='lat' dir='ltr'><strong>amantibus</strong></span> <span class='ocrx_word' id='word_1_716' title='bbox 1228 2158 1261 2177; x_wconf 85' lang='lat' dir='ltr'><strong>ac</strong></span> <span class='ocrx_word' id='word_1_717' title='bbox 1283 2146 1526 2183; x_wconf 76' lang='lat' dir='ltr'><strong>Porphyrogenitis</strong></span> <span class='ocrx_word' id='word_1_718' title='bbox 1552 2144 1728 2180; x_wconf 89' lang='lat' dir='ltr'><strong>imperatori-</strong></span> 
     </span>
    </p>
   </div>
   <div class='ocr_carea' id='block_1_101' title="bbox 933 2189 1728 2226">
    <p class='ocr_par' dir='ltr' id='par_1_101' title="bbox 933 2189 1728 2226">
     <span class='ocr_line' id='line_1_101' title="bbox 933 2189 1728 2226; baseline -0.013 0"><span class='ocrx_word' id='word_1_719' title='bbox 933 2199 996 2226; x_wconf 86' lang='lat' dir='ltr'><strong>bus.</strong></span> <span class='ocrx_word' id='word_1_720' title='bbox 1009 2197 1111 2225; x_wconf 84' lang='lat' dir='ltr'><strong>Chrisli</strong></span> <span class='ocrx_word' id='word_1_721' title='bbox 1127 2202 1218 2223; x_wconf 81' lang='lat' dir='ltr'><strong>autem</strong></span> <span class='ocrx_word' id='word_1_722' title='bbox 1232 2202 1327 2222; x_wconf 85' lang='lat' dir='ltr'><strong>amans</strong></span> <span class='ocrx_word' id='word_1_723' title='bbox 1342 2193 1397 2221; x_wconf 90' lang='lat' dir='ltr'><strong>Leo</strong></span> <span class='ocrx_word' id='word_1_724' title='bbox 1412 2193 1458 2220; x_wconf 90' lang='lat' dir='ltr'><strong>ille</strong></span> <span class='ocrx_word' id='word_1_725' title='bbox 1475 2189 1728 2226; x_wconf 84' lang='lat' dir='ltr'><strong>Porphyrogcnitns</strong></span> 
     </span>
    </p>
   </div>
   <div class='ocr_carea' id='block_1_102' title="bbox 897 2234 1728 2292">
    <p class='ocr_par' dir='ltr' id='par_1_102' title="bbox 897 2234 1728 2292">
     <span class='ocr_line' id='line_1_102' title="bbox 897 2234 1728 2292; baseline -0.013 -21"><span class='ocrx_word' id='word_1_726' title='bbox 897 2263 921 2292; x_wconf 70' lang='grc' dir='ltr'>ο</span> <span class='ocrx_word' id='word_1_727' title='bbox 935 2251 967 2272; x_wconf 87' lang='lat' dir='ltr'><strong>ac</strong></span> <span class='ocrx_word' id='word_1_728' title='bbox 983 2241 1288 2278; x_wconf 62' lang='lat' dir='ltr'><strong>praeclarusimperator</strong></span> <span class='ocrx_word' id='word_1_729' title='bbox 1295 2239 1410 2266; x_wconf 88' lang='lat' dir='ltr'><strong>audiens</strong></span> <span class='ocrx_word' id='word_1_730' title='bbox 1421 2237 1572 2265; x_wconf 87' lang='lat' dir='ltr'><strong>Phasianes</strong></span> <span class='ocrx_word' id='word_1_731' title='bbox 1595 2234 1728 2262; x_wconf 83' lang='lat' dir='ltr'><strong>ecclesias</strong></span> 
     </span>
    </p>
   </div>
   <div class='ocr_carea' id='block_1_103' title="bbox 94 2293 897 2334">
    <p class='ocr_par' dir='ltr' id='par_1_103' title="bbox 94 2293 897 2334">
     <span class='ocr_line' id='line_1_103' title="bbox 94 2293 897 2334; baseline -0.011 -7"><span class='ocrx_word' id='word_1_732' title='bbox 94 2301 136 2328; x_wconf 64' lang='lat'><strong>616</strong></span> <span class='ocrx_word' id='word_1_733' title='bbox 146 2299 320 2334; x_wconf 81' lang='grc' dir='ltr'>ἐτελεύτησεν</span> <span class='ocrx_word' id='word_1_734' title='bbox 332 2298 458 2329; x_wconf 80' lang='grc' dir='ltr'>ἄτεκνος.</span> <span class='ocrx_word' id='word_1_735' title='bbox 482 2297 550 2323; x_wconf 60' lang='grc' dir='ltr'><strong>’Δπδ</strong></span> <span class='ocrx_word' id='word_1_736' title='bbox 574 2296 602 2322; x_wconf 77' lang='grc' dir='ltr'>δὲ</span> <span class='ocrx_word' id='word_1_737' title='bbox 625 2297 674 2330; x_wconf 79' lang='grc' dir='ltr'>τῆς</span> <span class='ocrx_word' id='word_1_738' title='bbox 693 2294 722 2327; x_wconf 77' lang='grc' dir='ltr'><strong>ἐξ</strong></span> <span class='ocrx_word' id='word_1_739' title='bbox 747 2293 897 2329; x_wconf 79' lang='grc' dir='ltr'>Ἰερουσα--</span> 
     </span>
    </p>
   </div>
   <div class='ocr_carea' id='block_1_104' title="bbox 938 2286 1728 2318">
    <p class='ocr_par' dir='ltr' id='par_1_104' title="bbox 938 2286 1728 2318">
     <span class='ocr_line' id='line_1_104' title="bbox 938 2286 1728 2318; baseline -0.014 0"><span class='ocrx_word' id='word_1_740' title='bbox 938 2298 954 2318; x_wconf 88' lang='lat' dir='ltr'><strong>a</strong></span> <span class='ocrx_word' id='word_1_741' title='bbox 970 2287 1320 2318; x_wconf 86' lang='lat' dir='ltr'><strong>Saracenisinvadenlibus</strong></span> <span class='ocrx_word' id='word_1_742' title='bbox 1332 2286 1358 2312; x_wconf 93' lang='lat' dir='ltr'><strong>in</strong></span> <span class='ocrx_word' id='word_1_743' title='bbox 1375 2288 1468 2312; x_wconf 85' lang='lat' dir='ltr'><strong>castra</strong></span> <span class='ocrx_word' id='word_1_744' title='bbox 1487 2289 1635 2310; x_wconf 87' lang='lat' dir='ltr'><strong>conversas</strong></span> <span class='ocrx_word' id='word_1_745' title='bbox 1655 2288 1728 2314; x_wconf 85' lang='lat' dir='ltr'><strong>esse,</strong></span> 
     </span>
    </p>
   </div>
   <div class='ocr_carea' id='block_1_105' title="bbox 937 2330 1727 2370">
    <p class='ocr_par' dir='ltr' id='par_1_105' title="bbox 937 2330 1727 2370">
     <span class='ocr_line' id='line_1_105' title="bbox 937 2330 1727 2370; baseline -0.014 -7"><span class='ocrx_word' id='word_1_746' title='bbox 937 2335 1101 2363; x_wconf 83' lang='lat' dir='ltr'><strong>Lalaconem</strong></span> <span class='ocrx_word' id='word_1_747' title='bbox 1115 2333 1264 2370; x_wconf 82' lang='lat' dir='ltr'><strong>patricium</strong></span> <span class='ocrx_word' id='word_1_748' title='bbox 1279 2336 1307 2359; x_wconf 89' lang='lat' dir='ltr'><strong>et</strong></span> <span class='ocrx_word' id='word_1_749' title='bbox 1330 2330 1558 2359; x_wconf 83' lang='lat' dir='ltr'><strong>Armeniacorum</strong></span> <span class='ocrx_word' id='word_1_750' title='bbox 1584 2331 1727 2363; x_wconf 65' lang='lat' dir='ltr'><strong>praetorem</strong></span> 
     </span>
    </p>
   </div>
   <div class='ocr_carea' id='block_1_106' title="bbox 933 2372 1727 2414">
    <p class='ocr_par' dir='ltr' id='par_1_106' title="bbox 933 2372 1727 2414">
     <span class='ocr_line' id='line_1_106' title="bbox 933 2372 1727 2414; baseline -0.014 -5"><span class='ocrx_word' id='word_1_751' title='bbox 933 2381 1019 2414; x_wconf 81' lang='lat' dir='ltr'><strong>misit,</strong></span> <span class='ocrx_word' id='word_1_752' title='bbox 1035 2388 1088 2408; x_wconf 86' lang='lat' dir='ltr'><strong>una</strong></span> <span class='ocrx_word' id='word_1_753' title='bbox 1100 2387 1162 2407; x_wconf 91' lang='lat' dir='ltr'><strong>cum</strong></span> <span class='ocrx_word' id='word_1_754' title='bbox 1181 2377 1344 2414; x_wconf 66' lang='lat' dir='ltr'><strong>praetoribus</strong></span> <span class='ocrx_word' id='word_1_755' title='bbox 1361 2375 1494 2408; x_wconf 69' lang='lat' dir='ltr'><strong>Coloniae,</strong></span> <span class='ocrx_word' id='word_1_756' title='bbox 1511 2372 1727 2409; x_wconf 69' lang='lat' dir='ltr'><strong>Mesopotamiae,</strong></span> 
     </span>
    </p>
   </div>
   <div class='ocr_carea' id='block_1_107' title="bbox 938 2422 1730 2460">
    <p class='ocr_par' dir='ltr' id='par_1_107' title="bbox 938 2422 1730 2460">
     <span class='ocr_line' id='line_1_107' title="bbox 938 2422 1730 2460; baseline -0.011 -6"><span class='ocrx_word' id='word_1_757' title='bbox 938 2426 1122 2460; x_wconf 73' lang='lat' dir='ltr'><strong>Chaldiaeque,</strong></span> <span class='ocrx_word' id='word_1_758' title='bbox 1141 2425 1187 2460; x_wconf 91' lang='lat' dir='ltr'><strong>qui</strong></span> <span class='ocrx_word' id='word_1_759' title='bbox 1204 2422 1362 2459; x_wconf 86' lang='lat' dir='ltr'><strong>hujusmodi</strong></span> <span class='ocrx_word' id='word_1_760' title='bbox 1380 2426 1471 2449; x_wconf 87' lang='lat' dir='ltr'><strong>castra</strong></span> <span class='ocrx_word' id='word_1_761' title='bbox 1489 2423 1658 2450; x_wconf 81' lang='lat' dir='ltr'><strong>everterunt.</strong></span> <span class='ocrx_word' id='word_1_762' title='bbox 1683 2425 1730 2446; x_wconf 86' lang='lat' dir='ltr'><strong>ec-</strong></span> 
     </span>
    </p>
   </div>
   <div class='ocr_carea' id='block_1_108' title="bbox 936 2467 1729 2504">
    <p class='ocr_par' dir='ltr' id='par_1_108' title="bbox 936 2467 1729 2504">
     <span class='ocr_line' id='line_1_108' title="bbox 936 2467 1729 2504; baseline -0.013 -3"><span class='ocrx_word' id='word_1_763' title='bbox 936 2473 1035 2501; x_wconf 87' lang='lat' dir='ltr'><strong>clesias</strong></span> <span class='ocrx_word' id='word_1_764' title='bbox 1050 2472 1214 2503; x_wconf 83' lang='lat' dir='ltr'><strong>liberarunt,</strong></span> <span class='ocrx_word' id='word_1_765' title='bbox 1230 2474 1371 2504; x_wconf 86' lang='lat' dir='ltr'><strong>totamque</strong></span> <span class='ocrx_word' id='word_1_766' title='bbox 1381 2467 1557 2500; x_wconf 79' lang='lat' dir='ltr'><strong>Phasianem,</strong></span> <span class='ocrx_word' id='word_1_767' title='bbox 1572 2473 1653 2501; x_wconf 88' lang='lat' dir='ltr'><strong>quam</strong></span> <span class='ocrx_word' id='word_1_768' title='bbox 1665 2470 1729 2492; x_wconf 91' lang='lat' dir='ltr'><strong>tunc</strong></span> 
     </span>
    </p>
   </div>
   <div class='ocr_carea' id='block_1_109' title="bbox 937 2511 1729 2555">
    <p class='ocr_par' dir='ltr' id='par_1_109' title="bbox 937 2511 1729 2555">
     <span class='ocr_line' id='line_1_109' title="bbox 937 2511 1729 2555; baseline -0.013 -8"><span class='ocrx_word' id='word_1_769' title='bbox 937 2519 1068 2555; x_wconf 89' lang='lat' dir='ltr'><strong>temporis</strong></span> <span class='ocrx_word' id='word_1_770' title='bbox 1093 2516 1224 2545; x_wconf 87' lang='lat' dir='ltr'><strong>Saraceni</strong></span> <span class='ocrx_word' id='word_1_771' title='bbox 1253 2515 1395 2547; x_wconf 85' lang='lat' dir='ltr'><strong>tenebant,</strong></span> <span class='ocrx_word' id='word_1_772' title='bbox 1411 2514 1601 2541; x_wconf 82' lang='lat' dir='ltr'><strong>devaslarunt.</strong></span> <span class='ocrx_word' id='word_1_773' title='bbox 1630 2511 1729 2538; x_wconf 82' lang='lat' dir='ltr'><strong>Postea</strong></span> 
     </span>
    </p>
   </div>
   <div class='ocr_carea' id='block_1_110' title="bbox 935 2555 1731 2596">
    <p class='ocr_par' dir='ltr' id='par_1_110' title="bbox 935 2555 1731 2596">
     <span class='ocr_line' id='line_1_110' title="bbox 935 2555 1731 2596; baseline -0.014 -3"><span class='ocrx_word' id='word_1_774' title='bbox 935 2572 1046 2593; x_wconf 88' lang='lat' dir='ltr'><strong>rursum</strong></span> <span class='ocrx_word' id='word_1_775' title='bbox 1077 2563 1237 2592; x_wconf 81' lang='lat' dir='ltr'><strong>Catacalum</strong></span> <span class='ocrx_word' id='word_1_776' title='bbox 1261 2561 1421 2596; x_wconf 80' lang='lat' dir='ltr'><strong>magistrum</strong></span> <span class='ocrx_word' id='word_1_777' title='bbox 1441 2562 1469 2586; x_wconf 82' lang='lat' dir='ltr'><strong>et</strong></span> <span class='ocrx_word' id='word_1_778' title='bbox 1495 2558 1653 2586; x_wconf 87' lang='lat' dir='ltr'><strong>scholarum</strong></span> <span class='ocrx_word' id='word_1_779' title='bbox 1680 2555 1731 2583; x_wconf 88' lang='lat' dir='ltr'><strong>do-</strong></span> 
     </span>
    </p>
   </div>
   <div class='ocr_carea' id='block_1_111' title="bbox 934 2602 1728 2644">
    <p class='ocr_par' dir='ltr' id='par_1_111' title="bbox 934 2602 1728 2644">
     <span class='ocr_line' id='line_1_111' title="bbox 934 2602 1728 2644; baseline -0.015 -4"><span class='ocrx_word' id='word_1_780' title='bbox 934 2611 1080 2640; x_wconf 90' lang='lat' dir='ltr'><strong>mesticqu</strong></span> <span class='ocrx_word' id='word_1_781' title='bbox 1107 2609 1193 2642; x_wconf 81' lang='lat' dir='ltr'><strong>misit,</strong></span> <span class='ocrx_word' id='word_1_782' title='bbox 1208 2608 1334 2644; x_wconf 89' lang='lat' dir='ltr'><strong>quicum</strong></span> <span class='ocrx_word' id='word_1_783' title='bbox 1359 2606 1455 2634; x_wconf 84' lang='lat' dir='ltr'><strong>urbem</strong></span> <span class='ocrx_word' id='word_1_784' title='bbox 1484 2602 1728 2638; x_wconf 86' lang='lat' dir='ltr'><strong>Theodosiopolim</strong></span> 
     </span>
    </p>
   </div>
   <div class='ocr_carea' id='block_1_112' title="bbox 935 2649 1806 2689">
    <p class='ocr_par' dir='ltr' id='par_1_112' title="bbox 935 2649 1806 2689">
     <span class='ocr_line' id='line_1_112' title="bbox 935 2649 1806 2689; baseline -0.014 -4"><span class='ocrx_word' id='word_1_785' title='bbox 935 2657 1095 2689; x_wconf 80' lang='lat' dir='ltr'><strong>invasisset,</strong></span> <span class='ocrx_word' id='word_1_786' title='bbox 1107 2661 1217 2683; x_wconf 89' lang='lat' dir='ltr'><strong>omnem</strong></span> <span class='ocrx_word' id='word_1_787' title='bbox 1234 2653 1340 2681; x_wconf 90' lang='lat' dir='ltr'><strong>circum</strong></span> <span class='ocrx_word' id='word_1_788' title='bbox 1356 2651 1497 2687; x_wconf 81' lang='lat' dir='ltr'><strong>regionem</strong></span> <span class='ocrx_word' id='word_1_789' title='bbox 1515 2649 1673 2685; x_wconf 82' lang='lat' dir='ltr'><strong>populatus,</strong></span> <span class='ocrx_word' id='word_1_790' title='bbox 1701 2649 1732 2674; x_wconf 74' lang='lat' dir='ltr'><strong>et</strong></span> <span class='ocrx_word' id='word_1_791' title='bbox 1763 2652 1770 2655; x_wconf 89' lang='lat'>&#39;</span> <span class='ocrx_word' id='word_1_792' title='bbox 1784 2659 1806 2682; x_wconf 63' lang='grc' dir='ltr'><strong>,ι</strong></span> 
     </span>
    </p>
   </div>
   <div class='ocr_carea' id='block_1_113' title="bbox 939 2692 1730 2732">
    <p class='ocr_par' dir='ltr' id='par_1_113' title="bbox 939 2692 1730 2732">
     <span class='ocr_line' id='line_1_113' title="bbox 939 2692 1730 2732; baseline -0.014 -2"><span class='ocrx_word' id='word_1_793' title='bbox 939 2701 1091 2730; x_wconf 83' lang='lat' dir='ltr'><strong>Phasianes</strong></span> <span class='ocrx_word' id='word_1_794' title='bbox 1115 2704 1188 2728; x_wconf 83' lang='lat' dir='ltr'><strong>terra</strong></span> <span class='ocrx_word' id='word_1_795' title='bbox 1211 2697 1383 2732; x_wconf 81' lang='lat' dir='ltr'><strong>urbibusque</strong></span> <span class='ocrx_word' id='word_1_796' title='bbox 1403 2695 1502 2724; x_wconf 89' lang='lat' dir='ltr'><strong>vicinis</strong></span> <span class='ocrx_word' id='word_1_797' title='bbox 1521 2692 1648 2723; x_wconf 81' lang='lat' dir='ltr'><strong>similiter</strong></span> <span class='ocrx_word' id='word_1_798' title='bbox 1666 2697 1730 2728; x_wconf 84' lang='lat' dir='ltr'><strong>per-</strong></span> 
     </span>
    </p>
   </div>
   <div class='ocr_carea' id='block_1_114' title="bbox 693 2788 1170 2822">
    <p class='ocr_par' dir='ltr' id='par_1_114' title="bbox 693 2788 1170 2822">
     <span class='ocr_line' id='line_1_114' title="bbox 693 2788 1170 2822; baseline -0.015 0"><span class='ocrx_word' id='word_1_799' title='bbox 693 2792 841 2822; x_wconf 80' lang='lat' dir='ltr'><strong>ANSELMI</strong></span> <span class='ocrx_word' id='word_1_800' title='bbox 865 2790 1033 2820; x_wconf 76' lang='lat' dir='ltr'><strong>BANDURII</strong></span> <span class='ocrx_word' id='word_1_801' title='bbox 1055 2788 1170 2818; x_wconf 65' lang='lat' dir='ltr'><strong>NOTE.</strong></span> 
     </span>
    </p>
   </div>
   <div class='ocr_carea' id='block_1_115' title="bbox 136 2855 476 2895">
    <p class='ocr_par' dir='ltr' id='par_1_115' title="bbox 136 2855 476 2895">
     <span class='ocr_line' id='line_1_115' title="bbox 136 2855 476 2895; baseline -0.015 -7"><span class='ocrx_word' id='word_1_802' title='bbox 136 2859 192 2895; x_wconf 76' lang='lat'><strong>(79)</strong></span> <span class='ocrx_word' id='word_1_803' title='bbox 205 2858 241 2895; x_wconf 76' lang='lat' dir='ltr'><strong>ha</strong></span> <span class='ocrx_word' id='word_1_804' title='bbox 257 2866 290 2886; x_wconf 89' lang='lat' dir='ltr'><strong>ex</strong></span> <span class='ocrx_word' id='word_1_805' title='bbox 305 2864 356 2885; x_wconf 79' lang='lat' dir='ltr'><strong>ms.</strong></span> <span class='ocrx_word' id='word_1_806' title='bbox 370 2855 476 2895; x_wconf 56' lang='lat' dir='ltr'><strong>codice.</strong></span> 
     </span>
    </p>
   </div>
   <div class='ocr_carea' id='block_1_116' title="bbox 139 2879 1279 2931">
    <p class='ocr_par' dir='ltr' id='par_1_116' title="bbox 139 2879 1279 2931">
     <span class='ocr_line' id='line_1_116' title="bbox 139 2879 1279 2931; baseline -0.012 -9"><span class='ocrx_word' id='word_1_807' title='bbox 139 2879 356 2931; x_wconf 55' lang='lat' dir='ltr'><strong>iéBSNitﬁﬁdli};</strong></span> <span class='ocrx_word' id='word_1_808' title='bbox 369 2879 560 2921; x_wconf 60' lang='grc' dir='ltr'><strong>εἶὲὶῖτὸἰέιπῖειῑ</strong></span> <span class='ocrx_word' id='word_1_809' title='bbox 587 2889 652 2923; x_wconf 66' lang='lat'><strong>952,</strong></span> <span class='ocrx_word' id='word_1_810' title='bbox 673 2888 782 2926; x_wconf 85' lang='lat' dir='ltr'><strong>imperii</strong></span> <span class='ocrx_word' id='word_1_811' title='bbox 804 2885 980 2916; x_wconf 84' lang='lat' dir='ltr'><strong>Constantini</strong></span> <span class='ocrx_word' id='word_1_812' title='bbox 995 2881 1220 2921; x_wconf 69' lang='lat' dir='ltr'><strong>i‘orphyrogcniti</strong></span> <span class='ocrx_word' id='word_1_813' title='bbox 1235 2879 1279 2909; x_wconf 81' lang='grc' dir='ltr'>ιι.</span> 
     </span>
    </p>
   </div>
  </div>
