1938 3070
168 91 224 123 355

676 92 930 124 CONSTANTINI
949 92 1288 124 PORPHYROGENITI

1745 90 1805 123 356

168 149 355 183 abduxerunt,
369 149 491 177 incensis
505 150 583 185 pagis
601 151 681 186 ejus;
699 152 772 187 quod
787 160 931 187 nunquam
947 160 961 180 a

1019 153 1147 188 ταστὴσει
1164 152 1199 179 τὰ
1211 152 1274 187 ὅρια
1283 151 1337 178 τῶν
1350 150 1442 177 τόπων
1455 149 1537 177 αὐτοῦ
1546 158 1553 166 σ
1568 149 1636 177 ἀλλά
1656 150 1728 177 κατᾶ
1747 151 1804 178 τῶν

170 194 329 228 europalate
350 193 451 221 factum
464 199 516 222 est.
537 193 641 230 Hisque
664 196 701 224 ita
717 204 732 223 a
760 196 840 225 nobis
861 197 959 225 deletis

171 243 307 267 venerunt
322 239 424 273 lberes,
437 247 524 275 eaque
538 245 680 276 ceperunt,
694 242 788 270 urbem
803 242 903 271 exinde
920 247 960 270 te-

171 293 237 313 nere
255 286 357 313 conati.
382 287 499 314 Ameras
523 295 589 315 vero
616 289 712 316 crebro
738 290 917 325 compellatus
944 298 960 317 a

171 332 323 367 Tlieopbilo
345 333 464 368 patricio
490 339 517 361 et
539 339 667 369 praetore,
691 337 792 363 nullam
816 337 869 364 sibi
898 338 961 365 vitae

170 387 249 414 spem
268 387 331 407 esse
345 379 456 412 videns,
476 381 595 415 imperio
616 389 646 409 se
665 387 759 410 nostro
777 383 918 416 submisit,
934 388 962 411 et

170 425 260 452 ﬁlium
273 425 398 453 obsidem
414 425 498 454 dedit.
516 427 660 455 Mastatum
682 435 747 456 vero
758 428 962 466 Theodosiopo-

171 472 319 499 litanorum
336 478 395 500 erat
410 483 417 507 ;
432 482 548 510 cumque
558 474 678 503 Joannes
695 477 824 512 magister
837 477 962 506 Theodo-

174 518 304 552 siupolim
322 526 370 553 per
383 524 488 555 septem
507 529 617 549 menses
636 522 786 556 obsideret,
808 531 896 559 neque
916 532 964 552 ex-

138 574 140 576 τ
173 571 296 598 pugnare
311 565 424 598 valeret,
438 567 524 594 misso
541 568 626 595 milite
649 568 793 596 Mastatum
817 572 899 605 cepit,
920 571 962 598 in-

175 611 304 638 troducto
327 611 393 638 illuc
421 614 642 648 protospathario
662 615 780 643 Petrona
802 616 890 650 Boila,
916 618 963 653 qui

176 660 242 683 tunc
260 657 391 692 temporis
404 657 566 693 Nicopoleos
586 660 747 695 capitaueus
757 662 830 690 erat.
843 663 876 689 At
893 662 965 690 Pan-

174 702 279 730 cratius
295 703 435 737 magister,
450 704 496 739 qui
523 712 574 731 una
591 713 653 732 eum
674 706 778 735 Joanne
791 712 855 736 ante
876 708 966 737 Theo-

175 747 340 782 dosiopolim
354 749 465 776 ordines
473 750 775 786 duxerat,secessurus,
786 754 879 781 urbem
891 755 964 782 illam

176 793 235 820 dari
256 794 307 821 sibi
325 794 359 821 ab
372 801 404 822 eo
418 796 505 829 petiit,
521 796 624 831 scripto
639 797 796 832 juramento
813 799 964 831 afﬁrmans.

179 840 232 867 sibi
248 844 380 875 perpetuo
407 849 466 868 cam
496 850 526 870 se
550 830 767 878 asservaturum,
781 846 859 882 125
879 855 966 883 neque
983 830 1003 859 Β

177 886 231 912 ullo
248 891 326 920 pacto
340 886 488 915 Saracenis
507 889 685 918 traditurum.
699 891 862 921 Pancratius
874 898 965 922 autem

175 932 304 960 laudatus
322 934 385 968 quia
409 939 467 961 erat
490 934 676 970 Christianus,
700 942 727 965 et
747 938 854 973 imperii
879 941 967 968 nostri

176 977 315 1010 subditus,
335 978 402 1006 ﬁdes
416 979 574 1013 juramento
594 982 683 1016 ipsius
706 983 798 1011 habita
819 989 872 1018 est,
889 985 970 1021 eique

176 1021 243 1050 urbs
256 1024 436 1057 concredita;
458 1028 486 1051 at
507 1025 552 1052 ille
569 1033 629 1053 eam
648 1035 745 1055 rursus
766 1028 970 1065 Theodosiopo-

177 1066 272 1094 litanis
281 1067 415 1094 restituit.
425 1067 550 1103 Cumque
561 1069 789 1106 Theodosiopolis
797 1079 876 1108 capta
887 1079 968 1108 esset,

180 1112 322 1139 venientes
340 1111 433 1141 lberes
446 1121 507 1140 eam
524 1120 689 1150 tenuerunt;
710 1117 803 1152 itaque
820 1126 908 1154 neque
922 1127 970 1146 ur-

181 1157 223 1184 bis
235 1156 356 1190 Maslati,
374 1166 462 1194 neque
472 1160 570 1188 Abnici
582 1163 734 1196 repetenda:
751 1163 906 1193 facultatem
921 1165 970 1193 lia-

180 1203 255 1231 beut.
275 1203 327 1231 Sed
344 1209 489 1239 postquam
515 1208 688 1241 curopalates
714 1209 797 1237 ﬁdus'
811 1214 838 1238 et
866 1211 970 1247 intcger

180 1256 276 1276 servus
294 1257 325 1277 ae
342 1251 448 1278 amicus
465 1258 559 1280 noster
573 1257 627 1287 est,
644 1255 677 1282 ad
695 1256 783 1290 ipsius
808 1258 969 1292 postulatio-

180 1303 252 1328 nem,
271 1297 316 1323 liat
336 1298 472 1326 terminus
497 1299 649 1329 Pbasiancs
677 1303 747 1330 Erax
773 1303 883 1337 ﬂuvius,
913 1306 970 1334 sive

179 1340 276 1370 Phasis
289 1347 332 1370 :et
343 1343 472 1372 sinistras
483 1351 574 1380 partes
585 1347 706 1383 Illyrium
716 1357 813 1378 versus
827 1351 916 1379 lberes
928 1356 970 1379 te-

179 1392 272 1419 neant.
279 1389 383 1417 dextrae
392 1399 458 1418 vero
466 1399 563 1420 versus
573 1393 812 1430 Theodosiopolim
821 1401 876 1424 tam
888 1399 970 1427 urbes

179 1437 325 1471 quoniagri
335 1439 421 1465 nostri
433 1439 542 1474 imperii
552 1441 618 1472 sint,
631 1440 742 1469 [lumine
758 1443 867 1471 scilicet
878 1450 970 1472 utras-

179 1489 233 1515 que
242 1480 464 1516 disterminante,
476 1484 707 1518 quemadmodum
728 1487 809 1513 etiam
820 1487 904 1514 beata:
913 1495 970 1515 me-
983 1502 1004 1531 ρ

181 1528 274 1554 muriae
284 1527 405 1556 Joannes
422 1529 558 1562 Curcuas,
571 1537 634 1556 cum
652 1531 765 1564 viveret,
784 1532 970 1568 interrogatus

183 1571 313 1609 expedire
328 1574 527 1608 pronuntiavit,
540 1579 567 1601 ut
580 1573 681 1603 ﬂumen
697 1583 746 1610 pro
756 1577 873 1604 termino
886 1583 969 1606 εδει-ι.

180 1616 249 1644 Nam
258 1619 423 1653 strictojure
435 1619 509 1646 nulla
527 1624 648 1655 potestas
656 1622 823 1657 curopaiatze
834 1625 964 1659 competit

183 1671 272 1698 neque
289 1665 316 1690 in
330 1664 460 1692 citeriora
477 1665 608 1700 ﬂuminis,
625 1675 712 1702 neque
729 1668 755 1695 in
769 1668 899 1697 ulteriora
913 1679 920 1698 :
937 1671 971 1698 si-

182 1709 292 1745 quidem
302 1710 393 1738 omnis
405 1711 450 1738 ille
464 1711 808 1748 Theodosiopolitanorum
829 1719 935 1744 tractus
955 1724 971 1744 a

183 1761 280 1783 nostro
290 1757 377 1784 milite
388 1757 462 1785 l'erro
477 1759 595 1794 igneque
613 1764 734 1788 vastatus
745 1765 796 1793 est,
814 1770 903 1797 neque
920 1771 972 1790 un-

182 1809 265 1837 quam
274 1803 334 1830 sine
343 1810 376 1830 eo
387 1803 479 1831 lberes
487 1805 592 1839 egressi
599 1804 838 1842 Theodosiopolim
851 1808 971 1843 populati

183 1855 258 1881 sunt,
271 1851 318 1877 sed
327 1853 448 1878 mutuam
459 1856 592 1886 perpetuo
601 1852 748 1880 amicitiam
760 1854 881 1882 colentes
887 1863 972 1890 ncgo-

182 1895 220 1922 tia
233 1895 304 1922 inter
313 1903 343 1924 se
351 1897 518 1924 exercebant
527 1906 534 1925 :
542 1902 568 1926 et
578 1899 663 1926 verbo
672 1899 782 1934 quidem
789 1900 972 1936 delerifl‘ltco-

170 1942 346 1978 ‘dosiopolim
354 1944 493 1977 volebant,
503 1952 533 1972 re
542 1949 632 1973 tamen
642 1946 700 1981 ipsa
713 1946 788 1973 nullo
797 1947 877 1974 modo
883 1948 973 1983 cupie-

182 1990 249 2017 baut
275 1995 305 2018 ut
319 1999 352 2018 ca
370 1996 526 2026 caperetur.
544 1990 598 2019 Sed
614 1996 710 2019 nostra
737 1993 875 2028 ttlajestas,
889 1994 972 2021 utdi-

181 2039 240 2062 tqu
258 2035 565 2071 est,propteraﬂ'ectum
578 2036 604 2063 in
616 2039 811 2072 curopalatem,
826 2039 972 2067 terminqu

182 2079 374 2108 intermedium
390 2090 453 2110 esse
468 2083 557 2110 voluit
568 2082 680 2111 ﬂuviqu
693 2084 776 2117 Erax,
790 2085 848 2112 sive
859 2085 971 2120 Phasin;

181 2134 236 2162 qua
250 2128 359 2163 quidem
372 2130 548 2163 possessione
559 2131 682 2158 contenti
695 2138 768 2164 esse,
789 2140 878 2168 neque
892 2134 973 2168 quid-

181 2181 264 2208 quam
280 2173 399 2208 amplius
414 2178 506 2208 petere
522 2175 632 2202 debent.

1016 197 1113 234 πρώην
1133 198 1266 233 βασιλέων
1279 198 1314 224 τὰ
1328 197 1463 232 σύμφωνα
1479 197 1589 232 στέρξῃ,
1606 197 1654 224 καὶ
1675 197 1805 232 περαιτέ-

1012 253 1052 280 ρω
1068 245 1105 279 μὴ
1115 244 1318 280 ὑπερϐήσεται*
1334 245 1381 271 καὶ
1392 244 1433 270 ὅτι
1448 243 1508 270 οὐδὲ
1517 243 1635 270 κωλύσει
1651 243 1733 271 αὑτὸν
1750 253 1800 270 κα-

1013 290 1165 325 ταστρέψαι
1182 291 1232 326 τὴν
1251 290 1473 317 Θεοδοσιούπολιν
1486 290 1533 317 καὶ
1545 290 1579 317 τὰ
1595 290 1678 317 λοιπά
1692 290 1800 325 κάστρα

1012 336 1066 363 τῶν
1080 336 1197 371 ἐχθρῶν,
1214 336 1265 363 κᾶν
1279 344 1309 362 τε
1321 336 1365 363 διὰ
1384 335 1430 362 τοῦ
1450 335 1533 363 αὑτοῦ
1553 337 1634 371 μόνου
1650 335 1800 371 πολιορκη-

1013 383 1151 417 θήσονται,
1169 382 1220 409 κᾶν
1240 390 1270 408 τε
1290 381 1326 409 δι’
1338 381 1420 408 αὐτοῦ
1443 381 1490 408 τοῦ
1511 381 1692 417 στρατοπέδου
1710 382 1801 416 ἡμῶν.

1015 427 1109 454 Ταῦτα
1134 428 1184 462 μὲν
1205 428 1239 454 τὰ
1255 427 1392 462 κεφάλαια
1407 427 1613 462 περιέχουσιτά
1635 427 1802 462 χρυσοσούλ-

1015 473 1071 506 λια,
1086 474 1114 506 ἐξ
1124 471 1161 501 ὧν
1180 474 1310 508 οὐδεμίαν
1322 473 1448 509 βοήθειαν
1472 474 1485 500 ὁ
1502 473 1709 508 κουροπαλάτης
1727 473 1800 508 ἔχει-

1013 520 1045 547 τὸ
1060 520 1108 555 μὲν
1137 520 1192 556 γὰρ
1207 519 1253 546 τοῦ
1271 519 1404 554 πενθεροῦ
1425 518 1505 554 ἡμῶν
1519 518 1683 554 διαγορεύει,
1705 519 1746 545 ὅτι
1769 519 1801 544 οὐ

1016 565 1243 600 παρασαλεύομεν
1261 564 1343 591 αὑτὸν
1373 565 1406 591 ὲκ
1429 564 1483 590 τῶν
1504 563 1629 591 παλαιῶν
1646 562 1728 598 ὁρίων
1750 562 1801 597 τῆς

1015 612 1108 647 χώρας
1136 611 1230 645 αὑτοῦ,
1247 611 1293 638 καὶ
1309 611 1350 638 ὅτι
1367 610 1414 638 ἐὰν
1435 609 1548 645 δυνηθῇ,
1565 610 1620 636 εἴτε
1647 610 1694 636 καὶ
1709 609 1801 644 μόνος,

1015 658 1070 684 εἴτε
1084 658 1133 685 καὶ
1149 657 1219 693 μετά
1237 656 1284 684 τοῦ
1307 657 1489 693 στρατοπέδου
1516 655 1607 691 ἡμῶν,
1624 655 1802 691 πολιορκήσει

1015 705 1063 731 καὶ
1080 703 1265 739 καταστρέψει
1279 704 1328 738 τὴν
1341 703 1572 735 Θεοδοσιούπολιν,
1597 702 1646 729 καὶ
1671 701 1706 728 τὰ
1719 700 1804 727 λοιπά

1016 751 1124 786 κάστρα
1135 751 1189 776 τῶν
1201 749 1307 785 ἐχθρῶν
1317 758 1324 765 ο
1340 749 1401 784 οὐχὶ
1414 749 1441 776 δὲ
1457 749 1604 784 κατασχεῖν
1620 748 1691 775 αὒτά
1703 748 1743 779 είς
1755 755 1802 774 τε-

1016 798 1092 824 λείαν
1108 796 1267 823 δεσποτείαν
1282 796 1330 822 καὶ
1344 796 1502 832 κυριότητα.
1515 795 1552 821 Τὸ
1565 794 1594 821 δὲ
1602 795 1650 829 τῆς
1665 793 1804 828 βασιλείας

1018 842 1096 877 ἡμῶν
1109 842 1244 877 περιέχει,
1265 841 1310 868 ἵνα
1325 841 1404 872 ὅσους
1421 840 1454 867 ἂν
1468 840 1567 872 τόπους
1581 840 1682 875 δυνηθῇ
1700 839 1744 866 καὶ
1756 840 1806 865 αὑ-

1016 889 1072 921 τὸς,
1089 889 1136 915 καὶ
1158 889 1172 914 6
1195 887 1305 922 ἀνεψιὸς
1320 886 1404 914 αὐτοῦ
1427 888 1441 914 ὁ
1457 887 1610 922 μάγιστρος
1640 885 1804 920 Ἀδρανασὴ,

1018 935 1047 967 ἐξ
1065 934 1168 965 obuia;
1188 933 1330 968 δυνάμεως
1353 931 1539 964 καθυποτάξαι
1556 931 1611 958 τῶν
1634 931 1801 966 Ἀγαρηνῶν,

1019 980 1036 1016 ἢ
1056 980 1109 1007 ἀπὸ
1127 979 1175 1006 τοῦ
1196 979 1243 1006 νῦν
1257 978 1458 1011 καθυποτάξει,
1473 978 1574 1014 κατέχῃ
1597 978 1641 1004 ἐπὶ
1659 978 1805 1012 δεσποτεία

1019 1027 1066 1053 καὶ
1091 1026 1246 1061 κυριότητι.
1261 1026 1317 1052 Καὶ
1341 1025 1401 1052 ἐπεὶ
1422 1024 1484 1050 οὔτε
1499 1023 1529 1056 ἒξ
1542 1024 1646 1055 οἰκείας
1662 1023 1806 1058 δυνάμεως

1020 1073 1069 1108 τὴν
1083 1071 1304 1099 Θεοδοσιούπολιν
1317 1070 1535 1106 κατεστρέψατο,
1545 1069 1607 1096 οὔτε
1619 1069 1650 1096 τὺ
1668 1068 1804 1101 ’Δὸνίκον,

1020 1116 1081 1144 οὔτε
1095 1117 1126 1143 τὸ
1140 1117 1297 1149 Μαστάτον,
1312 1116 1362 1142 οὐκ
1385 1115 1488 1150 ὀφείλει
1508 1115 1595 1142 ταῦτα
1622 1116 1748 1150 κατέχειν
1765 1114 1806 1146 ὡς

1020 1164 1084 1191 ὄντα
1099 1163 1175 1191 ἔνθεν
1198 1162 1245 1189 τοῦ
1269 1161 1356 1197 Ἐραξ
1379 1161 1516 1195 ποταμοῦ,
1530 1162 1588 1197 ἦτοι
1611 1161 1658 1187 τοῦ
1673 1160 1806 1193 Φάσιδοςο

1019 1210 1086 1238 διότι
1102 1210 1133 1236 τὸ
1151 1209 1205 1244 (87)
1229 1209 1277 1244 μὲν
1300 1209 1419 1244 κάστρον
1435 1207 1483 1234 τοῦ
1513 1207 1638 1234 ’Λόνίκου
1659 1207 1740 1242 μέχρι
1757 1206 1806 1233 τοῦ

1020 1256 1067 1283 νῦν
1090 1253 1124 1291 ἦν
1148 1254 1320 1286 αὐτεξούσιον
1350 1254 1397 1280 καὶ
1416 1252 1628 1284 αὐτοδέσποτον,
1650 1251 1711 1286 ἔχον
1741 1251 1806 1278 ἴδιον

1019 1300 1141 1335 ἀμηρᾶν,
1157 1300 1205 1326 καὶ
1222 1298 1354 1330 πολλάκις
1380 1298 1394 1324 6
1416 1297 1479 1326 λαδς
1498 1296 1549 1331 τῆς
1565 1296 1704 1332 βασιλείας
1725 1296 1805 1330 ἡμῶν

1020 1345 1198 1380 ὲπραίδευσεν
1231 1344 1314 1370 αὑτό·
1344 1343 1412 1370 ἀλλὰ
1437 1342 1484 1370 καὶ
1517 1343 1531 1369 6
1561 1341 1806 1377 πρωτοσπαθάριος

1028 1391 1154 1426 Ἰωάννης
1172 1391 1219 1418 καὶ
1238 1390 1390 1426 στρατηγὸς
1406 1391 1420 1416 6
1442 1388 1647 1426 ’Ᾱῤῥαδονίτης,
1664 1390 1710 1415 καὶ
1721 1389 1734 1414 ὁ
1750 1397 1805 1414 πα-

1021 1438 1127 1473 τρίκιος
1149 1436 1278 1471 Θεόφιλος
1295 1436 1342 1462 καὶ
1358 1435 1458 1471 ἀρτίως
1479 1433 1630 1469 στρατηγὸς
1648 1433 1804 1460 Θεοδοσιου-

1021 1484 1136 1516 πόλεως,
1157 1483 1203 1510 καὶ
1215 1483 1238 1509 οἱ
1253 1482 1340 1508 λοιποὶ
1368 1480 1530 1516 στρατηγοὶ,
1544 1479 1665 1515 μεγάλην
1690 1478 1806 1513 πραῖδσν

1021 1533 1068 1558 καὶ
1083 1524 1275 1565 αίχμαλωσίαν
1287 1529 1326 1559 είς
1339 1527 1404 1554 αὐτὸ
1418 1527 1591 1562 εἰργάσαντο,
1614 1525 1807 1552 κιιτακαιῖσαν⁴

1021 1585 1067 1609 τες
1089 1576 1124 1603 τὰ
1147 1575 1235 1611 χωρία
1259 1574 1342 1602 αὑτοῦ
1371 1574 1506 1609 μηδέποτε
1529 1572 1577 1600 τοῦ
1600 1571 1806 1607 κουροπαλάτου

1022 1622 1235 1659 πραιδεύσαντος
1244 1621 1320 1649 αὑτό.
1337 1620 1392 1647 Καὶ
1404 1620 1486 1655 ἡνίκα
1500 1619 1687 1654 ἠφανίσθησαν
1697 1618 1730 1645 τὰ
1743 1618 1806 1644 τού-

1021 1679 1069 1697 του
1085 1671 1174 1706 χωρία
1189 1669 1263 1704 παρει
1274 1669 1323 1703 τῆς
1341 1667 1479 1703 βασιλείας
1496 1666 1586 1702 ἡμῶν,
1604 1665 1768 1700 ὑπεισῆλθον
1781 1664 1807 1691 ot

1023 1716 1145 1752 ’16ηρες,
1167 1715 1215 1742 καὶ
1250 1714 1458 1750 κατεκράτησαν
1484 1712 1564 1744 αὐτὰ,
1586 1711 1750 1747 πειρώμενοι
1774 1711 1807 1737 ἐκ

1021 1762 1119 1789 τούτου
1138 1761 1169 1788 τδ
1183 1761 1304 1796 κάστρον
1321 1760 1468 1796 κρατῆσαι.
1491 1759 1520 1785 '0
1537 1758 1566 1785 δὲ
1580 1759 1690 1794 ἀμηρᾶς
1709 1757 1808 1784 πολλά-

1022 1817 1066 1841 κις
1078 1808 1206 1844 μηνυοεὶς
1215 1806 1289 1843 παρὰ
1303 1806 1350 1833 τοῦ
1360 1805 1504 1841 πατρικίου
1512 1805 1642 1840 Θεοφίλου
1652 1803 1700 1831 καὶ
1707 1811 1807 1839 στρατ-

1023 1854 1103 1890 ηγοῦ,
1131 1854 1179 1880 καὶ
1202 1852 1264 1879 ίδὼν
1277 1853 1319 1879 ὅτι
1333 1851 1459 1887 οὐδαμῶς
1474 1851 1530 1886 ἔχει
1547 1850 1642 1877 ἐλπίδα
1650 1849 1733 1884 ζωῆς,
1756 1849 1809 1875 ὐπ-

1024 1901 1121 1936 ιτάγη.
1142 1901 1190 1927 καὶ
1200 1899 1348 1926 κατένευσε
1363 1898 1455 1930 δοῦλος
1471 1897 1598 1932 γενέσθαι
1610 1896 1658 1931 τῆς
1672 1895 1810 1931 βασιλείας

1022 1948 1101 1983 ἡμῶν
1112 1947 1180 1983 (88),
1194 1946 1256 1977 δοὺς
1271 1944 1318 1972 τδν
1331 1945 1389 1971 υίὺν
1400 1943 1484 1971 αὐτοῦ
1498 1943 1587 1978 ὂψιδα.
1608 1942 1645 1970 Τδ
1656 1942 1685 1969 δὲ
1695 1941 1809 1969 Μαστά-

1023 2003 1069 2021 τον
1089 1993 1197 2028 ὑπῆρχε
1223 1991 1278 2018 τῶν
1309 1989 1587 2018 Θεοδοσιουπολιτῶν·
1616 1989 1664 2016 καὶ
1685 1988 1767 2023 ἡνίκα
1796 1989 1810 2014 6

1026 2039 1312 2077 μάγιστροςΊωάννης
1331 2037 1510 2073 ἐπολιόρκησε
1526 2036 1577 2072 τὴν
1591 2034 1811 2062 Θεοδοσιούπολιν

1024 2087 1095 2113 ἑπτὰ
1112 2086 1210 2121 μῆνας,
1224 2085 1268 2112 διὰ
1282 2085 1313 2110 τὸ
1331 2084 1369 2118 μὴ
1386 2083 1516 2110 δύνασθαι
1532 2081 1702 2117 παραλαϐεῖν
1713 2080 1810 2115 αὐτὴν.

1024 2132 1187 2162 ἀποστείλας
1193 2131 1256 2158 λαδν
1265 2129 1405 2166 παρέλαὸε
1416 2129 1446 2156 τὸ
1457 2129 1523 2156 αὐτὸ
1529 2129 1598 2155 κάστ
1603 2137 1648 2162 ρον
1656 2128 1686 2154 τὸ
1702 2127 1812 2154 Mani-

987 2176 1010 2204 Ι)
1027 2188 1086 2206 τον·
1101 2178 1150 2205 καὶ
1167 2178 1315 2212 εἰσήγαγεν
1348 2177 1376 2203 ὲν
1395 2175 1470 2212 αὺτῷ
1489 2176 1534 2202 τὸν
1565 2173 1813 2210 πρωτοσπαθάριον

183 2222 329 2257 Πετρωνᾶν
340 2222 386 2249 τὸν
395 2222 560 2256 Βόῐλαν,τὺν
572 2224 634 2250 τότε
649 2224 714 2251 Ιὂντα
740 2227 888 2253 κατεπάνω
912 2227 1098 2258 Νικοπόλεως.
1120 2226 1149 2253 '0
1168 2226 1197 2253 δὲ
1234 2226 1382 2262 μὰγιστρος
1402 2224 1575 2259 Παγκράτιος
1603 2222 1813 2256 συνταξιδεὺσας

181 2271 220 2306 τῷ
236 2270 310 2306 αὑτῷ
329 2270 472 2306 μαγίστρῳ
489 2272 518 2298 ὲν
533 2271 764 2306 Θεοδοσιουπόλει,
780 2275 861 2309 ἡνίκα
885 2275 998 2311 ἔμελλεν
1008 2278 1170 2312 ἀναχωρεῖν,
1183 2275 1370 2311 παρεκάλεσεν
1383 2275 1428 2301 ἴνα
1455 2274 1528 2311 δώσῃ
1561 2272 1637 2308 αὺτῷ
1664 2272 1695 2298 τὺ
1725 2272 1812 2298 toto-3'

182 2327 229 2346 τον
242 2319 372 2354 κάστρον,
396 2319 515 2353 ποιήσας
533 2318 676 2355 εγγραφον
700 2321 780 2356 ὅρκον
795 2323 862 2358 πρὸς
877 2324 958 2351 αὑτὸν
990 2325 1036 2353 τοῦ
1054 2325 1214 2360 ἐπικρατεῖν
1232 2323 1309 2356 αὐτὸ,
1335 2324 1383 2350 καὶ
1404 2323 1539 2358 μηδέποτε
1558 2322 1638 2349 τοῦτο
1650 2323 1705 2353 τοῖς
1725 2322 1814 2356 Σαρα-

183 2367 276 2401 κηνοίς
288 2365 436 2393 ἐπιδοῦναι.
453 2367 508 2393 Καὶ
516 2367 560 2393 διὰ
569 2367 599 2393 τὸ
614 2365 684 2395 εἶναι
698 2368 780 2395 αὐτὸν
792 2371 838 2396 καὶ
849 2371 1010 2405 Χριστιανὸν
1026 2372 1073 2398 καὶ
1087 2371 1180 2398 δοῦλον
1192 2371 1240 2405 τῆς
1255 2371 1394 2407 βασιλείας
1407 2370 1497 2405 ἡμῶν,
1512 2368 1661 2400 πιστεύσας
1680 2368 1718 2403 τῷ
1738 2368 1823 2416 ὄρκῳχ

183 2413 267 2441 αὑτοῦ
283 2413 401 2440 δέδωκεν
425 2413 491 2440 αὐτὸ
499 2413 538 2449 τῷ
551 2414 689 2450 εἰρημένῳ
713 2416 894 2453 Παγκρατίῳ·
910 2419 924 2444 ὁ
937 2419 966 2446 δὲ
983 2419 1066 2447 πάλιν
1084 2419 1271 2454 ἀπεχαρίσατο
1296 2418 1363 2445 αὐτὸ
1391 2419 1446 2449 τοῖς
1468 2416 1739 2447 θεοδοσιουτιολιταις.
1757 2416 1814 2442 Καὶ

183 2460 264 2496 ¹ἡνίκα
273 2459 437 2496 παρελήφθη
453 2461 468 2495 ή
480 2461 920 2496 Θεοδοσιούπολις,ὑπεισελθόντες
931 2466 955 2492 οἱ
968 2466 1077 2501 Ἴϐηρες
1091 2467 1248 2501 ἐκράτησαν
1261 2465 1340 2492 αὑτό·
1368 2465 1436 2491 διότι
1460 2463 1522 2490 οὔτε
1539 2463 1586 2490 τοῦ
1618 2463 1738 2490 τοιούτου
1763 2463 1814 2489 κα-

185 2515 266 2541 στρου
294 2506 342 2534 τοῦ
361 2508 520 2542 Μαστάτου,
534 2508 596 2536 οὕτε
613 2509 660 2537 τοῦ
694 2510 819 2537 Ἀὁνίκου
843 2512 952 2547 ἔχουσιν
969 2513 1094 2546 ἐξουσίαν
1125 2512 1276 2547 ἐπιζητεῖν.
1295 2512 1367 2538 ’Λλλ’
1380 2511 1474 2547 ἐπειδὴ
1497 2512 1512 2537 6
1546 2508 1753 2545 κουροπαλάτης
1767 2517 1814 2535 πιο

185 2553 247 2585 στὺς
272 2553 319 2580 καὶ
339 2554 420 2589 ὀρθὸς
439 2555 531 2587 δοῦλος
547 2556 594 2582 καὶ
606 2556 681 2591 φίλος
696 2557 776 2593 ἡμῶν
788 2558 857 2592 ἐστι,
874 2559 918 2586 διὰ
931 2560 1075 2595 τὴνδαὺτοῦ
1089 2559 1272 2595 παράκλησιν,
1287 2559 1332 2586 ἴνα
1341 2558 1453 2594 γένηται
1472 2558 1584 2593 σύνορον
1594 2558 1642 2593 τῆς
1655 2556 1790 2591 Φασιανῆς
1799 2557 1814 2583 6

184 2599 307 2634 ποταμὸς
319 2600 333 2626 ό
346 2600 443 2636 Ἐραξ,
454 2600 512 2636 ἢτοι
523 2601 538 2628 6
549 2602 651 2634 Φάσις·
662 2603 710 2630 καὶ
726 2605 759 2631 τὰ
776 2606 825 2640 μὲν
837 2606 971 2642 ἀριστερὰ
991 2607 1062 2642 μέρη
1079 2607 1114 2633 τὰ
1132 2606 1201 2642 πρὸς
1215 2606 1265 2642 τὴν
1291 2605 1425 2641 Ἰλλυρίαν
1443 2605 1598 2639 κατέχωσιν
1633 2603 1658 2630 οἱ
1691 2602 1813 2637 Ἴϐηρες.

184 2647 219 2674 τὰ
229 2648 258 2675 δὲ
283 2648 357 2681 δεξιὰ
374 2649 424 2676 ὅσα
439 2650 494 2677 είσὶ
517 2651 586 2684 πρὸς
606 2651 656 2687 τὴν
669 2652 900 2685 Θεοδοσιούπολιν,
917 2653 969 2680 κᾶν
991 2662 1020 2680 τε
1034 2655 1140 2688 κάστρα
1158 2655 1208 2681 κᾶν
1231 2662 1260 2681 τε
1283 2653 1370 2689 χωρία
1386 2653 1466 2685 εἰσὶν,
1491 2649 1558 2679 ὦσιν
1576 2652 1627 2679 ὑπὸ
1657 2652 1706 2686 τὴν
1738 2651 1815 2685 βασι·

779 2710 1106 2739 ΑΝΞΕΗΙΙΒᾹΝΟΗΒΙΙ
1123 2711 1238 2740 ΝΟΤΙΕ.

219 2764 277 2836 ἓ87)
297 2765 344 2793 Sic
357 2765 385 2794 in
404 2774 456 2795 ms.
472 2769 576 2797 codice.
593 2769 739 2806 Perperam
761 2771 788 2798 in
803 2770 886 2798 cditis
902 2771 965 2808 legit

231 2799 276 2836 88)
291 2800 330 2829 Ita
341 2809 374 2830 ex
392 2809 445 2831 ms.
461 2806 566 2835 codice.

1025 2771 1065 2798 διό
1081 2780 1108 2799 τε
1128 2771 1167 2806 τό,
1185 2775 1237 2807 etc,

231 2799 276 2836 88)
291 2800 330 2829 Ita
341 2809 374 2830 ex
392 2809 445 2831 ms.
461 2806 566 2835 codice.
