1938 3070
77 134 135 167 351
599 136 647 166 DE
669 136 991 166 ADMINISTBANDO
1011 136 1187 167 IMPERIO.
1661 138 1716 170 338

80 193 162 220 λείαν
179 193 271 228 ἡμῶν,
296 192 343 220 τοῦ
379 192 504 228 ποταμοῦ
536 193 658 228 δηλονότι
687 193 800 227 σύνορον
831 193 993 227 ἀμφοτέρων
1010 192 1189 227 ὑπάρχοντος,
1207 192 1297 224 x1016;
1314 194 1361 219 καὶ
1378 193 1456 226 ζῶνὸ
1473 193 1607 228 μακάριος
1626 194 1718 221 Ίωάρ-

82 248 134 274 γης
149 239 384 275 Κουρκούας,περὶ
396 238 491 266 τούτου
509 238 660 274 ἐρωτηθεὶς
688 238 779 270 ἐξεῖπε
799 238 938 273 συμφέρον
952 236 1022 263 εἶναι
1036 238 1082 264 τὸν
1094 238 1217 272 ποταμὸν
1230 238 1351 272 οὗνορον.
1379 238 1416 264 Τὸ
1446 239 1495 273 μὲν
1525 239 1579 273 γὰρ
1604 238 1718 274 ἀκριϐὲς

83 284 192 311 δίκαιον
210 285 338 320 οὐδεμίαν
348 284 473 317 ἐξουσίαν
487 284 601 320 παρέχει
617 284 654 319 τῷ
671 284 876 319 κουροπαὶάτῃ,
896 283 952 309 εἴτε
970 284 1010 314 εἰς
1026 283 1061 309 τὰ
1084 283 1160 310 ἐνθεν
1174 283 1220 310 τοῦ
1237 284 1371 318 ποταμοῦ,
1390 284 1445 311 εἴτε
1462 285 1502 316 εἱς
1536 285 1571 311 τὰ
1611 285 1718 312 ἐκεῖθεν

82 331 265 365 διακράτησιν
283 330 357 365 ἐχειν
369 338 376 345 ·
404 330 472 357 διότι
487 330 522 357 τὰ
547 330 661 357 τοιαῦτα
679 330 769 357 πάντα
785 331 873 365 χωρία
911 330 966 357 τῶν
1001 329 1263 357 Θεοδοσιουπολιτῶν
1275 331 1309 356 τὰ
1320 331 1514 365 στρατεύματα
1522 331 1570 366 τῆς
1580 331 1717 366 βασιλεξας

83 378 100 410 ἠ
107 377 165 411 μῶν
182 376 387 412 ῂχμαλώτισαν,
405 377 452 403 καὶ
467 377 675 412 ἐπυρπόλησαν,
689 378 737 403 καὶ
745 377 874 404 οὐδέποτε
893 377 978 412 χωρὶς
995 377 1130 412 ἡμετέρου
1145 376 1211 402 λαοῦ
1225 376 1333 412 Ἰὃηρες
1346 376 1458 411 ἐξῆλθον
1490 378 1537 405 καὶ
1573 379 1719 413 ὲπραίδευ-

85 428 137 446 σαν
153 420 386 455 Θεοδοσιούπολιν,
411 421 471 448 ἀλλ’
489 422 534 448 ἀεὶ
549 422 646 456 φίλους
662 419 736 457 εἶχον
758 422 867 454 αὐτοὺς,
889 424 936 450 καὶ
946 423 1188 458 ἰπραγματεύοντο
1202 424 1261 458 μετ’
1274 423 1364 450 αὐτῶν
1377 431 1383 438 ’
1399 424 1446 450 καὶ
1458 424 1498 459 τῷ
1528 425 1578 459 μὲν
1601 426 1718 460 στόματι

84 469 181 505 ῆοελον
193 470 364 505 πορθηθῆναι
377 470 428 505 τὴν
442 470 676 504 Θεοδοσιούπολιν,
696 471 729 506 τῇ
749 470 779 497 δὲ
812 469 913 506 καρδίᾳ
944 470 1072 505 οὐδαμῶς
1102 470 1247 497 ἐϐούλοντο
1279 471 1493 506 παραληφθῆναι
1511 472 1608 508 αὑτήν.
1649 473 1719 500 Ἀλλ’

85 517 101 550 ἡ
118 515 240 550 βασιλεία
256 515 345 552 ἡμῶν,
359 516 397 548 ὡς
412 516 530 552 εἴρηται,
541 516 586 543 διὰ
600 517 649 551 τὴν
661 517 731 552 πρὸς
761 517 806 543 τδν
831 516 1039 552 κουροπαλὰτην
1073 517 1196 551 ἀγάπην,
1229 517 1345 553 ἠθέλησε
1369 518 1496 551 γενέσθαι
1519 518 1564 544 τὸν
1599 519 1720 552 ποταμὸν

84 563 132 588 τὸν
149 561 244 596 Ἐραξ,
259 562 318 597 ῆτοι
333 562 379 588 τὸν
393 563 477 589 Φᾶσιν
492 562 559 597 (89),
573 562 686 597 σύνορον
697 562 872 598 ἀμφοτέρων,
891 563 939 590 καὶ
962 562 1115 597 ὀφείλουσιν
1130 563 1273 598 ἀρκεῖσθαι
1287 564 1327 594 ei;
1361 563 1411 599 τὴν
1438 563 1569 599 τοιαύτην
1608 565 1720 600 διακρὲιμ

84 616 176 642 τησιν,
190 608 237 634 καὶ
252 607 337 642 μηδὲν
352 608 434 634 πλέον
449 608 602 642 ἐπιζητεῖν.

370 653 498 680 ΚΕΦΑΛ.
517 652 593 686 MCT.

85 697 158 732 Περὶ
189 697 244 732 τῆς
268 699 461 733 γενεαλογίας
490 699 549 726 τών-
583 700 713 733 ῚΕήρων,
741 700 790 727 καὶ
823 700 877 727 τοῦ

288 733 422 767 κάστρου
445 733 680 768 Ἀδριινουτζῖυυ.

133 779 232 806 ’ἰστέον
254 779 295 805 ὅτι
316 779 330 805 6
348 779 522 814 ΙΙαγκράτιος
535 800 542 811 ,
570 780 617 806 καὶ
636 779 650 806 6
675 780 768 813 Δασιδ,
794 780 841 808 καὶ
864 781 879 807 6

85 825 250 859 Μάμπαλις,
264 824 277 851 6
294 824 477 860 ἑρμηνεύεται
503 824 659 859 πανάγιος,
681 825 805 861 ὑπῆρχον
823 826 878 852 υίοὶ

85 872 133 899 τοῦ
151 872 268 907 μεγάλου
282 870 434 906 Συμΰατίου
461 870 509 897 τοῦ
523 871 642 906 Ἴϐηρος.
664 872 719 898 Καὶ
737 871 818 906 ἔλαχε
846 871 878 898 τὺ

91 916 274 952 Ἀδρανούτζη
295 917 335 948 εἰς
355 915 538 952 κληρονομίαν
562 916 600 950 τῷ
630 916 816 952 Παγκρατίῳ·
836 916 876 952 τῷ

86 964 115 990 δὲ
127 963 211 989 Δασὶδ
220 962 316 997 ἔλαχεν
326 961 407 997 ἑτέρα
418 961 493 997 χώρα
504 961 619 997 (90·91).
628 961 658 988 Ὀ
666 962 694 988 δὲ
706 962 878 998 Παγκράτιος

86 1010 215 1045 ἐποίησεν
232 1009 308 1041 υἱοὺς
323 1009 410 1044 τρεῖς,
432 1008 477 1034 τὸν
497 1008 675 1043 ’Δδρανασὲρ,
694 1008 739 1034 τὸν
756 1008 878 1043 Κουρκέ-

86 1064 155 1086 νιον,
172 1054 218 1081 καὶ
246 1054 291 1080 τὸν
318 1053 460 1089 πατρίκιον
482 1052 621 1085 ’Δσώτιον,
639 1053 684 1081 τὸν
701 1054 747 1080 καὶ
771 1054 877 1080 Κισκά-

88 1109 151 1136 σην,
167 1101 215 1127 καὶ
238 1099 394 1135 διεμέρισεν
415 1099 509 1130 αὐτοῖς
527 1099 576 1134 τὴν
596 1099 689 1135 χώραν
711 1099 811 1126 αὐτοῦ·
830 1100 878 1126 καὶ

85 1145 169 1180 ἔλαχε
197 1145 228 1171 1:6
249 1143 431 1179 Ἀδρανούτζη
459 1143 498 1178 τῷ
526 1143 576 1179 υἱῷ
599 1144 681 1171 αὑτοῦ
706 1145 876 1180 Κουρκενίῳ,

88 1189 217 1217 κάκείνου
246 1189 460 1224 τελευτήσαντος
486 1188 612 1223 ἀτέκνου,
635 1190 726 1216 εἴασεν
748 1190 814 1216 αὐτὸ
839 1190 878 1225 τῷ

89 1235 199 1270 ἀδελφῷ
213 1235 297 1262 αὑτοῦ
319 1235 442 1269 ’Δσωτίῳ
457 1234 496 1270 τῷ
510 1235 558 1262 καὶ
573 1235 710 1271 Κισκάσῃι
734 1235 748 1262 6
771 1235 800 1261 δὲ
824 1244 878 1262 πα-

88 1281 195 1317 τρίκιος
217 1280 344 1312 ’Δσώτιος
357 1281 371 1306 6
384 1281 431 1308 καὶ
441 1281 584 1316 Κισκάσης
598 1280 686 1316 ὲπῆρε
695 1280 821 1316 γαμϐρὸν
837 1282 878 1313 εἰς

1209 652 1324 680 CAPUT
1346 653 1437 681 XLVI.

960 699 997 726 lle
1014 699 1119 726 Iberum
1133 700 1299 735 genealogiu,
1313 705 1338 726 et
1354 700 1386 727 de
1397 701 1493 735 oppido
1511 702 1689 729 Adranulzia.

963 777 1112 806 Sciendum
1128 782 1170 806 est
1189 779 1378 812 Pancratium,
1396 779 1538 813 Davidem,
1558 785 1585 808 et
1600 780 1722 814 Mampa-

929 822 987 855 lim,
1007 824 1079 858 quod
1094 824 1295 851 sanctissimum
1307 825 1454 860 signiﬁcat,
1469 825 1540 853 lilios
1565 825 1649 853 fuisse
1666 834 1723 851 mu-

928 868 973 902 gni
990 868 1123 904 Symbatii
1136 869 1234 897 lberis.
1255 869 1288 896 Et
1304 869 1450 898 Adranuze
1465 871 1575 906 quidem
1592 872 1619 898 in
1628 871 1722 904 hare-

928 913 1039 941 ditatem
1055 914 1203 943 Pancratio
1226 916 1347 949 obvenit;
1361 917 1455 944 DaviJi
1472 922 1563 945 autent
1580 918 1666 945 altera
1680 926 1722 944 re-

931 958 984 993 gio.
990 958 1153 986 Paucratius
1160 967 1225 987 vero
1233 960 1328 995 genuit
1338 961 1408 988 ﬁlios
1415 963 1524 992 tres,Ad
1530 966 1723 997 ranam-nutr-

928 1003 1047 1035 cenium,
1063 1005 1223 1032 etAsotium
1240 1006 1397 1040 patricium,
1416 1007 1462 1042 qui
1491 1009 1574 1036 etiam
1592 1010 1722 1041 Ciscases

928 1053 1104 1083 nuncupatur
1119 1059 1125 1077 :
1143 1050 1293 1085 divisitque
1310 1051 1379 1086 ipsis
1395 1057 1484 1080 terras
1497 1062 1572 1086 suas.
1588 1063 1615 1083 et
1629 1058 1719 1084 Adra-

927 1099 1009 1121 nutze
1022 1095 1149 1123 Cttreenii
1168 1096 1315 1125 hmreditas
1331 1098 1400 1130 fuit;
1415 1100 1460 1133 qui
1479 1100 1539 1128 sine
1554 1102 1560 1128 Ι
1575 1102 1649 1129 beris
1660 1112 1720 1130 cum

927 1141 1083 1174 decederet,
1108 1142 1186 1169 fratri
1200 1143 1308 1176 Asotio,
1322 1144 1369 1178 qui
1386 1148 1413 1172 et
1426 1144 1537 1173 Ciseasc
1554 1146 1580 1173 id
1597 1148 1719 1183 reliquit.

927 1186 962 1213 At
979 1187 1092 1215 Asotius
1107 1188 1252 1223 patricius,
1268 1189 1315 1224 qui
1331 1193 1358 1216 et
1373 1189 1510 1222 Ciscases,
1526 1199 1654 1226 generum
1669 1185 1721 1220 sibi

928 1231 1026 1259 ascivit
1037 1232 1205 1261 Curcenium
1220 1234 1296 1262 illum
1313 1235 1486 1270 magistrum,
1504 1238 1550 1272 qui
1565 1238 1720 1272 principatu

929 1284 1054 1313 accepto,
1072 1286 1170 1306 socero
1187 1279 1284 1307 Asotio
1302 1281 1462 1309 Adranutze
1481 1291 1528 1318 per
1539 1285 1592 1311 vim
1621 1285 1722 1316 ademit

88 1327 231 1362 itu-{1169a
251 1326 333 1354 αὑτοῦ
350 1326 396 1352 τὸν
416 1326 575 1362 Κουρκένην
598 1327 703 1353 ἐκεῖνον
724 1327 769 1353 τὸν
794 1327 876 1361 μαγι-

935 1327 954 1350 ξι
963 1324 1198 1359 compensationis
1210 1326 1297 1353 vicem
1308 1326 1381 1354 dedit
1389 1326 1598 1363 Tyrocastrum,
1607 1335 1721 1358 terram-

91 1382 183 1409 στρον,
195 1374 271 1405 ὅστις
289 1372 471 1404 δυναστεύσας
483 1372 610 1407 ἀφείλετο
629 1373 661 1399 ἐκ
681 1372 728 1399 τοῦ
748 1372 879 1408 πενθεροῦ

90 1419 174 1446 αὑτοῦ
197 1419 327 1446 Ἀσωτίου
354 1418 384 1446 τδ
414 1418 596 1454 Ἀδρανούτζη
621 1418 694 1445 κατὰ
716 1419 879 1454 τυραννίδα·

90 1466 139 1493 καὶ
163 1465 281 1492 δέδωκεν
297 1465 372 1501 αὐτῷ
394 1465 435 1496 εἰς
460 1466 644 1501 ἀντισήκωσιν
660 1465 690 1491 τό
713 1473 743 1491 τε
758 1465 880 1500 Τυρόκα-

93 1511 244 1548 ατρον,καὶ
261 1512 311 1547 τὴν
335 1510 472 1546 ποταμίαν
494 1510 541 1537 τοῦ
565 1510 693 1546 Ἀτζαρὰ,
721 1510 771 1546 τὴν
798 1509 882 1538 οὖσαν

92 1558 204 1593 σύνορον
216 1557 265 1592 τῆς
281 1556 436 1592 Ῥωμανίας
453 1557 493 1588 εἰς
505 1556 650 1592 Κώλωριν.
669 1555 733 1592 Εἶχε
747 1557 776 1584 δὲ
787 1560 881 1592 γυναῖ-

91 1611 129 1629 κα
151 1602 166 1628 6
180 1602 325 1637 πατρίκιος
345 1601 474 1633 Ἀσώτιος
485 1603 499 1628 6
519 1602 566 1628 καὶ
583 1602 725 1638 Κισκάσης
740 1602 789 1636 τὴν
802 1603 881 1630 ἀδελ-

92 1647 146 1683 φὴν
157 1647 203 1674 τοῦ
218 1647 369 1683 μαγίστρου
389 1647 525 1682 Γεωργίου
543 1647 590 1673 καὶ
604 1646 780 1679 ἔξουσιαστοῦ
799 1648 881 1675 Ἄδα-

93 1694 184 1728 arias.
214 1694 269 1721 Καὶ
286 1693 329 1720 ὅτε
346 1694 470 1727 ἐγένοντο
483 1692 544 1720 κατ’
559 1693 681 1729 ἀλλήλων
709 1694 723 1720 ὃ
739 1702 771 1721 τε
798 1695 882 1730 μάγιο

93 1748 174 1776 στρος
198 1739 377 1775 Κουρκένιος,
392 1739 439 1766 καὶ
461 1739 476 1766 6
499 1739 649 1776 μάγιστρος
673 1740 810 1776 Γεώργιος
835 1742 883 1768 καὶ

92 1787 269 1823 ὲξουσιαστὴς
288 1786 446 1820 ’Δσασγίας,
463 1786 507 1813 διὰ
525 1785 557 1812 τὸ
579 1786 811 1820 συναγωνίζεσθαι
836 1788 882 1814 τὸν

94 1834 238 1869 πατρίκιον
258 1832 392 1864 Ἀζώτιον
405 1832 452 1859 τοῦ
472 1831 646 1866 ὲξουσιαστοῦ
666 1832 823 1867 Ἀϐασγίας,
836 1834 883 1860 δυ-

94 1879 187 1915 νηθεὶς
202 1879 216 1906 6
232 1878 399 1914 Κουρκένιος
423 1878 550 1913 ἀφείλετο
573 1878 621 1905 καλ⁸
634 1877 684 1914 τὴν
700 1879 883 1914 ἀντισήκωσιν

94 1926 128 1961 ἣν
142 1925 256 1952 δέδωκεν
272 1924 346 1960 αὐτῷ
361 1924 432 1959 ὑπὲρ
446 1924 493 1951 τοῦ
513 1924 731 1960 ’Δδρανουτζίου,
743 1925 790 1952 καὶ
812 1926 884 1952 ὲδίω-

96 1971 141 2002 ξεν
156 1969 248 2001 αὐτὸν,
265 1971 312 1996 καὶ
323 1969 446 2004 ἀπῆλθεν
462 1970 502 2001 εις
522 1969 679 2004 Ἀὃασγίαν.
697 1970 883 2006 Τελευτήσαν-

95 2023 141 2048 τος
156 2014 184 2041 δὲ
204 2013 252 2040 τοῦ
271 2014 424 2049 μαγίστρου
451 2013 630 2048 Κουρκενίου,
659 2013 826 2049 κατελεεφθη
854 2014 884 2040 t6

110 2060 283 2096 Αδρανούτζη
308 2061 342 2095 τῇ
364 2060 476 2094 γυναικὶ
500 2059 582 2087 αὑτοῦ
605 2061 639 2096 τῇ
670 2059 718 2086 τοῦ
739 2060 884 2095 πατρικίιυ

102 2106 231 2133 Ἀσωτίου
246 2105 293 2132 τοῦ
310 2105 441 2140 Κισκάση
458 2104 632 2139 ουγατρὶ,ὡς
645 2105 776 2140 πατρικὸν
787 2106 883 2140 αὐτῆς.

97 2154 161 2181 Ὅτε
176 2153 205 2180 δὲ
215 2153 369 2189 διεμέριζον
394 2153 443 2189 τὴν
456 2152 549 2188 χώραν
565 2152 612 2180 τοῦ
626 2153 779 2188 μαγίστρου
796 2154 886 2189 Κουρ-

97 2200 187 2227 κενίου
199 2199 258 2235 μεθ’
274 2199 376 2232 ὅπλων,
403 2199 417 2226 6
433 2207 462 2226 τε
485 2198 614 2230 Ἀσώτιος
628 2199 643 2226 6
665 2199 883 2235 κουροπαλάτης,

97 2245 144 2272 καὶ
156 2246 170 2272 6
188 2245 338 2282 μάγιστρος
347 2244 507 2281 Γεώργιοςὸ
521 2244 702 2280 ἑξουσιαστὴς
725 2245 883 2279 Ἀϐασγίας.

96 2292 144 2319 καὶ
156 2293 170 2319 6
187 2293 338 2328 μαγιστρος
353 2291 529 2327 Παγκράτιος
540 2291 554 2318 6
571 2291 687 2326 ἀδελφὸς
700 2291 747 2318 τοῦ
763 2292 849 2327 προρρ
859 2301 885 2327 ς-

97 2339 188 2370 θέντος
213 2337 437 2374 κουροπαλάτου,
457 2335 540 2373 ἦλθον
566 2337 607 2368 είς
632 2336 809 2373 συμὸίὸασιν,
837 2337 884 2364 καὶ

71 2412 74 2415 ,
98 2384 200 2419 ἐπῆρεν
227 2383 343 2414 ἕκαστος
368 2382 399 2409 τὸ
413 2381 562 2417 πλησιάζον
584 2380 669 2416 αὐτῷ.
685 2381 722 2407 T6
742 2380 770 2408 δὲ
792 2380 886 2416 Ἀδρα-

97 2428 203 2461 νοῦτζιν
227 2428 376 2464 ἐπλησίαζε
392 2427 432 2463 τῷ
462 2427 609 2463 Συμὸατίῳ
624 2426 664 2462 τῷ
687 2426 735 2453 τοῦ
759 2427 883 2462 προριἔη-

97 2475 190 2506 οέντος
209 2474 293 2501 Δαεὶδ
314 2474 382 2509 υἱῷ·
404 2473 466 2500 τότε
483 2472 640 2509 ἐκράτησαν
657 2473 757 2505 πάντες
771 2472 819 2508 τὴν
835 2481 885 2506 γυ-

98 2524 182 2549 καίκα
201 2521 248 2548 τοῦ
265 2521 417 2556 μαγίστρου
442 2519 623 2555 Κουρκενίου,
641 2519 726 2555 ἤγουν
739 2519 789 2554 τὴν
802 2518 885 2552 θυγα-

98 2567 166 2602 τέρα
194 2566 242 2593 τυῦ
267 2566 413 2600 πατρικίου
444 2565 573 2592 ’Δσωτίου
597 2564 644 2591 τοῦ
673 2565 721 2591 καὶ
744 2564 883 2599 Κισκάση,

99 2613 237 2647 λέγοντες,
255 2612 298 2638 ὅτι
315 2611 351 2638 Σὺ
366 2611 435 2646 γυνὴ
452 2608 519 2638 οὖσα
543 2611 573 2637 οὺ
584 2610 697 2637 δύνασαι
723 2611 835 2645 κρατεῖν
855 2610 886 2636 τὸ

932 1377 996 1404 que,
1010 1377 1091 1404 quam
1103 1369 1202 1397 Atzara
1217 1371 1317 1398 ﬂumen
1331 1372 1417 1405 alluit,
1428 1373 1722 1410 eouﬁoeijomaniae.

932 1416 966 1442 ad
978 1414 1102 1443 Colorin.
1121 1416 1196 1444 Uxor
1209 1421 1300 1445 autent
1317 1418 1414 1446 Asotio
1437 1420 1501 1447 huic
1515 1421 1642 1455 patricio,
1664 1423 1722 1450 sive

931 1461 1054 1494 Ciscase,
1065 1469 1145 1490 soror
1157 1463 1207 1490 fuit
1215 1463 1323 1498 Georgii
1335 1464 1414 1500 126
1423 1466 1544 1500 magistri
1555 1473 1582 1495 et
1596 1467 1722 1502 Ahasgize

936 1508 1078 1544 principis.
1095 1508 1219 1544 Cumque
1235 1509 1404 1538 dissidereut
1425 1511 1497 1540 inter
1517 1520 1547 1540 se
1566 1513 1721 1543 Curceuius

933 1554 1072 1588 magister.
1087 1560 1115 1582 et
1128 1554 1262 1590 Georgius
1272 1557 1402 1591 magister
1409 1561 1436 1584 et
1451 1558 1576 1594 Abasgiaa
1582 1560 1721 1596 princeps,

932 1598 996 1632 quia
1012 1598 1100 1625 Asotii
1117 1599 1222 1633 patricii
1244 1600 1368 1634 partibus
1385 1600 1490 1630 faveret
1502 1603 1626 1639 Abasgite
1643 1606 1720 1640 priu-

933 1650 1006 1677 ceps,
1020 1644 1141 1678 potentia
1156 1652 1190 1673 ac
1206 1645 1310 1677 viribus
1325 1647 1490 1676 antecellens
1501 1648 1653 1678 Curcenius
1666 1651 1720 1679 eri-

934 1688 993 1722 puit
1007 1689 1089 1716 etiam
1108 1690 1180 1725 quod
1199 1699 1249 1726 pro
1265 1691 1438 1721 Adrauulzio
1453 1694 1476 1721 ei
1494 1694 1618 1730 dederat,
1633 1703 1722 1732 expu-

933 1734 1030 1770 litque,
1046 1741 1072 1763 et
1089 1736 1116 1764 in
1137 1737 1286 1772 Abasgiam
1307 1739 1445 1774 profectus
1461 1747 1512 1769 est.
1534 1741 1640 1770 Mortuo
1656 1751 1722 1770 vero

934 1780 1071 1809 Cureenio
1087 1783 1220 1818 magistro
1235 1785 1431 1812 Adranutzium
1446 1787 1552 1822 accepit
1568 1795 1637 1815 uxor
1650 1788 1721 1823 ejus,

935 1827 1021 1854 Asotii
1036 1829 1155 1863 patricii,
1172 1831 1230 1858 sire
1238 1830 1360 1864 Ciscase,
1376 1833 1428 1859 tilia
1441 1836 1572 1868 tanquam
1587 1835 1722 1869 patrimo-

935 1873 1022 1901 nium.
1035 1875 1068 1901 At
1082 1883 1144 1902 cum
1164 1876 1281 1904 Asotius
1308 1879 1491 1913 curopalates.
1510 1879 1642 1915 Georgius
1663 1890 1722 1909 ma-

935 1919 1020 1954 gister
1036 1920 1164 1956 Abasgize
1186 1922 1325 1958 princeps,
1343 1929 1370 1951 et
1390 1924 1556 1953 Pancratius
1578 1927 1720 1961 magister,

934 1965 989 2000 jam
1005 1965 1070 1993 dicti
1097 1967 1261 2001 curopalatte
1278 1967 1373 2000 frater,
1382 1968 1511 1997 Curcenii
1519 1974 1619 1998 terram
1636 1972 1722 2000 armis

935 2011 1103 2044 dividerent,
1128 2020 1158 2040 re
1184 2013 1255 2041 inter
1278 2021 1308 2042 se
1335 2015 1504 2049 composita.
1531 2017 1722 2052 unusquisque

936 2057 1107 2093 propinquas
1131 2058 1183 2087 sibi
1209 2063 1301 2094 partes
1326 2060 1412 2095 cepit.
1435 2060 1633 2090 Adrauutzium
1656 2071 1722 2091 vero

937 2103 1081 2139 Symbatio
1104 2105 1288 2139 propinquum
1305 2110 1376 2138 erat,
1399 2104 1519 2138 Davidis,
1543 2115 1622 2142 quem
1641 2113 1720 2136 antea

935 2149 1068 2182 diximus,
1088 2149 1143 2177 lilio
1162 2157 1169 2176 :
1186 2150 1279 2185 itaque
1298 2158 1404 2184 omnes,
1414 2153 1611 2187 comprehensa
1627 2154 1723 2182 Curce-

936 2195 975 2223 nil
988 2195 1112 2231 magistri
1126 2203 1222 2228 uxore,
1233 2197 1320 2224 Asotii
1334 2197 1453 2232 patricii,
1464 2198 1522 2226 sive
1533 2199 1643 2227 Ciscase
1655 2200 1721 2233 tilia,

935 2241 1065 2270 dixerunt
1080 2243 1105 2270 ei
1121 2250 1128 2269 :
1147 2241 1200 2276 Tu,
1215 2250 1277 2270 cum
1294 2243 1392 2271 mulier
1406 2244 1456 2276 sis,
1470 2244 1570 2273 habere
1588 2246 1661 2273 illam
1677 2254 1722 2273 ur-

935 2288 996 2316 bem
1022 2295 1076 2315 non
1103 2293 1182 2323 potes
1209 2296 1217 2316 :
1242 2288 1372 2324 deditque
1391 2289 1415 2317 ei
1435 2290 1593 2325 Symbatius
1610 2299 1659 2326 pro
1677 2292 1722 2320 illa

935 2341 1020 2370 pagos
1027 2334 1170 2369 quosdam.
1181 2338 1263 2370 atque
1279 2335 1315 2362 ita
1330 2335 1528 2363 Adranutzium
1539 2337 1596 2370 ipse
1605 2338 1721 2372 accl-pit.

936 2380 968 2407 Et
982 2380 1088 2407 Iberum
1105 2380 1214 2415 quidem
1231 2380 1329 2408 horum
1340 2382 1467 2416 cognatio
1485 2382 1521 2408 ita
1538 2382 1628 2409 habet.
1637 2382 1723 2410 Mater

937 2425 1046 2454 Davidis
1053 2430 1079 2452 et
1090 2426 1230 2454 Adranase
1240 2427 1417 2461 curopalatze,
1425 2426 1511 2461 patris
1524 2426 1610 2455 Asotii
1620 2428 1721 2462 pridem

936 2472 1234 2507 curopalatae,duorum
1246 2472 1361 2500 fratrum
1380 2473 1441 2500 lilia:
1454 2477 1533 2500 erant
1552 2480 1599 2500 seu
1616 2477 1721 2508 neptes.

937 2517 1094 2554 Symbatius
1109 2524 1199 2546 autem
1210 2518 1321 2546 Davidis
1331 2518 1401 2545 ﬁlius
1410 2526 1523 2546 uxorem
1538 2518 1632 2546 habuit
1641 2519 1722 2546 ﬁliani

937 2564 1073 2592 Pancratii
1095 2564 1229 2599 magistri,
1241 2564 1287 2599 qui
1300 2568 1377 2599 pater
1387 2564 1529 2592 Adranase
1545 2565 1649 2599 pridem
1664 2572 1723 2591 ma-

937 2610 1035 2646 gistri;
1058 2618 1146 2645 eaque
1165 2610 1306 2642 defuncta,
1326 2610 1467 2637 Adranase
1478 2617 1600 2637 sororctn
1616 2610 1723 2645 accepit

99 2660 227 2694 κάστρον.
243 2657 309 2684 Τότε
329 2657 445 2683 δέδωκεν
460 2657 474 2683 6
489 2656 643 2691 Συμδάτιος
659 2657 699 2688 εἰς
725 2656 880 2692 συνάντησιι

940 2654 1074 2689 Synthatii
1090 2654 1202 2682 Davidis
1219 2654 1279 2681 ﬁlii.
1291 2654 1488 2681 Adranutzium
1506 2662 1570 2682 vero
1589 2656 1722 2682 munitum

100 2705 146 2732 τοῦ
162 2705 282 2739 κάστρου
302 2703 390 2739 χωρία
415 2704 449 2738 τῇ
472 2703 593 2736 γυναικὶ,
625 2702 672 2728 καὶ
684 2702 832 2729 ἀνελάσετο
855 2703 886 2728 τὸ

101 2751 206 2778 τοιοῦτο
223 2750 342 2786 κάστρον
353 2749 384 2776 τὺ
401 2748 602 2785 Ἀδρανοῦτζιν.
623 2749 722 2775 Ἰστέον
738 2749 779 2774 ὄτι
791 2749 807 2783 ἡ
821 2756 886 2782 συγ-

940 2701 1019 2728 valde
1033 2704 1085 2733 est,
1103 2701 1239 2736 habetque
1252 2701 1353 2728 vallum
1369 2708 1499 2736 magnum
1517 2702 1605 2728 instar
1619 2709 1724 2737 magna:

941 2747 1017 2774 urbis
1030 2755 1037 2773 :
1050 2751 1077 2774 et
1090 2747 1198 2780 negotia
1216 2746 1409 2782 Trapezuntis,
1424 2745 1528 2778 lberiae,
1546 2750 1573 2774 et
1587 2747 1723 2783 Abasgim,

693 2795 845 2823 ANSELMI
872 2796 1036 2825 BANDL‘RII
1064 2794 1178 2823 ΝΟΤίΕ.

136 2846 191 2881 (89)
208 2845 254 2874 Sic
265 2853 297 2873 ex
313 2853 364 2873 ms.
380 2844 485 2872 codice.
503 2844 538 2872 At
559 2843 586 2872 in
610 2843 693 2881 editis
719 2845 764 2881 hic
784 2845 884 2881 legitur

101 2880 145 2910 τὸν
164 2880 251 2918 Ἰέραξ
268 2889 316 2917 pro
329 2881 433 2918 Ἐραξ;
447 2881 494 2909 sed
512 2887 596 2915 supra
614 2880 716 2916 ubique
732 2880 830 2915 'Epai.

970 2844 1078 2881 (90,90
1096 2843 1212 2881 Censeo.
1235 2843 1324 2881 inquit
1339 2843 1485 2881 Meursius,
1507 2843 1553 2873 hic
1573 2843 1726 2872 desiderari

935 2887 998 2916 quae
1013 2879 1046 2907 de
1061 2879 1220 2907 han-editatc
1237 2879 1389 2914 Mampalis.
