1938 3070
215 104 270 136 359

724 101 865 132 CONSTA
871 101 981 132 NTINI
999 100 1340 132 PORPHYROGENITI

1789 104 1852 136 3ὓο

215 162 356 196 totiusque
372 159 508 187 Armeniae
530 162 557 186 et
575 158 664 194 Syria!
684 158 740 185 illic
763 159 913 193 agitantur,
935 158 998 185 unde

1059 158 1151 191 γένεια
1164 158 1220 184 τῶν
1231 155 1360 184 rato-fatur:
1379 157 1492 193 Ἰϐήρων
1503 157 1598 185 τοῦτον
1609 158 1665 194 ἔχει
1678 159 1724 186 τὸν
1735 160 1853 196 τρόπον-

211 207 288 242 capit
313 212 440 240 magnum
465 204 594 238 vectigal.
625 203 807 230 Territorium
834 210 899 230 vero
927 202 1004 229 urbis

211 250 386 281 Adranutzii.
397 250 455 277 sive
470 249 570 278 Arzen.
586 248 706 283 amplum
715 252 758 275 est
769 252 795 275 et
805 247 1006 282 fertile,estque

211 297 297 326 clavis
313 295 421 328 lberiae,
438 295 564 330 Abasgite
580 299 607 322 et
626 294 817 322 Mischiorum.
837 293 939 320 Beatus
954 301 1006 320 au-

210 346 264 370 tem
277 342 428 376 imperator
439 341 568 367 dominus
583 340 725 368 ltomanus
741 340 815 367 misit
826 339 1004 367 Constantem

209 389 370 424 patricium,
388 392 416 415 et
429 386 608 421 drungarium
623 387 662 414 rei
674 386 790 418 navalis,
800 386 847 421 qui
859 390 924 413 tunc
937 390 1006 413 lem-

211 437 287 473 poris
305 434 546 471 protospatharius
561 437 589 461 ct
606 433 774 468 manglabita
791 436 859 465 erat,
876 431 1006 466 deditque

210 484 234 511 ei
247 487 350 511 vestem
362 481 497 516 magistri,
509 480 712 508 utCurcenium
726 480 829 507 lbercm
842 478 1004 514 magistrum

211 532 336 561 crearet;
349 528 397 563 qui
409 527 521 563 quidem
535 526 673 554 Constans
687 525 832 561 patricius,
846 525 941 560 reique
955 531 1005 552 na-

212 574 281 602 valis
305 574 473 608 drungarius
487 580 551 600 cum
568 571 756 599 Nicomediam
774 579 860 606 usque
878 579 1005 606 progres-

212 629 259 648 sus
275 624 364 653 esset,
383 619 502 647 accessit
521 617 642 653 Agapius
659 619 814 645 monachus
828 618 956 653 Cymena:
973 619 1004 645 ii-

211 667 275 697 lius,
291 665 337 701 qui
356 670 421 692 tunc
442 664 576 699 temporis
592 665 619 691 in
640 664 706 691 urbe
730 667 826 691 sancta
842 663 932 690 fuerat
946 663 1001 691 voti

211 719 307 743 causa,
336 710 528 745 transiensque
551 710 667 738 lberiam
692 709 892 737 Adranutzium
915 709 1001 737 venit.

211 758 280 785 Erat
301 762 393 785 autem
414 758 512 784 Azotio
535 755 663 792 patricio,
686 756 744 784 sive
763 756 887 788 Ciscase.
906 755 1000 783 odium

210 806 343 833 adversus
364 812 495 840 generum
512 803 678 831 Curceninm
695 811 702 830 :
720 803 800 838 127
817 803 911 837 itaque
927 802 999 837 Aga-

1059 205 1113 231 Τοῦ
1129 204 1211 231 Δαϐὶδ
1229 205 1245 239 ή
1259 204 1362 239 μήτηρ,
1381 205 1428 231 καὶ
1444 204 1492 231 τοῦ
1517 205 1670 240 Ἀδρανασὴ
1687 205 1733 232 τοῦ
1750 214 1854 242 κουρο-

1057 251 1189 283 παλότου,
1209 251 1257 278 τοῦ
1271 252 1376 285 πατρὸς
1390 250 1438 277 τοῦ
1454 251 1556 286 ἀρτίως
1577 251 1708 279 Ἀσωτίου
1722 252 1770 279 τοῦ
1786 262 1855 280 κου-

1059 296 1226 330 ροπαλάτου,
1259 297 1382 332 ὑπῆρχον
1406 296 1454 323 δύο
1481 297 1606 331 ἀδελφῶν
1633 298 1737 331 παιδία,
1765 290 1853 334 ἤγουν

1061 342 1217 377 ἐξαδέλφαι.
1234 340 1298 378 Εἶχε
1312 343 1344 369 δὲ
1362 343 1515 378 Συμϐἀτιος
1526 344 1542 370 ὁ
1553 343 1601 370 τοῦ
1621 344 1704 371 Δαϐὶδ
1724 345 1781 377 υἱός
1800 354 1854 379 γυ-

1057 390 1138 416 ναῖκα
1150 389 1199 424 τὴν
1213 389 1353 424 θυγατέρα
1369 389 1417 416 τοῦ
1431 390 1582 425 μαγίστρου
1601 391 1778 427 Παγκρατίου
1797 391 1848 419 τοῦ

1057 435 1161 471 πατρὸς
1175 435 1222 462 τοῦ
1242 435 1393 471 Ἀδρανασὴ
1407 436 1454 463 τοῦ
1483 436 1587 471 ἀρτίως
1608 437 1761 472 μαγίστρου
1774 445 1781 452 ·
1800 438 1850 465 καὶ

1055 482 1258 518 τελευτησάσης
1272 482 1369 510 ἐλαϐεν
1392 483 1407 509 6
1427 482 1580 518 Ἀδρανασὴ
1599 483 1648 519 τὴν
1663 483 1782 518 ἀδελφὴν
1798 484 1848 511 τοῦ

1054 528 1209 563 Συμϐατίου
1226 529 1273 558 τοῦ
1291 529 1349 556 υίοῦ
1371 529 1417 556 τοῦ
1443 529 1534 557 Δαϐίδ.
1551 530 1613 556 Ὀτι
1627 529 1657 556 τὸ
1673 530 1791 566 κάστρον
1816 531 1849 557 τὸ

1061 575 1251 611 Ἀδρανοῦτζιν
1261 576 1360 611 ὀχυρόν
1373 576 1430 602 ἐστι
1441 576 1524 608 πάνυ,
1548 576 1606 611 ἔχει
1623 576 1652 603 δὲ
1663 577 1710 603 καὶ
1726 577 1848 612 ραπάτιν

1056 621 1127 656 μέγα
1137 621 1176 652 ὡς
1195 621 1349 656 χωρόπολιν
1364 621 1421 657 (99)
1431 630 1438 637 ·
1451 621 1498 648 καὶ
1511 622 1539 649 αἱ
1553 624 1742 658 πραγματεῖαι
1756 623 1804 658 τῆς
1815 632 1846 650 τε

1054 667 1273 703 Τραπεζοῦντος,
1287 668 1395 703 καὶτῆς
1413 668 1545 703 Ἰϐηρίας,
1562 668 1610 695 καὶ
1627 668 1785 704 Ἀϐασγίας,
1797 670 1847 697 καὶ

1052 714 1107 741 ἀπὸ
1130 715 1222 750 πάσης
1235 714 1285 749 τῆς
1312 713 1404 750 χώρας
1419 714 1470 749 τῆς
1492 715 1652 750 Ἀρμενίας,
1669 716 1715 743 καὶ
1732 716 1781 751 τῆς
1793 717 1848 742 Συ-

1053 760 1126 796 ρίας,
1137 761 1228 787 ἐκεῖσε
1242 759 1435 794 ἀφικνοῦνται·
1446 759 1504 795 ἔχει
1512 760 1540 786 δὲ
1550 761 1597 787 καὶ
1606 761 1777 796 κομμέρκιον
1786 761 1844 796 (95)

1054 807 1086 833 ὲκ
1098 805 1152 833 τῶν
1167 806 1296 833 τοιούτων
1311 807 1510 842 πραγματειῶν
1522 807 1646 842 ἄπειρον.
1667 808 1699 834 Ἡ
1719 808 1748 835 δὲ
1765 808 1845 844 χώρα

210 852 257 887 pio
268 851 403 878 inonarho
418 850 488 878 dixit
504 858 510 876 :
528 849 632 884 Adjuro
646 853 672 876 te
680 857 728 884 per
741 849 836 882 Deum,
847 853 874 876 et
889 856 937 884 per
948 848 998 876 vir-

1053 852 1098 880 τοῦ
1126 853 1247 889 κάστρου
1269 853 1487 889 ’Δδρανουτζίον,
1512 854 1573 889 ἦτοι
1599 855 1629 881 τὸ
1650 855 1760 891 ’Δρζὴν,
1784 856 1845 883 ἔστι

208 901 295 924 tutem
313 895 480 924 honoranda:
496 902 530 922 ae
561 895 675 922 viviﬁcae
690 894 793 927 crucis,
811 899 841 921 ut
857 894 886 921 in
903 894 999 921 urbem

209 944 292 971 abeas
306 942 522 978 imperatoritu
534 941 783 975 nunties,aliquem
795 940 830 967 ad
842 948 885 968 me
897 941 999 973 mittat,

208 988 361 1023 urbemque
381 987 453 1015 hanc
468 995 556 1014 meam
573 986 700 1021 accipiat,
713 991 740 1014 et
755 986 782 1013 in
800 990 936 1021 potestate
951 993 1000 1013 sua

208 1034 320 1062 habeat.
332 1034 454 1069 Agapius
466 1037 558 1061 autem
572 1032 725 1060 monachus
739 1032 766 1059 in
781 1032 876 1060 urbem
888 1032 1001 1059 veniens

208 1080 367 1115 imperatori
384 1079 508 1106 narravit
536 1086 707 1114 quaecunque
720 1078 771 1113 ipsi
787 1078 899 1106 Asotius
914 1078 1000 1113 patri-

207 1126 280 1159 cius,
298 1126 344 1160 qui
361 1131 389 1154 et
405 1126 545 1159 Ciscases,
564 1126 688 1154 dixisset.
709 1124 834 1160 Cumque
851 1125 999 1157 Constans,

209 1180 291 1207 quem
308 1173 440 1206 diximus,
456 1173 598 1209 patricius,
611 1178 639 1200 et
654 1173 693 1200 rei
714 1172 819 1200 navalis
835 1172 1000 1207 drungarius

209 1218 379 1247 Nicomedia
396 1223 480 1253 esset,
504 1220 536 1247 ad
560 1219 704 1255 praefatum
725 1219 850 1254 magistri
870 1218 998 1246 Curcenii

207 1265 293 1292 lberis
309 1265 446 1300 negotium
460 1267 617 1301 deputatus,
631 1274 664 1293 ex
678 1265 806 1293 mandato
822 1264 998 1300 imperatoris

206 1311 315 1338 litteras
331 1312 436 1346 accepit
450 1319 464 1338 a
475 1311 591 1347 patricio
613 1311 748 1348 Symcone
771 1311 913 1344 asecretis,
929 1317 999 1346 qua-

205 1365 265 1386 rum
284 1358 341 1385 haec
357 1365 464 1385 summa
483 1366 490 1384 :
505 1357 586 1385 anet
600 1362 626 1384 te
641 1361 754 1385 sanctus
771 1364 865 1384 noster
881 1357 999 1391 impera-

207 1408 260 1435 tor,
278 1404 382 1432 relictis
391 1404 473 1432 rebus
491 1404 632 1436 omnibus,
650 1404 683 1431 ad
701 1404 826 1431 Asotinm
841 1403 997 1438 patricium,

206 1449 264 1477 sive
287 1450 432 1482 Ciscasen,
446 1457 462 1477 e
484 1449 600 1484 vestigio
626 1450 720 1482 abire,
743 1454 769 1476 ct
793 1450 889 1476 urbem
912 1449 997 1476 Adra-

205 1496 330 1523 nulzium
349 1497 383 1523 ab
401 1503 434 1523 eo
455 1496 590 1531 accipere.
612 1495 834 1531 quandoquidem
857 1503 905 1530 per
925 1496 997 1531 Aga-

206 1541 282 1577 pium
300 1541 466 1568 monachum
493 1549 580 1569 sacra:
604 1541 780 1576 imperatoris
805 1540 942 1576 majestati
962 1540 999 1568 si—

207 1586 357 1623 gniﬁcavit,
372 1588 409 1614 nti
426 1587 545 1622 aliquem
561 1595 576 1615 e
588 1587 647 1615 suis
661 1588 744 1615 tidum
760 1587 859 1618 mittat.
872 1591 899 1614 et
910 1587 997 1614 Adra-

207 1633 334 1660 nutzium
351 1633 446 1660 urbem
462 1633 550 1668 ipsius
562 1633 696 1669 accipiat;
710 1633 756 1660 tibi
770 1637 860 1660 autent
876 1633 903 1660 in
916 1633 997 1661 Chal-

207 1677 281 1705 diam
302 1678 420 1710 veneris,
441 1678 559 1713 adjunge
578 1678 627 1705 tibi
650 1678 788 1714 principes
808 1678 898 1711 utiles,
921 1678 998 1714 quod

208 1723 294 1750 fortes
313 1723 435 1756 ﬁdosque
452 1723 626 1757 cognoveris,
643 1723 794 1759 urbemque
811 1723 954 1759 ingredere
971 1727 998 1752 et

208 1774 286 1801 cape.
307 1766 431 1802 Cumque
449 1767 588 1795 Constans
611 1767 756 1802 patricius,
781 1773 808 1796 et
830 1769 868 1796 rei
892 1769 997 1797 navalis

207 1812 383 1847 drungarius,
412 1813 439 1839 in
452 1812 594 1840 Chaltliam
612 1814 760 1848 profectus,
774 1814 865 1850 ibique
878 1816 998 1843 strenuis

207 1862 304 1886 turma:
325 1858 475 1894 praal‘ectis,
497 1860 726 1895 principibusque
746 1865 773 1888 et
795 1862 930 1890 militibus
953 1870 998 1890 as-

205 1904 324 1938 sumptis
351 1908 494 1937 trecentis,
527 1905 553 1933 in
582 1906 697 1933 lbcriaxn
722 1908 855 1941 venisset,
880 1907 999 1937 detinuit

204 1957 268 1977 eum
283 1950 372 1978 beata:
387 1951 526 1979 memoria;
541 1950 637 1984 David,
652 1952 739 1980 Asotii
757 1953 860 1988 pridem
877 1961 996 1989 europa-

204 1995 267 2022 lata',
282 1994 378 2027 frater.
413 1995 597 2030 interrogans,
614 2003 734 2031 quonam
763 1996 798 2024 ab
822 1997 997 2032 imperatore,

204 2045 232 2067 et
249 2040 329 2075 cujus
344 2039 383 2067 rei
401 2047 485 2067 causa
505 2040 620 2075 missus,
637 2045 741 2068 tantam
758 2049 852 2069 secum
870 2042 997 2070 multitu-

203 2085 296 2112 dinem
320 2085 452 2113 traheret.
478 2084 626 2113 Timebant
646 2087 719 2114 enim
744 2092 858 2122 propter
881 2092 996 2115 mortem

203 2130 347 2159 Adranase
369 2130 556 2166 Curopalatte,
581 2139 615 2159 ne
634 2132 788 2161 Currenius
809 2141 840 2161 ea
864 2133 999 2169 dignitate

1052 899 1101 926 καὶ
1112 899 1198 935 πολλὴ
1224 899 1272 926 καὶ
1288 899 1414 936 εὔφορος,
1429 900 1476 926 καὶ
1491 900 1609 936 ὑπάρχει
1624 901 1725 928 κλειδὶν
1743 902 1793 937 τῆς
1813 911 1844 929 τε

1058 945 1199 982 Ἰϐηρίας,
1215 945 1262 972 καὶ
1281 945 1441 981 ’Δϐασγίας,
1467 947 1514 973 καὶ
1541 947 1597 973 τῶν
1624 948 1748 983 Μισχιῶν
1772 948 1843 984 (94).

1052 992 1114 1019 Ὀτι
1134 992 1148 1018 6
1168 992 1304 1027 μακάριος
1332 991 1458 1027 βασιλεὺς
1481 994 1496 1019 ὸ
1519 993 1598 1029 κῠρις
1629 994 1769 1030 Ῥωμανὸς
1788 995 1845 1022 ἀπ-

1052 1037 1156 1064 έστειλε
1171 1037 1218 1064 τὸν
1243 1038 1387 1073 πατρίκιον
1401 1037 1567 1067 Κώνσταντα
1589 1040 1636 1066 καὶ
1661 1040 1845 1076 δρουγγάριον

1051 1084 1098 1111 τοῦ
1111 1084 1248 1119 πλωΐμου,
1266 1083 1306 1120 τῷ
1327 1085 1388 1111 τότε
1415 1085 1506 1120 καιρῷ
1528 1086 1776 1122 πρωτοσπαθαρίου
1794 1087 1845 1114 καὶ

1053 1130 1244 1166 μαγγλαϐίτου
1261 1131 1455 1166 τυγχάνοντος,
1475 1131 1599 1164 δεδωκὼς
1620 1132 1695 1168 αὐτῷ
1710 1135 1758 1159 καὶ
1779 1133 1845 1168 ίμά-

1050 1184 1107 1202 τιον
1127 1176 1314 1212 μαγιστράτου
1338 1177 1407 1212 πρὸς
1422 1177 1453 1204 τὸ
1471 1177 1584 1212 ποιῆσαι
1603 1179 1649 1204 τον
1673 1178 1844 1214 Κουρκένιον

1049 1223 1096 1249 τὸν
1110 1222 1209 1258 Ἴϐηρα
1227 1223 1391 1259 μάγιστρον.
1410 1224 1488 1251 Μετὰ
1502 1224 1530 1252 δὲ
1543 1225 1660 1258 ἐξελθεῖν
1676 1225 1722 1252 τὸν
1742 1225 1844 1261 πατρί-

1049 1277 1109 1296 κιον
1119 1268 1287 1295 Κώνσταντα
1302 1269 1350 1295 καὶ
1361 1269 1541 1305 δρουγγάριον
1559 1270 1606 1297 τοῦ
1622 1271 1746 1306 πλωΐμου
1759 1271 1843 1306 μέχρι

1049 1315 1248 1351 Νικομηδείας,
1272 1316 1396 1350 εἰσῆλθεν
1417 1318 1431 1344 6
1460 1317 1575 1352 μοναχὸς
1597 1318 1726 1350 Ἀγάπιος
1751 1318 1765 1344 6
1792 1318 1841 1345 τοῦ

1050 1362 1182 1397 Κυμηνὰ,
1205 1362 1233 1394 ὃς
1248 1360 1282 1397 ἦν
1297 1362 1336 1397 τῷ
1351 1362 1412 1390 τότε
1428 1363 1517 1399 χρόνῳ
1532 1363 1573 1395 εἰς
1588 1363 1637 1399 τὴν
1656 1363 1737 1398 ἁγίαν
1761 1364 1842 1392 πόλιν

1051 1407 1135 1443 εὐχῆς
1148 1407 1230 1434 ἕνεκα
1241 1416 1248 1423 ·
1273 1408 1321 1434 καὶ
1336 1407 1514 1443 διερχομένου
1531 1408 1614 1435 αὐτοῦ
1637 1409 1686 1444 τὴν
1709 1409 1840 1445 Ἰϐηρίαν,

1050 1453 1222 1489 κατήντησεν
1234 1453 1274 1485 είς
1288 1453 1318 1481 τὸ
1337 1454 1492 1490 κάστροντὺ
1513 1455 1715 1490 Ἀδραιιοῦτζιν,
1733 1456 1781 1482 καὶ
1801 1453 1842 1483 εἷ-

1051 1507 1097 1534 χεν
1120 1498 1134 1524 ὁ
1152 1499 1297 1534 πατρίκιος
1319 1499 1450 1531 Ἀσώτιος
1473 1500 1488 1526 6
1505 1501 1552 1527 καὶ
1574 1501 1718 1537 Κισκάσης
1742 1501 1839 1529 κα.λοῦ-

1052 1553 1133 1580 μενος
1149 1544 1254 1580 ἔχθραν
1270 1545 1340 1580 μετὰ
1351 1545 1399 1573 τοῦ
1415 1547 1541 1582 γαμϐροῦ
1556 1548 1639 1574 αὑτοῦ
1657 1548 1704 1574 τοῦ
1717 1549 1841 1584 Κουρκέ-

1049 1599 1094 1626 νη,
1109 1591 1155 1617 καὶ
1184 1591 1316 1626 ἐλάλησεν
1342 1592 1384 1624 είς
1414 1592 1460 1620 τὸν
1486 1593 1603 1629 μοναχὸν
1624 1594 1771 1628 Ἀγάπιον,
1798 1595 1840 1622 ὅτι

1056 1636 1177 1673 Ἐνορκῶ
1191 1646 1221 1664 σε
1233 1639 1274 1669 είς
1284 1638 1331 1665 τὸν
1345 1639 1412 1666 Θεὸν
1430 1639 1477 1666 καὶ
1493 1640 1533 1672 είς
1545 1640 1594 1676 τὴν
1606 1640 1722 1676 δύναμιν
1738 1641 1785 1668 τοῦ
1797 1650 1840 1670 τι-

1051 1683 1113 1718 μίου
1128 1683 1177 1710 καὶ
1191 1683 1325 1716 ζωοποιοῧ
1351 1685 1480 1720 σταυροῦ,
1494 1686 1538 1712 ἵνα
1553 1686 1674 1722 ἀπέλθῃς
1688 1688 1717 1714 ὲν
1731 1689 1764 1723 τῇ
1788 1687 1840 1713 πό-

1049 1728 1091 1755 λει
1106 1729 1153 1756 καὶ
1168 1729 1248 1766 εἴπῃς
1261 1730 1308 1757 τὸν
1320 1730 1442 1766 βασιλέα,
1453 1731 1497 1765 ἵνα
1513 1732 1673 1768 ἀποστείλῃ,
1689 1735 1735 1760 καὶ
1750 1742 1840 1769 παρα-

1050 1773 1121 1810 λάϐῃ
1135 1775 1165 1801 τὸ
1181 1775 1301 1811 κάπρον
1320 1784 1382 1811 μου,
1399 1777 1446 1803 καὶ
1461 1777 1511 1813 ἔχῃ
1524 1777 1576 1804 ὑπὸ
1587 1779 1636 1813 τὴν
1647 1779 1772 1812 ἐξουσίαν
1788 1780 1839 1806 αὖ-

1050 1819 1115 1852 τοῦ,
1139 1820 1153 1847 ὁ
1167 1820 1195 1847 δὲ
1213 1821 1329 1856 μοναχὸς
1353 1822 1484 1856 ’Λγάπιος
1500 1823 1628 1851 είσελοὼν
1644 1825 1673 1851 ἐν
1687 1826 1720 1861 τῇ
1750 1825 1838 1858 πόλει,

1049 1866 1199 1902 διηγήσατο
1219 1867 1264 1895 τὸν
1292 1867 1404 1903 βασιλέα
1419 1870 1469 1896 ὅσα
1487 1870 1601 1904 [Limes
1631 1871 1700 1907 πρὸς
1729 1872 1810 1898 αὑτὸν
1824 1873 1840 1899 6

1051 1914 1196 1948 πατρίκιος
1215 1913 1344 1946 Ἀσώτιος
1358 1914 1373 1941 6
1395 1916 1442 1941 καὶ
1467 1916 1620 1951 Κισκάσης.
1641 1917 1694 1944 Τοῦ
1711 1917 1739 1945 δὲ
1752 1919 1840 1954 προρ-

1051 1958 1181 1994 ρηθέντος
1205 1960 1355 1996 πατρικίου
1386 1961 1563 1995 Κώνσταντος
1588 1964 1634 1990 καὶ
1657 1964 1839 2000 δρουγγαρίου

1050 2004 1097 2031 τοῦ
1127 2005 1252 2041 πλωῖμου
1279 2007 1309 2033 ὲν
1336 2007 1507 2044 Νικομηδείᾳ
1524 2010 1704 2044 τυγχάνοντος
1720 2010 1765 2038 διὰ
1790 2011 1840 2047 τὴν

1050 2051 1256 2088 προρρηθεῖσαν
1284 2053 1334 2087 τῆς
1357 2054 1493 2090 προϐολῆς
1527 2055 1575 2082 τοῦ
1613 2057 1765 2094 μαγίστρου
1791 2057 1839 2084 τοῦ

1049 2097 1194 2133 Κουρκένη
1214 2098 1323 2134 Ἴϐηρος
1339 2099 1478 2133 ὑπόθεσιν,
1495 2102 1527 2127 ἐκ
1541 2101 1715 2137 προστάξεως
1725 2102 1773 2130 τοῦ
1790 2103 1840 2139 βας

1050 2143 1150 2175 σιλέως
1172 2143 1252 2171 ἔλαϐε
1274 2144 1305 2171 τὸ
1329 2146 1474 2173 πιττάκιον
1491 2146 1539 2173 τοῦ
1554 2149 1700 2183 πατρικίου
1725 2149 1839 2184 Συμεὼν

204 2177 240 2204 ab
251 2177 416 2212 imperatore
427 2182 584 2211 ornaretur,
595 2178 818 2213 quandoquidem
831 2179 903 2206 inter
913 2179 954 2207 Ad
960 2187 998 2207 ra-

1053 2189 1098 2215 τοῦ
1111 2190 1274 2225 ἁσηκρῆτις,
1297 2191 1335 2224 ὡς
1353 2192 1396 2219 ὅτι
1409 2192 1524 2221 Κελεύει
1550 2195 1564 2221 6
1582 2177 1709 2230 βασιλεὺς
1724 2177 1804 2232 np.in
1823 2198 1838 2224 6

203 2230 274 2251 nase
301 2223 467 2258 curopalatte
488 2223 568 2256 lllios,
589 2228 649 2259 post
666 2225 752 2259 patris
766 2232 862 2252 eorum
883 2226 997 2258 obitum,

203 2275 340 2296 eteorum
363 2268 515 2303 patruelem
539 2270 735 2298 contentiones
755 2274 823 2298 orta:
843 2275 948 2304 essent,
970 2275 997 2299 et

203 2315 267 2350 quia
286 2315 404 2349 primum
420 2314 553 2342 famulum
569 2322 631 2342 cum
647 2315 750 2351 ingenti
764 2324 877 2344 munere
892 2317 927 2344 ad
945 2317 998 2344 im-

202 2366 356 2398 peratorem
387 2361 533 2389 curccnius
553 2362 685 2396 misisset,
702 2362 735 2390 ad
765 2363 929 2398 curopalata:
948 2370 997 2392 aut

202 2407 329 2443 magistri
343 2407 475 2435 honorem
489 2408 647 2442 petendum,
657 2413 776 2444 quatuor
788 2409 898 2443 fratres,
908 2410 995 2438 Adra-

202 2460 268 2482 nnse
288 2454 455 2489 curopalatae
471 2454 530 2488 lilii,
547 2456 759 2490 suspicabantur
773 2456 836 2484 ideo
851 2465 913 2484 eum
929 2457 994 2485 illuc

202 2500 318 2534 venire,
343 2504 374 2528 ut
401 2500 567 2529 Curceninm
598 2502 790 2537 Curopalatem
816 2503 929 2532 laceret.
958 2505 993 2532 At

203 2545 343 2575 Constans
360 2547 495 2583 patricius
512 2549 666 2583 excusavit,
683 2549 779 2577 dicens
797 2557 804 2576 :
825 2549 991 2579 Curceninm

1053 2234 1130 2269 ἆγιος
1146 2236 1307 2264 καταλιπεῖν
1333 2246 1363 2265 σε
1379 2239 1470 2271 πάσας
1500 2248 1548 2267 σου
1563 2241 1614 2274 τὰς
1633 2242 1765 2277 δουλείας,
1792 2245 1839 2271 καὶ

1051 2280 1179 2307 ἀπελθεῖν
1190 2282 1219 2309 ὲν
1228 2283 1360 2320 συντομία
1370 2285 1439 2321 πρὸς
1446 2286 1492 2313 τὸν
1503 2287 1649 2322 πατρίκιον
1657 2289 1785 2317 Ἀσώτιον
1793 2291 1840 2318 τὸν

1050 2326 1098 2353 καὶ
1108 2327 1252 2364 Κισκάσην
1263 2329 1417 2366 λεγόμενον,
1428 2334 1475 2359 καὶ
1488 2334 1660 2369 παραλαϐεῖν
1672 2336 1702 2362 τὸ
1719 2336 1838 2372 κάστρον

1050 2374 1133 2401 αὑτοῦ
1145 2374 1176 2401 τὸ
1184 2375 1386 2412 ’Δδρανοῦτζιν,
1399 2379 1493 2415 ἐπειδὴ
1503 2380 1547 2407 διὰ
1555 2381 1601 2408 τοῦ
1617 2382 1735 2417 μοναχοῦ
1757 2384 1837 2417 Ἀγα-

1051 2420 1315 2456 πίουλέδηλοποίησε
1345 2425 1391 2451 τὸν
1424 2425 1536 2461 βασιλέα
1573 2428 1651 2463 ἡμῶν
1682 2429 1728 2456 τὸν
1760 2430 1838 2464 ᾶγιον

1047 2467 1095 2494 τοῦ
1125 2468 1287 2496 ἀποστεῖλαι
1313 2472 1409 2498 πιστὸν
1435 2472 1591 2508 ἄνθρωπον,
1612 2475 1659 2501 καὶ
1670 2476 1837 2508 οἰκεῖον,τοῦ

1047 2513 1217 2548 παραλαϐεῖν
1252 2515 1282 2542 τὺ
1318 2517 1437 2553 κάστρον
1463 2519 1547 2547 αὑτοῦ
1573 2521 1601 2547 τὺ
1629 2521 1836 2557 Ἀδρανοῦτζιν·

1048 2559 1096 2584 καὶ
1110 2559 1299 2596 ἀπερχομένου
1317 2571 1365 2589 σου
1384 2564 1413 2591 ἐν
1434 2565 1540 2601 Χαλδίῃ.
1556 2566 1692 2594 ἀναλαϐοὖ
1705 2567 1837 2603 ἄρχοντας

796 2617 945 2647 ANSELMI
959 2620 1126 2654 BANDURII
1143 2627 1260 2656 ΝΟΤᾸΕ.

236 2673 293 2709 (92)
310 2674 462 2714 Nimirum,
480 2677 608 2713 habetque
629 2678 728 2705 vallum
752 2687 878 2714 magnum
908 2681 993 2708 instar

202 2717 306 2749 magum
327 2711 419 2749 urbis._
437 2711 577 2741 Meursius
593 2722 659 2740 vero
676 2714 757 2741 aliter
784 2711 991 2749 interpretatur,

202 2744 517 2791 habetquelterritoriunt
536 2757 662 2783 magnum
675 2750 772 2790 _inslar
792 2744 915 2791 regionis
933 2744 993 2791 :‘ut

200 2786 251 2813 pro
276 2780 429 2821 χωρρπολιν
454 2780 629 2812 scribendum
656 2785 695 2812 ait
726 2780 912 2821 χιιιρῦπὸυλον,
933 2786 992 2814 sire

200 2815 395 2848 χωριόπουλον.

1085 2687 1147 2731 (9:3).
1159 2690 1348 2731 Κσιιμιξρκιονξ
1361 2692 1500 2731 Tribulnm
1521 2697 1688 2731 vectigalpro
1708 2699 1836 2729 mercibus

1047 2724 1281 2767 exsplvisolititni.
1300 2727 1366 2767 \iide
1385 2728 1516 2767 Durangii
1535 2724 1684 2767 utrumque
1699 2724 1790 2762 Gloss.

1082 2758 1140 2798 (ψη
1158 2759 1292 2802 Itanetiatn
1313 2762 1430 2790 habetur
1446 2758 1569 2802 iniussa
1591 2758 1685 2794 ver'nln
1704 2758 1836 2802 ’p’ir’é‘iur-

1048 2796 1131 2828 σκιῶν
1147 2796 1321 2824 scribendum
1335 2803 1400 2833 puto
1416 2808 1477 2827 cunt
1496 2796 1616 2830 Meursio
1645 2796 1782 2840 Μοσχιῶν.
