1938 3070
130 190 183 220 365

662 189 710 218 DE
729 188 1048 219 ADMINISTRANDO
1071 189 1244 219 IMPERIO.

1715 188 1767 219 3C6

130 243 201 270 Ἴσοι
237 242 265 269 δὲ
291 242 336 268 καὶ
363 241 490 277 περὶτῶν
521 242 549 268 ἐν
585 251 639 269 τισι
663 245 769 277 καιροῖς
788 243 889 279 μεταξὺ
915 243 1059 278 Ῥωμαίων
1070 244 1259 279 καιδιαφόρων
1280 243 1690 280 ἐθνῶνσυμϐεϐηκότωνᾶξιον
1702 247 1766 281 γὰρ,

134 289 249 323 φίλτατε
285 289 336 320 υἱὲ,
364 289 431 324 μηδὲ
465 288 516 323 τὴν
535 289 599 323 περὶ
631 289 733 316 τούτων
770 291 880 325 μνήμην
923 289 1120 325 διαφυγεῖνῖτε,
1145 291 1218 317 ῖν“ὲν
1232 291 1334 325 ὁμοίοις
1350 293 1464 327 καιροῖς,
1484 292 1537 319 τῶν
1570 292 1660 318 αὐτῶν
1685 283 1797 327 προσεκ

128 335 293 367 πιπτόντων,
322 334 365 369 εἴη
392 343 432 361 σοι
454 334 593 370 εὐχερὴςή
613 335 798 371 ἐπανόρθωσις
819 336 862 363 διὰ
882 337 931 371 τῆς
949 337 1138 372 προγνώσεως.

430 383 555 409 ΚΕΦΛΛ.
573 382 637 410 MZ'.

128 429 197 462 Περὶ
229 429 284 464 τῆς
298 429 356 456 τῶν
379 430 523 463 Κυπρίων
543 430 799 463 μεταναστάσεως
817 431 880 464 ἔχει
905 431 922 464 ή

401 465 518 499 ἱστορία
528 464 606 493 τάδε.

165 510 221 544 Τῆς
236 510 319 545 νήσου
343 510 497 544 ἁλωθείσης
521 510 574 537 ὑπὸ
600 511 653 537 τῶν
675 511 852 546 Σαρακηνῶν,
877 512 925 538 καὶ

129 559 175 584 ἐπὶ
188 558 259 584 ἑπτὰ
271 558 361 584 ἐτεσιν
380 558 508 593 ἀοικήτου
523 558 666 593 μεινάσης,
684 558 731 584 καὶ
757 558 805 585 τοῦ
829 559 923 594 ἀρχιε-

131 604 266 630 πισκότεου
289 603 414 630 Ἰωάννου
429 603 498 638 μετὰ
509 603 556 629 τοῦ
586 602 650 630 λαοῦ
671 603 754 630 αὐτοῦ
779 604 848 639 πρὸς
878 604 926 639 τὴν

133 649 331 684 βασιλεύουσαν
343 648 556 679 καταλαϐόντος,
566 648 676 682 ἐγένετο
694 649 838 684 οίκονομία
851 651 926 684 παρὰ

129 695 178 722 τοῦ
194 695 327 730 βασιλέως
344 694 536 722 ’1ουστινιανοῦ
555 695 593 729 (2)
608 695 636 721 ὲν
649 696 681 730 τῇ
695 695 761 731 ἁγίᾳ
775 696 842 731 ἕκτῃ
859 705 927 722 συν-

137 741 200 776 όδῳ,
218 740 265 767 τοῦ
294 740 344 775 τὴν
364 740 485 772 Κύζικον
502 740 670 776 παραλαϐεῖν
684 741 755 776 μετὰ
778 742 832 768 τῶν
866 743 927 768 ἐπι-

133 787 243 813 σκόπων
257 785 342 812 αὑτοῦ
356 786 404 812 καὶ
433 786 480 813 τοῦ
494 785 558 813 λαοῦ
571 788 621 822 τῆς
644 787 738 821 νήσου,
766 788 814 814 καὶ
844 789 929 814 ποιεῖ-

132 833 196 859 σθαι
223 833 270 859 καὶ
299 832 469 868 χειροτονίας
495 832 577 868 ἡνίκα
597 832 630 860 ἂν
654 833 735 868 λείψῃ
764 833 927 866 ἐπίσκοπος,

131 879 200 914 πρὸς
210 877 240 905 τὸ
249 878 287 913 μὴ
302 878 440 904 διαπεσεῖν
449 878 498 913 τὴν
516 878 660 905 αὐθεντίαν
674 879 719 905 καὶ
734 878 767 905 τὰ
778 878 870 905 δίκαια
881 880 929 914 τῆς

130 923 256 958 Κύπρου,
269 923 316 949 καὶ
336 925 391 958 γὶρ
402 926 449 949 καὶ
461 923 543 954 αὐτὸς
552 923 567 949 ὁ
590 923 781 954 Ίουστινιανὸς
792 923 923 958 βασιλεὺς

131 969 256 1003 Κὶπριος
275 967 309 1004 ἦν
330 969 367 1004 (5)
384 969 474 1000 κιθὶις
491 969 538 996 καὶ
551 970 626 1004 περὶ
641 969 694 996 τῶν
708 969 835 996 πιλαιῶλι
866 970 927 996 Κυ-

132 1014 220 1048 πρίων
238 1015 252 1040 ό
263 1014 341 1047 λόγος
355 1013 435 1049 μέχρι
452 1014 501 1049 τῆς
516 1014 635 1050 σήμερον
645 1014 845 1050 ἐπεκράτησεν·
856 1014 926 1041 ὥστε

1248 384 1372 412 CAPUT.
1390 384 1496 413 XLVII.

1029 431 1066 458 De
1080 432 1238 465 Cypriorum
1258 432 1415 466 migratione
1433 432 1554 458 Historia
1568 433 1605 459 ila
1624 433 1712 460 Ιιηίιει.

1014 509 1107 535 Insula
1138 516 1151 534 a
1169 510 1318 536 Saracenis
1335 513 1426 544 capta,
1449 515 1476 537 et
1498 518 1546 545 per
1561 515 1664 545 septem
1681 519 1768 538 annos

978 554 1182 582 habitatoribus
1199 562 1296 587 vacua,
1313 562 1346 582 ac
1361 554 1467 583 Joanne
1486 556 1693 591 archiepiscopo
1704 565 1767 584 eum

978 607 1030 627 suo
1054 600 1157 635 populo
1176 600 1418 636 Constantinopoli
1439 606 1642 634 commorantc,
1661 604 1770 630 curavit

977 646 1153 674 Justinianus
1172 647 1320 681 imperator
1337 648 1364 674 in
1384 651 1479 675 sancta
1505 653 1581 674 sexta
1606 649 1721 684 synodo,
1739 654 1769 675 ιιι

978 692 1107 728 Cyzicum
1128 701 1190 721 cum
1208 694 1346 730 episcopis
1371 695 1430 722 suis
1449 698 1476 722 et
1503 701 1564 721 cum
1596 695 1697 729 populo
1717 703 1768 723 suo

979 744 1139 774 occuparet,
1152 745 1180 767 et
1201 740 1392 768 ordinationes
1417 740 1531 773 laceret,
1554 748 1617 768 cum
1639 741 1769 768 deﬁceret

979 788 1136 823 episeOpus,
1163 795 1198 816 no
1226 789 1378 816 auctoritas
1399 794 1425 816 et
1439 788 1501 823 jura
1522 788 1603 824 Cypri
1618 788 1769 817 intercide-

981 837 1052 860 rent.
1071 833 1212 868 Siquidem
1225 833 1284 868 ipse
1295 833 1472 862 Justinianus
1489 834 1639 869 imperator
1650 834 1768 871 Cyprius

980 884 1050 911 erat,
1067 879 1301 914 quemadmodum
1314 887 1328 906 a
1348 880 1500 914 majoribus
1511 879 1620 916 Cypriis
1637 881 1767 909 traditum

980 926 1137 960 acoepimus
1156 934 1163 953 :
1183 926 1219 954 ita
1241 930 1271 953 ut
1288 927 1372 954 etiam
1398 934 1412 954 a
1436 931 1531 954 sancta
1554 931 1632 955 sexta
1657 927 1768 963 Synodu

982 972 1061 1008 130
1076 972 1257 1000 constitutum
1274 973 1309 1000 sit
1327 978 1357 1000 ut
1372 973 1548 1001 ordinaretur
1560 973 1651 1010 Cyziei
1668 975 1768 1010 pracsul

972 1018 1013 1045 ab
1040 1017 1252 1053 archiepiscopo
1275 1018 1368 1054 Cypri,
1391 1019 1475 1047 veluti
1497 1019 1524 1047 in
1541 1019 1664 1055 ejusdem
1683 1025 1768 1048 sexta:

131 1061 179 1087 καὶ
190 1059 294 1095 ὡρίσθη
311 1061 339 1086 ὲν
351 1061 383 1095 τῇ
403 1060 473 1095 ἁγίᾳ
490 1059 558 1095 ἕκτῃ
581 1060 683 1094 συνόδῳ
701 1061 865 1096 χειροτονεῖν
884 1060 928 1087 τὸν

984 1063 1079 1099 synodi
1097 1064 1188 1099 capite
1206 1064 1348 1100 trigesimo
1363 1072 1437 1092 nono
1461 1066 1630 1101 descriptum
1648 1071 1701 1094 est.
1720 1065 1768 1094 Sc-

132 1107 349 1142 ἁρχιεπίσκοπον
363 1106 477 1142 Κύπρου
492 1106 538 1133 τὸν
563 1107 613 1141 τῆς
630 1107 750 1139 Κυζίκου
782 1107 924 1143 πρόεδρον,

133 1152 225 1184 καθὼς
238 1153 266 1180 ὲν
285 1152 324 1187 τῷ
338 1151 377 1179 λθ¹
390 1153 530 1187 κεφαλαίῳ
551 1153 600 1188 τῆς
625 1153 710 1188 αὐτῆς
739 1152 820 1187 ἁγίας
842 1153 926 1188 ἕκτης

136 1199 248 1225 συνόδου
265 1199 474 1234 ἀναγέγραπται
486 1199 535 1234 (4).
553 1199 630 1226 Μετὰ
648 1199 676 1226 δὲ
693 1199 764 1226 ἑπτὰ
786 1199 834 1233 ἔτη
846 1199 927 1234 θελή»

135 1253 178 1272 σει
190 1245 259 1272 Θεοῦ
282 1245 395 1282 ἐκινήθη
410 1246 424 1272 ό
444 1245 569 1280 βασιλεὺς
588 1245 669 1272 πάλιν
681 1246 789 1281 οἰκῆσαι
807 1246 855 1281 τὴν
872 1246 927 1272 Kd~

135 1300 215 1326 προν,
230 1292 277 1319 καὶ
284 1292 426 1318 ἀπέστειλε
443 1292 512 1327 πρὸς
522 1292 567 1318 τὸν
579 1292 782 1327 ἀμερμουμνῆν
796 1292 842 1318 τοῦ
853 1292 927 1325 Βαγν-

134 1337 183 1364 ἓᾶιδ
216 1339 292 1373 τρεῖς
306 1337 359 1364 τῶν
383 1338 497 1370 ἐνδόξων
515 1337 658 1373 Κυπρίων,
682 1336 849 1372 αὐτόχθονας
879 1337 928 1371 τῆς

134 1383 222 1418 αὐτῆς
235 1386 317 1419 νήσου
335 1385 534 1419 τυγχάνοντας,
547 1384 610 1415 τοὺς
628 1383 791 1419 λεγομένους
809 1383 929 1416 Φαγγου-

136 1430 207 1463 μεῖς,
222 1430 293 1465 μετὰ
307 1430 355 1456 καὶ
372 1429 514 1465 βασιλικοῦ
530 1438 602 1462 τινος
624 1429 736 1464 ἀγχίνου
749 1437 778 1455 τε
793 1429 840 1455 καὶ
854 1428 927 1454 ἐνδό-

133 1475 181 1508 ξου
196 1475 306 1510 γράψας
317 1475 356 1510 τῷ
371 1476 568 1511 ἁμερμουμνῇ,
581 1475 624 1502 ἵνα
645 1475 691 1501 τὸν
704 1475 732 1500 ὲν
757 1473 842 1510 Συρίᾳ
865 1474 929 1500 ὅντα

134 1521 200 1547 λαὸν
214 1522 264 1557 τῆς
277 1522 360 1557 νήσου
375 1522 489 1557 Κύπρου
503 1521 634 1548 ἀπολύσει
647 1521 687 1552 εἰς
702 1520 747 1547 τὸν
757 1520 822 1547 ῐδιον
836 1520 928 1547 τόπον.

137 1567 192 1593 Καὶ
223 1567 408 1599 ὑπακούσαςὸ
426 1567 627 1603 ἀμερμουμνῆς
661 1569 693 1603 τῇ
720 1566 768 1593 τοῦ
798 1566 930 1602 βασιλέως

136 1614 243 1648 γραφῇ,
257 1614 400 1640 ἀπέστειλε
417 1614 486 1641 κατὰ
504 1614 594 1649 πάσης
617 1614 666 1649 τῆς
693 1614 793 1649 Συρίας
809 1613 929 1646 ἐνδόξους

136 1659 311 1695 Σαρακηνοὺς
326 1660 374 1687 καὶ
387 1660 561 1695 ἐπεσώρευσε
576 1661 680 1692 πάντας
696 1661 759 1692 τοὺς
777 1660 928 1695 Κυπρίους.

136 1705 184 1731 καὶ
198 1704 363 1741 διεπέρασεν
377 1707 417 1737 εις
435 1705 481 1732 τὸν
511 1705 577 1732 ῐδιον
589 1707 682 1734 τόπον.
721 1705 877 1732 Ἀπέστειλε
903 1705 931 1732 δὲ

136 1752 183 1780 καὶ
199 1754 212 1780 ὁ
225 1753 353 1789 βασιλεὺς
368 1753 518 1789 βασιλικὸν,
533 1755 579 1782 καὶ
591 1754 738 1790 διεπέρασε
754 1754 800 1781 καὶ
825 1754 889 1785 τοὺς
900 1754 929 1780 ὲν

977 1109 1090 1144 ptennio
1107 1116 1174 1137 vero
1184 1115 1256 1146 post,
1267 1110 1322 1138 Deo
1333 1111 1370 1138 ita
1383 1111 1500 1143 volente,
1516 1112 1641 1140 animum
1658 1113 1768 1140 induxit

978 1156 1131 1191 imperator
1156 1156 1254 1184 iterum
1273 1157 1394 1193 Cyprum
1418 1158 1620 1187 habitaloribus
1638 1158 1768 1195 frequen-

978 1205 1032 1229 tem
1043 1202 1144 1235 facere,
1159 1203 1289 1238 misitque
1303 1203 1338 1231 ad
1355 1211 1575 1233 amertnumnem
1588 1206 1698 1241 Bagdad
1710 1212 1767 1234 tres

978 1256 993 1276 e
1011 1248 1174 1284 primatibus
1184 1249 1294 1285 Cypriis
1308 1250 1463 1285 indigenas,
1480 1250 1652 1287 Phangumes
1667 1253 1765 1284 dictos.

979 1302 1041 1321 cum
1060 1294 1179 1330 quodam
1194 1294 1350 1322 Casariano
1365 1295 1496 1330 prudenti
1511 1300 1537 1323 et
1554 1297 1629 1324 claro
1643 1296 1767 1324 scribens

980 1340 1016 1373 ci,
1037 1340 1075 1367 uti
1089 1339 1206 1375 Cyprios
1229 1340 1256 1367 in
1285 1339 1364 1375 Syria
1388 1346 1499 1375 agentes
1515 1340 1547 1367 ad
1568 1344 1668 1368 terram
1690 1349 1767 1368 suam

979 1384 1142 1411 dimitteret.
1164 1383 1197 1411 Et
1215 1391 1419 1412 amermunmes
1443 1384 1569 1418 petitioni
1595 1385 1769 1419 imperatoris

981 1430 1155 1458 satisfaciens
1180 1437 1229 1466 per
1252 1435 1336 1457 totam
1359 1429 1467 1466 Syriam
1496 1431 1588 1459 claros
1615 1430 1769 1460 Saracenos

981 1474 1066 1505 misit,
1087 1474 1134 1510 qui
1152 1473 1269 1509 Cyprios
1282 1480 1380 1501 omnes
1399 1474 1520 1509 undique
1540 1479 1652 1503 coactos
1669 1475 1696 1503 in
1714 1480 1768 1503 ter-

981 1528 1039 1548 ram
1058 1527 1136 1548 suam
1160 1520 1289 1555 trajicere
1308 1524 1450 1548 curarent.
1480 1519 1613 1548 Praeterea
1637 1520 1768 1548 Caesaria-

981 1573 1045 1593 num
1065 1572 1176 1600 quoque
1197 1565 1347 1600 imperator
1361 1565 1436 1592 misit
1456 1565 1489 1592 ad
1512 1565 1704 1601 trajiciendum
1720 1575 1769 1595 eos

981 1611 1029 1647 qui
1046 1612 1202 1639 habitarent
1215 1611 1258 1639 vel
1275 1611 1301 1638 in
1323 1611 1470 1643 Romania,
1487 1612 1528 1639 vel
1540 1611 1644 1647 Cyzici,
1659 1613 1700 1640 vel
1728 1613 1769 1640 in-

982 1661 1024 1685 ter
1041 1657 1255 1693 Cibyrrhazotas,
1272 1657 1315 1684 vel
1332 1657 1360 1684 in
1377 1656 1547 1690 Thrace-sio;
1567 1661 1650 1693 atque
1665 1659 1702 1686 ita
1719 1658 1769 1686 ha-

983 1702 1065 1730 bitari
1084 1702 1182 1729 iterum
1200 1701 1291 1730 insula
1311 1706 1402 1737 coepta
1418 1707 1471 1730 est.

952 1751 1092 1786 Ῥωμανίᾳ
1119 1750 1295 1786 οἰκήσαντας,
1320 1750 1404 1786 ῆγουν
1419 1750 1447 1777 ἔν
1464 1759 1493 1777 τε
1527 1751 1560 1786 τῇ
1577 1750 1688 1786 Κυζίκῳ
1723 1752 1771 1778 καὶ

138 1799 179 1835 τῷ
201 1799 432 1836 Κιόυρῥαιωτῶν,
446 1800 493 1827 καὶ
518 1799 557 1835 τῷ
582 1800 743 1836 Θρᾳκησίῳ,
773 1801 820 1827 καὶ
840 1798 1103 1835 ἐνῳκίσθηὴνῆσος.

420 1857 545 1884 ΚΕΦΔΛ.
567 1856 654 1884 Mll’.‘

137 1915 307 1950 Κεφάλαιον
320 1914 366 1942 λθ¹
378 1915 433 1947 τῆς
448 1915 534 1948 ἁγίας
547 1915 635 1948 ἕκτης
647 1916 792 1946 συνόδου.
823 1915 877 1949 τῆς
895 1916 931 1942 ἐν

173 1951 214 1982 τῷ
228 1951 366 1984 Τρούλλῳ
380 1950 432 1976 τοῦ
445 1950 577 1984 μεγάλου
592 1952 739 1978 «adat/0v
754 1951 928 1985 γενομένης.

175 2007 229 2035 Τοῦ
246 2007 362 2042 ἀδελφοῦ
387 2007 433 2034 καὶ
459 2007 670 2043 συλλειτουργοῦ
695 2009 774 2043 ἡμῶν
805 2008 927 2035 Ἰωάννου

139 2056 186 2082 τοῦ
197 2056 247 2091 τῆς
264 2056 389 2091 Κυπρίου
404 2056 488 2090 νήσου
515 2056 659 2091 προέδρου,
685 2057 743 2092 ἅμα
763 2057 804 2092 τῷ
834 2057 928 2092 οἰκείῳ

139 2100 197 2135 λαῷ
211 2101 257 2127 ἐπὶ
274 2100 323 2135 τὴν
348 2099 520 2127 Ἐλίσπονδον
542 2100 580 2135 (5)
597 2100 743 2136 ἐπαρχίαν,
755 2101 799 2128 διά
824 2109 853 2127 τε
879 2101 928 2132 τὰς

142 2145 316 2182 βαρϐαρικὰς
348 2146 462 2181 ἐφόδους
492 2146 543 2180 (6),
567 2146 612 2173 διά
639 2155 669 2172 τε
694 2147 724 2172 τὸ
754 2147 801 2182 τῆς
824 2147 934 2181 sema;

140 2191 356 2226 ὲλευθερωθῆναι
367 2191 500 2223 δουλείας,
510 2192 556 2218 καὶ
568 2191 695 2227 καθαρῶς
709 2193 765 2224 τοῖς
782 2193 933 2228 σκήπτροις

140 2237 188 2264 τοῦ
203 2238 474 2273 Χριστιανικωτάτου
490 2237 610 2273 κράτους
624 2239 806 2274 ὑποταγῆναι,
819 2239 868 2274 τῆς
890 2239 931 2265 εί-

144 2283 264 2318 ρημένης
283 2283 503 2317 μεταναστάντος
518 2283 612 2318 νήσου,
627 2283 740 2319 προνοίᾳ
766 2285 814 2311 τοῦ
837 2284 933 2320 φιλαν-

144 2327 256 2363 ορώπου
272 2328 352 2360 Θεοῦ,
368 2330 414 2355 καὶ
431 2328 524 2364 μόχθῳ
538 2329 586 2356 τοῦ
602 2329 776 2365 φιλοχρίστου
791 2330 839 2357 καὶ
853 2330 932 2357 εὐσε-

143 2374 207 2405 ϐοῦς
229 2376 306 2410 ὴμῶν
324 2375 455 2411 βασιλέως
470 2383 477 2390 '
509 2375 678 2411 συνορῶμεν,
703 2375 774 2403 ὥστε
791 2376 932 2403 ἀκαινοτό-

144 2429 216 2456 μητα
226 2421 439 2456 διαφυλαχθῆναι
451 2420 533 2457 (7)τά
557 2421 633 2457 παρὰ
660 2421 715 2448 τῶν
732 2422 761 2448 ἐν
781 2421 885 2456 Ἐφέσῳ
903 2422 934 2448 τὺ

143 2466 276 2501 πρότερον
292 2467 473 2494 συνελθόντων
486 2466 625 2501 θεοφόρων
637 2466 768 2501 Πατέρων
783 2465 823 2501 τῷ
847 2466 934 2502 θρόνῳ

1253 1855 1379 1888 CAPUT,
1394 1855 1510 1883 XLVIII.

984 1914 1069 1948 Caput
1086 1922 1169 1941 xxxtx
1184 1918 1284 1941 sancta:
1300 1912 1510 1951 sexttuASgnodi,
1527 1915 1553 1941 in
1573 1914 1664 1942 Trulla
1680 1918 1770 1951 magni

1266 1949 1364 1983 palatii
1380 1948 1488 1976 habtur.

1017 2004 1085 2031 Cum
1113 2004 1197 2031 frater
1219 2008 1247 2031 et
1262 2004 1451 2032 comminister
1468 2009 1562 2031 noster
1578 2004 1709 2038 Joannes,
1729 2006 1771 2033 in-

982 2052 1049 2079 su|;c
1065 2051 1147 2086 Cypri
1162 2051 1272 2086 praesul,
1285 2059 1338 2078 una
1354 2058 1416 2078 cum
1432 2052 1534 2086 populo
1547 2060 1608 2085 suo,
1621 2057 1648 2080 et
1661 2060 1772 2088 propter

983 2097 1165 2124 Barbarorum
1190 2096 1376 2128 incursiones,
1392 2101 1420 2124 et
1436 2101 1465 2124 ut
1485 2104 1500 2124 a
1521 2099 1666 2133 gentilium
1683 2101 1772 2127 servi-

986 2146 1044 2170 tute
1070 2142 1244 2174 liberaretur,
1269 2149 1302 2169 ac
1327 2142 1377 2169 soli
1403 2142 1636 2172 Christianissimi
1664 2145 1771 2181 imperii

984 2194 1095 2225 sceptro
1108 2189 1303 2224 subjiceretur.
1321 2196 1337 2216 e
1351 2189 1425 2217 dicta
1441 2189 1529 2218 insula
1543 2190 1570 2218 in
1587 2191 1773 2227 Hellesponti-

984 2242 1044 2262 cam
1073 2234 1244 2270 provinciam
1275 2235 1452 2270 migraverit;
1479 2235 1589 2272 benigni
1618 2236 1663 2265 Dei
1680 2239 1771 2272 provi-

984 2281 1088 2313 dentia,
1103 2286 1130 2309 et
1146 2281 1240 2310 labore
1252 2281 1394 2310 Christum
1411 2283 1531 2310 amantis
1544 2291 1576 2311 ac
1595 2285 1632 2319 pii
1653 2284 1773 2320 impera-

987 2327 1057 2355 toris
1079 2327 1178 2359 nostri,
1202 2327 1362 2360 statuimus,
1389 2332 1418 2356 ut
1431 2336 1492 2364 quae
1515 2329 1580 2356 olim
1609 2337 1624 2356 a
1641 2329 1772 2358 Patribus

987 2375 1082 2403 divino
1098 2375 1210 2402 numine
1225 2375 1324 2403 alllatis
1336 2375 1479 2410 Ephesinaa
1492 2376 1603 2412 synodi,
1621 2377 1671 2404 viri
1689 2385 1771 2413 supra

989 2421 1088 2456 scripti
1106 2421 1164 2448 sedi
1182 2421 1282 2449 tributa
1305 2427 1370 2449 sunt
1391 2421 1544 2458 privilegia,
1562 2423 1596 2450 ab
1608 2423 1682 2451 omni
1696 2423 1773 2452 iuno-

988 2468 1100 2494 vatione
1117 2467 1201 2495 libera
1215 2471 1416 2496 conserventur
1434 2476 1442 2494 :
1457 2471 1541 2503 utque
1553 2476 1623 2496 nova
1638 2468 1772 2497 Justinia-

724 2535 877 2564 ANSELMI
895 2535 1057 2565 B.\NDURII
1072 2536 1189 2565 NOTAE.

179 2595 218 2630 (εὶ)
238 2593 301 2622 Hmc
318 2599 345 2622 et
358 2595 498 2629 sequentia
526 2602 668 2630 perperam
689 2593 826 2621 Meursius
849 2594 928 2621 inter-

984 2629 990 2632 _
1022 2593 1165 2632 (5)ASicin
1181 2601 1249 2632 mss.
1269 2593 1403 2632 Meursius
1416 2594 1544 2632 emendat
1569 2595 1617 2622 ἐπὶ
1635 2596 1683 2632 τὴν
1714 2597 1774 2624 Ἐλ-

146 2635 280 2666 pretatur.

181 2666 219 2701 (3)
239 2666 316 2698 Quod
333 2665 433 2692 scribit
447 2665 491 2701 hic
506 2663 762 2701 Porphyrogenitus
782 2664 816 2691 de
840 2664 930 2701 patria

143 2699 291 2728 JiiSiiItiaini
317 2700 496 2732 Rhiuotmeti,
508 2707 600 2732 nemo,
615 2699 786 2734 quodrsciam
796 2707 828 2726 ex
843 2699 932 2734 scrip-

145 2737 251 2763 mribus
267 2737 378 2770 prodit:
404 2740 479 2762 sexta
504 2740 595 2762 autem
610 2733 735 2770 synodus
754 2739 851 2770 contra
876 2733 932 2762 Mo-

147 2769 294 2799 nothelitas
309 2771 492 2799 Constantino
509 2775 587 2805 patre
604 2770 694 2797 adhuc
713 2769 821 2796 vivente
839 2769 932 2797 habita

145 2806 205 2834 fuit.

183 2841 219 2875 (4)
239 2840 284 2868 Sic
306 2849 338 2869 ex
365 2841 445 2868 titulo
462 2840 601 2876 sequentis
617 2839 716 2875 capitis
741 2839 930 2876 emendamus.

147 2874 292 2911 Perperam
309 2877 352 2903 hie
366 2877 465 2911 legitur
481 2874 508 2904 in
520 2876 611 2909 editis,
630 2874 658 2903 et
675 2876 701 2902 in
724 2882 776 2902 ms.
795 2874 887 2906 καθὼς
902 2875 931 2901 ὲν

146 2911 184 2948 τῷ
200 2910 237 2938 το¹
253 2910 402 2947 κεφαλαίῳ,
416 2916 470 2939 etc.

983 2629 1148 2666 λησπόντιον
1159 2637 1167 2645 ·
1184 2634 1211 2656 et
1228 2630 1263 2655 ita
1282 2629 1387 2666 legitur
1397 2629 1468 2666 apud
1485 2629 1668 2666 Beveregiunr
1685 2633 1712 2659 in
1726 2642 1774 2660 eo-

985 2664 1047 2691 dem
1076 2671 1201 2692 cauone:
1228 2668 1256 2692 et
1280 2665 1350 2691 haue
1371 2664 1519 2699 genuinam
1537 2664 1682 2694 lectionem
1711 2675 1773 2696 esse

1004 2704 1062 2726 uto.

985 2707 1121 2772 puigjsic
1134 2735 1160 2761 in
1175 2733 1269 2772 eodem
1281 2741 1402 2772 c_nnone_;
1417 2735 1491 2772 apud
1504 2734 1770 2772 Porphyrogenitum

988 2777 1052 2797 vero
1065 2769 1109 2796 διά
1125 2778 1154 2796 τε
1167 2768 1214 2796 τοῦ
1235 2768 1403 2804 βαρϐαρικοῦ
1415 2768 1537 2804 ἐφόδους.

1025 2805 1062 2846 t7)
1080 2805 1225 2846 Perperam
1255 2806 1399 2846 |o-,;itur_in
1416 2806 1507 2846 editis,
1537 2806 1692 2846 ὁιαχθῆναιε
1716 2808 1771 2846 _sed

986 2841 1091 2877 optime
1110 2839 1244 2868 Meursius
1265 2841 1401 2868 emendat.
1418 2841 1446 2868 In
1461 2849 1566 2869 canone
1583 2839 1691 2877 legitur,
1714 2843 1771 2869 8m-

985 2875 1149 2911 τηρηθῆναι.
