1938 3070
141 155 194 186 369

673 148 723 178 DE
741 141 1057 177 ADMINISTRANDO
1077 139 1247 171 IMPERIO.

1708 132 1762 163 370

142 211 243 245 γνῶσις
257 209 336 236 πλέον
355 209 410 235 τῶν
425 207 512 235 ἄλλων
528 207 556 233 ἐν
568 206 609 232 σοὶ
623 205 800 240 διαμένουσα,
830 202 922 229 ποθει-
938 233 939 237 η

994 203 1031 226 at.
1054 197 1201 225 Sciendum
1225 186 1316 230 itaque
1332 192 1383 222 sub
1407 190 1586 233 Constantino
1606 188 1766 216 Constantii

143 256 253 290 νότιρον
268 253 392 289 ἀναδείξῃ
409 253 476 288 πρὸς
489 253 520 279 τὸ
535 253 664 286 ὑπήκοον.
695 250 791 277 Ἰστέον
817 249 857 275 ὃτι
880 247 926 274 ἐπὶ

142 301 347 328 Κωνσταντίνου
374 299 433 326 υίοῦ
454 298 642 326 Κωνσταντίου
660 297 707 324 τοῦ
724 296 771 323 καὶ
790 294 927 329 Πωγωνάο

142 357 189 374 του
212 345 390 380 καλουμένου,
415 344 577 375 Καλλίνικός
595 352 638 374 τις
660 342 713 368 ἀπὸ
730 339 928 370 Ἡλιουπόλεως

148 391 297 426 Ῥωμαίοις
316 389 494 426 προσφυγὼν,
508 389 539 415 τὺ
563 388 607 415 διὰ
630 387 684 414 τῶν
702 386 827 420 σιφώνων
846 385 927 418 ἐκφε-

144 438 257 473 ρόμενον
265 436 321 472 πῦρ
335 436 418 472 ὑγρὸν
430 435 485 470 (Η)
502 433 697 464 κατεσκεύασε,
723 432 757 458 δι’
768 428 800 458 οῦ
819 430 865 456 καὶ
882 429 928 456 τὸν

143 483 197 509 τῶν
208 481 374 517 Σαρακηνῶν
388 481 480 508 στόλον
492 482 520 507 ὲν
530 479 643 514 Κυζίκῳ
657 478 785 513 Ῥωμαῖοι
795 475 929 510 καταφλέ-

144 528 249 560 ξαντες,
264 527 313 562 τὴν
328 527 406 562 νίκην
420 527 531 562 ἦραντο.

439 572 562 599 ΚΕΦΔΛ.
579 571 646 598 MG'.

152 630 183 656 '0
199 629 293 663 ζητῶν
308 628 388 661 ὅπως
414 627 452 662 τῇ
473 627 532 654 τῶν
559 625 681 663 Πατρῶν
690 625 868 663 -Ὲκκλησίᾳ
889 625 931 663 Δοὶ

181 659 307 692 Σκξιάϐοι
329 659 487 690 δοὺλεῦἐιν
519 661 570 688 καὶ
593 659 771 689 ὑποκεῖσθαι
804 659 931 694 ἐτάχθη-

179 708 251 731 σαν,
264 699 298 726 ἐκ
308 699 364 732 τῆς
377 698 534 732 παρούσης
546 695 723 731 μανθανέτω
737 694 864 730 γραφῆς.

182 756 341 790 Νικηφόρος
355 754 390 781 τὰ
409 754 463 780 τῶν
489 752 632 788 Ῥωμαίων
663 752 791 786 σκῆπτρα
810 751 931 785 ἐκράτει,

147 800 195 826 καὶ
205 797 278 826 οὗτοι
297 799 325 825 ὲν
334 798 373 833 τῷ
386 798 484 833 θέματι
508 797 583 828 lives;
597 796 800 831 Πελοποννήσου
813 795 934 822 ἀπόστα-

149 854 192 871 σιν
209 845 396 879 ὲννοήσαντες,
413 843 522 878 πρῶτον
537 843 586 878 μὲν
607 843 658 874 τὰς
675 842 728 868 τῶν
750 842 878 876 γειτόνων
894 843 933 868 oi-

981 245 1036 273 filio
1063 245 1203 279 Pogonato
1219 222 1382 269 Call-inicum
1398 236 1543 273 quemdam
1562 222 1596 263 ab
1627 235 1694 262 urbe
1711 235 1763 261 lle-

980 290 1117 324 liopoleos
1147 287 1179 314 ad
1204 286 1343 313 Romanos
1373 283 1539 319 profugisse,
1567 281 1613 316 qui
1638 279 1763 307 Grrecuni

980 336 1069 372 ignem
1089 332 1252 370 siphonibus
1268 330 1354 358 emitti
1369 329 1479 356 solitum
1495 326 1618 362 paravit:
1635 333 1689 361 quo
1703 325 1765 360 qni—

980 381 1041 408 dem
1067 381 1131 416 igne
1161 379 1271 405 incensa
1296 374 1366 410 apud
1396 373 1526 409 Cyzicum
1558 372 1768 400 Saracenorum,

980 428 1080 457 classe,
1095 424 1238 452 victoriam
1255 421 1371 450 Romani
1387 423 1572 455 rcportarunt.

1267 558 1381 588 CAPUT
1398 558 1493 586 XLIX.

983 620 1035 654 Qui
1049 620 1116 647 scire
1133 619 1209 648 volet.
1223 616 1352 654 quomodo
1368 614 1635 654 PatrensiHEcclesiw
1654 613 1767 648 subiecti

1170 650 1269 690 fuerint
1284 652 1384 682 Sclavi.
1400 652 1462 677 hinc
1478 650 1575 676 discut.

1022 746 1135 774 Romani
1150 745 1256 780 imperii
1273 748 1379 779 sceptra
1399 742 1570 777 Nicepliorus
1582 739 1712 770 tenebat;
1742 744 1770 766 et

985 792 1012 820 lii
1029 793 1056 820 in
1072 791 1251 826 Peloponnesi
1270 790 1390 816 themate
1406 795 1468 815 cum
1481 789 1573 814 essent
1586 784 1770 813 defectionem

986 838 1152 873 cogitantes,
1180 836 1270 871 primo
1299 834 1410 869 quidem
1436 833 1588 860 vicinorum
1614 830 1772 858 Gra'corum

149 891 211 921 κίας
239 876 293 916 τῶν
322 876 446 924 Γραικῶν
477 876 650 924 ἐξεπόρθουν,
673 888 721 914 καὶ
749 888 788 919 είς
808 887 935 922 ἁρπαγὴν

994 884 1060 911 edes
1082 882 1240 914 vastabant,
1256 880 1409 916 praedaque
1433 885 1465 905 ac
1482 876 1630 912 direptioni
1651 882 1772 910 expone-

148 936 268 963 ἐτίθεντο
285 935 399 962 ’ἔπειτα
426 935 454 961 δὲ
479 935 526 961 καὶ
544 935 613 961 κατὰ
632 934 686 961 τῶν
713 934 862 970 οἰκητόρων
888 934 937 967 τῆς

148 982 202 1008 τῶν
222 981 337 1016 Πατρῶν
351 982 521 1016 ὁρμήσαντες
535 980 649 1013 πόλεως,
667 979 702 1006 τὰ
716 980 769 1014 πρὸ
795 979 843 1006 τοῦ
881 979 937 1006 τεί-

149 1036 214 1063 χους
225 1027 304 1054 πεδία
319 1027 545 1061 κατεστρέφοντο,
563 1026 609 1052 καὶ
634 1025 737 1060 ταύτην
749 1024 935 1061 ἐπολιόρκουν,

151 1072 212 1107 μεθ’
225 1072 329 1099 ἑαυτῶν
343 1072 451 1107 ἔχοντες
459 1071 507 1099 καὶ
524 1071 671 1106 Ἀφρικοὺς
685 1070 732 1097 καὶ
747 1070 936 1106 Σαρακηνούς.

155 1118 233 1145 Ἐπεῖ
246 1118 275 1145 δὲ
289 1118 383 1153 χρόνος
397 1118 488 1150 ίκανδς
506 1117 608 1152 διῆλθε,
620 1118 667 1144 καὶ
677 1118 774 1150 σπάνις
785 1117 840 1144 τῶν
852 1118 938 1151 ἀναγ-

151 1165 237 1191 καίων
260 1166 317 1196 τοῖς
341 1164 446 1190 ἔνδοθεν
469 1163 516 1190 τοῦ
542 1163 647 1198 τείχους
678 1163 801 1197 γίνεσθαι
826 1163 937 1198 ἤρξατο,

151 1210 247 1242 ὕδατός
270 1218 299 1236 τε
318 1209 364 1235 καὶ
382 1209 501 1244 τροφῶν,
513 1208 611 1244 βουλὴν
626 1208 799 1244 βουλεύονται
811 1210 851 1240 είς
871 1217 940 1244 συμ-

151 1255 277 1286 ϐιϐάσεις
292 1263 322 1281 τε
340 1254 438 1287 ἐλθεῖν,
453 1254 501 1282 καὶ
514 1254 610 1288 λόγους
622 1254 759 1286 ἀπαθείας
775 1254 938 1286 λαϐεῖν,καὶ

151 1300 302 1335 τηνικαῦτα
318 1300 368 1335 τὴν
387 1299 464 1326 πόλιν
486 1299 618 1332 ὑποτάξαι
630 1301 732 1332 αὐτοῖς.
763 1300 839 1327 Ἐπεὶ
865 1297 912 1327 οὖν
927 1301 941 1327 ό

151 1344 303 1380 τηνικαῦτα
319 1344 471 1379 στρατηγὸς
486 1343 591 1379 ὑπῆρχε
606 1343 674 1379 πρὸς
700 1343 750 1378 τὴν
778 1342 867 1378 ἄκραν
894 1343 940 1369 τοῦ

152 1389 270 1424 θέματος
280 1389 308 1415 ἐν
323 1389 433 1424 κάστρῳ
447 1387 594 1423 Κορίνθου,
610 1387 658 1414 καὶ
677 1388 825 1423 προσδοκία
840 1385 874 1423 ἦν
894 1387 941 1414 τοῦ

154 1435 356 1470 παραγενέσθαι
370 1435 462 1469 αὐτὸν,
479 1435 527 1462 καὶ
554 1433 781 1470 καταπολεμῆσαι
804 1433 835 1460 τδ
866 1433 942 1466 ἔθνος

153 1481 207 1508 τῶν
224 1481 391 1513 Σκλαὸινῶν,
404 1481 442 1512 ὡς
466 1480 514 1507 καὶ
526 1479 622 1516 πρώην
633 1479 873 1515 καταμηνυθέντος
892 1479 942 1506 αὒ-

155 1527 202 1554 τοῦ
223 1527 287 1563 περὶ
304 1527 354 1562 τῆς
373 1526 549 1562 καταδρομῆς
564 1526 654 1553 αὐτῶν
669 1527 746 1561 παρὰ
772 1525 827 1552 τῶν
844 1526 940 1560 ἀρχόν-

987 929 1072 961 bant;
1092 928 1190 955 deinde
1213 927 1296 954 etiam
1326 927 1352 953 in
1369 925 1517 952 Patrenses
1534 923 1608 951 cives
1625 923 1771 951 irruentes,

989 975 1089 1010 praedia
1104 981 1200 1001 eorum
1224 972 1310 1000 muris
1327 971 1452 1007 proxima
1468 969 1639 1000 evertebant,
1662 967 1774 995 urbem-

990 1029 1044 1056 que
1061 1020 1207 1048 obsidione
1232 1017 1389 1052 cingehanl,
1410 1015 1496 1051 adjuti
1514 1015 1548 1041 ab
1565 1013 1638 1041 Afris
1652 1017 1678 1041 et
1692 1011 1775 1039 Sara-

987 1065 1074 1093 cenis.
1109 1064 1192 1099 ldque
1222 1070 1286 1090 eum
1320 1060 1481 1096 aliquandiu
1506 1060 1644 1091 durasset,
1663 1058 1777 1093 jamque

987 1118 1079 1138 rerum
1110 1109 1339 1139 necessariarum,
1360 1106 1477 1133 maxime
1507 1108 1621 1140 aquzeet
1650 1104 1773 1131 ciborum

988 1156 1102 1191 penuria
1129 1153 1283 1190 oppidanos
1306 1159 1434 1188 premere
1464 1151 1604 1186 cmpisset,
1630 1148 1779 1177 consilium

990 1202 1085 1229 ineunt
1102 1200 1135 1228 de
1150 1198 1325 1235 paciscendi),
1345 1202 1372 1225 et
1390 1196 1569 1224 indemnitate
1582 1199 1696 1231 accepta
1708 1195 1776 1222 urbe

991 1247 1046 1274 illis
1060 1245 1243 1280 subjicienda.
1259 1243 1327 1271 Cum
1346 1248 1436 1270 autem
1450 1242 1509 1277 ejus
1523 1241 1655 1277 temporis
1675 1245 1776 1276 prauor-

991 1291 1102 1319 essetin
1117 1297 1180 1317 arce
1195 1288 1325 1316 thematis
1337 1288 1364 1314 in
1381 1287 1449 1314 urbe
1461 1286 1605 1318 Corintho,
1618 1289 1776 1320 sperarent-

992 1345 1045 1373 que
1062 1343 1124 1364 eum
1138 1334 1309 1366 adfuturum,
1326 1337 1353 1360 et
1367 1332 1521 1360 Sclavinios
1544 1335 1777 1366 oppugnaturum,

992 1383 1056 1418 quia
1068 1382 1173 1409 scilicet
1199 1380 1279 1415 prius
1307 1379 1365 1414 ipse
1390 1385 1405 1405 ε
1431 1377 1601 1412 principibus
1623 1375 1778 1418 admonitus

994 1416 1083 1456 fuerat
1100 1427 1135 1454 de
1148 1427 1270 1462 ipsorum
1287 1425 1464 1455 excursione,
1481 1423 1569 1449 visum
1591 1421 1642 1448 fuit
1665 1416 1780 1455 oppida-

994 1475 1036 1502 nis
1060 1472 1260 1509 speculatorem
1286 1470 1362 1505 prius
1389 1470 1497 1496 mittere
1524 1468 1558 1496 ad
1582 1467 1779 1495 Orientaliores

995 1518 1128 1546 montium
1146 1520 1239 1552 partes
1266 1515 1475 1550 exploraturum
1493 1521 1527 1541 an
1541 1517 1640 1549 praetor
1658 1513 1779 1544 adesset,

154 1582 219 1606 των,
233 1560 428 1600 ἔδουλεῦσαντο
444 1560 469 1599 oi
479 1560 531 1599 τοῦ
546 1573 664 1606 κάστρου
676 1560 828 1607 οἰκήτορες,
841 1571 939 1607 πρότε-

996 1564 1161 1599 speculatori
1178 1563 1286 1598 signum
1304 1562 1419 1593 dantes;
1441 1564 1481 1592 ut,
1494 1561 1516 1588 si
1538 1560 1692 1587 venientem
1709 1565 1780 1593 prae-

156 1628 202 1655 pov
218 1618 405 1654 ἀποσταλῆναι
423 1618 524 1645 σκοπὺν
538 1618 579 1650 είς
601 1617 635 1644 τὰ
646 1615 866 1652 ἀνατολικώτερα
887 1617 941 1643 τῶν

156 1667 254 1702 ὀρέων,
284 1666 331 1693 καὶ
345 1665 551 1693 ἁποσκοπεῦσαι
564 1664 610 1692 καὶ
621 1664 722 1698 γνῶναι
734 1665 758 1690 εἰ
779 1664 833 1697 ἄρα
849 1671 941 1698 παρα-

156 1712 261 1745 γίνεται
284 1712 299 1738 ό
317 1710 480 1746 στρατηγὸς,
504 1710 741 1746 παραγγείλαντες
761 1709 808 1735 καὶ
831 1709 943 1744 σημεῖον

156 1757 303 1789 δεδωκότες
323 1756 361 1792 τῷ
388 1756 601 1791 ἁπεσταλμένῳ,
619 1757 664 1783 ἵνα
681 1755 768 1791 εἰμὲν
791 1755 840 1782 ίδοι
863 1755 943 1790 ἐρχό-

158 1811 239 1837 μενον
253 1802 299 1828 τὸν
318 1801 471 1838 στρατηγὸν
485 1801 514 1827 ἐν
533 1802 566 1836 τῇ
589 1800 749 1835 ὑποστροφῇ
765 1798 850 1826 αὐτοῦ
865 1798 944 1834 κλίνῃ

155 1848 185 1874 τὸ
205 1848 369 1883 φλάμουλον,
396 1847 469 1878 ὅπως
483 1846 568 1880 γνῶσι
582 1846 631 1880 τὴν
654 1845 760 1872 ἐλευσιν
780 1844 827 1870 τοῦ
858 1852 943 1880 στρασ

157 1891 243 1926 τηγοῦ
262 1900 269 1908 ·
285 1892 310 1918 ει
326 1892 354 1918 δὲ
371 1892 407 1926 μή
423 1900 466 1925 γε,
483 1891 607 1926 κατέχειν
633 1890 712 1925 ὀρθὸν
728 1889 759 1916 τδ
774 1889 942 1924 φλάμουλον,

157 1936 224 1972 πρὸς
240 1937 271 1963 τὸ
286 1936 324 1972 μὴ
349 1936 420 1971 ἔχειν
446 1936 543 1967 αὐτοὺς
574 1934 736 1970 προσδοκίαν
767 1934 815 1961 τοῦ
851 1933 945 1960 λοιποῦ

158 1982 357 2016 παραγίνεσθαι
368 1982 414 2008 τδν
429 1981 581 2017 στρατηγόν
595 1980 660 2015 (1‘2).
689 1979 742 2006 Τοῦ
771 1977 818 2007 οὖν
843 1980 945 2007 σκοποῦ

159 2028 335 2061 ἀπελθόντος,
373 2027 419 2054 καὶ
449 2026 581 2061 μαθόντος
610 2026 647 2060 μὴ
670 2025 870 2061 παραγίνεσθαι
899 2025 947 2052 τὸν

161 2072 326 2109 στρατηγὸν,
345 2073 517 2108 ὑπέστρεφεν
545 2071 624 2106 όρθὺν
639 2070 764 2106 κατέχων
778 2071 808 2097 τὸ
825 2071 947 2106 φλάμου-

159 2119 218 2145 λον·
234 2119 281 2146 καὶ
292 2119 324 2155 δὴ
343 2118 390 2145 τοῦ
407 2117 475 2145 Θεοῦ
490 2117 686 2152 εὐδοκήσαντος
712 2116 758 2143 διὰ
787 2126 807 2143 π
817 2117 947 2152 ρεσσειῶν

159 2165 206 2192 τοῦ
225 2165 304 2199 ἁγίου
334 2164 486 2192 ἀποστόλου
507 2163 645 2198 Ἀνδρέου,
663 2162 710 2188 τοῦ
729 2162 813 2189 ἵππου
837 2162 947 2196 ὀλισθή-

161 2219 266 2243 σαντος,
280 2210 328 2237 καὶ
344 2210 392 2237 τοῦ
420 2209 554 2236 ἐπιϐατου
584 2207 824 2239 ὑποπεπτωκότος,
859 2207 948 2234 ἔκλινε

381 2236 429 2282 καὶ
440 2255 465 2282 οι
491 2254 538 2281 τοῦ
555 2254 674 2288 κάστρου
693 2236 833 2288 οίκήτορἐξ
848 2253 948 2285 ἰδόντες
965 2236 987 2263 D

160 2302 190 2329 τὸ
214 2301 325 2336 γεγονὸς
344 2301 467 2336 σημεῖον,
485 2300 533 2326 καὶ⁵
542 2299 705 2334 νομίσαντες
716 2297 746 2330 ἐξ
759 2297 881 2329 ἅπαντος
896 2306 948 2325 πα-

162 2346 322 2383 ραγίνεσθαι
336 2347 382 2373 τὸν
397 2345 562 2381 στρατηγὸν,
576 2344 686 2379 ἤνοιξαν
708 2343 758 2375 τὰς
786 2343 875 2375 πύλας
899 2344 947 2370 τοῦ

163 2395 293 2429 κὰστρου,
307 2393 354 2419 καὶ
379 2391 490 2427 ἐξῆλθον
504 2391 651 2426 θαρσαλέοι
685 2390 756 2416 κατὰ
781 2389 835 2415 τῶν
861 2389 948 2416 Σκλα·

163 2438 261 2472 ϐηνῶν,
278 2437 325 2464 καὶ
338 2435 408 2464 εἶδον
420 2436 465 2463 τὸν
481 2435 674 2471 πρωτόκλητον
689 2434 837 2462 ἀπόστολον
848 2434 948 2469 ὀφθαλ-

165 2482 292 2517 μοφανῶς
321 2481 398 2516 ἵππῳ
415 2481 627 2516 ἐπικαθήμενον,
645 2481 692 2507 καὶ
711 2480 803 2516 δρόμῳ
832 2481 946 2516 ἐπερχόι

167 2535 246 2562 μενον
260 2527 331 2553 κατὰ
345 2527 399 2554 τῶν
415 2526 565 2561 Βαρὸἀρων
576 2534 583 2541 ·
598 2528 645 2553 καὶ
663 2526 695 2561 δὴ
711 2525 814 2560 τρέψας
835 2525 947 2556 τούτους

166 2571 235 2598 κατὰ
246 2571 357 2606 κράτος,
373 2571 420 2597 καὶ
435 2570 642 2605 διασκορπίσας,
656 2569 705 2596 καὶ
721 2568 862 2600 ἀπελάσας
878 2568 946 2604 πόρ-

167 2618 206 2651 ρω
219 2616 267 2643 τοῦ
284 2617 401 2651 κάπρου
415 2615 536 2649 φυγάδας
553 2614 690 2649 ἐποίησεν.
705 2614 737 2640 Οί
758 2613 786 2640 δὲ
816 2613 948 2648 βάρδαροι

168 2663 270 2694 ἰδόντες
284 2662 331 2689 καὶ
347 2661 567 2694 καταπλαγέντες
591 2660 722 2694 ἔκθαμϐοι
744 2659 886 2693 γεγονότες
903 2660 949 2686 ἐπὶ

993 1617 1079 1639 torem
1107 1611 1223 1643 videret,
1253 1610 1280 1636 in
1309 1608 1400 1636 reditu
1431 1607 1600 1634 flammulam
1624 1605 1780 1637 inclinaret,

993 1656 1065 1684 unde
1095 1656 1246 1683 adventum
1268 1653 1329 1689 ejus
1353 1656 1572 1689 cognoscerent:
1603 1651 1646 1679 sin
1678 1654 1779 1682 autemI

994 1707 1098 1730 rectum
1114 1705 1232 1732 teneret.
1250 1708 1284 1728 ne
1298 1700 1332 1728 de
1343 1704 1442 1727 caetero
1458 1698 1618 1726 adfuturum
1639 1705 1700 1725 eum
1717 1704 1779 1731 spe-

993 1751 1096 1775 rarent.
1107 1747 1173 1775 Cum
1183 1746 1275 1781 itaque
1282 1746 1394 1773 abiisset
1402 1745 1565 1780 speculator,
1578 1747 1606 1771 et
1615 1751 1668 1770 non
1685 1742 1782 1770 adesse

993 1798 1138 1829 przetorcm
1154 1793 1328 1828 intelligeret,
1344 1791 1424 1819 rediit
1439 1798 1501 1818 cum
1522 1789 1660 1816 ﬂaininulo
1674 1794 1778 1819 erecto.

995 1840 1049 1867 Deo
1062 1846 1126 1866 vero
1142 1839 1179 1866 ita
1196 1839 1306 1865 volente
1320 1841 1429 1871 propter
1440 1836 1669 1863 intercessionem
1686 1833 1781 1861 Sancti

994 1885 1108 1913 Andreae
1117 1884 1243 1919 apostoli.
1253 1883 1354 1910 accidit
1361 1886 1389 1909 ut
1400 1888 1472 1916 equo
1480 1880 1640 1916 caespitante
1649 1886 1788 1906 excussus

995 1937 1088 1959 vector
1098 1930 1265 1957 flarnmulum
1281 1928 1441 1961 inclinaret;
1451 1927 1525 1961 quod
1536 1926 1659 1953 videntes
1666 1924 1783 1959 oppida-

996 1977 1036 2009 ni,
1049 1977 1132 2004 veluti
1143 1976 1222 2010 signo
1230 1973 1512 2006 dato,exsistimantes
1521 1970 1632 1998 omnino
1639 1975 1783 2005 praetorem

996 2023 1116 2052 venisse.
1131 2021 1209 2056 132
1222 2019 1307 2056 portis
1320 2018 1397 2046 urbis
1409 2017 1510 2052 apertis
1522 2021 1618 2044 contra
1632 2015 1784 2043 Sclavinios

998 2074 1110 2096 strenue
1130 2066 1234 2101 egressi
1243 2069 1316 2096 sunt,
1332 2063 1514 2098 videruntque
1542 2062 1616 2088 clare
1628 2061 1784 2096 apostolum

998 2113 1086 2149 primo
1099 2116 1223 2138 vocatum
1233 2117 1304 2144 equo
1312 2109 1486 2142 insidentem,
1494 2114 1520 2136 et
1528 2108 1554 2135 in
1562 2107 1695 2135 Barbaros
1704 2114 1785 2135 ruen-

998 2163 1064 2189 tem,
1080 2164 1150 2191 qnos
1172 2160 1248 2191 terga
1264 2159 1373 2182 vertere
1388 2161 1420 2181 ac
1435 2154 1578 2189 dispersos
1593 2154 1625 2181 in
1644 2153 1735 2188 fugam
1755 2161 1789 2180 se

1001 2204 1067 2231 dare
1080 2202 1175 2238 procul
1195 2202 1229 2230 ab
1239 2202 1308 2229 urbe
1326 2201 1425 2234 coegit.
1437 2200 1505 2227 Nam
1526 2206 1673 2235 conspecto
1683 2200 1791 2227 invicto

1003 2249 1138 2276 bellatore
1163 2251 1259 2275 contra
1271 2254 1301 2275 se
1316 2247 1451 2279 irruente,
1468 2246 1578 2274 barbari
1594 2246 1712 2281 perculsi
1731 2250 1785 2272 ιςιιιι

999 2296 1152 2324 vehementi
1165 2295 1265 2330 impetu
1274 2294 1470 2329 insuperabilis
1479 2295 1557 2321 ducis
1568 2301 1599 2320 ac
1610 2293 1723 2320 victoris
1733 2293 1788 2327 pri-

1001 2342 1037 2369 mi
1048 2341 1135 2368 vocati
1144 2340 1259 2376 apostoli
1276 2339 1399 2370 Andreae,
1412 2347 1517 2367 necnon
1533 2346 1615 2374 supra
1628 2338 1736 2366 modum
1753 2339 1787 2365 ab

1001 2387 1095 2415 eodem
1111 2386 1248 2422 perterriti
1277 2386 1445 2420 trepidantes
1467 2385 1500 2412 ad
1525 2384 1708 2413 venerandam
1726 2385 1787 2418 ejus

999 2433 1085 2461 eadem
1104 2433 1301 2468 confugerunt.
1319 2432 1424 2459 Praetor
1439 2437 1603 2459 antemeum
1621 2431 1713 2458 triduo
1725 2435 1788 2465 post

1000 2480 1167 2512 advenisset,
1183 2483 1209 2507 et
1226 2478 1342 2514 apostoli
1356 2477 1504 2505 victoriam
1520 2477 1710 2509 intellexisset,
1740 2476 1788 2504 Ni-

1003 2526 1122 2560 ceplioro
1135 2525 1293 2560 imperatori
1312 2523 1479 2559 significavit
1500 2523 1684 2551 incursionem
1712 2523 1788 2550 Scia-

1004 2568 1227 2601 viniorum,item
1245 2567 1436 2602 direptionem,
1450 2568 1617 2602 captivorum
1635 2576 1786 2601 numerum,

1003 2613 1197 2646 vastationem,
1227 2613 1358 2648 praedam,
1386 2616 1413 2640 et
1439 2619 1609 2647 quaecunque
1637 2613 1689 2640 alia
1719 2614 1788 2641 mala

1004 2658 1113 2687 Achaia:
1135 2659 1163 2686 in
1194 2658 1319 2694 partibus
1345 2658 1518 2691 intulissent;
1543 2659 1610 2694 item
1631 2659 1787 2686 diuturnam

756 2729 906 2757 ANSELMI
923 2727 1085 2757 BANDURII
1102 2727 1218 2755 NOTAE.

203 2791 226 2825 (l
236 2791 259 2825 Ι)
275 2790 312 2818 De
324 2790 384 2826 igne
397 2789 491 2826 Grieco
505 2789 625 2824 loquitur
634 2789 716 2826 etiam
731 2795 814 2826 supra
825 2795 886 2826 cap.
915 2787 949 2814 15

168 2823 284 2860 scriptor
308 2823 420 2857 noster;
446 2823 492 2852 scd
516 2823 576 2860 vide
592 2832 652 2857 quae
674 2824 718 2860 ibi
743 2823 945 2860 adnotavimus.

173 2857 236 2889 \‘ide
252 2861 314 2889 item
329 2860 482 2889 Cedrcnum
497 2863 524 2887 ct
547 2858 685 2887 Zonaratn
712 2858 740 2886 in
756 2857 906 2891 I‘ogonalo.

1040 2787 1096 2820 (l2)
1112 2786 1158 2813 Sic
1172 2794 1204 2813 ex
1219 2793 1270 2813 ms.
1292 2786 1319 2813 In
1343 2785 1425 2813 editis
1453 2786 1528 2814 locus
1546 2786 1589 2814 hic
1613 2785 1736 2819 mutilus.
1760 2791 1790 2814 ut

1002 2822 1105 2858 optime
1120 2821 1314 2849 animadvertit
1334 2820 1478 2849 Meursius.
