1938 3070
151 96 205 127 375

642 94 892 126 COXSTANTIXI
910 96 1244 128 PORPIIYROGENITI

1722 96 1775 130 376

153 150 272 178 tirinites
289 154 316 178 et
337 154 438 186 praetor
460 149 561 177 tributa
581 149 635 178 illis
651 151 776 185 graviora
793 151 935 186 imposuit,

992 153 1144 188 στρατεύσῃ
1160 153 1220 179 κατ’
1233 152 1333 184 αὐτῶν,
1352 152 1400 180 καὶ
1417 151 1633 188 καταπολεμήσῃ
1651 153 1697 178 καὶ
1711 153 1777 178 ὑπο⁴

153 195 276 231 Milcngis
293 195 402 230 quidem
419 195 452 222 ad
462 196 601 229 sexaginta
618 197 795 229 nomismata,
812 205 873 232 qua:
887 204 937 224 an-

152 246 196 268 tea
216 241 373 271 solvebant.
390 241 443 267 alia
468 241 620 276 quingenta
646 247 674 269 et
688 242 880 277 quadraginta,
900 242 936 270 ita

153 291 182 313 ut
195 287 354 313 universum
366 286 488 320 ipsorum
506 290 526 313 tt
534 287 640 314 ibutum
656 292 728 315 esset
740 288 936 315 nomismatum

154 336 345 359 sexcentarum
364 341 371 359 :
390 332 506 361 Exeritis
523 341 588 360 vero
605 341 688 368 supra
703 338 823 361 trecenta
835 334 937 361 nomis-

151 382 223 405 mata
241 378 356 413 pristina
380 379 434 406 alia
461 383 595 411 trecenta,
629 384 658 406 ιιι
674 384 767 408 essent
791 384 935 412 sexcenta;

149 431 210 460 qua:
227 425 317 459 exegit
336 433 446 460 quoque.
463 426 534 453 idem
549 425 791 460 Protospatharius
805 426 936 459 Criuites,

149 470 297 506 intulitque
323 471 350 498 in
378 479 486 498 sacrum
514 471 683 498 cubiculum.
710 471 937 507 Protospathario

149 523 242 547 autem
265 519 370 547 Crinite
386 520 413 547 in
427 519 539 548 Grzecizr.
558 519 650 546 thema
673 520 854 554 transposito,
873 527 936 546 eum

151 564 179 592 in
197 564 388 600 Peloponneso
413 567 595 594 successisset
615 566 856 600 Protospatharius
870 565 936 592 Bar-

150 610 202 638 das
217 610 357 647 Platypus,
374 615 401 639 et
415 611 501 639 turba:
522 619 555 638 ac
572 611 656 639 factio
669 616 771 639 exortae
787 616 879 639 essent
893 611 936 638 in-

151 660 193 683 ter
218 655 307 691 ipsum
334 656 585 691 protospatharium
614 655 730 683 Bardam
749 655 935 691 Platypodem,

151 701 275 736 aliosque
305 701 365 736 ejus
384 702 470 736 partis
488 701 724 736 protospatharios
749 705 832 735 atque
861 701 936 736 prin-

151 746 237 781 cipes,
264 746 311 782 qui
342 746 594 781 protospatharium
631 745 748 773 Leonem
776 746 934 780 Agelastum

151 793 271 821 themate
290 794 464 828 expulerant,
475 793 602 829 protinus
617 793 644 820 in
657 792 758 819 Thema
774 792 839 819 illud
856 791 934 819 Scia-

150 837 273 865 besianis
287 838 469 869 irruentibus,
488 838 623 865 miserunt
635 837 673 864 illi
701 837 750 872 ipsi
764 836 867 868 Sclavi,
883 835 935 863 Mi-
952 832 972 861 Β

150 882 221 917 Ιοπεὶ
237 885 264 910 et
279 881 393 909 Ezeritaa
405 881 438 909 ad
453 882 593 909 dominum
612 881 766 908 Romanum
787 881 935 915 imperato-

148 933 217 958 rem,
243 927 513 955 commiserationem
533 931 655 961 petentes
680 934 764 961 super
784 926 872 958 auctis
888 925 938 952 tri-

147 971 234 1003 httis,
253 971 534 1007 permitterenturque
551 979 583 999 ea
599 971 717 1006 pendere
730 971 821 1005 qualia
833 969 936 1004 pridem

147 1018 342 1053 pependerant.
359 1017 511 1053 Imperator
525 1021 616 1044 autem
639 1016 675 1043 ob
697 1015 937 1042 Sclabesiauorum

148 1063 296 1090 adventum
309 1063 416 1090 veritus
425 1070 459 1089 ne
476 1061 583 1089 Sclavis
600 1060 739 1095 conjuncti
755 1060 867 1087 omnino
875 1065 937 1086 eum

149 1109 270 1136 themate
296 1107 483 1143 Peloponnesi
508 1108 651 1137 exuerent,
677 1112 788 1132 auream
806 1104 860 1131 illis
875 1103 938 1131 bul-

150 1155 205 1182 lam
220 1154 306 1187 dedit,
326 1159 355 1181 nt
368 1153 470 1181 tributa
487 1156 594 1180 tantum
610 1151 749 1179 solverent
761 1149 938 1186 quemadmo-

150 1199 215 1227 dum
229 1198 354 1234 primitus
369 1198 502 1231 solebant,
522 1197 630 1231 Milengi
648 1196 751 1224 scilicet
769 1195 938 1233 pomismata

151 1245 303 1280 sexaginta,
314 1244 435 1277 Exeritaaf
443 1251 507 1271 vero
518 1243 682 1270 nomismata
704 1245 836 1269 trecenta.
847 1241 937 1275 Atque

150 1291 209 1318 haec
222 1289 330 1326 quidem
339 1297 423 1317 causa
432 1289 481 1316 luit
493 1289 566 1316 aucti
579 1287 872 1322 imminutiquerursus
886 1285 937 1312 Mi-

149 1337 292 1371 iengorum
311 1340 338 1364 et
352 1335 522 1363 Ezeritarum
538 1333 644 1361 tributi.
654 1332 802 1360 Sciendum
813 1338 878 1358 vero
889 1333 933 1357 est

150 1381 317 1408 habitatores
332 1381 410 1409 urbis
427 1379 530 1407 Maines
547 1387 560 1405 a
572 1378 709 1414 praedictis
736 1376 840 1403 Sclavis
854 1375 938 1410 origi-

149 1435 211 1455 nem
234 1435 287 1454 non
302 1427 414 1459 ducere,
431 1426 478 1453 sed
500 1425 534 1452 ab
561 1423 764 1459 antiquioribus
785 1420 938 1454 Romanis;

149 1473 233 1508 quiin
247 1473 410 1500 hodiernum
425 1479 514 1506 usque
527 1470 600 1498 diem
621 1469 656 1496 ab
667 1468 766 1496 incolis
781 1467 867 1495 Graeci
890 1473 938 1502 ap-

150 1503 298 1554 pellantur,
313 1518 386 1553 quod
410 1503 510 1552 priscis
529 1515 700 1550 temporibus
715 1513 866 1541 idololatrte
877 1512 932 1540 fue-
949 1503 971 1532 ο

150 1564 218 1596 rint,
229 1570 261 1590 ac
271 1563 406 1591 idolorum
416 1554 546 1595 cultores,
557 1567 677 1589 veterum
692 1560 850 1587 Graecorum
863 1558 934 1591 ritu;

150 1609 197 1644 qui
214 1609 324 1641 quidem
338 1608 535 1643 rempublicam
561 1606 711 1634 Romanam
727 1605 936 1632 administrante

150 1653 284 1688 pret-lare
292 1653 339 1680 illo
348 1653 513 1688 imperatore
522 1652 634 1684 Basilio,
644 1659 706 1678 eum
719 1651 854 1686 baptismo
861 1649 938 1677 Chri-

150 1699 268 1726 stianam
289 1698 369 1726 ﬁdem
383 1698 500 1733 amplexi
510 1702 586 1726 sunt.
599 1697 687 1725 Locus
702 1705 778 1728 vero,
795 1704 875 1731 quem
888 1695 937 1722 ha—

152 1744 252 1776 bitant,
267 1750 400 1778 aquarum
417 1750 515 1777 expers
527 1748 578 1776 est,
589 1748 615 1770 et
632 1743 803 1773 inaccessus,
821 1741 868 1768 sed
883 1741 936 1768 oli—

151 1789 231 1821 vifer,
247 1796 303 1824 quo
321 1796 350 1817 se
361 1789 548 1816 consolantur.
561 1787 726 1823 1351acet
737 1792 826 1814 autent
838 1787 882 1814 hic
896 1787 935 1814 lo-

150 1835 234 1863 cusin
252 1835 336 1862 Malea
350 1834 538 1869 promontorio
547 1835 617 1860 ultra
629 1833 743 1860 Ezerum
752 1839 850 1860 versus
860 1838 936 1858 oram

151 1879 331 1908 maritimam.
344 1879 376 1905 Et
394 1878 614 1914 quandoquidem
635 1878 715 1912 plane
733 1876 849 1911 subjecti
862 1879 937 1908 sunt,

151 1925 359 1961 principemque
373 1932 387 1951 a
401 1929 518 1959 pratore
541 1923 693 1959 accipiunt.
708 1922 788 1958 cujus
801 1921 937 1949 mandatis

151 1971 353 2006 obtemperant,
362 1978 394 1997 ex
407 1970 600 2005 antiquissimo
610 1973 732 2004 tempore
741 1969 874 1996 tributum
884 1968 939 1995 sol-

151 2022 220 2045 vunt
232 2017 396 2045 nomismata
411 2016 621 2051 quadringenta.
632 2014 812 2050 Cappadocia:
822 2018 938 2049 praetura

152 2063 218 2091 olitn
231 2067 319 2090 turma
330 2061 743 2097 eratpraturteAnatolicorum,
755 2059 939 2095 Cephalleniae

151 2109 348 2144 praetura,sive
361 2108 461 2140 Insula,
474 2112 564 2135 turma
580 2107 644 2135 olim
660 2111 719 2134 erat
731 2105 938 2141 praaturaeLon-

987 198 1056 234 τάξῃ
1065 198 1112 224 καὶ
1123 197 1303 234 ὲξολοθρεύσῃ
1313 198 1421 225 αὐτούς.
1441 198 1607 232 Ἀρξάμενος
1634 197 1680 224 οὖν
1697 198 1778 224 πολε-

989 245 1049 278 μεῖν
1063 244 1162 274 αὑτοὺς
1173 243 1228 279 (22)
1236 243 1291 270 ἀπὸ
1299 244 1384 278 μηνὸς
1398 243 1532 277 Μαρτίου,
1544 244 1591 269 καὶ
1600 243 1778 275 κατακαύσας

987 289 1021 315 τὰ
1032 289 1098 324 θέρη
1108 290 1209 322 αὐτῶν,
1222 290 1269 316 καὶ
1282 290 1448 326 ληϊσάμενος
1459 291 1549 316 πᾶσαν
1557 289 1606 324 τὴν
1614 290 1664 324 γῆν
1675 289 1777 321 αὐτῶν,

987 333 1064 369 ἔσχεν
1082 334 1180 366 αὐτοὺς
1203 335 1416 370 ἀνθισταμένους
1436 334 1482 361 καὶ
1499 334 1659 368 ἀντέχοντας
1695 333 1777 369 μέχρι

989 381 1073 418 μηνὸς
1089 381 1243 416 Νοεμϐρίου
1254 388 1261 397 ⁸
1276 381 1330 408 ἀπὸ
1343 381 1403 407 τότε
1432 380 1460 407 δὲ
1487 380 1585 411 ἰδόντες
1600 380 1648 415 τὴν
1671 380 1777 406 ἑαυτῶν

987 427 1185 461 ὲξολόθρευσιν,
1197 427 1334 462 ᾐτήσαντο
1346 427 1425 461 λόγον
1434 426 1480 453 τοῦ
1490 427 1660 461 ὑποταγῆναι
1672 426 1775 458 αὐτοῖς,

988 474 1036 501 καὶ
1046 475 1138 508 τυχεῖν
1156 473 1329 509 συμπαθείας
1340 473 1411 509 ὑπὲρ
1425 470 1462 500 ὧν
1480 473 1577 508 πρώην
1596 472 1777 508 ἐπλημμέλη-

988 528 1048 546 σαν.
1069 520 1099 546 '0
1112 517 1157 546 οὖν
1172 519 1341 556 maenaa;
1355 519 1602 554 πρωτοσπαθάριος
1620 519 1667 545 καὶ
1694 527 1778 553 στρα-

987 565 1070 600 τηγὸς
1096 567 1109 592 ὀ
1136 565 1268 600 Κρινίτης
1290 565 1397 598 ἐξέθετο
1425 565 1517 597 αὐτοῖς
1545 565 1636 592 πάκτα
1668 563 1779 590 πλείονα

987 607 1024 637 ὧν
1040 611 1158 643 ἐτέλουν,
1178 612 1234 642 τοῖς
1251 611 1300 646 μὲν
1317 610 1470 645 Μιληγγοῖς
1490 610 1544 637 ἀπὸ
1573 610 1627 636 τῶν
1657 609 1678 642 ξ’
1693 617 1712 636 ιι
1739 607 1779 636 ὧν

987 657 1120 691 πρότερον
1134 656 1242 684 ὲτέλουν
1257 666 1276 684 ιι
1293 656 1342 692 φμ¹
1357 665 1364 673 ·
1382 656 1420 688 ὡς
1437 654 1506 683 εἶναι
1533 656 1564 682 τὸ
1590 656 1644 682 πᾶν
1673 656 1778 682 πάκτον

987 702 1077 729 αὐτῶν
1089 712 1108 729 ιι
1121 701 1154 739 χ’.
1171 703 1233 735 Τοῖς
1262 703 1292 730 δὲ
1314 703 1469 738 Ἐζερίταις
1481 702 1535 729 ἀπὸ
1563 702 1618 729 τῶν
1633 701 1655 728 τ’
1675 705 1728 728 ν⁸ν⁰
1739 698 1778 728 ὦν

987 749 1120 784 πρότερον
1133 748 1251 780 ἐτέλουν.
1279 749 1361 784 ἔτερα
1376 753 1429 775 ν⁴²ν⁰
1453 752 1475 775 τ’
1489 756 1496 764 ·
1528 747 1566 779 ὡς
1596 745 1706 774 εἶναιτὸ
1723 747 1778 773 πᾶν

987 795 1090 821 πάκτον
1104 794 1194 821 αὐτῶν
1208 799 1260 821 v°v°
1274 798 1308 830 χ’,
1322 795 1418 821 Ἀτινα
1433 795 1479 821 καὶ
1506 794 1630 830 ἀπῄτησε
1644 794 1691 820 καὶ
1703 794 1775 820 εἰσε-

987 840 1099 875 κόμισεν
1119 841 1132 866 ὁ
1149 840 1230 871 αὐτὸς
1261 840 1508 876 πρωτοτπαθάριος
1531 839 1665 874 Κρινίτης
1683 840 1713 866 ὲν
1737 838 1778 874 τῷ

988 885 1164 920 θεοφυλάκτῳ
1177 885 1296 913 κοιτῶνι.
1314 885 1368 912 Τοῦ
1382 885 1411 912 δὲ
1424 884 1672 920 πρωτοσπαθαριου
1681 884 1777 921 Κρινί-

987 939 1034 957 του
1047 931 1076 957 ὲν
1090 931 1129 966 τῷ
1144 931 1242 966 θέματι
1261 931 1455 966 μετατεθέντος
1489 931 1625 963 Ἑλλάδος,
1658 931 1705 957 καὶ
1729 929 1776 956 τοῦ

987 976 1234 1012 πρωτοσπαθαρίου
1251 977 1340 1012 Βάρδα
1355 976 1402 1004 τοῦ
1424 977 1584 1012 Πλατυπόδη
1607 975 1777 1012 προϐληθέν-

987 1029 1034 1052 τος
1048 1021 1201 1056 στρατηγοῦ
1227 1022 1256 1048 ἐν
1281 1022 1489 1056 Πελοποννήσῳ,
1514 1021 1562 1048 καὶ
1593 1021 1643 1056 τῆς
1664 1020 1776 1052 ἀταξίας

988 1067 1137 1101 γενομένης
1150 1067 1197 1093 καὶ
1214 1067 1334 1098 στάσεως
1348 1067 1423 1102 παρὰ
1442 1067 1525 1093 αὑτοῦ
1549 1067 1595 1093 τοῦ
1613 1075 1778 1103 πρωτοσπαο

989 1111 1083 1146 θαρίου
1100 1111 1190 1147 Βάρδα
1204 1112 1250 1139 τοῦ
1264 1113 1436 1148 Πλατυπόδη,
1459 1112 1507 1140 καὶ
1535 1113 1589 1139 τῶν
1617 1112 1776 1147 ὁμοφρόνων

988 1158 1070 1185 αὐτοῦ
1088 1159 1340 1194 πρωτοσπαθαρὶων
1353 1160 1400 1186 καὶ
1414 1159 1564 1194 ἀρχόντων,
1577 1158 1625 1185 καὶ
1639 1159 1685 1185 τὸν
1699 1167 1773 1190 πρω-

987 1204 1171 1239 τοσπαθάριον
1187 1206 1289 1232 Λέοντα
1318 1205 1364 1232 τὸν
1386 1205 1549 1239 Ἀγέλαστον
1566 1205 1775 1236 ἀποδιωξάντων

987 1250 1041 1276 ἀπίι
1055 1249 1102 1277 τοῦ
1119 1251 1249 1285 θέματος,
1275 1251 1323 1278 καὶ
1353 1251 1454 1283 εῡθέως
1475 1251 1625 1286 γενομένης
1654 1250 1702 1277 καὶ
1725 1250 1775 1284 τῆς

987 1296 1042 1322 τῶν
1055 1296 1265 1331 Σκλαῦησιανῶν
1277 1297 1427 1328 ἐπιθέσεως
1444 1297 1513 1324 κατὰ
1526 1296 1572 1322 τοῦ
1587 1295 1670 1323 αὑτοῦ
1690 1295 1775 1330 θέμα-

987 1351 1044 1375 τος,
1057 1342 1222 1369 ἀπέστειλαν
1236 1343 1260 1369 οι
1293 1343 1370 1369 αὐτοὶ
1383 1342 1510 1374 Σχλάὸοι,
1528 1342 1555 1368 οῖ
1580 1350 1609 1368 τε
1624 1342 1772 1376 Μιληγγοὶ,

989 1389 1036 1415 xat
1051 1390 1075 1415 οἱ
1096 1388 1232 1423 Ἐζερτται
1252 1388 1320 1423 πρὸς
1335 1389 1380 1415 τὸν
1391 1388 1471 1424 κῦριν
1495 1388 1636 1423 Ῥωμανδν
1660 1387 1704 1414 τὸν
1723 1387 1772 1422 βα-

989 1435 1077 1466 σιλέα,
1096 1434 1281 1470 ἐξαιτούμενοι
1298 1435 1345 1461 καὶ
1372 1434 1594 1470 παρακαλοῦντες
1625 1433 1672 1460 τοῦ
1704 1441 1774 1468 συμο

990 1479 1144 1514 παθηθῆναι
1165 1480 1255 1510 αὐτοῖς
1267 1480 1317 1511 τὰς
1330 1479 1489 1515 προσθήκας
1501 1479 1556 1505 τῶν
1571 1479 1692 1510 πάκτων,
1726 1479 1774 1505 καὶ

987 1524 1072 1550 τελεῖν
1090 1524 1189 1556 αὐτοὺς
1208 1523 1299 1555 καθὼς
1315 1524 1363 1551 καὶ
1384 1525 1518 1560 πρότερον
1551 1524 1670 1551 ἐτέλουν.
1697 1524 1775 1550 Ἐπε-

985 1570 1018 1604 δὴ
1050 1569 1142 1601 καθὼς
1171 1569 1343 1604 προείρηται,
1379 1570 1503 1604 εἰσῆλθον
1547 1570 1571 1595 οἱ
1603 1568 1775 1602 Σκλαόησια-

988 1615 1030 1642 νοὶ
1057 1616 1087 1642 ὲν
1109 1614 1148 1650 τῷ
1178 1615 1277 1650 θέματι
1291 1615 1503 1650 Πελοποννήσου,
1538 1613 1631 1645 δεδιὼς
1657 1615 1670 1640 ό
1697 1613 1776 1649 βασυ-

986 1660 1049 1692 λεὺς
1075 1661 1118 1687 ἵνα
1146 1660 1183 1695 μὴ
1199 1661 1246 1687 καὶ
1266 1660 1343 1686 αὐτοὶ
1359 1660 1554 1695 προστεθέντες
1569 1660 1625 1690 τοῖς
1642 1656 1775 1691 Σκλάϐοις

988 1706 1105 1741 παντελῆ
1120 1705 1306 1740 ἑξολόθρευσιν
1317 1706 1366 1732 τοῦ
1373 1705 1453 1732 αὑτοῦ
1469 1705 1587 1740 θέματος
1601 1705 1774 1739 ἐργάσονται,

987 1753 1114 1788 ἐποίησεν
1125 1753 1216 1784 αὐτοῖς
1233 1751 1444 1787 χρυσοὸούλλιον
1461 1751 1505 1778 ἵνα
1515 1751 1613 1777 τελῶσι
1625 1750 1658 1777 τὰ
1683 1751 1776 1777 πάκτα

989 1799 1027 1830 ὡς
1053 1799 1101 1825 καὶ
1133 1799 1277 1833 πρότερον,
1293 1798 1358 1828 τοὺς
1376 1797 1426 1832 μὲν
1440 1797 1600 1832 Μιληγγοὶις
1613 1795 1776 1828 ξἰι,τοίιςδὲ

993 1844 1132 1878 Ἐζερίτας
1143 1849 1197 1870 νυνο
1213 1847 1246 1872 τ’,
1259 1844 1332 1878 Λῦτη
1344 1841 1391 1870 οὖν
1404 1844 1478 1870 ἐστιν
1492 1843 1508 1877 ἠ
1526 1843 1598 1869 αἰτία
1612 1843 1661 1877 τῆς
1669 1841 1775 1877 προθή-

989 1899 1039 1925 κης
1046 1891 1146 1926 καὶτῆς
1154 1890 1274 1925 ἐκκοπῆς
1290 1889 1344 1916 τῶν
1360 1889 1471 1915 πάκτων
1482 1889 1535 1915 τῶν
1553 1887 1704 1923 Μιληγγῶν
1720 1887 1768 1913 καὶ

987 1938 1041 1964 τῶν
1061 1936 1215 1972 Ἐζεριτῶν.
1233 1935 1332 1962 Ἰστέον
1347 1935 1388 1961 ὅτι
1406 1935 1430 1961 οἱ
1447 1934 1494 1960 τοῦ
1521 1935 1639 1968 κάστρου
1663 1933 1776 1966 Μαῖνης

988 1984 1130 2019 οἰκήτορες
1147 1983 1197 2009 οὐκ
1207 1982 1277 2008 εἰσὶν
1293 1982 1346 2008 ἀπὸ
1361 1981 1408 2016 τῆς
1422 1981 1518 2015 γενεᾶς
1531 1980 1586 2007 τῶν
1603 1978 1775 2015 προρρηθέν-

989 2037 1042 2055 των
1055 2027 1193 2060 Σκλάϐων,
1206 2027 1264 2054 ἀλλ’
1280 2027 1312 2053 ὲκ
1331 2027 1386 2053 τῶν
1413 2026 1599 2061 παλαιοτέρων
1622 2024 1775 2059 Ῥωμαίων,

989 2074 1013 2100 οἳ
1038 2074 1087 2100 καὶ
1103 2074 1184 2108 μέχρι
1211 2072 1258 2099 τοῦ
1277 2071 1325 2099 νῦν
1342 2072 1418 2107 παρὰ
1432 2072 1486 2098 τῶν
1499 2071 1630 2098 ἐντοπίων
1645 2070 1776 2104 ’Έλληνες

991 2118 1253 2154 προσαγορεύονται,
1284 2118 1330 2144 διὰ
1362 2118 1393 2144 τὸ
1440 2119 1468 2143 ὲν
1496 2117 1553 2148 τοῖς
1595 2116 1776 2152 προπαλαιοῖς

151 2154 301 2189 gobardiat.
319 2153 367 2181 sed
386 2153 412 2180 in
427 2157 572 2188 praeturam
592 2158 685 2180 erecta
705 2151 756 2178 fuit
770 2151 822 2179 sub
835 2150 936 2178 Christi

994 2163 1100 2198 χρόνοις
1120 2162 1314 2198 εἰδωλολάτρας
1340 2159 1410 2189 εἶναι
1435 2162 1481 2188 καὶ
1502 2162 1693 2197 προσκυνητὰς
1722 2160 1776 2186 τῶν

151 2204 261 2227 amante
269 2199 437 2234 imperatore
448 2198 549 2225 Leone.
573 2197 705 2224 Calabria:
718 2201 836 2232 prtetura
847 2197 935 2224 duca-

150 2249 196 2272 tus
207 2244 272 2271 olitn
291 2247 351 2271 erat
370 2247 495 2278 praetura:
519 2242 630 2269 Siciliae.
645 2241 790 2269 Charsiani
819 2245 936 2276 praetura

152 2293 241 2316 turma
250 2288 402 2323 antiquitus
415 2288 708 2315 eratArmeuiacorum
726 2291 861 2321 praeturae.
881 2285 938 2313 Sub

150 2333 243 2361 Leone
257 2338 350 2361 autem
361 2332 462 2361 Christi
473 2331 755 2366 amanteimperalore
781 2338 795 2357 a
819 2331 938 2358 themate

149 2379 382 2407 Buceellariorum
393 2379 419 2406 in
428 2378 620 2413 Cappadocum
634 2380 723 2404 thema
736 2377 866 2404 translata
877 2376 936 2403 fue-

151 2430 216 2452 runt
243 2425 302 2452 haec
315 2424 415 2456 banda,
445 2424 594 2451 vieariatus
612 2423 734 2454 Baretas,
753 2422 936 2455 Balbadonos,

149 2472 323 2506 Asponas,|et
333 2470 455 2497 Acarcus
470 2478 478 2497 :
491 2477 523 2497 ex
532 2469 651 2496 themate
663 2475 726 2495 vero
733 2467 937 2495 Auatolieorum

149 2517 178 2543 in
193 2516 284 2544 thema
296 2515 489 2551 Cappadocum
498 2515 592 2543 isthec
603 2514 712 2550 quidem
722 2514 810 2541 banda
819 2513 937 2541 transla-

151 2567 178 2590 ta
193 2566 268 2596 sunt,
285 2562 416 2589 nimirum
428 2560 760 2592 vieariatusEudoeiadis,
770 2560 855 2587 sancti
863 2561 936 2596 Aga-

90 2601 99 2605 ’
151 2609 218 2643 peti,
232 2613 258 2636 et
268 2608 418 2643 Aphrazite.
435 2607 572 2643 Factaque
586 2611 651 2634 sunt
665 2611 767 2642 septem
795 2607 852 2633 haec
866 2606 934 2633 ban-

152 2655 198 2686 da,
209 2661 306 2688 nempe
314 2654 544 2681 Buccellariorum
555 2658 686 2689 quatuor,
695 2657 722 2679 et
730 2652 936 2679 Anatolicorum

153 2699 217 2732 tria,
231 2703 321 2726 turma
339 2706 404 2733 una,
419 2707 479 2734 quat
496 2707 568 2726 nunc
582 2699 724 2728 Commata
749 2702 936 2733 nuncupatur.

991 2207 1107 2234 εἰδώλων
1130 2208 1201 2234 κατὰ
1216 2209 1280 2239 τοὺς
1301 2208 1432 2238 παλαιοὺς
1447 2207 1596 2241 Ἕλληνας·
1615 2206 1711 2237 οἵτινες
1729 2205 1776 2232 ἐπὶ

989 2254 1041 2288 τῆς
1056 2253 1193 2289 βασιλείας
1212 2253 1259 2279 τοῦ
1268 2254 1390 2288 ἀοιδίμου
1413 2253 1553 2279 Βασιλείου
1578 2251 1776 2287 βαπτισθέντες

990 2299 1146 2334 Χριστιανοὶ
1175 2299 1327 2333 γεγόνασιν.
1351 2299 1380 2325 '0
1393 2298 1422 2325 δὲ
1450 2298 1531 2329 τόπος
1548 2298 1576 2324 ὲν
1600 2294 1622 2331 ᾧ
1638 2297 1772 2327 οἰκοῦσιν,

991 2345 1065 2371 ἐστὶν
1077 2344 1190 2380 ἄνυδρος
1213 2345 1261 2371 καὶ
1288 2345 1448 2379 ἁπρόσοδος,
1479 2344 1637 2378 ἐλαιοφόρος
1656 2343 1701 2369 δέ’
1715 2343 1776 2368 ὅθεν

990 2390 1038 2416 καὶ
1051 2390 1102 2424 τὴν
1116 2389 1294 2424 παραμυθίαν
1307 2389 1409 2424 ἔχουσι.
1422 2389 1561 2416 Διάκειται
1583 2388 1611 2414 δὲ
1626 2388 1640 2414 ὁ
1657 2387 1776 2418 τοιοῦτος

989 2435 1071 2468 τόπος
1092 2436 1131 2467 εἰς
1155 2436 1242 2470 ἄκραν
1264 2435 1311 2462 τοῦ
1342 2435 1462 2467 Μαλαία,
1493 2435 1577 2470 ήγουν
1600 2433 1704 2460 ἐκεῖθεν
1728 2432 1775 2459 τοῦ

995 2481 1104 2516 Ἐζεροῦ
1118 2482 1187 2516 πρὸς
1204 2481 1253 2516 τὴν
1269 2481 1507 2516 παραθαλασσίαν.
1523 2480 1573 2506 Διὰ
1585 2479 1613 2505 δὲ
1624 2479 1654 2505 τὸ
1665 2479 1776 2510 τελείως

989 2527 1228 2562 ὑποτεταγμένους
1242 2525 1314 2554 εἶναι
1329 2527 1439 2559 αὐτοὺς,
1453 2527 1500 2552 καὶ
1512 2526 1631 2561 ἄρχοντα
1645 2523 1775 2560 παρὰτοῦ

991 2572 1145 2607 στρατηγοῦ
1162 2572 1299 2607 δέχεσθαι,
1328 2572 1374 2598 καὶ
1405 2572 1564 2607 πειθαρχεῖν
1588 2572 1636 2598 καὶ
1653 2571 1777 2598 ὑπείκειν

991 2619 1052 2648 ταῖς
1076 2617 1123 2644 τοῦ
1150 2618 1302 2652 στρατηγοῦ
1330 2618 1519 2652 προστάξεσιν,
1551 2618 1701 2652 παρέχουσι
1724 2617 1777 2642 πά-

991 2671 1056 2689 κτον
1067 2664 1098 2689 ἐκ
1111 2663 1277 2690 παλαιτάτου
1297 2664 1393 2699 χρόνου
1421 2672 1440 2689 ιι
1466 2662 1500 2690 υ’.
1519 2663 1618 2689 ’ἰστέον
1635 2662 1676 2689 ὃτι
1693 2662 1711 2697 ή
1728 2661 1777 2695 τῆς

992 2709 1190 2741 Καππαδοκίας
1206 2709 1354 2745 στρατηγὶς
1366 2709 1396 2736 τὸ
1408 2709 1523 2736 παλαιὸν
1540 2707 1646 2744 τοῦρμα
1668 2705 1701 2744 ἦν
1728 2707 1777 2742 τῆς

722 2765 873 2793 ANSELMI
889 2763 1054 2792 BANDURII
1077 2763 1192 2791 NOTAE.

189 2810 247 2847 (Ἡ)
263 2810 300 2838 lta
314 2819 364 2839 ms.
384 2811 478 2840 codex.
497 2812 567 2840 Editi
580 2812 691 2845 habent,
714 2812 864 2848 ἀρξάμενος
884 2810 930 2839 οὖν

988 2810 1078 2846 λιεμείν
1095 2813 1185 2844 αὐτὸς.
