1938 3070
96 150 155 182 377

620 151 671 182 DE
690 151 1009 183 ADMINISTRANDO
1020 152 1194 184 IMPERIO.
1442 168 1461 181 ,κ

1673 152 1727 186 378

96 207 159 232 τῶν
179 205 358 232 ’Δνατολικῶν
373 205 560 242 στρατηγίδος.
580 206 680 233 ’ἰστέον
698 207 739 234 ὅτι
759 208 775 242 1)
799 208 888 242 Κεφα-

947 207 1033 235 Porro
1054 209 1105 236 sub
1125 209 1222 236 eodem
1241 207 1342 236 Christi
1361 207 1552 236 amantissimo
1567 206 1732 242 imperatore

97 251 201 287 ληνίας
231 252 392 288 στρατηγὶς,
420 253 504 287 ἠγουν
523 253 556 280 τὰ
570 253 662 287 νησία,
681 253 790 288 τοῦρμα
814 252 848 286 ἦν
864 254 895 281 τὺ

99 299 221 325 παλαιὸν
231 299 281 333 τῆς
296 298 471 335 στρατηγίδος
485 297 687 334 Λογουδαρδίας
697 307 704 314 ·
721 299 767 325 ἐπὶ
775 299 804 326 δὲ
812 299 895 326 Δέον·

97 351 150 375 τος
169 344 216 370 τοῦ
245 344 418 380 φιλοχρίστου
445 344 577 371 δεσπότου
613 345 709 379 γέγονε
734 345 893 380 στρατηγίς.

106 388 211 416 ’ἰστέον
227 389 292 425 δτιή
318 389 476 425 Καλασρίας
495 390 644 424 στρατηγὶς
658 389 788 416 δουκάτον
804 387 838 425 ἦν
862 390 892 416 τὺ

98 434 220 461 παλαιὸν
234 435 284 469 τῆς
299 435 476 470 στρατηγίδος
495 435 628 467 Σικελίας.
644 435 741 462 Ἰστέον
757 436 798 462 ὅτι
812 436 828 470 1)
844 435 892 462 τοῦ

98 480 260 516 Χαρσιανοῦ
276 482 425 516 στρατηγὶς
453 480 628 516 (25)τοῦρμα
657 478 692 515 ἦν
721 479 752 507 τὺ
776 480 892 507 παλαιὸν

98 526 152 560 τῆς
164 525 219 553 τῶν
239 526 429 562 Ἀρμενιακῶν
441 527 632 562 στρατηγίδος.
657 527 756 554 Ἰστέον
781 528 821 554 ὅτι
845 528 891 554 ἐπὶ

98 571 219 604 Λέοντος
232 571 281 599 τοῦ
296 572 470 609 φιλοχρίοτου
484 573 615 600 δεσπότου
633 573 687 600 ἀπὸ
709 573 758 600 τοῦ
773 574 891 609 θέματος

97 618 156 645 τῶν
171 617 361 653 Βουκελαρίων
391 620 432 650 εις
445 618 476 645 τὸ
490 619 682 646 Καππαδοκῶν
694 619 766 655 θέμα
783 620 892 655 μετετέ-

97 663 188 698 θησαν
203 663 290 690 ταῦτα
304 663 335 690 τὰ
352 663 436 698 pausa
451 663 507 698 (26)
518 671 523 677 ·
536 664 620 699 ἡτοιή
635 664 823 699 τοποτηρησία
834 664 890 699 (25)

97 709 237 744 Βᾶρετας,
252 709 269 745 1)
282 709 470 745 τοποτηρησία
485 709 891 745 Βαλϐαδῶνος,ήτοποτηρησία

104 754 253 788 ’Δσπόνας,
270 756 318 781 καὶ
334 756 350 790 1)
370 755 559 789 τοποτηρησία
587 754 759 790 ’Δχαρκοῦς-
776 755 823 782 καὶ
837 755 891 781 ἀπὸ

97 799 148 826 τοῦ
163 800 280 834 Denuo;
294 799 349 826 τῶν
367 799 549 826 Ἀνατολικῶν
578 800 619 831 είς
644 800 675 826 τὸ
697 800 891 827 Καππαδοκῶν

99 845 175 880 es)“
196 844 381 893 ita—rerégqoav
399 845 487 893 τρῧτα
503 845 538 871 τὰ
549 845 632 880 βάνδα
646 853 654 861 ’
665 846 724 893 ἦτοι
738 847 754 881 1)
771 854 889 893 τοττοτη-
906 865 928 893 Β

100 891 187 924 ρησία
209 890 260 925 τῆς
293 890 465 923 Εὐδοκιάδος,
489 891 505 925 1)
529 890 718 925 τοποτηρησία
743 890 790 917 τοῦ
811 890 889 924 ἁγίου

105 935 277 970 ’Λγαπητοῦ,
291 937 307 971 ἡ
322 935 510 971 τοποτηρησία
535 935 698 971 Ἀφραζείας
713 944 721 951 ”
747 935 796 963 καὶ
829 935 891 969 ἐγέ-

96 989 177 1008 νοντο
190 980 278 1008 ταῦτα
292 981 326 1008 τὰ
343 981 417 1008 ἑπτὰ
433 980 517 1016 βάνδα
531 981 592 1016 ἢτοι
608 981 643 1008 τὰ
668 981 722 1007 τῶν
739 981 890 1008 Βουκελλαο

99 1025 169 1060 ρίων
185 1026 317 1062 τέσσαρα,
337 1026 384 1053 καὶ
396 1027 460 1062 τρία
487 1026 542 1053 τῶν
563 1027 755 1059 ’Δνατολικῶν,
783 1026 890 1062 τυῦρμα

99 1069 160 1102 μία,
175 1070 191 1104 1)
208 1069 255 1096 νῦν
267 1070 300 1096 τὰ
318 1070 454 1105 Κόμματα
471 1071 614 1106 λεγομένη.
642 1071 741 1098 Ἰστέον
771 1073 812 1097 ὅτι
843 1071 889 1097 ἐπὶ

97 1115 213 1146 Λέοντος
227 1114 276 1142 τοῦ
292 1115 463 1152 φιλοχρίστου
475 1116 604 1142 δεσπότου
624 1115 682 1143 ἀπο
701 1115 749 1142 τοῦ
771 1115 888 1150 θέματος

97 1161 154 1187 τῶν
169 1161 374 1197 Βουκελλαρίων
389 1163 429 1193 είς
441 1162 470 1188 τὸ
485 1161 555 1196 θέμα
567 1162 726 1196 Χαρσιανοῦ
742 1162 890 1196 μετετέθη-

99 1215 151 1232 σαν
165 1206 250 1233 ταῦτα
264 1207 297 1233 τὰ
319 1207 417 1242 βάνδα·
445 1207 505 1242 ἦτοι
522 1208 538 1241 ἡ
554 1207 739 1242 τοποτηρησία
761 1207 808 1233 τοῦ
832 1207 891 1234 Μυ-

100 1251 278 1286 ριοκιφά).ου,
304 1252 320 1286 1)
333 1250 519 1286 τοποτηρησία
532 1251 579 1277 τοῦ
592 1251 683 1286 τιμίου
696 1251 827 1286 Σταυροῦ,
843 1251 891 1278 καὶ

100 1299 116 1332 1)
132 1298 319 1332 τοποτηρησία
333 1297 551 1333 Βερινουπόλεως
566 1305 573 1312 ·
587 1297 634 1323 καὶ
648 1297 771 1330 ἐγένοντο
783 1297 890 1331 τοῦρμα

99 1345 117 1378 1)
131 1342 180 1369 νῦν
191 1343 307 1370 Σανιάνα
335 1342 481 1378 λεγομένη.
496 1343 551 1370 Καὶ
566 1343 621 1369 ἀπὸ
633 1342 680 1369 τοῦ
693 1342 811 1377 οέματο;
833 1342 889 1368 τῶν

105 1387 299 1423 ’Δρμενιακῶν
315 1388 355 1419 είς
382 1387 414 1413 τὺ
434 1386 481 1413 τοῦ
496 1385 652 1421 Χαρσιανοῦ
681 1385 754 1420 θέμα
781 1385 891 1420 μετετέ-

100 1434 186 1469 θησαν
200 1434 287 1461 ταῦτα
315 1433 349 1459 τὰ
374 1433 478 1468 βάνδα·
507 1433 568 1468 ἦτοι
592 1432 609 1467 ἡ
633 1431 683 1458 τοῦ
710 1431 889 1466 Κομοδρόμου

100 1478 297 1514 τοποτηρησία,
311 1479 327 1513 1)
343 1477 528 1513 τοποτηρησία
544 1477 645 1508 Ταῦίας
662 1485 669 1493 ·
693 1477 740 1502 καὶ
768 1477 809 1508 εἰς
840 1476 889 1511 τὴν

99 1524 225 1560 τοῦρμσν
238 1524 285 1550 τοῦ
298 1522 454 1559 Χαρσιανοῦ
473 1522 522 1557 τὴν
545 1521 695 1557 εἰρημένην
725 1521 888 1556 προσετέθη·
903 1534 924 1563 c

101 1580 162 1598 σαν.
182 1567 251 1598 ’Λπδ
261 1570 289 1597 δὲ
302 1569 348 1596 τοῦ
365 1569 559 1596 Καππαδοκῶν
574 1569 613 1600 εἰς
630 1568 661 1595 τὸ
678 1568 725 1594 τοῦ
734 1566 889 1602 Χαρσιανοῦ

100 1617 173 1652 σέμα
187 1615 274 1643 ταῦτα
285 1616 318 1642 τὰ
335 1614 419 1650 pausa
432 1615 620 1650 μετετέθησαν
634 1621 642 1628 ’
666 1613 727 1648 ἢτοι
743 1614 760 1649 1)
777 1612 888 1648 τοῦρμα

101 1661 197 1696 Κασῆς
227 1661 257 1694 ἐξ
279 1660 439 1695 ὁλοκλήρου,
463 1661 509 1687 καὶ
534 1661 550 1695 1)
576 1659 761 1695 τοποτηρησὶα
777 1659 888 1694 Novo-qq

103 1707 173 1742 μετὰ
183 1708 232 1742 τῆς
258 1707 436 1742 Καισαρείας.
453 1706 550 1733 Ἰστέον
573 1706 614 1732 ὅτι
638 1706 697 1737 τοῖς
722 1704 889 1740 παρελθοῦσι

101 1755 207 1790 χρόνοις
222 1755 252 1780 τὸ
267 1753 315 1780 τοῦ
327 1754 448 1786 Χοζάνου
458 1753 530 1786 Οέμα
544 1752 600 1787 (26)
617 1752 669 1779 ὑπὸ
683 1751 737 1778 τῶν
759 1752 888 1786 Σαρακη-

100 1801 154 1827 νῶν
166 1797 210 1835 ἦν,
231 1800 330 1835 ὁμοίως
346 1800 392 1826 ita).
416 1799 446 1826 τὸ
475 1798 522 1825 τοῦ
552 1797 721 1834 Ἀσμοσάτου
749 1797 819 1833 θέμα
842 1797 889 1824 καὶ

100 1847 172 1879 αὐτὸς
186 1845 238 1872 ὑπὸ
252 1846 305 1872 τῶν
325 1845 492 1880 Σαρακηνῶν
510 1842 554 1879 ἦν,
575 1844 611 1870 Τὸ
629 1844 658 1870 δὲ
675 1843 789 1875 Χανζῒτ,
805 1843 851 1869 καὶ
871 1843 888 1879 ἡ

107 1891 318 1927 Ῥωμανόπολις,
350 1890 497 1926 χλιισοῦρα
519 1890 573 1917 τῶν
608 1890 807 1917 Μελιτινιατῶν
828 1889 886 1925 (27)

101 1938 233 1972 ὑπῆρχον.
248 1937 302 1963 Καὶ
313 1937 367 1963 ἀπὸ
377 1936 424 1962 τοῦ
435 1937 513 1972 ὄρους
541 1936 588 1962 τοῦ
627 1936 774 1963 Φατιλάνου
799 1937 888 1962 πάντα

99 1985 134 2010 τὰ
147 1983 248 2010 ἐκεῖθεν
263 1982 317 2009 τῶν
340 1982 506 2018 Σαραχηνῶν
534 1982 666 2016 ὑπῆρχεν.
694 1982 730 2008 T6
747 1981 776 2008 δὲ
797 1982 888 2015 Τεκῆς

99 2028 134 2066 ἦν
147 2029 194 2056 τοῦ
212 2029 351 2064 Μανουήλ.
381 2030 413 2056 'H
438 2029 466 2055 δὲ
494 2028 615 2063 Κάμαχα
639 2030 655 2063 1)
681 2028 789 2064 τοῦρμα
814 2029 888 2064 ἄκρα

101 2075 239 2106 Κολωνίας
265 2073 299 2111 ἦν
313 2084 320 2090 ·
331 2076 347 2110 1)
359 2075 388 2101 δὲ
401 2075 450 2109 τῆς
465 2074 615 2108 Κελτζινῆς
637 2074 744 2108 τοῦρμα
763 2075 816 2101 ὑπὸ
839 2076 888 2107 τὴν

100 2121 218 2148 Χαλδίαν
248 2119 292 2156 ἦν.
317 2120 349 2147 Ἦ
375 2120 403 2146 δὲ
422 2119 622 2154 Μεσοποταμία
642 2120 680 2155 τῷ
704 2120 764 2146 τότε
799 2120 887 2155 καιρῷ

101 2168 170 2203 ῢέμα
183 2167 233 2194 οὐκ
253 2165 286 2202 ἦν
299 2175 307 2184 ”
325 2167 402 2193 Λέων
420 2166 448 2192 δὲ
460 2165 660 2200 ὁ¹φιλόχριστος
692 2166 739 2192 καὶ
765 2165 889 2200 ἀοίδιμος

946 253 1182 281 Leoneathemate
1195 253 1426 281 Buccellariorum
1441 255 1468 281 in
1479 253 1624 281 Charsiani
1638 254 1731 281 thema

947 299 1080 326 translata
1093 303 1159 326 sunt
1176 299 1232 325 haec
1246 299 1348 330 banda,
1362 299 1514 326 vicariatus
1528 298 1731 334 Myriocephali,

945 344 1107 372 venerandae
1133 344 1237 376 crucis,
1263 348 1290 371 et
1309 344 1529 379 Berinopoieos;
1556 345 1682 380 factaque
1697 352 1731 371 ex

944 389 979 416 iis
1000 389 1050 416 fuit
1068 394 1169 422 turma,
1184 397 1244 424 qua:
1263 397 1336 417 nunc
1351 391 1483 424 temporis
1499 389 1620 417 Saniana
1635 391 1730 425 appel-

945 435 1026 462 latur.
1040 435 1318 463 AbArmeniacorum
1329 443 1395 462 vero
1407 436 1528 463 themate
1541 437 1570 463 in
1585 436 1730 463 Charsiani

944 481 1035 507 thema
1063 481 1121 508 haec
1139 482 1229 508 banda
1244 482 1378 508 translata
1394 485 1476 514 sunt;
1499 487 1564 516 puta
1581 481 1731 509 vicariatus

943 524 1130 557 Comodromi.
1143 530 1168 553 et
1179 526 1329 553 vicariatus
1351 526 1461 558 Tabiae;
1481 526 1635 560 adjectique
1655 525 1731 553 fuere

942 572 1081 606 praedicta;
1103 572 1248 598 Charsiani
1271 576 1378 598 turmas.
1394 571 1415 599 E
1429 571 1620 606 Cappadocum
1639 574 1729 598 autem

942 618 1062 645 themate
1078 618 1104 644 in
1119 618 1263 646 Charsiani
1281 616 1378 644 itidem
1396 618 1486 645 thema
1508 617 1640 644 translata
1653 617 1730 644 l'nerc

944 663 1001 690 hac
1015 663 1102 690 bamla
1115 672 1122 695 ;
1136 663 1264 690 universa
1278 671 1376 698 nempe
1393 669 1481 690 turma
1496 663 1591 694 Cascs,
1603 654 1633 689 let
1651 662 1729 689 Vica-

943 707 1029 734 riatus
1055 707 1150 742 Nysae
1163 716 1225 735 cum
1253 708 1387 735 Cmsarea.
1407 707 1528 735 Chozani
1552 715 1617 734 vero
1635 707 1727 733 thema

941 751 1006 778 olim
1022 756 1082 778 erat
1095 752 1145 779 sub
1163 753 1320 784 Saracenis.
1338 754 1565 788 quemadmodum
1589 757 1615 779 et
1628 751 1726 779 Asmo-

942 798 1005 825 sati.
1024 795 1139 825 Chanzi't
1155 807 1232 831 vero,
1258 803 1285 826 et
1304 799 1503 834 Romanopolis
1519 799 1636 826 rlusurae
1648 802 1728 826 erant

943 843 1177 872 Melitiniatorum.
1196 844 1228 871 Et
1246 852 1260 872 a
1280 850 1372 873 monte
1399 845 1554 877 Phatilauo,
1584 852 1644 880 qum
1659 845 1727 872 ulte-

944 889 1002 917 rius
1022 889 1127 924 jat-ent,
1145 890 1197 917 sub
1215 890 1361 919 Saracenis
1375 895 1470 923 erant;
1498 890 1584 917 Teces
1597 898 1661 917 vero
1677 891 1730 918 sub

943 934 1077 967 Manuele.
1094 935 1127 962 At
1138 935 1274 963 Camacha
1289 942 1376 963 turma
1398 936 1634 972 propugnaculum
1647 936 1730 964 Colo-

942 981 994 1007 nia!
1008 984 1078 1013 erat,
1097 981 1179 1008 sicuti
1195 981 1333 1009 Celtzincs
1352 986 1444 1008 turma
1459 981 1492 1008 ad
1511 981 1653 1008 Chaldiam
1669 988 1729 1016 per-

941 1027 1068 1061 tinebat;
1097 1027 1144 1055 sed
1170 1027 1368 1062 Mesopotamia
1395 1032 1461 1054 tunc
1492 1027 1625 1062 temporis
1637 1027 1728 1054 thema

941 1080 994 1100 non
1019 1077 1078 1100 erat
1096 1082 1103 1100 :
1121 1078 1148 1100 at
1162 1072 1216 1100 Leo
1232 1073 1278 1101 ille
1300 1073 1403 1101 Christi
1423 1080 1519 1100 amans
1538 1077 1564 1100 et
1578 1073 1728 1108 praeclarus

941 1117 1090 1153 imperator
1108 1117 1261 1146 Manueletn
1276 1118 1353 1146 illum
1371 1119 1519 1145 securitate
1533 1119 1618 1145 verbo
1629 1118 1691 1145 data
1713 1126 1729 1146 ο

941 1163 1011 1192 Tece
1025 1164 1154 1192 eductum
1171 1165 1198 1192 in
1218 1165 1311 1192 urbem
1331 1164 1588 1200 Protospatharium
1611 1165 1726 1192 creavit.

941 1208 1025 1234 Erant
1046 1212 1135 1235 autem
1160 1209 1223 1236 huic
1238 1208 1353 1235 Manueli
1380 1215 1500 1242 quatuor
1517 1209 1576 1240 lilii.
1595 1209 1727 1236 nitnirum

940 1251 1140 1283 Paneratucas,
1163 1251 1330 1282 Jachnucas.
1347 1252 1507 1287 Mudaphar.
1525 1258 1552 1280 et
1574 1252 1695 1280 Joannes
1717 1260 1726 1279 :

940 1300 967 1323 et
982 1295 1172 1323 Pancratncan
1187 1296 1296 1330 quidem
1311 1296 1461 1330 imperator
1475 1296 1639 1323 Hicanatum
1655 1304 1728 1323 crea-

942 1341 990 1372 vit,
1017 1344 1045 1367 et
1071 1340 1150 1375 136
1173 1340 1271 1368 deinde
1301 1344 1445 1375 praetorem
1475 1341 1727 1373 Buccellariorum;

939 1385 1110 1413 Jaeimucam
1137 1391 1257 1420 praetura
1287 1386 1450 1421 Nicopoleos
1479 1387 1609 1420 donavit;
1635 1389 1729 1416 Muda-

941 1432 1010 1468 phar
1026 1439 1090 1459 vero
1105 1436 1133 1458 et
1146 1431 1246 1458 Joanni
1259 1432 1430 1466 itnperialem
1449 1437 1552 1460 terram
1577 1434 1605 1461 in
1622 1433 1726 1467 Trape»

941 1482 1023 1504 zunte
1036 1476 1122 1509 dedit,
1139 1476 1321 1511 dignitatibus
1333 1484 1430 1506 omnes
1443 1482 1470 1506 et
1484 1479 1624 1506 beneficiis
1635 1479 1728 1508 multis

942 1522 1136 1549 cohonestans.
1159 1521 1191 1549 Et
1217 1521 1442 1556 Mesopotamiam
1458 1524 1485 1551 in
1504 1524 1594 1552 thema
1611 1525 1727 1561 redegit,

941 1575 972 1594 at:
991 1566 1106 1595 Oresten
1124 1567 1201 1594 illum
1216 1567 1418 1596 Charsianitem
1439 1574 1584 1604 praetorem
1599 1572 1728 1606 designa-

941 1613 990 1644 vit,
1008 1616 1170 1648 turmasque
1184 1613 1330 1641 Catnachar
1344 1618 1372 1641 et
1388 1614 1527 1643 Celtzincs
1543 1619 1609 1643 tunc
1621 1620 1727 1651 tempo-

941 1657 980 1684 ris
1000 1658 1052 1685 suh
1065 1658 1186 1686 themate
1201 1658 1405 1694 Mesopotamia:
1420 1661 1578 1689 constituit.
1593 1662 1656 1690 Haec
1669 1653 1728 1689 6m—

941 1704 986 1731 nia
1000 1708 1090 1731 autem
1107 1711 1170 1731 cum
1199 1712 1289 1740 nuper
1305 1705 1356 1732 sub
1377 1706 1501 1734 dominio
1518 1707 1574 1734 sint
1592 1706 1728 1734 Romanu-

940 1758 1002 1777 rnm
1016 1750 1140 1777 Romano
1149 1749 1301 1784 imperante
1310 1750 1342 1778 ad
1355 1750 1559 1786 Mesopotamiae
1571 1752 1662 1780 thema
1677 1753 1728 1780 ad-

940 1797 1005 1824 dita:
1033 1803 1144 1832 quoque
1170 1795 1282 1823 fuerunt
1312 1796 1523 1832 Romanopolis,
1547 1802 1574 1826 et
1601 1799 1727 1826 Chanzit.

941 1842 998 1870 Sub
1026 1841 1117 1870 Leone
1132 1847 1223 1871 autem
1240 1842 1345 1870 Christi
1359 1848 1470 1871 amante
1483 1844 1651 1879 imperatore
1676 1845 1728 1872 La-

940 1889 1011 1916 rissa
1026 1887 1159 1915 Sebastia:
1175 1893 1265 1915 turma
1279 1893 1350 1920 erat,
1369 1894 1399 1916 ut
1411 1889 1584 1924 Cymbalaaus
1601 1890 1729 1918 Charsia-

941 1935 967 1961 ni
986 1939 1034 1960 :at
1053 1934 1227 1969 Symposium
1244 1934 1454 1962 desertumerat
1473 1935 1506 1962 ad
1522 1935 1644 1970 Lycandi
1666 1944 1726 1970 pur-

940 1982 982 2005 tes
995 1979 1090 2005 situm.
1108 1978 1264 2012 lmperante
1277 1982 1368 2005 autem
1384 1978 1481 2005 eodem
1503 1977 1605 2005 Christi
1619 1985 1729 2006 amante

940 2023 1031 2051 Leone
1044 2023 1208 2050 Eustathius
1220 2023 1321 2058 Διωντί
1341 2024 1375 2050 ab
1391 2024 1475 2051 exilio
1491 2028 1637 2051 revocatus
1649 2024 1730 2052 Char-

941 2069 1012 2096 siaui
1028 2073 1130 2104 prtetor
1147 2069 1237 2097 factus
1249 2074 1310 2100 est;
1327 2068 1422 2096 Helias
1436 2077 1502 2097 vero
1526 2070 1617 2097 adltuc
1632 2070 1659 2097 in
1676 2071 1729 2098 Me-

943 2115 1025 2142 Iiteue
1038 2114 1193 2142 exsulabat.
1213 2114 1246 2141 Et
1266 2113 1417 2143 Baasacius
1437 2123 1499 2142 cum
1515 2115 1623 2143 duobus
1637 2116 1729 2144 fratri-

941 2161 993 2188 bus
1009 2160 1150 2188 Cricorice
1165 2167 1197 2187 ac
1221 2159 1341 2194 Pazune,
1359 2161 1424 2188 item
1444 2161 1542 2188 lsmael
1570 2161 1615 2189 ille
1632 2163 1728 2190 Arme-

102 2213 226 2249 βισιλεὺς
240 2212 286 2239 τόν
299 2211 428 2247 Μανουὴλ
440 2212 544 2238 ἐκεῖνον
555 2210 609 2237 ἀπὸ
624 2210 672 2236 τοῦ
697 2210 786 2245 Τεκῆς
819 2210 888 2245 μετὰ

943 2207 1017 2240 nius,
1029 2211 1056 2234 et
1070 2206 1103 2233 ad
1116 2206 1193 2233 illum
1209 2206 1292 2234 simul
1307 2211 1333 2233 et
1351 2206 1385 2233 ad
1400 2206 1548 2242 Argyrum,
1560 2216 1640 2242 quem
1659 2208 1731 2235 dixi-

100 2259 178 2293 λῆγου
195 2258 339 2294 ἐξήγαγεν,
356 2259 404 2284 καὶ
417 2258 446 2284 ἐν
456 2259 488 2293 τῇ
501 2257 576 2284 πόλει
590 2257 671 2283 αὑτὸν
687 2257 887 2292 είσήγαγε,καὶ

103 2304 348 2339 πρωτοσπαθάριον
365 2303 527 2338 πεποίηκεν.
550 2303 626 2338 Ἔχει
642 2303 669 2329 δὲ
685 2303 699 2330 6
715 2303 796 2334 αὐτὸς
810 2303 887 2331 Μαύ-

102 2350 408 2385 νουὴλ“υἱοὺςτέσσαρας,
416 2349 461 2376 τὸν
468 2348 696 2384 Παγκρατούκαν.
706 2348 752 2375 τὸν
767 2349 882 2383 Ίαχνού-

942 2261 1013 2284 mus,
1035 2252 1218 2288 scripserunt,
1237 2256 1265 2279 ut
1284 2259 1331 2287 per
1347 2252 1450 2280 bullam
1468 2260 1580 2280 auream
1598 2253 1662 2279 data
1674 2253 1727 2281 sibi

940 2300 1092 2328 securitate
1105 2299 1224 2330 exirent,
1251 2302 1278 2326 et
1292 2298 1441 2327 Baasacius
1461 2299 1572 2334 quidem
1591 2307 1653 2326 cum
1671 2299 1728 2327 fra-

938 2346 1029 2374 tribus
1046 2344 1165 2372 Larisste
1179 2344 1259 2372 sedes
1273 2349 1398 2379 poneret,
1411 2350 1612 2380 vocareturque
1629 2345 1730 2372 Baasa-

102 2405 161 2428 καν,
176 2396 221 2422 τὸν
240 2396 401 2430 Μουδάφαρ,
418 2395 465 2422 καὶ
484 2395 530 2422 τὸν
548 2395 684 2428 Ἰωάννην·
698 2395 745 2421 καὶ
768 2395 813 2421 τὸν
836 2395 886 2429 μὲν

943 2392 998 2420 eius
1013 2391 1130 2418 Larissa
1142 2389 1348 2423 Clisuriarcha;
1373 2390 1447 2424 quod
1460 2391 1540 2417 etiarn
1554 2390 1654 2417 factum
1669 2394 1727 2423 est;

103 2441 319 2474 Παγκρατούκαν
335 2442 391 2477 (28)
406 2443 419 2468 ό
433 2440 563 2476 βασιλεὺς
585 2440 713 2467 ἱκανάτον
738 2440 883 2474 πεποίηκε,

103 2489 145 2512 καὶ
160 2487 228 2521 μετὰ
243 2487 321 2513 τοῦτο
335 2487 486 2521 στρατηγὸν
504 2487 544 2518 είς
563 2487 627 2517 τοὺς
645 2486 857 2521 Βουκελλαρὶους
872 2493 879 2500 ·

103 2531 146 2558 τὸν
155 2531 184 2557 δὲ
200 2531 410 2566 Ἰαχνούνιανεῐς
423 2531 570 2558 Νικόπολιν
582 2531 736 2566 στρατηγὸν
757 2530 879 2564 ἐποίησε.

103 2578 145 2604 τὸν
162 2576 312 2612 Μουδάφαρ
328 2577 432 2604 καὶτὸν
449 2577 575 2612 Ἰωάννην
594 2576 623 2602 ὲν
643 2576 829 2612 Τραπεζοῦντι
841 2577 885 2603 δί’

939 2437 1035 2465 lsmacl
1051 2440 1142 2464 autem
1171 2435 1316 2471 Symposii
1329 2436 1536 2470 Clisuriarcha;
1553 2436 1646 2464 Melias
1663 2445 1729 2464 vero

940 2482 1104 2518 Euphratite,
1119 2481 1296 2517 Trypiorum,
1316 2486 1344 2509 et
1359 2482 1460 2510 deserti
1473 2484 1633 2510 turntarcha
1647 2483 1728 2516 foret;

934 2530 961 2557 id
980 2529 1049 2564 quod
1066 2528 1167 2555 factum
1196 2533 1249 2556 est.
1272 2528 1440 2557 Melitinialis
1452 2537 1518 2556 vero
1534 2529 1728 2557 excursionem

942 2574 1117 2602 facientibus.
1148 2574 1315 2610 lsmaeleque
1339 2575 1459 2608 sublato,
1487 2574 1663 2610 Symposium
1679 2576 1727 2604 de-

694 2623 847 2650 ANSELMI
861 2620 1022 2650 BANDURII
1036 2620 1151 2648 NOTIE.

138 2669 194 2704 (25)
205 2668 251 2696 Sic
276 2677 309 2696 ex
322 2677 374 2696 ms.
388 2669 493 2697 codice.
510 2669 600 2697 Locus
612 2671 641 2697 in
656 2670 738 2697 editis
753 2670 881 2697 mutilus.

137 2705 192 2740 (ἰοί)
208 2704 317 2740 Βάνδον,
343 2704 444 2740 Cll/101:8
468 2705 605 2737 militaris,
632 2705 786 2739 prasidium
808 2705 881 2731 mili-

106 2739 168 2767 tare.
186 2740 252 2767 Vide
267 2739 396 2774 Ducangii
417 2739 507 2767 Gloss.
521 2740 609 2766 Graec.

136 2774 192 2811 (25)
210 2773 462 2811 Tonornpﬁstatliic
488 2774 650 2811 Vicariattts.
665 2773 738 2811 ltlctn
759 2773 883 2811 Porphy-

105 2808 240 2845 rugenitus
255 2808 329 2836 libfi
348 2808 392 2836 Vde
403 2808 574 2845 Tltem.’eap.
590 2810 633 2841 16,
645 2810 683 2836 ait
699 2808 883 2844 στρατηγίδας

106 2844 148 2872 seu
165 2845 348 2880 prwfectnras,
367 2845 470 2881 divisas
496 2844 581 2872 inisse
605 2844 800 2881 domomum,
824 2848 883 2872 tur-

108 2887 161 2908 mas
177 2888 240 2908 vero
255 2881 293 2912 εἰς
311 2880 402 2916 βάνδσ,
421 2879 479 2915 ἦτοι
494 2879 704 2916 τοποτηρησίας.

975 2668 1031 2702 (26)
1048 2667 1125 2700 Quod
1150 2666 1194 2693 hic
1215 2665 1335 2702 Χοζᾲνον
1351 2670 1401 2698 est,
1415 2665 1614 2702 Constantinus
1631 2666 1728 2699 Γοιζά-

937 2712 982 2729 νον
997 2703 1092 2729 scrilrl
1109 2702 1155 2728 lih.
1172 2711 1178 2728 ι
1200 2702 1234 2728 (le
1254 2701 1350 2727 Them.
1369 2708 1430 2729 can.
1444 2701 1470 2727 8.

974 2738 1030 2772 (i7)
1046 2737 1091 2772 Sit:
1107 2745 1159 2762 tus.
1170 2736 1430 2772 Editihabenlﬁdw
1438 2736 1726 2772 Μηλητιαιιητῶν,ειο,

975 2770 1030 2806 (28)
1064 2771 1136 2808 Idem
1170 2770 1424 2806 Porphyrogenitus
1451 2772 1498 2798 lib.
1514 2770 1539 2804 Vl,
1567 2770 1601 2799 de
1625 2773 1722 2801 Thom.

937 2816 996 2842 cap.
1015 2808 1041 2839 υ,
1056 2812 1111 2833 tres
1126 2806 1226 2842 lt'atres
1240 2812 1438 2842 commemorat
1462 2811 1578 2838 tantum,
1593 2813 1620 2834 et
1636 2809 1728 2836 diver-

938 2840 979 2870 sts
991 2841 1162 2873 nominibus,
1180 2840 1311 2869 nituit'uut
1329 2840 1541 2875 Puncratueatu,
1567 2842 1725 2876 [‘ucriCaut,

937 2884 964 2906 ct
981 2877 1143 2905 Tuuturam.
