1938 3070
70 134 129 167 381

609 146 657 175 DE
675 147 991 182 ADMINISTRANDO
1007 153 1126 183 IMPER
1132 154 1180 184 ῙΟ.

1657 159 1710 189 382

71 193 126 219 καὶ
144 194 230 249 μάχαι
245 195 391 229 γεγόνασιν
403 206 409 213 ·
421 199 465 226 ὅτε
479 199 534 236 γὰρ
549 201 720 237 Σταυράκιο;
735 205 749 230 ὸ
763 205 868 237 Πλατὺς

922 206 1014 243 Platys
1032 207 1160 236 lletnerio
1177 210 1299 238 Praticio
1321 214 1347 238 et
1368 211 1527 247 Logothctae
1546 221 1646 241 cursus
1663 223 1710 249 pu-

71 239 118 270 εῐς
137 238 184 265 τὸν
202 240 347 276 πατρίκιον
373 243 500 280 Ἣμέριον
522 247 570 273 καὶ
585 247 731 284 λογοθέτην
748 250 795 276 τοῦ
810 251 871 286 δρό-

74 293 135 319 μου
151 286 270 322 uappa».
287 288 324 318 ὡς
339 288 386 316 ἅτε
403 292 467 326 παρ’
480 292 562 319 αὑτοῦ
578 294 618 326 εἰς
632 295 678 321 τὸν
691 295 802 330 βασιλέα
821 306 871 332 με-

72 333 227 366 σιτευθεὶς,
256 335 294 370 τῷ
323 337 354 364 ὲκ
373 338 518 373 προσώπου
551 340 693 377 Εὑσταθὲῳ
709 343 869 376 ἀντέπιπτε,

74 380 129 406 καὶ
149 381 268 414 μάλιστα
285 383 413 415 ἐναντίως
431 381 514 420 εἶχεν,
527 387 556 413 ἔν
572 385 612 419 οἷς
631 388 714 414 αὑτὸν
729 388 802 424 ἑώρα
818 389 871 422 ἔξω

73 427 126 454 τοῦ
148 428 255 460 δέοντός
272 438 298 456 τι
314 430 576 468 διαπραττόμενονή
594 434 642 461 καὶ
653 436 868 470 προστάττοντα.

74 473 146 500 ’Ὅτε
161 474 189 501 δὲ
207 475 289 502 πάλιν
301 477 315 502 ὁ
330 477 362 503 ὲκ
385 477 532 513 προσώπου
558 480 707 513 Εὑστάθιος
738 481 807 517 πρὸς
824 482 870 509 τὸν

73 519 248 554 Σταυράκιον
264 522 381 550 διέκειτο
401 523 555 560 ἐχθρωδῶς,
571 526 618 552 καὶ
635 526 735 558 πολλὰς
748 528 808 554 κατ’
821 528 870 555 αὑ-

73 565 126 592 τοῦ
144 567 282 600 ἐπιθέσεις
298 569 343 595 καὶ
361 570 486 605 μηχανὰς
499 571 658 599 ἐπλάττετο.
678 573 760 600 Ὀοεν
778 574 870 606 αἰτίας

73 613 88 639 ὁ
119 615 288 649 προρῤηθεὶς
303 615 453 648 Εὐστάθιος
470 618 541 644 κατὰ
565 618 613 644 τοῦ
634 619 804 654 Σταυρακίου
824 621 871 646 ἀν-

74 659 194 693 ήγαγεν,
210 660 247 691 ὡς
264 660 301 687 Τὸ
327 661 383 688 τῶν
405 662 623 698 Κιόυῤῥαιωτῶν
640 664 712 699 θέμα
727 665 774 691 δύο
792 673 870 699 στρα-

73 704 181 738 τηγοὺς
209 704 282 740 ἔχειν
310 706 341 732 οὐ
368 706 489 740 δύναται,
516 708 637 743 δηλονότι
667 710 717 744 ἐμὲ
746 710 794 736 καὶ
825 710 871 736 τὸν

74 748 250 784 Σταυράκιον
278 751 324 778 καὶ
349 753 494 780 κατεπὰνω
517 754 681 789 Μαρδαῐτῶν
694 764 701 771 ·
734 755 802 783 ἄλλα
817 756 872 791 γὰρ

75 794 148 829 ἐμοῦ
177 797 393 831 προστάττοντος
421 799 467 826 καὶ
486 800 598 827 διοικεῖν
630 801 778 834 ἐθέλοντος,
803 802 871 829 ἄλλα

75 842 169 867 ποιεῖν
195 842 209 867 ὸ
238 843 386 870 κατεπάνω
410 845 575 880 Μαρδαῖτων
589 846 726 880 βούλεται,
743 848 791 874 καὶ
806 848 871 875 αὺτ-

77 886 204 919 εξούσιος
220 887 258 914 ὣν
271 888 304 915 τὰ
318 889 393 924 αὐτῷ
411 890 542 917 δοκοῦντα
570 892 692 926 μανικῶς
706 892 869 928 διαπράττε-

76 939 136 958 ται.
159 931 293 966 Ἀνήγαγε
304 933 332 959 δὲ
350 935 395 961 καὶ
419 934 502 967 ἄλλας
528 935 704 970 ψευδολογίας
719 937 805 969 τινὰς,
822 939 870 965 καὶ

77 977 182 1010 πολλὰς
197 980 320 1014 μηχανὰς
335 981 395 1007 κατ’
410 981 492 1008 αὐτοῦ
511 983 700 1018 συνερράψατο
710 1006 718 1017 ,
740 984 790 1016 τὰς
820 985 870 1019 μὲν

77 1023 202 1056 πιθανῶς
214 1024 330 1058 συνθεὶς,
345 1026 394 1057 τὰς
409 1026 437 1053 δὲ
450 1028 657 1061 συκοφαντικῶς
672 1037 702 1055 τε
726 1030 772 1056 καὶ
789 1039 870 1064 μανι-

77 1068 137 1100 κῶς
161 1069 397 1106 ἁναπλασάμενος.
424 1072 477 1098 Καὶ
490 1070 567 1105 οὗτος
580 1074 702 1109 δηλονήτι
717 1076 756 1112 τῷ
771 1085 869 1111 πατρι-

77 1117 132 1152 κίῳ
162 1118 284 1154 Ἦμερίῳ
314 1121 358 1146 καὶ
383 1120 518 1157 λογοθέτῃ
553 1121 601 1148 τοῦ
628 1121 729 1157 δρόμου
760 1123 870 1158 θαρρῶν

77 1162 166 1190 ταῦτα
177 1163 308 1200 ἔγραψεν.
329 1166 390 1192 Ἐπὶ
403 1166 431 1192 δὲ
444 1166 482 1201 τῷ
495 1167 555 1193 τότε
570 1167 658 1202 καιρῷ
676 1168 752 1202 φίλος
767 1169 869 1195 E5311-

79 1208 141 1235 θίου
162 1210 263 1244 μᾶλλον
278 1208 312 1246 ἦν
330 1212 343 1238 ὁ
358 1212 504 1247 πατρίκιος
529 1213 677 1248 Ἠμέριος,
696 1214 768 1248 ἢπερ
784 1214 867 1240 Σταυ-

81 1255 200 1289 ρακίου,
236 1255 287 1282 κΞιν
319 1255 431 1291 ὕστερον
471 1256 572 1292 ἔχθραν
601 1257 694 1290 θέντες
721 1259 871 1294 ἀμφότεροι

79 1301 184 1336 ἔχθρας
213 1301 363 1337 ἀνάμεστοι
391 1303 438 1330 καὶ
466 1303 567 1338 μανίας
590 1304 704 1339 πλήρεις
731 1306 871 1338 γεγόνασι.

80 1346 138 1382 Τὴν
154 1345 201 1374 οὖν
216 1348 344 1384 τοιαύτην
369 1349 508 1384 ἀναφορὰν
532 1349 682 1376 Εὐσταθίου
699 1348 844 1384 δεξάμενος
859 1352 873 1377 ὁ

83 1393 221 1428 βασιλεὺς,
248 1395 296 1421 καὶ
314 1396 346 1430 τῇ
371 1396 480 1430 αἰτήσει
499 1396 546 1423 τοῦ
571 1396 718 1432 πατρικίου
741 1397 872 1432 Ἡμερίου

82 1441 218 1474 πεισθεὶς,
248 1442 350 1469 δέδωκε
366 1443 414 1478 τὴν
431 1442 479 1469 τοῦ
495 1443 617 1470 τοιούτου
635 1443 781 1470 κατεπάνω
798 1444 873 1476 ἐξου-

83 1486 145 1514 σιαν
161 1487 200 1524 τῷ
222 1488 465 1524 πρωτοσπαθαρίῳ
491 1490 634 1524 Εὑσταθιῳ
657 1489 697 1525 τῷ
725 1491 757 1517 ὲκ
786 1499 872 1525 προσ-

82 1533 170 1561 ώπου.
195 1534 241 1570 Τῷ
264 1534 293 1561 δὲ
324 1535 451 1570 μακαρίῳ
474 1535 580 1570 βασιλεῖ
598 1536 644 1562 τὸν
667 1535 725 1570 βίον
742 1536 796 1563 ἀπὸ
817 1536 907 1573 τῶνα

83 1579 160 1605 κάτω
171 1579 226 1615 (51)
242 1580 310 1613 πρὸς
337 1581 371 1607 τὰ
387 1581 443 1607 ἄνω
461 1581 673 1616 μετηλλαχότος,
697 1581 872 1618 Ἀλέξανδρος

82 1625 98 1651 δ
115 1624 229 1659 ἁδελφὸς
249 1625 331 1652 αὑτοῦ
345 1625 393 1652 τοῦ
415 1627 616 1663 αὐτοκράτορος
630 1628 718 1663 ἀρχῆς
735 1629 873 1664 ἐγκρατὴς

84 1670 215 1704 γεγονὼς,
229 1671 266 1702 ὡς
283 1671 389 1704 πάντας
402 1673 465 1704 τοὺς
491 1673 543 1700 ὑπὸ
565 1673 613 1700 τοῦ
639 1674 774 1709 μακαρίου
794 1674 872 1709 βασι-

84 1716 152 1747 λέως
166 1717 213 1743 καὶ
228 1717 343 1752 ἀδελφοῦ
359 1718 442 1745 αὐτοῦ
460 1719 667 1754 προκληθέντας
688 1719 716 1747 ἐν
731 1729 803 1746 τισιν
819 1721 872 1756 ἁρ-

85 1764 146 1798 χαῐς
170 1762 317 1796 διεδέξατο,
348 1765 526 1800 χαιρεκάκοις
546 1766 594 1792 καὶ
623 1765 801 1798 κακοὸούλοις
823 1767 873 1793 ἀν-

84 1809 164 1843 δράσι
187 1810 323 1842 πεισθεὶς,
350 1809 422 1837 οὕτω
434 1810 467 1845 δὴ
481 1811 528 1838 καὶ
543 1811 589 1838 τὸν
606 1811 801 1847 προρρηθέντα
820 1812 873 1839 Εὐ-

86 1854 194 1882 στάθιον
206 1855 352 1888 διεδέξατο,
364 1857 412 1883 καὶ
427 1856 485 1883 ἀντ’
503 1856 586 1883 αὑτοῦ
604 1857 754 1892 πεποίηκεν
766 1858 870 1894 ἕτερον.

89 1899 120 1926 '0
131 1900 184 1936 γὰρ
196 1901 271 1928 Χασὲ
293 1903 396 1933 ἐκεῖνος
411 1902 425 1928 ὀ
443 1902 476 1929 ὲκ
499 1903 668 1938 Σαρακηνῶν
683 1903 723 1938 τῷ
735 1903 809 1938 γένει
824 1905 873 1940 ὀρ·

86 1946 222 1980 μώμενος,
241 1946 400 1981 Σαρακηνὸς
414 1946 443 1973 δὲ
457 1945 496 1981 τῷ
510 1947 566 1973 ὄντι
591 1949 624 1983 τῇ
643 1947 740 1984 γνώμῃ
767 1950 814 1975 καὶ
832 1949 872 1984 τῷ

83 1992 177 2027 τρόπῳ
203 1993 253 2018 καὶ
264 1994 297 2028 τῇ
310 1992 423 2027 λατρεία
445 1993 585 2026 διατελῶν,
613 1995 626 2020 ὁ
654 1994 702 2021 τοῦ
725 1995 870 2030 πατρικίου

84 2037 224 2072 Δαμιανοῦ
245 2037 348 2070 δοῦλος,
377 2038 437 2064 ἐπεὶ
462 2037 562 2072 πολλὴν
580 2039 738 2074 παρρησίαν
761 2036 817 2074 εἶχε
832 2040 871 2074 τῷ

83 2085 142 2111 τότε
160 2083 260 2120 καιρῷ,
270 2085 284 2111 ὁ
299 2083 547 2120 πρωτοσπαθάριος
561 2081 640 2116 οὗτος
655 2085 728 2111 Χαςὲ
744 2085 812 2121 πρὸς
824 2086 870 2112 τὸν

85 2128 162 2163 κῦριν
185 2129 361 2164 Ἀλέξανδρον
389 2129 435 2156 τὸν
466 2129 590 2164 βασιλέα,
621 2130 754 2162 ὡσαύτως
780 2131 828 2157 καὶ
854 2131 869 2157 ό

84 2174 328 2210 πρωτοσπαθάριος
341 2174 365 2201 Ν
369 2174 464 2210 ικήτας
479 2175 493 2200 ό
508 2175 623 2210 ἀδελφὸς
638 2176 686 2202 τοῦ
701 2176 785 2208 Χασὲ,
798 2177 812 2203 ὁ
823 2177 870 2203 καὶ

83 2221 136 2247 τῶν
160 2221 377 2257 Κιῦυρῤαιωτῶν
405 2222 560 2257 στρατηγδς
578 2223 700 2256 γεγονὼς
719 2223 794 2258 παρὰ
823 2223 871 2250 τοῦ

85 2268 164 2294 αὑτοῦ
182 2268 267 2303 κυροῦ
284 2268 460 2302 Ἀλεξάνδρου
476 2271 524 2294 τοῦ
543 2267 686 2303 βασιλέως.
698 2269 727 2295 '0
743 2269 870 2303 Νικήτας

84 2312 129 2342 οὖν
153 2312 231 2347 οὗτος
257 2316 272 2341 ὁ
292 2315 407 2350 ἀδελφὸς
433 2315 481 2342 τοῦ
508 2315 712 2352 προῤῥηοὲντος
729 2316 804 2342 Χασὲ
822 2316 869 2342 τὸν

86 2362 195 2397 βασιλέα
211 2362 343 2397 ᾐτήσατο,
360 2362 401 2389 ὃτι
418 2361 461 2393 Ὠς
477 2362 589 2398 ἀρχαῖόν
605 2370 652 2389 σου
669 2361 745 2396 φίλον
761 2363 872 2397 εὐεργε-

84 2409 136 2434 τεῖν
153 2416 186 2443 με
200 2408 392 2450 πρέπονοὲστὶν
402 2428 410 2439 ,
427 2407 456 2434 ἓν
472 2408 500 2435 δὲ
516 2408 584 2442 πρὸς
598 2408 648 2443 τὴν
661 2408 802 2443 βααιλείαν
821 2416 868 2434 σου

85 2454 185 2488 αἰτημα-
200 2453 264 2488 Exta,
278 2454 324 2481 καὶ
339 2454 442 2481 δίκαιόν
456 2456 530 2481 ἐστιν
543 2454 704 2481 εἰσακοῦσαι
730 2463 792 2488 μου.
809 2454 863 2480 Τοῦ

85 2501 112 2527 δὲ
126 2500 257 2535 βασιλέως
285 2500 499 2536 διαπορουμένου
526 2501 574 2527 καὶ
593 2501 814 2536 ἁντερωτῶντος,
841 2500 867 2526 τι

85 2545 116 2572 ἂν
129 2546 170 2580 εῑη
186 2545 265 2571 τοῦτο
280 2546 312 2572 τὸ
325 2547 441 2581 αἴτημα,
457 2547 503 2572 καὶ
519 2546 587 2579 ὅπερ
597 2546 644 2573 ἐὰν
656 2547 730 2573 ἐστὶν
745 2546 867 2573 ὑπακοῦ-

87 2598 129 2617 σαι
143 2589 330 2626 ὑποσχομένου
345 2589 413 2626 (32),
438 2591 451 2617 ὁ
468 2590 636 2625 προρὐηθελς
662 2591 785 2626 Νικήτας
799 2591 866 2626 ᾐτή-

923 253 984 280 blici
1000 255 1153 288 confidens,
1179 261 1274 290 utpote
1294 264 1348 291 quo
1381 258 1571 286 intercedente
1595 260 1711 295 impera-

922 299 975 326 tori
991 301 1155 328 conciliatus
1172 307 1240 334 erat,
1259 301 1399 330 Eustatltio
1411 303 1559 341 Vicariose
1571 307 1710 340 opposuit,

921 349 1003 378 atque
1022 347 1134 373 omnino
1145 347 1169 374 ei
1183 349 1355 374 contrarium
1370 356 1398 376 se
1412 350 1538 384 praebuit,
1552 352 1596 378 ubi
1613 357 1710 386 pra-ter

921 389 1053 418 decorum
1069 394 1288 421 committentem
1321 400 1366 422 aut
1386 397 1590 430 pra-.cipientem
1606 399 1710 432 aliquid

922 437 1042 465 videbat.
1060 438 1186 465 Vicissim
1215 439 1376 468 Eustathius
1402 441 1530 471 Vicaritts
1557 445 1625 471 male
1646 453 1711 480 erga

922 483 1096 510 Stauracium
1122 484 1236 513 allectus
1262 487 1362 514 multas
1379 487 1512 516 adversus
1531 490 1619 524 ipsum
1638 491 1712 518 frau-

920 529 969 556 des
983 529 1206 564 machinabatur,
1224 536 1251 558 et
1267 533 1394 566 querelas
1410 539 1507 562 contra
1532 543 1592 562 eum
1610 537 1712 570 produ-

921 576 1011 607 cebat,
1029 576 1056 602 in
1077 576 1329 611 Cibyrrhmolarum
1348 578 1466 606 themate
1488 580 1558 607 duos
1580 587 1712 616 prmtores

920 629 981 649 esse
996 629 1049 649 non
1064 630 1155 657 posse,
1172 631 1201 651 se
1216 624 1342 651 videlicet
1358 629 1384 652 et
1401 625 1575 653 Stauracium
1594 627 1710 655 Mardai-

921 671 1012 694 tarum
1026 669 1200 702 capilaneum
1218 678 1225 702 ;
1243 670 1345 705 quippe
1359 678 1421 697 cum
1446 672 1498 699 alia
1517 672 1575 707 ipse
1591 673 1710 708 juheret,

922 717 1122 749 Statueretque,
1153 715 1206 742 alia
1224 715 1420 743 Mardaitarum
1444 719 1605 752 capitancus
1620 719 1712 747 facere

921 758 1014 790 vellet,
1031 762 1057 785 ct
1075 759 1154 793 quasi
1172 760 1213 786 sui
1228 760 1300 795 juris
1314 765 1386 787 esset
1400 768 1432 787 ea
1446 769 1506 795 quae
1520 761 1571 797 ipsi
1586 763 1713 790 videren-

923 804 966 826 tttr
982 807 1103 828 amenter
1115 810 1256 838 peragere.
1272 802 1405 831 Produxit
1432 805 1495 832 item
1513 807 1564 833 alia
1587 807 1712 841 qtuedam

922 846 1074 879 mendacia,
1093 852 1119 874 et
1137 848 1236 876 multas
1256 854 1350 876 contra
1366 858 1428 877 eum
1446 851 1556 879 fraudes
1573 853 1713 888 excogita-

922 890 977 923 vit;
1002 891 1127 925 qumdam
1155 893 1335 927 probabiliter
1360 895 1481 929 qttidem,
1501 897 1623 930 quaedam
1648 905 1713 924 vero

923 944 970 971 per
993 938 1159 965 calumniam
1188 944 1312 967 atnenter
1344 941 1514 975 confingens.
1546 943 1635 977 Atque
1655 943 1713 970 hate

921 981 1032 1016 quidem
1048 981 1174 1010 lletnerio
1188 984 1305 1018 patricio
1322 990 1349 1012 et
1377 986 1521 1020 logothetre
1545 995 1643 1015 cursus
1661 996 1712 1022 pu-

921 1026 984 1054 blici
1001 1027 1124 1054 conﬁsus
1143 1028 1290 1055 scribebat.
1308 1028 1341 1055 Et
1365 1029 1388 1056 is
1416 1037 1482 1056 sane
1501 1034 1564 1056 tnttc
1581 1031 1713 1065 temporis

921 1072 1065 1100 Eustatbio
1078 1074 1164 1109 magis
1177 1082 1258 1109 quam
1286 1075 1433 1102 Stauracio
1449 1075 1568 1108 favebat,
1585 1077 1636 1104 etsi
1651 1085 1713 1112 pos-

921 1123 964 1146 tea
991 1119 1096 1147 initnici
1115 1122 1197 1148 atnlto
1226 1121 1399 1148 infestissimi
1427 1121 1541 1150 fuerint.
1570 1123 1712 1158 Ejusmodi

922 1165 1005 1199 igitur
1034 1165 1173 1193 Eustathii
1206 1167 1342 1195 relatione
1367 1171 1479 1202 acet-pta
1512 1168 1670 1202 imperator,
1685 1175 1713 1198 et

923 1210 1041 1238 llemerii
1072 1212 1179 1246 patricii
1219 1213 1350 1247 petitione
1375 1222 1546 1249 persuasus,
1573 1215 1711 1250 capitanci

923 1256 1002 1283 istius
1020 1256 1180 1291 dignitatem
1205 1258 1427 1292 prolospatltario
1445 1258 1591 1286 Eustathio
1608 1260 1711 1288 vicario

922 1302 1007 1329 dedit.
1025 1302 1076 1329 Sed
1090 1303 1123 1329 ad
1141 1310 1257 1337 Superos
1276 1304 1348 1330 elato
1373 1303 1453 1330 beato
1470 1305 1517 1331 illo
1531 1305 1708 1339 imperatore,

922 1347 1076 1375 Alexander
1091 1349 1151 1383 ejus
1168 1348 1252 1376 frater
1264 1349 1379 1383 imperio
1392 1350 1496 1384 potitus
1514 1349 1599 1377 ferme
1612 1358 1711 1378 onmes

923 1399 938 1419 a
954 1393 1037 1420 fratre
1060 1394 1226 1428 imperatore
1241 1394 1373 1421 defuncto
1396 1394 1549 1422 honoribus
1571 1399 1668 1423 auctos
1683 1396 1712 1423 in

923 1439 1047 1467 ordinem
1078 1440 1194 1475 redegit,
1221 1440 1364 1467 hominum
1402 1441 1584 1475 malignorum
1616 1442 1709 1477 pravis

923 1486 1046 1513 consiliis
1058 1493 1219 1521 persuasus;
1230 1491 1256 1514 et
1266 1487 1306 1514 sic
1322 1486 1476 1519 Eustathio,
1486 1495 1567 1523 quem
1578 1488 1711 1522 diximus,

924 1531 1054 1559 honorem
1073 1540 1126 1559 nou
1154 1532 1247 1560 itidem
1277 1533 1446 1567 prorogavit,
1478 1534 1525 1562 sed
1547 1535 1631 1561 alium
1658 1535 1712 1570 ipsi

924 1579 1077 1606 substituit.
1093 1577 1160 1605 Nam
1177 1576 1522 1614 protospathariusChase
1541 1581 1587 1608 ille
1601 1588 1615 1608 a
1631 1582 1712 1608 Sara-

923 1624 999 1652 cenis
1024 1632 1111 1659 genus
1132 1625 1249 1656 ducens,
1275 1630 1303 1652 ct
1329 1633 1369 1652 re'
1386 1627 1445 1661 ipsa
1475 1634 1571 1654 eorum
1601 1636 1711 1663 quoque

923 1671 1098 1703 sententiam,
1123 1677 1225 1704 mores,
1251 1678 1284 1698 ac
1302 1672 1407 1698 cultum
1433 1673 1569 1706 retinens,
1587 1674 1710 1702 Damiani

923 1717 1031 1752 patricii
1049 1724 1157 1750 servus,
1169 1717 1319 1752 plurimum
1335 1723 1399 1746 tunc
1413 1719 1501 1754 gratia
1518 1720 1624 1748 valebat
1639 1723 1712 1756 apud

923 1762 1107 1789 Alexandrum
1129 1763 1334 1798 imperatorem,
1353 1765 1582 1798 quemadmodum
1605 1771 1632 1793 et
1647 1775 1712 1801 pro-

923 1807 1113 1842 tospatharius
1129 1806 1240 1836 Nicetas
1256 1809 1317 1843 ejus
1341 1809 1437 1843 frater,
1453 1811 1498 1844 qui
1516 1811 1598 1837 etiam
1614 1811 1712 1846 Cibyr-

923 1854 1087 1880 rltazotarum
1101 1858 1201 1888 pmtor
1211 1855 1246 1882 ab
1258 1855 1352 1882 eodem
1365 1855 1530 1890 imperatore
1543 1856 1633 1884 factus
1649 1857 1709 1885 fuit.

923 1897 973 1926 llic
1003 1899 1083 1934 138
1110 1900 1193 1935 igitur
1221 1899 1331 1928 Nicetas
1360 1900 1483 1936 praedicti
1509 1902 1598 1929 Chase
1627 1903 1713 1930 frater

923 1945 1115 1979 imperatorem
1139 1946 1323 1981 compellavit,
1346 1950 1474 1981 oportere
1501 1948 1552 1974 sibi
1571 1953 1599 1974 ut
1623 1949 1712 1976 amico

923 1991 1008 2018 veteri
1023 1991 1184 2026 beneficium
1196 1992 1326 2024 conferri,
1346 2000 1408 2020 esse
1434 1997 1525 2020 autent
1540 2001 1624 2020 unttm
1639 1995 1712 2028 quod

923 2038 957 2065 ab
986 2037 1046 2072 ejus
1061 2037 1206 2070 majestate
1221 2043 1337 2073 peteret,
1367 2037 1394 2064 in
1414 2046 1469 2072 quo
1491 2039 1616 2066 exaudiri
1630 2039 1712 2067 debe-

923 2090 963 2112 ret
982 2092 989 2111 :
1009 2084 1175 2118 itnperatore
1201 2091 1267 2111 vero
1287 2084 1455 2118 ambigente,
1472 2085 1712 2121 interroganteque

923 2128 1054 2163 quidnam
1067 2127 1134 2155 illud
1157 2131 1242 2161 esset,
1255 2132 1283 2155 et
1306 2128 1451 2162 pollicente
1469 2129 1558 2163 ipstnn
1578 2130 1615 2161 id,
1633 2130 1712 2165 quid-

923 2173 989 2208 quid
1001 2172 1110 2201 tandem
1125 2178 1208 2206 esset,
1226 2173 1437 2208 impetraturum
1457 2181 1529 2205 csso,
1549 2175 1709 2209 respondit:

887 2215 965 2247 DUt
984 2220 1057 2247 ﬁlius
1086 2227 1164 2247 meus
1192 2220 1355 2254 capitaneus
1382 2219 1578 2247 Mardaitarum
1605 2221 1713 2248 Attalice

921 2272 1028 2295 creetur
1046 2275 1054 2298 ;
1077 2266 1193 2300 ejusque
1211 2265 1335 2300 petitioni
1351 2266 1525 2292 satisfaciens
1550 2268 1709 2300 imperator,

920 2312 1068 2339 Abercium
1089 2311 1403 2346 Spatharoeandidatum
1433 2310 1534 2339 Nict-ta:
1560 2312 1710 2346 Protospa-

923 2358 1006 2385 tltarii
1020 2357 1118 2389 ﬁlium,
1140 2357 1168 2384 itt
1188 2365 1319 2391 processu
1348 2357 1534 2384 introductutn
1556 2358 1582 2384 in
1613 2358 1711 2384 Tricli-

923 2404 997 2430 nium
1028 2410 1141 2430 aureum
1174 2403 1370 2431 Mardaitarum
1399 2404 1506 2430 Attalize
1533 2403 1708 2438 capitanctuu

920 2450 1331 2486 designavit;quemadmodum
1365 2455 1444 2477 antea
1472 2451 1567 2478 beatus
1587 2450 1640 2477 [ιι-ο
1657 2452 1710 2476 im~~

921 2501 1029 2531 perator
1056 2496 1231 2523 Stauraeium
1255 2497 1354 2531 Platyn
1376 2496 1612 2530 cognominatum.
1631 2495 1662 2522 Et
1676 2503 1710 2523 co

920 2543 1030 2578 quidem
1052 2543 1118 2575 ritu,
1138 2547 1168 2570 ut
1183 2543 1262 2570 initio
1277 2543 1345 2575 dixi,
1362 2543 1518 2577 antiquitus
1539 2543 1572 2569 ab
1587 2542 1708 2577 impera-

921 2593 980 2617 tore
996 2589 1191 2616 Mardaitarum
1208 2591 1369 2624 capitaneus
1385 2588 1590 2622 dcsignabatur.
1611 2587 1717 2615 Scien-

672 2658 823 2686 ANSELMI
839 2657 1001 2686 BANDURII
1017 2657 1133 2684 NOTAE.

119 2717 173 2752 ('51)
190 2716 237 2745 Sic
248 2724 281 2744 ex
293 2724 344 2745 ms.
361 2717 468 2745 codice.
483 2717 518 2745 Et
533 2718 614 2753 paulo
635 2717 706 2745 infra
723 2718 752 2749 ὃς
765 2725 814 2752 pro
826 2717 864 2749 ὣς

87 2760 223 2787 perperam
243 2753 342 2787 legitur
366 2753 392 2780 iit
411 2761 476 2780 ntss.
489 2754 556 2780 etin
579 2754 680 2786 editis;
696 2753 742 2780 sed
761 2753 864 2786 optime

87 2788 207 2815 emendat
224 2787 378 2820 Meursius;
400 2789 445 2823 qtti
465 2796 606 2823 perperam
628 2794 717 2815 tamen
735 2789 807 2814 ltunc
822 2787 862 2814 lo-

88 2830 143 2849 cum
161 2823 358 2856 interpretatur
373 2823 433 2851 sic:
448 2822 492 2858 qui
506 2832 595 2851 omtzcs
612 2832 627 2850 (ι
646 2823 728 2857 fratre
739 2822 862 2856 defuncto

90 2857 223 2886 honoribus
240 2864 331 2886 auctos
357 2860 531 2893 cautiuuavil,
557 2863 609 2888 etc.
630 2859 701 2894 Lege
719 2858 813 2894 potius
835 2858 862 2884 in

919 2717 1038 2745 ordinem
1057 2717 1172 2752 redegit;
1189 2715 1263 2750 quod
1285 2714 1397 2750 quidem
1420 2713 1501 2741 facile
1519 2719 1546 2741 et
1561 2713 1717 2750 sequentia-

919 2754 1061 2822 sufﬁ‘gﬁnl't'a
1077 2795 1129 2814 ms.
1148 2786 1244 2812 codex.
1267 2785 1294 2812 In
1313 2785 1394 2812 editis
1421 2791 1564 2821 perperam
1588 2784 1714 2820 legitur,

918 2823 964 2850 καὶ
981 2824 1048 2859 ὅπερ
1065 2823 1111 2849 ἐὰν
1123 2822 1196 2849 ἐπὶν
1212 2822 1410 2856 ὐποςχομενόν,
1426 2827 1480 2849 etc.
