1938 3070
184 122 236 154 337

696 114 950 146 CONSTANTINI
969 112 1308 143 PORPHYROGENITI

1772 116 1843 149 3:28

186 178 261 204 nium
278 176 340 202 fecit
356 183 363 208 ;
377 178 405 202 et
420 173 562 208 aliquanto
576 177 636 207 pOst
651 171 769 198 alterum
785 177 895 205 quoque
912 169 977 196 dro-

1033 177 1112 199 σεων,
1130 170 1177 196 καὶ
1192 170 1236 195 ὅτε
1255 170 1344 205 παρῆν
1360 171 1389 197 ἐν
1416 172 1448 207 τῇ
1471 172 1546 199 πόλει
1564 173 1610 201 καὶ
1631 175 1645 201 ὁ
1660 174 1843 211 δομέστινθς

185 222 308 249 monium
322 222 380 248 tleri
393 220 510 250 curarit,
538 219 610 252 quod
635 217 789 245 secundum
807 215 975 251 appellatum

183 275 292 302 semper
310 274 409 294 nomen
427 266 550 293 retinuit.
575 264 653 299 Saepe
666 264 739 291 enim
765 263 917 298 imperator
932 262 976 289 hic

184 314 308 349 iongiora
331 313 430 340 itinera
458 312 632 341 instituebat.
662 310 745 338 veluti
775 309 975 340 Nicomediam,

183 366 228 386 aut
244 360 389 394 Olympum
407 366 515 390 versus,
530 361 557 385 et
568 357 681 392 Pythia;
703 355 883 391 quamobrem
892 354 975 381 etiam

184 406 241 433 inec
255 405 400 432 dromonia
424 406 531 440 paravit
547 404 574 430 in
597 411 676 430 suutn
693 410 725 429 ac
742 401 896 437 principum
911 407 976 427 suo-

185 460 245 478 l'lllll
265 459 357 482 usum,
384 458 416 477 ac
433 449 620 478 commodum.
647 448 817 483 Frequenter
834 454 899 478 γει-ο
915 453 976 473 611111

185 504 239 524 non
256 499 291 524 ita
307 498 387 532 longe
405 495 580 531 profecturus
597 498 682 527 esset,
710 499 815 528 partem
843 500 924 519 uitam
949 492 977 518 in

183 544 369 578 hippodromo
385 542 557 577 relinquebat
583 541 616 568 ad
630 541 723 576 palatii
734 540 898 570 custodiam,
913 539 977 573 quia

185 591 222 616 ibi
237 590 293 624 jam
308 597 341 617 ex
352 590 466 624 antiquo
483 596 558 616 more
573 588 682 615 numeri
697 587 801 615 Cohors
821 594 884 613 cum
895 586 978 613 scho-

187 637 275 663 larum
304 637 457 663 domestico
485 636 513 663 in
550 635 677 670 prmsidio
717 641 798 669 agere
829 633 976 665 solebant;

185 690 305 716 cumque
334 683 360 709 in
388 682 568 717 hippodromo
590 685 731 708 manerent
751 681 802 707 ritu
815 681 906 710 solito.
924 687 977 706 una

187 737 250 755 cum
276 728 489 762 imperatoribus
504 728 531 754 in
551 734 712 762 processum
740 726 899 761 pergebant.
918 725 977 753 Pri-

185 774 269 801 mitus
301 781 366 800 vero
409 772 492 800 etiam
539 772 679 806 imperiale
714 771 835 798 ofﬁcium
865 771 978 805 gerebat

185 820 284 854 phialae
301 818 550 854 protospatltarius,
571 818 742 852 habebatque
757 817 810 845 sub
823 824 872 844 sua
901 821 978 851 pote-

1028 215 1083 241 τῶν
1103 216 1218 251 σχολῶν,
1232 217 1278 244 καὶ
1300 219 1314 244 ὁ
1333 219 1594 255 παρακοιμώμενος,
1612 223 1659 249 καὶ
1677 225 1691 250 ὁ
1712 233 1842 259 πρωτο-

1029 260 1195 295 ϐεστιάριος,
1212 262 1259 287 καὶ
1284 262 1317 288 ἐκ
1341 263 1396 289 τῶν
1411 266 1578 292 κοιτωνιτῶν
1593 266 1640 300 οὓς
1656 268 1690 295 ἂν
1707 270 1840 297 ἐκέλευ-

1029 315 1076 333 σεν
1091 307 1105 333 ὁ
1121 307 1258 341 βασιλεύς.
1283 309 1322 334 Δι’
1339 308 1386 336 οὖν
1404 310 1450 336 τὸν
1479 312 1580 346 τρόπον
1596 313 1692 342 τοῦτον
1707 317 1839 352 ἐποίησε

1028 352 1105 378 Λέων
1120 354 1133 379 ὁ
1153 353 1275 387 ἀοίδιμος
1287 354 1334 381 καὶ
1353 356 1510 389 σοτώτατος
1525 357 1652 393 βασιλεὺς
1666 361 1697 387 τὸ
1710 361 1838 398 δραμώ-

1029 407 1095 431 νιον,
1111 399 1157 425 καὶ
1172 400 1240 434 μετά
1254 409 1315 427 τινα
1335 402 1431 436 καιρὸν
1448 404 1558 439 ἐποίησε
1575 407 1621 432 καὶ
1644 407 1739 442 ἕτερον
1758 410 1836 443 δρο-

1030 445 1140 479 μὼνιον,
1160 445 1174 471 ὂ
1189 446 1235 472 καὶ
1248 445 1375 482 δεύτερον
1387 451 1609 486 προσηγορεύθη,
1635 454 1683 481 καὶ
1705 456 1836 484 ἀκολού-

1030 489 1084 538 (im;
1099 490 1257 538 ὠνομάσθῖλ.
1274 493 1329 520 Καὶ
1342 493 1397 529 γὰρ
1414 495 1453 526 είς
1479 498 1653 532 μακρόκενσα
1667 499 1724 537 (42)
1737 502 1835 538 ἀπῄει

1029 537 1043 561 ὀ
1059 537 1196 572 μακάριος
1216 536 1293 570 οὗτος
1320 539 1463 574 βασιλεὺς·
1486 539 1542 569 οἷον
1561 545 1601 575 εὶς
1623 536 1832 583 Νικομήδειαν,

1030 583 1070 614 είς
1085 583 1130 609 τὸν
1150 583 1301 619 Ὄλυμπον,
1317 586 1357 617 είς
1376 587 1410 613 τὰ
1426 587 1513 615 Πύθια
1524 597 1531 604 ·
1549 590 1597 616 καὶ
1611 591 1654 618 διὰ
1671 594 1754 620 τοῦτο
1772 596 1833 622 ὲπυ

1029 629 1193 663 ετηδεύσατο
1204 631 1238 657 τὰ
1252 631 1299 657 δύο
1311 631 1451 667 δρομώνια
1466 635 1507 666 είς
1522 635 1674 672 ὑπηρεσίαν
1691 640 1738 666 καὶ
1755 642 1831 669 ἀνά-

1030 685 1132 703 παυσιν
1145 677 1228 704 αὐτοῦ
1249 686 1279 704 τε
1291 679 1342 705 καὶ
1351 679 1405 706 τῶν
1419 681 1557 716 ἀρχόντων
1572 685 1666 713 αὐτοῦ.
1682 687 1828 721 Πολλάκις

1029 722 1083 756 γὰρ
1112 721 1292 757 ἐξερχομένου
1311 724 1394 750 αὑτοῦ
1409 726 1449 757 είς
1469 726 1503 753 τὰ
1529 728 1642 764 πλησίον
1668 732 1829 766 πρόκενσα,

1028 767 1078 803 τὴν
1103 768 1167 803 μίαν
1194 769 1289 796 οὐσίαν
1307 771 1509 807 κατελίμπανεν
1528 774 1569 805 είς
1580 775 1626 802 τὸν
1649 777 1829 814 ἱππόδρομον

1113 814 1227 860 φύλαξιν
1246 815 1294 842 τοῦ
1318 817 1462 849 παλατίου,
1479 819 1524 846 διὰ
1539 820 1568 846 τὺ
1582 821 1677 857 τάγμα
1691 824 1738 850 τοῦ
1759 826 1828 860 ἀρι-

185 870 256 892 stute
277 866 393 900 remiges
416 872 511 892 euntes
529 864 699 898 agrariorum
720 863 896 898 imperatoris
920 867 975 889 tam

1031 858 1099 893 ομοῦ
1115 859 1170 895 (45)
1187 861 1257 888 κατὰ
1278 861 1324 888 τὸν
1347 863 1569 900 ἐπικρατήσαντα
1593 868 1708 895 παλαιὸν
1732 858 1827 897 τύπον

182 917 350 937 τυςειεοιυιιι
379 917 461 944 quam
482 909 636 943 nigrorum,
666 908 790 942 exceptis
811 908 845 935 iis
860 914 921 942 qua:
942 906 975 933 ad

182 957 335 989 Augustam
355 956 548 990 pertinebant;
581 955 635 982 ista
664 955 738 981 enim
771 954 829 981 sive
860 961 975 986 t'ussaea,

181 1003 242 1029 sive
267 1003 356 1036 nigra.
375 1002 426 1029 sub
455 1002 542 1036 ipsius
576 1008 679 1028 mensa:
712 1000 866 1027 domestico
887 1003 977 1026 erant.

184 1046 238 1074 Sed
253 1055 314 1074 cum
331 1046 383 1074 sul)
399 1047 490 1074 Leone
513 1046 647 1082 praeclaro
669 1046 716 1072 illo
730 1053 761 1072 ac
772 1045 978 1080 sapientissimo

184 1094 352 1128 imperatore
374 1093 518 1120 dromonia
542 1093 660 1127 primum
682 1092 897 1124 conﬁcerentur,
928 1091 979 1118 int—

183 1139 280 1173 periali
300 1139 394 1173 jussu,
413 1146 508 1166 eorum
530 1139 613 1166 etiam
633 1139 752 1173 remiges
766 1137 976 1172 protospatharii

185 1186 286 1221 phialae
311 1186 426 1212 arbitrio
452 1185 569 1220 subjecti
585 1185 661 1212 fuere
679 1193 686 1211 :
701 1185 779 1219 isque
798 1185 922 1219 quotidie
945 1191 976 1210 ex

184 1233 271 1260 veteri
297 1232 496 1260 consuetudine
526 1232 579 1260 sub
615 1239 757 1267 vesperam
788 1231 978 1264 descendens,

184 1279 347 1305 considehat
359 1279 386 1305 in
404 1278 503 1313 phiala,
519 1278 592 1306 unde
608 1283 635 1306 et
654 1278 870 1313 protospatharii
881 1278 978 1312 phiala:

185 1331 283 1352 nomen
299 1325 416 1359 accepit,
429 1332 461 1351 ac
477 1325 548 1352 inter
568 1325 740 1359 agrariorum
757 1324 980 1351 dromoniorum-

183 1379 237 1406 que
254 1372 371 1406 remiges
390 1371 441 1398 sibi
474 1371 617 1405 subjectos
635 1370 696 1397 lites
726 1369 880 1405 judicabat,
897 1373 979 1403 atque

182 1418 229 1452 jus
247 1418 356 1445 diccbat
382 1417 651 1451 administrabatquc
669 1426 676 1443 :
701 1421 728 1443 et
759 1416 782 1443 si
800 1415 865 1450 quid
882 1419 980 1449 praeter

183 1464 316 1492 decorum
335 1464 508 1491 commisisse
519 1463 640 1497 aliquem
657 1462 852 1496 comperisset,
876 1467 922 1488 aut
940 1461 979 1488 in-

183 1510 285 1544 juriam
312 1509 433 1544 cuipiam
461 1509 570 1542 fecisse,
589 1509 631 1536 vel
648 1507 769 1535 ofﬁciunt
800 1515 879 1535 suum
900 1507 979 1534 desc-

1031 909 1099 940 μετὰ
1118 906 1165 933 τοῦ
1189 907 1350 942 δομεστίκου
1373 909 1427 936 τῶν
1452 912 1556 946 σχολῶν
1579 913 1742 948 ταξιδεὺειν,
1774 918 1828 944 καὶ

1028 952 1243 987 ὲναπομένοντες
1268 954 1324 990 (44)
1355 956 1395 987 εἰς
1409 956 1454 982 τὸν
1475 958 1643 994 ἱππόδρομον
1666 963 1826 994 συνεξιοῡσι

1029 996 1100 1023 κατὰ
1115 997 1200 1024 τύπον
1211 999 1268 1030 τοῖς
1281 999 1437 1033 βασιλεῦσιν
1447 1004 1488 1034 εἰς
1501 1003 1535 1030 τὰ
1554 1005 1701 1039 πρόκενσα.
1712 1008 1775 1035 Ὀτι
1794 1010 1828 1042 ἐξ

1028 1043 1116 1078 ἀρχῆς
1129 1043 1177 1069 καὶ
1191 1043 1295 1071 ἄνωθεν
1309 1045 1448 1080 βασιλικὸν
1462 1049 1589 1083 ὸφςςίκιον
1606 1049 1641 1086 ἦν
1657 1053 1696 1087 τῷ
1711 1062 1824 1088 πρωτο-

1031 1088 1176 1125 σπαθαρίῳ
1193 1090 1242 1123 τῆς
1257 1091 1374 1127 φιάλης·
1390 1090 1465 1126 οὗτος
1479 1095 1507 1121 δὲ
1530 1096 1544 1122 ὁ
1570 1099 1825 1134 πρωτοσπαθὰριος

1029 1134 1078 1168 τῆς
1094 1135 1195 1170 φιάλης
1210 1137 1358 1172 ἐπεκράτει
1387 1140 1434 1165 καὶ
1456 1137 1530 1174 εἶχεν
1554 1141 1600 1167 ὑπ’
1615 1142 1696 1168 αὐτὸν
1713 1145 1824 1176 πάντας

1028 1181 1092 1212 τοὺς
1106 1181 1204 1213 ἐλάτας
1221 1182 1276 1209 τῶν
1289 1183 1436 1218 βασιλικῶν
1449 1185 1592 1221 ἀγραρίων
1604 1189 1719 1222 ρουσίων
1731 1198 1761 1216 τε
1772 1191 1823 1217 καὶ

1031 1225 1155 1260 μαύρων,
1189 1228 1253 1254 ἄνευ
1274 1228 1327 1255 τῶν
1346 1229 1487 1266 ἀγραρίων
1510 1231 1560 1266 τῆς
1584 1233 1760 1270 Αὑγούστης·
1784 1237 1822 1263 τὰ

1029 1273 1083 1308 γὰρ
1098 1274 1221 1309 ἀγράρια
1236 1275 1286 1310 τῆς
1301 1276 1460 1311 Αὐγούστης
1475 1278 1509 1304 τά
1517 1287 1546 1304 τε
1559 1279 1656 1314 ῥοὺσια
1669 1281 1715 1307 καὶ
1726 1281 1823 1317 μαῦρα

1030 1319 1178 1354 ἐπεκράτει
1191 1321 1237 1347 καὶ
1252 1320 1410 1354 ὲΕουσίαζεν
1430 1323 1444 1349 ὸ
1467 1324 1516 1358 τῆς
1548 1325 1688 1361 τραπέζης
1704 1326 1753 1362 τῆς
1766 1328 1823 1354 Αὖ-

1031 1365 1162 1400 γούστης.
1189 1366 1251 1393 Ἐπὶ
1271 1367 1299 1393 δὲ
1321 1368 1371 1403 τῆς
1388 1367 1526 1403 βασιλείας
1545 1371 1659 1402 Λέοντος
1673 1372 1720 1399 τοῦ
1736 1374 1822 1400 ἀοιδί-

1032 1419 1083 1444 μου
1110 1411 1156 1437 καὶ
1183 1413 1340 1446 σοφωτάτου
1365 1413 1506 1448 βασιλέως,
1535 1417 1767 1452 καινουργηθέντα
1786 1419 1821 1445 τὰ

1030 1454 1169 1490 δρομώνια
1197 1456 1319 1485 κελεύσει
1338 1458 1464 1494 βασιλικῇ
1491 1458 1565 1495 εἶχεν
1583 1462 1597 1487 ὸ
1616 1463 1698 1494 αὐτὸς
1712 1472 1820 1498 πρωτο-

1032 1500 1183 1536 σπαθάριος
1198 1503 1247 1538 τῆς
1259 1504 1370 1539 φιάλης.
1388 1506 1435 1531 καὶ
1447 1506 1500 1532 τῶν
1520 1507 1649 1534 τοιούτων
1660 1508 1820 1543 δρομωνίων

184 1541 286 1587 ruisse,
300 1541 368 1582 eum.
382 1555 475 1589 ﬂagris
500 1555 600 1581 acriter
628 1554 793 1588 excipiebat.
809 1553 853 1586 Et,
871 1558 902 1580 ut
921 1553 977 1580 dic-

1031 1548 1095 1579 τοὺς
1113 1547 1210 1580 ἐλάτας
1223 1549 1275 1576 ὑπὸ
1295 1550 1345 1585 τὴν
1358 1551 1457 1578 ἑαυτοῦ
1476 1551 1610 1584 ἐξουσίαν.
1633 1553 1662 1580 '0
1675 1553 1722 1580 οὖν
1733 1557 1820 1591 προρ-

184 1602 244 1624 tum
260 1602 313 1630 est,
324 1604 420 1625 omnes
439 1598 556 1632 remiges
568 1597 776 1625 dromoniorum
795 1599 981 1633 agrariorum-

183 1651 240 1678 que
255 1642 515 1678 imperialium,tam
535 1651 702 1670 russmorum
723 1651 805 1678 quam
825 1645 979 1679 nigrorum,

183 1690 239 1716 sub
259 1693 396 1724 potestate
411 1693 491 1717 erant
501 1697 533 1716 ac
553 1697 618 1717 cura
635 1690 849 1725 protospatharii
869 1689 979 1724 phialae;

183 1736 234 1762 sed
255 1736 386 1770 Augusta:
404 1736 512 1771 agraria
529 1736 586 1763 sive
615 1743 729 1767 russma,
752 1736 810 1763 sive
841 1736 920 1770 nigra
946 1736 979 1762 ad

185 1789 289 1809 mensa:
304 1782 391 1817 ipsius
411 1782 591 1809 domesticum
616 1782 800 1817 pertinebant,
829 1782 866 1809 ita
888 1786 980 1809 tamen

184 1831 218 1852 .ut
238 1826 283 1853 ille
301 1827 424 1853 muneris
438 1827 479 1854 sui
497 1826 630 1854 rationem
656 1834 710 1854 non
731 1827 860 1861 Augustae
877 1827 976 1865 redde-

187 1876 240 1904 ret,
256 1871 304 1898 sed
331 1871 502 1906 imperatori.
532 1871 590 1899 Sub
616 1871 707 1899 Leone
731 1876 822 1898 autem
849 1873 980 1907 praeclaro

186 1917 235 1944 illo
251 1924 283 1944 ac
300 1917 509 1952 sapientisaimo
525 1917 692 1952 imperatore
714 1917 813 1952 phialae
837 1922 982 1952 protospa-

185 1963 295 1991 tlraritts
321 1968 378 1990 erat
393 1962 513 1992 Joannes
530 1969 715 1999 cognomento
737 1963 902 1996 Tltalasson,
920 1968 982 1998 post

185 2018 269 2043 quem
289 2009 426 2043 Podaron,
443 2010 487 2037 cui
504 2010 641 2038 successit
655 2010 709 2038 Leo
724 2009 886 2043 Armenius,
897 2009 982 2038 Arse-

187 2056 224 2083 nii
243 2057 459 2091 protospatharii
485 2062 512 2084 et
542 2057 717 2084 manclahitte
742 2062 827 2092 pater.
857 2056 889 2084 Hi
905 2063 981 2089 vero,

188 2109 287 2136 nempe
311 2102 551 2137 protospatharius
581 2101 728 2135 Podaron,
755 2105 783 2128 et
809 2100 863 2128 Leo
884 2101 981 2128 Arnze-

187 2147 249 2175 nius
275 2148 417 2182 protelata:
445 2147 556 2174 l‘uerunt
589 2146 676 2174 Nasar
711 2147 855 2181 pratricii,
885 2151 912 2173 ct
942 2145 981 2172 rei

189 2194 295 2221 navalis
308 2193 469 2228 drnngarii;
495 2198 522 2220 et
537 2192 588 2219 sub
608 2192 711 2219 Basilio
727 2191 830 2219 Christi
851 2188 984 2219 amantis-

188 2241 258 2268 sinm
286 2240 452 2274 imperatore
479 2247 493 2266 a
513 2247 542 2266 re
568 2239 658 2266 navali
682 2238 821 2270 translati,
839 2237 980 2272 protelatae

187 2285 289 2320 agrarii
318 2285 488 2320 imperatorii
520 2284 609 2311 elfecti
633 2288 714 2317 sunt;
735 2284 787 2311 sub
804 2284 896 2310 Leone
914 2291 980 2310 vero

190 2330 267 2366 14],
283 2332 414 2366 praeclaro
429 2330 689 2365 sapientissimoque
715 2330 890 2364 imperawre,
915 2337 976 2357 cum

185 2377 334 2404 dromonia
352 2377 376 2404 is
394 2376 516 2408 iecisset,
535 2381 647 2411 propter
662 2383 758 2403 eorum
776 2375 977 2410 fortitudinem,

186 2423 281 2458 reique
293 2422 437 2450 maritima:
457 2422 593 2457 peritiam,
609 2421 782 2457 protocarabi
805 2420 870 2448 facti
889 2425 954 2449 sunt
970 2430 977 2455 ;

1033 1595 1126 1629 ῥηθεὶς
1150 1596 1397 1631 πρωτοσπαοάριος
1420 1598 1467 1632 τῆς
1491 1599 1588 1634 φιάλης
1615 1600 1675 1626 καθ’
1701 1602 1818 1637 ἑκάστην

1031 1639 1138 1674 ἡμέραν
1153 1641 1199 1667 καὶ
1216 1641 1276 1667 καθ’
1297 1642 1417 1677 ἑκάστην
1433 1643 1524 1678 δείλην
1535 1644 1589 1671 ἀπὸ
1603 1645 1719 1672 παλαιοῦ
1734 1647 1818 1675 τύπου

1034 1685 1186 1720 κατήρχετο
1197 1686 1244 1713 καὶ
1256 1687 1401 1720 ἐκαθέζετο
1418 1689 1446 1715 ἐν
1458 1690 1490 1724 τῇ
1505 1690 1589 1726 φιάλῃ
1601 1699 1607 1705 ’
1616 1691 1660 1718 διὰ
1676 1692 1754 1718 τοῦτο
1766 1694 1817 1728 γὰρ

1033 1732 1080 1757 καὶ
1092 1732 1201 1766 ἐλέγετο
1218 1735 1464 1769 πρωτοσπαθάριος
1483 1738 1533 1771 τῆς
1554 1738 1672 1773 φιάλης·
1695 1740 1743 1766 καὶ
1770 1740 1817 1772 τὰς

1032 1778 1190 1813 ἁναμεταξὺ
1208 1780 1286 1811 δίκας
1298 1781 1352 1807 τῶν
1365 1781 1470 1809 ὲλατῶν
1482 1782 1537 1809 τῶν
1559 1792 1588 1810 τε
1614 1786 1756 1820 ἁγραρίων
1772 1788 1818 1813 καὶ

1033 1824 1088 1850 τῶν
1115 1825 1274 1860 δρομωνίων
1300 1827 1353 1853 τῶν
1380 1828 1446 1863 παρ’
1473 1828 1556 1856 αὑτοῦ
1586 1830 1817 1865 ὲξουσιαζομένων

1034 1867 1136 1903 ἔκρινε,
1149 1870 1197 1897 καὶ
1212 1871 1283 1897 κατὰ
1298 1871 1328 1898 τὸ
1345 1871 1449 1899 δίκαιον
1469 1873 1576 1906 ὲδίκαξέ
1589 1883 1618 1901 τε
1636 1876 1682 1901 καὶ
1695 1876 1815 1903 ὲδιοιχξι·

1034 1915 1082 1941 καὶ
1099 1915 1181 1950 ἡνίκα
1195 1917 1271 1952 παρὰ
1289 1918 1320 1944 τὺ
1333 1918 1393 1944 δέον
1408 1918 1518 1954 εὕρισκέ
1532 1928 1591 1946 τινα
1607 1920 1622 1956 ἥ
1636 1921 1815 1957 ἐργαζόμενον

1034 1961 1051 1996 ἦ
1080 1970 1140 1988 τινα
1163 1962 1318 1996 ἀδικοῦντα,
1341 1965 1357 2000 ἤ
1382 1964 1422 1996 είς
1444 1966 1494 2001 τὴν
1525 1966 1593 1993 ίδίαν
1617 1967 1739 1994 δουλείαν
1771 1969 1816 2003 βα-

1034 2008 1150 2042 γεύοντα
1166 2009 1233 2045 (45),
1264 2011 1358 2037 τοῦτον
1373 2011 1416 2038 διὰ
1430 2012 1608 2047 μαγκ).α6ίων
1631 2014 1752 2049 σφοδρῶν
1767 2016 1815 2041 ὑπ-

1034 2052 1177 2089 εξήρχετο.
1192 2055 1244 2081 Καὶ
1261 2055 1323 2082 καθ’
1336 2055 1365 2082 ὃν
1379 2057 1484 2092 εἴρηται
1498 2057 1599 2092 τρόπον
1614 2058 1714 2090 πάντες
1728 2059 1752 2085 οἱ
1766 2059 1816 2085 τῶν

1033 2097 1194 2134 δρομωνίων
1210 2099 1314 2132 ἐλάται,
1337 2101 1383 2127 καὶ
1405 2101 1428 2127 oi
1445 2101 1500 2128 τῶν
1517 2101 1563 2128 τοῦ
1580 2102 1710 2137 βασιλέως
1731 2104 1814 2137 ἀγρι-

1036 2145 1111 2180 ρίων,
1125 2146 1180 2172 τῶν
1195 2147 1310 2181 (Σουσίων
1332 2147 1445 2174 καὶτῶν
1462 2147 1583 2183 μαύρων,
1605 2149 1656 2175 ὑπὸ
1672 2149 1720 2184 τὴν
1741 2150 1815 2184 χεῖρα

1035 2193 1083 2218 καὶ
1096 2193 1147 2227 τὴν
1162 2192 1279 2228 θεωρίαν
1298 2193 1418 2228 ὑπῆρχον
1443 2193 1489 2219 τοῦ
1505 2194 1751 2229 πρωτοσπαθαρίου
1768 2196 1813 2230 τῆς

1037 2239 1148 2272 φιάλης.
1167 2238 1207 2265 Τὰ
1221 2239 1249 2266 δὲ
1263 2239 1313 2274 τῆς
1325 2239 1484 2274 Λύγούστης
1497 2241 1617 2275 ἁγράρια
1632 2240 1666 2267 τά
1682 2250 1711 2267 τε
1726 2240 1815 2276 ρούσια

1036 2283 1083 2309 καὶ
1096 2282 1192 2318 μαῦρα
1204 2283 1256 2310 ὑπὸ
1269 2284 1318 2318 τὴν
1333 2286 1411 2320 χεῖρα
1436 2285 1483 2311 καὶ
1498 2285 1547 2320 τὴν
1560 2285 1672 2320 ἐφορίαν
1699 2286 1814 2322 ὑπῆρχον

1034 2328 1088 2355 τῶν
1105 2328 1155 2363 τῆς
1171 2327 1313 2363 τραπέζης
1327 2329 1377 2363 τῆς
1394 2329 1563 2364 Αὐγούστης,
1578 2330 1700 2365 δηλονότι
1715 2331 1759 2357 τὸν
1774 2331 1814 2357 λό-

1035 2383 1083 2408 γον
1095 2374 1150 2401 τῶν
1163 2375 1304 2411 ἀγραρίων
1319 2376 1421 2402 τούτων
1439 2375 1579 2408 ποιοῦντος
1595 2376 1641 2403 τοῦ
1657 2376 1706 2412 τῆς
1720 2376 1815 2410 τραπέ-

1035 2421 1096 2456 ζης,
1122 2421 1183 2456 οὐχὶ
1203 2421 1270 2456 πρὸς
1284 2421 1334 2456 τὴν
1349 2421 1519 2455 Δὺγοῦσταν,
1543 2421 1611 2448 ἀλλὰ
1628 2422 1696 2457 πρὶς
1711 2423 1757 2449 τὸν
1771 2422 1814 2457 βα-

781 2503 930 2549 ANSELMI
950 2503 1112 2532 BANDURII
1129 2504 1245 2532 NOTAE.

223 2565 280 2600 (ιε)
298 2564 504 2600 Μακρόκενσον.
514 2562 630 2598 Longior
640 2571 765 2596 secessus,
779 2564 857 2599 quasi
869 2563 974 2600 μακρδν

187 2601 348 2635 πρόκενσον,
378 2606 441 2627 cum
468 2599 573 2635 scilicet
599 2600 747 2633 imperator
768 2600 796 2626 in
824 2599 973 2635 remotiora

188 2634 290 2670 palatia
313 2642 376 2662 cum
402 2634 614 2670 tutoiromitatu
637 2634 877 2670 proﬁciscebatur,
894 2639 923 2660 ut
948 2634 975 2670 in

188 2668 222 2698 iis
236 2678 339 2698 moram
352 2677 453 2704 ageret.
470 2669 555 2696 Paulo
572 2668 655 2704 supra
671 2670 733 2696 aliis
745 2670 847 2701 verbis.
868 2668 976 2704 μακρό-

188 2714 267 2738 τερον
288 2703 457 2740 πρόκενσον,
478 2706 523 2732 cui
557 2703 670 2740 opponit
699 2705 731 2732 τὸ
769 2705 885 2740 πλησίον
909 2703 979 2739 πρός

189 2748 296 2767 κενσον.

226 2774 282 2809 (45)
305 2775 444 2810 Ἀριομός,
472 2783 607 2808 numerus,
625 2775 719 2802 cohors
746 2775 886 2801 militaris.
909 2773 978 2801 Vide

191 2809 322 2844 Ducarngii
337 2810 427 2838 Gloss.
442 2810 529 2837 Gncc.

226 2843 282 2879 (44)
303 2846 339 2872 Ita
355 2853 388 2873 ex
401 2853 453 2873 ms.
467 2844 572 2873 cotlicc.
587 2845 733 2879 Perpcram
751 2845 851 2879 legitur
867 2845 894 2872 in
915 2844 974 2871 edi-

1026 2564 1074 2596 tis,
1093 2564 1165 2590 κατὰ
1186 2564 1232 2590 τὸν
1261 2563 1375 2590 παλαιὸν
1393 2563 1477 2590 τύπον
1489 2563 1675 2598 ἐπικρατῆσαν
1694 2563 1762 2598 μετὰ
1773 2564 1813 2590 τοῦ

1028 2599 1195 2633 δομεστίκου
1220 2599 1275 2626 τῶν
1306 2599 1408 2634 σχολῶν
1430 2598 1591 2632 ταξιδεὺειν,
1615 2599 1663 2626 καὶ
1690 2600 1815 2634 ἐναπομέ-

1061 2643 1133 2662 ντος.
1150 2643 1204 2662 ('lc.

1030 2638 1283 2704 νοίλῗὶῖὲόιῖίεύειν.
1302 2669 1406 2704 vagari.
1435 2668 1551 2696 Suidas:
1583 2668 1727 2703 Βαγεύειν,
1752 2669 1813 2695 πλα-

1033 2704 1168 2738 νητεύειν.
1194 2705 1373 2739 Μαγκ).ά6ιον
1395 2708 1487 2730 autem
1509 2705 1596 2736 claua,
1623 2704 1744 2735 baculus,
1767 2711 1814 2738 quo

1033 2741 1096 2773 quis
1111 2741 1282 2773 percutitur;
1298 2740 1370 2767 unde
1381 2744 1408 2766 et
1431 2739 1568 2766 interdum
1585 2747 1634 2773 pro
1647 2739 1752 2773 ﬂagello
1766 2747 1814 2773 quo

1032 2775 1172 2836 Eeriuntur
1202 2776 1240 2802 rei
1280 2775 1426 2810 accipitur.
1462 2773 1526 2803 Vide
1563 2775 1697 2810 Ducaugii
1732 2774 1813 2802 Gloss.

1058 2817 1119 2837 nec.
