1938 3070
102 138 164 171 839

641 135 691 166 DE
711 134 1028 166 ADMINISTRANDO
1046 135 1220 167 IMPERIO.

1685 137 1739 169 390

105 195 201 222 σιλέα.
221 193 283 220 Ἐπὶ
296 192 323 218 δέ
335 191 449 222 Λέοντος
467 190 515 217 τοῦ
534 191 657 226 ἀοιδίμου
677 191 724 218 καὶ
742 191 899 225 σοφωτάτου

958 197 1012 217 :um
1026 195 1116 218 autem
1133 191 1196 219 belli
1213 191 1364 220 necessitas
1379 195 1500 227 urgeret,
1513 192 1656 228 utriusque
1673 192 1739 222 dto-

107 240 251 277 βασιλέως
271 236 305 273 ἦν
319 236 568 272 πρωτοσπαθάριος
590 237 638 271 τῆς
665 237 764 271 φιάλης
778 237 792 262 ὸ
811 237 901 262 Ἰωάν-

105 296 174 322 νης,
187 283 218 313 οὗ
234 286 265 311 τὸ
284 283 425 317 ἐπίκληνὸ
438 282 600 314 Θαλάσσων,
617 283 664 309 καὶ
683 284 742 317 μετ’
758 283 839 309 αὑτὸν
855 283 900 316 γέ-

106 341 193 367 γονεν
209 333 222 358 ὸ
239 329 486 367 πρωτοσπαθάριος
501 329 515 354 ὀ
529 329 668 364 Ποδάρων,
694 329 741 355 καὶ
755 330 814 364 μετ’
830 329 901 355 ἐκει-

108 388 159 406 vov
173 379 187 405 ό
200 376 446 413 πρωτοσπαθάριος
461 375 538 402 Λέων
551 375 566 401 ό
584 375 729 410 Ἁρμένης,
739 375 752 400 ὁ
767 374 813 401 τοῦ
829 383 902 410 πρω-

107 423 299 457 τοσπαθαρίου
321 421 458 456 Ἀρσενίου
473 419 519 446 καὶ
533 418 717 454 μαγκλαείτου
733 418 824 452 πατήρ
834 417 901 452 (46).

109 467 196 497 Οὗτοι
211 469 239 495 δὲ
257 469 271 494 ὅ
292 476 321 494 τε
346 469 359 494 ὁ
384 465 632 501 πρωτοσπαθάριος
648 464 786 500 Ποδάρων,
814 465 861 490 καὶ
888 464 902 489 ὁ

110 517 192 543 Λέων
211 515 224 540 ὁ
244 514 379 549 Ἁρμένης
399 512 571 549 πρωτελάται
593 511 722 545 γεγόνασι
737 510 784 537 τοῦ
801 518 901 545 πατρι-

109 562 175 588 κίου
192 562 289 596 Νάσαρ
305 560 352 586 καὶ
365 558 547 594 δρουγγαρίου
560 557 608 584 τοῦ
632 556 756 592 πλωϊμου
767 565 774 571 υ
791 556 838 582 καὶ
853 555 901 582 ἐπὶ

111 608 257 634 Βασιλείου
270 606 317 633 τοῦ
338 605 514 640 φιλοχρίστου
526 603 658 630 δεσπότου
674 601 774 636 ἀνῇξαν
789 602 844 628 ἀπὸ
856 601 902 628 τοῦ

112 655 240 689 πλωῗμου
257 653 305 679 καὶ
317 653 447 686 γεγόνασι
461 649 635 686 πρωτελάται
648 648 695 675 τοῦ
708 648 841 684 ἀγραρίου
857 647 903 674 τοῦ

113 700 250 735 βασιλέως
261 707 268 714 θ
281 698 327 724 ἐπὶ
342 698 369 724 δὲ
381 698 430 732 τῆς
443 696 582 731 βασιλείας
595 695 708 726 Λέοντος
722 694 769 720 τοῦ
780 693 903 728 ἀοιδίμου

113 746 165 772 καὶ
194 744 351 779 σοφωτάτου
378 743 520 778 βασιλέως,
547 742 628 776 ἡνίκα
646 741 693 767 καὶ
714 741 747 767 τὰ
766 739 904 775 δρομώνια

113 791 241 825 ἐποίησε,
257 790 299 817 διὰ
312 789 360 824 τὴν
375 789 502 823 ἀνδρείαν
519 787 619 819 αὐτῶν,
633 788 680 814 καὶ
693 786 742 822 τὴν
758 786 906 822 ἐμπειρίαν

112 838 166 871 τῆς
190 836 340 870 θαλάσσης,
364 835 493 870 ἐποίησεν
527 834 626 864 αὐτοὺς
661 832 903 868 πρωτοκαράεους·

112 883 164 910 καὶ
179 882 369 918 περιστάσεως
383 881 533 916 γενομένης
545 902 552 913 ,
575 880 724 914 εισήγαγεν
746 880 760 905 ὁ
776 878 904 913 βασιλεὺς

112 929 172 956 τῶν
198 929 243 955 δύο
254 928 411 964 δρομωνίων
426 927 489 958 τοὺς
501 927 600 958 ἐλάτας
615 926 684 961 μετά
700 925 753 951 τῶν
769 925 815 952 δύο
831 933 904 960 πρω-

113 975 277 1011 τοκαράεων
309 973 355 1001 τοῦ
385 973 495 1008 πρώτου
525 971 676 1008 δρομωνίου
712 972 751 1002 είς
779 971 903 1006 χελάνὸια

115 1020 240 1055 πλὼῖμα,
250 1020 309 1050 δοὺς
323 1020 414 1050 αὐτοῖς
425 1018 562 1051 ἐξόπλισιν
571 1017 672 1051 πολλὴν
685 1017 728 1043 καλ
740 1017 901 1050 ἀναγκαίαν,

114 1065 173 1094 οἷον
190 1067 348 1101 σκουτάρια,
366 1066 465 1101 δόρκας
483 1063 552 1100 (Η),
564 1063 691 1090 κλισάνια
703 1062 845 1095 κάλλιστα,
856 1062 903 1088 καὶ

115 1113 185 1140 ἄλλα
208 1113 257 1139 ὅσα
280 1111 432 1138 ἐπιδέονται
458 1110 574 1145 πλώϊμοι
594 1109 760 1144 στρατιῶται
776 1108 904 1143 ἐπιφέρε-

117 1158 181 1185 σθαι
192 1166 199 1173 ·
215 1158 264 1185 καὶ
279 1157 426 1185 ἅνελάὸετο
442 1156 542 1187 αὐτοὺς
561 1157 575 1182 ὁ
592 1155 737 1190 πατρίκιος
752 1155 903 1186 [ﬂando-.0;

116 1202 166 1228 καὶ
185 1201 366 1237 δρουγγάριος
391 1200 435 1227 τοῦ
452 1200 576 1234 πλωΐμου
593 1199 662 1234 μετὰ
686 1199 732 1226 τοῦ
763 1199 904 1235 βασιλικοῦ

118 1249 225 1281 στόλου,
254 1249 300 1275 καὶ
331 1248 415 1283 ἀπῄει
432 1247 503 1275 κατὰ
524 1247 579 1273 τῶν
602 1247 741 1274 ἐναντίων.
765 1247 851 1273 Τοῦτο
876 1247 904 1274 δι

117 1295 179 1321 ὅλον
193 1295 249 1331 (48)
264 1295 392 1330 ἐποίησεν
408 1295 422 1321 ὁ
438 1293 565 1329 βασιλεὺς
579 1294 623 1320 διὰ
634 1294 665 1319 τὺ
679 1293 845 1320 ἀποῦλέπειν
859 1293 904 1320 τὸν

119 1341 264 1377 πατρίκιον
279 1340 425 1368 Εὑστάθιον
449 1340 497 1366 καὶ
522 1339 703 1375 δρουγγάριον
714 1339 762 1365 τοῦ
780 1339 904 1374 πλωϊμου

118 1387 188 1422 πρὸς
202 1387 319 1421 πόλεμον
332 1386 386 1412 τῶν
406 1386 544 1418 ἐναντίων,
561 1385 610 1412 καὶ
628 1385 685 1412 ἀντ’
707 1385 819 1412 ἐκείνων
839 1387 904 1412 ἐκυ-

119 1432 203 1467 ϐέρνα
217 1432 247 1458 τὸ
275 1431 414 1466 βασιλικὸν
428 1430 580 1466 δρομώνιον
602 1431 712 1466 Μιχαὴλ
725 1431 738 1457 ὁ
753 1431 841 1466 γέρων
858 1432 905 1458 καὶ

120 1479 230 1510 συνετὸς
251 1480 355 1510 ἐκεῖνος
378 1478 465 1504 οντων
484 1477 575 1504 αὐτῶν
601 1477 640 1512 τῷ
664 1477 724 1504 τότε
740 1477 796 1513 (69)
817 1478 905 1514 καιρῷ

951 237 1036 263 monii
1057 237 1184 272 remiges.
1210 245 1272 265 cum
1297 238 1406 266 duobus
1426 239 1507 274 primi
1522 239 1741 275 dromonii.pro—

952 283 1088 310 tocarabis
1110 283 1136 310 in
1155 284 1299 311 chelandia
1319 284 1468 319 imperator
1494 285 1657 315 introduxit.
1676 285 1740 312 data

952 328 986 355 iis
1002 335 1141 356 armatura
1157 330 1302 364 multiplici
1313 335 1341 357 et
1356 333 1520 363 necessaria,
1532 336 1561 358 ιιι
1577 337 1639 359 sunt
1652 337 1742 362 scuta.

953 374 1037 408 pelles
1052 376 1179 406 cervinm,
1196 375 1304 402 clibana
1320 377 1516 411 pulcherrima,
1531 383 1557 405 et
1575 379 1627 406 alia
1641 379 1743 413 quibus

954 420 1070 448 adscitis
1088 421 1250 448 Eustathius
1268 422 1412 456 patricius.
1429 423 1522 458 reique
1538 426 1641 452 navalis
1657 426 1743 452 drutt-

952 466 1045 498 gat-ius
1063 473 1124 492 cum
1138 467 1227 492 classe
1254 467 1429 501 imperatoria
1446 473 1542 495 contra
1562 470 1653 497 hostes
1679 478 1742 505 pro-

953 510 1039 537 fectus
1059 516 1110 537 cst.
1140 510 1270 546 Fecitque
1298 516 1386 540 totum
1406 514 1457 540 hoc
1489 515 1650 549 imperator,
1676 517 1741 550 quia

953 554 1115 582 Eustathius
1147 558 1292 591 patricius,
1317 559 1411 593 reique
1435 560 1541 587 navalis
1574 561 1742 596 drungarins

953 601 1054 629 bellum
1077 610 1139 629 cum
1156 603 1281 631 bastibns
1302 612 1398 639 gerere
1423 606 1577 641 cogitabat;
1594 611 1620 634 et
1636 607 1742 635 interea

954 648 1014 675 vice
1030 648 1139 675 illorum
1154 649 1328 677 dromoniutn
1347 651 1490 685 imperiale
1504 653 1675 687 gubernabat
1692 653 1741 680 Mi~

954 693 1032 720 cltael
1047 695 1091 721 ille
1111 703 1195 722 senex
1218 704 1249 722 ac
1269 697 1454 731 peritissimus
1469 699 1591 726 omnium
1608 699 1681 726 illius
1692 701 1742 727 teri

955 741 1162 774 protelatarum.
1186 742 1237 774 Qui
1254 747 1344 769 autent
1360 743 1502 771 dromonia
1518 745 1670 779 agitabant,
1696 754 1744 773 us-

956 794 1009 820 que
1035 786 1098 813 dum
1128 787 1301 822 imperatoris
1326 790 1444 824 remiges
1470 791 1605 825 venirent,
1631 791 1743 820 Stenita:

956 837 1035 861 erant
1053 834 1127 861 Steni
1152 835 1258 862 incolze.
1280 835 1348 862 Cum
1369 843 1434 863 vero
1452 844 1485 862 ex
1510 837 1606 864 bellica
1630 840 1744 873 expedi-

957 880 1031 907 tione
1050 880 1183 912 redircnt,
1203 881 1321 916 pristina
1340 882 1438 908 iterum
1454 881 1543 910 ofﬁcia
1564 885 1743 918 praestabant.

955 925 988 953 Et
1009 930 1074 953 tttnc
1103 926 1215 954 honoris
1245 934 1311 961 ergo
1339 927 1489 962 imperator
1519 931 1744 964 protospathario

955 970 1103 1002 Podaroni.
1121 976 1233 1006 propter
1249 980 1305 999 rem
1327 972 1537 1006 pra-clarissime
1559 979 1662 1008 gestam
1690 983 1745 1010 pra:

954 1017 1083 1044 omnibus
1102 1018 1128 1044 in
1148 1018 1228 1050 bello,
1245 1021 1271 1045 et
1284 1018 1349 1052 quia
1366 1019 1526 1046 Eustathius
1544 1020 1674 1054 patricitts
1689 1022 1742 1049 rei-

955 1070 1008 1098 que
1023 1064 1129 1091 navalis
1145 1063 1312 1098 drungarius
1330 1064 1381 1091 hoc
1396 1065 1432 1091 illi
1447 1066 1634 1093 testimonium
1652 1068 1745 1101 perbi-

957 1108 1066 1141 buerat,
1094 1117 1148 1136 non
1171 1117 1232 1137 esse
1247 1110 1331 1136 alium
1348 1111 1374 1137 in
1393 1114 1449 1138 tota
1464 1111 1553 1139 classe
1568 1113 1670 1148 majore
1687 1113 1744 1141 for-

956 1155 1086 1188 titudine,
1114 1155 1271 1190 vigilantia,
1299 1160 1327 1182 et
1351 1157 1413 1184 aliis
1443 1158 1601 1192 virtutibus,
1627 1161 1745 1188 maxime

955 1207 1021 1227 vero
1043 1208 1138 1227 amore
1159 1209 1192 1228 ac
1215 1202 1267 1229 ﬁde
1292 1202 1319 1229 in
1346 1202 1556 1238 imperatorem,
1580 1209 1743 1238 potestatem

957 1245 1170 1280 protospatbarii
1195 1247 1293 1281 phiala:
1307 1249 1434 1275 contulit.
1461 1249 1584 1284 Cumque
1599 1250 1744 1279 illiteratus

956 1295 1042 1321 esset.
1057 1291 1138 1325 jussu
1157 1291 1331 1325 imperatoris
1351 1301 1384 1320 ex
1403 1294 1584 1329 hippodromo
1602 1296 1683 1331 judcx
1699 1306 1745 1325 re-

956 1336 1060 1368 niebat,
1074 1337 1198 1371 quicum
1223 1345 1256 1364 co
1280 1338 1306 1364 in
1329 1339 1419 1373 phiala
1437 1340 1561 1375 sedebat,
1581 1348 1606 1370 et
1629 1345 1746 1378 remiges

955 1381 1106 1417 judicabat.
1139 1383 1173 1410 At
1200 1385 1330 1419 Augusta:
1349 1387 1469 1420 agraria,
1498 1392 1527 1414 ut
1555 1389 1658 1416 dictum
1683 1396 1743 1423 est,

957 1436 1057 1456 mensa:
1070 1429 1200 1464 Augusta:
1213 1431 1382 1459 domesticus
1395 1433 1521 1460 curabat.
1546 1433 1641 1462 Postea
1653 1440 1743 1463 autem

956 1474 1105 1509 itnpcrator
1120 1474 1290 1502 Podaronent
1306 1481 1332 1504 et
1346 1476 1462 1504 Leonem
1476 1479 1634 1506 Armenium
1646 1481 1744 1508 classis

121 1524 316 1560 πρωτελατῶν.
334 1525 365 1551 Οἱ
379 1524 407 1550 δέ
424 1524 581 1555 ἐλαύνοντες
597 1524 636 1556 είς
652 1523 686 1549 τὰ
699 1523 835 1558 δρομώνια
853 1524 904 1555 ἕως

958 1527 1014 1547 διιεῖ*
1040 1520 1158 1548 vicarios
1181 1521 1354 1556 designavit;
1378 1526 1575 1557 protocarabos
1601 1533 1664 1552 vero
1680 1526 1745 1553 dro-

118 1571 169 1605 τῆς
186 1569 320 1602 ἐλεύσεως
340 1569 394 1596 τῶν
415 1568 563 1604 βασιλικῶν
583 1568 686 1594 ἐλατῶν
701 1568 823 1604 ὑπῆρχον
838 1570 905 1595 Στε-

119 1618 190 1643 νῖται
207 1617 238 1642 ἐκ
250 1615 305 1642 τῶν
320 1615 420 1642 οὐσιῶν
437 1613 485 1641 τοῦ
500 1613 678 1640 Στενοῦ.”οτι
689 1614 716 1640 δὲ
731 1614 905 1649 ὑπέστρεψαν

120 1662 152 1688 ἐκ
169 1661 216 1688 τοῦ
237 1661 366 1693 ταξιδίου,
384 1660 466 1687 πάλιν
489 1658 559 1695 ἦσαν
578 1660 618 1691 είς
635 1659 684 1695 τὴν
700 1660 767 1686 ἰδίαν
783 1660 906 1687 δουλείαν

121 1707 212 1738 καθὼς
228 1706 276 1734 καὶ
297 1706 486 1742 προϋπῆρχον.
504 1706 571 1733 Τότε
585 1707 666 1732 οἱονεὶ
683 1706 906 1741 φιλοτιμούμενος

120 1755 135 1780 ὁ
152 1753 278 1789 βασιλεὺς
301 1753 348 1780 τὸν
363 1751 610 1788 πρωτοσπαθάριον
631 1751 676 1778 τὸν
697 1752 843 1787 Ποδάρωνα
861 1753 906 1780 διὰ

120 1800 151 1827 τὸ
165 1799 369 1835 ἁνδραγαθῆσαι
384 1799 465 1826 αὑτὸν
483 1798 530 1825 καὶ
543 1798 723 1832 εὐδοκιμῆσαι
741 1798 811 1834 ὺπέρ
837 1799 906 1825 πάν-

121 1854 169 1878 τας
195 1846 235 1876 εις
258 1845 302 1872 τὸν
321 1845 439 1879 πόλεμον
464 1844 512 1871 καὶ
536 1843 743 1879 μαρτυρηθῆναι
761 1845 808 1871 καὶ
832 1844 907 1880 παρὰ

120 1892 169 1919 τοῦ
203 1891 349 1926 πατρικίου
384 1890 534 1918 Εὑσταθίου
569 1891 617 1917 καὶ
646 1890 826 1926 δρουγγαρίου
857 1891 906 1918 τοῦ

122 1938 245 1973 πλωΐμου
260 1937 316 1972 (50)
335 1937 429 1972 ἕτερον
443 1935 564 1963 τοιοῦτον
580 1937 617 1972 μὴ
640 1934 708 1962 εἶναι
724 1937 763 1968 είς
776 1937 806 1962 τὸ
823 1936 907 1963 πλώϊ-

125 1991 174 2018 μον
203 1982 248 2008 ἐπί
268 1990 298 2008 τε
321 1981 432 2016 ἀνδρείᾳ.
448 1981 496 2008 καὶ
511 1982 647 2016 διεγέρσει
664 1981 711 2008 καὶ
724 1983 784 2013 ταῖς
798 1981 907 2015 λοιπαῖς

123 2028 246 2063 ἀρεταῖς,
273 2027 321 2054 καὶ
342 2027 459 2062 μάλιστα
477 2028 510 2062 τῇ
527 2027 594 2062 πρὸς
617 2026 662 2053 τὸν
681 2027 793 2061 βασιλέα
814 2028 906 2063 εὐνοίᾳ

123 2075 170 2101 καὶ
185 2074 252 2109 ὀρθῇ
265 2073 366 2105 πίστει,
377 2073 493 2100 δέδωκεν
510 2072 584 2108 αὐτῷ
600 2072 648 2099 καὶ
662 2072 711 2107 τὴν
728 2072 849 2104 ἐξουσίαν
859 2073 906 2100 τοῦ

124 2119 372 2156 πρωτοσπαθαρίου
391 2119 440 2154 τῆς
455 2119 564 2153 φιάλης.
584 2119 634 2145 Διά
653 2127 682 2144 τε
695 2118 725 2144 τὸ
739 2116 809 2144 εἶναι
826 2118 907 2145 αὑτὸν

124 2167 319 2202 ἀγράμματον,
343 2163 491 2200 προστάξει
519 2163 566 2190 τοῦ
596 2163 729 2198 βασιλέως
753 2165 907 2199 κατήρχετο

957 1566 1041 1592 ntouii
1060 1566 1101 1593 sui
1125 1564 1190 1592 fecit
1206 1565 1364 1594 Mirhaelem
1378 1568 1455 1595 illum
1478 1577 1582 1601 senem,
1605 1570 1651 1605 qtti
1679 1574 1745 1599 ttmc

957 1612 1090 1646 temporis
1110 1612 1257 1646 protelates
1270 1612 1405 1641 dromonii
1423 1618 1492 1647 erat,
1507 1620 1535 1643 ct
1549 1621 1612 1644 ante
1626 1617 1653 1644 in
1665 1625 1745 1652 agra-

957 1658 998 1684 rio
1015 1658 1118 1685 Christi
1137 1659 1321 1686 amantissimi
1346 1660 1520 1695 imperatoris
1541 1661 1634 1690 Basilii
1650 1663 1749 1691 deute-

957 1704 1087 1736 roelates,
1113 1709 1141 1731 et
1164 1704 1324 1733 Micltaelcm
1344 1707 1473 1738 alterum,
1499 1707 1628 1735 Barcalan
1645 1717 1746 1744 cogno-

957 1751 1103 1784 minatttm,
1127 1752 1173 1787 qui
1201 1757 1264 1780 ante
1291 1753 1439 1787 protelates
1463 1754 1490 1780 in
1508 1755 1597 1782 classe
1619 1760 1678 1782 erat
1693 1756 1744 1784 sub

957 1797 1103 1824 Eustathio
1121 1799 1237 1831 patricio
1247 1802 1274 1826 et
1285 1798 1446 1834 drungario,
1459 1807 1520 1826 cum
1533 1806 1628 1828 contra
1640 1801 1744 1830 Tttrcas

958 1843 1191 1878 proﬁcisceretur,
1209 1849 1236 1871 et
1261 1843 1422 1879 Symeonem
1440 1845 1571 1879 Bulgaria:
1594 1846 1744 1881 print-ipt-m

957 1888 1116 1915 debellarct.
1135 1887 1186 1921 Qui
1202 1887 1318 1923 Symeon
1336 1888 1470 1922 Bulgaria:
1486 1890 1613 1924 princeps
1633 1891 1745 1926 cognito

958 1933 985 1961 in
1002 1934 1102 1961 (lumen
1119 1934 1262 1962 deductam
1277 1941 1338 1961 esse
1352 1935 1480 1967 classem,
1496 1942 1523 1962 et
1534 1937 1638 1965 Turcas
1649 1944 1745 1965 contra

957 1988 987 2008 se
1003 1979 1243 2012 transmissuram,
1262 1979 1342 2006 l'nnes
1361 1979 1437 2012 fecit,
1453 1980 1510 2007 sive
1523 1985 1634 2008 catenas
1650 1981 1744 2009 ﬁrmas

958 2033 990 2053 ac
1003 2025 1087 2052 duras
1099 2024 1258 2055 admodum,
1271 2024 1372 2058 quibus
1386 2024 1540 2058 impediret,
1555 2026 1704 2059 quominus
1717 2027 1744 2053 in

959 2071 1118 2099 ulteriorem
1133 2071 1220 2105 ripam
1230 2069 1327 2097 Tui-cm
1338 2069 1508 2097 exseendere
1519 2075 1646 2105 possent;
1662 2078 1746 2107 atque

958 2118 996 2145 ita
1015 2117 1134 2152 primum
1160 2116 1258 2143 Turea:
1280 2123 1416 2143 cxseensu
1436 2117 1550 2144 cohibiti
1570 2123 1645 2146 sunt.
1666 2119 1746 2152 Quod

959 2171 1020 2190 cum
1033 2164 1071 2190 ita
1082 2167 1165 2194 esset,
1181 2161 1306 2194 Michael,
1320 2170 1401 2197 quem
1414 2162 1482 2195 dixi,
1498 2164 1633 2198 Barcalas,
1645 2169 1671 2192 et
1683 2173 1744 2192 cntn

124 2197 289 2247 κρἱτήξάπδ
306 2210 353 2237 τοῦ
366 2197 550 2245 ίπποδρόμου,
566 2197 615 2236 καὶ
632 2197 904 2244 ωνεκαθέζετοήμετὰ

960 2217 994 2237 eo
1019 2209 1074 2236 duo
1096 2209 1141 2236 alii
1164 2213 1254 2235 nauta:
1277 2208 1409 2236 classiarii
1436 2216 1586 2244 assumpm
1608 2212 1695 2238 scutis
1719 2217 1746 2239 et

124 2258 204 2285 αὑτοῦ
221 2258 250 2284 ἐν
260 2258 294 2292 τῇ
320 2256 404 2293 φιάλῃ
424 2256 471 2282 καὶ
495 2256 585 2289 ἔκρινε
607 2255 669 2287 τοὺς
691 2255 800 2286 ἐλάτας.
825 2255 865 2281 Τὰ
879 2255 908 2282 δὶ

124 2303 314 2338 Δὺγουστιακὰ
331 2303 466 2337 ἀγράρια,
477 2299 568 2332 καθὼς
579 2299 749 2336 προείρηται,
761 2299 908 2335 ἐπεκράτει

125 2351 138 2376 ὁ
152 2350 200 2385 τῆς
216 2348 356 2384 τραπέζης
371 2348 420 2382 τῆς
433 2346 600 2381 Δὺγούστης.
618 2346 694 2373 Μετὰ
709 2345 788 2372 τοῦτο
801 2346 830 2372 δέ
843 2355 908 2381 προ-

128 2395 238 2422 εϐάλετο
248 2395 262 2420 ὁ
278 2394 404 2429 βασιλεὺς
418 2393 464 2419 τόν
480 2401 510 2419 τε
527 2392 674 2428 Ποδάρωνα
685 2393 732 2418 καὶ
746 2391 792 2418 τὸν
805 2392 909 2418 Λέοντα

127 2442 172 2469 τὸν
189 2441 324 2476 Ἁρμένην
339 2439 528 2474 τοποτηρητάς
541 2439 588 2465 τοῦ
604 2438 746 2474 βασιλικοῦ
764 2437 888 2473 πλωῖμου
899 2447 906 2454 ·

128 2486 358 2523 πρωτοκαράεους
371 2486 401 2512 δὲ
417 2485 464 2512 τοῦ
477 2485 629 2521 δρομῳνίου
644 2484 728 2511 αὐτοῦ
744 2484 910 2519 προεϐάλετο

961 2254 1061 2289 gladiis
1082 2254 1198 2282 viriliter
1223 2254 1303 2289 plane
1323 2262 1355 2281 ac
1372 2254 1479 2282 fortiter
1501 2257 1646 2285 chelandio
1667 2258 1746 2285 exsi-

963 2301 1074 2334 lientes,
1102 2300 1180 2336 152
1206 2300 1285 2328 funes
1310 2301 1368 2328 sive
1389 2305 1500 2329 catenas
1522 2302 1702 2335 disciderunt,
1720 2308 1746 2331 et

962 2347 1108 2374 transitum
1134 2345 1233 2373 Turcis
1256 2351 1432 2381 aperuerunt.
1463 2346 1559 2374 Turca:
1583 2347 1674 2382 itaque
1700 2349 1745 2375 ubi

963 2393 1064 2422 factum
1081 2394 1133 2420 hoc
1152 2392 1291 2428 egregium
1313 2392 1430 2420 Barcalaa
1455 2393 1596 2426 vidissent,
1618 2394 1746 2421 nimirtnn
1765 2398 1771 2403 ‘

962 2448 1024 2468 eum
1051 2440 1140 2466 solum
1165 2438 1274 2466 duobus
1299 2439 1391 2466 nautis
1416 2440 1567 2467 classiariis
1583 2444 1747 2475 praeeuntem

964 2486 1083 2521 primum
1103 2487 1215 2512 catenas
1231 2483 1392 2517 discidisse,
1416 2492 1479 2512 cum
1500 2492 1606 2512 sumina
1625 2485 1747 2512 admira-

705 2562 857 2591 ANSELMI
872 2562 1023 2591 BANDURI
1050 2561 1169 2590 ΜΟΤᾹ).

165 2636 221 2671 (ιθ)
235 2635 281 2671 Sic
294 2643 326 2662 ex
341 2642 392 2662 ms.
408 2634 513 2671 codice.
527 2634 616 2662 Locus
628 2634 741 2671 mutilus
754 2633 782 2671 in
801 2633 892 2660 editis.

165 2668 221 2708 (Π)
234 2670 385 2708 >Nirt_ti_ru_n_t,
401 2669 480 2703 pelles
499 2671 632 2708 feminas.
656 2669 703 2696 Sic
724 2668 805 2695 etiatn
827 2676 911 2703 supra

131 2704 190 2742 cap.
207 2704 253 2742 2Q,
268 2705 313 2742 ubi
326 2705 386 2732 vide
396 2712 457 2742 quas
474 2704 673 2742 adnotavimus.

166 2738 220 2777 '(48)
233 2740 377 2777 Nimirum.
389 2738 513 2777 Fecitque
524 2744 606 2766 totum
621 2741 668 2777 lioc
681 2738 835 2777 imperator,
848 2738 911 2777 quia

134 2773 288 2805 Eustathius
298 2775 437 2809 patricius.
453 2773 539 2808 reique
553 2773 656 2800 navalis
678 2773 842 2809 Drangarius
855 2774 910 2800 bel-

133 2814 184 2840 lum
202 2819 260 2838 cum
278 2807 396 2837 hostibu:
419 2807 506 2844 gerere
533 2810 675 2844 cogitabat.
692 2807 829 2836 Meursius
844 2816 910 2836 vero

134 2851 170 2876 sic
184 2848 395 2879 interpretatur:
418 2843 492 2873 Fecit
511 2849 594 2872 totum
610 2843 657 2870 hoc
675 2844 829 2877 imperator,
846 2844 909 2878 quia

962 2634 985 2660 is
1004 2633 1100 2660 bellum
1115 2631 1262 2666 spectabat.

999 2669 1055 2703 (49)
1074 2668 1101 2694 In
1118 2665 1200 2703 editis
1213 2666 1324 2701 legitur,
1347 2665 1420 2703 αυτῷ
1434 2672 1483 2703 pro
1506 2665 1606 2697 αὐτῶν.
1635 2670 1661 2703 et
1687 2665 1748 2693 ideo

963 2701 1098 2731 Meursius
1112 2702 1152 2728 sic
1165 2702 1361 2735 interpretatur
1374 2701 1561 2728 httnclocum:
1575 2709 1632 2727 tum
1649 2702 1748 2728 interea

962 2739 1069 2765 illorum
1087 2738 1167 2765 vivam
1179 2744 1238 2762 cum
1265 2736 1393 2770 remigum
1418 2736 1510 2769 primis
1526 2736 1662 2770 imperiale
1684 2735 1740 2762 ἀνθ’

963 2774 1080 2800 monium
1096 2772 1253 2807 gubernaret
1267 2779 1345 2797 senex
1355 2770 1405 2807 ille
1423 2771 1587 2805 prudensque
1606 2771 1729 2798 Michael.

1000 2808 1055 2843 (ὅθ)
1069 2805 1115 2834 Sic
1125 2815 1158 2834 ex
1172 2815 1227 2843 ms._
1237 2806 1342 2843 codice.
1355 2805 1499 2843 Perperatn
1517 2807 1615 2841 legitur
1627 2807 1654 2833 in
1665 2807 1747 2834 editis

961 2840 1009 2870 τοῦ
1028 2840 1147 2878 πολέμου
1158 2850 1165 2856 ·
1182 2841 1228 2869 sed
1246 2841 1348 2876 optime
1363 2840 1498 2869 Meursius
1513 2840 1650 2869 cnlaudat.
