1938 3070
789 35 803 42 w

173 98 226 130 31;!

688 97 941 129 CONSTANTINI
960 96 1300 128 PORPHYROGENITI

1752 99 1812 130 332

173 157 245 182 tione
258 153 396 186 dixerunt,
422 153 496 180 hunc
519 152 630 188 dignum
655 160 727 185 esse,
752 153 798 188 qui
824 153 957 188 patricius

1014 152 1052 179 ιὺν
1067 153 1176 187 Μιχαὴλ
1189 154 1293 179 ἐκεῖνον
1309 155 1353 179 τὸν
1370 151 1483 187 γέροντα
1498 152 1676 188 πρωτελὰτην
1688 153 1727 188 τῷ
1743 155 1811 180 τότε

173 202 269 231 tieret,
296 202 325 225 et
355 198 393 225 rei
422 199 512 225 navali
541 199 748 233 praeficeretur;
784 199 963 233 quamobrem

171 246 252 272 etiam
283 245 443 279 imperator,
473 244 594 272 Barcala)
623 244 786 272 fortitudine
816 245 849 272 ad
876 246 963 280 ipsius

172 298 254 318 aures
269 290 373 323 delata,
391 290 529 318 dromonii
545 292 588 318 sui
612 291 824 319 deuteroelatem
847 292 962 318 creavit.

170 336 229 363 Mox
245 343 320 368 vero,
339 335 485 364 Podarone
508 341 535 364 et
550 336 642 364 Leone
659 337 771 364 vicariis
792 337 962 369 constitutis,

174 381 289 409 Michael
303 382 347 410 ille
362 390 458 415 senex,
470 386 497 410 et
508 382 552 409 hic
565 382 694 409 Barcalas
710 383 884 417 protocarabi
897 384 963 410 dro-

171 428 257 455 monii
275 427 340 456 facti
360 433 435 456 sunt.
452 427 485 455 Et
503 428 650 463 praedictus
663 429 772 463 quidem
792 428 846 456 Leo
865 429 963 456 Artne~

171 475 235 502 nius
252 474 469 510 protospatharii
486 480 511 501 et
524 475 698 502 manclabitae
714 475 822 502 Arsenii
841 474 972 507 defuncti

172 526 261 555 pater,
279 521 351 548 diem
372 521 439 547 obiit
455 528 518 547 cum
539 521 579 548 rei
604 521 710 548 navalis
735 522 856 549 vicarius
869 527 962 549 esset:

175 567 303 594 l’odaron
319 574 385 594 vero
396 567 636 602 protospatharius
651 567 769 601 quodam
787 567 880 602 elapso
894 571 964 594 tem-

175 621 241 648 pore
252 618 355 648 praetor
366 617 477 640 creatus
489 616 532 640 est
548 612 677 640 thematis
689 613 940 648 (Zibyrrhazotarum
954 621 961 646 ;

172 660 221 694 qui
237 667 300 686 cum
313 658 434 686 vicarius
451 658 541 686 tactus
557 663 640 690 eSset,
657 658 754 693 phiala:
770 659 964 693 protospatha-

174 706 234 732 rius
261 709 371 732 creatus
396 710 437 732 est
464 705 704 740 protospatltarius
742 703 964 739 Theophylactus

174 750 358 783 Bimbilides,
388 751 573 778 consobrinus
602 750 816 785 protospatharii
848 750 963 778 Joannis

175 797 356 826 Thalassouis
374 798 571 833 cognominati,
591 799 831 833 perseveravitque
858 799 962 833 aliquot

174 843 254 871 annis
275 843 397 871 ineuntis
415 843 522 877 imperii
539 843 642 871 Christi
658 844 842 871 amantissimi
857 844 961 871 domini

172 889 349 917 Constantini
372 890 611 925 Porphyrogeniti.
639 890 697 917 Hoc
723 890 808 925 igitur
834 895 961 923 mortuo,

172 936 237 970 quia
251 935 307 970 jam
324 940 406 963 artato
421 935 567 964 confectus
583 939 658 963 esset
674 935 789 963 Michael
807 936 852 963 ille
866 944 962 968 senex,

172 989 252 1016 quem
271 981 339 1014 dixi,
358 985 385 1009 et
401 981 577 1016 protocarabi
600 989 701 1009 munus
719 982 854 1016 plurimos
876 989 964 1009 annos

174 1025 364 1059 sustinuisset,
383 1026 515 1061 dignitate
536 1026 753 1060 protospatharii
781 1030 896 1054 ornatus
910 1030 964 1058 est,

173 1071 315 1107 iactusque
330 1072 427 1106 phiala:
443 1072 701 1106 protospatharius;
719 1077 746 1098 et
763 1079 825 1098 cum
843 1071 965 1106 impera-

174 1122 217 1144 tor
231 1117 369 1144 drontonii
385 1117 503 1151 phialam
529 1117 730 1152 ingrederetur,
756 1122 837 1152 atque
860 1117 887 1144 in
901 1125 965 1152 pro-

174 1170 255 1190 cessu
271 1163 329 1190 sive
345 1163 401 1189 alio
420 1163 484 1194 iret,
503 1163 630 1197 egregius
649 1163 694 1190 ille
713 1171 807 1197 senex,
825 1167 852 1191 et
869 1163 905 1191 ob
925 1164 964 1190 rei

175 1209 281 1236 navalis
308 1209 434 1244 peritiam
463 1217 572 1244 semper
600 1210 802 1242 memorandus,
827 1211 915 1238 stabat
936 1211 963 1238 in

175 1254 268 1281 medio
283 1254 432 1288 dromonii,
458 1255 576 1290 remiges
600 1255 759 1289 exhortans,
779 1257 818 1284 uti
844 1258 964 1286 alacrius

174 1300 257 1328 remis
277 1299 476 1332 incumberent.
494 1301 579 1329 simul
595 1302 677 1329 etiam
699 1303 897 1338 protocarabos
912 1304 964 1332 do-

173 1353 251 1377 cens,
269 1346 411 1381 quomodo
427 1354 477 1381 pro
496 1348 602 1375 ratione
613 1356 646 1376 ac
658 1349 683 1375 vi
703 1354 847 1377 ventorum
865 1357 963 1378 navem

173 1390 347 1424 imperatoris
365 1390 527 1426 dirigerent.
548 1392 588 1419 Eo
604 1392 734 1420 defuncto
747 1397 859 1429 propter
871 1395 965 1429 pueri-

173 1435 240 1462 tiam
255 1436 441 1470 imperatoris,
456 1440 484 1463 et
499 1436 654 1464 fatuitatem
668 1437 844 1466 Constantini
857 1440 964 1474 patricii

173 1486 201 1508 et
215 1482 396 1514 accubitoris,
417 1483 617 1517 protoearabus
641 1483 731 1512 factus
756 1489 798 1512 est
823 1485 964 1515 Michaelis
978 1499 999 1528 ο

175 1526 250 1553 illius
270 1527 414 1554 memorati
429 1527 505 1555 senis
521 1535 616 1563 gener,
629 1528 801 1563 Theodotus,
817 1535 884 1558 tunc
896 1537 963 1560 tem-

174 1572 252 1607 poris
268 1573 427 1607 protelates,
442 1574 560 1601 diversis
577 1575 748 1609 temporibus
766 1581 876 1604 creatus
897 1585 964 1605 can-

174 1616 295 1649 didatus,
319 1623 435 1651 strator,
453 1619 633 1654 spatharius,
658 1621 963 1657 spatharocandidatus,

174 1667 202 1690 et
218 1667 313 1697 postea
331 1665 582 1699 protospatharius,
598 1671 680 1701 atque
705 1667 802 1701 phiala:
819 1674 964 1704 prolospa-

176 1708 293 1735 that-ius.
305 1708 397 1744 Neque
409 1710 482 1737 enitn
499 1711 533 1738 ab
549 1712 671 1747 antiqua
682 1715 883 1743 consuetudine
900 1724 964 1751 pro-

175 1754 327 1781 tocarabus
353 1755 528 1789 imperatoris
554 1757 635 1785 fiebat
662 1760 902 1794 protospatharius
917 1767 964 1790 aut

175 1799 490 1835 spatharocaudidatus;
511 1802 559 1829 sed
579 1803 620 1831 vel
638 1805 812 1837 candidatus,
835 1807 876 1833 vel
893 1812 965 1834 stra-

174 1849 229 1878 tor,
246 1845 288 1872 vel
304 1853 375 1880 saepe
395 1847 478 1874 etiam
494 1849 663 1882 spatharius.
681 1851 738 1877 Sub
760 1850 851 1878 Leone
872 1857 962 1880 autem

175 1890 309 1924 praeclaro
322 1891 370 1918 illo
384 1898 416 1918 ac
432 1892 638 1927 sapientissimo
652 1895 816 1929 imperatore
831 1895 906 1923 solus
920 1897 964 1925 hic

175 1936 290 1964 Michael
308 1938 468 1972 spatharius
481 1939 581 1974 primo,
600 1948 661 1968 mox
685 1942 748 1968 item
765 1942 963 1977 spatharocan-

173 1982 286 2010 didatus
302 1982 392 2010 factus
407 1988 459 2012 est.
477 1983 574 2020 Igitur,
592 1991 621 2013 ut
638 1986 706 2019 dixi,
725 1992 835 2023 propter
847 1989 962 2024 impera-

175 2029 243 2056 toris
257 2030 415 2063 pueritiam,
429 2034 456 2057 et
473 2031 648 2060 Constantini
660 2034 770 2068 patricii
783 2034 962 2062 accubiwris—

174 2082 227 2108 que
243 2073 408 2108 fatuitatem,
421 2077 598 2110 protocarahi
616 2079 886 2113 spatltarocamlidati
899 2080 962 2108 facti

175 2123 249 2152 sunt,
269 2124 297 2147 et
313 2120 357 2148 hic
375 2120 492 2149 Michael
515 2124 768 2158 protospatharius.
787 2125 854 2152 Cum
871 2130 961 2153 autem

1020 198 1108 233 καιρῷ
1124 198 1276 233 δρομωνὶου
1291 198 1469 232 τυγχάνοντα,
1485 198 1696 233 δευτεροελάτην
1712 199 1741 225 δὲ
1756 207 1810 232 γε-

1015 244 1112 277 γονότα
1126 243 1172 270 τοῦ
1196 244 1330 279 ἀγραρίου
1344 244 1483 270 Βασιλείου
1503 243 1550 270 τοῦ
1566 244 1743 279 φιλοχρίστου
1762 244 1811 270 δε-

1016 287 1127 318 σπότου,
1141 287 1188 314 καὶ
1202 287 1248 314 τὸν
1262 288 1355 323 ἕτερον
1370 287 1491 323 Μιχαὴλ,
1509 285 1539 314 οὗ
1556 289 1586 315 τὸ
1601 289 1718 323 ἐπίκλην
1731 289 1810 324 Βαρ-

1016 334 1113 365 καλᾶς,
1127 334 1201 365 ὅστις
1217 331 1251 369 ἦν
1273 335 1406 369 πρότερον
1421 335 1460 364 εἰς
1480 335 1510 360 τὸ
1525 334 1646 369 πλώϊμον
1667 334 1808 370 προτελά-

1013 387 1063 412 της
1075 379 1122 405 τοῦ
1147 379 1328 414 δρουγγαρίου
1346 379 1497 406 Εὐσταοίον
1517 381 1565 406 καὶ
1584 381 1741 415 πατρικίου,
1760 381 1809 406 ὅτε

1015 425 1133 460 ἐπέρασε
1155 426 1217 457 τοὺς
1230 426 1380 460 Τούρκους,
1399 426 1447 452 καὶ
1463 426 1670 461 κατεπολέμησε
1688 426 1735 452 τὸν
1752 427 1809 452 Συ-

1016 471 1089 506 μεὼν
1103 471 1148 498 τὸν
1161 472 1278 506 ἄρχοντα
1298 471 1473 507 Βουλγαρίας.
1496 468 1579 503 Οὗτος
1598 470 1645 499 οὖν
1659 474 1673 499 ό
1689 472 1810 507 Συμεὼν

1015 519 1029 544 ὁ
1049 518 1141 552 ἄρχων
1162 517 1330 552 Βουλγαρίας
1354 517 1447 552 μαθὼν
1463 517 1512 552 τὴν
1532 517 1579 543 τοῦ
1597 517 1720 552 πλωΐμου
1736 518 1812 553 πρὸς

1014 564 1059 590 τὸν
1075 564 1196 599 ποταμὸν
1208 565 1309 597 ἄφιξιν,
1327 565 1374 590 καὶ
1389 565 1430 591 ὅτι
1451 564 1542 600 μέλλει
1556 564 1586 591 τὸ
1600 564 1724 600 πλώῖμον
1741 566 1811 597 τοὺς

1015 610 1153 645 Τούρχους
1167 609 1228 636 κατ’
1253 609 1335 636 αὑτοῦ
1356 611 1486 646 περᾶσαι,
1507 611 1617 645 ἐποίησε
1638 611 1720 642 λέπας
1743 612 1810 646 ἦτοι

1015 655 1117 686 πλοκὰς
1147 655 1260 691 ἰσχυρὰς
1292 656 1362 682 πάνυ
1388 656 1435 682 καὶ
1463 657 1651 691 στερεμνίους,
1670 656 1741 683 ὥστε
1766 657 1810 692 μὴ

1014 701 1144 727 δύνασθαι
1159 702 1221 732 τοὺς
1239 701 1378 736 Τούρκους
1394 702 1542 738 ἀντιπερᾷν
1555 722 1562 734 ,
1580 702 1614 729 δι’
1628 703 1662 738 ἠν
1678 703 1811 730 ἐπίνοιαν

1014 748 1061 775 καὶ
1075 747 1250 783 ἐκωλύθησαν
1264 749 1289 774 οἱ
1308 748 1425 783 Τοῦρκοι
1447 749 1477 775 τὺ
1495 749 1602 783 πρῶτον
1617 750 1746 785 περάσει.
1773 749 1809 775 Ἱ)

1014 792 1061 821 οὖν
1077 794 1244 830 προρῤηθεὶς
1258 793 1369 829 Μιχαὴλ
1382 795 1396 821 ὁ
1410 794 1553 830 Βαρκαλὴ
1567 795 1636 829 μετὰ
1652 796 1701 822 καὶ
1711 796 1757 822 ἄλ)
1764 805 1808 822 ων

976 828 1000 858 Β
1013 841 1060 867 δύο
1073 828 1203 876 πλωῗμων
1219 828 1417 875 ἀναλαὸόμενοι
1431 828 1466 867 τὰ
1480 828 1629 877 σκουταρια
1641 842 1687 868 καὶ
1698 842 1810 869 σπαθία

1014 886 1114 918 αὐτῶν,
1145 886 1260 922 ἀνδρείῳ
1285 886 1331 913 καὶ
1348 887 1481 922 ῥωμαλέῳ
1509 887 1650 922 ὁρμήματι
1677 889 1809 923 ἐκπηδή-

1015 941 1112 964 σαντες
1139 933 1186 959 τοῦ
1211 933 1364 967 χελανδιου.
1394 933 1549 968 κατέκοψαν
1577 934 1625 965 τὰς
1647 934 1727 965 λέσας
1742 936 1810 970 ἦτοι

1014 979 1078 1008 τοὺς
1107 979 1234 1012 πλοκοὺς,
1259 980 1306 1006 καὶ
1330 979 1438 1014 ἧνοιξαν
1471 981 1516 1007 τὸν
1543 981 1626 1017 πόρον
1654 982 1805 1017 Τούρκοις.

1016 1023 1117 1049 Τοῦτον
1131 1023 1177 1050 οὖν
1188 1024 1233 1051 τὸν
1246 1024 1391 1060 Βαρχαλᾶν
1408 1027 1433 1052 υἱ
1446 1026 1562 1061 Τοῦρκοι
1585 1027 1693 1059 ἰδόντες,
1712 1028 1760 1054 καὶ
1774 1028 1808 1054 τὸ

1016 1068 1139 1103 ἀνδρεῖον
1154 1069 1236 1096 αὑτοῦ
1251 1070 1524 1106 ὑπερθαυμάσαντες,
1542 1073 1582 1099 ὃτι
1598 1072 1679 1107 μόνος
1689 1073 1744 1099 τῶν
1755 1073 1808 1099 δύο

1016 1115 1253 1150 προπορευόμενος
1264 1116 1395 1152 πλωῖμων
1408 1118 1515 1152 πρῶτος
1530 1119 1664 1154 κατέκοψε
1680 1119 1725 1146 τόν
1736 1120 1807 1146 πλο-

1016 1161 1073 1193 κδν,
1089 1161 1279 1196 θαυμάσαντες
1293 1160 1382 1195 εἷπον,
1396 1163 1437 1190 ὅτι
1454 1164 1548 1190 τοῦτον
1565 1164 1685 1199 ἔπρεπεν
1702 1166 1807 1200 ὀνομά-

1016 1207 1111 1239 ζεσθαι
1127 1208 1280 1242 πατρῐκιον,
1307 1209 1355 1235 καὶ
1382 1207 1453 1236 εἶναι
1468 1210 1588 1245 κεφαλὴν
1602 1211 1650 1237 τοῦ
1665 1211 1805 1247 πλωΐμου.

1016 1252 1072 1287 Τὴν
1089 1252 1135 1279 οὖν
1151 1253 1198 1280 τοῦ
1213 1254 1355 1289 Βαρκαλοῦ
1372 1255 1550 1291 ἀνδρειότητα
1562 1257 1681 1289 ἀκούσας
1699 1258 1713 1284 ό
1723 1258 1807 1293 βασι-

1015 1298 1088 1331 λεὺς,
1109 1299 1237 1334 ἐποίησεν
1261 1301 1343 1327 αὑτὸν
1361 1301 1574 1337 δευτεροελάτην
1591 1304 1629 1334 εἰς
1647 1303 1678 1329 τὸ
1692 1304 1806 1340 δραμώ-

1015 1353 1071 1370 νιον
1095 1344 1245 1379 βασιλικόν.
1271 1344 1328 1373 Εἶθ’
1343 1345 1430 1379 οὕτως
1441 1346 1489 1374 τοῦ
1510 1347 1668 1383 Ποδάρωνος
1693 1350 1741 1376 καὶ
1753 1351 1804 1376 τοῦ

1015 1390 1130 1422 Λέοντος
1145 1390 1300 1426 γενομένων
1322 1394 1534 1429 τοποτηρητῶν,
1552 1394 1708 1430 προεϐλήθη
1724 1397 1738 1422 ό
1753 1397 1779 1422 Μ
1785 1406 1805 1422 ι-

1016 1436 1085 1472 χαὴλ
1101 1438 1115 1463 ό
1129 1437 1287 1471 γέρων,“καὶ
1308 1435 1387 1471 οὗτος
1401 1440 1415 1466 ό
1432 1440 1576 1475 Βαρκαλᾶς
1590 1442 1804 1477 πρωτοκάραὸοι

1016 1482 1062 1509 τοῦ
1079 1482 1243 1518 δρομωνίου.
1262 1485 1322 1511 Ὀτι
1339 1486 1353 1511 ὁ
1365 1485 1532 1521 προρῤηθεὶς
1548 1486 1624 1512 Λέων
1636 1487 1650 1513 ὁ
1666 1487 1804 1522 Ἁρμένης

1015 1529 1029 1554 ό
1056 1529 1147 1564 πατὴρ
1168 1529 1214 1556 τοῦ
1241 1531 1489 1567 πρωτοσπαθαρίου
1511 1532 1650 1567 Ἀρσενίου
1666 1534 1712 1559 καὶ
1728 1542 1802 1568 μαγ-

1014 1574 1144 1608 γλαῦίτου
1168 1576 1215 1602 τοῦ
1237 1576 1452 1612 τελευτήσαντος
1473 1577 1588 1613 τελευτᾷ
1609 1580 1802 1614 τοποτηρητὴς

1014 1618 1052 1646 ὢν
1063 1620 1102 1651 εἰς
1117 1619 1146 1646 τὸ
1163 1620 1285 1656 πλώϊμον
1296 1629 1302 1637 ·
1320 1622 1334 1648 ό
1345 1621 1373 1648 δὲ
1386 1623 1629 1658 πρωτοσπαοάριος
1640 1625 1654 1650 ὁ
1670 1623 1802 1659 Ποδάρων

1016 1665 1087 1700 μετά
1114 1674 1190 1698 τινας
1213 1667 1329 1701 χρόνους
1347 1668 1503 1704 προεϐλήθη
1533 1670 1685 1704 στρατηγὸς
1709 1671 1738 1697 έν
1759 1671 1801 1705 τῷ

1015 1710 1113 1745 θέματι
1124 1711 1178 1737 τῶν
1200 1711 1424 1748 Κιόυρραιωτῶν.
1443 1714 1504 1740 Ὀτι
1518 1713 1565 1740 τοῦ
1581 1714 1738 1750 Ποδάρωνος
1754 1724 1803 1750 γε-

1013 1756 1124 1789 γονότος
1149 1756 1338 1792 τοποτηρητοῦ
1367 1758 1522 1794 προεϐλήθη
1553 1760 1800 1797 πρωτοσπαθάριος

1014 1801 1064 1835 τῆς
1076 1802 1175 1836 φιάλης
1187 1803 1201 1829 ὁ
1213 1803 1459 1838 πρωτοσπαθάριος
1471 1804 1658 1838 Θεοφύλακτος
1674 1806 1688 1832 ὁ
1702 1805 1799 1841 Βιμὸι-

1015 1847 1089 1883 λίδης
1105 1848 1214 1883 ἀνεψιὸς
1231 1849 1369 1884 τυγχάνων
1385 1849 1431 1876 τοῦ
1444 1851 1689 1886 πρωτοσπαθαρίου
1707 1852 1798 1878 Ἰωάν-

1016 1903 1073 1927 νου,
1099 1892 1129 1922 οὗ
1157 1895 1187 1921 τὸ
1215 1895 1328 1930 ἐπίκλην
1355 1896 1513 1928 Θαλάσσων,
1539 1898 1586 1924 καὶ
1601 1897 1743 1932 διήρκεσεν
1768 1899 1798 1924 ἐν

1016 1940 1089 1966 ἔτεσί
1101 1949 1156 1967 τισι
1171 1941 1220 1976 τῆς
1236 1941 1348 1976 πρώτης
1361 1942 1576 1977 αὐτοκρατορίας
1593 1943 1798 1971 Κωνσταντὲνου

1015 1985 1062 2012 τοῦ
1091 1986 1349 2022 Πορφυρογεννήτου
1381 1987 1428 2013 καὶ
1457 1987 1629 2022 φιλοχρίστου
1655 1989 1797 2016 δεσπότου.

1016 2031 1120 2058 Τούτου
1141 2030 1187 2058 οὖν
1207 2032 1419 2068 τελευτήσαντος
1441 2033 1484 2059 διὰ
1498 2033 1528 2060 τὸ
1547 2034 1737 2070 ὑπεργηρᾶσαι
1754 2036 1799 2062 τόν

1017 2077 1207 2112 προρρηθέντα
1222 2078 1331 2112 Μιχαὴλ
1346 2078 1391 2104 τὸν
1413 2079 1528 2113 γέροντα
1539 2098 1545 2110 ,
1568 2084 1614 2105 και
1635 2086 1675 2110 εις
1691 2081 1799 2107 πολλῶν

1015 2122 1084 2148 ἐτῶν
1104 2123 1245 2158 περιόδους
1264 2123 1403 2157 διατρίψαι
1419 2125 1447 2150 ἐν
1463 2126 1494 2159 τῇ
1512 2124 1559 2151 τοῦ
1582 2127 1798 2161 πρωτοκαράὸου

174 2165 202 2192 in
223 2165 357 2200 palatium
371 2167 494 2195 venisset
511 2168 642 2197 Dominus
658 2171 797 2199 Romanus
813 2171 891 2207 143
909 2172 960 2199 im-

1016 2169 1164 2204 ὑπουργίᾳ,
1179 2169 1296 2204 ἐτιμήθη
1311 2171 1344 2204 τῇ
1358 2170 1404 2196 τοῦ
1420 2172 1664 2206 πρωτοσπαοαρίου
1677 2173 1739 2209 ἀξίᾳ
1751 2176 1799 2200 καὶ

176 2216 297 2245 peratnr.
311 2216 335 2238 ct
354 2208 476 2249 imperio,
488 2215 581 2242 nescio
595 2224 650 2250 quo
666 2221 745 2250 pacto
759 2218 861 2252 potitus
877 2222 959 2250 esset,

176 2255 349 2286 Tltcotlnutm
373 2264 485 2294 propter
509 2261 725 2288 benevolentiam
742 2269 804 2297 erga
821 2262 961 2290 dominum

176 2302 388 2331 Constantinum
404 2305 506 2333 Christi
525 2307 745 2334 amantissimum
758 2308 960 2343 imperatorem,

176 2357 231 2377 non
252 2351 341 2377 solum
354 2351 381 2378 in
395 2351 517 2378 ordinem
531 2352 647 2387 redegit,
664 2353 710 2381 sed
725 2361 825 2381 cassum
838 2358 962 2382 tonsum-

175 2404 229 2431 que
246 2401 379 2432 perpetuo
393 2397 493 2424 exsilio
509 2398 652 2425 damnavit
672 2399 699 2425 in
719 2406 772 2433 quo
788 2400 870 2426 etiam
888 2408 962 2428 mor-

175 2435 248 2470 tuus.
257 2448 310 2475 est,
338 2442 436 2470 relicto
461 2444 635 2478 proterat-abi
652 2452 765 2472 munere
781 2444 962 2475 Constantino

175 2488 215 2515 illi
235 2487 366 2516 Loricato
381 2489 428 2524 qui
446 2497 508 2516 cum
526 2490 587 2524 ipso
607 2495 676 2522 erat,
704 2491 766 2525 quia
792 2499 839 2527 per
859 2497 961 2521 metum

176 2534 246 2562 bene
271 2542 335 2571 erga
364 2535 454 2570 ipsum
482 2536 604 2562 adfectus
630 2541 713 2568 esset,
737 2543 763 2564 et
787 2537 960 2566 Constantini

176 2580 351 2614 imperatoris
368 2581 519 2608 amicitiattt
536 2581 688 2616 ejurasset,
712 2584 866 2618 syngrapha
883 2585 915 2612 ad
933 2585 959 2612 id

177 2625 252 2657 data,
270 2634 352 2661 quam
369 2634 419 2654 sua
438 2635 519 2655 mantt
541 2628 750 2664 subsignaverat
769 2638 869 2665 :quem
881 2631 960 2658 initio

177 2671 287 2706 quidem
314 2674 623 2707 spatharocandidatnm
642 2675 756 2708 creavit,
781 2684 844 2703 mox
868 2681 959 2704 autem

179 2717 331 2752 principem
347 2719 573 2754 protocarabum,
591 2720 690 2748 deinde
710 2722 959 2756 protospatharium

178 2760 286 2796 phialae,
305 2766 332 2789 et
345 2763 426 2796 paulo
440 2769 500 2798 post
515 2765 728 2800 protospatharii
749 2766 854 2795 honore
872 2768 958 2796 auxit.

178 2807 212 2834 Et,
228 2807 271 2833 hic
286 2809 392 2842 quidem
404 2817 452 2845 per
465 2809 596 2838 Joannem
612 2811 753 2845 clericum,
768 2814 814 2848 qui
833 2814 886 2840 Deo
898 2821 959 2848 per-

1016 2213 1172 2248 προεϐλήθη
1196 2213 1242 2239 καὶ
1267 2215 1511 2249 πρωτοσπιιοάριος
1535 2216 1584 2250 τῆς
1606 2216 1716 2252 φιάλης.
1742 2219 1799 2246 Καὶ

1015 2258 1209 2293 εἰσερχομένου
1233 2258 1281 2285 τοῦ
1299 2259 1429 2294 βασιλέως
1448 2261 1476 2287 ὲν
1491 2263 1523 2296 τῇ
1541 2262 1623 2298 φιάλῃ
1640 2263 1669 2289 ἐν
1683 2264 1722 2298 τῷ
1737 2264 1798 2299 δρο-

1017 2303 1120 2338 μωνίῳ,
1142 2304 1189 2329 καὶ
1213 2305 1340 2336 ἀπιόντος
1358 2306 1412 2332 εἴτε
1435 2307 1464 2332 ἐν
1478 2307 1630 2343 προκένσῳ,
1647 2309 1702 2335 εἴτε
1717 2310 1798 2337 ἀλλα-

1015 2349 1075 2385 χοῦ,
1094 2350 1188 2376 ἵστατο
1207 2350 1221 2376 ὁ
1240 2350 1322 2382 καλὸς
1342 2353 1444 2384 ἐκεῖνος
1466 2353 1554 2388 γέρων
1566 2354 1612 2380 καὶ
1633 2355 1798 2389 ἀείμνηστος

1014 2395 1086 2422 κατὰ
1113 2395 1162 2430 τὴν
1182 2396 1231 2430 τῆς
1250 2397 1388 2432 Θαλάσσης
1411 2398 1557 2433 ἐμπειρίαν
1573 2399 1656 2433 μέσον
1671 2400 1718 2427 τοῦ
1735 2402 1797 2437 δρο-

1015 2443 1129 2477 μωνίου,
1147 2441 1357 2477 προθυμοποιῶν
1378 2443 1423 2469 καὶ
1436 2445 1654 2479 προτρεπόμενος
1673 2445 1736 2476 τοὺς
1750 2446 1798 2473 τοῦ

1013 2490 1166 2527 δρομωνίου
1193 2489 1291 2520 ἐλάτας
1319 2489 1506 2524 γενναιότερον
1534 2490 1581 2516 καὶ
1611 2490 1798 2527 ἀνδρειότερον

1013 2536 1138 2563 ἐλαύνειν
1151 2524 1180 2561 τι
1196 2535 1243 2561 καὶ
1259 2535 1441 2569 κωπηλατεῖν,
1463 2535 1518 2570 ἅμα
1542 2535 1569 2562 δὲ
1594 2537 1642 2564 καὶ
1658 2524 1714 2568 τοῖς
1736 2524 1797 2564 τότε

1015 2580 1244 2617 πρωτσικαράσοις
1258 2580 1451 2616 ὑποτιθέμενος
1460 2601 1467 2613 ,
1487 2581 1557 2608 κατὰ
1569 2581 1618 2617 τὴν
1628 2582 1797 2618 δυσκρασίαν

1015 2628 1063 2655 καὶ
1077 2627 1189 2654 πνεῦσιν
1205 2627 1260 2652 τῶν
1279 2626 1389 2661 ἀνέμων
1402 2626 1451 2661 τὴν
1468 2626 1602 2661 βασίλειον
1623 2627 1691 2655 ναῦν
1710 2629 1795 2663 πηδα-

1013 2674 1131 2708 λιουχείν
1150 2681 1179 2699 τε
1200 2672 1248 2698 καὶ
1275 2672 1422 2707 κυϐερνᾷν.
1441 2673 1540 2699 Τούτου
1555 2672 1602 2699 οὖν
1613 2673 1795 2709 τελευτήσαν-

1012 2727 1070 2752 τος,
1093 2719 1136 2745 διὰ
1161 2718 1192 2744 τὸ
1206 2717 1303 2753 νήπιον
1328 2718 1471 2752 τυγχάνειν
1493 2718 1537 2744 τὶν
1561 2717 1682 2752 βασιλέα,
1704 2719 1796 2745 καὶτὸ

1012 2764 1171 2799 ἀδιάκριτον
1185 2762 1233 2789 τοῦ
1249 2763 1395 2797 πατρικίου
1415 2762 1621 2789 Κωνσταντίνου
1642 2764 1689 2790 καὶ
1705 2771 1795 2798 παρις

1013 2810 1199 2845 κοιμωμένου,
1223 2810 1336 2844 γέγονεν
1360 2811 1374 2835 ό
1392 2810 1515 2841 Θεόδοτος
1535 2811 1637 2842 ἐκεῖνος
1650 2811 1795 2846 πρωτοκὰ-
