1938 3070
171 93 227 124 θῗθ

684 87 941 119 CONSTANTINI
957 82 1292 117 PORPHYROGENITI

1752 80 1821 113 ιοο

176 152 253 182 uitis.
271 152 479 179 aunuutiarnnt.
501 151 548 179 ille
559 157 626 178 Vero
641 151 725 178 animi
750 149 860 182 anxius,
878 148 960 175 veluti

1021 145 1057 171 ῖιὰ
1069 144 1123 171 τῶν
1135 139 1343 175 σκουλκατόρων
1359 137 1415 174 (59)
1432 137 1523 174 ήμῶν,
1537 137 1643 171 πάντας
1658 137 1731 174 ὑμᾶς
1751 140 1821 166 ἀπὺ

178 198 289 225 reﬁcere
307 197 531 226 Cltersonitarum
548 197 651 233 legatos
683 197 719 224 ab
749 197 847 223 itinere
872 195 962 222 fessos

176 243 301 278 cupiens,
314 243 384 270 dixit
403 243 470 277 ipsis
488 242 576 270 :Cum
594 242 699 278 fatigati
726 241 797 274 sitis,
831 240 893 267 volo
919 248 961 267 re-

175 289 318 323 quiescere
339 295 386 315 vos
413 296 516 323 pattcos
532 288 602 321 dies,
616 292 643 316 et
666 288 765 316 deinde
793 293 963 323 quaecunque

177 333 289 362 dixistis
303 334 399 362 effecta
416 335 537 361 reddam.
565 333 633 362 Hinc
646 338 735 361 autem
763 332 896 360 discedite
928 330 961 357 ad

177 379 331 412 Romanos.
349 380 383 407 ab
412 379 618 415 iisquediscite,
640 383 667 407 et
692 377 855 414 persuadete
885 376 963 404 vobis

176 433 302 454 verat-em
317 433 360 453 me
377 433 448 460 esse,
464 433 553 460 neque
567 425 686 452 mentiri.
713 423 883 452 Cltersonitte
898 429 963 449 vero

174 472 208 499 ad
223 471 398 499 Constantem
413 471 526 507 profecti
544 479 607 498 cum
620 470 775 499 Sauromati
791 470 898 505 legatis,
928 468 963 496 de

176 520 211 546 iis
230 527 290 554 qua:
309 519 379 546 inter
395 519 469 554 ipsos
483 521 556 553 gesta
572 522 637 545 sunt
649 517 865 551 interrogantur,
890 522 962 542 nun-

175 566 299 600 tiantque
322 564 463 592 Constanti
495 564 586 591 omnia
616 571 677 598 qua:
695 570 758 590 cum
787 561 964 596 Bosporianis

175 615 204 638 et
221 610 356 638 Maeotidis
374 609 482 645 paludis
495 609 596 637 accolis
612 609 742 644 egissent,
759 612 786 635 et
802 615 857 642 quo
884 610 964 642 pacto

175 657 334 685 Sauromati
352 657 469 684 familias
481 655 714 692 copissent,isque
726 654 777 681 hac
793 653 963 681 necessitate

175 703 335 738 compulsus
351 702 385 729 ad
404 709 498 737 pacem
519 701 635 729 veniret.
647 700 752 733 Quibus
772 699 871 726 auditis
892 698 965 726 Cou-

174 753 254 775 stans
269 747 415 774 admodum
439 747 620 774 contristatus
651 745 740 780 inquit
766 745 962 773 Chersonitis:

175 793 247 826 Quid
263 794 328 820 tuilti
341 793 452 828 prodest
485 793 518 819 de
547 792 652 827 reliquo
665 791 798 819 auxilium
828 794 962 822 vestrum,

176 824 398 874 quandoquidem
416 838 504 873 pepigi
520 845 563 865 me
579 824 645 873 ipsis
667 840 772 864 tantum
798 836 858 863 auri
885 835 964 862 datu—
980 824 1001 852 Β

176 891 239 910 rum
249 883 262 910 ?
273 882 449 918 Respondent
466 883 490 910 ei
513 881 682 910 Cltersonita:
698 880 778 908 :Noli
793 880 962 913 contristari,

176 929 296 961 domine,
309 937 371 956 nam
387 929 410 956 si
427 929 466 956 vis
490 928 675 956 dissolvemus
692 931 802 962 pactum
832 926 866 954 de
898 933 965 960 pen-

178 973 265 1001 deuda
281 975 405 1009 pecunia.
432 973 524 1008 quue
537 974 734 1007 interrogante,
748 979 802 1006 qua
817 971 843 998 id
858 971 965 999 ratione

177 1020 237 1048 ﬁeri
265 1025 380 1057 posset,
406 1020 502 1047 dicunt
526 1019 552 1046 ei
580 1018 770 1051 Cbersonitte,
797 1017 965 1052 significaret

179 1067 364 1100 Sauromato,
378 1067 460 1094 etiam
479 1066 550 1093 inter
568 1073 597 1093 se
613 1069 691 1100 pacta
706 1068 826 1097 exstare,
840 1065 965 1098 quando-

179 1114 288 1149 quidem
307 1113 396 1148 ipsius
412 1119 496 1139 causa
509 1118 644 1146 expensas
659 1110 778 1144 fecisset,
810 1111 965 1146 damnaque

180 1160 267 1187 multa
281 1166 379 1195 passus
392 1162 476 1191 esset,
494 1157 616 1186 exercitu
631 1157 716 1185 Roma
731 1164 765 1185 eo
783 1165 870 1192 usque
899 1164 963 1192 per-

181 1207 276 1239 ducto,
295 1206 387 1240 itaque
414 1205 461 1232 illa
506 1204 635 1237 solveret,
665 1203 723 1239 ipse
750 1210 815 1231 vero
847 1203 966 1232 familias

181 1255 307 1283 cunctas,
326 1251 474 1286 urbemque
488 1257 565 1278 Suam
585 1249 729 1285 reciperet.
755 1248 846 1277 Latus
864 1249 914 1277 hac
937 1258 966 1278 re

180 1299 318 1327 Constans
347 1297 492 1325 consilium
522 1300 634 1324 secutus
658 1295 895 1324 Sauromatoluec
918 1296 966 1324 de-

181 1345 298 1374 nuntiat.
318 1343 423 1378 Quibus
434 1343 545 1376 auditis,
561 1343 740 1370 Sauromatus
754 1343 846 1370 animo
863 1343 967 1370 contri-

181 1396 270 1420 status
289 1390 440 1426 respondit,
462 1397 552 1425 neque
570 1388 635 1416 dare
655 1396 684 1416 se
701 1388 860 1423 quidquam,
880 1395 968 1423 neque

180 1437 304 1472 accipere
323 1437 387 1463 item
403 1435 470 1463 velle
488 1443 495 1461 :
523 1433 641 1461 mitteret
660 1437 764 1460 tantum
781 1433 967 1467 Cltersonitas,

181 1489 212 1511 nt
228 1485 286 1519 ipse
300 1483 361 1510 inde
375 1482 539 1511 discederet.
556 1481 687 1516 lnquiunt
713 1479 857 1508 Constanti
883 1480 968 1509 Cher-

184 1530 281 1557 sonitae
302 1537 308 1555 :
328 1528 366 1556 Ne
382 1529 504 1556 dimittas
520 1535 581 1560 nos,
601 1530 748 1561 antequam
767 1527 891 1562 captivos
910 1535 968 1555 om-

183 1582 233 1602 ucs
247 1574 397 1609 acceperis.
412 1572 481 1600 Tum
511 1573 647 1600 Constans
678 1571 842 1601 Sauromata
867 1579 968 1599 renuu-

185 1621 273 1654 tiavit,
291 1619 343 1648 sibi
360 1619 482 1654 captivos
496 1627 592 1646 omnes
609 1620 737 1652 mitteret,
757 1622 815 1646 tum
830 1625 860 1645 sc
886 1617 969 1645 Cher-

183 1667 289 1694 sonitas
305 1665 481 1693 dimissurum
495 1665 664 1700 promittens.
683 1663 749 1698 Quae
777 1664 823 1692 ubi
846 1663 969 1691 audisset

185 1712 367 1740 Sauromatus
384 1719 479 1739 onmes
502 1711 625 1746 captivos
648 1715 782 1747 quotquot
809 1715 902 1739 essent
926 1710 968 1738 vel

185 1759 289 1786 invitus
307 1758 422 1786 dimisit.
444 1757 518 1791 Quos
542 1764 603 1785 cum
636 1758 787 1792 accepisset
819 1757 965 1790 Constans,

186 1804 295 1832 duobus
314 1803 538 1832 Chersouitarum
558 1803 654 1839 legatis
689 1803 761 1839 apud
781 1811 811 1831 se
835 1803 965 1836 retentis,

186 1854 299 1878 caeteros
314 1849 348 1878 ad
377 1849 570 1889 Sauromatum
597 1848 681 1880 misit,
698 1849 777 1884 isque
799 1848 833 1876 ad
860 1848 969 1876 illorqu

186 1897 332 1923 adventum
347 1903 362 1924 e
380 1894 514 1923 Lazorum
530 1895 642 1930 regione
671 1894 805 1930 quosdam
830 1901 884 1921 una
907 1900 970 1921 cum

186 1942 245 1970 suis
262 1941 421 1974 destinavit,
446 1941 545 1976 quibus
572 1941 710 1975 Bosporus
724 1940 888 1975 familiaeque
916 1943 972 1966 tra-

185 1988 405 2024 derentur;ipse
433 1995 498 2015 vero
526 1994 588 2014 cum
619 1987 740 2015 exercitu
770 1987 823 2014 iter
849 1985 974 2013 ordinate

184 2035 359 2067 instituebat,
377 2033 456 2070 147
470 2038 499 2061 ut
524 2033 696 2062 Chersouitre
721 2032 841 2061 familias
866 2031 975 2060 confer-

183 2081 235 2108 tim
265 2081 403 2108 traderent
421 2084 448 2108 et
462 2084 556 2115 postea
571 2080 740 2109 recederent.

1015 189 1114 225 μικροῦ
1127 190 1180 220 ἕως
1197 186 1315 223 μεγάλου
1333 184 1556 220 κατασφάεομεν,
1572 185 1619 211 καὶ
1632 185 1718 216 οὕτως
1736 187 1818 212 ἀνα-

1013 236 1157 273 χωροῦμεν
1177 235 1232 262 τῶν
1249 233 1386 260 έντεῦθενν
1406 232 1455 259 καὶ
1478 232 1507 257 τί
1533 232 1563 258 τδ
1580 231 1675 258 λοιπὸν
1700 232 1818 268 Σαυρο-

1015 286 1092 322 μάτῳ
1105 285 1200 319 ὄφελος
1214 284 1263 319 τῆς
1276 282 1408 318 φαμιλίας
1423 281 1507 309 αὐτοῦ
1523 281 1614 317 πάσης
1629 281 1676 308 καὶ
1689 281 1739 316 τῆς
1756 281 1817 308 1:6-

1013 333 1082 363 λεως
1108 330 1321 365 ἁπολλυμένης;
1341 330 1373 356 Al.
1397 329 1425 356 δὲ
1466 329 1597 363 γυναῖκες
1623 328 1819 363 Σαυρομάτου

1012 379 1099 406 ’ταῦτα
1122 376 1285 409 ἀκούσασαι,
1322 375 1476 407 σπουδαίως
1490 374 1570 402 τοῦτο
1586 373 1714 409 γενέσθαι
1731 382 1814 409 παρ-

1013 425 1185 453 εσκεύασαν·
1210 424 1258 450 καὶ
1280 423 1312 458 δὴ
1340 422 1552 449 ἀποστέλλουσιν
1583 423 1606 448 οἱ
1631 422 1817 456 Χερσωνῖται

1016 472 1085 506 μετὰ
1103 469 1295 505 Βοσποριανῶν
1319 469 1366 495 καὶ
1391 468 1471 500 ἰδίους
1493 469 1573 494 πέντε
1593 469 1720 503 πρέσϐεις
1734 469 1816 504 πρδς

1015 518 1200 552 Σαυρόματον,
1224 514 1371 550 μηνύοντες
1392 514 1466 549 αὐτῷ
1488 515 1521 541 τὰ
1536 515 1668 549 γενόμενα
1694 516 1740 542 καὶ
1764 515 1810 541 λε-

1014 563 1123 599 χθέντα,
1155 562 1203 589 καὶ
1230 562 1261 597 δὴ
1293 561 1347 587 τῶν
1376 560 1518 595 πρέσόεων
1530 561 1740 588 καταλαϐόντων
1757 561 1813 588 τὸν

1015 609 1190 645 Σαυρῆματον
1209 607 1279 634 κατὰ
1298 607 1360 639 τοὺς
1373 607 1419 633 τοῦ
1436 607 1533 639 ’Λλυος
1547 608 1671 642 ποταμοῦ
1693 608 1815 638 τόπους,

1015 655 1182 691 ἁνήγγειλαν
1197 654 1272 690 αὐτῷ
1287 655 1374 681 πάντα
1397 654 1431 680 τὰ
1452 653 1586 688 γενόμενα
1600 650 1669 680 καὶά
1682 653 1736 680 τῶν
1752 654 1811 680 Βο-

1015 701 1169 737 σποριανῶν
1194 701 1269 736 παρά
1295 699 1350 727 τῶν
1380 700 1560 735 Χερσωνιτῶν
1573 698 1640 735 (60).
1661 700 1691 726 '0
1717 700 1745 726 δὲ
1777 700 1812 726 ὲν

1016 749 1100 784 πολλῇ
1115 747 1243 774 στενὼσει
1265 747 1422 782 γενόμενος,
1440 746 1476 778 ὡς
1503 746 1593 782 δῆθεν,
1607 746 1688 782 φησὶ,
1709 747 1811 782 βουλό-

1018 802 1099 828 μενος
1116 793 1179 824 τοὺς
1200 793 1257 819 τῶν
1276 792 1457 827 Χερσωνιτῶν
1472 792 1602 827 πρέσϐεις
1614 793 1646 818 ἐκ
1663 792 1712 827 τῆς
1732 793 1812 819 ὁδοι-

1016 839 1116 874 πορίας
1144 837 1311 870 ἀναπαῦσαι,
1327 837 1403 872 λέγει
1421 837 1522 869 αὐτοῖς’
1549 837 1658 873 Ἐπειδὴ
1674 838 1812 873 κοπωμέ-

1015 893 1055 911 νοι
1079 885 1140 911 ἐστε
1157 884 1224 922 (⁵61),
1238 883 1306 910 θέλω
1319 884 1391 918 ὑμᾶς
1406 883 1501 917 ὀλίγας
1515 884 1622 919 ἡμέρας
1635 884 1808 917 ἀναπαῆναι,

1016 931 1063 957 καὶ
1078 928 1129 956 εἶθ’
1144 929 1230 961 οὕτως
1246 929 1334 956 πάντα
1344 930 1378 956 τὰ
1391 930 1435 964 ὑφ’
1453 929 1529 964 ὑμῶν
1540 929 1669 964 λεχθέντα
1686 931 1808 965 ποιήσω’

1016 974 1141 1002 ἐντεῦθεν
1156 975 1289 1001 ἀπέλθετε
1316 975 1384 1010 πρὸς
1406 974 1470 1006 τοὺς
1493 974 1614 1009 Ῥώμης,
1629 974 1676 1001 καὶ
1702 974 1809 1010 μάθετε

1016 1020 1081 1056 παρ’
1096 1018 1198 1051 αὐτῶν,
1223 1019 1271 1045 καὶ
1292 1018 1435 1051 πείθεσθε,
1462 1019 1504 1046 ὅτι
1523 1018 1648 1053 ἀληθεύω
1667 1019 1741 1054 ὑμῖν,
1757 1020 1809 1046 καί

1018 1067 1056 1103 μὴ
1072 1066 1215 1102 ψεύδομαι.
1226 1065 1295 1092 ’Τῶν
1310 1064 1339 1092 δὲ
1354 1065 1534 1101 Χερσωνιτῶν
1546 1065 1719 1092 ἀπελθόντων
1735 1066 1809 1101 πρὶς

1017 1113 1182 1140 Κώνσταντα
1213 1112 1282 1147 μετὰ
1300 1112 1348 1139 καὶ
1371 1111 1515 1148 πρέσϐεων
1543 1111 1589 1138 τοῦ
1612 1113 1807 1148 Σαυρομάτου,

1017 1159 1147 1185 ἐπύθοντο
1163 1158 1219 1193 (ϐἳ)
1235 1158 1269 1185 τὰ
1286 1158 1386 1193 μεταξὺ
1404 1158 1494 1185 αὐτῶν
1508 1159 1653 1194 γενόμενα,
1675 1159 1808 1192 ἀνήγγει-

1015 1204 1066 1231 λαν
1081 1204 1109 1231 δὲ
1131 1204 1171 1240 τῷ
1187 1203 1303 1240 Κώνστα
1318 1204 1365 1231 καὶ
1384 1203 1472 1230 πάντα
1497 1204 1532 1231 τὰ
1559 1204 1606 1231 ὑπ’
1625 1204 1715 1230 αὐτῶν
1735 1204 1808 1230 κατὰ

1016 1252 1070 1279 τῶν
1088 1251 1279 1287 Βοσποριανῶν
1305 1251 1352 1278 καλ⁸
1375 1251 1423 1287 τὴν
1449 1250 1591 1278 Μαιώτιδα
1611 1250 1711 1286 λίμνην
1729 1251 1808 1284 γενό-

1019 1305 1098 1333 μενα·
1111 1297 1159 1324 καὶ
1172 1296 1202 1323 τὺ
1214 1296 1272 1328 πῶς
1287 1297 1337 1328 τὰς
1351 1296 1482 1332 φαμιλεας
1493 1296 1670 1331 Σαυρομάτου
1687 1297 1808 1332 παρέλα-

1017 1344 1074 1378 ϐον,
1094 1344 1141 1371 καὶ
1165 1344 1206 1371 ὅτι
1223 1344 1256 1379 τῇ
1281 1343 1389 1380 ἀνάγκῃ
1406 1343 1494 1378 ταύτῃ
1513 1344 1552 1374 εἰς
1569 1343 1681 1378 εἰρήνην
1698 1341 1780 1378 ἦλθεν
1792 1344 1808 1369 ὁ

1019 1390 1205 1424 Σαυρόματος.
1240 1389 1374 1421 Ἀκούσας
1396 1389 1425 1416 δὲ
1449 1389 1535 1416 ταῦτα
1549 1389 1563 1415 ὁ
1579 1389 1710 1421 Κώνστας
1734 1389 1807 1416 πάνυ

1019 1436 1153 1471 ἐλυπήθη,
1171 1436 1217 1462 καὶ
1235 1435 1311 1470 λέγει
1323 1437 1378 1467 τοῖς
1398 1435 1594 1471 Χερσωνὶταις’
1612 1436 1666 1462 Καὶ
1677 1435 1762 1470 silua:
1775 1436 1807 1461 τὸ

981 1500 1004 1531 C
1019 1481 1115 1516 ὄφελος
1132 1481 1224 1508 λοιπον
1240 1481 1288 1516 τῆς
1301 1481 1438 1516 ὑμετέρας
1453 1481 1612 1516 συμμαχίας
1628 1481 1696 1517 (65).
1710 1482 1758 1516 ἀφ’
1772 1478 1806 1517 ἧς

1021 1527 1076 1561 ἐγὼ
1093 1527 1209 1562 ἐποίησα
1235 1527 1327 1553 πάκτα
1348 1527 1440 1553 δοῦναι
1456 1528 1547 1559 αὐτοῖς
1564 1527 1621 1563 (64)
1634 1528 1745 1563 χρυσίον
1760 1536 1804 1554 1:0-

1023 1572 1133 1606 σοῦτον;
1149 1573 1279 1607 Λέγουσιν
1290 1572 1364 1608 αὐτῷ
1378 1574 1402 1600 οἰ
1416 1574 1596 1608 Χερσωνῖται·
1612 1574 1658 1609 Μὴ
1670 1573 1805 1609 λυπηθῇς,

1022 1619 1149 1652 δέσποτα,
1170 1618 1228 1651 καὶ,
1242 1619 1288 1646 ὲάν
1314 1618 1406 1655 θέλῃς,
1429 1620 1511 1654 ἡμεῖς
1531 1619 1684 1655 ἀναλύομεν
1701 1620 1732 1647 τὸ
1744 1622 1806 1657 περὶ

1021 1666 1070 1701 τῆς
1091 1665 1190 1697 δόσεως
1214 1665 1320 1692 πάκτον
1336 1666 1404 1699 (65).
1422 1666 1504 1700 Λέγει
1527 1666 1620 1698 αὐτοῖς
1636 1667 1650 1693 ὁ
1665 1667 1804 1699 Κώνστας·

1023 1711 1077 1737 Καὶ
1099 1710 1158 1740 πῶς
1181 1710 1309 1743 δυνατόν;
1337 1710 1470 1745 Λέγουσιν
1499 1711 1574 1747 αὐτῷ
1587 1712 1612 1737 οἰ
1626 1712 1803 1747 Χερσωνῑται·

1022 1756 1148 1791 Δήλωσον
1164 1756 1212 1783 καὶ
1228 1756 1309 1788 αὐτὸς
1331 1756 1370 1791 τῷ
1391 1756 1571 1792 Σαυρομάτῳ,
1585 1758 1626 1785 ὃτι
1641 1757 1681 1785 Τὰ
1694 1758 1743 1793 μὲν
1756 1758 1805 1794 ἤδη

1025 1802 1125 1838 μεταξὺ
1145 1802 1224 1837 ήμῶν
1241 1802 1376 1838 γενόμενα
1403 1803 1496 1830 πάκτα
1528 1803 1712 1840 κεκράτηνται
1726 1813 1733 1820 ·
1747 1805 1806 1831 ἐπεὶ

1024 1847 1070 1875 οὖν
1085 1849 1120 1884 τῇ
1139 1848 1213 1884 αἰτίᾳ
1237 1850 1271 1884 τῇ
1290 1849 1323 1884 σῇ
1348 1848 1427 1884 κάγὼ
1453 1849 1621 1885 ἀναλώματα
1637 1851 1685 1877 καὶ
1708 1850 1807 1886 ζημίας

1024 1896 1126 1927 πολλὰς
1148 1896 1265 1932 ὶποίησα
1292 1897 1340 1924 σὺν
1365 1896 1405 1932 τῷ
1421 1897 1529 1932 στρατῷ
1556 1897 1610 1924 ἀπὺ
1632 1896 1739 1933 Ῥώμης
1755 1898 1805 1929 ’έως

1021 1938 1083 1975 ὦδε,
1105 1942 1149 1974 δός
1164 1951 1210 1977 μοι
1225 1944 1272 1969 καὶ
1287 1942 1320 1969 σὺ
1331 1942 1429 1976 ταῦτα,
1443 1943 1521 1977 κάγώ
1539 1951 1580 1970 σοι
1594 1943 1745 1976 ἀποδίδωμι
1758 1943 1803 1976 τὰς

1023 1988 1156 2023 φαμιλίας
1169 1997 1217 2015 σου
1232 1989 1334 2022 πάσας,
1349 1989 1396 2016 καὶ
1415 1989 1465 2024 τὴν
1483 1989 1560 2016 πόλιν
1579 1998 1636 2016 σου.
1652 1990 1804 2026 Περιχαρὴς

1023 2033 1054 2060 δὲ
1068 2034 1217 2069 γενόμενος
1231 2034 1246 2060 ὁ
1261 2033 1392 2066 Κώνστας
1414 2035 1534 2070 ἐμήνυσε
1546 2034 1632 2062 ταῦτα
1651 2035 1691 2071 τῷ
1706 2036 1804 2072 Σαυρο-

1027 2080 1116 2116 μάτῳ.
1151 2080 1180 2107 '0
1211 2080 1239 2107 δὲ
1264 2081 1440 2116 Σαυρόματος
1458 2081 1578 2113 ἀκούσας
1600 2082 1648 2109 καὶ
1680 2082 1806 2117 λυπηθεὶς

188 2128 289 2163 σφόδρα
301 2148 308 2160 ,
341 2127 438 2162 μηνύει
462 2127 500 2162 τῷ
531 2127 648 2163 Κώνστᾳ
672 2127 771 2161 λέγων,
790 2127 832 2154 ὄτι
850 2126 889 2153 Οὐ
905 2125 975 2153 θέλω
993 2126 1085 2154 δοῦναι
1096 2127 1123 2153 τι
1139 2127 1198 2154 ποτ’
1210 2127 1256 2154 οὖν
1269 2127 1329 2153 οὐδὲ
1345 2127 1436 2154 λαϐεῖν
1451 2127 1518 2163 (66)·
1534 2128 1603 2155 ἀλλὰ
1632 2128 1712 2163 μόνον
1743 2129 1806 2156 ἀπό-

189 2173 292 2199 στειλόν
306 2182 350 2208 μοι
364 2173 427 2204 τοὺς
441 2172 624 2207 Χερσωνὶτας.
643 2172 687 2198 ἵνα
699 2173 753 2199 τῶν
764 2171 888 2198 ἐντεῦθεν
899 2172 1081 2207 ἀναχωρήσω.
1105 2172 1238 2207 Λέγουσιν
1263 2173 1287 2199 ol
1324 2173 1493 2208 Χερσωνῖται
1515 2174 1553 2208 τῷ
1589 2173 1707 2210 Κώνστᾳ
1718 2182 1725 2189 ·
1763 2173 1805 2208 Μὴ

188 2218 327 2254 ἀπολύσῃς
349 2219 421 2254 ἡμᾶς
444 2218 496 2250 ἕως
520 2218 553 2245 ἂν
577 2218 680 2250 πάντας
699 2218 762 2250 τοὺς
785 2217 975 2253 αἰχμαλώτους
995 2218 1154 2258 ἀπολάὃῃςη
1164 2219 1231 2245 Τότε
1252 2218 1350 2254 μηνύει
1417 2217 1547 2249 Κώνστσς
1581 2218 1620 2253 τῷ
1643 2219 1806 2254 Σαυρομὰτῳ

189 2265 287 2299 λέγων,
316 2266 356 2292 ὅτι
387 2264 560 2291 ’Λπόστειλόν
584 2273 630 2299 μοι
648 2265 753 2295 πάντας
771 2263 817 2295 οὓς
836 2264 869 2291 ἀν
896 2263 968 2299 ἔχεις
987 2264 1187 2300 αἰχμαλώτους,
1213 2265 1260 2292 καὶ
1276 2265 1386 2291 ἀπολύω
1409 2265 1472 2296 τοὺς
1492 2264 1678 2300 Χερσωνίτας.

1720 2264 1750 2291 '0
1779 2264 1806 2291 δὲ

188 2311 367 2347 Σαυρόματος
382 2310 468 2338 ταῦτα
484 2311 616 2343 ἀκούσας,
630 2311 704 2338 ἄκων
721 2311 767 2337 καὶ
783 2310 820 2346 μὴ
842 2311 1004 2347 βουλόμενος
1025 2312 1162 2339 ἀπέλυσεν
1185 2312 1309 2343 ἅπαντας
1335 2311 1381 2343 οὓς
1405 2312 1438 2339 ἂν
1456 2310 1529 2347 εἶχεν
1553 2311 1742 2346 αἰχμαλώτους
1759 2312 1806 2342 ἕως

188 2360 258 2390 ἑνός.
273 2356 430 2385 ’Δπολαϐὼν
448 2357 494 2384 οὖν
505 2358 519 2383 ὁ
534 2356 665 2388 Κώνστας
681 2357 804 2388 ἅπαντας
821 2357 884 2389 τοὺς
899 2357 1121 2393 πραιδευθέντας,
1133 2358 1179 2384 δύο
1193 2358 1246 2385 τῶν
1279 2358 1459 2393 Χερσωνιτῶν
1499 2357 1628 2393 πρέσϐεις
1666 2358 1805 2394 κατασχὼν

200 2403 266 2439 παρ’
282 2403 381 2438 ἑαυτῷ,
394 2402 457 2434 τοὺς
466 2402 564 2434 ἀλλους
579 2401 722 2429 ἀπέστειλε
743 2402 810 2438 πρὸς
823 2403 869 2429 τὸν
884 2403 1071 2439 Σαυρόματον·
1089 2404 1166 2435 ὅστις
1204 2404 1381 2439 Σαυρόματος
1408 2403 1577 2439 παραλαὸὼν
1602 2404 1712 2437 αὐτοὺς,
1746 2413 1806 2440 προ-

190 2450 349 2477 απέστειλεν
373 2450 406 2477 ὲκ
419 2449 469 2484 τῆς
481 2449 535 2475 τῶν
552 2448 650 2480 Λαζῶν
663 2448 759 2484 χώρας
777 2449 846 2483 μετὰ
870 2449 916 2476 καὶ
930 2449 985 2476 τῶν
1007 2450 1080 2477 ἰδίων
1093 2449 1245 2485 ἀνθρώπων
1260 2449 1328 2482 ποὺς
1354 2450 1385 2477 τὸ
1411 2449 1578 2486 παραδοῦναι
1597 2450 1688 2483 αὐτοῖς
1703 2452 1752 2486 τήν
1780 2460 1806 2478 τε

769 2516 920 2544 ANSELMI
936 2515 1098 2544 BANDURlI
1114 2516 1230 2545 NOTAE.

223 2565 495 2600 (59)Σκουλκάτορες,
510 2562 684 2600 excubitores,
694 2563 797 2600 Εῖςὶιριιτ
815 2563 859 2590 Sic
873 2564 965 2598 passiu

1029 2564 1199 2599 συμμαχίας.

190 2597 262 2635 apud
273 2597 455 2633 'Mauriciutu',
471 2604 498 2626 et
514 2598 631 2635 Leonem
642 2598 673 2635 Vin
694 2597 824 2635 Tacticis.

236 2636 281 2671 60)
299 2637 334 2664 ita
353 2644 404 2663 ms.
420 2635 516 2671 codex.
534 2633 625 2671 Locus
641 2634 666 2671 in
680 2633 765 2671 editis
782 2634 904 2671 mutilus.

236 2639 281 2671 60)
299 2639 334 2664 ita
353 2644 404 2663 ms.
420 2639 516 2663 codex.
534 2639 625 2661 Locus
641 2641 666 2659 Ill
684 2639 765 2660 editis
782 2639 904 2660 mutuus.

225 2639 281 2707 261)
298 2672 442 2706 i’erperam
464 2669 563 2705 legitur
579 2670 605 2696 in
621 2668 713 2702 editis,
729 2668 822 2704 ἐπειδὴ
846 2668 973 2703 κοπώμε-

192 2715 229 2733 θοι
240 2706 308 2733 ἐστί.

225 2741 281 2776 (62)
299 2741 326 2768 In
353 2741 433 2768 editis
448 2747 591 2776 perperam
612 2739 739 2776 habetur,
755 2738 893 2765 ἐπείθοντο
913 2746 920 2753 ·
946 2742 973 2765 et

190 2777 272 2812 paulo
285 2777 356 2803 infra
372 2775 570 2812 xati’rdivpro
586 2775 656 2812 κατὰ
670 2775 730 2812 τῄντ

226 2812 283 2847 (65)
309 2811 454 2846 Perperam
476 2808 595 2838 habetur
618 2810 645 2837 in
663 2809 757 2843 editis,
772 2808 822 2843 τῆς
836 2808 973 2844 ἡμετέρας

1066 2598 1178 2633 (64γὸἱο
1189 2607 1221 2626 ex
1238 2606 1289 2626 ms.
1304 2598 1333 2625 In
1348 2598 1430 2627 editis
1442 2599 1584 2634 perperam
1595 2598 1706 2634 legitur,
1723 2599 1807 2626 πάκτσ

1029 2635 1123 2662 δοῦναι
1146 2634 1254 2666 αὐτούς.

1065 2669 1120 2705 (65)
1136 2669 1173 2697 Ita
1190 2678 1222 2697 ex
1239 2677 1291 2697 ms.
1303 2669 1409 2697 codice.
1425 2668 1568 2703 Perperam
1585 2668 1703 2696 habetur
1719 2670 1745 2696 in
1758 2668 1810 2696 edi-

1029 2705 1076 2736 tis,
1097 2706 1127 2731 τὸ
1142 2706 1206 2740 περὶ
1223 2705 1273 2739 τῆς
1289 2705 1390 2736 δύσεως
1411 2705 1524 2730 πάκτον.

1067 2740 1122 2774 (66)
1138 2738 1184 2768 Sic
1193 2748 1225 2767 ex
1243 2748 1294 2767 ms.
1317 2740 1422 2767 codice.
1445 2740 1589 2773 Pcrpcram
1607 2739 1633 2766 in
1654 2738 1735 2766 editis
1752 2738 1810 2774 legi-

1028 2780 1086 2809 tur,
1101 2776 1142 2803 ὄτι
1159 2776 1189 2802 οὐ
1206 2775 1275 2802 θέλω
1288 2774 1380 2802 δοῦναι
1397 2774 1422 2801 τί
1441 2775 1500 2801 ποτ’
1513 2773 1562 2801 οὖν
1576 2774 1680 2801 λαῦεἰν.
