1938 3070
95 175 144 210 illi

629 180 678 211 DE
690 180 1006 210 ADMlNlSTRANDO
1027 180 1197 210 lMl‘Eth).

94 235 231 270 Βόσπορον
249 235 296 263 καὶ
315 236 364 267 τὰς
389 236 519 271 φαμιλίας
537 237 638 263 αὐτῶν-
662 237 743 268 αὐτὸς
760 237 789 263 δὲ
812 236 987 272 Σαυρόματος
1003 238 1052 272 τὴν
1071 237 1185 272 πορείαν
1200 237 1268 273 μετὰ
1286 237 1333 264 τοῦ
1349 238 1441 269 ἔθνους

1665 181 1718 212 402

1481 239 1564 266 αὐτοῦ
1597 240 1627 266 ἐν
1661 249 1712 267 κα-

94 282 223 309 ταστάσει
235 283 361 314 ἐποιεῖτο,
375 282 442 315 πρὸς
457 282 487 309 τὸ
499 282 641 318 ἀθροίλους
653 282 716 314 τοὺς
734 282 907 317 Χερσωνίτας
926 281 1091 317 παραδοῦναι
1103 282 1152 314 τὰς
1164 281 1294 317 φαμιλίας
1311 282 1357 309 καὶ
1375 283 1562 318 ἀναχωρῆσαι.

132 349 162 375 Οί
181 348 209 375 δὲ
226 349 396 383 Χερσωνῖται
413 349 476 381 τοὺς
498 349 616 382 οἰκείους
639 349 768 385 πρέσϐεις
785 347 882 376 ὑποδε-

969 348 1137 377 Cltersonita:
1153 357 1217 376 vero
1237 349 1333 384 legatis
1358 350 1416 377 suis
1444 350 1470 377 in
1503 351 1570 378 urbe
1597 351 1720 387 Bosporo

98 394 209 428 ξάμενοι
223 394 252 420 ἐν
272 396 305 429 τῇ
325 395 466 430 Βοσπόρῳ,
489 395 537 422 καὶ
553 395 743 430 μεμαθηκότες
757 395 792 422 τὰ
809 396 886 429 γενό-

99 447 168 471 μενα
187 439 294 466 ἅπαντα
313 439 366 466 ὑπὸ
383 440 560 472 Κώνσταντος
573 440 620 467 καὶ
633 440 679 467 τοῦ
698 440 885 476 Σαυρομάτου,

98 484 259 518 παρέδωκαν
282 483 329 511 τοῦ
349 485 524 519 Σαυρομάτου
546 484 682 520 ἀνθρώπῳ
702 486 752 520 τήν
773 494 802 512 τε
819 485 886 512 Βόσ-

99 538 183 564 πορον
205 529 262 565 (67)
286 530 332 557 καὶ
353 530 388 557 τὰ
402 530 453 564 τῆς
468 530 621 562 Μαιώτιδος
650 531 807 563 καστέλλια,
837 531 887 558 καὶ

99 575 148 606 τὰς
161 575 294 610 φαμιλίας
312 579 400 608 πάσας
418 576 556 609 ἀϐλαϐεῖς,
572 577 620 604 καὶ
632 577 782 604 κατέλαϐον
801 578 830 604 ὲν
843 577 882 603 εί-

101 622 170 657 ρήνῃ
185 623 235 658 τὴν
258 623 448 659 Χερσωνιτῶν.
466 623 496 651 '0
509 624 640 656 Κώνστας
661 624 887 660 ἀναχωρήσαντος

99 667 147 694 τοῦ
162 668 341 703 Σαυρομάτου
364 669 397 695 ὲκ
412 669 467 695 τῶν
485 668 648 704 Ῥωμαϊκῶν
661 670 762 702 τόπων,
778 670 825 697 καὶ
837 671 889 698 αὐ-

99 712 145 744 τὸς
159 711 302 746 ἀνέζευξεν
319 713 366 739 επὶ
382 713 432 748 τὴν
449 713 571 749 Ῥώμην,
584 714 629 741 καὶ
640 714 784 750 ἀνήγγειλε
800 715 888 742 πάντα

100 757 140 792 τῷ
165 757 272 791 βασιλεῖ
306 759 340 786 τὰ
369 759 422 785 ὑπο
452 759 508 786 τῶν
534 759 714 795 Χερσωνιτῶν
743 760 888 795 γενόμενα,

101 803 286 839 προσαγαγὼν
299 805 346 832 καὶ
359 806 423 836 τοὺς
438 804 485 832 δύο
497 805 588 833 αὐτῶν
606 806 746 842 πρέσϐεις,
763 806 888 839 οὓστινας

102 849 166 876 ἰδὼν
185 850 200 876 ό
222 849 351 885 βασιλεὺς
373 851 420 878 καὶ
433 851 602 887 φιλοφρόνως
615 852 825 888 ἀποδεξάμενος,
842 854 889 880 καὶ

102 895 138 922 τὰ
163 895 281 932 μέγιστα
312 897 515 933 εὐχαριστήσας
532 895 611 924 εἷπεν
631 898 732 930 αὐτοῖς·
751 899 783 925 Τί
797 899 888 926 θέλετε

103 940 238 976 παράσχω
252 941 317 977 ὑμῖν
342 950 372 969 τε
401 942 449 969 καὶ
476 944 509 977 τῇ
541 943 618 969 πόλει
645 943 722 979 ὑμῶν
746 943 817 979 ὑπὲρ
839 945 889 980 τῆς

101 986 232 1021 τοιαύτης
247 987 355 1019 εὐνοίας
367 995 397 1014 τε
409 988 456 1015 καὶ
469 989 646 1024 συμμαχίαςς
664 990 696 1016 0i
714 989 743 1017 δὲ
758 989 836 1018 εἷπον
850 991 890 1027 τῷ

102 1032 217 1066 βασιλεῖ,
236 1033 276 1059 ὅτι
300 1033 406 1068 Ἡμεῖς,
423 1033 541 1061 δέσποτα
563 1034 630 1070 (68),
645 1035 721 1063 οὐδὲν
735 1035 827 1072 ἕτερον
845 1037 885 1064 θέ-

101 1078 196 1113 λομεν,
209 1080 233 1106 εί
249 1079 286 1115 μή
316 1080 342 1106 τί
359 1088 390 1114 γε
406 1080 485 1108 τοῦτο
499 1081 580 1116 μόνον
602 1081 743 1117 αἰτοῦμεν,
766 1084 809 1118 ἐφ’
822 1080 845 1118 ᾧ
858 1092 888 1111 τε
918 1079 920 1082 ’

101 1124 193 1156 δεξιὰς
207 1125 363 1162 ἐλευθερίας
392 1127 440 1153 καὶ
466 1128 592 1160 ἀτελείας
607 1130 796 1164 παρασχέσθαι
824 1131 890 1166 ήμῐν

103 1170 158 1196 ὑπὸ
183 1169 230 1197 τοῦ
257 1172 376 1206 κράτους
405 1173 492 1207 ὑμῶν.
527 1173 556 1200 '0
569 1174 598 1201 δὲ
620 1175 748 1210 βασιλεὺς
763 1177 890 1211 ἀσμένως

103 1215 249 1251 ὑποκύψας
263 1218 296 1252 τῇ
315 1218 422 1253 αἰτήσει
437 1219 536 1251 αὐτῶν,
550 1220 675 1254 ἀφθόνως
691 1221 828 1257 παρέσχεν
841 1223 889 1249 αὐ-

104 1262 162 1292 τοῖς
173 1261 223 1292 τὰς
233 1262 359 1294 τοιαύτας
371 1264 419 1298 τῆς
433 1264 589 1299 ἐλευθερίας
599 1266 645 1293 καὶ
658 1267 781 1299 ἀτελείας
789 1269 889 1301 δεξιὰς,

77 1306 268 1340 ,ἀποστείλας
303 1309 402 1342 αὐτοὺς
438 1310 506 1345 μετά
541 1312 587 1338 καὶ
624 1312 718 1348 δώρων
754 1314 888 1342 πλείστων

106 1353 177 1380 κατά
196 1354 246 1390 τήν
263 1355 453 1389 Χερσωνιτῶν,
482 1355 518 1388 ὡς
543 1357 670 1391 γνησίους
686 1358 766 1391 ϐντας
791 1360 891 1392 αὐτοὺς

106 1398 246 1433 ὑπηκόους
268 1399 318 1434 τῆς
335 1400 481 1433 Ῥωμαίων
502 1401 651 1436 βασιλείας.
671 1403 700 1430 '0
716 1403 743 1430 δὲ
761 1405 890 1438 Κώνστας

108 1445 238 1478 μεγάλως
260 1446 308 1472 καὶ
331 1446 412 1478 αὐτὸς
433 1447 590 1483 ὑποδεχθεὶς
606 1449 680 1484 παρά
695 1449 742 1476 τοῦ
758 1451 890 1485 βασιλέως

107 1491 300 1526 Διοκλητιανοῠ
318 1492 355 1524 ὼς
369 1493 500 1528 ἀνδρείως
516 1494 742 1530 παραταξάμενος
757 1496 828 1523 κατά
846 1496 891 1523 τὸν

106 1536 161 1563 τῶν
179 1538 363 1572 Σαυροματῶν
383 1539 509 1574 πόλεμον,
526 1540 572 1566 καὶ
587 1541 738 1577 περιφανὴς
752 1543 798 1569 καὶ
816 1543 889 1570 ἔιδο-

107 1583 153 1615 Εος
167 1583 323 1618 γενόμενος,
339 1584 398 1619 μετ’
407 1585 497 1619 ὀλίγον
511 1586 571 1613 τινὰ
580 1587 674 1622 χρόνον
684 1588 732 1622 τῆς
747 1588 890 1623 Ῥωμαίων

107 1628 238 1663 ἀνεδέχθη
256 1630 409 1664 βασιλείας,
432 1631 623 1667 Διοκλητιανοῦ
639 1633 685 1660 ἐπὶ
702 1635 751 1669 τὴν
765 1634 889 1670 Νικομή-

107 1673 183 1729 fama:
194 1675 425 1729 επαναγαγόντος.
441 1677 556 1704 Κώνστα
566 1677 596 1705 δὲ
613 1678 822 1714 τελευτήσαντος
832 1680 890 1715 (69)
904 1698 928 1729 ο

107 1720 137 1746 ιν
155 1719 246 1756 Ῥώμῃ
271 1721 429 1749 ἐϐασίλευσε
457 1724 663 1756 Κωνσταντῖνος
676 1726 690 1751 ό
709 1725 767 1756 υίὸς
793 1726 887 1752 αὐτοῦ’

109 1767 156 1791 καὶ
171 1766 318 1801 ἐρχομένου
330 1767 412 1794 αὐτοῦ
431 1768 476 1795 ἐπὶ
491 1768 522 1795 τὸ
534 1768 690 1802 Βυζάντιον,
707 1770 891 1803 ἀντιστάσεως

108 1810 184 1846 αὐτῷ
203 1811 255 1839 ὐπό
267 1821 348 1840 τινων
361 1814 391 1840 ἐν
410 1815 444 1850 τῇ
469 1814 570 1849 Σκυθίᾳ
589 1815 749 1851 γενομένης,
766 1816 891 1852 ὑπεμνή-

110 1857 161 1893 σθη
173 1857 203 1884 τδ
216 1858 269 1885 ὑπὸ
291 1859 339 1886 τοῦ
369 1860 472 1895 πατρὸς
486 1861 570 1888 αὐτοῦ
587 1861 703 1889 Κώνστα
716 1862 810 1897 λεχθὲν
828 1863 892 1898 περὶ

108 1903 157 1938 τῆς
183 1903 238 1931 τῶν
257 1904 436 1940 Χερσωνιτῶν
458 1906 565 1939 εὐνοίας
598 1915 628 1934 τε
651 1907 698 1934 καὶ
720 1908 891 1943 συμμαχίας,

109 1949 157 1976 καὶ
173 1949 315 1977 ἀπέστειλε
333 1951 403 1978 κατά
426 1951 475 1986 τὴν
489 1953 543 1978 τῶν
558 1952 735 1988 Χερσωνιτῶν
751 1955 891 1990 πρέσϐεις,

109 1995 151 2030 ἐφ’
167 1992 189 2029 ᾧ
207 2004 237 2022 τε
256 1995 343 2023 ἐλθεῖν
363 1998 434 2024 κατά
447 1999 497 2033 τήν
525 1998 579 2026 τῶν
603 1999 713 2027 Σκυθῶν
731 2000 833 2035 χώραν,
845 2000 893 2028 καὶ

109 2041 285 2076 μαχήσασθαι
312 2044 368 2074 τοῖς
395 2043 589 2078 ἀνθεστηκόσιν
612 2044 696 2079 αὐτῷ.
721 2046 894 2081 Στεφανηφοα

111 2086 223 2122 ροῠντος
249 2087 277 2115 δὲ
296 2089 356 2115 τότε
375 2089 422 2115 καὶ
449 2089 635 2125 πρωτεύοντος
647 2091 698 2124 τῆς
715 2092 893 2126 Χερσωνιτὼν

109 2133 251 2167 Διογένους
266 2133 314 2161 τοῦ
329 2135 481 2169 Διογένους,
494 2135 520 2161 οί
539 2136 711 2171 Χερσωνῖται
727 2137 778 2171 τὴν
794 2137 891 2164 κέλευ-

111 2188 154 2206 σιν
180 2180 305 2214 ἀσμένως
339 2180 588 2217 πειθαρχήσαντες,
611 2182 685 2218 πάσῃ
710 2182 813 2218 σπουδῇ
843 2191 893 2210 κα-

109 2226 329 2258 τασκευάσαντες
352 2226 386 2254 τά
414 2234 445 2253 τε
474 2226 609 2262 πολεμικά
635 2227 756 2263 ἅρματα,
776 2229 823 2255 καὶ
845 2229 894 2261 τὰς

110 2271 341 2308 χειροϐολίστρας,
358 2272 597 2308 καταλαμϐάνουσι
617 2274 662 2300 τὸν
682 2275 789 2309 Ἴστρον
810 2282 895 2302 ποτα-

111 2318 172 2352 μδν,
204 2319 250 2346 καὶ
265 2318 360 2346 τοῦτον
377 2319 547 2355 περάσαντες
568 2320 820 2356 ἀντιπαρετάξαντο
839 2323 896 2354 τοῖς

937 396 1066 430 receptis.
1092 395 1287 430 intellectoque
1311 395 1377 431 quid
1395 397 1466 423 inter
1492 397 1669 425 Constantem
1694 403 1721 425 et

937 440 1129 468 Sauromatum
1146 446 1237 468 actum
1253 445 1337 473 esset,
1360 441 1520 476 Bosporum,
1541 447 1568 469 et
1592 442 1723 470 Mmotidis

936 486 1043 521 paludis
1059 486 1169 522 oppida,
1200 486 1371 522 l’amiliasque
1393 494 1489 514 omnes
1511 487 1610 515 illmsas
1635 488 1722 515 tradi-

937 533 1036 560 derunt
1050 533 1118 561 viris
1136 540 1150 560 a
1162 533 1326 560 Sauromato
1349 533 1451 560 missis.
1465 533 1602 560 Constans
1617 538 1720 566 autem,

938 579 1022 607 ubiex
1030 579 1143 607 Romani
1154 579 1258 615 imperii
1272 579 1514 607 locisdiscessisset
1529 579 1722 611 Sauromatus,

938 626 997 660 ipse
1016 633 1125 660 quoque
1142 624 1256 653 Romam
1279 625 1430 658 contendit,
1451 625 1596 660 omniaque
1610 634 1624 654 a
1638 627 1724 654 Cher-

938 671 1036 699 sonitis
1048 675 1109 699 acta
1131 671 1289 706 imperatori
1313 671 1455 703 indicavit,
1492 673 1618 700 adductis
1659 673 1723 701 item

939 717 1046 744 duobus
1065 717 1171 752 legatis,
1194 724 1265 752 quos
1280 724 1342 744 cum
1363 716 1478 745 vidisset
1492 717 1650 751 imperator,
1676 719 1724 745 lm-

938 762 1020 797 nigne
1033 762 1153 796 exceptis
1201 762 1303 797 gratias
1339 761 1471 789 maximas
1495 762 1560 796 egit,
1598 763 1724 798 inquiens

939 807 1024 842 ipsis:
1041 807 1112 840 Quid
1135 807 1221 835 vultis
1250 806 1330 835 vobis
1355 811 1382 834 et
1406 807 1510 834 civitati
1536 812 1634 835 vestra:
1662 807 1724 835 dx-m

939 860 987 888 pro
1001 853 1046 880 tali
1071 853 1258 880 benevolentia
1284 856 1311 879 et
1328 853 1451 880 auxilio?
1474 853 1513 880 llli
1549 861 1612 881 vero
1637 855 1725 889 impe-

939 898 1021 926 ratori
1033 898 1247 933 responderunt:
1263 898 1336 925 Nihil
1351 898 1435 931 aliud,
1445 899 1568 931 domine,
1592 901 1720 934 petimus,

940 943 1032 972 nisiut
1056 944 1133 971 liberi
1145 951 1176 971 ac
1192 944 1328 972 immunes
1358 944 1445 972 simus
1462 951 1476 972 a
1492 945 1604 972 tributo.
1641 946 1726 980 Impe-

940 993 1015 1017 rator
1034 993 1122 1017 autem
1144 996 1228 1025 quam
1250 989 1369 1017 libenter
1381 997 1475 1017 eorum
1495 990 1618 1025 petitioni
1647 991 1727 1018 obse—

942 1034 1066 1062 cundans
1093 1034 1194 1062 liberos
1233 1041 1266 1062 ac
1286 1034 1422 1062 immunes
1452 1042 1467 1062 a
1501 1035 1604 1062 tributo
1650 1035 1726 1065 fecit.

943 1079 1090 1116 multisque
1111 1083 1240 1114 praeterea
1272 1079 1433 1108 muneribus
1468 1080 1665 1108 cohonestatos
1691 1082 1736 1108 ad'

941 1126 1118 1154 Chersonilas
1141 1125 1257 1159 remisit,
1290 1125 1374 1153 veluti
1396 1133 1521 1154 verosac
1553 1127 1646 1154 ﬁdeles
1674 1127 1728 1154 im-

943 1172 1011 1206 perii
1028 1171 1142 1198 Romani
1159 1170 1294 1198 subditos.
1315 1171 1350 1198 At
1363 1170 1501 1198 Constans
1517 1171 1658 1206 magniﬁce
1670 1172 1728 1206 ipse

943 1224 1052 1251 quoque
1066 1217 1100 1244 ab
1112 1216 1275 1251 imperatore
1292 1215 1460 1244 Diocletiano
1474 1220 1616 1252 exceptus,
1644 1217 1727 1244 veluti

945 1269 974 1288 re
991 1266 1086 1289 contra
1106 1262 1284 1289 Sauromatas
1299 1262 1429 1297 praeclare
1455 1267 1542 1297 gesta,
1564 1267 1591 1289 et
1612 1263 1727 1290 illustris

944 1307 1090 1342 clarusque
1119 1307 1217 1339 factus,
1233 1307 1316 1342 paulo
1334 1311 1395 1342 post
1411 1308 1438 1334 in
1449 1307 1593 1343 imperium
1625 1308 1726 1335 [lonia-

944 1362 1009 1382 num
1025 1353 1170 1385 successit,
1187 1352 1355 1380 Diocletiano
1370 1352 1556 1381 Nicomediam
1572 1354 1726 1382 secedente.

944 1400 1094 1427 Constante
1107 1405 1196 1426 autem
1212 1402 1321 1426 mortuo
1343 1399 1491 1433 imperator
1506 1398 1556 1426 fuit
1579 1399 1651 1427 lilius
1662 1399 1724 1434 ejus

944 1445 1150 1472 Constantinus.
1177 1443 1228 1477 Qui
1258 1452 1322 1472 cum
1358 1444 1539 1480 Byzantinum
1590 1445 1725 1477 vertisset,

945 1490 1162 1526 Seytharumque
1188 1489 1312 1516 nonnulli
1336 1489 1510 1521 rebellarent.
1536 1491 1672 1517 revocatis
1699 1490 1727 1518 in

944 1536 1102 1564 memoriam
1128 1542 1188 1571 quae
1215 1542 1230 1562 a
1254 1539 1330 1569 patre
1355 1534 1504 1563 Constante
1524 1535 1672 1562 audivisset
1694 1537 1728 1562 de

945 1581 1130 1610 benevolentia
1140 1585 1167 1609 et
1184 1581 1285 1608 auxilio
1297 1580 1534 1612 Chersonitarum,
1551 1581 1655 1615 legatos
1673 1581 1730 1609 illis

945 1628 1028 1660 misit,
1051 1627 1193 1662 postulans
1209 1631 1237 1654 ut
1252 1631 1347 1654 contra
1364 1625 1481 1662 Scythas
1501 1632 1576 1653 arma
1599 1631 1731 1662 caperent

943 1682 975 1702 ac
991 1674 1165 1702 rebellatores
1173 1671 1359 1708 subjugarent.
1372 1672 1500 1707 Princeps
1513 1677 1604 1700 autem
1620 1679 1652 1699 ac
1666 1680 1729 1707 pro-

944 1725 1030 1748 tector
1043 1719 1268 1747 Chersonitarum
1286 1723 1355 1746 tunc
1375 1718 1571 1753 temporiserat
1595 1717 1728 1754 Diogenes

943 1766 1069 1800 Diogenis
1095 1765 1178 1798 Illius.
1203 1770 1231 1793 et
1243 1764 1359 1792 libenter
1388 1763 1516 1791 mandato
1560 1763 1738 1792 Chersonin-

942 1812 1100 1840 obedientes
1129 1811 1205 1839 omni
1244 1810 1336 1839 studio
1376 1809 1504 1838 curribus
1531 1809 1636 1837 bellicis
1666 1817 1727 1837 cum

943 1857 1146 1886 chirobolistris
1163 1856 1307 1884 instructis
1335 1854 1369 1882 ad
1399 1854 1498 1882 Istrum
1522 1854 1621 1883 nomen
1637 1855 1729 1890 prol’e-

944 1904 980 1932 etl
1008 1904 1185 1939 traiecerunt,
1199 1910 1232 1930 ac
1251 1906 1348 1930 contra
1362 1901 1467 1929 hostem
1498 1901 1643 1929 tendentes
1666 1908 1728 1928 eum

944 1954 1103 1984 superatum
1118 1947 1146 1975 in
1172 1947 1264 1983 fugam
1288 1950 1492 1974 converterunt.
1510 1945 1616 1978 Quibus
1638 1946 1731 1979 cogni-

944 1995 980 2022 tis
1007 1994 1154 2029 imperator
1169 1993 1278 2020 domum
1292 1999 1340 2020 eos
1354 1991 1442 2019 redire
1456 1991 1550 2026 jussit,
1561 1991 1731 2027 proteuonti-

944 2041 996 2068 bus
1007 2044 1096 2067 autem
1112 2038 1271 2074 Byzantium
1285 2037 1388 2065 vocatis
1403 2036 1505 2072 gratias
1521 2037 1653 2064 maximas
1664 2037 1730 2071 egit,

945 2086 1066 2121 dixitque
1078 2084 1159 2120 ipsis:
1176 2081 1397 2117 Quandoquidem
1427 2082 1507 2108 etiam
1530 2089 1602 2109 nunc
1619 2082 1733 2116 benigne

946 2139 996 2169 pro
1011 2131 1089 2158 nobis
1102 2129 1260 2162 laborastis,
1291 2127 1521 2163 quemadmodum
1549 2131 1577 2155 et
1605 2135 1654 2163 pro
1680 2129 1731 2163 piis

946 2177 1096 2213 majoribus
1111 2174 1263 2202 divinitatis
1277 2177 1390 2206 nostrae,
1409 2180 1473 2201 ecce
1490 2173 1571 2200 etiam
1602 2181 1652 2201 nos
1680 2174 1728 2199 du-

945 2229 999 2252 tam
1014 2222 1091 2251 vobis
1107 2222 1260 2249 libertatem
1288 2224 1315 2248 et
1347 2226 1362 2248 a
1390 2219 1494 2247 tributo
1520 2219 1731 2251 immunitatem.

947 2278 994 2307 per
1010 2270 1136 2305 regiones
1159 2267 1276 2295 Romani
1296 2266 1403 2302 imperii
1419 2265 1632 2299 conﬁrmamus;
1663 2273 1731 2300 prat-

948 2321 1023 2343 terea
1056 2315 1153 2342 (lamus
1168 2321 1278 2348 quoque
1292 2316 1409 2340 statuam
1434 2318 1544 2338 auream
1566 2319 1628 2338 cum
1654 2312 1731 2339 chla-

110 2363 299 2399 ἁνθεστηκόσι,
314 2364 362 2391 καὶ
379 2364 569 2399 ὲτροπώσαντο
584 2365 694 2398 αὐτούς.
718 2365 820 2393 Μαθὼν
835 2366 863 2393 δὲ
882 2368 889 2393 ἐ

950 2361 1027 2397 myde
1045 2359 1228 2394 imperatoria,
1249 2358 1403 2389 ﬁbulatura,
1423 2360 1450 2384 et
1467 2364 1570 2384 corona
1589 2364 1680 2389 aurea,
1697 2357 1730 2384 ad

111 2409 237 2444 βασιλεὺς
254 2409 303 2444 τὴν
315 2409 361 2436 ὑπ’
378 2410 467 2437 αὐτῶν
488 2411 638 2446 γενομένην
654 2411 770 2447 τροπὴν,
785 2411 895 2439 ἐκέλευ-

110 2463 155 2481 σεν
174 2454 272 2487 αὐτοὺς
288 2454 358 2481 κατὰ
378 2455 427 2490 τὴν
447 2456 633 2492 ὲνεγκαμὲνην
644 2457 772 2484 ἀπιέναι·
787 2458 851 2490 τοὺς
865 2458 894 2484 δὲ

109 2500 212 2526 τούτων
239 2499 430 2534 πρωτεύοντας
457 2501 715 2537 προσκαλεσάμενος
745 2503 816 2529 κατά
843 2503 891 2529 τοῦ

108 2545 269 2577 Βυζαντίου,
287 2545 333 2572 καὶ
352 2546 553 2581 εὐχαριστήσας
572 2547 607 2574 τά
624 2548 751 2583 μέγιστα,
770 2548 823 2583 ἔφη
841 2548 891 2575 αὐ-

109 2592 177 2622 τοῖς·
199 2589 308 2626 Ἐπειδὴ
333 2591 380 2618 καὶ
404 2591 453 2618 νῦν
479 2592 609 2624 εὐνοϊκῶς
637 2593 708 2629 ὑπὲρ
722 2593 803 2629 ήμῶν
821 2593 889 2621 ὲκά-
944 2598 1052 2623 aureos,
1095 2588 1121 2615 in

110 2645 188 2673 μετε,
208 2635 299 2669 καθὼς
325 2637 373 2664 καὶ
394 2638 441 2664 ἐπὶ
466 2637 520 2665 τῶν
537 2638 657 2665 εὐσεϐῶν
674 2639 816 2674 προγόνων
835 2639 887 2674 τῆς

948 2412 1073 2435 ornatum
1090 2405 1170 2441 148
1184 2408 1283 2432 vcstra:
1315 2404 1408 2437 urbis;
1440 2402 1504 2430 item
1548 2402 1731 2438 syngrapham

947 2457 1067 2481 nostram
1084 2458 1166 2486 super
1178 2450 1304 2477 libertate
1327 2453 1354 2477 et
1369 2447 1542 2476 immunitate
1557 2452 1612 2474 tam
1628 2451 1730 2478 vestra,

945 2507 1025 2535 quam
1042 2501 1187 2525 nautarum
1202 2501 1356 2524 vestrorum
1374 2502 1380 2520 :
1399 2495 1509 2528 insuper
1525 2497 1635 2528 propter
1651 2493 1733 2521 betur

942 2545 1067 2572 volentia:
1078 2545 1174 2570 vestra:
1189 2541 1372 2569 sinceritatem
1388 2539 1502 2566 annnlos
1513 2546 1620 2574 quoque
1635 2538 1737 2565 damus

1170 2587 1269 2623 quibus
1292 2592 1421 2621 expressa
1451 2584 1601 2620 maiestatis
1632 2588 1733 2611 nostra)

947 2637 1079 2672 imago,ut
1091 2634 1124 2662 iis
1133 2632 1312 2662 relationibus
1320 2631 1422 2659 vestris
1430 2629 1731 2664 supplicationibusque

670 2715 820 2744 ANSELMI
831 2715 994 2743 BANDURII
1010 2713 1124 2742 NOTAE.

146 2785 203 2819 (67)
215 2783 254 2811 Ita
271 2792 324 2812 ms.
341 2783 435 2812 codex.
452 2784 524 2813 Etliti
535 2784 646 2819 habent,
663 2785 791 2813 ἀνέλιπον
802 2786 850 2822 τήν
861 2794 891 2812 τε

111 2821 257 2854 Βόσπορον,
272 2823 326 2847 etc.

146 2855 203 2890 (68)
217 2854 255 2891 Ita
282 2854 309 2882 in
337 2862 388 2882 tus.
413 2854 560 2891 l’crperatn
584 2863 648 2883 vero
678 2856 706 2884 in
732 2855 823 2889 editis,
851 2855 891 2882 ὅτι

112 2890 208 2925 οὐδεὶς,
223 2889 351 2924 δέσποτα,
367 2894 420 2919 etc.

982 2774 1040 2818 (69)
1059 2782 1246 2818 Κώνσταντος.
1273 2779 1453 2818 Constantem
1466 2785 1536 2818 _vero
1548 2777 1594 2805 hie
1611 2778 1729 2813 appellat

947 2813 1066 2853 scriptor
1085 2821 1194 2853 noster_
1207 2815 1399 2853 Constantium
1423 2813 1580 2853 Chlorum,
1595 2817 1626 2840 ut
1651 2821 1732 2853 nemo

947 2848 1109 2880 non'videt:
1135 2856 1162 2877 et
1189 2851 1226 2878 ita
1250 2850 1331 2878 etiam
1347 2857 1362 2876 a
1377 2848 1483 2876 Zonara
1505 2851 1628 2880 vocatur.
1655 2852 1681 2876 et
1705 2849 1737 2875 in.

947 2888 1057 2918 "cumis
1072 2887 1105 2915 21
1118 2885 1191 2914 Maii.
