1938 3070
176 127 229 161 407
699 136 952 167 CONSTANTINI
971 136 1312 170 PORPHYROGENITI
1734 144 1792 176 408

177 185 259 218 diem,
275 193 336 213 cum
351 187 455 222 priores
469 188 518 220 illi,
542 196 612 224 quos
631 190 710 225 150
727 190 794 224 dixi,
813 191 839 218 in
861 191 945 226 Caph:

1009 193 1137 228 τοιαύτης
1156 195 1249 228 φωνῆς
1263 193 1392 225 ἀκούσας,
1406 192 1593 230 περιεστράφη
1614 195 1678 222 ίδεῖν
1693 198 1798 232 ἐναγώ-

176 232 240 258 siut.
1013 247 1067 270 vta;
1082 239 1123 270 τίς
1139 240 1154 274 ἡ
1183 239 1317 274 γενομένη
1343 240 1460 274 κραυγή·
1475 240 1505 266 ἐν
1519 240 1548 267 δὲ
1561 241 1601 276 τῷ
1615 243 1798 278 περιστρέψαι

174 278 220 305 τὴν
233 279 406 314 Σαυρόματον
423 280 473 315 τὴν
490 281 586 308 ἑαυτοῦ
605 282 666 316 διῖμιν
682 283 722 314 εἰς
732 283 766 310 τὰ
789 283 884 316 ὀπίσω,
898 283 1035 319 διηνοίχθη
1053 285 1151 318 μικρὸν
1165 284 1196 311 τὸ
1218 285 1264 311 τοῦ
1297 285 1437 312 κασσιδίου
1466 286 1552 312 αὑτοῦ
1587 287 1713 318 πέταλον.
1748 289 1799 316 καὶ

174 325 274 356 εὐθέως
290 326 448 361 ἐπιδραμὼν
468 329 482 354 ὸ
505 329 645 362 Φάρνακος
660 329 743 357 Εδωκε
756 330 794 365 τῷ
807 331 894 365 κόντῳ
909 330 956 356 τὸν
976 330 1164 366 Σαυρόματον,
1192 331 1240 358 καὶ
1259 332 1365 358 ἀνεῖλεν
1386 331 1478 359 αὐτόν.
1507 333 1640 365 Πεσόντος
1681 335 1710 361 δὲ
1748 337 1799 363 τοῦ

173 370 360 405 Σαυρομάτου,
385 372 523 399 κατελθὼν
543 374 558 400 ὸ
573 373 714 410 Φάνρνακος
727 375 775 401 τοῦ
792 376 897 402 ἴπππου
918 374 1122 409 ἀπεκεφάλισεν
1143 375 1236 402 αὐτόν·
1258 377 1306 402 καὶ
1326 377 1471 411 γενόμενος
1497 379 1636 413 ἐγκρατὴς
1665 379 1713 407 τοῦ
1747 389 1798 408 πο-

171 412 265 450 λέμου,
279 416 310 443 τὸ
331 417 381 452 μὲν
399 418 503 453 πλῆθος
519 420 570 454 τῆς
588 421 739 453 Μαιώτιδος
751 421 880 454 ἀπέλυσε,
896 421 958 453 τοὺς
976 421 1004 448 δὲ
1019 421 1068 456 τῆς
1090 421 1228 456 Βοσπόρου
1254 421 1443 457 αἰχμαλώτους
1466 412 1565 458 λαὸὼν,
1585 426 1632 452 καὶ
1659 425 1709 461 τὴν
1743 426 1797 461 γῆν

171 463 262 490 αὐτῶν
276 464 452 500 ἀφελόμενος,
468 468 498 493 εν
512 467 674 504 Κυὸερνικῷ
690 469 748 496 ἀνω
763 470 812 504 τῆς
825 469 880 496 τῶν
888 469 1068 505 Χερσωνιτῶν
1084 469 1226 504 ὁροθεσίας
1251 469 1376 505 ἔστησεν,
1408 470 1473 506 ἄχρι
1506 472 1712 506 τεσσαράκοντα
1745 473 1794 499 καὶ

173 510 254 543 μόνον
275 511 372 546 μιλίων
395 515 446 548 γῆν
470 515 563 548 αὐτοῖς
583 517 676 548 ἐάσας·
702 518 804 550 αἵτινες
819 517 956 552 ὁροθεσίαι
977 517 1058 553 μέχρι
1073 517 1120 544 τοῦ
1144 517 1192 544 νῦν
1206 517 1375 553 διαμένουσι·
1391 520 1420 546 αἱ
1455 518 1484 546 δὲ
1509 520 1654 555 εἰρημέναι
1685 521 1795 556 πρῶται

171 555 310 590 ἐροθεσίαι
325 558 355 584 ὲν
370 559 453 595 Καφᾷ
469 561 538 588 είσιν
558 562 746 598 ἀποκείμεναι.

213 603 312 632 Paucis
333 613 398 633 vero
414 605 644 642 Bosporianorum
671 611 743 646 apud
774 618 804 638 se
831 607 956 643 retentis.

172 650 349 683 agriculturae
374 659 469 685 causa,
506 653 665 684 Pharnaces
708 657 828 691 reliquos
861 665 957 685 omnes

174 696 367 724 misericordia
383 699 483 727 ductus
507 700 539 727 ad
555 708 605 728 sua
623 701 713 730 redire
741 703 880 738 permisit;
909 704 955 738 qui

173 741 276 768 reversi
291 750 339 776 pro
355 743 486 771 beneﬁcio
506 746 551 772 tali
568 746 811 783 benevolentiaque
836 753 953 776 statuam

172 786 196 812 ei
214 787 240 813 in
259 786 380 822 Bosporo
396 795 558 823 posuerunt.
575 793 665 827 Atque
683 801 716 822 ex
733 802 767 822 eo
790 799 911 831 tempore
928 797 954 824 in

174 837 313 865 ίιομιιϊιηη
332 833 502 863 Sauromatae
531 836 643 872 Bospori
670 839 814 874 imperium
851 841 953 868 amise-

173 881 246 904 runt.
259 877 307 906 llis
325 879 361 906 ita
381 881 477 914 gestis,
495 882 677 917 principatum
690 884 761 919 apud
777 885 955 914 Chersonitas
968 882 992 912 B

169 926 279 951 tenente
289 932 321 952 ac
338 930 497 960 protenonte
510 927 658 962 Lamacho,
676 930 747 966 apud
769 931 952 966 Bosporianos

169 972 235 996 vero
271 975 403 1006 regnante
426 973 560 1007 Asandro,
592 975 665 1004 male
687 976 798 1004 omnino
822 977 952 1006 adversus

168 1013 346 1044 Chersonitas
362 1017 451 1046 aﬂ‘erti
473 1019 632 1055 Bosporiani
648 1029 710 1049 cum
735 1023 877 1071 quipscere
901 1032 953 1052 nc-

168 1066 304 1094 quaquam
325 1067 449 1096 possent,
478 1072 640 1100 semperque
653 1067 746 1101 aliquo
762 1066 842 1096 m'odo
864 1070 952 1104 capti-

173 1105 271 1132 vitates
285 1114 351 1134 suas
367 1108 461 1136 ulcisci
490 1111 642 1143 studerent,
667 1120 729 1139 cum
754 1114 952 1143 intellexissent

173 1149 255 1177 ﬁliam
284 1151 421 1181 Lamacho
449 1155 556 1183 unicam
582 1164 643 1185 esse
668 1158 779 1193 (lyciam
797 1180 804 1192 ,
828 1161 951 1196 ﬁliosque

173 1195 284 1222 haberet
298 1197 431 1231 Asander,
445 1199 601 1229 afﬁnitatem
639 1204 800 1232 contrahere
827 1195 948 1234 meditati

170 1245 244 1273 sunt,
266 1246 294 1269 nt
326 1243 378 1271 hoc
401 1245 530 1273 nimirum
548 1253 626 1282 pacto
644 1248 728 1276 libere
747 1250 773 1276 in
799 1250 949 1279 Chersoni‘

169 1288 257 1313 tarum
274 1293 372 1315 terram
395 1289 509 1325 ingressi
537 1293 685 1321 vindictam
703 1300 852 1324 sumerent.
889 1297 949 1324 Mit-

169 1335 230 1357 tunt
246 1331 338 1368 itaque
347 1333 450 1370 legatos
467 1337 500 1364 ad
516 1337 694 1367 Chersonitas
710 1347 949 1377 suasuros,quan-

166 1375 311 1412 doquidem
325 1387 390 1408 vera
410 1382 531 1410 amicitia
550 1384 622 1412 inter
638 1386 713 1420 ipsos
731 1392 815 1420 esset,
831 1395 948 1423 eamque

165 1422 226 1450 sine
240 1423 301 1451 dolo
317 1425 449 1460 colerent,
467 1428 622 1457 aﬁlnitatem
639 1438 732 1459 secum
741 1434 948 1467 contraherent,

165 1471 192 1494 et
206 1468 248 1496 vel
262 1468 390 1499 LamatJii
408 1474 541 1509 principis
566 1475 688 1510 ipsorum
715 1477 796 1505 ﬁliam
829 1479 947 1508 Asandri

165 1512 269 1541 domini
288 1516 330 1542 sui
345 1517 399 1545 ﬁlio
410 1518 518 1550 darent,
543 1521 585 1548 vel
608 1529 669 1548 eum
696 1524 766 1557 apud
783 1532 813 1552 se
842 1526 948 1561 accipe-

166 1563 239 1591 rent;
256 1561 297 1588 sic
313 1562 385 1589 enim
397 1565 535 1599 cognitum
550 1566 595 1600 iri,
613 1567 692 1598 ﬁdem
707 1569 778 1597 inter
793 1571 868 1606 ipsos
881 1579 948 1599 cou-
962 1560 982 1588 δ

166 1603 288 1632 stitntam
297 1613 367 1640 esse,
386 1608 462 1636 herili
472 1610 527 1638 ﬁlio
543 1619 594 1640 suo
607 1613 678 1647 apud
689 1621 737 1642 eos
751 1603 948 1645 commorante.

166 1646 378 1685 Responderunt
418 1662 482 1684 vero
515 1646 684 1687 Chersonitte
715 1661 797 1688 ﬁliam
825 1669 855 1690 se
880 1663 948 1698 ipsis

165 1695 231 1724 dare
265 1705 319 1726 non
341 1707 443 1735 posse;
470 1703 542 1738 quod
575 1705 598 1732 si
639 1711 728 1734 autem
763 1708 879 1744 aliquem
913 1718 947 1738 ex

165 1741 283 1770 Asandri
312 1745 383 1780 regis
410 1747 453 1774 sui
483 1748 545 1777 ﬁliis
567 1751 634 1779 dare
673 1741 815 1788 generum-
834 1755 945 1789 vellent,

164 1792 325 1823 accepturos
341 1797 414 1824 esse,
434 1793 479 1821 illa
503 1796 612 1830 quidem
646 1798 814 1834 conditione,
848 1805 878 1828 ut
899 1801 945 1836 qui

164 1838 298 1863 venturus
313 1842 396 1872 esset,
412 1839 529 1879 reditum
556 1843 589 1869 ad
618 1843 802 1879 Bosporianos
840 1850 947 1874 tentare

163 1885 302 1914 nunquam
325 1886 419 1916 posset
445 1876 580 1913 invisendi
608 1876 843 1925 compellandique
859 1892 945 1925 patris

163 1924 206 1950 sui
229 1931 311 1953 causa
328 1935 335 1953 τ
357 1927 380 1954 si
395 1927 422 1955 id
443 1929 622 1960 nihilominus
640 1924 944 1970 tentaveriteipsahora

162 1970 306 1998 moriatur.
332 1971 388 2000 Hoc
412 1979 491 2008 pacto
516 1975 621 2004 dimissi
649 1978 742 2013 legati,
775 1979 944 2016 domumque

161 2016 276 2050 reversi,
290 2023 350 2045 cum
364 2019 427 2053 quid
438 2024 528 2048 aetum
540 2027 612 2050 esset
622 2023 832 2058 signiﬁcassent,
845 2026 943 2055 iterum

160 2062 193 2088 ad
207 2060 382 2092 Clnersonitas
405 2065 530 2094 Asander
555 2069 629 2096 misit
655 2069 798 2105 inquiens:
823 2072 900 2105 Quod
918 2073 941 2101 si

157 2113 252 2134 verum
270 2109 402 2144 dicerent,
422 2116 502 2147 atque
522 2113 593 2142 bona
614 2115 667 2143 ﬁde
692 2121 816 2152 agerent,
845 2117 941 2146 Lama~

157 2153 283 2189 citusque
305 2156 362 2183 ﬁlio
384 2158 479 2193 majori
505 2167 555 2187 suo
573 2160 656 2189 ﬁliam
674 2170 786 2191 uxorem
804 2165 870 2193 dare
884 2166 940 2193 vel-

158 2199 204 2232 let,
219 2207 280 2227 eum
297 2209 326 2229 se
341 2202 405 2230 illuc
419 2205 566 2233 missurum
582 2215 653 2235 esse.
683 2208 748 2237 Erat
771 2215 861 2238 autem
886 2212 940 2240 illis
956 2226 979 2253 ι)

155 2247 327 2280 temporibus
342 2249 504 2284 Lamachus,
531 2257 560 2280 ut
587 2251 734 2289 ferebatur,
753 2257 828 2285 dives
845 2258 941 2286 admo-

155 2290 220 2318 dum
237 2299 305 2320 auro
319 2298 346 2321 et
363 2300 486 2330 argento,
507 2297 628 2331 famulis,
653 2304 680 2328 et
715 2302 834 2334 ancillis,
862 2304 941 2338 equis

154 2344 186 2365 ac
199 2337 291 2367 fundis
314 2342 588 2381 quamplurimishet
612 2345 640 2372 in
673 2351 794 2382 quatuor
819 2337 940 2384 regioni-

153 2383 206 2412 bus
231 2385 344 2414 domum
361 2387 476 2417 habebat
504 2390 531 2418 in
553 2391 698 2421 latitudine
711 2399 738 2422 et
766 2383 938 2431 longitudine

153 2436 242 2464 usque
256 2431 326 2459 infra
343 2432 412 2461 Susa
440 2441 500 2469 qua:
535 2436 687 2471 dicebatur,
713 2439 759 2467 ubi
786 2441 868 2468 etiam
907 2442 934 2470 in

152 2480 231 2503 muro
246 2478 383 2512 propriam
397 2478 508 2514 januam
525 2481 641 2510 habebat
657 2488 683 2511 ct
708 2490 824 2521 quatuor
844 2492 937 2522 portas

151 2526 266 2555 magnas
280 2521 313 2549 ad
335 2523 475 2552 introitum
490 2530 516 2553 et
532 2527 633 2555 exitum
658 2537 719 2557 cum
739 2531 799 2559 aliis
827 2521 935 2561 ostiolis

151 2566 322 2601 splendidis;
343 2569 379 2597 ita
399 2574 429 2597 ut
443 2572 588 2605 pecoribus
602 2574 661 2608 ejus
672 2575 698 2602 iu
715 2577 808 2604 urbem
823 2579 934 2606 venien-

151 2612 233 2645 tibus,
251 2614 351 2650 singuli
366 2623 550 2645 armentorum
565 2626 670 2656 greges,
697 2630 883 2660 equorumque
906 2629 933 2653 et.

150 2662 294 2690 equarum,
311 2658 446 2695 boumque
469 2667 496 2690 et
523 2663 695 2699 bucularum,
735 2658 880 2704 oviumque
907 2674 934 2698 et

150 2702 301 2737 asinorum,
320 2713 384 2734 suas
408 2708 508 2743 quique
536 2717 585 2746 per
613 2716 706 2746 portas
732 2714 877 2743 introirent
906 2720 933 2744 et

152 2751 184 2778 nd
201 2753 340 2787 proprium
355 2755 490 2783 stabulum
505 2757 684 2787 discederent.

1050 611 1174 644 Ὀλίγους
1201 611 1232 637 δέ
1261 620 1338 643 τινας
1364 611 1508 646 κατασχὼν
1533 620 1591 647 παρ
1620 612 1710 647 ἑαυτῷ
1737 613 1793 641 τῶν

1007 657 1200 693 Βοσποριανῶν
1223 659 1237 684 ὸ
1259 658 1399 694 Φάρνακος
1409 658 1542 694 γεωργῶν
1552 659 1634 685 ἕνεκα
1646 679 1653 692 ,
1670 660 1733 692 τοὺς
1747 660 1793 687 ἀλ-

1005 702 1067 735 λους
1082 703 1204 735 ἅπαντας
1221 704 1312 730 οἴκτου
1341 703 1471 736 ἀξιώσας,
1497 703 1616 730 ἀπέλυσε
1638 704 1708 730 κατὰ
1734 704 1791 730 τῶν

1010 750 1200 784 Βοσποριανῶν
1218 750 1353 776 ἀπελθεῖν·
1370 750 1470 779 οἵτινες
1485 749 1666 781 ἀπολυθέντες
1683 749 1735 775 ὑπὸ
1743 749 1790 776 τοῦ

1007 797 1149 833 Φαρνάκου
1167 796 1236 830 ὑπὲρ
1250 796 1301 830 τῆς
1315 795 1444 829 τοιαύτης
1462 794 1620 830 εὐεργεσίας
1631 794 1680 821 καὶ
1695 794 1790 829 φιλαν-

1007 842 1130 877 θρωπίας
1145 841 1228 869 αὐτοῦ
1255 842 1303 877 τῆς
1320 842 1360 873 εἰς
1385 841 1483 872 αὐτοὺς
1510 840 1669 875 γενομένης,
1689 840 1792 875 στήλην

1007 889 1081 924 αὐτῷ
1095 889 1211 924 ἤγειραν
1222 888 1250 914 ὲν
1268 889 1300 923 τῇ
1314 886 1455 923 Βοσπόρῳ.
1474 887 1586 914 Ἔκτοτε
1601 885 1648 912 οὖν
1662 886 1754 912 λοιπὸν
1773 886 1791 921 ἡ

1006 934 1060 961 τῶν
1078 933 1261 969 Σαυροματῶν
1278 933 1307 960 ἐν
1322 934 1356 968 τῇ
1369 933 1499 968 Βοσπόρῳ
1513 931 1634 967 βασιλεία
1645 931 1791 966 κατελύθη.

1007 979 1116 1006 Τούτων
1137 979 1165 1005 δὲ
1181 978 1253 1005 οὓτω
1278 978 1449 1013 γενομένων,
1465 977 1596 1012 Λαμάχου
1620 984 1791 1011 στεφανηφο-

1009 1025 1118 1060 ροῦντος
1142 1024 1191 1051 καὶ
1223 1024 1413 1059 πρωτεύοντος
1443 1024 1490 1059 τῆς
1521 1024 1575 1050 τῶν
1595 1022 1789 1058 Χερσωνιτῶν,

1013 1071 1159 1107 Ἀσάνδρου
1174 1071 1202 1098 δὲ
1214 1072 1263 1106 τῆς
1278 1070 1468 1106 Βοσποριανῶν
1482 1069 1685 1105 βασιλεύοντος,
1705 1068 1790 1104 κακίᾳ

1007 1117 1090 1153 πολλῇ
1105 1117 1312 1153 μεμεστωμένοι
1328 1118 1352 1143 ot
1372 1117 1551 1152 Βοσποριανοὶ
1564 1115 1633 1142 κατὰ
1651 1115 1705 1142 τῶν
1720 1115 1790 1149 Χερ-

1005 1163 1134 1196 σωνιτῶν,
1157 1164 1205 1190 καὶ
1228 1163 1362 1198 μηδαμῶς
1378 1163 1522 1210 δυνάμενοι
1540 1163 1573 1210 τῇ
1589 1161 1707 1210 πονηρία
1721 1161 1786 1210 ἦρε*

1006 1207 1074 1241 μεῖν,
1095 1206 1224 1233 ἔσπευδον
1247 1206 1290 1233 ἀεὶ
1306 1207 1398 1242 τρόπῳ
1412 1207 1466 1233 τινὶ
1490 1207 1539 1240 τὴν
1555 1205 1722 1240 ἁνταμοτὸὴν
1734 1205 1788 1230 τῶν

1003 1252 1196 1287 αἰχμαλωσιῶν
1220 1253 1275 1284 τοῖς
1290 1252 1476 1287 Χερσωνίταις
1503 1251 1656 1278 ἀποδοῦναι·
1684 1250 1732 1277 καὶ
1754 1250 1787 1285 δὴ

1005 1298 1194 1333 μεμαθηκότες
1210 1298 1283 1333 ἔχειν
1300 1297 1438 1333 Θυγατέρα
1461 1297 1591 1346 μονογενῆ
1607 1297 1656 1346 τὴν
1674 1296 1786 1346 Pun-iu,

1003 1343 1109 1378 ἔχοντος
1140 1343 1168 1370 δὲ
1183 1342 1230 1369 καὶ
1255 1342 1302 1370 τοῦ
1334 1343 1478 1377 Ἀσάνδρου
1500 1342 1590 1374 υιοὺς,
1612 1341 1787 1376 ἐμηχανῶντο

1003 1387 1190 1423 ἐπιγαμϐρίαν
1217 1387 1393 1422 ποιήσασθαι,
1414 1388 1488 1419 ὅπως
1521 1387 1565 1414 διὰ
1587 1387 1682 1414 τούτου
1701 1386 1787 1417 ἀδεῶς

1003 1433 1189 1464 ὲπιδαίνοντες
1210 1435 1243 1468 τῇ
1270 1433 1449 1469 Χερσωνιτῶν
1479 1432 1645 1468 ἀμύνασθαι.
1677 1433 1731 1459 Καὶ
1753 1431 1786 1466 δὴ

1003 1479 1197 1506 ἀποστέλλουσι
1215 1479 1343 1514 πρέσὸεις
1356 1479 1427 1506 κατὰ
1442 1479 1490 1514 τὴν
1506 1478 1684 1516 Χερσωνιτῶν
1695 1486 1786 1513 παρα-

1003 1524 1159 1556 καλοῦντες·
1181 1525 1244 1552 Ἐὰν
1263 1525 1373 1560 οἴδαμεν
1398 1526 1438 1552 ὅτι
1457 1526 1549 1560 ἀγάπη
1564 1525 1666 1560 ἀληθὴς
1682 1524 1784 1560 μεταξῦ

999 1570 1078 1605 ἡμῶν
1092 1570 1176 1604 ἐστιν,
1195 1571 1241 1596 καὶ
1262 1569 1361 1602 ἀδόλως
1375 1571 1444 1606 πρὸς
1456 1571 1588 1606 ἀλλήλους
1604 1571 1713 1605 ἔχομεν,
1726 1570 1784 1596 ἑπι-

1000 1615 1211 1651 γαμόρεύσομεν
1229 1618 1344 1647 ἑαυτοῖς·
1359 1617 1405 1644 καὶ
1421 1617 1479 1643 δότε
1493 1617 1559 1651 ἡμῖν
1573 1617 1612 1648 εἰς
1619 1616 1727 1650 νύμφην
1735 1614 1784 1650 τὴν

999 1661 1137 1697 θυγατέρα
1153 1662 1284 1698 Λαμάχου
1317 1663 1364 1689 τοῦ
1390 1662 1498 1698 πρώτου
1515 1662 1604 1697 ὑμῶν.
1622 1661 1721 1692 ἕνεκεν,
1734 1660 1782 1686 τοῦ

999 1707 1058 1733 υίοῢ
1089 1707 1234 1743 Ἀσάνδρου
1254 1707 1301 1735 τοῦ
1321 1708 1416 1743 κυρίου
1445 1707 1565 1742 ἡμῶν,ἢ
1586 1707 1683 1734 λάϐετε
1700 1706 1782 1733 αὑτὸν

998 1752 1091 1778 αὐτόοι
1104 1753 1144 1784 είς
1162 1753 1296 1788 γαμόρὸν,
1314 1754 1361 1780 καὶ
1380 1753 1492 1788 οἴδαμεν
1517 1753 1559 1780 ὅτι
1579 1752 1660 1780 πιστά
1683 1753 1781 1787 ἔχομεν

998 1798 1037 1830 είς
1052 1797 1194 1833 ἀλλήλους,
1208 1798 1255 1825 τοῦ
1273 1798 1330 1826 υίοῦ
1347 1798 1392 1825 τοῦ
1411 1798 1597 1834 βασιλεύοντος
1613 1798 1672 1834 μεθ’
1691 1797 1780 1833 ὑμῶν.

998 1843 1131 1877 Λέγουσιν
1147 1844 1241 1876 αὐτοῖς
1267 1845 1292 1871 οἰ
1319 1843 1500 1879 Χερσωνίται,
1525 1846 1566 1872 ὃτι
1590 1845 1685 1879 Ἡμεῖς
1711 1844 1781 1879 πρὸς

997 1888 1069 1924 ὑμᾶς
1087 1889 1223 1925 θυγατέρα
1242 1890 1321 1925 ήμῶν
1345 1885 1436 1918 δοῦναι
1454 1891 1505 1918 οὐκ
1525 1890 1687 1926 ἀνεχόμεθα”
1702 1891 1726 1916 εί
1751 1888 1780 1917 δὲ

995 1935 1028 1961 ἐκ
1043 1935 1098 1962 τῶν
1120 1936 1185 1962 υίῶν
1208 1936 1354 1972 ’Λσάνδρου
1379 1937 1427 1964 τοῦ
1448 1937 1579 1972 βασιλέως
1595 1937 1672 1972 ὑμῶν
1688 1937 1779 1963 θέλετε

994 1981 1086 2008 δοῦναι
1100 1982 1165 2016 ἡμῖν
1193 1983 1233 2013 εἰς
1257 1982 1399 2017 γαμὸρδν,
1422 1982 1564 2018 δεχόμεθα·
1588 1982 1659 2009 οὕτω
1685 1982 1778 2017 μέντοι

995 2028 1033 2064 μὴ
1046 2028 1197 2063 δυναμένου
1209 2029 1249 2056 ἔτι
1269 2029 1317 2056 τοῦ
1331 2029 1390 2056 υίοῦ
1407 2030 1552 2065 ’Λσάνδρου
1567 2029 1614 2056 τοῦ
1626 2029 1777 2065 ἀρχομένου

993 2075 1062 2110 πρὸς
1079 2076 1152 2111 ἡμᾶς
1175 2075 1460 2111 ὲπιγαμὸρεύσασθαι,
1477 2076 1567 2112 καιρῷ
1579 2083 1643 2103 ποτε
1658 2076 1674 2112 ἢ
1689 2076 1778 2111 χρόνῳ

993 2122 1158 2157 πειραθῆναι
1175 2122 1222 2149 τοῦ
1239 2122 1408 2158 ὑποστρέψαι
1433 2122 1505 2150 κατά
1528 2123 1577 2158 τὴν
1599 2122 1653 2148 τῶν
1672 2122 1775 2148 Βοσπο‹

994 2167 1102 2203 ριανῶν,
1129 2167 1208 2202 χάριν
1224 2167 1393 2202 ἐπισκέψεως
1413 2167 1428 2203 ἦ
1457 2168 1642 2204 προσηγορίας
1660 2167 1706 2194 τοῦ
1733 2168 1774 2194 οἰ-

994 2213 1066 2240 κείου
1082 2214 1195 2248 πατρός·
1219 2215 1243 2240 εἰ
1268 2214 1296 2240 δὲ
1320 2213 1399 2240 τοῦτο
1417 2214 1505 2249 βούλει
1531 2214 1650 2246 πάντως,
1675 2214 1716 2240 ὃτι
1740 2213 1774 2248 τῇ

993 2257 1051 2292 ὥρᾳ
1078 2257 1255 2292 ἀποθνήσκει.
1279 2258 1339 2285 Τῶν
1363 2258 1391 2284 δὲ
1417 2257 1558 2293 πρέσϐεων
1586 2257 1775 2284 ἀπολυθέντων

991 2303 1040 2330 καὶ
1064 2304 1272 2330 καταλαϐόντων
1303 2304 1353 2337 τὴν
1380 2303 1585 2339 Βοσποριανῶν,
1618 2303 1665 2330 καὶ
1688 2301 1775 2329 ταῦτα

989 2350 1223 2384 ἀναγγελλόντων,
1250 2350 1392 2377 ἀπέστειλε
1415 2350 1495 2377 πάλιν
1514 2350 1528 2376 ό
1544 2349 1695 2384 Ἀσανδρος
1707 2348 1774 2384 πρέ-

989 2395 1063 2428 σϐεις
1086 2395 1172 2429 λέγων
1196 2398 1252 2428 τοῖς
1269 2397 1467 2432 Χερσωνίταις,
1483 2396 1523 2423 ὃτι
1538 2396 1600 2422 Ἐὰν
1617 2395 1724 2430 ἀληθῶς
1734 2394 1775 2420 λέ-

989 2450 1062 2476 γετε,
1088 2443 1135 2470 καὶ
1151 2444 1333 2469 πιστοποιεῖτέ
1351 2451 1397 2478 με,
1421 2443 1463 2470 ὅτι
1489 2443 1619 2478 Λάμαχος
1645 2441 1771 2476 ἀνέχεται

988 2488 1081 2521 ζεῦξαι
1093 2489 1143 2524 τὴν
1169 2489 1306 2524 θυγατέρα
1321 2489 1402 2516 αὑτοῦ
1417 2489 1456 2525 τῷ
1474 2489 1623 2524 μειζοτέρῳ
1641 2496 1692 2523 μου
1709 2487 1770 2522 υἱῷ,

989 2534 1129 2561 ἀποστελῶ
1145 2535 1209 2570 ὑμῖν
1224 2535 1305 2562 αὑτὸν
1319 2536 1421 2562 ἐκεῖνον
1441 2534 1534 2561 αὐτόθι
1550 2533 1773 2568 ἔπιγαμὸρεύσα-

990 2580 1063 2606 σθαι.
1080 2578 1134 2607 Ἶῐν
1160 2580 1189 2606 δὲ
1200 2580 1330 2616 Λάμαχος
1355 2581 1411 2612 τοῖς
1425 2580 1487 2607 τότε
1502 2581 1618 2615 καιροῖς,
1634 2579 1672 2611 ὡς
1682 2579 1770 2612 λόγος,

988 2626 1095 2662 πλούτῳ
1113 2626 1202 2662 πολλῷ
1237 2627 1330 2662 κομῶν
1358 2627 1388 2654 ἔν
1404 2636 1434 2654 τε
1454 2627 1558 2662 χρυσίῳ
1572 2627 1620 2653 καὶ
1635 2626 1771 2661 ἀργυρίῳ,

987 2672 1066 2698 παισὶ
1079 2681 1109 2698 τε
1126 2672 1172 2698 καὶ
1189 2673 1355 2705 παιδίσκαις,
1374 2672 1422 2699 καὶ
1437 2672 1546 2707 ἀλόγοις
1560 2672 1709 2707 διαφόροις,
1723 2671 1772 2698 καὶ

987 2717 1110 2752 κτήμασι
1129 2718 1247 2750 πολλοῖς,
1260 2719 1308 2745 καὶ
1321 2718 1452 2754 τέσσαρσι
1465 2719 1493 2744 δὲ
1510 2718 1626 2753 ρεγεῶσι
1639 2718 1684 2744 τὸν
1696 2714 1771 2743 οἶκον

985 2763 1067 2789 αὑτοῦ
1083 2764 1242 2799 ἐπικρατεῖν
1268 2765 1297 2791 ἐν
1317 2764 1414 2793 πλάτει
1442 2765 1488 2792 καὶ
1515 2766 1608 2800 μήκει,
1623 2765 1677 2796 ἓως
1694 2764 1771 2790 κάτω

149 2797 203 2823 τῶν
218 2797 370 2833 λεγομένων
390 2801 507 2836 Σονσῶν,
529 2805 557 2830 ὲν
583 2802 622 2836 οἷς
638 2806 682 2832 καὶ
701 2806 767 2834 ἰδίαν
791 2807 878 2844 πύλην
895 2805 967 2843 εἶχεν
994 2810 1022 2835 ἐν
1047 2809 1086 2845 τῷ
1108 2809 1203 2845 τεῖχει,
1220 2811 1265 2837 καὶ
1295 2811 1432 2846 τέσσαρας
1462 2812 1602 2843 πυλεῶνας
1635 2809 1771 2846 μεγάλους
