1938 3070
91 141 151 174 ιο)

642 146 692 177 DE
711 146 1029 180 ADMINISTRANDO
1049 148 1222 180 IMPERIO.

1670 147 1722 182 ili)

90 199 136 230 εἰς
150 199 200 234 τὴν
215 200 316 228 εἴσοδον
340 199 388 228 καὶ
409 201 458 236 τὴν
474 199 574 235 ἔξοδον,
586 201 634 229 σὺν
659 203 763 237 ἑτέροις
783 204 840 239 (7ι)
858 204 887 231 δὲ
907 205 1087 240 παραπυλίοις
1103 207 1223 241 σεμνοῖς·
1247 205 1317 232 ὥστε
1337 204 1537 242 εισερχομένων
1570 206 1625 235 τῶν
1657 207 1714 234 aa.

91 254 153 280 γων
175 247 257 274 αὐτοῦ
275 248 304 274 ἑν
315 249 348 283 τῇ
377 247 454 274 πόλει
467 248 586 283 ἑκάστην
607 248 710 284 ἀγέλην
721 249 798 281 ζώων
828 250 896 285 (75),

933 251 1026 278 ἵππων
1046 259 1076 278 τι
1101 252 1149 279 καὶ
1175 252 1328 287 φορϐάδων,
1360 251 1430 287 βοῶν
1455 261 1484 279 τε
1497 253 1544 280 καὶ
1567 253 1719 289 δαμάλεωνι

92 292 246 327 προϐάτων
259 302 288 319 τε
307 294 354 320 καὶ
374 293 452 324 ὄνων,
465 294 512 321 καὶ
530 293 564 320 δι’
577 295 644 326 ιδίας
659 295 746 326 πύλας
760 295 884 326 εἰσιέναι,
899 296 948 322 καὶ
963 297 1003 327 είς
1019 296 1086 323 ἰδίαν
1101 295 1195 323 στάσιν
1208 296 1328 323 ἀπιέναι.

133 339 331 374 Πιρεκάλεσαν
343 338 389 366 οὖν
407 340 431 366 oi
445 339 614 374 Χερσωνίται
626 340 674 367 τὸν
687 340 828 376 Λάμαχον,
839 341 882 375 ἔφ’

972 341 1048 377 151
1058 342 1200 369 Adhortali
1210 342 1290 377 igitur
1297 341 1462 369 Lamachum
1469 347 1533 370 sunt
1541 343 1720 376 Cl-ersonilm,

93 381 118 418 ᾧ
138 393 168 411 τε
185 384 455 420 ἔπιγαμϐρεύσεσθαι
480 385 562 413 αὑτὸν
591 386 638 413 τὸν
663 386 712 414 τοῦ
739 387 885 422 ’Λσάνδρου

96 432 169 458 υἱόν.
184 430 238 457 Τοῦ
253 431 281 457 δὲ
297 431 426 466 Λαμάχου
451 431 645 463 ἐπινεύσαντος
666 433 698 468 τῇ
713 433 886 468 παρακλήσει

96 478 202 510 αὐτῶν,
220 476 302 513 ἦλθεν
314 479 328 505 ό
342 478 388 504 τοῦ
413 478 558 513 Ἀσάνδρου
573 479 630 511 υίὸς
652 480 680 506 ὲν
702 481 734 515 τῇ
751 480 885 515 Χερσῶνι,

96 523 149 550 καὶ
171 523 258 559 ἔγημε
285 524 335 559 τὴν
350 525 475 558 γυναῖκα,
492 525 538 552 καὶ
554 525 659 558 διετοῦς
677 526 776 562 μικροῦ
789 526 886 562 χρόνου

95 569 303 604 διαγενομένου,
321 570 496 605 ἐτελεύτησεν
509 571 523 597 ὁ
541 571 680 607 Λάμαχος’
695 572 712 607 ή
729 573 782 607 γάρ
796 573 886 608 μήτηρ

95 614 150 649 τῆς
172 615 272 647 Γυκίας
287 615 527 652 προτελευτῆσασα
539 614 582 652 ἧν.
605 617 637 644 'H
651 615 698 644 οὖν
714 618 799 645 Γυκία
818 619 886 654 μετὰ

95 661 150 696 τὴν
173 661 220 688 τοῦ
236 662 360 689 ἐνιαυτοῦ
373 662 524 698 περαίωσιν
540 662 589 698 τῆς
602 662 648 690 τοῦ
668 664 771 700 πατρὸς
786 665 885 699 ταφῆς,

96 706 150 740 τῆς
166 706 334 738 ένιαυσιαίας
353 707 459 742 ἡμέρας
482 707 623 743 ἐνστάσης,
643 708 693 743 τὴν
718 709 829 744 μνήμην
841 709 887 736 θέ-

97 751 185 778 λουσι
197 752 339 787 φαιδρῦναι
353 753 400 778 τοῦ
417 753 482 780 ἰδίου
494 753 605 789 πατρὸς,
622 755 889 790 στιφανηφοροῦντος

98 798 164 824 τότε
190 798 238 825 καὶ
253 798 438 834 πρωτεύοντος
452 798 502 834 τῆς
518 799 662 836 Χερσῶνος
676 800 763 836 Ζήθου
774 801 820 828 τοῦ
834 802 888 837 Ζή-

100 843 195 876 Θονος,
220 845 389 879 παρεκάλεσε
408 845 466 876 τοῖς
481 844 630 881 προύχουσι
658 847 708 882 τῆς
724 847 828 880 πόλεως
845 848 888 883 ἐφ’

99 885 157 923 ᾧτε
183 890 248 917 ἀνευ
262 889 369 924 ὕϐρεως
387 890 537 925 ἀναχθῆναι
548 891 646 924 αὐτοὺς
657 891 705 919 τοῦ
718 892 810 919 λαϐεῖν
823 893 888 929 παρ’

100 935 190 970 αὐτῆς
216 935 265 961 σὺν
289 935 370 962 παντὶ
383 935 421 970 τῷ
441 936 520 971 δήμῳ
534 933 606 963 οῐνόν
620 945 650 964 τι
665 938 711 964 καὶ
727 938 826 973 ἄρτους
841 940 888 966 καὶ

101 981 203 1014 ἔλαιον,
218 981 286 1017 κρέα
310 988 339 1007 τε
358 981 404 1008 καὶ
415 981 497 1017 ὄρνια
513 983 561 1009 καὶ
580 983 642 1018 lida,
660 984 707 1010 καὶ
721 984 748 1010 ei
757 993 783 1011 τι
796 984 888 1020 ἕτερον

939 392 968 414 ιιι
988 387 1104 414 Asandri
1122 387 1207 415 illium
1223 394 1352 422 generum
1367 387 1514 415 asciscerct
1526 397 1533 415 :
1546 388 1646 423 quibus
1659 396 1720 416 cum

937 432 984 460 ille
1013 434 1163 466 annuisset,
1188 433 1306 461 Asandri
1327 433 1398 461 illius
1427 433 1592 461 Chersonem
1630 435 1714 462 venit.

937 477 1102 514 Gysiamque
1115 478 1203 508 duxit.
1216 479 1250 506 Et
1268 479 1366 514 exiguo
1377 479 1478 507 biennii
1496 483 1617 515 tempore
1628 481 1721 515 elapso

938 524 1091 553 Lamachus
1105 525 1176 553 diem
1189 525 1266 559 obiit,
1283 533 1345 553 cum
1357 525 1413 560 jam
1430 525 1522 562 Gycia:
1547 530 1633 554 mater
1643 532 1721 553 amca

938 574 1045 598 mortua
1057 575 1140 599 esset.
1157 571 1242 606 Gycia
1267 576 1356 599 autem
1388 571 1466 599 linito
1488 579 1585 599 annoa
1617 573 1722 607 sepulto

938 620 1026 650 patre,
1053 623 1146 644 annuo
1176 616 1221 644 die
1245 616 1374 650 instante,
1394 618 1609 652 memoriamque
1636 618 1722 652 patris

938 662 980 690 sui
996 662 1134 691 celebrare
1145 663 1269 698 cupiens,
1283 663 1466 699 principatum
1484 667 1591 691 tenente
1608 671 1639 690 ac
1659 671 1722 698 pro-

938 710 1050 735 teuonte
1061 712 1127 736 tunc
1141 709 1272 744 temporis
1290 709 1315 736 in
1336 708 1474 737 Chersone
1485 708 1570 736 Zetho
1593 708 1723 736 Zetlionis

938 752 1004 785 tilio,
1026 754 1159 788 primores
1173 754 1247 781 urbis
1266 754 1372 782 hortata
1384 758 1426 782 est
1445 762 1479 782 ne
1501 754 1628 790 iniuriam
1645 762 1721 782 suam

939 803 1077 833 putarent,
1107 800 1131 827 si
1154 803 1182 827 et
1205 800 1256 835 ipsi
1288 805 1315 828 ct
1341 800 1458 836 populus
1481 800 1624 828 universus
1643 800 1678 828 ab
1691 808 1722 827 ea

939 843 1094 879 acciperent
1107 843 1212 875 vinum,
1222 851 1316 878 panes,
1331 844 1431 877 oleum,
1445 851 1553 876 carnes,
1569 852 1642 877 aves,
1668 844 1723 879 pis-

939 896 996 921 ces,
1012 892 1039 916 et
1054 888 1077 915 si
1094 895 1155 923 quae
1167 888 1219 915 alia
1236 888 1269 916 ad
1285 888 1395 923 epulum
1416 889 1580 921 necessaria,
1612 889 1721 915 ntdicm

939 934 1078 962 memoria:
1102 933 1231 960 Lamachi
1261 940 1369 961 sacrum
1391 933 1464 961 cives
1496 933 1613 961 universi
1660 941 1720 960 cum

940 979 1082 1011 uxoribus,
1109 986 1141 1006 ac
1177 978 1282 1012 liberis,
1317 978 1447 1014 omnique
1477 978 1579 1005 familia
1615 979 1722 1013 publica

103 1027 173 1062 πρὸς
185 1026 233 1062 τὴν
241 1027 289 1061 τῆς
301 1027 452 1063 ιύφρασίας
465 1027 570 1063 χρείαν,
586 1029 655 1064 πρὸς
672 1030 704 1057 τὸ
711 1030 760 1065 τὴν
779 1031 885 1066 ἡμέραν

942 1025 1029 1053 laetitia
1049 1024 1182 1052 celebrem
1197 1025 1389 1060 agerentﬁcum
1420 1024 1527 1052 choreis
1546 1024 1573 1052 in
1612 1024 1722 1060 propria

101 1074 153 1108 τῆς
176 1075 285 1109 μνήμης
295 1074 340 1100 τοῦ
354 1074 483 1110 Λαμάχου
499 1074 622 1106 ἃπαντας
636 1075 698 1107 τοὺς
714 1076 825 1108 πολίτας
839 1077 887 1104 σὺν

102 1120 213 1153 γυναιξὶ
229 1120 277 1147 καὶ
290 1121 396 1152 τέκνοις
412 1121 458 1146 καὶ
477 1121 552 1156 πάσῃ
567 1122 599 1156 τῇ
612 1121 727 1157 φαμιλίᾳ
741 1122 828 1148 αὐτῶν
843 1122 886 1149 εὑ-

104 1166 256 1201 φραιοῆναι
276 1166 323 1193 καὶ
345 1166 509 1200 ἀγάλλεσθαι
524 1167 640 1193 ἕκαστον
664 1168 693 1194 ἐν
708 1167 746 1202 τῷ
765 1168 820 1203 ἰδίῳ
842 1169 885 1204 ρε-

102 1211 198 1247 γεῶνι,
225 1212 272 1239 καὶ
295 1212 412 1247 δημοσίᾳ
434 1212 567 1248 χορεύειν,
594 1214 641 1240 καὶ
666 1213 746 1248 ἔργου
762 1213 834 1245 τινος
859 1215 889 1241 τὸ

105 1255 218 1282 σύνολον
237 1255 274 1290 μὴ
296 1254 427 1290 ἅψασθαι·
449 1256 638 1292 συνταξαμένη
651 1258 707 1289 τοίς
722 1257 845 1289 πολίταις
860 1258 889 1284 ὲν

103 1300 189 1336 ὅρκῳ,
202 1299 245 1334 ἐφ’
259 1297 310 1334 ᾧτε
335 1300 444 1327 ἅπαντα
461 1300 507 1327 τὸν
533 1301 629 1336 χρόνον
643 1301 691 1336 τῆς
715 1300 787 1337 ζωῆς
803 1301 889 1336 αὐτῆς

104 1345 177 1372 οὕτω
191 1345 225 1372 τὰ
239 1345 288 1381 τῆς
301 1346 452 1380 εὐφρασίας
479 1346 541 1373 καθ’
555 1347 669 1374 ἕκαστον
683 1348 778 1383 χρόνον
789 1347 888 1375 διδόναι

104 1391 197 1422 αὐτοῖς
213 1392 242 1417 ἔν
260 1393 293 1426 τῇ
315 1392 382 1427 αὐτῇ
398 1391 445 1418 τοῦ
472 1391 604 1427 Λαμάχου
618 1393 723 1429 μνήμῃ.
741 1393 850 1420 Τούτων
860 1394 889 1421 δλ

105 1435 177 1462 οὕτω
196 1436 350 1471 γενομένων
361 1437 391 1463 ὲν
412 1438 486 1472 ὅρκῳ
502 1438 548 1464 ὑπ’
558 1438 643 1473 αὐτῆς
657 1439 858 1474 παγιωθέντων,
875 1441 889 1467 6

105 1481 206 1515 ταύτης
225 1481 294 1517 ἀνὴρ
318 1482 332 1508 ὁ
346 1481 393 1508 τοῦ
410 1482 556 1518 ’Λσάνδρου
573 1483 629 1515 υίὸς
650 1483 720 1519 έχων
734 1485 762 1511 ὲν
777 1485 889 1521 κρυπτῷ

107 1527 152 1554 τὸν
169 1527 253 1560 δόλον,
267 1529 315 1555 καὶ
336 1528 476 1563 ἐπιζητῶν
487 1529 583 1563 καιρὸν
602 1530 758 1565 προδοσίας,
771 1530 889 1563 ἀκούσας

106 1573 194 1600 ταῦτα
214 1573 248 1600 τὰ
265 1573 340 1609 παρὰ
359 1573 409 1608 τῆς
433 1573 535 1606 Γυκίας
548 1574 688 1610 λεχθέντα,
706 1576 753 1602 καὶ
768 1576 797 1602 ὲν
815 1577 890 1612 ὅρκῳ

109 1619 294 1653 παγιωοέντα,
310 1619 449 1654 ἐθαύμασε
466 1620 513 1646 καὶ
532 1619 647 1656 έπῄνεσε
667 1621 716 1657 τὴν
729 1621 830 1649 Γυκίαν
844 1622 890 1649 ἐπὶ

107 1666 140 1701 τῇ
169 1665 272 1700 ἔνόριιῳ
282 1666 416 1698 συντάξει,
432 1666 469 1698 ὡς
480 1667 600 1702 γνησίως
625 1667 690 1703 περὶ
715 1668 777 1699 τοὺς
802 1669 890 1702 γονεῖς

109 1694 232 1746 ἔχουσαν
249 1694 416 1747 συνθέμενος,
430 1694 519 1739 Strat-al.
526 1694 617 1745 αὐτὸς,
632 1694 708 1748 φτξσι,
725 1694 831 1749 χαίρείν
842 1694 891 1741 διαί
902 1694 925 1726 C

111 1758 232 1785 σπένδειν
254 1758 299 1785 ἐπὶ
313 1759 347 1793 τῇ
364 1758 477 1794 τοιαύτῃ
493 1759 629 1791 συντάξει.
649 1760 703 1786 Καὶ
723 1761 792 1795 μετά
814 1761 892 1787 τοῦτο

110 1803 296 1838 παρελθούσης
313 1803 363 1838 τῆς
378 1803 488 1839 μνήμης
512 1804 559 1831 καὶ
573 1804 623 1839 τῆς
644 1805 804 1840 εὐφρασίας,
819 1806 892 1841 δηλοῖ

109 1850 164 1881 τοῖς
180 1850 209 1875 έν
223 1849 352 1884 Βοσπόρῳ
379 1850 411 1876 δι’
439 1850 542 1877 οἰκείου
561 1851 656 1883 παιδὸς
670 1851 759 1886 λέγων
784 1853 889 1884 αὐτοῖς,

110 1895 151 1922 ὄτι
182 1893 267 1930 Εὗρον
297 1895 409 1930 μέθοδον
439 1895 472 1922 δι’
504 1894 539 1932 ἦς
558 1897 668 1930 ἀκόπυς
684 1898 733 1933 τὴν
761 1898 892 1934 Χερσῶνα

113 1939 246 1976 μέλλομεν
272 1940 449 1975 παραλαϐεῖν·
463 1941 542 1977 ὑμεῖς
563 1940 610 1969 οὖν
632 1943 664 1969 ἐκ
690 1943 894 1979 διαλειμμάτων

112 1986 290 2013 (homines!
320 1994 366 2021 μοι
383 1986 450 2013 δέκα
465 1987 482 2021 ἢ
501 1986 604 2014 δώδεκα
625 1989 773 2024 νεωτέρους
798 1990 895 2025 χρησί-

114 2041 179 2067 μους
200 2033 278 2064 έκτδς
294 2032 349 2059 τῶν
368 2033 397 2060 έν
412 2033 452 2068 τῷ
472 2033 586 2069 καράϐῳ
597 2034 776 2067 ἐλαυνόντων,
794 2036 831 2066 ὼς
846 2035 895 2071 δῆ-

113 2078 158 2104 Θεν
174 2078 248 2110 ξένιά
261 2087 307 2113 μοι
323 2078 489 2112 ιπέμιιτοντες⁸
510 2079 539 2105 ὲν
553 2079 679 2114 συμϐόλῳ
704 2080 733 2106 δὲ
754 2080 896 2115 παραϐαλ-

112 2124 212 2150 λόντων
223 2123 278 2150 τῶν
301 2124 457 2159 ἐρχομένων
483 2125 612 2160 καράϐων
628 2124 704 2160 ὑμῶν
717 2126 764 2152 καὶ
777 2125 835 2152 ἐκεῖ
846 2135 895 2161 με-

114 2169 221 2196 νόντων·
239 2169 307 2204 ἐμοῦ
324 2169 352 2196 δι
369 2169 523 2205 πέμποντος
540 2171 587 2197 καὶ
612 2171 646 2198 δι’
661 2171 752 2198 ἵππων
768 2171 897 2207 φέροντος

114 2216 175 2248 τοὺς
187 2216 350 2252 ἐρχομένους
360 2217 507 2251 νεωτέρους
521 2217 550 2243 ὲν
567 2218 598 2253 τῇ
620 2217 706 2250 πόλει,
716 2218 766 2246 ,καὶ
778 2218 813 2245 τὰ
824 2226 897 2253 πεμ-

116 2263 220 2296 πόμενα
233 2262 299 2298 (76).
317 2262 373 2289 Καὶ
383 2262 414 2298 δὴ
429 2262 468 2298 τῷ
484 2263 579 2300 τρόπῳ
590 2263 675 2299 τούτῳ
687 2265 733 2290 ἐπὶ
748 2264 821 2300 διετῆ
834 2265 897 2300 χρό-

115 2316 158 2334 νον
171 2309 201 2335 ὲκ
218 2307 265 2335 τοῦ
281 2308 352 2335 κατὰ
369 2308 452 2344 μέρος
471 2308 626 2344 ιρχομένων
640 2310 694 2336 τῶν
709 2309 898 2345 Βοσποριανῶν

938 1071 1046 1106 regione
1066 1070 1178 1106 singuli,
1193 1078 1225 1097 ac
1239 1071 1364 1098 feriatum
1391 1071 1522 1098 haberent
1549 1079 1556 1098 :
1583 1070 1724 1105 promisit-

937 1125 990 1152 que
1006 1117 1112 1145 civibus
1127 1124 1188 1144 cum
1201 1116 1357 1151 jnramcnto
1372 1117 1519 1152 quotannis
1529 1117 1592 1144 dum
1605 1118 1722 1148 viveret,

939 1164 995 1191 haec
1010 1171 1039 1191 se
1052 1163 1142 1191 omnia
1158 1163 1191 1190 ad
1209 1162 1400 1190 celebrandam
1433 1162 1504 1189 diem
1531 1162 1558 1189 in
1592 1161 1722 1189 Lamachi

939 1209 1096 1236 memoriam
1111 1208 1405 1244 iis'suppeditaturam.
1427 1207 1489 1235 Haec
1505 1216 1565 1235 cum
1586 1208 1622 1235 ita
1647 1208 1724 1242 jure-

937 1254 1056 1289 jurando
1070 1254 1104 1280 ab
1117 1254 1174 1289 ipsa
1190 1254 1295 1281 firmata
1310 1259 1412 1285 essent.
1432 1255 1547 1281 maritus
1561 1254 1621 1288 ejus
1634 1255 1724 1281 Asan-

939 1299 981 1327 dri
998 1299 1069 1327 illius
1090 1299 1181 1326 dolum
1196 1298 1287 1326 animo
1298 1299 1434 1326 occultum
1454 1306 1576 1329 versans.
1603 1303 1629 1326 et
1659 1306 1723 1334 pro-

940 1345 1052 1373 ditionis
1063 1350 1169 1380 tempus
1181 1351 1318 1379 quarens,
1339 1351 1400 1379 qua,
1413 1351 1428 1371 a
1453 1343 1537 1380 Gycia
1554 1344 1628 1371 dicta
1648 1344 1725 1378 jura-

939 1395 1086 1426 mentoque
1122 1391 1227 1417 tlrmata
1261 1394 1353 1418 essent
1403 1390 1528 1422 audiens,
1571 1390 1723 1417 admiratus

940 1438 1061 1465 laudavit
1071 1432 1141 1469 eam,
1157 1436 1230 1472 quod
1261 1437 1417 1471 iuramento
1437 1437 1625 1468 stabilivisset,
1639 1436 1725 1464 veluti

940 1484 1070 1520 praaciare
1093 1490 1157 1518 erga
1186 1487 1312 1518 parentes
1338 1482 1483 1515 atlectam,
1500 1482 1632 1516 adjicicns
1658 1489 1726 1517 gau-

939 1530 1004 1558 dere
1045 1537 1074 1557 se
1101 1536 1220 1564 quoque.
1252 1532 1279 1556 et
1316 1528 1402 1556 libare
1431 1528 1523 1556 itidem
1548 1527 1626 1555 velle.
1645 1527 1727 1554 Cum-

940 1583 993 1610 que
1022 1575 1160 1603 memoria'
1187 1574 1245 1602 dies
1271 1578 1298 1602 et
1328 1574 1438 1609 epulum
1460 1574 1635 1609 praeteriisset
1657 1572 1727 1600 Bos-

940 1621 1064 1657 porianis
1089 1628 1136 1656 per
1153 1620 1283 1648 famulum
1294 1627 1373 1648 suum
1389 1619 1527 1651 indicavit.
1549 1618 1686 1647 invenisse
1697 1624 1726 1645 se

941 1672 995 1700 quo
1006 1670 1084 1700 pacto
1105 1664 1166 1692 sine
1184 1664 1276 1691 labore
1291 1663 1459 1691 Cliersonem
1481 1670 1579 1699 capere
1595 1665 1726 1698 possent;

942 1713 1082 1739 mitterent
1095 1711 1187 1746 itaque
1206 1718 1253 1746 per
1275 1711 1415 1737 intervalla
1442 1710 1535 1738 decem
1564 1714 1610 1737 aut
1625 1710 1729 1740 duode-

941 1758 995 1785 cim
1007 1757 1122 1793 juvenes
1137 1759 1300 1792 praestantes
1316 1761 1414 1791 preter
1424 1756 1586 1784 carabormn
1596 1758 1726 1796 Jemiges

942 1803 988 1838 qui
1003 1803 1086 1831 veluti
1104 1803 1183 1830 xenia
1200 1802 1251 1838 ipsi
1274 1801 1376 1829 ferrent
1393 1810 1400 1829 :
1421 1802 1467 1837 qui
1482 1806 1572 1829 autem
1586 1804 1723 1838 appellent

943 1849 1035 1877 carabi
1046 1849 1075 1876 in
1091 1849 1138 1876 tali
1158 1849 1218 1876 loco
1233 1848 1391 1881 manebunt,
1408 1855 1458 1884 ego
1473 1855 1537 1875 vero
1564 1855 1649 1883 equos
1666 1849 1730 1876 mit-

943 1902 1009 1928 tam,
1025 1895 1124 1930 quibus
1135 1895 1248 1930 juvenes
1264 1902 1296 1923 ac
1316 1902 1427 1923 munera
1455 1895 1537 1922 miSsa
1571 1895 1598 1921 in
1633 1895 1729 1922 urbem

942 1941 1087 1968 vehantur.
1102 1939 1224 1975 Cumque
1252 1947 1299 1976 per
1312 1940 1432 1968 biennim
1450 1939 1501 1967 hoc
1516 1939 1596 1967 modo
1611 1939 1729 1968 diversis

944 1988 1112 2022 temporibus
1150 1987 1176 2013 in
1214 1986 1309 2013 urbem
1352 1985 1511 2021 Bosporiani
1544 1993 1605 2013 cum
1643 1986 1731 2013 xeniis

945 2035 1093 2065 venissent,
1117 2040 1151 2060 ne
1168 2032 1243 2060 trans
1260 2040 1274 2059 ιι
1285 2031 1390 2059 civibus
1410 2030 1622 2066 agnosceretur,
1646 2031 1732 2058 addu-

945 2080 1024 2107 cebat
1044 2087 1092 2107 eos
1106 2078 1223 2106 Asandri
1248 2078 1321 2106 illius
1347 2077 1467 2113 pedestri
1492 2077 1590 2105 itinere
1601 2085 1633 2105 ex
1669 2078 1730 2105 loco

946 2125 1106 2158 constituto.
1136 2129 1163 2152 et
1192 2132 1288 2152 rursus
1320 2127 1381 2159 post
1413 2124 1519 2158 aliquot
1554 2123 1612 2152 dies
1638 2132 1730 2151 coram

947 2172 1074 2200 omnibus
1086 2178 1134 2199 eos
1157 2171 1209 2200 sub
1241 2178 1381 2205 vesperam
1417 2169 1572 2198 dimittebat
1597 2170 1631 2198 ad
1658 2179 1732 2198 cant-

948 2218 1058 2254 pcstria,
1074 2218 1150 2253 quasi
1177 2217 1232 2252 jam
1252 2216 1357 2244 tardius
1369 2220 1460 2250 esset;
1495 2217 1541 2252 qui
1562 2217 1666 2253 egressi
1697 2216 1731 2244 ad

947 2265 999 2292 tria
1018 2271 1104 2299 usque
1119 2264 1244 2291 milliaria
1263 2264 1380 2292 tenebris
1408 2263 1465 2299 jam
1481 2263 1576 2291 densis
1604 2263 1732 2290 redibant

948 2315 974 2338 et
985 2310 1122 2338 Limonem
1139 2309 1287 2343 intrabant,
1299 2309 1370 2337 unde
1395 2309 1495 2337 carabo
1516 2309 1586 2337 Susa
1616 2309 1732 2337 devehe-

117 2353 185 2388 μετὰ
201 2354 255 2380 τῶν
277 2354 384 2388 ξενίων,
400 2354 471 2390 πρὸς
491 2355 522 2382 τὸ
540 2355 577 2391 μὴ
594 2355 748 2390 γνωσθῆναι
771 2357 803 2391 τῇ
821 2356 891 2382 πόλει

950 2357 1060 2388 bantur,
1077 2356 1121 2383 ubi
1135 2363 1183 2391 per
1206 2360 1311 2391 portam
1338 2355 1483 2385 minorem,
1499 2362 1581 2390 quam
1597 2354 1625 2381 in
1651 2361 1732 2382 muro

117 2399 160 2426 τὸν
175 2399 259 2432 δόλον,
275 2400 357 2436 ἔφερε
375 2401 426 2435 μὲν
441 2401 540 2432 αὐτοὺς
552 2400 671 2433 πιζικῶς
686 2402 718 2428 ὲκ
733 2401 780 2428 τοῦ
795 2401 896 2437 συμϐό-

117 2444 162 2471 λου
185 2446 200 2472 ὀ
221 2445 268 2472 τοῦ
290 2446 436 2481 ’Δσάνδρου
458 2446 524 2479 υίὸς,
553 2447 601 2474 καί
622 2447 691 2482 μιτά
706 2447 811 2484 ἡμέρας
824 2448 900 2480 τινὰς

117 2490 199 2516 πάλιν
216 2491 262 2517 ἐπὶ
287 2491 396 2518 πάντων
414 2492 482 2528 πρὸς
510 2492 631 2527 ἑσπέραν
650 2492 768 2519 ἀπέλυεν
789 2492 898 2524 αὐτοὺς,

118 2535 210 2569 φησὶν,
233 2536 280 2562 ἰπὶ
302 2536 336 2563 τὰ
358 2536 420 2569 ἔξω,
438 2537 476 2568 ὡς
501 2537 581 2573 δῆθεν
599 2537 778 2573 βραδέστερον
789 2538 835 2565 διὰ
851 2538 900 2573 τὴν

118 2580 200 2616 ὥραν.
221 2582 252 2608 Ol
276 2581 303 2608 δὲ
319 2582 490 2618 ἐξερχόμενοι
506 2584 537 2609 ἑκ
558 2583 608 2619 τῆς
632 2582 721 2619 χώρας
736 2584 800 2619 ἄχρι
817 2584 900 2619 τριῶν

121 2626 242 2661 μιλίων,
266 2627 375 2660 σκοτίας
403 2627 512 2663 βαθείας
537 2628 685 2664 γενομένης
726 2629 896 2665 ὑπέστρεφον

120 2672 164 2700 καὶ
185 2673 299 2708 ἡρχοντο
327 2675 356 2700 ὲν
388 2674 428 2710 τῷ
453 2674 592 2710 λεγομένῳ
612 2674 699 2710 λίμνῳ
716 2675 764 2702 καὶ
795 2675 899 2702 ἐκεῖθεν

950 2403 1075 2435 habebat,
1102 2402 1128 2429 in
1141 2402 1250 2430 domum
1266 2402 1301 2429 ab
1317 2408 1349 2429 eo
1380 2401 1593 2436 recipiebanlur,
1623 2401 1735 2428 nemine

949 2450 1070 2482 conscio,
1091 2453 1188 2484 prmter
1205 2454 1259 2477 tres
1283 2453 1386 2476 tantum
1412 2448 1529 2476 famulos
1552 2447 1735 2482 Bosporianos

951 2495 1036 2528 ﬁdos;
1053 2502 1170 2529 quorum
1186 2502 1258 2521 unus
1273 2493 1307 2520 ab
1320 2493 1409 2520 locum
1435 2497 1568 2520 statutum
1594 2492 1733 2528 pergebat,

949 2545 976 2568 et
995 2540 1121 2568 recedere
1136 2539 1251 2567 carabos
1268 2538 1347 2573 152
1360 2538 1525 2566 nuntiabat:
1540 2538 1609 2565 alter
1627 2544 1690 2565 vero
1706 2536 1735 2564 in

951 2585 1091 2612 Limonem
1108 2583 1292 2619 Bosporianos
1304 2583 1448 2611 reducebat
1465 2591 1473 2610 :
1499 2583 1597 2610 tertius
1617 2582 1736 2618 denique

952 2627 1064 2658 Limone
1081 2629 1149 2658 Susa
1161 2630 1262 2658 carabo
1279 2636 1327 2657 eos
1341 2629 1502 2662 advehebat,
1519 2632 1550 2656 οι·
1558 2629 1586 2656 in
1603 2626 1734 2656 Lsmachl

953 2676 1064 2703 domum
1078 2674 1278 2703 introducebat.
1310 2673 1444 2702 Utebatnr
1467 2677 1598 2711 praterea
1628 2673 1671 2702 his
1698 2672 1733 2700 ad

696 2733 845 2762 ANSELMI
862 2732 1030 2762 BANDURII
1038 2732 1155 2762 ΝΟΤΑΞ.

153 2791 209 2827 (74)
218 2792 256 2820 ita
265 2792 326 2828 eod.
340 2791 409 2821 Editi
427 2800 491 2828 vero
520 2792 631 2825 habent,
642 2793 688 2820 xui.
701 2793 830 2828 τέσσαρσι
848 2802 899 2819 πυ-

120 2827 198 2854 λεῶσι
219 2827 345 2863 μεγάλοις
359 2827 404 2863 εἰς
412 2836 436 2853 τ.
452 2827 504 2854 εἷο.
518 2837 543 2855 κ.
556 2837 582 2855 τ.
595 2829 633 2860 ἔξ.
654 2829 701 2855 καὶ
717 2827 829 2863 ἑτέροις,
845 2834 898 2856 etc.

154 2863 209 2900 (75)
221 2862 266 2891 Sic
277 2870 308 2891 ex
330 2871 382 2891 ms.
392 2862 536 2899 Perpcram
549 2864 575 2891 iu
590 2864 679 2898 editis,
695 2862 836 2898 ἀγγέλειν·
851 2863 898 2891 sed

953 2793 1054 2828 optime
1065 2792 1199 2828 Meursius
1214 2792 1350 2820 emendat.

989 2828 1044 2864 {76)
1055 2827 1104 2855 Ms.
1112 2828 1195 2855 codex
1205 2828 1255 2864 sic;
1269 2835 1410 2864 perperam
1421 2827 1448 2855 in
1455 2827 1536 2855 cditis
1546 2826 1655 2862 legitur,
1664 2825 1693 2853 ἐν
1702 2822 1737 2860 τῇ

953 2862 1030 2891 πόλει
1048 2862 1291 2898 καταπεμπόμενα.
