1938 3070
170 113 219 145 All

689 113 943 144 CONSTANTINI
961 113 1298 146 PORPHYROGENITI

1737 117 1794 151 412

171 170 299 206 alitqenta
314 168 460 196 deferenda
491 169 541 196 illis
555 168 601 204 qui
620 168 646 195 in
664 168 731 197 locis
748 170 847 197 abditis
862 173 951 202 erant,

1004 168 1048 195 διὰ
1063 169 1184 204 καράϐου
1204 169 1302 206 ἔφερεν
1319 171 1416 203 αὖτοὶος
1428 172 1458 198 ὲν
1478 173 1536 205 ταῖς
1551 173 1666 208 Σώσαις,
1688 175 1737 201 καὶ
1749 175 1794 201 διὰ

171 215 230 250 ipsa
244 222 352 250 quoque
367 215 449 250 Gycia
478 215 571 242 dolum
591 215 742 250 ignorante.
775 215 956 250 Exspectabat

170 266 272 293 autem,
299 266 329 288 ιιι
351 261 480 295 diximus,
514 261 702 290 anniversario
743 262 788 290 die
826 262 954 290 Lamachi

170 306 307 334 memoria:
321 314 412 339 sacro.
441 307 509 335 urbe
541 311 596 335 tota
625 307 764 342 epulante,
792 315 825 335 ac
857 315 955 336 somno

167 351 267 385 sopita,
292 352 350 387 ipse
371 360 432 380 cum
467 353 644 388 Bosporianis
685 357 767 389 atque
796 354 954 382 domesticis

169 397 227 424 suis
242 398 277 425 de
297 402 377 426 nocte
408 407 532 434 surgere,
559 399 710 435 urbemque
740 400 897 433 incendere,
927 405 954 428 et

168 450 264 470 omnes
279 444 415 472 occidere.
433 445 555 480 Cumque
567 445 668 473 biennii
689 450 809 480 tempore
821 446 848 473 in
865 446 955 481 Gyciaa

168 488 249 515 domo
268 490 423 525 congregati
439 496 531 518 essent
561 491 721 526 Bosporiani
767 491 889 524 ducenti,
912 492 955 519 in-

168 539 306 570 staretque
320 535 377 570 jam
402 536 565 564 celebranda
580 536 711 565 Lamachi
728 538 876 570 memoria,
907 545 954 565 ac-

167 581 235 608 cidit
252 586 282 609 ut
305 581 393 616 puella
415 582 506 618 Gycia:
517 582 697 615 cubicularia,
723 590 783 618 qua)
797 583 822 610 ei
855 583 955 618 gratis-

169 627 238 654 sima
253 631 324 660 erat,
342 631 452 662 propter
469 627 599 655 oﬂensam
619 628 653 654 ab
671 628 759 655 oculis
773 628 833 662 ejus
864 636 954 655 remo-

170 677 287 704 veretur,
300 673 549 708 secludereturque.
568 673 657 701 Locus
668 681 733 702 vero
761 674 789 701 in
814 682 868 709 quo
885 682 954 702 con-

174 718 347 750 cludebalur,
370 719 464 746 subter
487 726 595 754 quoque
630 719 812 755 Bosporianos
826 719 953 752 habebat,

168 765 216 798 qui
231 764 285 792 illic
298 765 450 792 alebantur.
480 765 573 793 Puella
586 770 675 792 autem
687 766 808 798 sedente,
823 770 850 793 et
880 766 952 793 filum

1005 213 1053 240 τοῦ
1066 215 1248 249 παραπυλίου,
1267 215 1282 241 ὃ
1309 215 1382 252 εἶχεν
1406 217 1436 243 ἑν
1465 218 1506 253 τῷ
1527 218 1624 253 τείχει,
1650 219 1799 254 εἰσέφερεν

1005 258 1105 289 αὐτοὺς
1123 259 1152 285 ἐν
1168 259 1206 294 τῷ
1223 259 1291 294 οτκῳ
1304 259 1387 287 αὐτοῦ
1410 261 1524 296 μηδενὸς
1538 262 1651 294 είδότος,
1672 264 1697 289 εί
1714 263 1750 297 μή
1765 263 1794 289 τί

1004 312 1037 338 γε
1062 305 1138 339 τρεῖς
1153 304 1206 331 τῶν
1232 305 1334 332 παίδων
1360 306 1442 333 αὑτοῦ
1464 306 1519 333 τῶν
1535 307 1727 343 Βοσποριανων
1743 309 1793 335 καὶ

1006 348 1086 383 μόνον
1102 349 1207 376 πιστῶν
1221 350 1303 377 αὐτοῦ
1317 351 1412 377 δντων·
1428 352 1489 384 ἑνὸς
1505 352 1554 387 μὲν
1564 352 1610 379 τοῦ
1624 353 1652 379 ὲν
1665 353 1796 388 συμϐόλῳ

1004 394 1208 430 ἀπερχομένου,
1227 396 1274 422 καὶ
1294 396 1442 432 μηνύοντος
1462 398 1612 433 ἀναχωρεῖν
1628 399 1690 430 τοὺς
1704 399 1793 434 καρά-

1005 440 1077 472 ϐους·
1093 440 1174 467 ἄλλου
1194 441 1223 468 δὲ
1249 441 1295 468 τοῦ
1320 442 1537 478 ὑποστρέφοντος
1551 444 1624 478 τοὺς]
1637 445 1791 479 Bos-mpm-

1004 485 1066 516 νοὺς
1077 485 1124 511 καὶ
1139 486 1266 520 φέροντος
1280 487 1309 513 ἐν
1324 486 1446 522 λειμῶνν
1462 488 1558 524 ἑτέρου
1576 489 1615 522 δὲ,
1631 489 1677 515 τοῦ
1687 490 1720 516 ὲκ
1735 489 1792 515 λει-

1006 530 1096 565 μῶνος
1108 531 1177 566 μετὰ
1190 531 1312 565 καράϐου
1327 533 1544 568 ἀποκομιζοντος
1553 535 1583 561 ἐν
1597 536 1658 566 ταῖς
1672 534 1788 566 Σώσαις.

1004 575 1051 602 καὶ
1064 576 1301 610 ἀποκαθιστῶντος
1317 579 1346 604 ὲν
1356 579 1396 614 τῷ
1409 580 1456 605 τοῦ
1465 581 1595 616 Λαμάχου
1607 581 1684 616 οἴκῳ·
1696 582 1742 608 καὶ
1756 581 1791 608 δι’

1004 617 1042 648 ὧν
1073 622 1227 657 ἀπέτρεψεν
1243 623 1341 655 αὐτοὺς
1369 625 1399 651 ἐν
1425 626 1486 656 ταῖς
1514 626 1668 662 ἁποθήκαις
1695 627 1789 660 αὐτοῦ,

1005 666 1074 701 μήτε
1100 667 1152 701 τῆς
1169 667 1270 700 Γυκίας
1287 668 1410 704 είδούσης
1434 669 1481 697 τὸν
1507 670 1593 698 δόλον·
1620 673 1790 707 προσδοκῶν,

1004 713 1075 740 καθά
1090 713 1208 749 εἴρηται,
1231 715 1301 742 κατὰ
1327 715 1376 751 τὴν
1390 716 1531 743 ἐνιαυσίαν
1552 718 1660 753 ἡμέραν
1679 719 1730 754 τῆς
1740 719 1789 746 τοῦ

1003 758 1135 793 Λαμάχου
1152 759 1273 795 μνήμης,
1291 759 1342 795 τῆς
1368 761 1474 793 πόλεως
1497 762 1586 797 πάσης
1605 763 1788 798 εὐφραινομέ-

169 812 324 844 torquente,
338 810 449 846 contigit
468 815 496 837 ut
517 810 570 837 fusi
599 810 748 850 verticillus
771 811 899 838 decidens
924 810 951 837 in

1003 811 1050 838 νης
1068 804 1176 839 (77-78)
1188 813 1217 831 τε
1232 805 1279 832 καὶ
1293 806 1534 842 ἀποκοιμωμένης,
1547 808 1627 834 αὑτὸν
1639 809 1689 843 τὴν
1703 809 1789 836 νύκτα

169 855 290 884 foramen
308 855 471 891 profundum
490 864 574 891 prope
588 857 718 892 parietem
737 857 927 884 det-olveretur
943 865 950 883 :

1004 850 1190 884 ὲπαναστῆναι
1204 851 1273 885 μετὰ
1289 851 1343 878 τῶν
1359 852 1552 888 Βοσποριανᾶη
1566 861 1596 880 τε
1609 854 1656 880 καὶ
1670 855 1789 887 οἰκείων,

167 908 284 935 cumque
293 906 418 937 surgeret
428 902 540 930 tollendi
555 910 649 936 causa,
666 903 694 930 in
727 903 849 930 foramen
879 903 953 930 dela-

167 954 247 982 psum
260 948 344 981 videt,
357 948 430 976 unde
445 943 506 976 chm
526 949 671 976 extrahere
681 953 793 984 propter
806 948 953 983 profundi-

169 997 252 1020 tatem
279 1001 334 1021 non
368 999 476 1029 posset,
512 1003 596 1022 unum
631 1003 646 1022 θ
673 995 829 1029 pavimento
870 1002 954 1030 prope

169 1037 298 1072 parietem
328 1039 440 1066 laterem
479 1039 625 1066 extrahere
651 1044 745 1066 coacta
764 1039 834 1072 fuit;
866 1047 953 1075 eoque

167 1082 241 1110 facto
253 1091 299 1118 per
308 1083 432 1111 foramen
445 1084 473 1110 in
487 1083 616 1111 inferiore
629 1084 727 1111 aedium
744 1088 820 1119 parte
835 1084 953 1112 abscon-

168 1128 252 1155 ditam
273 1129 329 1156 illic
355 1129 497 1156 hominum
529 1130 727 1157 multitudinem
759 1129 839 1157 videt.
877 1130 952 1164 Quos

169 1182 231 1201 cum
254 1174 376 1208 vidisset,
398 1175 508 1203 laterem
525 1177 551 1202 iu
569 1175 657 1203 locum
676 1167 754 1203 suum
771 1177 885 1204 solerter
909 1185 953 1205 re-

171 1220 272 1254 posuit,
291 1228 324 1248 ne
340 1221 373 1248 ab
388 1220 422 1248 iis
446 1221 492 1256 qui
510 1221 580 1248 infra
595 1224 674 1248 erant
691 1220 950 1256 deprehenderetur,

169 1265 295 1301 misitque
307 1266 459 1294 clanculum
488 1267 643 1302 puellarqu
656 1266 774 1301 aliquam
804 1267 837 1294 ad
862 1268 947 1294 domi.

168 1319 231 1339 nam
244 1319 332 1344 suam,
349 1319 430 1346 quam
456 1312 549 1340 venire
565 1311 600 1339 ad
615 1319 645 1340 se
664 1312 834 1345 hortabatur,
853 1321 951 1340 neces«

167 1358 270 1385 sarium
285 1357 389 1392 aliquid
409 1358 565 1385 audituram
589 1358 775 1393 visuramque.
788 1358 871 1394 Gycia
885 1366 950 1386 vero

167 1402 222 1430 Deo
246 1403 400 1438 impellente
424 1403 542 1438 puellam
576 1403 668 1430 adiit:
699 1403 811 1437 solaque
840 1404 872 1430 ad
889 1411 949 1430 eam

165 1450 300 1484 ingressa,
315 1457 374 1476 cum
391 1449 502 1484 januam
519 1449 674 1481 clausissm,
708 1449 742 1475 ad
781 1449 863 1483 pud-'5
889 1450 949 1483 ejus

167 1493 307 1527 provoluta
324 1494 410 1528 puella
421 1514 428 1526 ,
440 1494 531 1526 Potes,
561 1493 659 1528 inquit,
681 1501 697 1520 ο
714 1493 835 1524 domina,
866 1494 950 1521 inuti-

166 1539 357 1566 lentancillam
383 1543 500 1567 tractare
526 1546 576 1574 pro
600 1539 727 1571 arbitrio,
762 1544 878 1566 attamen
906 1547 950 1566 os-

148 1583 275 1610 'lcttdatll
304 1583 352 1610 tibi
381 1591 437 1611 rem
477 1591 575 1611 novam
607 1588 634 1611 et
661 1584 837 1618 inopinatam.
871 1583 949 1616 Quod

165 1636 228 1656 cum
248 1636 344 1656 secure
375 1630 463 1657 facere
479 1637 539 1656 eam
565 1629 648 1665 Gycia
676 1629 815 1664 jussisset,
843 1629 877 1656 ad
904 1637 950 1664 pa-

167 1675 261 1703 rietem
280 1675 414 1709 adductae,
435 1676 597 1711 sublatoque
616 1676 732 1703 solerter
756 1676 849 1708 latere,
863 1675 950 1703 dixit:

169 1722 249 1755 l'lccc,
264 1730 280 1750 o
291 1722 413 1756 domina,
430 1730 478 1757 per
491 1722 614 1750 foramen
631 1723 682 1750 hoc
696 1722 884 1750 absconditam
909 1723 952 1749 in-

168 1768 253 1796 ferius
270 1769 499 1804 Bosporianorum
518 1769 720 1796 multitudinem
752 1768 840 1796 vides.
865 1769 949 1804 Gyeia

165 1822 229 1842 cum
246 1822 294 1843 eos
311 1815 434 1845 vidisset.
448 1822 478 1842 re
492 1815 539 1842 tali
551 1819 724 1842 consternata
739 1823 747 1842 :
763 1814 821 1841 Non
836 1814 950 1848 frustra,

166 1861 263 1896 inquit,
279 1861 332 1888 hoc
350 1861 497 1888 concilium
514 1865 670 1896 susceptum
692 1864 745 1888 est.
772 1861 951 1888 Sciscitatur-

165 1912 218 1939 quc
230 1904 359 1940 puellam,
374 1905 513 1940 quomodo
536 1906 563 1933 id
594 1907 781 1941 comperisset.
811 1905 872 1939 Cui,
886 1905 952 1933 0m-

167 1950 245 1984 nino,
263 1951 385 1984 domina,
414 1952 556 1987 respondit
580 1952 688 1987 puella;
718 1951 817 1986 quippe
832 1959 880 1986 per
903 1952 950 1979 Dei

164 1997 332 2024 voluntatem
351 1996 412 2025 fuso
422 1997 553 2026 excidens
577 1998 728 2026 verticillus
751 1998 778 2024 in
795 1997 848 2025 hoc
875 1998 950 2025 fora-

164 2050 226 2070 men
255 2042 400 2070 devolutus
429 2048 482 2077 est,
514 2051 596 2079 quem
622 2050 685 2070 cum
714 2043 858 2071 extrahere
887 2043 950 2070 inde

165 2089 318 2124 nequirem,
336 2089 448 2117 laterem
463 2090 578 2117 evellere
600 2094 695 2118 coacta
719 2089 856 2125 fui,atque
884 2093 950 2117 tunc

163 2142 212 2163 eos
235 2135 302 2162 vidi.
318 2134 365 2162 Illa
390 2143 455 2163 vero
470 2137 586 2171 puellam
601 2137 718 2164 solerter
748 2143 880 2171 reponere
908 2136 949 2163 la-

165 2186 221 2209 tere
234 2181 293 2208 loco
315 2189 367 2209 suo
389 2182 492 2216 jussit;
508 2190 622 2217 eamque
651 2182 804 2217 amplexata
832 2182 948 2218 benigne
963 2191 984 2221 ρ

164 2228 331 2254 cumoseulo
344 2236 350 2254 :
365 2226 448 2260 Nihil,
466 2228 562 2262 inquit,
587 2232 709 2260 metuas,
721 2227 786 2260 ﬁlia,
809 2228 950 2255 condona-

164 2278 221 2300 tum
254 2273 301 2301 tibi
337 2274 440 2301 crimen
466 2273 544 2308 153
573 2277 625 2307 est,
654 2274 788 2308 siquidem
814 2273 899 2301 voluit
923 2277 951 2302 te

164 2326 277 2354 peccare
292 2319 373 2352 Deus,
394 2323 424 2346 ut
437 2319 530 2347 dolum
571 2319 643 2347 hune
669 2319 748 2346 nobis
773 2319 948 2347 manifestum

163 2365 277 2392 faceret.
296 2364 363 2393 Vide
377 2366 470 2400 igitur,
501 2369 632 2400 quantum
672 2369 761 2400 potes,
787 2365 827 2392 uti
864 2370 948 2393 totam

163 2409 234 2436 hanc
269 2417 324 2436 rem
355 2409 424 2436 clam
472 2410 539 2436 alios
568 2409 679 2440 habeas,
701 2417 789 2444 neque
820 2408 948 2443 cuiquam

163 2454 313 2488 quidquam
340 2454 492 2482 concredas
517 2463 524 2480 :
556 2453 731 2488 sumpsitque
756 2461 815 2480 eam
843 2462 876 2481 ex
915 2461 947 2481 eo

163 2504 286 2534 tempore
313 2507 417 2532 secum,
440 2499 588 2534 habuitque
621 2499 765 2534 benignius
793 2507 873 2534 quam
899 2508 950 2526 un~

162 2553 245 2580 quam
264 2549 354 2579 antea,
378 2547 441 2581 quia
457 2546 561 2573 lidelem
589 2551 697 2580 experta
710 2551 791 2572 esset.

165 2593 198 2619 ἐκ
231 2592 384 2628 θελήματος
413 2593 480 2620 Θεοῦ
509 2593 589 2619 ἔπεσε
617 2593 646 2619 τὸ
674 2593 816 2627 σιξοντύλιν
840 2593 872 2619 ἐκ
897 2593 945 2628 τῆς

1003 894 1053 920 καὶ
1075 895 1215 933 ἐμπρῆσαι
1231 896 1281 932 τὴν
1295 897 1383 929 πόλιν,
1408 897 1456 924 καὶ
1477 899 1583 931 πάντας
1602 900 1786 935 κατασφάξαι.

1004 940 1196 975 Συναχθέντων
1209 942 1238 969 δὲ
1258 943 1286 969 ὲν
1308 943 1347 978 τῷ
1367 943 1452 971 διετεῖ
1465 944 1554 980 χρόνῳ
1571 945 1600 971 ὲν
1616 945 1655 981 τῷ
1673 947 1723 981 τῆς
1739 947 1790 973 Γυ-

1004 984 1066 1016 xta;
1088 986 1154 1020 οῐχῳ
1177 987 1241 1021 ἄχρι
1265 990 1287 1013 σ¹
1304 988 1505 1024 Βοσπορανῶν,
1527 991 1574 1016 καὶ
1601 991 1653 1025 τῆς
1677 992 1786 1027 μνήμης

1002 1029 1050 1056 τοῦ
1076 1031 1206 1066 Λαμάχου
1221 1033 1272 1067 ἥδη
1284 1033 1377 1060 λοιπὸν
1400 1035 1563 1071 ὲγγιζούσης
1574 1056 1581 1067 ,
1600 1037 1708 1070 ἐγένετο
1725 1046 1788 1064 παι-

1003 1075 1098 1110 δίσκην
1116 1078 1165 1112 τῆς
1178 1078 1277 1108 ιύκίας
1294 1080 1520 1115 κουῦουκλαρίαν,
1531 1083 1602 1108 πάνυ
1617 1083 1686 1118 αὐτῇ
1705 1081 1788 1109 οὖσαν

1003 1123 1242 1157 προσφιλέστατον,
1257 1125 1420 1158 πταίσασαν,
1437 1127 1491 1153 ἀπὸ
1507 1127 1595 1161 ὂψεως
1609 1128 1694 1162 αὐτῆς
1710 1129 1788 1162 γενέ-

1003 1167 1076 1200 σθαι,
1092 1169 1138 1195 καὶ
1156 1170 1367 1206 ἀποκλεισθῆναι
1380 1171 1475 1206 αὑτήν.
1494 1173 1538 1199 Ἑν
1553 1169 1575 1207 ᾧ
1590 1174 1618 1200 δὲ
1638 1174 1706 1207 οἴκῳ
1731 1174 1785 1200 ἁπ-

1003 1214 1129 1250 εκλείσθη
1157 1216 1173 1250 ὴ
1196 1217 1337 1252 παιδίσκη,
1356 1218 1532 1247 ὑποκάτωθεν
1557 1219 1639 1245 αὑτοῦ
1662 1217 1733 1254 ἦσαν
1760 1220 1786 1245 οἱ

1002 1261 1180 1296 Βοσποριανοὶ
1193 1263 1420 1298 άποτρεφόμενοι.
1438 1264 1494 1299 Τῆς
1508 1265 1536 1291 δὲ
1552 1265 1698 1300 παιδίσκης
1717 1265 1786 1291 καθ-

1002 1307 1145 1343 εζομένης,
1161 1309 1208 1335 καὶ
1220 1309 1355 1344 νηθούσης
1368 1310 1397 1335 τὸ
1411 1310 1494 1341 λίνον,
1510 1310 1618 1344 ἐγένετο
1631 1310 1660 1336 τὸ
1675 1311 1786 1344 σφοντύ-

1002 1354 1043 1380 λιν
1057 1355 1113 1390 (79)
1130 1355 1180 1390 τῆς
1205 1355 1341 1390 ἀτράκτου
1366 1357 1469 1389 πεσεῖν,
1485 1357 1533 1384 καὶ
1549 1357 1680 1384 κυλισθὲν
1697 1358 1785 1384 εἰσελ-

1002 1399 1058 1426 θεῖν
1074 1401 1114 1430 είς
1129 1400 1281 1436 βαθυτάτην
1302 1402 1373 1436 ὀπὴν
1387 1402 1456 1437 πρὸς
1470 1402 1516 1428 τὸν
1530 1404 1629 1438 τοῖχον
1645 1404 1662 1438 ἡ
1675 1403 1703 1429 δὲ
1718 1405 1786 1430 ἀνα-

1003 1446 1088 1472 στᾶσα
1107 1447 1174 1482 πρὸς
1188 1447 1218 1473 τὸ
1233 1448 1333 1483 ἐπᾶραι
1358 1448 1433 1480 αὐτὸ,
1455 1448 1505 1484 ὁρᾷ
1521 1448 1587 1475 αὐτὸ
1603 1449 1632 1474 ἐν
1650 1449 1787 1484 βαθυτάτῃ

1002 1491 1055 1526 ὁπῇ
1071 1491 1111 1517 δν·
1129 1492 1178 1518 καὶ
1193 1492 1230 1527 μὴ
1241 1493 1393 1528 δυναμένης
1409 1493 1494 1528 αὐτῆς
1511 1494 1647 1520 ὲκσπᾶσαι
1666 1494 1732 1520 αὐτὸ
1743 1494 1787 1520 δικ

1002 1536 1033 1562 τὸ
1052 1537 1133 1572 βάθος
1147 1538 1306 1572 ἠναγκάσθη
1323 1539 1355 1564 ὲκ
1378 1538 1424 1565 τοῦ
1451 1541 1537 1566 πάτου
1554 1539 1621 1574 πρὸς
1635 1540 1681 1566 τὸν
1696 1541 1786 1574 τοῖχον

1003 1582 1158 1609 ἀνασπᾶσαι
1179 1583 1226 1610 ἕνα
1243 1584 1360 1619 βήσαλον
1374 1585 1442 1620 πρὸς
1459 1585 1490 1611 τὸ
1508 1585 1586 1612 τοῦτο
1603 1587 1716 1621 ἐπᾶραι·
1739 1586 1786 1612 καὶ

1003 1626 1053 1663 ὁρᾷ
1063 1628 1107 1654 διὰ
1122 1630 1171 1663 τῆς
1190 1629 1260 1664 ὀπῆς
1275 1630 1350 1656 κάτω
1365 1630 1393 1656 ἐν
1407 1630 1445 1665 τῷ
1465 1631 1574 1666 ὑπεγέῳ
1587 1631 1654 1666 οἴκῳ
1671 1631 1701 1658 τὸ
1717 1632 1787 1668 πλῆ-

1002 1673 1050 1706 θος
1064 1674 1118 1701 τῶν
1141 1675 1226 1702 ὄντων
1247 1676 1361 1711 ἀνδρῶν.
1384 1677 1438 1703 Kal.
1460 1676 1560 1709 ἰδοῦσα,
1582 1678 1690 1712 εὐφυῶς
1705 1678 1787 1705 πάλιν

1002 1719 1120 1747 ἀπέθετο
1145 1721 1176 1748 ὲν
1198 1720 1237 1756 τῷ
1253 1723 1328 1757 τόπῳ
1350 1722 1381 1749 τὸ
1403 1722 1519 1757 βήσαλον
1531 1723 1599 1758 πρὸς
1615 1724 1644 1750 τὺ
1661 1724 1698 1760 μὴ
1714 1733 1787 1759 γνω-

1003 1765 1098 1801 σθῆναι
1115 1767 1170 1797 τοῖς
1187 1766 1272 1794 κάτω·
1292 1768 1339 1794 καὶ
1354 1767 1490 1804 λαθραίως
1512 1769 1696 1796 ἀποστείλασα
1721 1770 1787 1805 μίαν

1001 1811 1056 1838 τῶν
1088 1811 1190 1838 παίδων
1215 1813 1412 1847 προσεκαλεῖτο
1435 1813 1484 1849 τὴν
1511 1815 1610 1850 κυρίαν
1635 1815 1720 1850 αὐτῆς
1737 1815 1785 1842 τοῦ

1002 1857 1089 1884 ἐλθεῖν
1101 1858 1169 1894 πρὸς
1180 1859 1264 1894 αὐτὴν
1278 1859 1437 1894 ὀφείλουσάν
1460 1870 1490 1888 τε
1504 1862 1652 1896 ἀναγκαῖον
1671 1861 1785 1888 ἀκοῦσαι

1002 1903 1050 1930 καὶ
1067 1903 1149 1937 βδεῖν.
1171 1904 1203 1931 Ἦ
1220 1904 1248 1931 δὲ
1271 1905 1356 1933 Γυκία
1378 1906 1432 1932 ὑπὸ
1450 1907 1497 1934 τοῦ
1513 1907 1582 1934 Θεοῦ
1604 1908 1787 1941 κατανυγεῑσα

1001 1950 1107 1984 ἀπῆλθε
1123 1950 1191 1985 πρὸς
1212 1951 1262 1986 τὴν
1277 1951 1434 1988 παιδίσκην*
1449 1954 1496 1980 καὶ
1512 1953 1686 1989 εἰσελθούσης
1700 1954 1787 1987 αὐτῆς

1002 1997 1072 2023 κατὰ
1090 1997 1174 2032 μόνας
1188 1998 1217 2024 ἐν
1232 1997 1271 2033 τῷ
1287 1999 1426 2033 οίκὴματι,
1451 2000 1498 2026 καὶ
1517 2000 1663 2034 κλεισάσης
1677 2000 1726 2036 τὴν
1741 2000 1788 2026 ού-

1002 2050 1063 2078 ραν,
1083 2042 1233 2078 πεσοῦσαὴ
1262 2044 1392 2078 παιδίσκη
1419 2044 1486 2080 πρὸς
1511 2045 1575 2077 τοὺς
1591 2045 1673 2077 πόδας
1701 2046 1786 2080 αὐτῆς

1001 2084 1073 2113 εἶπε·
1087 2087 1232 2120 Δέσποινα,
1250 2088 1373 2121 ἐξουσίαν
1387 2089 1460 2124 ἔχεις
1475 2089 1530 2125 (80)
1544 2090 1592 2125 τὴν
1608 2090 1722 2125 άχρείαν
1739 2099 1786 2116 σου

1001 2132 1108 2167 δούλην·
1135 2132 1205 2168 πλὴν
1230 2133 1360 2169 βούλομαι
1385 2135 1419 2169 τῇ
1447 2134 1529 2170 κυρίᾳ
1543 2143 1594 2169 μου
1611 2135 1685 2168 ξένον
1700 2144 1726 2162 τι
1741 2136 1788 2162 καὶ

1001 2178 1152 2214 παράδοξον
1166 2179 1281 2214 πρᾶγμα
1293 2179 1388 2212 δεῖξαι·
1417 2179 1448 2206 Ἠ
1459 2179 1486 2206 δὲ
1506 2180 1591 2207 Γυκία
1609 2177 1685 2206 εἶπεν
1706 2180 1787 2215 αὐτῇ*

1008 2224 1128 2259 Ἀφόόως
1143 2223 1213 2255 εἶπε.
1227 2225 1310 2257 δεῖξον
1325 2227 1372 2252 καὶ
1389 2225 1416 2252 τι
1432 2226 1462 2252 τὸ
1478 2225 1608 2253 τοιοῦτον.
1633 2226 1664 2252 Ἡ
1681 2227 1709 2253 δὲ
1726 2235 1789 2253 παι-

1002 2269 1081 2305 δίσκη
1103 2271 1284 2305 ἁπαγαγοῦσα
1307 2271 1392 2307 αὐτὴν
1415 2272 1483 2307 πρὸς
1498 2272 1544 2299 τὸν
1568 2274 1667 2307 τοῖχον,
1683 2274 1729 2299 καὶ
1743 2273 1788 2298 εὑ-

1004 2315 1078 2350 φυῶς
1094 2316 1218 2352 ἐπάρασα
1227 2317 1255 2343 τὸ
1267 2318 1394 2353 βήσαλον,
1405 2317 1479 2351 λέγει
1492 2318 1573 2353 αὺτῇ“
1591 2318 1672 2353 Ὁρᾷς
1685 2318 1727 2345 διὰ
1739 2319 1788 2352 τῆς

1003 2360 1074 2396 ὀπῆς
1086 2382 1093 2395 ,
1112 2362 1249 2395 δέσποινα,
1265 2363 1310 2389 τὸν
1330 2363 1406 2390 κάτω
1421 2364 1611 2399 κρυπτόμενον
1635 2364 1713 2399 ὄχλον
1734 2364 1789 2390 τῶν

1004 2407 1206 2443 Βοσποριανῶν.
1228 2409 1259 2435 Ἡ
1276 2409 1305 2436 δὲ
1331 2409 1418 2436 Γυκία
1443 2410 1543 2442 ἰδοῦσα,
1558 2410 1604 2436 καὶ
1619 2410 1788 2443 ἐκπλαγεῖσα

1004 2454 1050 2479 ἐπὶ
1061 2454 1100 2488 τῷ
1114 2455 1267 2489 πράγματι,
1281 2454 1343 2489 ἔφη·
1356 2456 1413 2481 Οὐκ
1430 2456 1513 2490 ἀργὸν
1528 2456 1558 2482 τὸ
1571 2456 1683 2490 σκέμμα
1693 2456 1784 2481 τοῦτο·

1005 2501 1052 2527 καὶ
1076 2501 1150 2535 λέγει
1171 2503 1203 2536 τῇ
1220 2502 1365 2537 natatu-[1"
1383 2502 1443 2533 Πῶς
1460 2500 1538 2537 εὗρες
1554 2503 1584 2529 τὸ
1598 2503 1712 2536 πρᾶγμα
1726 2501 1788 2528 τοῦ-

1002 2555 1032 2572 το
1047 2547 1112 2582 (8l);
1129 2548 1161 2573 Ἢ
1175 2548 1203 2573 δὲ
1220 2548 1349 2582 παιδίσκη
1364 2548 1448 2581 λέγει·
1465 2549 1585 2579 Πάντως,
1596 2548 1734 2578 δέσποινα,
1746 2547 1789 2572 ὅτι

983 2593 1120 2629 ἀτράκτου
1149 2603 1215 2629 μου,
1236 2595 1283 2622 καὶ
1312 2594 1436 2621 κυλισθὲν
1461 2594 1584 2629 εἰσῆλθεν
1612 2594 1640 2620 ὲν
1666 2594 1700 2628 τῇ
1732 2592 1785 2626 ὁπῇ

745 2677 764 2703 Α
771 2675 895 2704 NSELMI
909 2676 1073 2705 BANDUIlll
1091 2677 1206 2706 NOTIE.

201 2734 313 2767 (77-78)
326 2733 371 2762 Sic
385 2742 415 2761 ex
439 2743 481 2763 ms
502 2735 604 2763 codice.
617 2735 705 2762 Locus
716 2735 759 2762 hic
771 2735 797 2762 in
809 2735 889 2763 editis
903 2736 950 2764 de-

166 2774 295 2805 ιι-..γςιῑιις
312 2778 343 2797 ac
361 2770 483 2796 ntutilus.

204 2804 260 2838 (79)
279 2805 422 2837 Epovto'ltw
437 2813 486 2838 pro
501 2805 666 2839 σφνινδύλιον,
693 2806 852 2837 Verlirillus,
882 2805 947 2833 Vide

170 2839 299 2874 Ducangii
312 2839 399 2867 Gloss.
418 2840 504 2866 (ἑκ-υ.

1040 2736 1096 2771 (80)
1115 2737 1203 2764 Locus
1215 2737 1339 2769 mutilus,
1356 2736 1443 2771 inquit
1457 2736 1601 2763 Meursius.

1039 2773 1094 2806 (Si)
1111 2772 1197 2800 Siccx
1214 2780 1264 2800 ms.
1276 2773 1382 2799 codice.
1394 2770 1429 2798 ’ln
1445 2772 1524 2799 editis
1543 2770 1713 2798 drsideratur
1733 2770 1789 2796 hare

1000 2817 1138 2843 perit-np".
