1938 3070
110 168 166 200 413
642 165 691 195 DE
708 163 1023 194 ADMINISTBANDO
1045 163 1217 194 lMPERlO.
1686 158 1739 191 4H

111 224 210 259 ταύτῃ,
225 222 272 250 καὶ
293 222 329 258 μὴ
343 221 492 256 δυναμένης
518 229 568 254 μου
583 220 684 255 ἐπᾶραι
705 219 771 245 αὐτὸ
796 219 852 254 (82)
866 219 1042 254 ἠναγκάσθην
1069 220 1099 246 rb
1122 219 1237 254 βήτλλον
1274 218 1428 245 innisa:
1443 239 1450 251 ,
1493 218 1539 246 ut
1582 217 1642 245 τότε
1672 215 1741 244 εἶδον

111 270 224 302 αὺτούς.
252 270 283 295 'H
304 269 333 295 δὲ
351 268 478 294 ἐκέλευσε.
499 268 531 302 τῇ
553 265 683 301 παιδίσκῃ
701 264 850 292 ἀποθέσθαι
870 264 900 291 τὸ
919 265 1036 300 βήσαλον
1051 265 1158 300 εὐφυῶς
1172 266 1199 291 ἐν
1211 264 1250 299 τῷ
1262 265 1335 299 τόπῳ
1350 265 1442 291 αὐτοῦ·
1478 265 1524 291 καὶ
1555 264 1739 298 ἐπιλαϐομένη

111 319 200 353 αὐτῆς
216 319 264 344 καὶ
287 314 488 351 περιπλακεῖσα
507 312 673 346 κατεφίλησε
718 311 848 345 γνησίως,
891 311 938 337 καὶ
957 309 1034 338 εἶπεν
1054 312 1134 347 αὐτῇ·
1158 311 1251 345 Μηδὲν
1265 310 1397 345 πτοηθῇς,
1414 309 1519 341 τέκνον,
1534 309 1742 345 συγκεχώρηταί

113 374 161 392 σου
180 364 209 391 τὸ
230 363 364 396 πταῖσμα·
379 361 394 386 ὁ
409 361 463 395 γὰρ
474 359 539 390 Θεὸς
550 358 666 394 ἠθέλησέ
681 366 710 384 σε
725 357 902 389 πταῖσαι,ῖνα
921 357 967 384 τὸν
983 357 1058 384 δόλον
1088 359 1153 393 ἡμῖν
1181 357 1344 392 φανερώσῃ·
1363 356 1445 392 βλέπε
1464 355 1510 384 οὖν
1549 358 1599 393 ὅσῃ
1631 357 1743 391 δυνάμει

114 410 232 446 φυλᾰξαι
247 409 277 435 τὸ
292 408 420 443 πρᾶγμα,
439 406 486 432 καὶ
505 404 542 440 μὴ
557 404 698 440 τολμήσῃς
731 404 784 430 τινὶ
811 403 841 429 τὸ
866 402 976 429 σύνολον
1009 404 1089 430 τοῦτο
1125 403 1271 439 θαρρῆσαι.
1306 402 1360 430 Καὶ
1387 403 1480 429 λοιπὸν
1505 401 1576 438 εἶχεν
1599 403 1684 437 αὐτὴν
1711 400 1744 429 ειν

114 459 178 485 ὃλου
206 455 265 491 μεθ’
285 453 386 487 ἑαυτῆς
414 451 497 478 πλέον
525 450 573 477 τοῦ
606 450 714 484 πρώτου
744 449 782 480 ὡς
805 448 904 483 πιστὴν
923 449 1007 484 αὐτὴν
1023 447 1116 476 οὖσαν,

153 503 208 530 Καὶ
243 498 487 535 προσκαλεσαμένη
512 497 529 532 ἡ
559 495 645 523 Γυκία
676 495 723 521 δύο
750 494 827 526 τινὰς
854 493 908 520 τῶν

995 495 1098 522 Accitis
1125 499 1216 521 autem
1241 493 1325 529 Gyeia
1356 492 1465 520 duobus
1486 501 1500 520 e
1521 494 1744 528 consanguineis.

117 548 257 583 συγγενῶν
287 546 372 580 αὐτῆς
391 543 505 575 πιστοὺς
536 543 605 578 αὐτῇ
628 541 709 572 ὄντας
733 541 814 571 πάνυ.
831 539 907 573 λέγει

116 596 209 626 αὐτοῖς
235 595 264 621 ὲν
290 594 347 624 τοῖς
376 591 543 623 ἰδιάζουσιν·
571 587 747 618 Ἀπελθόντες
774 586 905 620 συνάγετε

117 640 306 671 καθ’ὲιυτοὺς
331 639 361 664 ὲν
391 635 535 672 μυστηρίῳ
559 635 623 665 τοὺς
650 632 841 669 πρωτεύοντας
861 631 909 658 καὶ

118 689 239 723 εὐγενεῖς
257 686 306 721 τῆς
323 683 437 715 πόλεως,
449 682 496 709 καὶ
513 680 701 713 ἔκλεξάτωσαν
713 680 790 714 τρεῖς
811 678 911 713 ἄνδρας

118 734 232 764 πιστοὺς
245 730 411 766 δυναμένους
428 727 545 763 φυλάξαι
559 726 718 762 μυστήριον,
730 724 779 751 καὶ
793 724 911 759 πρᾶγμα

120 784 253 818 ποιῆσαν
284 780 332 807 καὶ
361 777 604 812 πιστοποιήσουσιν
636 774 734 805 αὐτοὺς
758 773 782 799 oi
813 772 913 801 πάντες

120 817 240 865 ἐνόρκως
253 827 322 862 πρὸς
345 825 376 852 τδ
395 824 440 852 καὶ
455 823 556 854 αὐτοὺς
577 820 628 857 ἐμὲ
649 817 868 855 πληροφορῆσαι,
886 817 914 843 ἐν

121 864 173 907 οἷς
187 873 274 910 μέλλω
296 870 436 906 ἐπερωτᾷν
459 868 573 900 αὐτοὺς,
598 865 645 894 καὶ
673 864 914 892 ἀποστειλάτωσαν

121 908 221 950 αὐτους
236 917 303 953 πρός
321 924 353 951 με
366 916 395 941 ὲν
414 912 565 950 μυστηρίῳ,
585 911 633 939 καὶ
658 911 711 946 ἔχω
728 909 819 939 αὐτοῖς
830 908 914 941 ἀναγ-

123 963 200 992 καῖόν
219 952 319 989 τιγκαὶ
333 960 472 995 ὠφέλιμον
492 959 525 993 τῇ
544 957 620 983 πόλει
643 955 780 991 θαρρῆσαι
797 962 804 969 ·
830 952 910 988 μόνον

122 1010 168 1037 δ.ὰ
182 1009 281 1044 τάχους
302 1007 434 1042 ποιήσατε
459 1005 473 1031 ὅ
497 1004 569 1038 λέγω
588 1003 663 1038 ὑμῖν.
687 999 872 1027 Ἀπελθόντων
888 998 916 1024 δὲ

123 1055 179 1083 τῶν
192 1053 330 1088 συγγενῶν
347 1052 442 1086 αὐτῆς,
463 1051 510 1077 καὶ
535 1050 564 1076 ὲν
583 1047 725 1084 μυστηρίῳ
750 1045 837 1074 ταῦτα.
861 1045 918 1075 τοῖς

125 1101 312 1136 πρωτεύουσιν
339 1098 498 1133 εἰρηκότων,
534 1095 634 1126 εὐθέως
660 1093 816 1127 ἐξελέξαντο
845 1091 918 1127 τρεῖς

126 1148 237 1182 ἄνδρας,
254 1145 300 1177 οὓς
316 1145 416 1180 ᾔδεσαν
434 1142 511 1169 αὐτοὶ
526 1140 638 1171 πιστοὺς
658 1138 744 1166 εἶναιι
761 1138 809 1164 καὶ
822 1144 916 1163 metm

127 1194 289 1228 ποιήσαντες
301 1190 398 1221 αὐτοὺς
411 1189 511 1218 πάντες
527 1187 555 1213 ὲν
569 1187 655 1221 ὅρκῳ,
667 1185 707 1211 ὅτι
723 1184 749 1211 εῐ
759 1192 786 1210 τι
801 1181 918 1209 συνθῶν-

127 1249 172 1266 ται
188 1239 220 1273 τῇ
236 1237 322 1272 Furti;
343 1236 398 1262 εἴτε
421 1233 545 1266 ποιῆσαι,
563 1231 617 1258 εἴτε
635 1231 738 1262 δοῦναι,
758 1228 794 1264 μὴ
809 1226 918 1262 ἀκυρῶ-

129 1293 175 1311 σαι
190 1272 253 1314 τοὺς
267 1283 363 1316 λόγους
387 1280 488 1311 αὐτῶν,
508 1278 564 1305 ἀλλ’
587 1278 627 1308 εἰς
645 1276 731 1311 πέρας
751 1275 865 1308 ἀγαγεῖν
885 1272 920 1299 τὰ

129 1330 176 1356 ὑπ’
193 1329 281 1356 αὐτῶν
303 1326 505 1361 συνταττόμενα
519 1325 599 1358 αὐτῇ.
616 1322 725 1349 Τούτων
739 1321 767 1347 δὲ
786 1319 854 1356 πρὸς
870 1319 918 1354 τὴν

129 1377 232 1405 Γυκίαν
258 1376 286 1402 ὲν
313 1373 454 1410 μυστηρίῳ
479 1370 662 1401 ἀπελθόντων,
690 1366 799 1399 ὲδέξατο
822 1365 921 1396 αὐτοὺς

131 1424 180 1451 καὶ
196 1423 270 1456 λέγει
285 1421 374 1450 αὐτοῖς
387 1427 393 1433 ·
417 1415 535 1444 Δύνασθέ
558 1423 592 1450 με
613 1415 642 1441 ὲν
658 1414 731 1448 ὅρκῳ
747 1409 922 1447 πληρο·,;ορῆ-

113 1473 178 1496 ’σαι
207 1467 271 1502 περὶ
300 1463 337 1492 ὧν
362 1463 452 1499 μέλλω
478 1460 619 1495 ἐπερωτᾷν
643 1459 726 1494 ὑμᾶς,
749 1459 791 1484 ὅτι
820 1457 921 1483 ποιεῖτε

131 1515 235 1547 suum;
255 1514 286 1540 Oi
297 1512 324 1538 δὲ
341 1510 417 1538 εἷπον
432 1510 499 1545 αὐτῇ
512 1517 520 1524 ·
536 1508 600 1540 Ναὶ,
614 1507 707 1541 κυρία,
732 1504 847 1539 ἑτοίμως
865 1502 924 1538 ἕχο-

134 1570 184 1596 μεν
197 1559 262 1595 περὶ
279 1555 317 1585 ὧν
349 1556 456 1592 μέλλεις
475 1556 541 1591 ἡμῖν
559 1553 697 1588 ἐπιζητεῖν
713 1549 923 1586 πληροφορῆταί

133 1595 174 1639 σε,
189 1607 228 1632 ὅτι
251 1606 290 1636 εἰς
307 1603 393 1639 πέρας
408 1603 528 1636 ἄγωνται
553 1601 577 1626 οἱ
601 1600 676 1634 λόγοι
690 1606 747 1624 σου.
770 1596 837 1623 Τότε
850 1595 924 1628 λέγει

133 1653 166 1679 αὖ
175 1653 226 1683 κοῖς
253 1652 269 1686 ἡ
294 1649 379 1676 Γυκία
395 1657 402 1664 ·
428 1645 659 1682 Πληροφορήσπέ
677 1652 710 1679 με
733 1641 800 1678 (85),
829 1642 870 1668 ὅτι
891 1640 924 1667 ἂν

133 1698 271 1728 ἀποθάνω,
303 1697 331 1722 ὲν
360 1694 435 1730 μέσῳ
457 1694 507 1728 τῆς
527 1691 629 1723 πόλεώς
659 1699 693 1726 με
722 1689 851 1719 θάπτετε,
878 1686 926 1712 καὶ

133 1745 205 1779 λέγω
228 1744 293 1779 ὑμῖν
316 1743 346 1769 τὸ
373 1740 520 1776 μυστήριόν
543 1745 612 1774 pou‘
640 1737 695 1764 ἰδοὺ
723 1735 792 1771 βαρὺ
819 1733 883 1769 ὑμῖν
899 1731 925 1759 τί

134 1800 200 1818 ποτε
220 1791 269 1817 οὐκ
292 1787 424 1823 ἐπιζητῶ.
449 1787 481 1814 Οἱ
501 1786 530 1813 δὲ
552 1785 647 1820 ἄνδρες
665 1782 831 1812 ἀκούσαντες
845 1779 926 1805 τοῦτο

136 1837 205 1872 μετὰ
231 1836 320 1870 πάσης
344 1833 498 1869 προθυμίας
525 1829 752 1865 ἐπληροφόρησαν
783 1825 868 1859 αὐτὴν
895 1825 924 1850 ὲν

134 1871 208 1920 δρκῳ
223 1883 359 1917 λέγοντες,
383 1881 423 1907 ὅτι
444 1879 507 1906 Ἐὰν
530 1876 706 1910 τελευτήσῃς,
735 1875 763 1901 ὲν
786 1873 861 1908 μέσῳ
875 1871 925 1904 τῆς

135 1929 240 1961 πόλεώς
256 1937 285 1954 σε
308 1927 439 1961 θάψομεν,
459 1926 506 1951 καὶ
521 1924 571 1951 οὐκ
589 1922 720 1957 ἑξάξομέν
746 1928 776 1946 σε,
803 1919 855 1951 ἔξω
870 1918 925 1944 τῶν

135 1975 245 2010 τειχῶν.
266 1974 299 2000 Ἥ
322 1972 350 1999 δὲ
371 1971 456 1998 Γυκίσ.
474 1970 617 1997 πεισθεῖσα
645 1968 701 1998 τοῖς
716 1968 807 2002 ὅρκοις
823 1964 924 1996 αὐτῶν,

136 2008 211 2054 λέγει
237 2019 346 2049 αὐτοῖς’
370 2017 428 2051 Ἐφ’
452 2014 493 2048 οἷς
520 2012 763 2049 ὲπληροφορήσατέ
780 2019 825 2046 με.
848 2008 926 2043 κάγὼ

137 2066 229 2094 λοιπὴν
248 2064 374 2100 ὲμίραινω
387 2063 451 2098 ὑμῖν
466 2061 496 2089 τὸ
512 2060 661 2096 μυστήριόν
675 2067 724 2093 μου
734 2067 740 2074 ’
760 2057 813 2084 ἰδοὺ
829 2056 926 2083 ειδέναι
946 2091 949 2095 ν

138 2114 210 2148 ὑμᾶς
229 2112 308 2142 θέλω,
325 2111 366 2137 ὅτι
387 2111 400 2136 ό
424 2109 494 2144 ἀνήρ
517 2116 567 2143 μου
591 2107 621 2132 τὺ
638 2105 759 2140 ἕμιρυτον
773 2102 861 2129 κακδν
877 2101 928 2148 τῆς

138 2145 242 2190 πόλεως
262 2155 346 2184 αὑτοῦ
371 2155 439 2191 ἔχων
458 2154 489 2180 τὸ
513 2152 560 2179 τοῦ
582 2151 658 2178 δόλου
674 2150 721 2177 καὶ
738 2148 836 2183 φθόνου
865 2145 927 2172 καθ’

138 2205 226 2241 ἡμῶν,
253 2203 330 2239 δχλον
358 2203 389 2228 ὲκ
413 2200 461 2227 τοῦ
490 2199 561 2226 κατὰ
580 2197 663 2233 μέρος
687 2193 879 2230 Βοσποριανῶν
899 2193 928 2218 ὲν

138 2237 230 2287 κρυφῇ
257 2237 412 2283 εἶσαγσιγὼν
431 2247 459 2273 ἐν
483 2245 523 2281 τῷ
539 2243 606 2279 οἴκῳ
625 2251 675 2278 μου
699 2242 777 2276 ἄχρις
796 2237 818 2266 σ’
834 2237 928 2273 ψυχῶν

139 2286 256 2325 ἐνόπλων
285 2294 435 2330 διατρέφει,
456 2291 523 2328 ἐμοῦ
551 2291 588 2326 μὴ
611 2288 716 2319 εἰδυίας
733 2287 762 2314 τὸ
789 2286 906 2322 πρᾶγμα
920 2292 927 2299 ·

139 2344 195 2372 ἀλλ’
208 2344 221 2370 ὁ
235 2342 300 2372 Θεὸς
315 2341 362 2367 νῦν
377 2339 421 2366 διὰ
434 2337 594 2372 προφάσεως
608 2332 765 2369 ἐφανέρωσέ
795 2340 838 2367 μοι
852 2330 927 2357 αὑτό.

139 2388 224 2420 Αὐτὸς
240 2386 286 2413 οὖν
303 2386 406 2420 ταύτην
421 2384 478 2419 ἔχει
502 2383 551 2417 τὴν
566 2381 673 2415 σκέψιν,
690 2379 732 2414 ἐφ’
746 2375 809 2412 ᾧτε,
835 2377 927 2412 φησὶν,

140 2436 179 2464 εἰς
198 2434 247 2469 τὴν
262 2433 372 2468 μνήμην
391 2431 437 2456 τοῦ
469 2428 570 2464 πατρός
595 2435 646 2462 μου
661 2425 785 2460 διδούσης
815 2431 865 2458 μου
881 2421 930 2458 τὴν

141 2480 291 2516 supputa»
314 2481 347 2514 τῇ
373 2479 461 2510 πόλει,
481 2476 528 2503 καὶ
552 2473 758 2509 εὐφρανθέντων
772 2470 849 2507 ὑμῶν
863 2471 930 2496 ἁπο-

959 541 1059 576 quibus
1073 540 1191 567 maxime
1206 540 1314 570 ﬁdebat,
1326 539 1414 574 inqttit
1427 539 1468 566 eis
1483 539 1611 570 seorsim,
1624 539 1703 566 Abite
1720 544 1747 567 et

959 591 1125 622 congregate
1140 586 1211 621 apud
1224 593 1273 613 vos
1287 585 1442 613 clanculum
1456 584 1589 620 primores
1601 589 1628 612 et
1642 585 1748 612 nobiles

960 634 1049 666 urbis,
1066 635 1140 669 iique
1156 634 1259 668 eligant
1278 632 1353 660 viros
1372 636 1429 659 tres
1447 631 1526 664 ﬁdos,
1548 639 1681 658 arcanum
1700 631 1748 666 qui

961 679 1112 712 custodire,
1127 684 1154 707 et
1168 687 1225 706 rem
1242 686 1336 714 gerere
1354 678 1472 713 possint,
1488 683 1515 704 et
1533 677 1634 712 quibus
1652 685 1748 704 sacra-

961 729 1055 752 mento
1070 732 1100 752 se
1111 731 1207 752 omnes
1223 724 1405 759 obstringent,
1419 727 1448 749 nt
1460 723 1567 757 plenam
1583 722 1649 749 mihi
1668 721 1748 749 ﬁdem

963 771 1065 798 faciant
1084 770 1110 798 in
1128 770 1162 797 ii's
1186 769 1220 797 de
1239 769 1340 804 quibus
1361 769 1435 804 ipsos
1451 769 1654 802 interrogatura
1675 776 1750 795 sum.

963 817 1070 844 Mittam
1089 823 1153 844 vero
1176 816 1237 843 illos
1257 815 1290 842 ad
1314 823 1357 842 me
1382 815 1550 846 clanculutn,
1568 814 1656 842 habeo
1677 814 1750 841 enim

965 862 1154 890 necessarium
1168 861 1283 896 aliquid,
1296 861 1411 896 urbique
1424 860 1488 888 huic
1505 860 1581 894 utile,
1597 861 1669 895 quod
1684 860 1752 895 ipsis

965 909 1135 936 committam
1156 915 1162 934 :
1180 911 1286 934 tantum
1303 911 1439 934 maturate
1455 906 1481 933 id
1499 906 1571 941 quod
1587 906 1664 933 vobis
1677 906 1751 933 dico.

967 954 1175 982 Discedentibus
1194 953 1277 989 igitur
1293 953 1345 980 hoc
1362 957 1440 989 pacto
1454 953 1514 987 ejus
1528 952 1753 987 consanguineis,

967 1007 1029 1027 cum
1044 999 1081 1026 illi
1096 999 1153 1027 haec
1164 999 1233 1026 clam
1248 998 1281 1025 ad
1297 998 1432 1034 primates
1446 998 1618 1030 retulissent,
1635 1005 1649 1024 e
1669 997 1753 1025 vesti-

967 1046 1011 1081 gio
1027 1049 1083 1073 tres
1097 1045 1172 1073 viros
1194 1045 1347 1080 elegerunt,
1365 1052 1435 1078 quos
1455 1043 1523 1071 ﬁdos
1539 1051 1601 1071 csse
1617 1050 1754 1078 cognove-

969 1097 1039 1124 rant,
1072 1090 1124 1118 ﬁde
1159 1091 1226 1125 ipsis
1254 1097 1316 1117 cum
1338 1089 1495 1125 juramento
1522 1090 1584 1116 data
1609 1093 1697 1116 ratum
1726 1095 1755 1115 se

970 1137 1110 1164 habituros
1121 1135 1322 1170 cﬂ'eclurosque
1333 1134 1466 1170 quidquid
1484 1141 1546 1161 cum
1566 1133 1648 1169 Gycia
1667 1132 1754 1159 acturi

969 1187 1070 1211 essent.
1091 1182 1123 1209 lli
1140 1183 1186 1210 ubi
1200 1182 1270 1210 clam
1290 1181 1324 1208 ad
1346 1180 1456 1217 Gyciatn
1474 1179 1623 1209 venissent.
1646 1179 1690 1205 illa
1707 1186 1755 1206 eos

969 1229 1088 1263 excepit,
1113 1227 1368 1263 interrogavitque,
1395 1225 1492 1260 ecquid
1515 1224 1672 1260 promittere
1693 1231 1755 1251 cum

968 1273 1127 1309 juratnento
1141 1276 1252 1307 possent
1270 1272 1392 1299 facturos
1404 1278 1433 1298 se
1449 1269 1584 1305 quidquid
1599 1269 1756 1297 commisis-

971 1317 1029 1345 set?
1044 1317 1097 1344 illis
1109 1323 1173 1344 vero
1190 1315 1388 1342 alllrntamibus
1402 1321 1430 1341 se
1445 1314 1536 1340 omnia
1554 1321 1603 1348 pro
1615 1318 1679 1340 volo
1695 1313 1757 1347 ejus

972 1361 1095 1388 facturos
1106 1367 1178 1392 esse,
1189 1359 1337 1394 respondet
1351 1358 1434 1394 (lycia
1448 1356 1561 1392 :iFidcm
1573 1357 1635 1384 date
1650 1356 1677 1383 in
1691 1356 1759 1383 urbe

972 1415 1025 1439 me,
1061 1407 1084 1434 si
1116 1406 1229 1437 moriar,
1253 1404 1437 1440 sepeliendam
1461 1410 1533 1434 esse,
1564 1406 1591 1429 ct
1628 1409 1759 1428 arcanum

973 1461 1062 1480 meum
1073 1453 1192 1479 narrabo
1202 1451 1280 1478 vobis
1293 1459 1299 1477 :
1310 1457 1398 1485 neque
1408 1456 1490 1485 grave
1500 1453 1541 1476 est
1554 1447 1626 1483 quod
1641 1447 1757 1482 postulo.

973 1499 1050 1533 Quod
1067 1506 1127 1526 cum
1146 1497 1284 1528 audirent,
1297 1496 1411 1523 libenter
1424 1503 1486 1523 cum
1500 1493 1680 1530 jurejurando
1697 1501 1760 1528 pro-

974 1545 1107 1572 miserunt
1120 1544 1146 1570 in
1158 1543 1226 1570 urbe
1239 1549 1269 1570 se
1285 1548 1356 1574 eam,
1372 1541 1395 1568 si
1407 1543 1572 1572 moreretur,
1590 1539 1760 1573 sepulturos,

975 1598 1062 1626 neque
1076 1595 1153 1618 extra
1170 1589 1271 1617 muenia
1285 1589 1445 1616 educturos.
1457 1586 1551 1622 Itaque
1567 1593 1699 1621 persuasa
1715 1592 1761 1612 sa-

974 1640 1115 1664 cramento
1131 1635 1237 1672 Gycia:
1256 1634 1350 1666 Nunc,
1379 1633 1487 1668 inquit,
1513 1639 1643 1660 arcanum
1673 1631 1761 1664 vobis,

975 1683 1046 1719 quod
1067 1683 1164 1715 habeo,
1178 1681 1298 1717 aperiam
1317 1690 1323 1708 :
1339 1687 1414 1712 ecce,
1438 1678 1554 1706 maritus
1571 1685 1648 1706 meus
1666 1686 1698 1704 ex
1719 1678 1763 1704 in-

977 1729 1069 1764 genito
1085 1728 1218 1756 adversus
1233 1727 1328 1754 urbem
1345 1726 1414 1753 hanc
1428 1725 1490 1752 odio
1503 1730 1585 1759 atque
1600 1723 1701 1750 invidia
1715 1730 1763 1758 per

976 1776 1066 1804 dolunt
1089 1775 1274 1810 Bosporianos
1295 1774 1411 1808 aliquot,
1437 1773 1464 1799 in
1481 1772 1592 1799 dotnum
1612 1778 1698 1797 meam
1722 1770 1764 1796 in-

937 1841 960 1872 c
978 1822 1120 1850 traductos
1141 1829 1203 1849 cum
1223 1821 1307 1848 armis
1329 1827 1415 1855 usque
1438 1819 1471 1846 ad
1491 1819 1627 1846 ducentos
1666 1817 1763 1850 nutrit,

979 1877 1022 1897 tne
1033 1868 1140 1901 inscia;
1160 1875 1255 1895 verum
1280 1874 1337 1894 rem
1354 1866 1424 1893 hanc
1438 1872 1511 1893 nunc
1531 1864 1602 1892 Deus
1619 1871 1666 1898 per
1682 1871 1764 1890 occa-

980 1915 1082 1943 sionem
1100 1913 1166 1940 rnihi
1183 1912 1354 1940 Inanilestam
1373 1911 1447 1939 fecit.
1463 1910 1519 1938 lloc
1535 1914 1625 1937 autem
1639 1909 1683 1936 ille
1696 1916 1765 1935 con-

980 1960 1072 1988 silium
1089 1959 1184 1994 agitat,
1204 1963 1233 1986 ut
1252 1958 1297 1986 ubi
1313 1957 1341 1984 in
1357 1957 1443 1992 patris
1456 1956 1507 1983 mei
1526 1955 1687 1982 memoriam
1705 1953 1766 1981 urbi

979 2014 1030 2042 ego
1046 2006 1157 2041 epulum
1171 2004 1285 2037 dedero,
1303 2011 1406 2037 vosque
1425 2001 1526 2036 epulati
1542 2001 1692 2028 dormitum
1708 1999 1766 2026 ive-

980 2053 1053 2085 ritis,
1069 2052 1127 2086 ipse
1138 2051 1172 2078 de
1185 2054 1265 2078 nocte
1275 2057 1336 2077 cum
1351 2048 1527 2083 Bosporianis
1542 2051 1625 2081 atque
1635 2046 1767 2074 domesti-

981 2099 1021 2126 cis
1036 2101 1142 2132 surgat,
1160 2096 1265 2124 a‘dibus
1280 2095 1381 2123 vestris
1396 2095 1484 2130 ignem
1500 2094 1638 2124 immittat,
1662 2100 1767 2127 vosque

982 2151 1077 2172 omnes
1091 2142 1275 2170 contrucidet.
1291 2142 1323 2169 Et
1339 2149 1412 2173 ecce,
1429 2141 1513 2168 instat
1527 2147 1600 2167 nunc
1616 2139 1674 2166 dies
1689 2139 1768 2165 anni-

983 2188 1119 2216 versarius
1133 2187 1270 2214 memoria:
1282 2186 1367 2221 patris
1380 2186 1443 2217 mei,
1459 2189 1622 2220 oportetque
1633 2192 1676 2211 me
1691 2183 1768 2211 vobis

982 2243 1014 2262 ex
1028 2235 1185 2268 juramcnto
1202 2232 1268 2259 dare
1279 2238 1328 2267 pro
1345 2238 1420 2258 more
1439 2239 1511 2262 tneo,
1531 2238 1592 2264 qua:
1609 2230 1642 2257 ad
1658 2229 1767 2264 epulum

982 2279 1148 2311 necessaria,
1167 2283 1193 2306 et
1206 2273 1447 2313 ontnia'praastare
1469 2281 1561 2312 parata
1579 2284 1652 2303 sum.
1672 2275 1770 2302 Velitis

985 2325 1064 2362 154
1077 2326 1167 2360 itaque
1179 2332 1273 2352 omnes
1286 2325 1339 2352 laeti
1355 2331 1511 2356 accurrere,
1530 2323 1732 2358 postulareque,
1743 2325 1771 2349 et

985 2375 1111 2408 accipere
1128 2371 1220 2400 omnia
1239 2372 1365 2402 libenter,
1385 2378 1419 2398 ne
1436 2370 1490 2397 ullo
1507 2370 1551 2397 ille
1573 2375 1651 2404 pacto
1668 2369 1771 2396 intelli-

984 2425 1029 2455 gat
1042 2427 1092 2447 nos
1105 2426 1162 2446 rem
1174 2418 1332 2449 rescivisse,
1346 2422 1372 2444 et
1383 2416 1473 2444 subito
1485 2416 1644 2443 intestinum
1661 2414 1770 2449 aliquod

984 2466 1085 2493 bellum
1100 2465 1215 2492 oriatur.
1227 2463 1312 2499 igitur
1326 2463 1443 2498 publice,
1462 2462 1501 2489 uti
1517 2469 1576 2488 mos
1591 2465 1643 2492 est,
1658 2461 1770 2496 epulum

142 2506 221 2516 -έηη
263 2506 267 2507 ν
335 2506 347 2514 ,,
455 2506 460 2510 ,
591 2506 612 2509 ..

141 2526 329 2561 κοιμωμένων,
353 2524 432 2550 αὑτὸν
456 2523 505 2557 τὴν
527 2522 611 2548 νύκτα
635 2519 832 2553 ὲτιαναστῆναι,
862 2524 920 2551 μετέ

985 2512 1132 2544 celebrate,
1154 2510 1200 2538 sed
1217 2517 1278 2536 cum
1305 2509 1404 2542 modo;
1432 2512 1458 2535 et
1482 2508 1599 2535 choreas
1622 2508 1649 2533 in
1674 2506 1772 2542 plateis

140 2573 194 2600 τῶν
205 2572 337 2599 συνόντων
349 2569 423 2605 αὑτῷ
439 2566 628 2603 Βοσποριανῶν
642 2574 670 2592 τε
685 2565 732 2591 καὶ
745 2563 865 2595 οἰκείων,
882 2561 930 2588 καὶ

144 2618 233 2654 βαλεῖν
261 2617 424 2652 ἐμπρησμὸν
442 2616 470 2641 ὲν
495 2615 551 2645 τοῖς
567 2613 651 2643 οἴκοις
677 2611 764 2646 ὑμῶν,
782 2610 829 2636 καὶ
846 2616 931 2635 κοιτα-

144 2664 245 2698 dspoliat
267 2663 371 2694 πάντας
395 2661 478 2697 ὑμᾶς.
501 2659 567 2686 Ἰδοὺ
590 2657 705 2690 λοιπὴν,
729 2655 826 2691 φθάζει
850 2653 898 2680 καὶ
913 2653 930 2688 ή

985 2559 1057 2594 agite
1071 2568 1077 2585 :
1096 2556 1286 2592 unusquisque
1300 2563 1363 2583 vere
1379 2555 1407 2582 in
1423 2554 1526 2581 aedibus
1539 2554 1639 2580 vestris
1657 2557 1771 2587 apparet

986 2605 1069 2640 ligna,
1086 2603 1221 2635 sarcinas,
1241 2608 1273 2628 ac.
1289 2600 1373 2628 tzedas
1387 2601 1500 2632 solidas,
1515 2604 1543 2626 ut
1559 2608 1601 2627 me
1614 2600 1723 2634 epulum
1735 2605 1768 2626 ac

985 2651 1100 2679 choreas
1112 2649 1292 2682 detrectante,
1301 2647 1335 2675 ad
1347 2647 1466 2682 quietem
1475 2654 1524 2674 vos
1533 2647 1609 2674 abire
1620 2645 1768 2674 existimet.

720 2759 873 2789 ANSELMI
890 2758 945 2786 BAi
952 2757 1004 2785 .DU
1010 2755 1058 2784 [ill
1075 2755 1194 2784 NOTIE.

177 2848 234 2883 (82)
245 2848 284 2875 Ita
297 2855 349 2874 ms.
366 2845 543 2874 codex.Edili
558 2845 667 2883 habent,
681 2844 782 2880 ὲπᾶροιι
793 2845 869 2878 τότε;
885 2847 912 2872 et

144 2880 222 2918 paulo
231 2883 301 2911 infra
311 2883 440 2917 κατεφισε
458 2889 506 2917 pro
519 2880 693 2916 κατεφίλησε.

1019 2840 1075 2872 (83)
1094 2839 1144 2867 Ms.
1157 2839 1243 2865 codex
1261 2839 1310 2865 sic.
1327 2837 1473 2872 Pcrpcrant
1501 2837 1526 2863 in
1551 2837 1631 2864 editis
1661 2836 1773 2870 legitur,

988 2876 1214 2911 πληροφορήσατε
1231 2874 1286 2910 μή¹
1305 2874 1353 2901 sed
1369 2874 1470 2908 optimc
1487 2872 1622 2900 Meursius
1637 2872 1771 2900 emendat.
