1938 3070
146 104 201 148 415
659 114 913 145 ΕΟΝδΤΑΝΓΙΝῘ
928 112 1268 146 PO-RPHYROGENITI
1723 115 1782 148 4m.

149 172 192 198 Me
210 178 275 199 vero
293 171 375 198 citius
398 170 478 197 solito
502 170 680 202 detrectante,
699 178 732 198 ac
759 171 833 198 fores
856 178 914 198 me:

1025 170 1082 205 ήμη
1103 170 1151 196 τοῦ
1170 169 1272 204 πατρός
1288 177 1339 203 μου
1352 176 1358 184 ⁸
1377 169 1424 195 καὶ
1436 168 1495 196 δέον
1511 169 1561 204 μέν
1577 169 1634 196 ἐστι
1650 172 1718 206 προς
1731 173 1787 200 τὸν

149 217 273 244 obserari
291 217 419 251 iubente,
435 224 482 243 vos
497 215 643 244 confestim
663 224 726 244 eum
742 217 830 244 multo
847 217 914 245 sileri

1014 223 1067 241 ’κον
1091 223 1142 250 μου
1169 214 1260 241 δοῦναι
1284 214 1348 249 ὑμῖν
1370 213 1486 241 κατὰτὸ
1510 214 1570 246 ἔθος
1597 224 1647 250 μου
1672 217 1705 244 τὰ
1727 218 1779 253 τῆς

148 263 186 289 tio
201 270 248 296 per
263 261 381 288 famulos
398 265 425 288 et
438 261 552 288 ancillas
570 266 677 290 vestros
688 270 721 289 ex
734 262 864 290 omnibus
881 270 913 289 un

1014 260 1153 295 ηφρασίας·
1171 261 1261 288 πάντα
1276 261 1330 294 γὰρ
1346 260 1462 295 ἑτοίμως
1479 260 1533 296 ἔχω
1548 269 1555 276 ·
1584 262 1718 296 θελήσατε
1732 264 1779 291 ιῦν

148 308 289 341 decunque
310 307 415 334 aedibus
445 307 592 336 afferentes
616 308 701 343 ligna,
730 308 863 341 sarcinas,
887 313 913 336 ta

1012 306 1088 338 ἐντες
1102 307 1290 342 προσδραμεῖν
1301 307 1442 343 χαίροντες
1457 308 1503 334 καὶ
1526 309 1643 344 ζητῆσαι
1666 311 1713 337 καὶ
1729 311 1777 338 λα-

148 354 263 388 dasque,
291 353 325 381 ad
353 354 453 387 ianuas
475 361 559 386 meas,
588 358 614 381 et
637 354 772 382 vestibula
795 354 913 389 apponit:

1017 352 1043 378 ἶν
1058 353 1148 380 πάντα
1167 352 1327 388 προθύμως.
1350 354 1419 389 πρὸς
1436 354 1466 380 τὸ
1481 355 1565 389 μήπω
1588 355 1684 391 νοῆσαι
1696 357 1781 384 αὑτὸν

148 400 205 426 imo
236 400 341 427 circum
358 404 442 427 totam
460 400 571 427 domum
587 404 614 427 et
627 400 717 427 oleum
737 401 818 436 lignis
842 401 913 428 infur

1018 406 1026 423 ι
1041 397 1164 433 ἔγνωμεν
1177 399 1208 424 τὸ
1224 400 1350 434 πρᾶγμα,
1363 399 1408 426 καὶ
1420 399 1497 433 ἄφνω
1510 400 1642 434 ἐμφύλιος
1659 402 1779 437 πόλεμος

147 445 214 477 dite,
229 453 284 480 quo
303 446 387 473 citius
408 446 545 472 llamntam
568 446 736 481 concipiant.
758 447 826 474 Cum
845 450 912 474 autei

1013 442 1115 478 Ξνηταιο
1132 444 1265 479 θελήσατε
1284 442 1331 471 οὖν
1347 445 1395 471 καὶ
1418 445 1557 481 δημοσίως
1578 447 1648 474 κατὰ
1667 448 1698 474 τὸ
1717 448 1778 480 ἔθος

147 499 198 525 ego
218 499 328 527 egressa
352 491 440 524 luero,
464 492 596 528 vobisque
617 492 723 525 dixero,
742 491 820 520 ocius
845 491 912 527 ignei

1013 489 1191 524 ιφραίνεσθαι,
1211 490 1377 526 συμμέτρως
1391 490 1430 523 δὲ,
1455 491 1503 518 καὶ
1528 493 1651 527 χορεύειν
1672 494 1702 520 ὲν
1718 495 1778 526 ταῖς

149 536 264 571 injicite,
281 544 312 564 ae
326 543 387 563 eum
413 537 497 563 armis
523 536 731 570 circumsistite,
755 542 786 564 ut
801 544 869 571 quos
888 545 914 571 pr

1013 536 1148 564 λατείαις·
1179 536 1342 571 ἑτοιμάσατε
1363 536 1391 562 δὲ
1418 536 1534 568 ἕκαστος
1557 537 1588 562 ὲν
1611 538 1668 569 τοῖς
1691 539 1778 570 οἴνοις

150 582 299 611 fenestram
315 582 474 611 exsilientes
489 582 616 610 videbitis
644 583 826 611 interﬁciatis.
855 583 915 610 Abit

1012 582 1063 609 λῶν
1083 582 1149 615 ξύλα
1166 590 1205 614 τε,
1218 582 1266 608 καὶ
1284 581 1393 616 φορτία,
1404 582 1456 615 ,καὶ
1476 582 1556 618 δᾷδας
1570 583 1695 617 στεγνὰς,
1710 585 1777 620 πρὸς

150 628 234 662 igitur
248 632 274 655 et
285 636 417 655 arcanum
435 629 485 655 hoc
497 633 617 659 narrate,
627 634 780 663 cunctaque
791 636 852 664 qua
865 629 915 663 jus:

1012 637 1016 652 ι
1034 626 1246 661 μισοποιούντων
1266 627 1345 662 ἡμῶν
1358 627 1408 659 τὰς
1423 627 1573 663 εύφρασίας
1587 629 1634 655 καὶ
1653 629 1716 661 τοὺς
1733 640 1777 666 χο-

150 678 289 709 apparate.
300 673 379 702 Cives
393 681 456 701 vero
469 674 514 701 ubi
531 682 585 701 rem
600 675 802 702 intellexissent
817 683 831 702 a
847 675 915 702 tribu

1013 673 1050 704 ib;
1069 672 1196 704 δόξασθαι
1215 673 1284 709 πρὸς
1309 673 1463 700 ἀνάπαυσιν
1489 673 1565 708 ὑμῶν
1587 674 1717 702 ἀπιέναι·
1731 677 1778 703 καὶ

150 720 193 759 itis
206 721 281 753 viris,
294 728 375 755 quam
388 720 520 748 citissime
531 721 624 748 omnia
633 721 799 756 peragebant
811 729 843 749 ex
856 728 915 747 man

1013 717 1054 744 ιοῦ
1069 718 1101 754 δὴ
1121 719 1287 755 ταχέστερον
1303 720 1532 756 μισοποιησάσης,
1555 720 1604 747 καὶ
1615 721 1778 757 κελευούσης

150 765 215 792 dato
236 765 334 801 (lyciae.
364 765 432 792 Cum
459 767 551 801 itaque
576 766 691 794 instaret
712 767 771 795 dies
797 768 915 794 memori;

1014 763 1188 799 ῖφαλισθῆναι
1205 766 1269 797 τοὺς
1287 765 1430 798 πυλεῶνάς
1455 775 1519 801 μου,
1536 767 1615 802 ὑμεῖς
1634 767 1735 800 εὐθέως
1749 769 1779 794 ἑν

150 818 239 844 sacer,
255 815 279 838 et
298 811 380 846 Gycia
399 811 457 838 lmta
473 811 507 838 ad
522 812 595 840 cives
609 811 684 839 urbis
694 811 824 845 mitteret,
844 813 915 840 hort:

1012 810 1086 845 ωχὶᾳ
1113 810 1196 847 πολλῇ
1217 812 1266 838 σὺν
1280 812 1358 838 παισὶ
1382 811 1430 838 καὶ
1447 812 1604 845 παιδίσκαις
1621 813 1677 849 (84)
1700 814 1777 850 ὑμῶν

150 861 280 890 relurque
297 861 324 883 ut
336 856 492 892 acciperent
503 856 536 883 ad
553 858 664 892 epulum
675 865 735 893 qua:
750 858 915 892 pertinerent

1013 855 1100 882 ινοικὶ
1119 857 1335 891 παρενεγκόντες
1359 857 1394 884 τὰ
1416 857 1491 890 ξύλα,
1522 859 1570 885 καὶ
1600 859 1707 895 φορτία,
1731 860 1778 886 καὶ

150 902 270 929 accurrit
292 902 374 929 etiam
396 902 511 930 maritus
534 902 606 936 ejus,
636 908 663 929 et
688 903 751 937 plus
776 902 831 929 vini
853 903 915 929 solii

1012 899 1068 934 ἰδας
1082 901 1218 937 παράθετε
1234 902 1321 929 ταῦτα
1336 903 1364 929 ὲν
1374 905 1430 934 τοῖς
1447 904 1567 930 πυλεῶσι
1583 894 1641 940 μου
1663 905 1711 932 καὶ
1727 914 1777 932 πα-

150 949 208 975 dari
222 948 315 983 jussit.
330 948 410 976 Cives
424 953 515 976 autem
533 949 650 977 libenter
664 949 757 976 omnia
773 949 915 983 accipienti

1013 946 1143 979 κπυλιοις,
1158 948 1204 973 καὶ
1220 947 1312 982 κύκλῳ
1330 947 1379 982 τῆς
1394 947 1483 980 οἰκίας
1498 949 1599 984 πάσης.
1620 950 1778 985 ὲπιχέαντες

149 995 331 1028 epulabantur
359 994 398 1022 uti
421 994 492 1029 iussi
521 998 610 1027 erant,
637 997 664 1022 et
689 1002 737 1029 per
759 999 843 1021 totam
867 994 914 1021 die

1013 994 1037 1019 1i.
1056 993 1145 1020 ἔλαιον
1160 995 1216 1026 τοῖς
1230 994 1320 1028 ξύλοις
1340 994 1408 1030 πρὸς
1422 995 1452 1021 τὸ
1466 995 1559 1030 τάχιον
1571 995 1692 1031 ἁφθῆναι
1703 1004 1710 1011 ·
1732 1005 1778 1023 και

149 1040 265 1068 chon-as
291 1039 432 1075 agitabant
458 1047 466 1066 :
488 1039 536 1067 sed
558 1040 703 1075 ingruente
724 1047 838 1075 vespera
860 1047 912 1074 qua

1012 1039 1070 1065 νίκα
1096 1039 1196 1072 ἐξέλθω
1217 1039 1283 1075 ἐγὼ,
1306 1041 1353 1067 καὶ
1373 1041 1443 1068 εἴπω
1466 1041 1541 1076 ὑμῖν,
1562 1041 1662 1074 εὐθέως
1683 1042 1777 1069 λάϐετε

149 1086 222 1120 epuli
238 1085 370 1120 longioris
383 1085 489 1120 ρει-ιιιξεί
504 1086 614 1113 domum
629 1093 658 1113 se
670 1093 747 1113 suam
760 1085 879 1120 quieturi
896 1093 914 1112 ιιι

1013 1084 1039 1119 ην
1070 1085 1180 1120 πυράνο
1204 1086 1252 1112 καὶ
1278 1086 1357 1121 ὑμεῖς
1380 1086 1408 1112 δὲ
1430 1087 1459 1113 ἐν
1476 1087 1568 1118 ὅπλοις
1590 1089 1778 1123 παρεστήκετε

151 1135 296 1166 ceperunt.
325 1130 514 1165 Epulabantur
535 1135 626 1158 autem
649 1139 697 1166 per
714 1139 812 1160 omnes
836 1132 916 1167 passi:

1014 1129 1083 1166 ὄκλῳ
1097 1131 1148 1165 τῆς
1161 1131 1258 1163 οἰκίας,
1276 1131 1320 1158 ἵνα
1334 1132 1400 1158 ὃπου
1419 1132 1494 1164 τινας
1515 1132 1674 1169 θεωρήσητε
1690 1134 1779 1169 ἐκπη-

153 1177 240 1210 mdes;
257 1176 342 1212 Gyeia
359 1184 424 1204 vero
440 1177 466 1204 in
483 1177 552 1210 suis,
573 1177 684 1212 largiter
698 1183 793 1213 potare
807 1179 918 1206 domesti

1014 1176 1092 1208 ὖντας
1111 1176 1144 1204 ὲκ
1162 1176 1210 1204 τοῦ
1229 1178 1305 1204 οῐκου
1319 1178 1363 1205 διὰ
1381 1178 1486 1213 θυρίδος
1501 1178 1612 1211 τούτους
1636 1180 1779 1214 κατασφά-

153 1230 202 1250 cos
230 1230 296 1251 suos
322 1223 436 1257 iubens,
465 1228 494 1250 ut
522 1224 591 1251 ebrii
615 1223 680 1251 facti
702 1224 785 1252 citius
813 1225 918 1252 cubitut

1014 1231 1057 1258 ητε
1068 1230 1075 1237 ·
1093 1222 1256 1255 ἀπελθόντες
1269 1221 1357 1251 οὖντὸ
1378 1225 1527 1260 μυστήριον
1541 1225 1620 1252 τοῦτο
1632 1225 1779 1260 λαλήσατε,

152 1268 335 1302 discederent,
345 1269 442 1304 puellis
462 1273 568 1296 tantum
583 1270 764 1297 cubiculariis
777 1278 808 1298 so
815 1270 917 1298 brietat

1014 1268 1038 1294 εἰ
1053 1268 1216 1303 ἑτοιμάσατε
1235 1269 1324 1296 πάντα
1340 1269 1358 1296 ἃ
1379 1267 1456 1296 εἷπον
1474 1270 1549 1305 ὑμῖν.
1571 1271 1602 1297 οι
1625 1270 1654 1297 δὲ
1672 1270 1779 1298 πολῖται

153 1315 253 1343 indicta
266 1323 274 1347 ;
290 1319 317 1343 et
329 1315 388 1350 ipsa
399 1323 508 1350 quoque
518 1323 533 1342 a
550 1316 612 1342 vino
626 1315 790 1343 abstinebat.
805 1315 873 1343 Nam
889 1324 918 1351 pc

1016 1314 1076 1341 ιῦτα
1090 1315 1257 1347 ἀκούσαντες
1278 1315 1333 1343 ἀπὸ
1356 1315 1409 1342 τῶν
1425 1315 1510 1351 τριῶν
1527 1315 1632 1351 ἀνδρῶν
1651 1316 1781 1351 ἐποίησαν

150 1362 213 1389 culo
228 1369 366 1397 purpureo
381 1361 493 1389 invento
508 1362 605 1397 puellm
621 1362 808 1394 cubiculariaz,
819 1370 881 1397 qute
893 1370 915 1389 nt

1014 1361 1081 1387 άντα
1104 1361 1133 1387 ὲν
1166 1360 1297 1396 συντομία
1318 1360 1390 1387 κατὰ
1410 1360 1456 1387 τὸν
1485 1360 1566 1395 λόγον
1592 1361 1641 1396 τῆς
1667 1361 1779 1394 Γυκίας.

150 1408 219 1443 gotii
238 1408 351 1436 conscia
367 1412 437 1440 erat,
453 1407 480 1435 id
495 1408 581 1441 dedit,
597 1408 736 1443 iussitque
751 1408 779 1434 in
793 1415 826 1435 eo
840 1415 910 1443 aqua

1016 1406 1145 1440 Ξνστὰσης
1169 1406 1199 1432 δὲ
1223 1406 1272 1441 τῆς
1302 1407 1475 1442 μνημοσύνου
1498 1406 1614 1443 ἡμέρας,
1641 1407 1679 1439 ὼς
1700 1407 1781 1442 δῆθεν

151 1453 205 1481 sibi
235 1453 352 1480 miseere
381 1461 388 1480 :
418 1452 493 1486 quod
515 1459 577 1479 cum
606 1453 722 1479 maritus
742 1452 805 1486 ejus
824 1451 916 1478 videre

1015 1452 1141 1486 ιιρομὲνη
1158 1452 1175 1487 ή
1196 1452 1282 1479 Γυκία
1304 1452 1499 1488 μετεπέμψατο
1517 1453 1581 1484 τοὺς
1602 1452 1652 1488 τῆς
1678 1453 1780 1485 πόλεως

151 1506 250 1533 aquam
285 1498 360 1525 illam
400 1498 495 1525 bibere
515 1505 569 1524 non
588 1497 802 1533 suspicabatur:
822 1496 872 1524 Ubi
890 1505 915 1524 ιιι

1016 1497 1090 1532 ιδρας
1115 1498 1325 1533 προτρεπομένη
1360 1498 1409 1525 τοῦ
1434 1498 1526 1525 λαϐεῖν
1551 1498 1650 1530 αὐτοὺς
1671 1498 1706 1525 τὰ
1732 1498 1781 1533 τῆς

152 1549 206 1572 tem
229 1545 284 1578 iam
307 1551 423 1578 vespera
456 1544 588 1575 venisset,
636 1543 775 1579 civesque,
819 1544 857 1570 uti
883 1544 917 1578 iai

1016 1543 1161 1578 lepaet'ac-
1190 1543 1335 1579 συνέτρεχε
1360 1544 1389 1570 δὲ
1415 1545 1462 1571 καὶ
1489 1545 1504 1571 ὁ
1528 1544 1598 1580 ἀνὴρ
1622 1544 1707 1579 αὐτῆς
1734 1545 1781 1571 ἐπὶ

151 1590 255 1617 dictutn
275 1594 328 1623 est,
343 1590 473 1625 epulandi
500 1590 614 1618 satietas
641 1591 771 1626 cepisset,
797 1590 881 1626 Gycia
905 1598 916 1617 ιι

1015 1590 1082 1621 ὤτο,
1107 1589 1154 1616 καὶ
1171 1589 1322 1625 παρεκάλει
1342 1590 1432 1616 πλεῖον
1452 1587 1524 1617 οἶνον
1547 1589 1656 1625 δοθῆναι
1681 1589 1780 1620 αὐτοὺς

152 1636 279 1663 maritum
292 1636 395 1671 inquit:
409 1636 557 1671 Postquam
568 1636 667 1671 epulati
683 1644 788 1669 sumus,
798 1644 846 1672 age
857 1636 917 1663 etiai

1016 1636 1038 1661 τὶ
1052 1636 1085 1671 τῇ
1100 1636 1247 1671 εὐφρασίᾳ.
1269 1636 1300 1663 Ol
1317 1635 1345 1662 δὲ
1365 1636 1472 1663 πολῖται
1492 1636 1617 1671 ἁσμένως
1634 1635 1723 1663 πάντα
1738 1635 1781 1661 δε-

152 1689 203 1709 nos
219 1682 340 1709 cubitum
361 1689 476 1715 eamus;
499 1689 580 1716 quem
604 1681 649 1709 ille
672 1689 827 1710 sermonem
853 1680 917 1708 libet

1017 1681 1105 1715 ἱμενοι
1130 1681 1312 1717 ηὑφραὶνοντο
1337 1681 1430 1714 καθὼς
1456 1682 1709 1717 παρηγγέλθησαν,
1735 1681 1782 1707 καὶ

153 1727 270 1760 audivit,
289 1731 317 1755 et
338 1735 435 1755 somno
452 1735 482 1755 se
501 1727 595 1761 dedit;
620 1735 708 1763 neque
730 1727 803 1755 enim
826 1727 918 1761 iniich

1016 1728 1120 1763 (ὀρευον
1134 1727 1184 1763 τὴν
1196 1728 1286 1755 πᾶσαν
1298 1727 1404 1764 ἡμέραν
1414 1735 1422 1743 ⁸
1436 1727 1577 1764 φθασάσης
1593 1728 1621 1755 δὲ
1632 1728 1681 1763 τῆς
1697 1728 1781 1753 ἑσπέ-

152 1773 210 1806 ipse
222 1773 273 1799 hoc
287 1777 404 1807 poterat,
419 1781 453 1800 ue
469 1773 546 1800 uxori
560 1773 594 1801 de
611 1773 676 1801 dolo
694 1773 852 1808 suspicandi
871 1781 917 1800 cau

1016 1782 1055 1808 ας,
1073 1773 1189 1810 ἤρξαντο
1213 1776 1364 1809 μισοποιετν
1387 1774 1411 1800 οι
1435 1774 1540 1800 πολῖται
1557 1774 1604 1801 καὶ
1628 1774 1740 1800 ἀπιέναι
1753 1774 1781 1799 ἐν

153 1827 211 1846 sam
229 1820 372 1854 praeberet.

1016 1820 1050 1850 ὶίς
1062 1819 1146 1852 οἴκοις
1160 1819 1251 1846 αὐτῶν
1264 1820 1304 1852 εἰς
1326 1820 1356 1846 τὺ
1377 1820 1543 1855 ἁναπαῆναι,
1561 1820 1743 1856 ηὑφραίνοντο
1755 1819 1781 1845 δὲ

153 1865 274 1893 πανοικί.
291 1866 345 1891 Καὶ
368 1866 385 1901 ἠ
403 1865 490 1893 Γυκία
516 1866 545 1893 ἐν
558 1865 597 1900 τῷ
614 1866 683 1902 οῐκῳ
707 1866 803 1902 αὐτῆς,
827 1865 1037 1902 προτρεπομένη
1062 1866 1168 1897 πάντας
1193 1866 1256 1898 τοὺς
1297 1866 1383 1901 αὐτῆς
1404 1866 1489 1898 ἀδεῶς
1524 1860 1623 1899 πινέιν,
1648 1865 1716 1900 πρὸς
1748 1867 1779 1892 τὸ

151 1910 338 1944 μεθυσθέντας
349 1911 447 1944 αὐτοὺς
465 1912 558 1947 τάχιον
578 1911 755 1947 κοιμηθῆναι,
775 1911 855 1946 μόνον
877 1913 937 1944 ταῖς
956 1911 1196 1948 κουὸικουλαρίαις
1217 1912 1303 1947 αὐτῆς
1326 1911 1493 1947 παρήγγειλε
1510 1910 1557 1938 τοῦ
1591 1912 1697 1946 νήφειν,
1733 1915 1781 1940 καὶ

149 1959 250 1996 ἑαυτὴν
264 1960 311 1987 τοῦ
323 1961 395 1987 οἴνου
412 1961 572 1995 ἐφύλαττεν.
592 1960 718 1996 Εὑροῦσα.
735 1961 790 1997 γὰρ
808 1961 937 1997 ποτήριον
957 1960 1115 1997 πορφυροῦν
1140 1960 1239 1987 δέδωκε
1269 1961 1303 1995 τῇ
1338 1959 1551 1995 κουόικουλαρίᾳ
1572 1959 1657 1994 αὐτῆς
1677 1959 1710 1994 τῇ
1751 1958 1782 1984 τὸ

151 2011 267 2044 πρᾶγμα
291 2009 410 2046 εἰδούσῃ,
453 2010 501 2037 καὶ
518 2010 716 2046 ςπαρήγγειλιν
737 2010 807 2045 αὐτῇ
843 2011 872 2037 ἐν
901 2010 977 2045 αὐτῷ
996 2009 1082 2046 αὐτὴν
1097 2009 1192 2045 κιρνᾷν
1209 2009 1257 2036 σὺν
1282 2008 1375 2035 ὕδατι·
1397 2009 1411 2035 ό
1431 2007 1460 2034 δὲ
1479 2009 1548 2043 ἀνὴρ
1565 2007 1649 2039 αὐτῆς
1672 2006 1782 2041 θεωρῶν

149 2056 180 2082 τὸ
194 2055 349 2092 πορφυροῦν
367 2056 496 2092 ποτήριον
510 2056 560 2092 οὐχ
575 2056 685 2084 ὑπενόει
697 2056 746 2083 σὺν
757 2056 834 2084 ὕδατι
848 2057 935 2092 αὐτὴν
954 2057 1053 2084 πίνειν.
1068 2055 1123 2092 Τῆς
1139 2055 1167 2082 δὲ
1184 2054 1303 2090 ἑσπέρας
1315 2053 1468 2089 φθασάσης.
1493 2054 1539 2080 καὶ
1559 2054 1613 2080 τῶν
1647 2052 1774 2086 πολιτῶν,

148 2103 186 2134 ὼς
202 2102 252 2138 ἤδη
276 2102 362 2136 εἷπον,
385 2104 633 2138 μισοποιησάντων,
651 2103 725 2138 λέγει
737 2103 777 2134 τῷ
798 2103 875 2139 ἀνδρὶ
888 2103 974 2138 αὐτῆς
986 2103 1003 2138 ἡ
1014 2102 1101 2129 Γυκία
1113 2110 1120 2117 ·
1137 2100 1351 2137 Εὑφρανθέντων
1365 2100 1443 2136 ἡμῶν
1473 2099 1553 2134 δεῦρο
1587 2099 1679 2126 λοιπον
1708 2101 1776 2126 ἁνα-

149 2148 298 2183 παυθῶμεν
322 2148 369 2174 καὶ
383 2149 479 2183 ἡμεῖς*
496 2148 511 2175 ὃ
530 2149 563 2184 δὴ
584 2149 599 2175 ὁ
622 2149 692 2185 ἀνὴρ
717 2149 802 2184 αὐτῆς
828 2148 948 2180 ἀκούσας
985 2148 1087 2184 μᾶλλον
1114 2148 1198 2183 ἐχάρη
1211 2167 1219 2180 ,
1236 2148 1282 2174 καὶ
1299 2147 1379 2173 ἔπεσε
1406 2146 1453 2173 τοῦ
1481 2146 1667 2181 κοιμηθῆναι·
1680 2145 1711 2172 οὗ
1727 2147 1782 2182 γὰρ

149 2197 264 2231 ἠδύνατο
274 2197 319 2231 ἀφ’
333 2196 428 2223 ἑαυτοῦ
447 2197 534 2223 εἰπεῖν
550 2196 640 2231 τοῦτο,
657 2197 756 2232 μήπως
775 2197 902 2224 ὑπόνοιαν
914 2196 953 2232 δῷ
965 2197 997 2232 τῇ
1008 2197 1118 2231 γυναικὶ
1128 2196 1192 2230 περὶ
1202 2193 1234 2222 οὗ
1245 2194 1402 2222 ἐϐουλεύετο
1414 2193 1499 2221 δόλου.

188 2246 298 2274 Mandat
318 2246 411 2280 itaque
428 2245 511 2280 Gycia
531 2244 630 2279 ianuas
650 2252 746 2273 omnes
776 2253 808 2273 ae
839 2246 936 2273 ostiola

1025 2244 1136 2271 Κελεύει
1150 2242 1196 2271 οὗν
1210 2245 1226 2280 ἡ
1244 2244 1329 2270 Γυκία
1343 2241 1542 2278 ἀσφαλισθῆναι
1557 2240 1620 2272 τοὺς
1635 2239 1776 2271 πυλεῶνας

148 2293 286 2325 obserari,
299 2296 327 2320 et
352 2291 446 2319 aﬂ‘erri
460 2291 513 2319 sibi
531 2298 579 2326 pro
592 2299 667 2319 more
681 2291 790 2324 claves;
804 2291 877 2326 quod
891 2291 913 2319 ul

1014 2290 1036 2318 ιὶ
1055 2290 1145 2317 πάντα
1166 2290 1201 2316 τὰ
1214 2289 1383 2325 παραθύρια,
1410 2288 1457 2314 καὶ
1481 2287 1623 2322 ἐνεχθῆναι
1639 2286 1708 2321 αὐτῇ
1731 2285 1779 2316 τὰς

149 2340 251 2367 factum
265 2342 349 2371 esset,
364 2338 423 2365 [idin
436 2337 611 2365 cubicularis:
620 2337 674 2365 doli
691 2345 783 2373 gnara:
798 2337 825 2364 in
843 2344 914 2365 aurel

1015 2337 1063 2368 tsi:
1085 2335 1156 2363 κατὰ
1175 2335 1206 2362 τὸ
1220 2335 1281 2367 ἔθος
1293 2343 1300 2351 ·
1323 2335 1371 2361 καὶ
1387 2333 1482 2360 τούτου
1501 2333 1649 2367 γενομένου
1662 2332 1736 2365 λέγει
1751 2333 1780 2358 ὲν

148 2385 219 2412 dixit
233 2384 301 2412 :Abi
316 2391 379 2411 cuin
396 2383 508 2417 reliquis
521 2382 707 2415 cubiculariis,
723 2385 749 2409 et
760 2382 876 2410 solerter
889 2389 913 2409 at

1014 2382 1027 2418 ᾖ
1050 2381 1173 2416 λεληθότι
1187 2383 1221 2417 τῇ
1239 2382 1322 2416 πιστῇ
1345 2381 1430 2416 αὐτῆς
1453 2379 1666 2414 κουϐικουλαριᾳ
1681 2379 1715 2414 τῇ
1734 2377 1779 2404 τὸν

148 2432 190 2459 ter
216 2430 307 2458 omnia
335 2433 497 2458 ornamenta
520 2436 591 2461 mea,
615 2429 694 2465 155
719 2436 884 2465 aurumque,
910 2439 913 2453 ι

1015 2428 1062 2454 ηλον
1083 2427 1203 2464 εἰδούσῃ,
1221 2427 1264 2454 ὅτι
1279 2426 1398 2462 Θέλησον
1416 2427 1464 2453 σὺν
1478 2426 1537 2457 ταῖς
1562 2425 1671 2456 λοιπαῖς
1690 2424 1780 2450 κουσι-

148 2476 283 2511 quidquid
308 2475 374 2502 utile
396 2474 424 2502 in
442 2475 505 2502 sinu
523 2479 667 2509 asportare
684 2474 811 2509 potestis,
831 2481 864 2501 ac
887 2481 913 2501 ν(

1012 2473 1147 2508 ουλαρίαις
1166 2472 1275 2508 εὐφυῶς
1293 2473 1395 2508 ἐπᾶραι
1421 2472 1510 2498 πάντα
1528 2471 1563 2498 τὰ
1586 2470 1688 2505 κόσμιὲ
1715 2477 1777 2505 μου,

149 2526 268 2557 parate:
288 2525 329 2554 ut,
351 2528 414 2548 cum
436 2520 559 2555 iussero,
581 2528 626 2548 me
648 2519 814 2555 sequamini.
833 2519 866 2547 At
884 2520 914 2547 ill

1016 2521 1037 2548 ιὶ
1051 2520 1081 2546 τὸ
1101 2519 1225 2555 χρυσίον,
1243 2519 1290 2545 καὶ
1305 2519 1332 2545 εἴ
1351 2527 1378 2545 τι
1402 2518 1538 2554 χρήσιμον
1555 2516 1670 2543 δύνασθε
1685 2516 1781 2549 ἐγκολ-

149 2566 271 2600 quidem,
288 2565 425 2594 mandatis
436 2573 537 2593 morem
561 2569 696 2600 gerentes,
717 2568 821 2600 parata:
837 2570 914 2592 erant

1015 2565 1118 2592 [σασθαι
1135 2565 1201 2601 (85),
1225 2564 1272 2592 καὶ
1293 2564 1457 2600 ἑτοιμάσατε
1478 2563 1590 2596 ἑαυτὰς,
1605 2562 1649 2588 ἶνα
1662 2561 1780 2588 ὃταν-εῖ-

152 2613 271 2642 maritus
283 2617 375 2641 autem
391 2613 451 2648 eius
464 2620 527 2640 cum
541 2613 665 2641 cubitum
683 2620 713 2641 se
723 2612 854 2645 dedisset,
870 2619 917 2647 pan

1015 2621 1033 2638 ω
1052 2611 1128 2646 ὑμῖν,
1143 2610 1345 2645 ἀκολουθήσατὲ
1370 2618 1425 2645 μοι.
1444 2610 1476 2636 Al
1491 2609 1520 2635 δὲ
1546 2608 1694 2642 ποιήσασαι
1711 2606 1780 2633 κατὰ

153 2658 238 2694 lisper
255 2659 437 2693 dormiturus,
454 2663 486 2687 ut
505 2660 584 2687 ocius
605 2667 667 2687 mox
690 2665 802 2694 surgere
827 2666 917 2686 rursm

1015 2666 1038 2693 1v
1064 2657 1188 2684 κέλευσιν
1216 2656 1304 2691 αὐτῆς
1326 2654 1395 2692 ἦσαν
1419 2656 1538 2691 ἕτοιμαι.
1557 2654 1610 2682 Τοῦ
1635 2654 1663 2681 δὲ
1686 2653 1780 2688 ἀνδρὸς

748 2738 895 2766 ANSELMI
910 2737 974 2765 BAN
980 2737 1072 2765 DURII
1089 2736 1205 2765 NOTAE.

192 2796 249 2830 (ει)
263 2797 309 2824 8ιο
323 2797 512 2825 emcndamus.
531 2796 677 2831 Perperna»
701 2797 800 2831 legitur
831 2796 857 2823 in
891 2803 940 2822 ms.
1032 2795 1091 2829 (85)
1102 2795 1147 2821 Sic.
1161 2802 1223 2821 cum
1235 2793 1549 2831 Meursioemcudatuus.
1564 2790 1783 2827 l‘crpcrauilegio

156 2836 185 2859 et
198 2832 225 2859 in
241 2829 331 2865 editis,
344 2832 392 2859 σὺν
408 2831 510 2862 παῖδες.
525 2832 570 2858 καὶ
586 2829 751 2862 παιδίσκαιξ.

647 2829 751 2862 ῑίσκαιξ.
996 2835 1040 2858 tur
1053 2831 1078 2858 in
1095 2838 1146 2858 Ius.
1162 2829 1412 2864 ὲγκαλωπίσασθαι.
