1938 3070
110 143 161 175 417

640 141 689 171 DE
706 138 1021 171 ADMINISTRANDO
1043 138 1212 169 IMPERIO.

1683 137 1737 171 418

111 199 195 234 αὐτῆς
209 199 289 234 δῆθεν
306 198 497 230 ἀνακλιθὲντος
518 197 564 224 τοῦ
587 198 621 224 ἐκ
643 197 777 233 συντόμου
803 205 902 232 κοιμη-

963 199 1048 223 msset
1067 195 1100 221 atl
1122 195 1218 221 urbem
1233 201 1265 221 ex
1284 192 1394 220 insidiis
1412 192 1629 228 opprimendam,
1653 193 1737 229 Gycia

112 244 192 279 θῆναι
201 244 245 272 διὰ
267 244 367 280 τάχους
391 244 474 271 αὐτὸν
490 243 571 271 πάλιν
584 244 736 278 ἀναστῆναι
753 243 821 279 πρὸς
839 243 900 270 ἑπι-

113 290 212 325 6ουλὴν
228 290 278 326 τῆς
290 290 393 322 πόλεως
407 299 413 305 ·
428 291 444 325 ἠ
460 290 489 317 δὲ
511 290 597 317 Γυκία
614 289 754 325 παρέσυρε
769 288 817 316 τοῦ
833 289 901 316 καθ-

114 336 225 371 ευδῆσαι
249 336 301 367 ἓως
319 336 351 363 ἂν
369 336 445 362 πᾶσα
470 337 486 371 ή
511 335 628 370 φαμιλία
642 335 732 362 αὐτῶν
748 334 900 370 ἐκοιμήθη·

114 382 129 408 ὸ
146 382 174 408 δὲ
189 383 259 418 ἀνὴρ
281 383 365 417 αὐτῆς
390 383 423 409 ἐκ
441 382 488 409 τοῦ
502 382 601 409 πολλοῦ
619 382 700 408 πότου
725 382 900 416 ἀφύπνωσεν.

121 426 153 452 Ἦ
171 426 198 452 δὲ
209 426 295 453 Γυκεα
318 426 411 454 ἰδοῦσα
424 426 518 453 τοῦτον
532 427 707 462 κοιμηθέντα,
723 427 831 461 εὐφυῶς
856 428 902 454 τὸν

117 470 234 497 κοιτῶνα
263 471 302 506 τῷ
328 471 437 506 κλειδίῳ
463 471 633 507 ἠσφαλίσατο
648 472 834 499 ἀποκλεισασα
856 473 902 499 τδν

117 516 212 551 ἄνδρα,
229 518 276 544 καὶ
293 518 462 545 κατελθοῦσα
477 519 510 545 ἐκ
531 519 577 545 τοῦ
594 518 670 546 οἴκου
688 519 736 545 σὺν
756 520 816 551 ταῖς
838 528 902 546 κου-

118 562 305 597 εἰικουὶαρὶαις
335 564 430 599 αὐτῆς,
460 564 605 597 ἐξελθοῦσα
639 565 694 591 τῶν
723 566 903 601 παραπυλίων

119 608 238 644 ἡσύχως,
262 610 309 636 καὶ
337 610 479 641 κλεεσοισα.
500 611 600 643 εὐθέως
623 611 757 646 ἐπέτρεψε
775 613 829 644 τοῖς
854 612 902 646 τῆς

119 654 222 685 πόλεως
244 655 287 681 διὰ
303 655 403 690 τάχους
426 655 595 691 ἐμ6>.ηοἦναι
620 657 650 682 τὴ
674 657 730 692 πῦρ
745 656 836 692 κύκλῳ
857 657 904 683 τοῦ

118 698 204 725 οἴκου.
221 699 370 734 Βληθέντος
387 700 414 726 δὲ
438 701 486 727 τοῦ
511 701 608 736 πυρὸς,
626 702 673 728 καὶ
693 701 740 728 τοῦ
763 703 837 728 οἴκου
857 702 905 728 ἀν-

119 744 261 778 αφθέντος,
275 745 353 771 εἵπου
363 755 404 777 τις
413 747 466 773 τῶν
476 747 574 773 ἔσωθεν
583 747 667 774 ὄντων
679 747 830 783 ἐκπηδῆσαι
844 748 887 775 ἐδυ

119 790 199 824 νήθη,
217 790 233 825 ἢ
248 791 343 817 ἑαυτὸν
365 792 452 826 ῥίψαι,
471 793 523 819 ὑπὸ
539 793 591 819 τῶν
604 793 721 819 πολιτῶν
735 793 904 829 κατεσφάγη.

120 835 174 862 Τοῦ
195 836 224 862 δὲ
240 837 315 863 οῐκου
329 839 428 870 παντὸς
442 840 489 865 καὶ
504 839 558 866 τῶν
571 840 600 865 ἐν
620 839 695 875 αὑτῷ
714 840 766 871 ἓως
790 840 904 874 ἐδάφους

954 240 1076 268 dormire
1086 239 1193 267 distulit
1207 239 1297 274 quoad
1312 238 1414 265 familia
1430 242 1487 266 tota
1502 246 1628 266 somnum
1649 239 1738 274 cepis-

954 291 1015 319 set;
1041 292 1160 320 eumque
1185 286 1314 312 maritum
1334 285 1399 312 vino
1413 284 1541 312 obrutum
1556 285 1678 312 dormire
1695 285 1739 312 vi-

955 332 1042 364 deret,
1054 331 1183 359 obserato
1194 331 1278 358 tacite
1293 331 1422 358 cubiculo
1435 339 1498 358 eum
1513 332 1635 364 inclusit,
1651 332 1740 360 diser-

955 378 1079 413 densque
1090 385 1153 406 eum
1164 378 1308 405 cubilariis
1321 378 1380 405 suis
1391 378 1496 413 placide
1511 386 1620 414 egressa
1634 379 1740 407 {oribus

956 431 1018 451 cum
1039 430 1087 450 cas
1111 423 1268 454 clausisset.
1287 423 1380 450 statim
1405 423 1480 450 cives
1505 431 1586 459 quant
1607 424 1741 452 citissime

956 469 1078 504 undique
1103 469 1212 496 dounun
1249 469 1395 496 incendere
1419 469 1513 504 jussit.
1530 468 1593 503 Igne
1615 477 1680 496 vero
1699 469 1741 497 in-

955 515 1038 551 jecto,
1049 520 1077 542 et
1091 514 1172 542 domo
1186 515 1310 546 incensa.
1327 515 1416 541 sicubi
1432 515 1566 550 quispiam
1585 523 1678 542 eorum
1693 515 1739 550 qui

957 562 1032 588 intus
1047 565 1125 588 erant
1141 561 1291 596 prosiliret,
1305 567 1319 586 a
1331 561 1436 588 citihus
1453 561 1639 588 orciilebatur.
1654 561 1742 596 Atque

958 608 994 634 ita
1014 608 1105 639 domo,
1131 615 1193 634 cum
1215 607 1344 634 omnibus
1363 607 1409 641 qui
1437 607 1463 633 in
1481 614 1512 633 ea
1533 607 1632 634 inclusi
1651 611 1741 638 erant.

958 655 1017 681 solo
1035 659 1115 681 tenus
1134 657 1242 687 exusta,
1258 653 1483 680 (Lhersonitarum
1505 653 1600 680 urbem
1619 654 1653 681 ab
1675 654 1743 682 insi-

957 701 1112 727 diatoribus
1124 700 1299 735 Bosporianfs
1315 699 1385 726 Deus
1399 700 1528 727 servavit.
1540 700 1624 735 Gycia
1639 705 1742 732 autem,

957 755 1021 773 eum
1036 747 1160 777 domum,
1175 753 1235 780 qua
1252 745 1464 780 conﬁngrarerat
1475 766 1482 778 ,
1500 750 1656 774 restaurare
1669 746 1744 774 cives

959 793 1070 825 vellent,
1088 800 1141 820 non
1165 793 1311 827 permisit;
1326 793 1390 826 quin
1407 793 1497 827 potius
1512 792 1607 820 sordes
1623 800 1654 819 ac
1671 797 1743 820 sterr

962 846 1026 866 cora
1054 846 1150 866 omnes
1177 839 1240 865 illuc
1265 846 1431 873 congregare
1455 839 1549 873 jussit,
1578 843 1608 865 ut
1633 842 1688 866 tota
1710 838 1745 866 iis

121 882 376 917 καταφλεχθέντων,
390 883 521 911 διέσωσεν
535 885 551 911 δ
569 885 636 917 Θεὸς
659 886 709 921 τὴν
728 885 906 921 Χερσωνιτῶν

963 885 1130 917 obrueretur,
1142 889 1239 919 utpote
1255 885 1281 912 in
1300 892 1353 920 qua
1371 885 1468 920 positu:
1482 885 1541 912 urbi
1557 885 1662 913 insidiae
1681 885 1746 914 fuis-

122 926 199 952 πόλιν
218 928 250 953 ἐκ
271 927 327 954 τῶν
343 928 495 956 ἐπιδούλων
509 930 712 965 Βοσποριανῶν.
732 931 763 958 Ἦ
778 931 806 958 δὲ
822 931 908 957 rexi:

118 970 293 1006 βουλομένων
306 973 361 1000 τῶν
377 974 494 1001 πολιτῶν
511 975 559 1011 την
575 975 807 1012 καταφλεχθεῖσαν
823 977 908 1012 αὐτῆς

121 1017 208 1044 οἰκίαν
223 1018 329 1053 ὀρύξαι,
350 1021 398 1046 καὶ
422 1020 541 1056 καθᾶραι
557 1022 603 1048 τὸν
619 1022 701 1048 τόπον
724 1021 792 1058 πρὸς
807 1022 908 1049 οἰκοδο-

121 1062 187 1097 μὴν,
199 1063 249 1090 οὐκ
262 1064 370 1091 εἴασεν·
388 1065 456 1092 ἀλλὰ
471 1067 570 1102 μᾶλλον
585 1067 718 1103 ἐπέτρεψε
735 1067 809 1103 πάσῃ
830 1068 907 1095 πόλει

124 1107 218 1143 φέρειν
231 1109 347 1137 ἕκαστον
361 1111 450 1138 αὐτῶν
466 1115 512 1140 καὶ
525 1113 631 1149 ἐκχέειν
650 1113 744 1141 αὐτόθι
757 1113 806 1149 τὴν
817 1115 907 1141 πᾶσαν

123 1153 214 1181 αὐτῶν
242 1156 369 1191 κοπρίαν,
395 1158 463 1193 πρὸς
486 1159 516 1185 τδ
540 1160 569 1186 ἐν
588 1160 677 1192 αὐτοῖς
699 1160 909 1195 καταχωσθῆναι

122 1199 172 1234 τὴν
192 1201 281 1228 πᾶσαν
300 1203 385 1237 αὐτῆς
406 1203 525 1239 οἴκησιν,
543 1204 581 1236 ὡς
606 1205 674 1241 πρὸς
699 1206 845 1241 ἐπιϐουλὴν
859 1206 909 1241 τῆς

123 1245 228 1277 πόλεως
244 1250 392 1284 γενομένην
402 1258 408 1264 ·
427 1250 466 1276 διὸ
480 1252 525 1278 καὶ
541 1251 643 1286 ἐκλήθη
658 1252 672 1278 ὁ
686 1251 770 1283 τόπος
780 1252 911 1288 Λαμάχου

959 935 1036 964 sent;
1064 931 1134 958 unde
1150 936 1177 958 et
1195 931 1222 958 in
1243 930 1316 958 hunc
1339 938 1425 966 usque
1445 931 1515 957 diem
1537 930 1664 958 Lamncbi
1683 940 1746 967 spe-

960 976 1032 1009 cula,
1051 976 1128 1004 locus
1144 976 1189 1004 ille
1205 976 1365 1012 appellatur.
1384 977 1432 1004 llis
1452 977 1534 1011 igitur
1557 977 1686 1004 omnibus
1703 977 1744 1005 sic

959 1022 1056 1057 gestis,
1075 1022 1199 1050 videntes
1219 1023 1390 1050 Chersonitae
1408 1022 1543 1050 inﬁnitam
1568 1022 1659 1058 Gycia:
1685 1028 1746 1058 post

961 1068 1046 1096 Deum
1063 1068 1089 1095 in
1111 1068 1187 1103 ipsos
1201 1068 1419 1101 beneﬁcentiam,
1436 1076 1497 1103 qua:
1515 1069 1642 1097 omnibus
1663 1070 1746 1098 rebus

961 1114 1019 1142 suis
1035 1113 1151 1140 salutem
1167 1113 1244 1140 urbis
1260 1113 1394 1147 potiorem
1417 1112 1557 1146 habuerat,
1577 1113 1646 1148 grati
1662 1114 1746 1140 animi

960 1168 1026 1197 ergo
1037 1161 1106 1189 duas
1120 1169 1153 1189 ex
1168 1168 1222 1188 aere
1237 1165 1342 1188 statuas
1357 1160 1384 1188 in
1399 1160 1528 1187 honorem
1540 1159 1600 1194 ejus
1613 1159 1638 1186 iu
1657 1159 1746 1195 platea

963 1209 1041 1236 urbis
1059 1213 1220 1244 posuerunt,
1234 1208 1409 1243 juveneulam
1426 1212 1505 1235 relate
1519 1212 1746 1242 repraesentantes

957 1261 1020 1281 cum
1035 1253 1092 1280 hinc
1103 1253 1268 1284 acciderent,
1285 1252 1516 1287 ostendentesque
1535 1252 1587 1280 hac
1602 1260 1630 1279 re
1647 1252 1747 1280 ineu‘a-

125 1290 218 1328 Σκοπὴ
233 1293 285 1325 ἕως
306 1295 355 1329 τῆς
374 1295 504 1331 σήμερον.
529 1296 638 1324 Τούτων
659 1297 706 1325 οὖν
728 1297 855 1325 ἁπάντων
868 1306 910 1332 γε-

963 1299 1043 1327 bilem
1065 1299 1124 1334 ejus
1145 1297 1351 1326 beneﬁcentiam
1371 1305 1548 1334 ameremque
1569 1306 1634 1334 erga
1661 1299 1746 1331 cives,

125 1337 255 1371 νομένων,
279 1339 379 1372 ἰδόντες
391 1342 415 1368 ol
432 1342 602 1377 Χερσωνῖται
621 1343 670 1378 τὴν
683 1344 811 1380 τοιαύτην
832 1344 910 1371 ἄπει-

123 1391 172 1418 ρον
188 1383 239 1410 ὑπὸ
251 1386 300 1419 τῆς
314 1386 416 1419 Γυκίας
429 1389 468 1420 εις
483 1389 582 1421 αὐτοὺς
596 1389 666 1424 μετὰ
680 1389 746 1416 Θεὸν
762 1390 911 1425 γενομένην

965 1353 1027 1380 qua:
1044 1345 1071 1372 in
1082 1344 1197 1380 juvenili
1209 1347 1288 1371 a-late
1303 1344 1452 1372 constituta
1470 1343 1506 1370 ita
1517 1343 1638 1379 prudens
1655 1343 1747 1376 fuerit,

965 1394 995 1418 ut
1010 1390 1125 1425 patriam
1140 1397 1215 1417 suam
1232 1393 1293 1425 post
1309 1389 1392 1416 Deum
1408 1390 1621 1417 eonservaverit.

124 1429 295 1465 εὖξργεσέαν,
324 1433 370 1459 καὶ
393 1433 434 1460 ὅτι
454 1435 560 1466 οὐδενὸς
575 1435 629 1462 τῶν
643 1436 728 1471 αὐτῆς
750 1437 780 1462 τὺ
804 1436 914 1463 σύνολον
932 1436 1068 1471 ἐφείσατο,
1085 1436 1151 1463 ἀλλὰ
1164 1435 1212 1471 τὴν
1231 1435 1368 1471 σωτηρίαν
1383 1436 1434 1470 τῆς
1465 1435 1567 1468 πόλεως
1598 1436 1749 1471 προετιμήο

127 1484 201 1507 σατο,
221 1477 290 1514 ὑπὲρ
307 1480 356 1514 τῆς
371 1480 498 1516 τοιαύτης
512 1481 722 1516 μισθαποδοσίας
736 1482 782 1509 δύο
796 1483 913 1519 χαλκοῦς
930 1483 1092 1518 ἀνδριάντας
1134 1483 1201 1518 πρὸς
1229 1483 1312 1518 τιμὴν
1335 1482 1421 1517 αὐτῆς
1442 1482 1473 1509 ἐν
1503 1483 1537 1517 τῇ
1563 1482 1677 1517 πλατείᾳ
1699 1483 1749 1518 τῆς

127 1522 231 1554 πέλεως
244 1524 403 1561 ἀνήγειραν,
421 1528 571 1560 νεάζουσαν
585 1530 670 1565 αὐτὴν
693 1532 727 1566 τῇ
743 1530 836 1566 ἡλικίᾳ
858 1530 1039 1562 δεικνύοντες,
1069 1530 1131 1558 καθ’
1168 1530 1197 1557 ὃν
1221 1529 1316 1564 καιρὸν
1329 1527 1362 1564 ἦν
1382 1529 1444 1555 τότε
1485 1529 1682 1564 συμῦαίνουσα,
1717 1531 1747 1558 ἐν

127 1567 233 1600 ταύταις
256 1569 425 1604 δεικνύοντες
441 1574 489 1600 καὶ
503 1573 553 1609 τὴν
566 1575 651 1610 αὐτῆς
674 1575 778 1610 ἄφατον
804 1576 965 1611 εὐεργεσίαν
980 1576 1028 1603 καὶ
1043 1577 1161 1611 στοργὴν
1176 1577 1240 1612 περὶ
1256 1576 1319 1607 τοὺς
1338 1576 1459 1608 πολίτας,
1474 1575 1515 1603 ὅτι
1543 1576 1591 1603 καὶ
1624 1577 1653 1604 ὲν
1688 1578 1750 1612 ἡλι-

128 1615 176 1650 κῖᾳ
190 1614 238 1650 νέᾳ
249 1613 316 1643 οὖσα
327 1616 413 1649 οὕτως
428 1619 561 1654 ἐφρόνησε
571 1620 620 1656 τὴν
635 1620 704 1648 ὶδίαν
715 1622 832 1657 πατρίδα
847 1621 918 1657 μετὰ
936 1621 1004 1649 Θεὺν
1019 1622 1184 1656 περισῶσαι.

171 1663 215 1690 Ἐν
231 1665 281 1699 μὲν
295 1665 352 1700 γὰρ
367 1666 400 1701 τῇ
426 1668 475 1702 μιᾷ
495 1668 580 1704 στήλη
605 1668 754 1704 σωφρόνως
773 1668 857 1710 αὐτὴν
868 1677 910 1696 κι-

1000 1670 1038 1696 Ac
1053 1669 1080 1696 in
1097 1676 1150 1696 una
1164 1669 1272 1704 quidem
1289 1668 1469 1704 compositam
1489 1676 1548 1696 eam
1569 1673 1750 1705 ornatamque

129 1709 357 1746 καλλωπισμένην
380 1712 537 1748 στήσαντες,
568 1713 616 1741 καὶ
633 1714 668 1741 τὰ
690 1714 739 1750 τῆς
767 1713 913 1750 ἐπιδουλῆς

131 1756 179 1783 τοῦ
201 1757 301 1783 οἰκείου
316 1756 412 1793 ἀνδρὸς
433 1760 489 1791 τοῖς
511 1759 633 1790 πολίταις
656 1760 840 1795 ὲμφαίνουσαν
854 1768 862 1776 ο
885 1760 915 1787 ἐν

126 1803 158 1830 δὲ
177 1804 210 1839 τῇ
242 1804 325 1840 ἑτέρᾳ
349 1805 495 1839 ἐναγώνιον
517 1806 602 1842 αὐτὴν
627 1807 673 1833 καὶ
703 1807 913 1842 ἐπαμυωμένην

130 1849 200 1875 κατὰ
225 1849 279 1876 τῶν
300 1850 351 1885 τῆς
373 1851 477 1884 πόλεως
498 1853 649 1880 ἐπιδούλων
670 1853 912 1886 ἀποδεικνύοντες·

128 1897 160 1922 ἐν
180 1895 221 1928 οἷς
242 1897 289 1924 καὶ
307 1897 466 1933 ἐπέγραψαν
484 1899 513 1926 ὲν
529 1901 563 1935 τῇ
589 1899 636 1927 τοῦ
657 1900 814 1935 ἀνδριάντος
829 1901 914 1935 αὐτῆς

130 1942 218 1977 βάσει,
238 1942 347 1970 ἃπασαν
358 1943 407 1978 τὴν
420 1944 465 1970 ὑπ’
481 1944 566 1980 αὐτῆς
584 1945 652 1980 μετὰ
673 1945 739 1972 Θεὸν
764 1945 915 1980 γινομένην

128 1990 187 2020 τοῖς
214 1988 337 2020 πολίταις
360 1990 528 2025 εὐεργεσίαν.
553 1991 638 2027 Εἴπερ
666 1992 758 2027 μέλλει
784 2000 826 2023 τις
845 1989 915 2018 εῖναι

131 2034 285 2068 φιλόκαλος,
308 2036 357 2070 τῆς
372 2036 456 2072 αὐτῆς
474 2037 593 2073 συνεχῶς
609 2037 679 2067 κατὰ
697 2038 792 2074 καιρὸν
804 2039 853 2073 τὴν
867 2038 916 2073 βά-

131 2088 176 2106 σιν
201 2081 368 2116 ἀποσμήχει,
392 2081 460 2117 πρὸς
474 2082 523 2118 τὴν
547 2082 601 2109 τῶν
621 2084 651 2109 ἐν
671 2082 739 2118 αὐτῇ
763 2083 916 2118 γενομένων

130 2126 284 2161 ἀνάγνωσίν
297 2136 325 2154 τε
344 2127 391 2154 καὶ
406 2128 560 2164 ὑπόμνησιν
574 2129 630 2156 τῶν
643 2129 690 2156 ὑπ’
703 2128 789 2164 αὐτῆς
803 2129 917 2164 γενομέ-

131 2183 195 2207 νων,
214 2174 324 2210 ἔλεγχον
338 2175 366 2202 δὲ
383 2176 438 2202 τῶν
453 2175 603 2203 ἐπιδούλων
620 2175 819 2211 Βοσποριανῶν.
840 2176 918 2203 Μετὰ

129 2219 158 2245 δὲ
171 2219 284 2254 χρόνους
299 2221 376 2253 τινὰς
389 2220 656 2255 στεφανηφοροῦντπ
672 2222 719 2248 καὶ
732 2221 917 2256 πρωτεύοντος

130 2265 185 2292 τῶν
197 2266 376 2302 Χερσωνιτῶν
393 2267 576 2302 Στρατοφιλου
593 2267 640 2294 τοῦ
656 2267 834 2302 Φιλομούσου,
847 2268 917 2294 πάνυ

133 2312 275 2347 σοφωτάτη
287 2311 355 2339 οὖσα
366 2313 382 2348 ἡ
397 2313 492 2345 Γυκῐα,
505 2313 552 2340 καὶ
568 2312 682 2339 θέλουσα
696 2313 842 2347 δοκιμάσαι
855 2314 917 2344 τοὺς

132 2357 316 2392 Χερσωνίτας,
344 2359 392 2386 καὶ
416 2359 528 2393 γνῶναι,
548 2360 571 2385 ει
597 2359 651 2394 ἄρα
669 2358 777 2394 ἀληθῶς
799 2358 917 2393 μέλλωσι

131 2401 180 2437 τὴν
202 2403 249 2429 τοῦ
273 2403 353 2439 ὅρκου
380 2405 525 2440 ὑπόσχεσιν
553 2404 718 2440 ἐκπληροῦν,
743 2405 789 2431 καὶ
804 2404 916 2432 θάπτειν

132 2447 218 2483 αὐτὴν
231 2449 259 2474 ὲν
276 2449 350 2484 μέσῳ
362 2449 411 2484 τῆς
423 2451 536 2483 πόλεως,
550 2450 765 2485 συλλογισαμένη
781 2449 849 2484 μετὰ
862 2448 916 2476 τῶν

134 2493 285 2520 παιδισκῶν
295 2494 392 2529 αὐτῆς,
408 2495 535 2530 ἐποίησεν
550 2496 650 2530 ἑαυτὴν
665 2495 726 2522 τινὰ
738 2485 919 2530 ὰηδιζομένην

134 2539 181 2566 καὶ
199 2539 402 2566 ἀποθανοῦσαν·
428 2542 475 2567 καὶ
500 2541 665 2575 κηδεύσασαι
690 2540 774 2576 αὐτὴν
786 2541 814 2567 al
831 2540 920 2567 παιδί-

136 2594 210 2617 σκαι.
237 2586 376 2620 ἐμήνυσαν
390 2587 445 2618 τοῖς
459 2587 581 2618 πολίταις
595 2587 734 2621 λέγουσαι,
753 2587 794 2613 ὅτι
821 2586 851 2614 ’11
871 2595 920 2613 κυ-

136 2633 181 2668 ρια
201 2632 279 2667 ἡμῶν
309 2632 478 2667 ἐτελεύτησε,
508 2633 556 2659 καὶ
580 2634 609 2659 ἐν
636 2634 704 2668 ποίῳ
726 2632 801 2667 τόπῳ
828 2632 919 2668 μέλλει

135 2679 296 2711 θάπτεσθαι,
310 2677 467 2710 ὑποδείξατε
477 2679 552 2714 ἡμῖν.
566 2680 597 2706 Οἱ
610 2679 637 2705 δὲ
653 2679 822 2714 Χερσωνῖται
837 2678 919 2705 ἀκού-

135 2733 231 2756 σαντες
245 2725 285 2751 ὅτι
303 2725 434 2759 τέθνηκεν
453 2725 469 2760 ἡ
490 2724 583 2756 Γυκία,
600 2724 764 2758 σκεψάμενοι
780 2724 841 2750 καθ’
857 2724 920 2751 ἐαυ-

133 2771 208 2802 τοὺς,
223 2770 273 2797 οὐκ
296 2771 335 2796 ἔτι
353 2770 383 2796 τὸ
406 2770 496 2796 ἱκανὸν
515 2769 562 2796 τοῦ
585 2770 666 2805 ὅρκου
688 2770 825 2796 ἔσπευσαν
841 2770 919 2803 ποιῆ-

134 2825 191 2848 σαι,
204 2815 274 2843 ὣστε
290 2818 319 2843 ἐν
336 2817 412 2851 μέσῳ
424 2817 472 2851 τῆς
486 2816 588 2847 πόλεως
606 2816 690 2851 αὐτὴν
706 2816 836 2850 ταφῆναι,
853 2815 920 2842 ἀλλὰ

133 2862 250 2899 ἄραντες
275 2862 360 2899 αὐτὴν
383 2863 533 2898 ἐξήνεγκαν
556 2862 608 2897 ἔξω
630 2862 680 2898 τῆς
705 2862 809 2893 πόλεως
837 2861 920 2897 αὐτὴν

964 1713 1139 1746 elliuxerunt,
1157 1718 1184 1741 et
1203 1713 1294 1741 mariti
1319 1714 1433 1741 insidias
1458 1714 1565 1741 civibus
1584 1716 1751 1749 patefacien-

965 1763 1038 1791 tem;
1055 1760 1082 1787 in
1098 1759 1182 1786 altera
1202 1767 1277 1791 vero,
1295 1760 1427 1787 certantis
1447 1758 1552 1791 habitu,
1574 1760 1745 1796 insidiasque

965 1805 1099 1833 adversus
1108 1805 1183 1833 cives
1193 1805 1359 1832 vindicantis
1374 1812 1432 1832 eam
1449 1811 1680 1841 repra'scntarunt
1695 1816 1702 1834 :
1721 1808 1747 1834 in

965 1852 1024 1880 basi
1054 1857 1144 1879 autem
1179 1855 1264 1878 totam
1301 1851 1426 1879 beneﬁcii
1449 1852 1483 1879 ab
1505 1859 1536 1880 ea
1557 1853 1662 1881 civibus
1690 1860 1751 1888 post

967 1897 1051 1926 Deum
1066 1897 1180 1933 praestiti
1199 1897 1340 1925 historiam
1360 1897 1570 1933 inscripserunt.
1590 1898 1622 1925 Et
1640 1899 1663 1926 si
1688 1900 1750 1935 quis

967 1943 1074 1972 honesti
1095 1943 1232 1971 amantior
1254 1942 1346 1971 haberi
1365 1944 1453 1978 cupit,
1476 1943 1553 1971 basin
1572 1944 1644 1971 illam
1661 1953 1751 1979 quan-

965 1990 1057 2025 doque
1072 1994 1179 2025 purgat,
1203 1993 1231 2016 ut
1254 1989 1306 2024 legi
1326 1989 1423 2024 possit,
1443 1990 1477 2017 ad
1502 1990 1686 2017 renovandam
1709 1992 1750 2018 rei

966 2041 1050 2072 geste
1082 2036 1253 2069 memoriam,
1271 2040 1298 2063 et
1316 2036 1501 2064 ostendendas
1521 2035 1750 2071 Bosporianorum

966 2082 1093 2110 insidias.
1123 2082 1234 2117 Aliquot
1265 2089 1330 2109 vero
1360 2083 1440 2110 annis
1474 2087 1544 2117 post,
1567 2084 1750 2119 principatum

967 2127 1194 2155 Chersonitarum
1216 2131 1324 2155 tenente
1345 2135 1376 2155 ac
1398 2132 1561 2163 proteuonte
1585 2129 1751 2164 Stratophilo

969 2173 1120 2201 Philomusi
1139 2173 1205 2207 ﬁlio,
1228 2181 1289 2201 cum
1312 2174 1524 2209 prudentissima
1542 2177 1656 2203 omnino
1668 2176 1752 2212 Gycia

966 2224 1052 2252 esset,
1070 2223 1097 2247 et
1109 2219 1228 2254 experiri
1246 2219 1428 2248 Chersonitas
1447 2220 1538 2254 vellet,
1557 2229 1589 2249 ac
1607 2222 1678 2250 scire
1706 2230 1752 2255 an,

970 2265 1050 2301 156
1074 2265 1147 2300 quod
1173 2272 1235 2292 cum
1256 2265 1414 2299 juramento
1428 2266 1621 2301 promiserant,
1644 2266 1752 2301 facturil

969 2312 1111 2347 ipsamque
1128 2311 1154 2338 in
1172 2311 1261 2338 medio
1272 2311 1347 2339 urbis
1357 2311 1492 2347 sepulturi
1512 2316 1615 2346 essent,
1632 2320 1755 2340 commu-

971 2358 1063 2386 nicato
1077 2365 1139 2385 cum
1161 2358 1259 2392 puellis
1274 2357 1331 2385 suis
1350 2357 1479 2390 consilio,
1496 2358 1579 2386 veluti
1597 2359 1708 2386 tristitia
1721 2367 1753 2387 ex

971 2404 1053 2432 rebus
1068 2403 1232 2438 quibusdam
1253 2407 1383 2439 concepta
1401 2409 1536 2431 mortuam
1559 2412 1588 2432 se
1604 2405 1752 2438 simulavit,

971 2455 999 2479 et
1023 2455 1121 2478 curato
1147 2450 1207 2485 ejus
1239 2449 1337 2478 funere
1364 2451 1461 2485 puellae
1491 2450 1597 2478 civibus
1631 2451 1754 2479 indicant

970 2497 1071 2525 obiisse
1091 2497 1230 2525 dominam
1255 2504 1353 2529 suam,
1369 2496 1462 2531 itaque
1488 2496 1579 2524 locum
1609 2497 1756 2532 sepultum

970 2542 1153 2578 assignarent.
1193 2542 1364 2570 Chersonits
1397 2549 1462 2569 vero
1495 2542 1634 2570 intellecta
1664 2543 1755 2579 Gyeiu:

969 2592 1068 2620 morte,
1090 2594 1152 2615 cum
1173 2587 1246 2614 inter
1263 2594 1292 2614 se
1308 2586 1516 2619 deliberassent,
1539 2588 1662 2623 neglecto
1680 2589 1756 2623 jura-

969 2637 1071 2666 mento;
1089 2640 1145 2667 quo
1164 2633 1190 2659 in
1209 2632 1297 2660 inedia
1316 2632 1384 2659 urbe
1405 2632 1594 2666 sepeliendam
1619 2634 1756 2668 promisc-

969 2683 1041 2712 rant,
1058 2683 1135 2705 extra
1153 2678 1248 2705 urbem
1263 2685 1323 2705 eam
1344 2677 1514 2710 extulerunt,
1537 2682 1568 2705 ut
1585 2679 1641 2706 illic
1657 2679 1757 2714 sepeli-

971 2729 1039 2752 rent.
1055 2724 1178 2759 Cumque
1189 2724 1245 2758 jam
1257 2723 1399 2758 depositus
1414 2727 1487 2751 esset
1502 2724 1536 2751 ad
1551 2728 1756 2752 monumentum

970 2770 1097 2801 lectulus,
1123 2769 1232 2804 erigens
1256 2777 1296 2800 se,
1324 2769 1453 2804 civesque
1475 2776 1571 2796 omnes
1591 2769 1757 2805 circumspi-

971 2817 1058 2848 ciens,
1075 2816 1211 2848 llmeeinc,
1228 2816 1327 2850 inquit,
1344 2820 1434 2843 vestra
1449 2823 1509 2842 cum
1522 2815 1677 2849 juramento
1693 2816 1757 2844 data

972 2861 1059 2889 ﬁdes?
1074 2861 1110 2889 ita
1126 2860 1153 2887 in
1167 2860 1297 2888 omnibus
1313 2867 1425 2888 veraces
1442 2859 1530 2887 estis?
1547 2858 1603 2887 lleu
1622 2859 1649 2887 in
1665 2864 1758 2895 poste-
