1938 3070
217 136 271 169 ΗΞ)

727 129 980 162 CONSTANTINl
992 128 1272 159 PORPHYROGEN
1278 129 1330 158 ITI

1787 130 1841 162 420

216 199 276 220 rum
290 190 314 218 ei
335 189 380 225 qui
397 188 449 216 citi
469 186 638 215 Chersonitm
659 185 817 213 crediderit.
834 186 868 212 At
883 185 1002 213 Cherso-

1058 184 1184 218 ταφῆναι.
1207 182 1398 214 Ἀποτεθέντος
1420 183 1448 209 δὲ
1475 183 1521 210 τοῦ
1547 183 1686 219 κραϐἇιτου
1713 184 1782 219 πρὸς

216 239 280 266 uita:
303 237 430 270 deceptos
455 243 485 262 se
505 235 540 262 ab
564 235 610 261 illa
637 233 770 265 videntes,
802 233 998 260 erubescentes

216 290 299 318 supra
325 282 447 314 modum,
467 280 541 316 quod
566 280 646 308 ﬁdem
670 279 761 307 datam
782 286 837 306 non
853 279 999 307 observas-

215 332 283 361 sent,
299 331 431 362 rogarunt
445 326 485 353 uti
498 329 613 358 taceret,
633 329 660 353 et
679 324 771 352 delicti
792 324 876 359 hujus
891 324 998 351 veniam

215 374 303 405 daret,
324 381 413 408 neque
433 372 550 400 ulterius
573 372 768 406 exprobraret;
796 375 879 405 atque
900 370 1000 398 iterato

215 423 388 447 sacramento
403 426 434 446 se
459 418 679 450 obstrinxerunt,
699 417 728 444 in
748 416 836 444 media
852 417 930 449 urbe,
945 424 1000 444 non

216 469 293 493 citra
311 472 384 496 eam,
411 463 567 498 sepulcrum
581 463 706 494 daturos,
727 461 800 497 quod
819 465 846 489 et
866 463 1000 489 fecerunt.

216 509 284 536 Nam
299 509 388 536 adhuc
402 508 513 540 viventi,
523 516 604 543 quem
618 507 676 543 ipsa
687 508 777 534 locum
790 506 894 534 tumulo
905 507 1002 541 elegis-

217 560 269 588 set,
284 562 345 581 eum
361 554 505 585 dederunt,
522 558 694 588 statuamque
707 561 738 581 ex
751 561 804 580 aere
819 552 931 579 alteram
943 559 1002 579 ere-

219 605 328 632 xerunt,
341 607 422 634 quam
448 600 601 627 inauratam
614 600 692 634 juxta
712 599 868 634 sepulcrum
884 598 1003 625 colloca-

219 649 328 677 verunt,
353 649 383 671 nt
411 644 560 679 pleniorem
587 645 665 671 tidem
695 644 826 671 facerent.
854 642 1000 669 Sciendum

218 698 284 717 vero
308 693 350 717 est
377 695 454 717 extra
483 690 578 717 urbem
606 689 788 716 Tamatarcba
813 689 914 716 multos
941 695 1002 715 esse

219 736 319 769 fotites,
342 736 388 771 qui
409 735 566 763 bibentibus
582 736 672 763 ulcera
691 735 718 762 in
735 742 844 762 summo
860 741 908 761 ore
926 734 1002 761 exci-

219 784 278 808 tent
295 790 301 808 :
319 781 359 808 sic
377 788 486 816 quoque
503 780 529 807 in
544 781 637 808 Zichia
653 780 686 807 ad
702 780 792 807 locum
809 780 856 814 qui
873 779 944 814 Page
959 779 1002 806 di-

219 827 302 859 citur,
318 834 416 854 versus
433 827 590 862 Papagiam,
609 826 652 853 ubi
666 825 740 853 Zichi
755 826 888 856 habitant.
904 833 1000 853 novem

1053 229 1148 265 μνῆμα
1173 229 1364 256 ἀνακαθίσασα
1384 230 1400 264 ή
1422 229 1442 255 Γ
1444 229 1517 261 υκία,
1543 230 1589 256 καὶ
1615 230 1840 265 περιϐλεψαμὲνη

1050 274 1156 306 πάντας
1182 275 1245 305 τοὺς
1267 274 1389 306 πολίτας,
1419 274 1509 308 λέγει·
1541 274 1615 310 Αὕτη
1642 276 1718 310 ὑμῶν
1735 277 1841 311 ἐστινὴ

1053 319 1123 355 μετὰ
1136 320 1218 354 ὅρκου
1233 319 1396 354 ὑπόσχεσις
1419 320 1506 351 οὓτως
1528 320 1674 355 ἀληθεύετε
1697 322 1762 356 περ).
1776 321 1844 348 πάν-

1050 373 1123 399 των;
1140 365 1228 393 ἀὸάλα
1253 366 1308 402 (86)
1327 367 1420 393 λοιπὸν
1438 367 1477 402 τῷ
1497 368 1650 395 πιστεύοντι
1678 369 1841 404 Χερσωνίτῃ

1053 411 1160 446 πολίτῃ.
1184 411 1217 438 Οἱ
1242 412 1271 438 δὲ
1290 413 1461 447 Χερσωνῖται
1488 413 1586 445 ἰδόντες
1611 414 1660 448 τὴν
1685 414 1731 440 ὑπ’
1754 415 1841 448 αὐτῆς

1054 457 1203 493 γενομένην
1215 458 1306 485 αὐτῶν
1325 458 1434 493 χλεύην,
1446 459 1634 494 αἰσχυνθέντες
1648 461 1775 495 μεγάλως
1795 461 1842 486 ὲπὶ

1051 503 1090 538 τῷ
1104 503 1226 537 γεγονότι
1238 503 1287 538 τῆς
1303 504 1485 539 παραϐάσεως
1496 506 1649 540 πράγματι,
1669 505 1842 541 παρεκάλουν

1052 550 1137 584 αὐτὴν
1163 549 1249 576 πολλὰ
1266 549 1314 576 τοῦ
1342 550 1488 585 ήσυχάσαι,
1507 551 1553 577 καὶ
1575 552 1774 586 παραχωρῆσαι
1792 552 1842 578 αὖ·

1051 596 1107 627 τοῖς
1131 595 1162 621 τὸ
1176 597 1308 630 πταῖσμα,
1328 596 1375 621 καὶ
1398 596 1436 631 μὴ
1459 597 1506 623 ἐπὶ
1523 597 1614 624 πλεῖον
1639 597 1778 629 ὀνειδίζειν
1792 599 1843 624 αὖ·

1052 642 1118 672 τοῖς.
1136 641 1235 668 Λοιπδν
1258 641 1395 676 δευτέροις
1420 642 1512 676 ὅρκοις
1533 643 1617 678 αὐτὴν
1641 643 1838 673 ἐπιστώσαντο,

1052 688 1123 714 ὥστε
1142 688 1241 723 μηκέτι
1257 688 1309 720 ἔξω
1323 688 1374 722 τῆς
1389 688 1492 716 πόλεως
1517 687 1602 722 θάψαι
1621 688 1716 723 αὐτὴν,
1739 689 1797 715 ἀλλ’
1811 690 1841 714 ὲν

1055 734 1128 769 μέσῳ
1142 735 1192 769 τῆς
1207 733 1320 764 πόλεως.
1338 733 1352 760 ὃ
1373 733 1405 768 δὴ
1424 733 1471 760 καὶ
1486 733 1628 768 ἐποίησαν.
1652 734 1707 761 Καὶ
1726 734 1780 768 γὰρ
1794 735 1842 760 αξι-

1052 780 1100 814 τῆς
1115 779 1204 814 ζώσης
1218 779 1257 805 ἐτι
1277 780 1305 805 ὲν
1317 776 1339 812 ᾧ
1351 780 1427 814 τόπῳ
1442 779 1591 814 ῄρετίσατο.
1601 779 1651 814 τὴν
1666 779 1743 814 σορὸν
1755 780 1842 814 αὐτῆς

1053 826 1212 860 ἐστήσαντο,
1227 826 1273 852 καὶ
1295 826 1439 861 ἀνδριάντα
1459 825 1559 860 χαλκὸν
1583 826 1629 852 καὶ
1651 825 1744 860 ἓτερον
1768 825 1845 860 ἠγεί-

219 871 309 900 fontes
320 877 394 906 sunt,
409 873 455 908 qui
473 873 563 900 ulcera
582 873 609 899 in
625 879 732 900 summo
751 879 798 899 ore
818 871 937 899 faciant:
956 871 1004 899 sed

1058 880 1117 907 ραν,
1133 872 1180 898 καὶ
1194 871 1287 898 τοῦτον
1299 871 1488 906 χρυσώσαντες
1504 871 1566 906 ἔστη
1573 880 1621 898 σαν
1637 871 1706 906 πρὸς
1717 872 1750 906 τῇ
1768 872 1839 904 ταφῇ

219 925 272 944 non
282 918 407 945 eumdem
422 917 541 945 colorem
559 917 640 944 habet
656 924 752 944 novem
768 917 865 944 horum
886 916 1001 948 fontium

217 962 326 996 oleum;
346 971 407 990 nam
431 963 483 991 hoc
502 963 613 990 rubrum
635 967 688 993 est.
705 963 772 990 illud
793 962 906 995 ﬂavum,
927 962 1001 989 istud

217 1008 391 1044 subnigrum.

1055 917 1141 952 αὐτῆς
1155 917 1223 952 πρὸς
1236 917 1432 952 περισσοτέραν
1449 917 1590 943 πίπτωσιν.
1608 917 1705 943 ’ἰστέον
1726 917 1766 943 ὅτι
1788 916 1843 948 ἔξω

1054 963 1101 989 τοῦ
1122 963 1239 997 κάστρου
1263 963 1432 998 Ταμάταρχα
1454 963 1509 998 (87)
1526 962 1622 989 πολλαὶ
1646 962 1731 996 πηγαὶ
1754 962 1842 996 ὑπάρ-

1056 1016 1132 1043 χουσι
1146 1009 1234 1043 ἇφθαν
1250 1009 1431 1036 ἀναδίδουσαι.
1451 1009 1551 1036 ’ἰστέον
1566 1009 1651 1049 ὖτιρν
1670 1008 1756 1044 Ζηχίᾳ
1772 1008 1841 1044 πρὸς

216 1054 262 1081 τὸν
275 1055 356 1081 τύπον
369 1055 418 1089 τῆς
434 1054 528 1088 Πάγης
543 1053 591 1088 τὴς
610 1052 692 1088 οὔσης
714 1052 782 1088 προς
805 1052 835 1079 τὸ
855 1052 938 1088 μέρος
954 1053 1004 1088 τῆς
1024 1054 1179 1088 Παπαγίας,
1200 1055 1228 1081 ἐν
1241 1051 1262 1088 ᾧ
1275 1055 1432 1082 κατοικοῦσι
1447 1055 1529 1090 Ζηχοὶ
1545 1056 1623 1081 ἐννέα
1655 1055 1742 1089 πηγαί
1771 1056 1843 1081 εἰσιν

217 1099 307 1134 ἄψθαν
328 1099 517 1126 ἀναδίδουσαι⁸
535 1099 603 1134 πλὴν
620 1098 670 1133 οὐχ
693 1097 855 1133 ὁμοχροοῦσι
885 1099 939 1125 τῶν
964 1099 1041 1126 ἐννέα
1058 1100 1154 1135 πηγῶν
1181 1101 1215 1127 τὰ
1241 1100 1329 1133 ἔλαια,
1356 1100 1423 1127 ἀλλὰ
1451 1100 1485 1126 τὰ
1515 1100 1564 1135 μὲν
1598 1100 1627 1133 ἐξ
1655 1099 1744 1126 αὐτῶν
1773 1100 1843 1126 εἰσιν

219 1145 332 1182 ἐρυθρὰ,
352 1144 387 1171 τὰ
400 1144 428 1170 δὲ
442 1144 534 1177 ξανθὰ,
552 1145 586 1170 τὰ
600 1144 627 1170 δὲ
643 1142 829 1179 μελανώτερα.

255 1202 284 1229 ln
299 1202 402 1232 Zicltia.
414 1202 441 1228 in
458 1202 518 1229 loco
526 1202 573 1237 qui
588 1201 686 1237 Ραροεί
702 1202 813 1235 dicitur,
830 1203 872 1231 cui
882 1203 1002 1231 vicinum

219 1249 358 1282 est,quod
378 1247 477 1282 Sapaxi
496 1248 657 1282 appellatur,
675 1248 701 1275 id
721 1252 775 1280 est,
794 1249 893 1283 pulvis,
910 1254 1003 1277 scatu-

220 1295 279 1328 rigo
290 1296 341 1325 est,
351 1300 411 1328 qua:
422 1293 512 1320 ulcera
525 1293 551 1320 in
563 1301 671 1321 summo
682 1301 729 1321 ore
736 1295 834 1322 excitet
845 1304 852 1328 ;
862 1299 1004 1331 exstatque

220 1339 303 1366 altera
319 1338 401 1366 etiam
420 1338 519 1366 ibidem
533 1339 671 1374 scaturigo
687 1339 809 1374 ejusdem
829 1340 956 1368 efﬁcaciae
976 1342 1003 1368 in

219 1393 284 1419 agro
300 1389 460 1419 nuncupato
475 1384 626 1416 Chamuclt,
642 1385 689 1420 qui
709 1393 724 1412 a
738 1386 878 1413 Chamuch
893 1391 1004 1414 auctore

219 1437 269 1457 suo
291 1437 389 1458 nomen
411 1430 502 1458 habet.
525 1430 632 1457 Distant
652 1438 719 1458 vero
739 1431 799 1458 loca
818 1432 875 1458 haec
893 1439 909 1458 a
935 1432 1004 1460 mari

220 1477 309 1510 spatio
327 1476 399 1511 quod
421 1484 475 1503 uno
495 1476 557 1510 quis
577 1475 621 1503 die
646 1476 757 1510 proprio
780 1484 852 1512 equo
869 1477 1005 1505 conﬁcere

1096 1204 1194 1232 ’ἰστέον
1213 1205 1254 1232 ὅτι
1281 1206 1308 1231 ὲν
1327 1205 1413 1241 Ζηχίᾳ
1428 1205 1457 1231 ὲν
1478 1204 1516 1239 τῷ
1533 1205 1608 1240 τόπῳ
1627 1204 1664 1239 τῷ
1684 1203 1845 1240 καλουμένῳ

1057 1250 1178 1285 Πάπαγι,
1198 1252 1227 1278 ὲν
1241 1248 1262 1284 ᾧ
1282 1251 1328 1278 καὶ
1346 1251 1460 1286 πλησίον
1477 1250 1535 1277 ἔστι
1556 1250 1657 1286 χωρίον
1677 1250 1844 1285 ἐπονομαζο-

1058 1305 1136 1332 μενον
1157 1296 1261 1328 Σαπαξὶ
1275 1295 1343 1330 (88),
1363 1296 1377 1322 ὃ
1393 1295 1574 1331 ἑρμηνεύεται
1590 1295 1752 1329 κονιορτὸς,
1771 1295 1844 1321 ἔστιν

1056 1343 1145 1368 ἐκεῖσε
1174 1342 1270 1377 βρύσις
1295 1343 1384 1377 ἄφθαν
1411 1343 1582 1369 ἀναδίδουσα.
1605 1342 1703 1368 ’ἰστέον
1726 1342 1767 1368 ὅτι
1795 1341 1845 1369 καὶ

1057 1388 1137 1423 ἑτέρα
1158 1387 1253 1422 βρύσις
1279 1388 1353 1414 ἐστὶν
1371 1388 1459 1414 ἐκεῖσε
1482 1388 1570 1422 ἄφοαν
1587 1387 1746 1414 ἀναδίδουσα
1761 1388 1790 1413 ἐν
1805 1388 1843 1422 τῷ

1057 1434 1149 1469 χωρίῳ
1170 1434 1208 1469 τῷ
1222 1434 1380 1469 καλουμένῳ
1405 1434 1518 1469 Χαμούχ
1535 1434 1601 1468 (89).
1628 1434 1664 1460 Τὸ
1687 1433 1714 1460 δὲ
1729 1434 1844 1468 Χαμοίιχ

1057 1479 1130 1504 ἐστιν
1153 1478 1237 1513 ὄνομα
1260 1478 1308 1505 τοῦ
1335 1479 1542 1513 συστησαμένου
1569 1478 1684 1514 ἀρχαίου
1700 1478 1794 1513 ἀνδρὸς
1813 1478 1845 1504 τὸ

221 1525 322 1556 posset.
334 1522 362 1548 ln
380 1522 515 1549 Derzenes
525 1529 635 1556 quoque
665 1521 794 1554 themate,
809 1529 893 1558 prope
909 1530 1004 1558 pagum

1058 1525 1174 1560 χωρίον·
1192 1525 1222 1551 τδ
1236 1522 1282 1551 οὖν
1297 1524 1396 1560 χωρίον
1415 1525 1504 1551 έκεῖνο
1522 1523 1566 1550 διὰ
1578 1524 1657 1550 τοῦτο
1672 1524 1772 1558 ἐκλήθη
1787 1523 1845 1549 Χα-

222 1567 324 1601 Sapicii
340 1567 452 1599 dictum,
472 1572 498 1594 et
518 1567 632 1594 alterum
651 1567 787 1602 Episcopii
806 1572 1005 1602 nuncupatum,

223 1613 319 1640 itidem
337 1612 398 1640 fons
420 1617 463 1640 est
483 1614 560 1641 ulcus
579 1614 715 1645 excitans,
737 1618 766 1641 ut
788 1619 815 1642 et
837 1615 864 1641 in
890 1615 1007 1643 themate

223 1658 371 1692 Tziliapert
412 1658 438 1686 in
475 1660 535 1686 loco
560 1660 673 1694 (μείρει
706 1660 765 1695 pagi
798 1660 1005 1688 Srechiabarax.

223 1701 456 1737 Sciendumvero,
474 1706 547 1740 quod
569 1706 592 1734 si
608 1706 755 1740 aliquando
769 1706 941 1734 Cbersonitze
961 1715 1006 1734 re-

222 1749 368 1777 bellionem
386 1754 501 1782 tentent,
518 1755 564 1778 aut
582 1751 756 1786 imperatoris
771 1759 801 1778 se
819 1752 906 1786 jussis
923 1759 1007 1787 oppo-

222 1799 301 1826 nant,
319 1794 410 1821 omnia
428 1802 522 1822 eorum
539 1796 659 1828 carabia,
678 1803 848 1831 qutzecunque
863 1796 1005 1824 invenien-

223 1844 279 1873 tur,
305 1848 368 1868 cum
393 1841 522 1868 oneribus
546 1841 575 1869 in
602 1842 696 1869 urbem
722 1841 858 1869 introduci
887 1841 1005 1875 dcbcnt;

222 1891 313 1914 nautae
328 1894 393 1914 vero
409 1891 591 1922 rectoresque
605 1887 773 1915 Chersonitae
787 1888 814 1916 in
831 1895 968 1916 carcerem
980 1893 1007 1916 et

222 1935 250 1961 in
263 1934 371 1961 vincula
384 1935 495 1969 conjici,
516 1934 594 1970 157
609 1939 692 1970 atque
709 1935 772 1964 inde
788 1939 844 1964 tres
857 1936 1006 1964 Ctesariani

222 1980 342 2016 ablegari
353 1981 464 2014 debent,
478 1989 548 2009 unus
560 1989 655 2010 versus
668 1989 744 2010 oram
758 1982 925 2010 maritimam
949 1983 1007 2010 thc-

222 2027 304 2054 matis
325 2027 562 2061 Armeniacorum,
592 2028 662 2056 alter
681 2036 778 2056 versus
802 2028 1006 2064 Paphlagonia,

222 2072 321 2099 tertius
335 2079 430 2100 versus
443 2072 687 2106 Buccellariorum,
702 2073 749 2109 qui
761 2073 949 2102 Chersonitica
959 2082 1007 2101 ca—

223 2117 299 2144 rabia
319 2119 411 2146 omnia
434 2119 677 2154 comprehendant,
697 2124 725 2147 et
747 2127 779 2148 ea
798 2121 909 2156 quidem
925 2120 1007 2148 simul

222 2169 283 2189 cum
309 2163 441 2191 oneribus
460 2164 488 2191 in
507 2164 600 2192 urbem
625 2165 772 2198 adducant,
798 2166 922 2194 homines
942 2174 1007 2193 vero

223 2208 329 2237 vinctos
357 2210 384 2237 in
410 2210 528 2244 publicis
546 2211 706 2239 carceribus
723 2211 901 2244 concludant,
918 2219 950 2239 ac
972 2211 1006 2239 de

222 2253 267 2286 iis,
286 2259 313 2281 et
332 2254 470 2288 quomodo
485 2255 620 2290 ceperint,
638 2256 768 2283 referant.
786 2257 919 2284 Praeterea
940 2251 1008 2291 prte-

222 2297 289 2326 dicti
304 2299 453 2327 Caesariani
471 2300 643 2334 prohibeant,
661 2309 694 2328 ne
705 2300 921 2337 Paphlagoniraa,
937 2301 1008 2328 Buc-

223 2345 357 2374 cellaricae
374 2353 406 2374 ac
418 2346 539 2374 Pontica:
555 2353 637 2373 naves
650 2346 677 2373 in
695 2346 860 2374 Chersonem
872 2347 1010 2381 trajiciaut

1060 1569 1137 1604 μούχ.
1159 1569 1302 1605 Ἀπέχουσι
1324 1570 1352 1596 δὲ
1371 1569 1395 1596 οἱ
1415 1569 1531 1595 τοιοῦτοι
1555 1569 1632 1595 τέποι
1656 1569 1710 1595 ἀπὸ
1732 1569 1780 1603 τῆς
1795 1568 1846 1595 Oz-

1057 1615 1158 1649 λάσσης
1172 1615 1231 1642 ὁδὸν
1249 1615 1433 1642 ἱδιοκαὸἀλλου
1453 1615 1560 1650 ἡμέρας
1589 1615 1664 1650 μιᾶς.
1685 1614 1782 1641 ’ἰστέον
1803 1614 1845 1641 ὅτι

1057 1662 1086 1687 ἐν
1114 1662 1153 1696 τῷ
1180 1661 1276 1696 Θέματι
1301 1661 1449 1697 Δερξηνῆς,
1475 1661 1587 1696 πλησίον
1611 1660 1659 1687 τοῦ
1685 1660 1785 1695 χωρίου
1811 1661 1846 1686 τὰ

1058 1707 1189 1735 Σαπικίου
1215 1708 1282 1743 (90),
1308 1708 1355 1735 καὶ
1376 1708 1423 1734 τοῦ
1451 1707 1551 1743 χωρίου
1573 1707 1619 1734 τοῦ
1645 1707 1844 1742 ὀνομαζομένου

1064 1755 1249 1787 Ἐπισκοτιίου,
1275 1754 1332 1780 ἔστι
1353 1755 1427 1789 πηγὴ
1446 1753 1533 1788 ἆφθαν
1554 1753 1723 1780 ἀναδίδουσα.
1746 1753 1845 1780 ’ἰστέον

1057 1800 1098 1827 ὅτι
1113 1801 1142 1826 ἐν
1161 1799 1198 1834 τῷ
1218 1799 1317 1834 θέματι
1341 1799 1388 1825 τοῦ
1412 1799 1578 1833 Τζιλιάπερτ
1591 1799 1643 1825 ὑπὸ
1655 1800 1686 1825 τὺ
1701 1799 1799 1833 χωρίον
1815 1799 1846 1824 τὸ

1058 1845 1245 1881 Σρεχιαϐαρὰξ
1266 1845 1339 1871 ἐστιν
1363 1845 1451 1871 ἐκεῖσε
1474 1844 1549 1879 πηγὴ
1565 1844 1653 1878 ἄφοαν
1673 1844 1844 1871 euersam.

1065 1891 1163 1918 ’ἰστέον
1178 1891 1219 1917 ὅτι
1236 1891 1261 1917 εί
1283 1890 1418 1926 ἀντὰρωσί
1444 1899 1509 1918 ποτε
1530 1893 1554 1918 οἰ
1578 1891 1625 1917 τοῦ
1642 1890 1760 1925 κάπρου
1775 1891 1845 1925 Χερ-

1059 1937 1171 1971 σῶνοςῆ
1188 1937 1296 1963 ἐναντία
1313 1936 1368 1971 (91)
1385 1937 1440 1963 τῶν
1453 1936 1600 1971 βασιλικῶν
1619 1936 1768 1963 κελεύσεων
1782 1935 1845 1970 βου-

1057 1982 1160 2018 ληθῶσι
1174 1982 1388 2017 διαπράξασθαι,
1410 1981 1546 2016 ὀφείλουσι
1570 1981 1719 2016 τηνικαῦτα
1733 1981 1782 2007 ὅσα
1798 1981 1844 2007 εὑ-

1060 2027 1174 2063 ρεθῶσιν
1199 2028 1228 2054 ὲν
1254 2029 1287 2063 τῇ
1315 2027 1391 2054 πόλει
1424 2027 1612 2063 Χερσωνιτιιιὰ
1637 2027 1757 2062 καράσια
1774 2026 1844 2062 μετὰ

1057 2073 1104 2101 τοῦ
1125 2074 1211 2109 γόμου
1228 2073 1318 2101 αὐτῶν
1337 2073 1394 2108 (9‘2)
1414 2073 1619 2109 εἰσκομίζεσθαι
1633 2080 1640 2088 ·
1666 2073 1691 2100 οἰ
1708 2073 1736 2099 δὲ
1751 2073 1847 2099 ναῦται

1058 2120 1106 2147 καὶ
1132 2119 1260 2147 ἐπιϐάται
1295 2120 1476 2156 Χερσωνῖται,
1506 2120 1549 2147 ἵνα
1584 2120 1770 2155 δεσμεύωνται
1799 2121 1847 2147 καὶ

1059 2166 1287 2194 ὲναποκλείωνται
1304 2166 1342 2198 εἰς
1353 2165 1388 2192 τὰ
1403 2166 1541 2201 ιργαλεῖα,
1557 2164 1607 2192 εἶθ’
1626 2166 1711 2197 οὕτως
1724 2166 1848 2200 ὀφείλου-

1061 2220 1102 2238 σιν
1114 2211 1300 2246 ἀποσταλῆναι
1314 2213 1387 2247 τρεῖς
1399 2211 1553 2246 βασιλικοί·
1567 2209 1607 2243 εἷς
1625 2213 1674 2247 μὲν
1688 2213 1718 2238 ἐν
1741 2213 1773 2247 τῇ
1794 2220 1848 2238 πα-

1063 2255 1142 2291 ραλίᾳ
1160 2256 1207 2283 τοῦ
1228 2256 1345 2291 θέματος
1359 2256 1413 2283 τῶν
1432 2257 1629 2292 Ἀρμενιακῶν,
1652 2257 1745 2292 ἕτερος
1764 2257 1792 2284 δὲ
1818 2258 1848 2283 ἐν

1061 2303 1094 2337 τῇ
1122 2302 1243 2338 παραλίᾳ
1266 2302 1313 2328 τοῦ
1342 2302 1458 2337 θέματος
1479 2302 1678 2336 Παφλαγονίας,
1704 2302 1752 2329 καὶ
1769 2302 1848 2334 ἄλλος

1064 2347 1092 2372 ὲν
1108 2348 1140 2381 τῇ
1160 2346 1282 2382 παραλίᾳ
1303 2346 1351 2373 τοῦ
1372 2347 1487 2382 θέμτος
1503 2347 1558 2374 τῶν
1578 2347 1790 2382 Βουκελλαρίων,
1805 2347 1849 2374 [va

796 2425 944 2453 ANSELMI
968 2425 1080 2453 BANDU
1087 2424 1130 2452 Rll
1149 2425 1264 2453 NOTAE.

258 2495 315 2531 (86)
324 2494 383 2524 Vox
393 2503 448 2523 non
457 2495 603 2531 intellecta,
614 2495 702 2530 inquit
711 2495 852 2524 Meursius.
862 2496 905 2528 At,
912 2496 1009 2528 ἀὸάλα,

223 2530 275 2567 νοτ
288 2531 496 2567 indignationis,
514 2530 674 2567 Valitlleu:
690 2531 807 2567 chricon
821 2539 872 2559 ms.
892 2531 984 2567 Cyrilli
1003 2540 1010 2558 :

230 2565 337 2597 ’Δὸάλε,
349 2565 416 2600 ἱρεῦ,
436 2566 497 2593 οὐαί
512 2574 566 2600 μοι.
582 2566 724 2593 Philemon
742 2566 768 2592 in
796 2566 896 2593 chico
923 2566 1010 2593 Tech-

226 2601 351 2636 nologico
367 2609 418 2628 ms.
432 2601 518 2632 οὕτως
532 2600 578 2627 οὖν
594 2609 659 2636 φασι
673 2602 720 2628 καὶ
735 2601 842 2635 ῥάϐδος,
857 2601 1008 2636 σεσημείω-

224 2645 270 2662 ται
294 2635 339 2670 το,
356 2636 451 2663 ἀὸἀλε.
470 2635 590 2663 Joannes
606 2635 734 2664 Moschus
759 2638 785 2663 iu
811 2635 920 2663 Limon;
947 2644 1007 2670 cap.

227 2671 288 2702 MO,
305 2668 382 2697 εἷπον
395 2671 486 2702 πάλιν,
516 2671 639 2705 Ἀὃάλαῃ
667 2671 736 2698 πόσα
763 2671 934 2705 κλαύσωμεν,
963 2668 1008 2696 καὶ

249 2706 446 2741 ετανοήσωμεν,
467 2706 509 2741 ἐφ’
524 2703 564 2737 οἷς
594 2706 641 2732 νῦν
656 2707 686 2732 οὑ
717 2703 911 2741 μετανοοῦμένί
942 2705 1008 2732 Vide

229 2713 446 2767 μετανοησωὲιεν,
467 2713 478 2731 ε
506 2713 564 2737 ⁷οες
594 2715 641 2732 νυν
656 2715 686 2732 ου
717 2713 911 2741 μετανοουμενί
945 2713 1006 2732 ΥΙιΙΕ

229 2739 358 2774 )neangii
403 2742 467 2767 loss.
482 2715 530 2768 ἓν.
560 2745 586 2768 et
620 2741 705 2768 Notas
734 2740 861 2769 Cotclct'ii
887 2745 952 2768 tom.
974 2741 1006 2767 ll.

227 2772 394 2810 Monument.
409 2774 542 2802 Eccl.Gr.
560 2783 585 2810 ῃ.
602 2777 663 2804 669.

246 2841 251 2847 _
265 2807 319 2840 (87)
337 2809 373 2835 lta
391 2810 416 2836 in
433 2817 483 2837 ms.
497 2816 523 2837 et
537 2807 576 2838 sic
593 2812 675 2838 etiam
688 2811 829 2846 legendum
855 2810 894 2837 ait
920 2809 1010 2847 Meur-

230 2845 298 2874 sius,
327 2850 389 2870 cum
421 2851 561 2878 perperam
592 2847 619 2873 in
649 2845 785 2881 cjusims.
816 2845 1010 2881 legem-tunsa

1061 2496 1213 2532 Matapxa'
1233 2495 1303 2522 idem
1321 2495 1422 2532 quippe
1450 2496 1701 2532 Porphyrogenitus
1726 2495 1847 2532 loquitur

1059 2532 1092 2558 de
1106 2531 1354 2558 urheTanuatart-ha
1373 2537 1398 2557 et
1416 2539 1499 2565 supra
1515 2539 1574 2566 cap.
1585 2532 1629 2563 42,
1639 2539 1754 2565 eamque
1767 2531 1847 2558 sitam

1060 2567 1098 2593 ait
1110 2567 1136 2593 in
1153 2566 1279 2600 opposita
1295 2571 1371 2601 parte
1385 2566 1514 2600 Bosporo.

1093 2601 1151 2635 (83)
1170 2599 1215 2628 Sic
1224 2609 1275 2628 ms.
1291 2599 1388 2628 codex.
1403 2599 1472 2627 Editi
1491 2601 1603 2632 habent,
1614 2599 1730 2631 Ζαπαξί.

1094 2637 1150 2670 (89)
1167 2636 1274 2664 lnclusa
1291 2638 1316 2662 in
1332 2636 1413 2662 editis
1429 2635 1630 2663 desiderantur.

1096 2671 1152 2705 (90)
1168 2671 1217 2699 Ms.
1230 2671 1312 2698 codex
1328 2671 1378 2698 sic.
1391 2671 1461 2698 Editi
1477 2679 1552 2702 vero,
1562 2670 1675 2706 πλησίον
1688 2670 1734 2697 τοῦ
1745 2670 1848 2706 χωρίου

1064 2706 1214 2733 Τασαπίου.

1099 2742 1154 2775 (9t)
1167 2741 1204 2782 lita
1219 2742 1247 2768 in
1267 2749 1318 2768 ms.
1333 2740 1435 2768 codice.
1447 2741 1475 2768 ln
1490 2741 1570 2769 editis
1586 2740 1662 2769 locus
1682 2741 1847 2776 depravatus

1064 2777 1315 2847 “(géjnggrsperarn
1336 2811 1362 2837 in
1378 2811 1458 2838 editis
1475 2811 1573 2845 legitur
1588 2811 1656 2847 μετὰ
1676 2810 1723 2837 τοῦ
1744 2810 1848 2845 γάμου,

1064 2845 1110 2875 sed
1125 2846 1227 2881 optime
1247 2845 1381 2874 Meursius
1393 2847 1531 2874 emendat.
