1938 3070
225 131 283 163 £23

740 131 999 163 CONSTANTINI
1019 131 1360 163 PORPHYROGENITI

1800 135 1867 169 LEM
1920 99 1921 111 χ

225 186 294 213 vires
308 185 458 220 deﬁcerent,
473 185 546 213 domi
557 185 664 214 relictus
679 186 779 222 fuerat.
795 188 918 225 Itemque
931 196 1007 217 num.
1026 189 1061 216 ‘27
1077 190 1127 224 ait,
1144 190 1272 218 vaticinia
1289 191 1464 226 encrgumt-ni
1479 191 1550 218 brevi
1559 197 1617 226 post
1632 197 1754 221 eventum
1769 196 1862 230 fuisse

227 230 334 256 sortita.

262 272 325 300 Hine
341 280 424 309 porro
439 273 550 301 abunde
557 274 967 305 ostenduntcontradlctionem
980 277 1006 304 in
1017 284 1049 305 ea
1066 277 1225 305 narratione
1240 277 1460 305 inextricabilem
1475 279 1606 314 inveniri,
1625 281 1676 309 nisi
1690 281 1860 316 dixerimus,

224 316 260 362 in
277 324 349 362 anno
375 317 447 345 6452
475 319 603 346 mendum
628 321 740 348 cubare.
765 320 843 354 Quod
864 321 886 349 si
913 321 1139 354 asseruerimus,
1168 322 1224 356 jam
1259 330 1313 350 non
1342 323 1396 351 sub
1422 324 1605 353 Constantino
1633 326 1693 360 ipso
1708 327 1858 362 imperium

226 360 441 388 administrante
452 369 501 396 per
518 369 590 394 sese,
610 362 657 390 sed
673 364 725 391 sub
741 369 839 399 patruo
858 365 919 400 ejus
931 365 1088 393 Alexandro
1099 366 1245 393 translatio
1261 367 1407 401 contigerit
1424 377 1430 395 :
1448 369 1574 403 quamvis
1584 375 1680 398 auctor
1695 360 1770 399 certe
1783 373 1858 400 scri-

224 404 312 451 pserit
329 405 380 432 sub
394 405 654 451 l’orphyrogenneta
678 407 863 442 imperitante,
884 414 914 436 ut
939 413 1012 444 patet
1029 417 1062 437 ex
1078 418 1111 438 eo
1129 410 1202 444 quod
1228 418 1306 438 num.
1321 411 1355 438 27
1375 417 1491 444 asserat,
1512 412 1650 441 dictorum
1672 417 1857 451 energumeni

225 449 328 476 multos
343 449 478 476 exsistere
503 454 597 483 testes,
613 451 727 485 etquod
750 452 826 480 brevi
852 457 913 488 post
928 458 1056 482 eventum
1083 454 1185 481 fuerint
1205 454 1313 482 sortita.
1336 454 1374 481 Ex
1389 463 1444 490 quo
1460 457 1541 484 etiam
1559 457 1677 485 infertur
1702 449 1786 486 alium
1818 462 1856 487 ab

225 493 393 526 imperatore
411 493 470 528 ipso
487 501 548 521 esse
575 495 742 522 narrationis
757 500 920 523 auctorem:
937 496 1008 530 quod
1030 504 1062 524 ex
1079 497 1132 525 fine
1148 499 1315 526 narrationis
1338 499 1468 534 liquidius
1485 506 1595 536 apparet
1612 509 1619 528 :
1640 501 1752 530 Custodi
1780 512 1855 532 eum.

224 537 269 570 qui
285 537 326 570 pie
354 546 384 564 ac
400 543 534 565 mansuete
549 538 624 566 nobis
648 540 774 573 imperat,
794 540 881 575 tuique
897 540 1021 568 adventus
1037 541 1190 568 memoriam
1205 541 1330 569 celebrat.

740 763 790 816 K
799 761 1042 818 ΩΝΣΤΑ
1053 763 1232 820 NTIN
1240 763 1338 820 ΟΥ

662 868 715 895 ΕΝ
741 868 866 903 ΧΡΙΣῙᾩ
902 868 1045 895 ΒΑΣΙΛΕἸ
1062 870 1239 896 ΒΑΣΙΛΕΩΣ
1251 870 1413 897 ΡΩΜΑΙΩΝ

817 946 886 972 ΤΟΥ
901 946 1249 975 ΠΟΡΦΥΡΟΓΕΝΝΗΤΟΥ

223 1028 403 1056 ΔΙΗΓΗΣΙΣ
414 1026 474 1055 ἀπὸ
491 1026 646 1061 διαφόρων
663 1026 859 1060 ἀθροισθεῖσα
872 1025 1022 1060 ἱστοριῶν,
1037 1026 1102 1060 περὶ
1114 1026 1169 1061 τῆς
1178 1026 1252 1061 πρὸς
1267 1028 1403 1063 Αὔγαρον
1418 1030 1641 1065 ἀποσταλείσης
1653 1031 1752 1066 ἀχειΓο
1762 1042 1849 1066 ποιη-

259 1094 311 1112 του
331 1084 414 1117 θείας
429 1085 546 1115 εἰκόνος
558 1085 686 1117 Χριστοῦ
702 1085 754 1111 τοῦ
767 1083 841 1112 Θεοῦ
854 1085 948 1119 ἡμῶν,
967 1085 1020 1112 Καὶ
1041 1085 1082 1118 ὡς
1106 1085 1254 1119 Ἐδέσσης
1271 1089 1471 1123 μετεκομίσθη
1507 1090 1582 1124 πρὸς
1608 1091 1665 1125 τὴν
1684 1092 1848 1120 πανευδαί-

256 1154 338 1180 μονα
353 1145 467 1180 ταύτην
487 1145 535 1171 καὶ
552 1145 700 1177 βασιλίδα
719 1145 779 1172 τῶν
789 1145 906 1172 πόλεων
919 1147 1248 1174 Κωνσταντινούπολιν.

1014 1240 1049 1248 ,-

438 1326 930 1384 CONSTANTINI
982 1328 1615 1388 PORPHYROGENITI

607 1476 934 1513 CHRLSEIﬁRATIA
945 1477 1191 1512 BOMAl‘l-OBIL‘I
1199 1477 1469 1509 ,ΙΜΡΕΒΛΤΟΙΠΞ

225 1569 413 1598 ΝΑΠΠΛΤΙΟ
430 1570 539 1598 diversis
550 1579 582 1598 ex
595 1571 713 1598 historiis
725 1570 836 1597 collecta
852 1570 884 1597 de
903 1570 992 1598 diuina
1007 1569 1106 1597 Clariin
1121 1570 1169 1598 Dei
1183 1575 1270 1598 nostri
1284 1573 1399 1606 unagine
1413 1579 1464 1598 non
1482 1571 1635 1605 niauufucta
1653 1571 1687 1598 ad
1705 1572 1841 1606 Augarum

313 1627 415 1660 missa;
428 1634 509 1661 exque
527 1625 628 1654 Edessa
643 1626 670 1653 in
687 1625 866 1654 beatissimam
878 1625 946 1653 hanc
958 1630 1148 1661 angustumque
1162 1626 1252 1654 urbem
1267 1625 1526 1661 Constantinopolim
1541 1626 1673 1654 translata
1694 1627 1743 1664 (Ι).

256 1794 275 1820 l.
306 1792 364 1819 Non
391 1792 478 1820 solum
497 1792 555 1827 ipse
570 1791 643 1819 Patri
661 1796 814 1821 coaeternus
841 1793 912 1822 Deus
937 1794 1027 1826 Ver-1

1091 1794 1130 1822 Ν.
1151 1794 1207 1820 Οὐκ
1225 1794 1278 1829 ἄρα
1294 1794 1373 1829 μόνος
1393 1794 1473 1825 αὐτὸς
1486 1793 1679 1834 ᾲκατάληπτος
1694 1792 1728 1830 ἦν
1744 1796 1758 1821 ὁ
1775 1804 1838 1823 συν-

220 1839 284 1866 ιιιιιιι
306 1837 379 1864 omni
407 1837 495 1872 major
519 1837 766 1872 comprehensione
787 1843 845 1865 erat
866 1847 874 1865 :
905 1847 999 1866 verum

220 1885 302 1911 etiam
319 1883 380 1916 ejus
401 1883 531 1918 pleraque
558 1882 624 1916 fere,
641 1883 685 1910 vel
702 1884 784 1910 etiam
798 1884 890 1911 omnia
906 1892 1001 1920 opera,

149 1939 174 1963 ο
218 1930 313 1957 callem
331 1929 619 1964 incomprehensionis
639 1929 755 1964 caligine
776 1933 841 1958 sunt
866 1934 1002 1958 contecta.

215 1975 311 2010 Neque
334 1983 365 2003 ea
383 1975 484 2007 solum,
501 1982 562 2010 qua:
588 1982 682 2002 rerum
707 1975 791 2010 huius
808 1977 997 2004 universitatis

215 2021 325 2056 opiﬁcio
342 2020 484 2053 condidit;
502 2021 550 2048 sed
574 2024 601 2048 et
622 2028 682 2056 qum
698 2025 841 2057 assumpta
857 2021 1002 2056 dispensa-

215 2067 300 2094 tionis
317 2074 431 2094 muncre
448 2072 551 2095 nostra:
567 2067 757 2095 eoncretionis
765 2075 868 2101 massa,
886 2075 935 2103 pro
950 2068 1004 2103 pri-

214 2121 258 2140 ma
283 2112 329 2140 illa
345 2120 376 2140 ac
397 2112 531 2148 singulari
558 2120 615 2140 sua;
629 2112 739 2141 deitatis
751 2114 874 2148 potentia
890 2119 1002 2149 praesta-

213 2159 271 2187 bat.
284 2158 322 2186 Ac
333 2158 412 2192 plane
422 2166 513 2193 opera:
529 2159 649 2193 pretium
663 2159 711 2191 sit,
726 2160 812 2194 utqui
829 2167 858 2187 se
873 2160 932 2195 ipse
947 2168 1000 2188 non

213 2205 332 2241 ignorat,
344 2212 376 2232 ac
387 2205 440 2233 scit
449 2213 479 2233 se
487 2205 595 2233 nescire
619 2213 680 2240 quae
688 2205 820 2240 proillius
831 2206 927 2234 altiora
938 2211 1003 2234 sunt

213 2252 354 2284 facultate,
369 2261 424 2280 non
443 2252 470 2280 in
491 2252 659 2280 immensum
675 2252 818 2288 glorietur,
841 2260 892 2280 nec
905 2253 1002 2281 stolide

213 2306 263 2335 per
275 2299 356 2326 inane
371 2298 528 2334 gradiatur,
542 2306 575 2326 ac
591 2299 633 2326 vel
648 2299 741 2326 omnia
758 2307 788 2327 se
805 2300 874 2327 scire
887 2303 1001 2326 conten-

211 2345 269 2378 dat,
288 2349 334 2371 aut
351 2351 405 2371 non
422 2351 484 2372 esse
511 2352 571 2379 quae
592 2344 651 2379 ejus
668 2344 722 2371 vim
745 2344 1000 2379 comprehensionis

210 2391 353 2426 effugiant.
371 2391 411 2418 Ad
432 2390 503 2418 hanc
521 2391 605 2427 igitur
619 2398 778 2426 expressam
807 2390 852 2418 Dei
876 2390 1000 2418 Hominis

209 2437 326 2465 formam
351 2437 424 2472 quod
440 2438 547 2470 attinet,
568 2445 628 2472 quas
645 2437 729 2464 nullis
744 2436 883 2463 coloribus
907 2436 998 2463 nullo-

1056 1840 1142 1871 αἲδιος
1167 1839 1206 1875 τῷ
1230 1839 1319 1876 ΙΙατρὶ
1339 1840 1405 1871 Θεὸς
1420 1840 1515 1874 Λόγος,
1543 1840 1610 1867 ἀλλὰ
1625 1842 1671 1867 καὶ
1695 1841 1728 1867 τὰ
1754 1841 1839 1868 πλείω

1055 1886 1158 1921 σχεδὸν,
1184 1886 1201 1922 ἢ
1219 1887 1267 1913 καὶ
1292 1887 1381 1914 πάντα
1402 1886 1456 1913 τῶν
1482 1887 1570 1921 ἔργων
1586 1887 1679 1920 αὐτοῦ,
1699 1887 1738 1923 τῷ
1764 1888 1837 1922 αὐτῷ

1054 1932 1104 1966 τῆς
1119 1931 1308 1965 ἀκαταληψίας
1324 1931 1417 1967 γνόφῳ
1438 1931 1669 1967 περικαλύπτεται
1683 1940 1690 1947 ·
1709 1933 1740 1960 οὐ
1756 1933 1837 1968 μόνον

1055 1976 1106 2003 ὅσα
1119 1976 1133 2002 ὁ
1145 1977 1175 2003 τὸ
1196 1978 1250 2003 πᾶν
1266 1976 1345 2003 τοῦτο
1360 1976 1533 2013 δημιουργῶν
1564 1978 1745 2013 ὑπεστήσατο,
1769 1978 1836 2005 ἀλλὰ

1054 2023 1101 2049 καὶ
1122 2023 1171 2049 ὅσα
1188 2024 1216 2049 ὲν
1229 2022 1269 2057 τῷ
1285 2021 1482 2058 διὀῐκονομίαν
1501 2024 1693 2059 προσλήμματι
1707 2023 1754 2050 τοῦ
1769 2025 1836 2059 ἡμε-

1054 2069 1134 2104 τέρου
1161 2069 1321 2104 φυράματος
1343 2069 1478 2104 ὁμιλήσας
1491 2070 1566 2105 ἡμῖν,
1580 2070 1649 2097 κατὰ
1663 2069 1711 2104 τὴν
1725 2070 1836 2105 πρώτην

1053 2116 1101 2143 καὶ
1120 2115 1184 2150 μίαν
1202 2116 1310 2150 ἐκείνην
1324 2115 1434 2151 ἐνήργει
1451 2116 1499 2150 τῆς
1519 2115 1602 2142 αὐτοῦ
1618 2115 1743 2150 θεότητος
1756 2115 1835 2142 δύνα-

1054 2171 1110 2197 μιν.
1130 2162 1183 2188 Καὶ
1209 2162 1261 2197 χρὴ
1289 2161 1399 2193 πάντως
1425 2161 1470 2188 τὸν
1497 2161 1593 2188 ἑαυτὸν
1623 2161 1662 2196 μὴ
1676 2160 1834 2196 ἀγνοοῦντα,

1055 2209 1104 2235 καὶ
1116 2208 1151 2235 τὰ
1165 2208 1235 2244 ὑπὲρ
1249 2208 1329 2236 αὑτὸν
1345 2208 1381 2244 μὴ
1396 2208 1494 2235 ειδέναι
1510 2207 1688 2242 γινώσκοντα,
1703 2207 1741 2243 μὴ
1751 2209 1790 2239 εἰς
1801 2207 1836 2235 τὰ

1051 2253 1160 2289 ἄμετρα
1177 2253 1341 2289 καυχᾶσθαι,
1361 2254 1429 2288 μηδὲ
1454 2250 1632 2289 κὲνεμόατεῖν
1647 2253 1771 2288 ἀμαθῶς,
1789 2254 1836 2280 καὶ

1051 2299 1068 2335 ἢ
1085 2300 1174 2327 πάντα
1192 2300 1292 2327 εἰδέναι
1306 2301 1479 2334 φιλονεικεῖν,
1501 2300 1517 2334 ἢ
1534 2300 1570 2335 μὴ
1584 2297 1653 2326 εἶναι
1669 2300 1742 2334 ἅπερ
1755 2299 1835 2332 αὐτὸς

1051 2346 1082 2372 οὐ
1108 2346 1266 2381 κατείληφε.
1289 2347 1385 2373 Τοίνυν
1404 2347 1450 2372 καὶ
1476 2345 1540 2381 περὶ
1567 2345 1613 2372 τοῦ
1637 2345 1834 2380 ὲκτυπώματος

1051 2392 1101 2426 τῆς
1119 2391 1279 2427 οεανδρικῆς
1290 2392 1385 2419 τούτου
1408 2392 1524 2427 μορφῆς,
1545 2391 1559 2417 ὃ
1580 2391 1728 2426 ἀγράπτως
1742 2392 1833 2417 ἐνετυ-

1051 2435 1129 2471 πώθη
1147 2436 1186 2471 τῷ
1203 2437 1340 2471 ὑπερφυεῖ
1368 2436 1415 2463 τοῦ
1441 2436 1558 2471 δρῶντος
1574 2434 1735 2471 βουλήματι,
1750 2433 1784 2470 ἧς
1804 2435 1835 2461 τὸ

209 2491 263 2519 que
284 2484 424 2520 penicillo,
440 2484 499 2520 ejus
510 2485 556 2519 qui
580 2483 666 2510 edidit
680 2482 834 2510 admirabili
849 2482 999 2515 voluntate,
1014 2476 1027 2505 1

1053 2480 1253 2516 ὑποδεξάμενον
1278 2481 1402 2516 ὕφασμα,
1430 2485 1475 2508 καὶ
1502 2481 1562 2507 τότε
1587 2480 1636 2515 μὲν
1665 2480 1704 2516 τῷ
1718 2480 1834 2515 Δὺγάρῳ

207 2538 241 2559 eo
255 2532 282 2558 in
299 2531 384 2558 linteo
402 2530 499 2563 eluxit,
521 2529 593 2565 quod
605 2533 671 2556 tunc
688 2528 798 2564 quidem
814 2528 847 2555 ad
860 2528 995 2563 Augarum

1053 2525 1190 2563 ἀπεστάλη
1206 2527 1274 2562 πρὸς
1290 2528 1372 2559 ἴασιν,
1390 2527 1437 2553 νῦν
1454 2526 1482 2552 δὲ
1501 2525 1531 2558 ἐξ
1551 2526 1676 2562 Ἐδέσσης
1699 2526 1766 2560 πρὸς
1785 2525 1833 2560 τὴν

207 2573 244 2605 ad
257 2579 402 2605 sanitatem
426 2577 464 2604 illi
486 2575 687 2604 conciliandam
708 2574 833 2606 missum,
857 2581 930 2601 nunc
945 2581 994 2600 au-

1051 2573 1247 2609 βασιλεύουσαν
1266 2574 1368 2608 ταύτην
1384 2573 1437 2600 τῶν
1454 2572 1557 2599 πόλεων
1571 2572 1710 2608 οἰκονομίᾳ
1725 2572 1833 2603 πάντως

207 2628 262 2651 tem
279 2631 311 2651 ex
325 2623 427 2651 Edessa
441 2622 474 2649 ad
488 2625 628 2657 augustam
646 2620 716 2647 hanc
736 2619 843 2652 urbem,
861 2619 994 2653 singulari

1053 2619 1130 2653 Θεοῦ,
1146 2620 1214 2656 πρὸς
1232 2620 1369 2654 σωτηρίαν
1390 2619 1476 2653 αὐτῆς
1493 2619 1539 2645 καὶ
1563 2618 1687 2653 φυλακὴν
1702 2618 1832 2653 μετενήνο

207 2677 322 2705 prorsus
335 2669 383 2697 Dei
401 2668 581 2704 indulgentia,
598 2672 626 2694 ut
639 2667 699 2703 ipsa
718 2665 866 2693 incolumis
882 2670 996 2700 tutaque

1053 2675 1137 2698 εκται,
1153 2667 1190 2699 ὡς
1211 2667 1243 2694 ἂν
1271 2666 1384 2702 μηδενὸς
1411 2665 1465 2691 τῶν
1488 2665 1577 2691 καλῶν
1607 2664 1698 2700 ἐνδεὴς
1713 2664 1788 2700 δοκῇ,
1805 2665 1833 2690 ὲν

955 2747 1071 2776 NOTAE.

242 2809 280 2847 (ρ)
303 2810 438 2847 Baronius
454 2814 479 2836 et
495 2809 593 2847 sarius
606 2811 675 2840 hanc
692 2810 837 2847 imaginem
852 2809 966 2838 Romam
987 2810 1146 2839 translatam
1168 2811 1203 2838 ibi
1221 2811 1354 2838 asservari
1372 2810 1487 2845 docent;
1506 2810 1620 2837 ﬂzovius
1638 2808 1738 2836 Genua:
1756 2805 1833 2835 iuve-

206 2843 261 2872 niri
275 2846 353 2873 docet
369 2847 396 2874 in
412 2846 575 2874 Annalibus.
