1938 3070
143 157 198 189 4‘25

626 156 823 186 NARRATIO
837 158 884 186 DE
902 158 1065 188 lMAGlNE
1079 157 1281 188 EDESSENA.

1719 155 1774 189 426

145 215 229 241 πᾶσιν
246 211 408 247 ὀφείλουσαν
433 211 542 238 πάντων
572 213 694 246 κρατεῖν.
717 210 801 247 οἶμαι
814 212 870 238 δεῖν
884 213 929 239 τὸν

992 215 1129 246 :ousistat.
1144 215 1309 242 translatum
1332 217 1392 246 cst;
1412 219 1467 248 quo
1480 212 1587 241 scilicet
1601 219 1696 240 eurum
1713 220 1776 248 quze

145 259 246 292 εὐσεϐῆ
272 258 319 284 καὶ
347 257 452 284 δίκαιον
475 257 615 292 ἀκροατήν
637 265 667 283 τε
682 257 729 284 καὶ
745 257 856 292 θεατὴν,
884 257 934 292 τὴν

147 306 270 341 ἱστορίαν
285 303 336 340 μὲν
350 303 404 329 τῶν
419 303 481 330 καθ’
505 303 609 329 ἕκαστα
626 303 749 338 ἀκριϐῶς
776 303 872 338 μαθεῖν
887 304 935 330 καὶ

144 353 194 387 τῆς
213 350 404 387 ἀρχαιολογίας
423 349 511 376 ἐλθεῖν
540 349 748 385 ἁπαραποίητον
770 349 819 384 τὴν
834 349 935 384 γνῶσιν

145 397 250 424 λαϐεῖν.
268 396 324 431 Τὴν
342 396 370 422 δὲ
385 394 475 422 αἰτίαν
495 394 553 427 τοῦ,
571 395 629 426 πῶς
657 394 687 426 ἐξ
714 394 827 430 ἰκμάδος
849 395 936 429 ὑγρᾶς

145 443 209 478 δίχα
223 442 377 478 χρωμάτων
391 441 438 467 καὶ
453 440 552 475 τέχνης
565 440 615 475 τῆς
624 440 764 475 γραφικῆς
778 440 934 475 ὲναπεμορσ

146 488 224 523 φὼθη
237 488 268 514 τὸ
284 486 332 514 τοῦ
348 485 496 522 προσώπου
519 487 549 513 ἐν
570 485 610 522 τῷ
629 486 662 512 ἐκ
675 485 749 512 λίνου
765 485 909 521 ὑφάσματι
927 494 934 502 ·

146 533 194 560 καὶ
215 533 274 565 πῶς
295 533 326 559 ea
345 531 375 565 ἐξ
395 531 459 567 ὕλης
484 532 572 565 οὕτως
599 531 764 568 εὐφθάρτου,
783 531 823 567 τῷ
847 532 936 568 χρόνῳ

144 579 294 615 διαφθορὰν
302 578 352 606 οὐκ
366 578 483 612 ἐδέξατο·
499 579 547 606 καὶ
557 579 608 605 ὅσα
620 578 687 606 ἄλλα
696 579 711 606 ό
721 578 844 612 φυσικῶς
856 578 937 613 δῆθεν

145 625 297 652 ἐπιϐάλλων
325 625 382 657 τοῖς
395 625 568 660 πράγμασιν,
579 624 770 660 ὶπιστημόνως
796 624 939 659 διεριυνᾷν

144 668 235 701 εἴωθε,
259 668 298 704 τῷ
319 668 457 703 ἀνεφίκτῳ
480 668 531 703 τῆς
562 667 610 695 τοῦ
639 668 707 695 Θεοῦ
736 668 832 704 σοφίας
847 676 938 703 παρα-

144 716 244 750 χωρεῖν
267 714 356 746 εἰδὼς.
389 714 426 745 ὡς
451 715 477 740 εἰ
489 722 532 746 τις
546 714 635 742 πάντα
651 714 829 750 φιλονιικήσῃ
847 714 885 749 τῷ
901 713 940 749 νῷ

145 760 283 787 διαλαϐεῖν
294 760 428 795 ἀκριϐῶς,
439 761 478 792 εἰς
493 760 544 796 τὴν
555 760 674 795 παντελῆ
682 760 821 794 ἀγνωσίαν
829 759 939 792 ὠσθεὶς,

147 807 195 834 καὶ
212 807 253 838 εἰς
283 806 402 834 ἄϐυσσον
435 806 624 842 ἀκαταληψίας
659 805 824 838 ἀποπεσὼν,
849 805 941 832 κινδυ-

144 851 237 879 νεόσει
250 852 315 887 περὶ
326 853 361 879 τὰ
380 852 486 888 καίρια,
503 851 651 887 ζημιωθεὶς
662 850 697 878 τὰ
714 850 830 886 μεγάλα,
844 850 887 876 ἵνα
903 849 941 885 μὴ

986 260 1100 295 pulchra
1111 264 1177 288 sunt
1192 267 1225 288 ac
1241 259 1466 294 praeclaramullo
1481 259 1638 292 deﬁciatur,
1653 266 1736 294 quam
1747 259 1775 285 in

986 305 1115 333 omnibus
1126 304 1263 332 dominari
1285 304 1447 339 primasque
1468 304 1595 332 obtinere
1606 304 1773 336 condeceat;

986 358 1076 386 opera:
1088 350 1204 386 pretium
1218 350 1355 382 existimo,
1372 353 1402 376 ut
1412 349 1558 385 religiosus
1572 356 1604 377 ac
1614 349 1681 383 justi
1694 354 1777 377 tenax

987 396 1100 424 auditor
1112 400 1317 431 spectatorque,
1334 395 1507 430 singularum
1529 403 1620 423 rerum
1632 395 1776 423 historiam

987 442 1133 478 diligenter
1143 440 1300 473 condiscat,
1317 444 1344 469 et
1359 446 1389 468 ut
1401 441 1522 477 antiqua:
1535 441 1703 470 narrationis
1718 442 1776 470 siu-

987 495 1079 517 ceram
1097 488 1228 523 omnique
1248 487 1311 515 fuco
1332 491 1476 515 vacantem
1497 488 1684 523 cognitionem
1703 489 1778 516 acci-

988 541 1054 570 pere
1083 534 1195 562 studeat
1224 542 1231 560 :
1256 540 1371 561 causam
1402 536 1493 560 autem
1519 539 1570 560 cur
1599 540 1632 560 ex
1647 533 1775 560 humenti

989 582 1078 614 gutta,
1112 578 1188 606 nullo
1217 577 1340 605 colorum
1361 577 1500 613 pigmento
1520 581 1548 605 et
1567 577 1635 605 artis
1659 577 1777 612 pictura,

990 623 1124 658 impressa
1141 622 1193 650 fuit
1210 623 1238 650 ln
1255 623 1341 650 linteo
1359 623 1453 650 vultus
1475 622 1582 655 forma;
1598 629 1708 658 quaque
1734 623 1778 649 ni-

990 671 1142 699 hilominus
1157 671 1265 699 ratione
1281 670 1386 707 fragilis
1405 670 1473 698 adeo
1487 671 1601 698 materia
1616 675 1694 698 tanto
1707 675 1776 698 tem-

991 723 1058 751 pore
1070 716 1138 743 nulli
1155 715 1208 743 fuit
1220 715 1373 744 interitioni
1389 716 1497 751 labique
1509 716 1645 750 obnoxia;
1660 723 1691 743 ac
1704 724 1779 751 qua:-

993 769 1105 796 cuuque
1124 762 1244 796 denique
1260 762 1325 794 alia,
1341 762 1468 797 quisquis
1494 769 1539 790 res
1554 762 1717 790 naturaliter
1730 770 1777 796 ag-

992 807 1128 842 greditur,
1158 807 1306 842 diligenter
1322 808 1442 836 scrutari
1471 808 1552 839 solet,
1569 807 1616 835 Dei
1636 808 1778 844 sapientia:

991 853 1141 888 relinquat,
1157 860 1239 888 quam
1269 860 1350 881 nemo
1376 854 1444 881 satis
1471 853 1580 889 assequi
1605 858 1710 889 queat:
1730 855 1778 889 qui

145 898 207 934 δ’)ξῇ
222 898 261 935 (2)
277 899 312 925 τὰ
332 899 418 934 μικρὰ
439 899 604 934 συγχωρεῖν.
629 897 708 924 Ὅσοι
734 894 781 924 οὖν
803 896 858 923 τῶν
879 897 939 931 περί

996 898 1126 926 nimirum
1143 897 1223 930 sciat,
1237 897 1261 925 si
1277 898 1339 933 quis
1363 898 1454 925 omnia
1470 898 1570 925 utentis
1585 898 1643 926 acie
1657 898 1778 933 perfecte

146 943 196 978 τὴν
220 943 313 970 πίστιν
335 942 423 978 ὀρθῶν
435 963 443 975 ,
461 943 511 970 καὶ
526 942 703 978 θερμοτέρων
717 941 783 976 περὶ
795 941 841 968 τδν
855 940 936 976 ζῆλον

143 988 261 1015 ἐνταῦθα
276 988 484 1024 συνεληλύθατε,
493 988 592 1021 Δεῦτε,
599 988 762 1021 ἀκούσατε,
772 988 820 1014 καί
831 987 935 1022 διηγή-

145 1041 236 1069 σομαι
252 1034 333 1070 ὑμῖν,
356 1035 428 1070 ἅπερ
443 1035 475 1069 τῇ
488 1033 585 1069 δεούσῃ
602 1032 713 1069 βασάνῳ
728 1032 832 1060 ἕκαστα
845 1032 930 1059 πολυ-

147 1081 358 1116 πραγμονήσας,
383 1080 431 1107 καὶ
454 1079 504 1106 οὐκ
521 1078 721 1115 ἀταλαιπώρως
735 1078 800 1113 περὶ
814 1078 864 1114 τὴν
882 1078 932 1114 τῆς

146 1125 274 1161 ἀληθείας
293 1125 483 1161 διαγενόμενος
498 1125 621 1160 ζήτησιν,
635 1124 691 1152 άπό
701 1133 731 1151 τε
744 1125 799 1151 τῶν
810 1124 931 1159 ἱστορίας

145 1171 321 1205 γραψάντων,
339 1171 389 1198 καὶ
408 1171 463 1198 ἀπὸ
477 1170 532 1197 τῶν
543 1169 647 1197 ἐκεῖθεν
659 1171 698 1202 εἰς
708 1170 783 1205 ἡμᾶς
793 1169 935 1196 ἰλθόντων.

149 1217 183 1242 ““Δ
198 1216 234 1248 ὡς
251 1217 285 1244 δι’
301 1217 469 1253 ἀπορρήτων
483 1218 518 1252 τῇ
537 1217 633 1252 μνήμῃ
650 1216 715 1251 παρ’
734 1214 826 1247 αὑτοϊς
839 1215 939 1242 διασώ-

147 1262 241 1295 ζεσθαι
258 1263 361 1297 ελεγον,
376 1262 528 1299 ἀκριϐῶσαι
543 1262 680 1298 ὲξίσχυσα.

991 942 1137 978 complecti
1160 943 1329 976 connitatur,
1356 943 1415 971 fore
1442 947 1472 970 ut
1499 944 1663 978 ignorantia:
1683 945 1778 972 omnis

985 999 1095 1019 mersus
1124 990 1272 1021 barathro,
1300 990 1457 1026 abyssoque
1491 990 1777 1025 incomprcliensiois

984 1037 1100 1064 obrutus
1106 1044 1138 1064 ac
1147 1036 1377 1072 stnporis,eorum
1387 1043 1448 1071 qua:
1455 1036 1647 1072 principaliora
1654 1041 1719 1065 sunt
1728 1044 1778 1064 no-

983 1081 1058 1109 mine
1073 1081 1207 1115 jacturam
1221 1080 1350 1115 patiatur,
1366 1088 1401 1108 ne
1413 1081 1439 1108 in
1453 1081 1495 1109 his
1508 1089 1569 1116 qua:
1587 1087 1654 1109 sunt
1665 1082 1773 1109 minora

987 1126 1114 1154 videatur
1134 1125 1238 1161 aliquid
1257 1125 1418 1153 concedere.
1449 1124 1591 1161 Quotquot
1615 1126 1700 1162 igitur
1725 1127 1777 1154 Ede

990 1171 1057 1199 recti
1072 1170 1185 1205 zeloque
1205 1170 1387 1198 ferventiores
1402 1171 1454 1198 huc
1468 1171 1651 1204 convenistis,
1675 1171 1776 1203 Venite.

992 1216 1093 1248 audite,
1107 1221 1131 1242 et
1148 1215 1263 1243 narrabo
1278 1216 1350 1244 vobis
1362 1223 1392 1244 ea
1407 1225 1470 1252 qua:
1483 1218 1657 1246 convenicnti
1670 1219 1775 1245 exami-

995 1267 1030 1287 ne
1046 1260 1154 1296 singula
1169 1269 1285 1296 quaeque
1309 1262 1456 1295 scrutanti,
1473 1270 1523 1290 nec
1541 1263 1602 1290 sine
1626 1264 1720 1291 labore
1747 1265 1776 1291 iu

148 1311 262 1338 veritate
279 1310 443 1346 inquirenda
463 1313 582 1343 versato,
600 1314 654 1337 tam
669 1317 702 1338 ex
718 1309 752 1337 iis
763 1308 809 1345 qni
827 1308 1002 1336 historiarum
1019 1312 1193 1336 monumenta
1205 1309 1385 1344 scripserunt,
1399 1317 1479 1345 quam
1495 1311 1540 1345 qui
1552 1311 1626 1339 illinc
1638 1319 1670 1339 ac
1692 1311 1778 1348 Syriae

148 1359 271 1394 partibus
283 1357 316 1385 ad
333 1365 383 1386 nos
400 1361 583 1390 accesserunt,
601 1363 662 1384 eum
678 1357 747 1391 apud
763 1357 837 1392 ipsos
850 1363 949 1384 arcana
963 1355 1020 1383 haec
1044 1355 1174 1383 memoria
1185 1360 1292 1384 exstare
1307 1357 1507 1392 profiterentur,
1526 1359 1648 1386 nancisci
1659 1359 1771 1387 demum

148 1405 224 1433 licuit
235 1411 267 1432 ac
281 1404 382 1432 doceri.

184 1463 221 1490 B'.
250 1462 303 1489 Τοῦ
324 1462 427 1496 Κυρίου
457 1462 505 1488 καὶ
531 1460 600 1488 Θεοῦ
628 1461 676 1488 καὶ
707 1460 832 1496 Σωτῆρος
857 1459 937 1495 ήμῶν

155 1508 244 1544 Ἰησοῦ
259 1507 390 1544 Χριστοῦ,
406 1507 454 1534 ἐπὶ
467 1507 500 1543 τῇ
515 1507 564 1534 τοῦ
583 1506 677 1541 γένους
691 1506 771 1542 ἡμῶν
785 1505 938 1542 ἁνορθώσει

151 1555 221 1590 πρὸς
242 1555 317 1589 ἡμᾶς
340 1553 558 1589 ἑκδημήσαντος,
579 1551 699 1589 ἦνηκατὰ
722 1552 768 1579 τοῦ
795 1553 938 1588 προφήτου

152 1600 256 1636 φωνὴν,
271 1599 374 1635 πλῆθος
387 1599 498 1634 εἰρήνης
514 1600 560 1626 ἐπὶ
569 1599 618 1634 τῆς
635 1599 696 1634 γῆς,
714 1599 761 1625 καὶ
776 1598 806 1625 τὸ
821 1598 940 1634 πολύαρ-

150 1656 196 1683 χον
211 1646 394 1678 διεσκέδαστο,
418 1647 513 1681 ὥσπερ
535 1645 588 1672 ὑπὸ
603 1646 668 1680 μιᾶς
680 1644 779 1679 ζώνης,
795 1644 845 1679 τῆς
868 1643 936 1672 Ῥω-

152 1693 238 1728 μαίων
254 1692 351 1728 ἀρχῆς,
366 1691 477 1726 ἁπάσης
490 1691 686 1726 διαζωσθείσης
695 1690 745 1724 τῆς
761 1690 938 1726 οἰκουμένης,

155 1739 201 1764 καὶ
225 1738 270 1773 ὑφ’
292 1738 333 1764 ἑνὶ
359 1737 529 1772 ταττομένης
550 1737 711 1772 σημάντορι.
730 1736 786 1763 Καὶ
801 1735 846 1762 διὰ
862 1735 942 1762 τοῦτο

151 1785 238 1810 πᾶσαι
263 1783 372 1810 πάντων
386 1784 434 1810 καὶ
451 1783 521 1819 πρὸς
538 1783 643 1814 nivea;
659 1781 798 1817 ἐπιμιξίαι
820 1781 942 1815 ἐγίνοντο

151 1829 249 1861 ἀδεῶς,
266 1829 315 1855 καὶ
329 1829 360 1856 οὐ
378 1829 587 1864 μεμερισμένως
607 1829 656 1863 τὴν
671 1829 722 1863 γῆν
734 1828 819 1854 οἰκεῖν
831 1826 942 1853 ἐδόκουν

153 1876 177 1901 οἱ
192 1874 341 1911 ἄνθρωποι,
360 1874 417 1900 ἀλλ’
432 1874 468 1906 ὡς
489 1874 549 1905 ἐνὸς
566 1873 701 1901 Δεσπότου
721 1874 814 1908 κτῆμα
838 1871 942 1907 τυγχὰο

152 1929 260 1953 νουσαν,
283 1920 321 1951 ὡς
338 1921 385 1946 καὶ
404 1919 463 1951 ἑνὸς
476 1919 526 1955 τὴν
541 1920 630 1946 πᾶσαν
655 1917 738 1946 οὖσαν
762 1918 940 1954 δημιουργοῦ,

154 1966 192 2000 τῷ
218 1965 319 2000 πρώτῳ
338 1965 384 1992 τδν
401 1964 504 2000 αὐχένα
530 1965 616 2000 δούλῳ
641 1964 845 1997 ὑποκλίναντες,
872 1964 942 1998 πρὸς

154 2011 286 2046 ἀλλήλους
313 2011 486 2046 εἰρήνευσαν.
515 2011 561 2037 Διὸ
576 2011 652 2038 καὶό
676 2012 726 2046 τῆς
760 2010 886 2045 Ἐδέσσης
911 2010 942 2036 τὸ

154 2057 306 2092 τηνικαῦτα
334 2058 475 2093 τοπάρχης
506 2057 641 2092 Αὗγαρος,
667 2057 707 2092 τῷ
733 2057 781 2092 τῆς
803 2056 943 2090 Αἰγύπτου

155 2103 332 2139 ὲξηγουμένῳ
354 2103 431 2137 φίλος
448 2103 497 2130 καὶ
513 2102 651 2138 γνώριμος
666 2099 710 2137 ἦν’
728 2103 775 2129 καὶ
791 2102 846 2137 γὰρ
861 2102 943 2138 ἀλλή-

154 2150 210 2181 λοις
227 2151 251 2176 οἱ
264 2149 408 2185 ἑκατέρων
427 2149 542 2184 ἐφοίτων
562 2149 690 2176 διάκονοι.
711 2148 793 2174 Ὅθεν
811 2148 860 2175 καὶ
874 2148 944 2175 κατὰ

154 2197 200 2223 τὸν
213 2196 308 2232 καιρὸν
321 2197 436 2229 ἐκεῖνον,
454 2194 516 2222 καθ’
531 2194 562 2221 δν
577 2195 592 2222 ό
607 2194 711 2230 Κύριος
726 2193 806 2229 ἡμῶν
817 2194 863 2220 καὶ
877 2193 944 2225 Θεὸς

156 2242 188 2269 ab
203 2242 340 2278 Πατρικὸν
362 2241 487 2277 βούλημα
512 2240 635 2277 πληρῶν,
656 2239 705 2275 τὴν
721 2240 855 2275 σωτήριον
871 2239 944 2266 διδα-

155 2289 270 2316 σκαλίαν
291 2289 348 2320 τοῖς
375 2287 532 2323 ἀνθρώποις
554 2286 726 2322 προῦτίθετο,
753 2286 800 2312 καὶ
826 2285 872 2312 διὰ
890 2284 944 2311 τῶν

1027 1460 1062 1488 ll.
1078 1459 1147 1488 Cum
1166 1459 1298 1488 Dominus
1309 1464 1336 1487 ct
1353 1460 1424 1488 Deus
1441 1468 1473 1489 ac
1483 1461 1609 1490 Salvator
1625 1467 1719 1491 noster
1730 1462 1776 1491 Je-

988 1512 1036 1533 sus
1053 1505 1193 1537 Christus,
1210 1506 1244 1533 ad
1259 1513 1346 1541 genus
1360 1510 1484 1534 nostrum
1506 1507 1667 1543 erigendum
1677 1509 1710 1536 ad
1726 1517 1778 1537 nos

988 1552 1120 1583 venisset,
1150 1551 1304 1586 cratjuxta
1333 1552 1474 1588 propheta:
1491 1560 1586 1581 vocem
1605 1554 1777 1583 abundantia

989 1597 1063 1631 pacis
1081 1597 1107 1624 in
1128 1602 1212 1629 terra,
1227 1597 1435 1633 dissipatusque
1447 1603 1507 1626 erat
1533 1600 1651 1635 plurium
1674 1602 1778 1636 princi-

990 1647 1082 1679 patus,
1102 1650 1162 1670 cttm
1177 1643 1321 1679 imperium
1338 1643 1490 1672 Romanum
1507 1649 1595 1673 totum
1614 1646 1668 1675 late
1681 1648 1777 1675 orbem

995 1689 1068 1716 velut
1082 1696 1150 1716 zona
1169 1696 1223 1716 una
1238 1689 1451 1725 constringeret,
1469 1698 1594 1726 unusque
1611 1691 1779 1726 gubernator

992 1741 1025 1762 ac
1042 1739 1134 1762 rector
1145 1735 1266 1770 subjecta
1283 1743 1398 1770 quaeque
1419 1740 1534 1764 teneret.
1549 1737 1613 1765 Ideo
1635 1742 1696 1766 erat
1716 1746 1777 1766 om-

993 1781 1069 1808 nium
1092 1781 1214 1809 vicissim
1235 1781 1318 1809 libera
1347 1782 1517 1817 congressio,
1542 1783 1637 1818 sicque
1654 1783 1779 1812 homines

994 1827 1046 1854 sibi
1060 1831 1161 1855 terram
1182 1827 1273 1855 colere
1290 1827 1462 1860 videbantur,
1490 1832 1521 1856 ut
1531 1836 1586 1856 non
1603 1829 1702 1862 divise,
1730 1830 1780 1857 sed

994 1876 1124 1907 tanquam
1143 1873 1224 1900 unius
1245 1881 1301 1900 rem
1318 1874 1422 1901 domini
1441 1881 1474 1901 ac
1490 1875 1692 1909 possessionem
1706 1876 1780 1903 cole-

994 1923 1066 1951 rent,
1086 1919 1187 1954 quippe
1200 1927 1263 1947 cum
1277 1919 1358 1947 etiam
1381 1927 1436 1948 uno
1449 1919 1509 1954 ipso
1532 1925 1645 1948 auctore
1668 1921 1798 1967 condita.

995 1969 1069 1992 esset
1085 1974 1092 1992 ι
1110 1965 1255 2000 primoque
1276 1972 1419 1993 servorum
1441 1966 1576 1993 cervicem
1602 1966 1779 1997 inclinantes.

994 2012 1067 2039 inter
1082 2019 1111 2040 se
1121 2019 1215 2048 pacem
1234 2011 1383 2047 agitabant.
1399 2011 1582 2044 Quamobrem
1597 2012 1680 2039 etiam
1695 2011 1780 2039 Edes-

994 2065 1031 2086 sa
1050 2058 1076 2085 id
1093 2058 1224 2091 temporis
1239 2058 1350 2093 regulus
1363 2057 1499 2093 Augarus,
1513 2064 1576 2084 eum
1590 2056 1698 2092 Egypti
1709 2065 1779 2092 pra:-

994 2103 1047 2131 tori
1060 2104 1168 2131 amicus
1182 2107 1320 2138 notusque
1339 2107 1422 2136 esset,
1446 2110 1543 2130 eorum
1560 2103 1691 2139 utrinque
1723 2104 1775 2130 mi-

995 2149 1075 2176 nistri
1107 2149 1294 2177 conﬂuebant.
1322 2149 1454 2183 Quocirca
1471 2149 1555 2177 etiam
1578 2157 1635 2185 quo
1653 2155 1778 2185 tempore

995 2194 1130 2223 Dominus
1147 2199 1241 2222 nastcr
1256 2202 1288 2223 ac
1302 2195 1373 2223 Deus
1387 2195 1531 2223 Paternam
1547 2195 1664 2230 implens
1679 2196 1778 2224 volun-

995 2246 1088 2274 tatem,
1117 2241 1266 2269 salutarem
1301 2242 1459 2270 hominihus
1484 2242 1654 2277 proponebat
1675 2242 1779 2270 doctri-

996 2295 1070 2319 nam,
1091 2288 1256 2322 eximiisque
1277 2294 1310 2315 ac
1333 2287 1477 2322 stupendis
1494 2287 1632 2316 miraculis
1654 2289 1680 2315 in
1701 2295 1779 2315 suam

157 2335 316 2370 ὑπερφυῶν,
339 2334 386 2361 καὶ
415 2333 574 2368 παραδόξων
597 2332 742 2367 θαυμάτων
757 2332 797 2364 εἰς
813 2331 864 2366 τὴν
881 2330 939 2366 περλ

998 2332 1077 2360 fidem
1097 2333 1238 2360 hominum
1266 2333 1350 2361 corda
1362 2334 1486 2369 cogehat,
1506 2333 1620 2366 accidit,
1635 2337 1665 2361 ut
1677 2334 1779 2369 Augari

158 2381 240 2407 αὐτὸν
267 2380 360 2407 πίστιν
384 2380 447 2411 τοὺς
474 2377 634 2415 ἀνθρώπους
660 2377 821 2413 ιπίστρεφε,
843 2376 942 2412 συνέϐη

157 2427 212 2453 τῶν
228 2426 274 2452 τοῦ
288 2425 414 2461 Αὑγάρου
431 2425 576 2461 ὑπηρετῶν
593 2434 654 2452 τινα
674 2423 798 2451 ’Δνανίαν
812 2421 944 2458 ὀνομαζό-

159 2481 251 2508 μενον,
266 2472 334 2507 πρὸς
348 2472 397 2508 τὴν
409 2472 547 2506 Αιγυπτον
557 2471 601 2498 διὰ
611 2471 661 2506 τῆς
675 2469 854 2504 Παλαιστίνης
871 2469 944 2495 ἰόντα

159 2519 327 2553 περιτυχεῖν,
358 2518 406 2545 καὶ
425 2517 568 2553 πόρρωθεν
588 2516 737 2544 θεάσασθαι
752 2515 798 2542 τὸν
816 2514 943 2549 Χριστὸν,

158 2564 192 2590 τὰ
206 2563 296 2598 πλήθη
307 2563 363 2595 τοῖς
381 2563 469 2597 λόγοις
493 2562 544 2597 τῆς
556 2562 659 2597 πλάνης
681 2561 833 2594 ὲξέλκοντα,
850 2559 944 2587 καὶτὰ

159 2609 214 2636 τῶν
229 2609 376 2644 θαυμάτων
401 2609 579 2636 ἐπιτελοῦντα
604 2608 754 2643 παράδοξα.
780 2607 824 2638 Ὠς
836 2606 883 2633 οὖν
894 2607 944 2641 τὴν

159 2655 203 2682 ἐπ’
217 2655 353 2689 Αἴγυπτον
378 2655 491 2690 πορείαν
505 2655 625 2690 διήνυσε,
638 2654 686 2681 καὶ
710 2654 775 2688 cupi.
799 2650 837 2679 ὧν
851 2652 945 2679 ἐπετέ-

159 2709 265 2736 τραπτο
288 2700 434 2734 διαλαϐὼν,
458 2699 679 2734 ἂνθυπέστρεφεν
703 2700 750 2726 ἐπὶ
770 2699 813 2725 τὸν
843 2698 945 2733 Κύριον

995 2378 1184 2406 ministrorum
1210 2379 1320 2414 quidam
1350 2379 1473 2407 Ananias
1504 2380 1627 2412 nomine,
1654 2379 1719 2407 dum
1750 2379 1779 2406 iu

995 2424 1141 2461 Egyptum
1152 2433 1199 2460 per
1210 2424 1383 2453 Palaestinam
1395 2425 1447 2453 iter
1458 2426 1581 2458 haberet,
1595 2426 1622 2452 in
1636 2425 1777 2453 Christum

996 2472 1141 2504 incideret.
1161 2479 1279 2508 eumque
1305 2472 1415 2500 eminus
1441 2472 1573 2500 doctrina
1595 2472 1619 2499 vi
1635 2471 1670 2498 ab
1684 2478 1780 2499 errore

997 2517 1094 2544 turbas
1107 2521 1292 2548 revocantem,
1304 2523 1336 2544 ac
1351 2516 1461 2544 insolita
1476 2517 1605 2551 omnique
1621 2516 1672 2543 fide
1690 2516 1780 2550 majo-

998 2569 1028 2588 ra
1046 2562 1179 2589 miracula
1195 2566 1346 2598 patrantem
1363 2563 1545 2597 conspiceret.
1558 2562 1705 2596 Postquam
1715 2569 1782 2596 ergo

998 2607 1050 2635 iter
1075 2609 1101 2634 iu
1121 2607 1269 2643 Egyptum
1308 2608 1475 2639 confecerat,
1506 2608 1593 2642 iisque
1620 2607 1782 2642 perfunctus

998 2661 1060 2688 qua:
1075 2654 1101 2680 in
1120 2654 1256 2682 mandatis
1269 2658 1424 2689 acceperat,
1447 2653 1481 2680 ad
1510 2653 1606 2681 herum
1625 2653 1782 2681 reverteba-

999 2703 1055 2726 tur.
1081 2699 1150 2727 Cum
1182 2700 1262 2736 longa
1285 2707 1347 2727 eum
1364 2699 1453 2728 morbi
1479 2699 1638 2728 articularis
1653 2700 1716 2727 tabe
1731 2707 1782 2727 ct-

908 2777 1025 2806 NOTAE.

198 2838 236 2872 (Ξ)
252 2836 345 2874 Potius
364 2836 441 2871 δοκῇ.
456 2835 527 2869 Quae
549 2835 607 2874 hic.
625 2840 753 2874 notamus
766 2856 773 2868 ,
792 2834 948 2870 sphalmala
969 2835 1095 2865 videntur
1108 2837 1315 2874 typograpliica,
1332 2843 1451 2873 quorutn
1473 2840 1564 2865 tamen
1579 2835 1710 2864 nonnulla
1731 2836 1783 2871 ipsi

160 2870 376 2902 cliteitdayintus.
392 2870 453 2898 cum
471 2875 547 2899 certo
561 2870 717 2905 lmjusmodi
735 2875 837 2899 essent.

319 2918 453 2948 ΡΑτιιοιη
477 2917 535 2947 Gn.
560 2917 662 2948 CXllI.

1578 2912 1612 2943 Η
