1938 3070
169 149 221 181 431

660 142 916 173 CONSTANTINI
936 125 1284 173 PORPIIYROGENITI.

1746 141 1803 174 432

173 213 233 234 rum
248 203 357 239 quidem
375 201 465 236 lingua
477 198 627 231 Memmiclt,
642 198 773 234 Syrorum
786 205 851 225 vero
864 196 961 224 Mabuc

1021 198 1070 224 ltov
1091 197 1137 224 καὶ
1156 199 1206 232 τῆς
1223 198 1300 224 νόσου
1329 196 1396 224 αὐτὸ
1416 198 1478 232 σχῇ.
1498 196 1541 229 Ὠς
1555 196 1601 224 οὖν
1621 197 1802 233 ὑποστρέφω-δ

173 252 284 282 dicitur,
304 252 380 277 extra
410 245 540 282 oppidum
565 252 628 272 cum
654 243 824 275 divertissct,
847 243 957 278 illicque

173 298 226 324 loci
250 295 404 331 tegularum
418 299 514 320 recens
531 295 674 318 coctarum
708 289 836 316 cumulus
858 296 959 323 conge-

172 344 232 368 stus
262 342 348 370 esset,
380 337 407 364 in
432 336 473 364 eis
484 335 606 362 Auanias
625 341 732 362 sacrum
752 332 819 361 illud
844 333 958 360 linteum

172 384 328 413 abscondit.
348 383 388 410 Ad
407 381 525 409 mediam
550 384 642 407 autem
662 383 782 411 noctem,
807 378 904 414 ingens
917 379 959 406 in-

172 430 262 458 cendii
283 429 325 457 vis
353 431 411 456 toto
427 426 532 454 circum
548 425 610 452 loco
633 423 733 452 diffusa
759 425 902 460 apparuit;
919 424 960 452 vi-

174 483 291 510 sumque
309 473 453 510 oppidanis
473 472 566 500 omnia
588 471 685 507 procul
706 471 814 503 ardere,
848 475 877 498 ut
903 471 962 499 suis

174 522 229 556 jam
252 521 337 548 rebus
365 518 463 550 difﬁsi,
495 517 577 545 eil‘usi
602 515 753 549 mcenibus,
778 515 813 544 de
835 516 963 544 incendio

175 566 256 601 cujus
269 564 388 593 terrillca
400 564 507 599 species
520 563 627 597 objecta
653 562 743 589 fuerat
758 562 961 596 perquirerent.

160 612 250 639 -lnter
264 611 323 639 haec
340 610 480 637 inventum
496 607 733 640 Anauiammelut
755 606 886 635 facinoris
915 614 964 634 au-

161 662 281 685 ~ctorem
294 660 396 688 leuent,
410 663 442 683 ac
453 655 518 690 quid
531 654 603 682 istud
619 654 657 681 rei
671 654 849 689 interrogant,
865 653 964 688 quisve

176 706 236 740 ipse
248 704 284 732 sit
298 710 329 731 ac
351 710 407 738 quo
423 702 514 734 vadat,
531 705 560 729 et
582 700 654 728 unde
668 699 808 735 prolectus
820 700 963 728 sciscitan-

168 755 234 779 'tur.

1012 243 1080 279 μετὰ
1102 243 1205 270 τούτων
1226 243 1360 274 Ἀνανίας,
1374 243 1413 274 είς
1428 242 1458 269 ab
1479 243 1600 277 κάστρον
1621 243 1802 278 Ἰεραπόλεως

1011 289 1138 324 ἔφθασεν,
1150 289 1164 315 ὃ
1177 290 1210 325 τῇ
1221 289 1270 325 μὲν
1279 289 1447 324 Σαρακηνῶν
1459 290 1535 324 φωνῇ
1548 289 1664 324 Μεμμὶχ
1678 289 1801 323 λέγεται,

1011 337 1044 371 τῇ
1059 336 1086 362 δὲ
1100 335 1154 363 τῶν
1166 335 1259 371 Σύρων
1269 335 1396 368 Μαϐοὺκ,
1408 334 1507 368 ἔξωθεν
1519 335 1566 362 τοῦ
1578 335 1698 362 τοιούτου
1715 343 1804 362 κατα-

1011 382 1095 414 λύσας
1114 382 1292 417 πολίσματος,
1308 381 1426 416 σωρείας
1449 382 1578 417 κεράμων
1603 382 1701 408 νεωστὶ
1714 390 1803 409 κατα-

1014 427 1218 455 σκευασθέντων
1246 427 1335 454 ὲκείσε
1360 427 1500 462 κειμένης,
1526 426 1643 454 ἐνταῦθα
1667 427 1698 454 τὸ
1727 428 1805 463 ἱερὸν

1011 472 1100 499 ἐκεῖνο
1115 472 1197 507 ῥάκος
1209 472 1224 498 ὸ
1240 471 1365 503 Ἀνανίας
1389 472 1543 507 ἀπέκρυψε.
1557 473 1613 499 Καὶ
1633 473 1696 508 περὶ
1714 473 1805 509 μέσης

1013 519 1111 550 νυκτὸς
1127 517 1183 553 πῦρ
1207 518 1292 552 ὲφάνη
1309 517 1378 544 πολὺ
1392 518 1422 545 τὸ
1436 518 1557 544 τοιοῦτον
1571 518 1671 555 χωρίον
1685 527 1804 553 περικυ-

1013 563 1105 597 κλοῦν,
1122 563 1159 595 ὡς
1174 563 1248 595 ἐντὸς
1266 563 1314 590 τοῦ
1327 563 1424 595 ἄστεος
1447 564 1535 590 δοκεῖν
1563 564 1653 591 πάντα
1669 564 1704 591 τὰ
1720 564 1805 599 πέριξ

1013 608 1083 643 πυρὶ
1099 607 1329 643 καταφλέγεσθαι,
1346 608 1394 636 καὶ
1416 610 1480 645 περὶ
1497 609 1601 636 ἑαυτῶν
1624 610 1675 645 ἠδη
1696 609 1806 636 δείσαν-

1014 663 1064 686 τας
1073 654 1239 687 ὑπεξελθεῖν,
1255 655 1300 682 καὶ
1313 655 1502 690 διερευνᾶσθαι
1515 657 1579 691 περὶ
1590 656 1644 691 ’τῆς
1660 656 1806 692 ὁρωμένης

1016 701 1164 736 πυρκαϊᾶς.
1183 701 1286 727 Ἐκεῖσε
1301 700 1329 728 δὲ
1341 701 1386 728 τὸν
1408 702 1532 729 Ἀνανίαν
1546 702 1702 738 εὑρεθέντα,
1714 703 1807 728 συνεῖ-

1018 755 1065 781 χον
1088 747 1126 779 ὡς
1148 747 1300 781 αὐτουργὸν
1323 746 1370 774 τοῦ
1386 747 1572 783 τολμήματος.
1586 748 1640 776 Καὶ
1658 748 1806 784 διερεύνων

172 799 209 825 νιδ
234 796 299 832 περὶ
322 795 369 822 τοῦ
386 793 564 830 πράγματος,
580 793 627 820 καὶ
641 792 683 824 τίς
699 801 729 819 τε
744 792 788 827 εἴη
809 792 900 826 αὐτὸς,
915 792 963 819 καὶ
974 793 1022 819 ποῖ
1037 792 1151 828 βαδίζοι,
1168 793 1216 820 καὶ
1232 793 1304 827 ὅθεν,
1317 794 1533 823 διεπυνθάνοντο.

213 856 259 883 IX.
280 855 388 888 Auceps
404 851 487 879 animi
505 851 625 878 Auanias
643 857 694 885 pro
714 851 813 878 alienae
831 850 963 878 crimina-

1050 850 1088 879 Θ¹.
1114 852 1157 883 Ὠς
1173 851 1202 879 δὲ
1223 851 1263 887 τῷ
1282 852 1418 888 ἀλλοκότῳ
1433 853 1636 888 τῆςλαίτήσεως
1650 853 1665 880 ὁ
1681 854 1807 886 ’Δνανίας

179 902 262 930 tionis
285 898 417 934 periculo.
434 896 543 924 interim
562 899 657 923 narrat
679 896 750 923 unde
774 896 821 929 sit,
844 899 871 924 et
892 896 966 923 unde

179 948 280 980 veniat,
297 951 415 980 quamve
427 943 564 970 sarcinam
583 942 673 975 lerat;
687 942 781 976 aitque
795 949 825 969 se
840 941 867 968 in
887 946 965 976 tegu-

178 994 212 1021 lis
237 990 412 1027 deposuisse,
442 988 515 1016 unde
538 988 628 1016 visum
652 986 767 1014 accendi
797 985 966 1014 incendium.

178 1040 240 1068 Mox
256 1039 348 1073 itaque
366 1044 424 1065 rem
444 1039 475 1063 ut
492 1042 557 1062 vere
571 1038 645 1062 esset
664 1033 796 1062 noscendi
817 1033 902 1066 avidi,
925 1033 967 1060 lo-

180 1093 243 1113 cum
259 1086 427 1115 scrutantes,
442 1089 498 1108 nou
516 1081 568 1108 hoc
592 1080 681 1108 solum
697 1078 872 1107 oll‘enderunt
895 1078 968 1114 quod

174 1132 216 1160 .ab
229 1130 335 1159 Anania
352 1129 408 1156 illic
424 1126 564 1155 conditum
579 1129 649 1158 erat,
662 1125 710 1153 sed
729 1129 756 1152 et
769 1125 795 1152 in
809 1131 862 1152 uua
878 1124 969 1152 vicina

170 1177 272 1213 ‘4egula
287 1176 406 1203 divinam
421 1173 496 1201 illam
516 1178 676 1207 expressam
696 1170 824 1205 elligiem,
846 1169 969 1198 inaudito

167 1223 274 1255 umodo,
289 1226 317 1249 et
332 1225 361 1248 ut
381 1227 463 1247 nemo
481 1222 571 1246 mente
590 1216 699 1253 assequi
720 1221 813 1252 queat,
827 1223 861 1244 ex
878 1216 970 1252 priore

176 1279 236 1298 anon
253 1266 411 1297 manufacto
428 1266 511 1293 linteo
523 1264 675 1292 deformata
694 1264 813 1299 imagine
829 1268 904 1291 testae
917 1263 970 1290 im-

182 1322 315 1351 pressam.
331 1312 410 1346 Quod
426 1320 488 1339 cum
505 1311 644 1339 vidissent
663 1309 736 1346 pleni
756 1314 870 1344 stupore
880 1313 907 1337 et
920 1308 970 1335 ad-

175 1361 339 1393 miratione,
355 1365 413 1387 tum
428 1358 489 1393 ejus
506 1357 545 1384 rei
565 1356 686 1387 nomine.
712 1360 772 1382 tum
798 1354 872 1390 quod
899 1353 971 1389 ignis

175 1409 281 1436 ardens
294 1413 429 1441 nusquam
442 1404 622 1434 occurrisset,
635 1402 682 1430 sed
693 1409 725 1429 ex
740 1402 836 1429 formae
846 1401 973 1428 claritate

182 1456 241 1482 visa
255 1456 330 1482 esset
345 1451 456 1478 ﬂamma
472 1450 610 1481 emicare;
631 1447 752 1482 tegulam
772 1446 895 1481 quidem,
910 1452 973 1480 quae

183 1501 304 1528 divinam
319 1499 347 1525 in
361 1505 390 1525 se
404 1497 537 1523 hauserat
552 1494 682 1525 formam,
702 1495 778 1520 velut
793 1499 902 1519 sacrum
921 1491 974 1518 ali-

1015 897 1182 932 διηπορεῖτο,
1196 897 1264 929 τέως
1275 906 1307 932 γε
1322 898 1383 926 ὅθεν
1398 899 1452 933 εἴη,
1466 899 1513 925 καὶ
1528 898 1610 925 πόθεν
1621 899 1740 934 ἔρχεται,
1757 900 1807 925 καὶ

1016 943 1043 970 τι
1056 944 1214 978 ἐπιφέρεται
1224 943 1383 979 διεσάφησε,
1394 945 1441 972 καὶ
1452 944 1603 972 ἀποθέσθαι
1615 945 1644 971 ὲν
1654 946 1708 977 τοῖς
1722 945 1805 980 κερά-

1020 998 1080 1025 μοις
1101 990 1218 1024 ὲδήλωσε
1235 990 1267 1017 τὸ
1283 991 1493 1026 ἐπιφερόμενον,
1509 991 1570 1018 ὅθεν
1585 991 1672 1018 ἐδόκει
1688 992 1809 1019 ἀνάπτε-

1019 1035 1081 1063 σθαι
1091 1036 1138 1062 καὶ
1152 1037 1168 1071 ἠ
1185 1036 1261 1071 φλόξ.
1270 1036 1359 1068 Εὐθὺς
1366 1037 1395 1063 δὲ
1407 1037 1506 1064 ἐκεῖνοι
1521 1037 1570 1072 τὴν
1581 1037 1637 1064 τῶν
1651 1038 1808 1072 λεγομένων

1020 1082 1196 1118 βουληθέντες
1208 1083 1354 1117 διαγνῶναι
1367 1083 1507 1119 ἀλήθειαν,
1518 1084 1564 1111 τὸν
1576 1084 1657 1111 τόπον
1667 1084 1808 1120 διερευνη-

1021 1127 1144 1162 σάμενοι,
1162 1124 1241 1162 εὖρον
1255 1127 1286 1154 οὐ
1303 1127 1383 1163 μόνον
1397 1128 1428 1155 τὸ
1447 1129 1499 1155 ὑπὸ
1513 1128 1560 1155 τοῦ
1579 1129 1700 1155 Ἀνανίου
1715 1130 1806 1156 ἐκεῖσε

1019 1172 1163 1204 ἀποτεθὲν,
1177 1172 1245 1203 ἀλλὰ
1259 1173 1305 1199 καὶ
1321 1174 1350 1201 έν
1365 1173 1404 1209 τῷ
1415 1173 1593 1209 πλησιάζοντι
1607 1173 1661 1200 τῶν
1678 1174 1809 1209 κεράμων

1020 1219 1078 1252 ἑνὶ,
1107 1219 1201 1255 ἕτερον
1236 1219 1389 1255 ἑκτύπωμα
1422 1219 1470 1246 τοῦ
1494 1219 1567 1247 θείου
1607 1220 1808 1255 ἀπεικονίσμα-

1020 1273 1082 1296 τος,
1112 1264 1272 1299 παραδόξως
1290 1264 1338 1291 καὶ
1366 1264 1436 1300 ὑπὲρ
1461 1263 1524 1291 νοῦν
1554 1265 1601 1291 ἐπὶ
1628 1265 1659 1291 τὸ
1675 1265 1809 1300 ὕστρακον

1021 1309 1077 1336 ἀπὸ
1104 1308 1152 1336 τοῦ
1178 1309 1338 1344 ὑφάσματος
1368 1309 1418 1343 τῆς
1437 1309 1562 1344 ἀγράφου
1587 1310 1810 1345 μεταγραφείσης

1024 1356 1141 1390 μορφῆς.
1164 1355 1197 1381 Ὀ
1221 1355 1268 1381 καὶ
1289 1355 1463 1390 θεασάμενοι,
1473 1356 1520 1381 καὶ
1542 1355 1646 1390 θάμὸος
1670 1355 1737 1391 ὁμοῦ
1762 1356 1811 1382 καὶ

1022 1400 1182 1436 ἐκπλήξεως
1196 1400 1336 1435 γενόμενοι
1351 1400 1474 1435 ἔμπλεῳ,
1485 1401 1529 1428 διά
1548 1410 1573 1428 τι
1591 1401 1682 1434 τοῦτο,
1698 1402 1746 1428 καὶ
1766 1402 1812 1428 διὰ

1023 1446 1053 1473 τὸ
1071 1446 1197 1482 μηδαμοῦ
1215 1445 1270 1482 πῦρ
1281 1446 1427 1482 εὑρεθῆναι
1445 1447 1603 1482 καιόμενον,
1620 1447 1678 1473 ἀλλ’
1692 1447 1746 1474 ἀπὸ
1761 1449 1812 1482 τῆς

1024 1492 1053 1518 ὲν
1068 1493 1101 1528 τῇ
1120 1493 1210 1528 μορφῇ
1232 1491 1404 1527 λαμπηδόνος
1415 1491 1489 1524 δόξαι
1499 1493 1548 1527 τὴν
1564 1493 1650 1527 φλόγα
1667 1493 1811 1526 ἐκπέμπε-

183 1544 258 1580 quod
274 1543 375 1578 pignus
391 1548 422 1568 ac
438 1539 590 1576 pretiosum
606 1538 778 1569 thesaurum,
795 1536 868 1571 apud
881 1543 912 1564 se
927 1543 969 1563 re-

1023 1536 1097 1570 σθαι,
1112 1536 1159 1564 τὸν
1173 1537 1223 1572 μὲν
1240 1537 1362 1573 κέραμον
1379 1537 1426 1564 τὸν
1444 1538 1658 1573 ἀπομαξάμενον
1675 1539 1703 1565 ὲν
1720 1538 1811 1573 ἑαυτῷ

185 1592 335 1621 tinuerunt,
358 1587 477 1615 divinam
498 1585 579 1620 hujus
598 1584 652 1612 vim
674 1591 708 1611 ex
731 1590 764 1611 eo
785 1583 858 1618 quod
880 1582 972 1610 visum

185 1640 243 1665 erat
269 1634 480 1668 coujectnntes:
508 1630 627 1666 primum
657 1634 746 1657 autem
771 1627 923 1664 exemplar,
946 1631 974 1656 et

174 1683 246 1716 'ejus
262 1680 418 1707 ministrum
437 1676 516 1704 veriti
535 1675 663 1708 retinere,
678 1675 711 1702 ad
729 1674 868 1710 Augarum
889 1672 973 1700 mise-

187 1730 261 1754 runt.
280 1725 474 1757 lluctenusquc
492 1720 638 1748 incolumis
651 1724 704 1754 est,
722 1727 754 1748 ac
769 1719 972 1747 venerationem

186 1772 269 1799 habet
289 1768 360 1804 apud
379 1768 440 1803 ejus
463 1765 585 1801 oppiduli
612 1765 725 1798 incolas,
749 1771 810 1799 qua:
832 1763 859 1791 in
884 1763 974 1797 tegula

172 1828 176 1841 :
187 1818 275 1844 forma
284 1821 414 1850 expressa
423 1818 464 1840 est
474 1821 482 1846 ;
494 1812 554 1847 ejus
567 1819 628 1846 quae
639 1818 692 1838 non
705 1810 776 1845 picta
789 1814 842 1842 est,
851 1809 911 1844 ipsa
919 1816 974 1836 non

171 1864 258 1897 .picta
274 1858 457 1894 imago;cjus
482 1865 544 1892 qua:
569 1864 623 1884 non
649 1855 817 1887 manulacla,
841 1854 901 1889 ipsa
919 1862 975 1881 non

180 1906 356 1936 .manulacta.
370 1904 491 1931 Ananiae
504 1908 607 1933 autem.
626 1905 738 1937 peracto
755 1900 829 1935 quod
846 1899 974 1935 proposi-

187 1958 244 1980 tum
260 1956 320 1980 erat
332 1951 438 1982 itiuerc,
454 1956 515 1984 qua:
528 1949 638 1976 interim
650 1950 726 1983 gesta
741 1946 897 1974 acciderant
908 1945 975 1973 hero

186 1998 346 2032 declaravit,
362 2004 394 2024 ac
407 2004 467 2031 qua:
485 1995 589 2023 ferebat
616 1992 749 2022 salutaria
770 1991 894 2028 symbols
912 1991 974 2019 red-

186 2043 267 2071 didit.

208 2142 257 2171 "X.
279 2142 387 2170 Et‘hmc
403 2142 512 2177 quidem
533 2141 693 2177 pervulgata
713 2141 805 2177 opinio
820 2141 855 2169 de
865 2149 897 2169 ea
913 2141 975 2169 Sal-

1024 1583 1054 1610 τὺ
1068 1582 1139 1610 Θεῖον
1153 1583 1314 1618 ἔκτύπωμα,
1327 1584 1460 1619 κατέσχον
1473 1585 1537 1619 παρ’
1553 1585 1669 1618 ἑαυτοῖς,
1681 1585 1775 1620 ὥσπερ
1786 1593 1812 1612 τι

1026 1629 1168 1665 κειμήλιον
1188 1629 1270 1664 ἱερὸν,
1294 1629 1341 1656 καὶ
1363 1629 1510 1666 πολύτιμον
1531 1630 1677 1666 θησαυρὸν,
1696 1631 1750 1657 ἀπὸ
1761 1630 1813 1658 τοῦ

1025 1674 1171 1710 ὸραθέντος
1188 1674 1239 1710 τὴν
1253 1674 1319 1710 περὶ
1333 1674 1399 1702 αὐτὸ
1413 1675 1611 1711 στοχασάμενοι
1633 1676 1709 1703 θείαν
1736 1675 1813 1710 ὲνέρ-

1026 1728 1115 1755 γιιαν·
1126 1720 1306 1755 -πριιηότυπον
1321 1720 1360 1752 δὲ,
1373 1720 1423 1747 καὶ
1441 1721 1487 1746 τὸν
1502 1720 1599 1748 τούτου
1617 1721 1740 1748 διάκονον
1757 1721 1814 1748 δεί-

1028 1773 1122 1797 σαντες
1142 1765 1303 1800 κατασχεῖν,
1320 1764 1486 1791 ἀπέστειλαν
1516 1765 1584 1800 πρὸς
1605 1765 1651 1791 τὸν
1677 1765 1813 1800 Δῦγαρον.

1027 1811 1083 1838 Καὶ
1094 1810 1142 1838 νῦν
1156 1811 1214 1837 ἔστι
1227 1810 1367 1846 σωζομένη
1383 1812 1431 1837 καὶ
1448 1811 1592 1845 τιμωμένη
1605 1811 1679 1846 παρὰ
1695 1812 1751 1843 τοῖς
1763 1811 1814 1846 τῆς

1026 1857 1156 1892 τοιαύτης
1181 1857 1309 1892 πολίχνης
1342 1857 1509 1892 οἰκήτορσιν,
1529 1857 1546 1892 ἡ
1573 1857 1602 1884 ἐν
1630 1857 1669 1892 τῷ
1700 1858 1813 1892 κεράμῳ

1029 1903 1132 1939 μορφὴ.
1152 1903 1201 1938 τῆς
1226 1903 1332 1938 μορφῆς
1353 1902 1404 1938 τῆς
1429 1903 1553 1938 ἀγράφου
1573 1903 1590 1938 ἠ
1610 1902 1744 1938 ἄγραφος.
1767 1903 1813 1930 καὶ

1027 1950 1076 1984 τῆς
1099 1948 1307 1984 ἀχειροτεύκτου
1328 1948 1345 1982 ἡ
1362 1948 1579 1983 ἁχειρότευκτος.
1599 1947 1628 1974 '0
1642 1947 1670 1974 Bs
1688 1948 1814 1979 ’Δνανίας

1026 1995 1076 2031 τὴν
1090 1994 1274 2031 προκειμένην
1291 1994 1366 2029 αὑτῷ
1384 1994 1497 2030 πορείαν
1513 1994 1658 2030 διηνυκὼς,
1669 1994 1708 2029 τῷ
1727 1994 1814 2030 κυρίῳ

1027 2040 1110 2068 αὑτοῦ
1123 2041 1158 2068 τὰ
1175 2040 1277 2076 μεταξὺ
1288 2040 1478 2075 διετράνωσεν,
1491 2039 1610 2071 ἀποδοὺς
1620 2040 1667 2067 καὶ
1681 2040 1698 2067 ἃ
1714 2040 1813 2074 ἐπεφέ-

1029 2095 1092 2123 ρετο
1107 2087 1229 2123 σωτήρια
1238 2086 1371 2122 σύμϐολα.

1063 2145 1091 2171 l'.
1108 2144 1163 2171 Καὶ
1177 2141 1255 2176 οὗτος
1269 2143 1319 2179 μὲν
1329 2144 1343 2170 ὸ
1361 2142 1436 2178 παρὰ
1452 2143 1506 2169 τῶν
1522 2142 1654 2170 πλειόνων
1669 2143 1814 2178 λεγόμενος

177 2190 291 2217 ’νδῑοῐίε
307 2188 394 2216 forma
406 2196 461 2216 non
478 2187 646 2219 mauulacta,
661 2195 723 2222 qua:
738 2187 872 2222 impressa
891 2187 969 2215 lintec

1027 2190 1122 2225 λόγος,
1148 2190 1212 2225 περὶ
1237 2190 1288 2225 τῆς
1313 2190 1343 2216 ἐν
1365 2188 1404 2225 τῷ
1428 2190 1569 2223 ὑφάσματι
1594 2189 1696 2225 ταύτης
1727 2190 1814 2224 ἀγρά-

173 2239 240 2263 -est.
261 2234 361 2261 Fertur
377 2241 442 2260 vero
460 2237 488 2261 et
506 2233 559 2260 alia
574 2233 609 2260 de
628 2232 675 2260 illa
691 2233 824 2266 narratio,
843 2240 893 2260 nec
915 2233 974 2268 ipsa

175 2282 223 2309 .ab
247 2280 340 2316 specie
361 2279 418 2306 veri
441 2277 586 2312 remotior,
601 2282 650 2305 aut
664 2285 724 2313 qua:
743 2278 837 2312 probis
860 2279 975 2306 leSIibus

187 2331 292 2356 careat.
308 2325 492 2359 Quamobrem
510 2325 593 2352 etiam
606 2331 754 2358 exponam,
769 2331 804 2351 ne
819 2331 862 2351 me
878 2323 978 2359 aliquis

186 2373 327 2402 existimet
351 2372 467 2400 alterius
488 2370 656 2406 ignorantia,
673 2369 787 2397 alterius
807 2369 886 2397 tidem
903 2377 978 2405 quae-

187 2428 259 2449 rere.
275 2419 332 2448 Nec
354 2425 469 2454 prorsus
490 2417 603 2449 mirum,
628 2419 706 2444 tanto
723 2415 853 2450 temporis
877 2416 978 2451 spatio,

184 2467 261 2494 haud
277 2472 341 2493 raro
358 2464 418 2492 falsi
434 2462 581 2499 aliquid‘in
595 2461 738 2489 historiam
751 2468 931 2490 commeasse.
947 2460 976 2488 In

187 2521 222 2540 eo
233 2512 346 2548 quidem
362 2509 489 2547 quodrei
507 2512 591 2544 caput
606 2512 657 2541 est,
673 2515 770 2535 omnes
785 2506 897 2543 perinde
909 2515 976 2536 con-

182 2559 328 2590 sentiunt;
345 2564 434 2592 exque
457 2555 535 2584 vultu
561 2554 716 2586 Dominico,
741 2554 866 2581 inaudito
883 2553 975 2586 modo,

188 2604 352 2639 impressam
368 2603 452 2630 linteo
467 2601 583 2629 formam
607 2603 756 2628 asserunt:
772 2600 806 2627 de
825 2600 863 2627 rei
882 2603 974 2626 autent

187 2649 279 2684 aliquo
289 2648 427 2676 accidenti
437 2647 487 2682 .(de
499 2652 626 2680 tempore
639 2645 755 2680 scilicet)
770 2650 812 2673 est
827 2645 974 2673 dissensio.

1027 2244 1078 2270 φου
1113 2234 1221 2270 μορφῆς
1235 2234 1283 2262 τοῦ
1309 2234 1435 2269 Σωτῆρος
1463 2233 1553 2268 ἡμῶν.
1581 2233 1695 2268 Λέγεται
1728 2233 1756 2260 δέ
1773 2242 1814 2265 τις

1026 2282 1077 2308 καὶ
1102 2281 1196 2316 ἕτερος
1218 2280 1283 2316 περὶ
1313 2280 1409 2307 τούτου
1443 2280 1539 2314 λόγος,
1565 2279 1627 2307 οὕτε
1649 2279 1679 2306 τδ
1701 2279 1815 2306 πιθανὸν

1029 2325 1191 2360 ὲκφεύγων,
1209 2324 1270 2352 οὕτε
1301 2325 1448 2361 μαρτύρων
1476 2325 1603 2360 χρηστῶν
1627 2324 1748 2359 ἀπορῶν.
1769 2325 1815 2351 Διδ

1030 2370 1078 2397 καὶ
1100 2369 1195 2396 τοῦτον
1225 2369 1379 2405 ἐκθήσομαι
1392 2389 1400 2401 ,
1426 2369 1470 2395 ῐνα.
1500 2369 1537 2405 μή
1578 2377 1620 2400 τις
1655 2369 1814 2404 ὐποτοπάσῃ

1031 2416 1061 2443 ἐν
1077 2415 1116 2451 τῷ
1137 2415 1245 2449 ἀγνοεῖν
1260 2415 1375 2448 τοῦτον,
1402 2415 1548 2451 κρατύνειν
1569 2415 1615 2442 τὸν
1636 2415 1737 2450 ἕτερον.
1762 2415 1815 2441 Καὶ

1023 2461 1132 2491 πάντως
1161 2461 1236 2488 οὐδὲν
1265 2461 1423 2496 θαυμαστὸν
1439 2463 1469 2488 ὲν
1492 2462 1618 2497 τοσούτῳ
1644 2461 1732 2496 χρόνῳ
1745 2461 1814 2487 πλα-

1024 2507 1121 2536 νᾶσθαι
1143 2507 1276 2539 πολλάκις
1292 2507 1342 2542 τὴν
1364 2507 1496 2542 ἱστορίαν.
1514 2507 1581 2542 Περὶ
1598 2507 1650 2542 μὲν
1664 2507 1696 2533 τδ
1710 2506 1814 2541 καίριον

1022 2554 1071 2589 τῆς
1083 2553 1247 2584 ὑποθέσεως,
1257 2554 1358 2588 ὁμοίως
1372 2553 1475 2585 πάντες
1488 2553 1684 2588 συμφέρονται,
1695 2553 1742 2579 καὶ
1749 2553 1815 2586 ὁμο-

1022 2597 1157 2632 λογοῦσιν,
1167 2597 1221 2624 ἀπὸ
1230 2597 1277 2624 τοῦ
1288 2598 1428 2634 Κυριακοῦ
1443 2598 1589 2634 προσώπου
1603 2598 1652 2633 τὴν
1661 2599 1690 2625 ὲν
1699 2598 1738 2634 τῷ
1748 2599 1816 2633 ὑφά-

1024 2653 1107 2680 σματι
1129 2645 1320 2679 ὲκτυπωοῆναι
1336 2646 1496 2680 παραδόξως
1517 2646 1636 2682 μορφήν.
1650 2646 1718 2680 Περὶ
1726 2645 1814 2672 sere»;

189 2694 262 2723 Nihil
275 2700 365 2722 tamen
376 2693 461 2726 istud,
473 2692 607 2728 quidquid
620 2696 674 2725 est,
688 2691 795 2720 veritati
808 2695 899 2724 nocet,
916 2691 969 2720 sive

1021 2691 1067 2718 τοῦ
1093 2691 1265 2727 πράγματος,
1283 2692 1342 2727 ἦτοι
1355 2692 1401 2720 τὸν
1416 2692 1454 2728 (8)
1473 2693 1569 2728 καιρὸν
1581 2693 1768 2728 διαφέρονται.
1781 2692 1814 2717 ὐ

939 2780 1056 2808 NOTAE.

226 2848 265 2884 (8)
280 2847 372 2881 Forte,
385 2847 439 2875 τῶν
452 2846 566 2881 καιρῶν,
