1938 3070
130 147 186 182 633

613 154 811 186 NARRATIO
831 157 886 187 DE
898 157 1062 189 IMAGINE
1084 159 1293 191 EDESSEN‘A.

1701 164 1756 197 I3£

132 208 209 235 οὐδὲν
226 209 259 244 τῇ
273 208 386 244 ἀληθείᾳ
410 209 580 244 λυμαίνεται,
600 210 656 238 εἴτε
683 212 832 249 πρότερον,
859 212 915 240 εἴτε

983 221 1045 244 ιΙ-ιιιε
1062 216 1119 245 sive
1132 222 1226 252 postea
1245 218 1347 246 factum
1361 223 1413 248 est.
1432 218 1478 247 Sic
1494 227 1561 248 vero
1582 220 1665 249 altera
1684 230 1752 256 quo.

134 253 248 288 ὕστερον
275 254 395 289 γέγονεν.
428 256 504 290 Ἔχει
525 256 553 282 δὲ
578 256 664 290 οὕτως
692 259 738 285 καὶ
759 258 813 285 τῶν
832 259 920 293 λόγων

983 270 1024 298 [uc
1040 271 1071 291 se
1087 264 1209 292 narratio
1226 264 1317 292 habet.

133 302 238 337 ἕτερος.

171 348 221 376 IA’.
238 349 282 376 Ἐν
295 349 333 384 τῷ
347 349 454 384 μέλλειν
465 352 532 384 φασὶ
541 352 587 378 τὸν
601 352 718 387 Χριστὸν
736 353 784 380 ἐπὶ
795 354 825 380 τὸ
839 354 920 381 ἑκού-

135 402 191 421 σιον
205 394 290 426 πάθος
308 395 406 428 ιλθεῖν,
423 396 505 431 ἡνίκα
521 398 572 432 τὴν
588 397 763 434 ἀνθρωπίνην
777 398 920 427 ἀσθένειαν

134 439 356 474 ἐνδεικνύμενος,
381 441 506 475 ἀγωνιῶν
517 443 609 478 ὡρᾶτο
625 443 672 470 καὶ
691 444 919 480 προσευχόμενος,

134 484 179 511 ὅτε
195 486 242 512 καὶ
257 486 321 518 τοὺς
342 487 456 522 ἱδρῶτας
467 488 552 515 αὑτοῦ
565 489 633 516 ὡσεὶ
647 489 783 526 θρόμϐους
805 491 921 518 σταλάσ-

135 539 193 558 σειν
216 532 331 567 αἵματος
347 533 361 559 6
376 532 424 560 τοῦ
445 534 611 569 Εὑαγγελίου
634 535 713 570 λόγος
736 537 921 572 ὑποσημαίνε-

135 586 180 604 ται
190 585 198 592 ·
210 579 361 612 τηνικαῦτά
367 588 449 613 φασιν
456 581 510 607 ἀπό
520 589 593 613 τινος
603 581 656 608 τῶν
665 582 794 617 μαθητῶν
806 583 923 610 λαϐόντα

134 624 166 652 τὸ
180 623 228 652 νῦν
246 624 412 661 βλεπόμενον
434 626 514 653 τοῦτο
534 627 665 662 τεμάχιον
680 628 727 655 τοῦ
749 628 921 663 ὑφάσματος,

135 671 186 703 τὰς
200 671 254 698 τῶν
264 671 385 706 ἱδρώτων
400 671 511 704 λιϐάδας
526 673 555 699 ὲν
569 673 643 708 αὑτῷ
658 674 863 709 ἀπομάξασθαν
876 677 923 701 καὶ

136 716 238 748 εὐθέως
253 717 443 752 ιντυπωθῆναι
465 718 515 751 τὴν
530 719 673 753 ὁρωμένην
685 719 788 755 ταύτην
806 720 853 747 τοῦ
865 719 924 747 θεο-

137 762 225 794 ειδοῦς
239 762 344 789 ἐκείνου
361 763 447 794 εἴδους
463 763 629 796 ὲκτύπωσιν,
643 764 657 791 ὅ
674 765 714 800 τῷ
727 765 813 800 Θωμᾷ
833 774 923 801 παρα-

117 840 119 842 ,
138 808 267 843 θέμενος,
293 808 364 844 μετὰ
387 809 436 843 τὴν
466 810 505 841 είς
522 809 653 846 οὐρανοὺς
669 810 752 837 αὑτοῦ
763 811 866 845 ἄνοδον,
881 811 925 838 διὰ

138 852 270 880 Θαδδαίου
288 853 404 888 Δῦγάρῳ
417 854 576 881 ἀποστεῖλαι
590 855 751 890 προσέταξε,
763 855 812 890 τὴν
820 855 864 882 διὰ
871 856 925 883 τῶν

139 898 312 933 γραμμάτων
333 884 481 934 ῦτιόσχεσιν
493 884 650 934 ἑκτιληριῦν.
665 884 803 927 Μετὰ-οὖν
815 901 845 928 τὸ
861 902 926 928 άνα-
942 884 962 910 Β

139 943 275 979 ληφθῆναι
285 945 330 971 τὸν
344 945 446 978 Κύριον
456 946 536 980 ἡμῶν
556 946 660 980 Ἰησοῦν
676 946 795 981 Χριστὸν
809 948 849 979 είς
863 948 927 979 τοὺς

138 990 281 1026 οὐρανοὺς,
297 991 359 1022 δοὺς
383 992 397 1017 6
420 991 521 1026 Θωμᾶς
545 991 583 1026 τῷ
600 992 722 1027 Θαδδαίῳ
746 993 796 1028 τὴν
819 993 926 1029 άχειρό-

140 1045 246 1071 γραφον
269 1037 316 1063 τοῦ
341 1037 480 1072 Κυριακοῦ
495 1036 641 1073 προσώπου
658 1039 843 1074 ὲκμόρφωσιν,
859 1039 926 1075 πρὸς

139 1081 186 1108 τὸν
199 1081 324 1117 Δῦγαρον
343 1082 528 1114 ἐξαπέστειλε.

176 1127 225 1154 IB'.
243 1127 413 1155 Καταλαδὼν
434 1128 524 1155 τοίνυν
538 1129 552 1155 6
571 1128 700 1161 Θαδδαῖος
721 1130 770 1165 τὴν
783 1130 925 1162 Ἔδεσσαν,

141 1175 233 1209 ἔμεινε
260 1174 367 1209 πρῶτον
394 1175 471 1210 παρά
493 1184 546 1202 τινι
574 1175 629 1202 τῶν
655 1176 748 1203 αὐτόθι
783 1176 926 1203 Ἰουδαίων.

141 1221 250 1252 Τωϐίας
266 1218 342 1253 οὗτος
357 1221 511 1256 ὠνόμαστο.
521 1221 574 1248 Καὶ
591 1221 624 1256 δὴ
643 1222 696 1257 πρὸ
706 1222 761 1248 τῶν
771 1222 929 1256 λόγων,ἀώ

141 1266 198 1293 τῶν
222 1266 312 1302 ἔργων
341 1267 427 1294 θέλων
454 1267 550 1294 ἑαυτὸν
568 1268 701 1304 γνωρίσαι
720 1267 759 1303 τῷ
774 1268 892 1302 Λὺγάρῳ
916 1267 930 1294 6

142 1311 191 1338 τοῦ
207 1311 326 1346 Χριστοῦ
344 1311 477 1347 μαθητὴς,
491 1312 554 1344 τοὺς
567 1311 747 1343 ἀσθενοῦντας
757 1312 806 1346 τῆς
826 1311 931 1342 πόλεως

143 1359 288 1394 ἐπικλήσει
304 1359 372 1394 μόνῃ
390 1358 508 1394 Χριστοῦ
523 1358 718 1393 ἐθεράπευσεν.
738 1357 820 1384 Ὅθεν
834 1365 875 1383 τοι
884 1355 930 1382 τοῦ

143 1403 263 1438 Χριστοῦ
276 1404 325 1438 τῆς
346 1404 441 1439 φήμης
459 1403 628 1438 διαδοθείσης
640 1403 720 1438 (ὅπερ
742 1403 788 1428 ἐπὶ
806 1401 860 1428 τῶν
879 1409 932 1427 τοι-

142 1449 230 1476 ούτων
252 1449 410 1485 συμόαίνειν
427 1449 500 1484 φιλεῖ
512 1458 518 1465 ·
533 1449 630 1483 ’τὰ-γὰρ
646 1448 785 1484 παράδοξα
796 1448 849 1473 τῶν
859 1455 931 1481 πρα-

143 1493 258 1528 γμάτων
279 1493 392 1525 πολλοὺς
415 1493 471 1529 ἔχει
482 1494 544 1525 τοὺς
557 1494 621 1529 περὶ
639 1493 728 1520 αὺτῶν
743 1491 931 1526 ἀπαγγέλλον-

143 1539 332 1574 τας),ἔφθασε
360 1539 407 1566 καὶ
432 1539 501 1575 πρὸς
513 1539 558 1565 τὸν
580 1538 706 1575 Αὕγαρον
727 1538 772 1565 διά
790 1546 862 1570 τινος
875 1537 930 1564 τῶν

144 1585 227 1611 αὑτοῦ
255 1585 394 1612 δυναστῶν
425 1584 523 1620 Ἀμδοῦ
554 1585 740 1619 καλουμένου,
761 1585 779 1620 ἠ
800 1584 863 1619 περὶ
881 1584 930 1616 τῆς

144 1629 206 1664 ὲνδη
211 1630 276 1665 μίας
290 1630 336 1656 τοῦ
354 1630 503 1657 ἀποστόλου
514 1630 634 1666 Χριστοῦ
646 1630 727 1665 ἀκοή.
744 1629 931 1664 Λογισάμενος

145 1676 193 1703 οὖν
216 1676 317 1708 εὐθέως
342 1677 375 1703 ὲκ
400 1677 449 1711 τῆς
474 1676 690 1712 ὗποικουρούσης
707 1676 737 1703 ὲν
758 1675 835 1710 αὐτῷ
855 1674 932 1702 ἐλπι-

144 1721 200 1754 δος,
217 1721 311 1749 τοῦτον
323 1723 424 1749 ἐκεῖνον
436 1719 516 1754 εἶναι,
532 1722 562 1748 ὃν
578 1722 736 1749 ἀποστεῖλαι
762 1721 829 1756 πρὸς
851 1720 932 1747 αὐτὸν

145 1768 160 1794 6
176 1767 278 1803 Ἰησοῦς
287 1767 331 1794 διὰ
342 1768 391 1803 τῆς
404 1768 513 1803 γραφῆς
528 1768 712 1803 ἐπηγγείλατο
721 1775 728 1783 ·
746 1767 793 1794 καὶ
806 1767 872 1802 παρ’
885 1766 933 1793 αὖ.

145 1811 194 1839 τοῦ
208 1812 375 1848 τελειότερον
396 1813 429 1840 τὰ
445 1813 510 1847 περὶ
529 1813 576 1840 τοῦ
590 1813 721 1840 Θαδδαίου
741 1812 844 1847 μαθὼν,
862 1813 931 1847 ἁγα-

147 1857 207 1891 γεῖν
231 1857 313 1885 αὑτὸν
332 1857 489 1891 διωρίσατο.
509 1859 537 1885 '0
548 1856 596 1885 οὖν
611 1858 718 1890 Τωσίας
733 1857 830 1890 ὲλθὼν,
846 1856 932 1892 ἐγνώ-

149 1911 210 1938 ρισε
226 1904 313 1931 ταῦτα
327 1903 367 1938 τῷ
381 1904 544 1939 ’Λποστόλῳο
557 1905 680 1937 κακεῖνος
691 1905 719 1931 ὲν
733 1904 848 1939 δυνάμει
864 1904 932 1939 πρὸς

148 1948 231 1975 αὐτὸν
245 1949 412 1976 ἀπεστάλθαι
427 1948 522 1982 εἰπὼν,
535 1949 566 1976 τὺ
582 1949 645 1984 ἑξῆς
662 1949 732 1985 πρὸς
745 1949 791 1976 τὸν
808 1949 933 1984 Δῦγαρον

150 1994 326 2029 παρεγένετο.
349 1995 394 2022 Ἐν
407 1995 434 2021 δὲ
444 1995 484 2030 τῷ
501 1995 608 2030 μέλλειν
618 1995 688 2022 κατὰ
701 1995 846 2030 πρόσωπον
858 1995 934 2029 αὑτῷ

150 2040 359 2075 ἐμφανίζεσθαι,
375 2041 422 2067 ἐπὶ
444 2040 492 2068 τοῦ
512 2041 578 2068 ίδιου
595 2040 720 2076 μετώπου
743 2038 800 2067 οἷον
814 2041 934 2074 ἀναστη-

149 2086 239 2118 λώσας
263 2086 311 2122 τὴν
335 2086 463 2122 τοιαύτην
484 2086 646 2122 ἐμφέρειαν,
660 2085 747 2117 οὕτως
761 2085 846 2121 εἰσῄει
867 2085 936 2121 πρὸς

150 2132 286 2167 Δῦγαρον.
307 2131 337 2159 Ὀ
357 2131 387 2158 δὲ
409 2132 550 2167 πόρρωθεν
580 2131 662 2158 αὑτὸν
686 2131 834 2167 προσιόντα
861 2130 934 2163 ίδὼν,

151 2179 275 2212 κρεῖττον
298 2178 386 2213 ὅψεως
412 2177 469 2212 φῶς
494 2176 684 2204 ἁκτινοδολοῦν
705 2177 759 2204 άπὸ
782 2176 831 2210 τῆς
847 2176 936 2210 ὅψεως

1005 356 1053 384 XI.
1074 357 1142 384 Cum
1158 357 1284 384 Christus
1296 356 1330 384 ad
1344 361 1458 385 mortem
1475 362 1572 393 sponte
1586 358 1758 386 subeundam

971 402 1157 437 profecturus,
1175 402 1325 429 humanam
1340 402 1368 429 in
1384 409 1414 430 se
1431 406 1571 436 naturam,
1585 403 1695 431 timoris
1707 412 1758 431 an-

972 448 1062 482 gustia
1082 448 1179 476 mortis
1197 447 1307 480 comite,
1329 448 1482 480 exhiberet,
1507 453 1591 484 atque
1613 450 1640 477 in
1662 458 1758 485 preces

972 493 1076 522 ellusus
1087 493 1297 528 csset;quando
1308 494 1390 522 etiam
1406 495 1583 530 evangelicus
1600 503 1690 523 sermo
1714 505 1758 524 su-

972 538 1065 566 dorem
1079 539 1139 572 ejus
1151 539 1225 566 velut
1240 543 1332 574 guttas
1345 539 1489 575 sanguinis
1503 543 1581 567 notat
1593 540 1756 568 deﬂuxisse.

973 589 1040 612 tunc
1053 585 1129 612 aiunt
1145 584 1223 612 lintei
1236 585 1382 613 rescissam
1399 589 1505 620 partem
1519 593 1601 621 quam
1624 593 1699 614 nunc
1719 587 1760 613 νίτ

973 630 1082 663 demus,
1100 638 1163 658 cum
1185 638 1217 658 ex
1236 631 1354 666 quodam
1370 631 1570 667 discipulorum
1593 632 1758 666 accepisset.

974 676 1111 704 stillantes
1134 676 1237 704 imbres
1260 684 1293 704 eo
1316 676 1480 705 abstersisso
1503 684 1510 703 :
1537 683 1655 711 moxque
1677 683 1759 711 quam

974 721 1063 750 oculis
1078 729 1244 756 usurpamus
1262 722 1383 750 divinam
1402 722 1473 750 hanc
1488 722 1634 758 imaginem
1652 722 1691 750 illi
1708 723 1761 750 im-

975 775 1098 803 pressam
1115 768 1264 796 eﬂ'ulsisse.
1285 767 1389 804 Pignus
1408 768 1520 796 Thomat
1540 768 1713 804 depositum;
1730 775 1762 795 ac

975 814 1002 841 in
1017 814 1154 842 mandatis
1170 814 1274 846 datum,
1291 819 1321 841 ιιι
1339 819 1402 850 post
1421 813 1486 842 Jcsu
1508 815 1536 842 in
1561 814 1647 842 cmlos
1663 822 1763 842 ascen-

977 866 1049 892 sum,
1074 867 1122 893 per
1141 858 1320 892 ’l‘haddaeum,
1343 867 1398 894 quo
1424 859 1466 887 sic
1489 860 1592 895 scripta
1617 859 1764 895 promissio

979 905 1148 939 impleretur,
1171 904 1290 932 mitteret
1313 904 1347 932 ad
1372 905 1523 940 Augarum.
1545 904 1632 940 Igitur
1653 904 1764 932 Christo

977 949 1095 977 Domino
1117 951 1144 977 in
1157 951 1244 978 caelos
1265 954 1386 985 recepto,
1409 951 1478 978 dans
1494 950 1614 978 Thomas
1627 949 1764 977 'I'ltaddato

976 1003 1031 1023 non
1051 994 1236 1023 manufactam
1249 994 1385 1023 Dominici
1402 995 1495 1024 vultus
1513 995 1640 1031 eﬂigiem,
1655 996 1781 1030 Augam.

977 1040 1153 1070 deferendam
1167 1041 1270 1077 jussit.,

1013 1131 1071 1159 XII.
1092 1132 1211 1160 Veniens
1226 1132 1319 1166 Itaque
1332 1129 1488 1158 Thadtlaeus
1502 1129 1644 1161 Edessam,
1665 1129 1766 1156 mansit

980 1179 1097 1213 primum
1112 1178 1183 1212 apud
1199 1177 1344 1212 quemdam
1357 1177 1417 1212 ejus
1433 1177 1485 1203 loci
1502 1175 1638 1208 Judaeum,
1650 1174 1764 1202 Tobiam

980 1225 1100 1252 nomine.
1125 1223 1246 1251 Necdum
1270 1230 1331 1250 cum
1358 1222 1454 1257 regulo
1476 1225 1603 1250 conserto
1628 1227 1765 1250 seri-mne,

980 1269 1080 1304 quippe
1096 1276 1158 1296 cum
1179 1269 1202 1296 is
1219 1268 1310 1295 animo
1332 1268 1512 1295 constitutum
1539 1267 1663 1298 haberet,
1681 1270 1710 1293 ut
1733 1274 1765 1293 ex

981 1314 1109 1349 Operibus
1125 1313 1236 1348 Augaro
1251 1313 1453 1346 innotescerct;
1473 1320 1544 1347 quos
1559 1312 1659 1341 civium
1678 1319 1765 1346 aegro-

983 1364 1025 1388 los
1041 1360 1165 1391 offendit,
1183 1363 1306 1387 actutum
1320 1359 1427 1386 curavit
1447 1358 1506 1386 solo
1520 1358 1622 1386 Christi
1639 1357 1767 1384 invocato

983 1407 1102 1434 nontinc.
1126 1406 1260 1438 Quocirca
1287 1405 1527 1439 percrebrescente
1557 1403 1659 1431 Christi
1684 1403 1767 1435 fama,

983 1454 1021 1481 uti
1040 1453 1150 1487 quidem
1168 1452 1194 1479 in
1211 1451 1313 1478 talibus
1327 1451 1397 1478 solet
1409 1450 1550 1482 accidere;
1567 1457 1612 1477 res
1627 1449 1700 1476 enim
1717 1448 1768 1475 mi-

983 1497 1084 1525 rabiles
1099 1501 1127 1524 et
1145 1496 1285 1528 inauditte,
1302 1495 1394 1531 plures
1408 1495 1451 1522 sui
1469 1494 1582 1523 nuntios
1599 1494 1718 1526 habent;
1735 1494 1767 1520 ad

945 1554 968 1583 ο
984 1543 1121 1577 Attgarum
1137 1549 1245 1577 quoque
1264 1549 1313 1576 per
1328 1548 1413 1568 unum
1429 1540 1574 1575 quemdam
1589 1547 1622 1567 ex
1643 1540 1767 1574 proceri-

984 1589 1045 1618 bus.
1063 1587 1151 1614 Amdu
1174 1587 1293 1619 nomine,
1317 1586 1463 1614 advenisse
1485 1585 1588 1613 Christi
1613 1585 1767 1620 apostolum

983 1641 1077 1662 rumor
1096 1633 1217 1668 perlatus
1230 1636 1284 1660 est.
1297 1633 1360 1659 Mox
1375 1632 1479 1667 itaque,
1497 1638 1528 1659 ea
1546 1638 1594 1666 spe
1610 1638 1692 1666 quant
1707 1630 1768 1658 ani-

983 1686 1028 1706 mo
1044 1678 1146 1709 alebat,
1160 1677 1188 1704 in
1200 1681 1319 1705 utentem
1335 1676 1410 1704 venit
1421 1683 1484 1704 eum
1499 1675 1588 1711 ipsum
1603 1683 1674 1707 esse,
1687 1683 1767 1710 quem

983 1724 1006 1751 ei
1022 1731 1051 1751 se
1067 1724 1216 1751 ntissuruttt
1228 1730 1276 1757 per
1287 1722 1381 1750 literas
1393 1722 1475 1750 Jesus
1487 1721 1672 1757 promisisset,
1683 1721 1769 1756 Igitur

983 1768 1017 1796 de
1028 1767 1164 1796 Thaddaeo
1175 1767 1283 1803 plenius
1298 1768 1469 1800 sciscitatus,
1485 1774 1548 1795 cum
1566 1766 1720 1798 didicisset.
1735 1767 1768 1793 ad

983 1819 1013 1840 se
1036 1812 1125 1839 virum
1152 1811 1251 1839 adduci
1274 1811 1361 1846 jubet.
1377 1811 1479 1840 Tobias
1501 1812 1626 1845 veniens,
1647 1811 1675 1839 id
1695 1810 1768 1845 quod

981 1857 1076 1893 jussus
1099 1860 1162 1885 erat
1176 1857 1300 1892 apostolo
1316 1857 1572 1893 signillcavit,'tum
1595 1857 1641 1885 ille
1661 1864 1723 1884 cum
1741 1864 1771 1884 se

983 1901 1016 1929 ad
1032 1902 1108 1930 illum
1129 1902 1156 1930 in
1174 1902 1276 1930 virtute
1300 1903 1415 1930 missum
1439 1902 1568 1934 dixisset,
1584 1902 1718 1937 postridie
1736 1901 1770 1927 ad

983 1955 1047 1976 eum
1061 1949 1203 1984 profectus
1222 1952 1274 1976 est.
1291 1948 1386 1984 Itaque
1405 1947 1433 1975 in
1455 1948 1599 1982 procinctu
1615 1951 1645 1973 ut
1662 1954 1692 1974 se
1709 1946 1776 1980 ejus.

984 2001 1077 2022 coram
1095 1994 1182 2022 oculis
1198 1994 1319 2027 sisteret,
1344 2000 1404 2022 eam
1431 1993 1484 2022 sibi
1507 1992 1621 2028 emgiem
1638 1992 1712 2020 velut
1731 1992 1771 2019 si-

985 2047 1068 2075 gnum
1084 2040 1111 2066 in
1128 2039 1218 2067 fronte
1229 2046 1335 2074 ponens
1348 2043 1431 2074 atque
1442 2038 1562 2073 erigens,
1581 2037 1609 2064 in
1624 2037 1697 2064 hunc
1710 2043 1772 2063 Ino-

985 2085 1051 2113 dum
1066 2084 1099 2112 ad
1114 2088 1252 2120 nugarum
1267 2085 1408 2119 ingressus
1423 2087 1476 2111 est.
1491 2082 1593 2110 Videas
1604 2082 1649 2110 ille
1663 2081 1772 2109 eminus

986 2130 1150 2162 venientem,
1173 2129 1261 2156 lucem
1287 2128 1338 2157 sibi
1364 2135 1396 2155 ex
1421 2127 1482 2163 ejus
1508 2127 1577 2155 faeie
1598 2127 1777 2159 emicantem,

986 2182 1068 2210 quant
1087 2174 1162 2202 nulla
1183 2174 1226 2202 vis
1250 2173 1393 2201 oculorum
1415 2173 1488 2200 Ierre
1507 2176 1599 2207 posset
1618 2171 1773 2205 ejaculante

151 2220 233 2248 αὐτοῦ
270 2221 448 2256 ἐξαλλόμενον
474 2220 563 2247 ἐδόκει
591 2221 668 2256 ὸρᾷν,
691 2220 706 2247 ὃ
736 2221 766 2247 τὸ
790 2219 930 2255 ἐπικείμε-

988 2221 1047 2256 ipsa
1060 2220 1158 2256 eiligie,
1174 2227 1286 2248 cernere
1298 2219 1374 2247 visus
1391 2222 1444 2246 est.
1464 2217 1669 2253 Eﬂulgurantis.
1679 2217 1773 2252 itaque

150 2275 196 2294 νον
230 2267 304 2301 ἀφίει
340 2266 476 2302 ὁμοίωμα.
494 2266 576 2293 Ὅθεν
598 2265 637 2301 τῷ
664 2265 860 2301 ὑπερϐάλλοντι
886 2265 937 2300 τῆς

151 2311 362 2348 ἁστραπτούσης
378 2311 548 2347 λαμπηδόνος
571 2310 768 2345 καταπλαγεὶς,
780 2310 827 2337 καὶ
841 2310 937 2345 ὥσπερ

150 2357 181 2384 ἐν
205 2357 274 2394 λήθῃ
296 2357 350 2384 τῶν
369 2358 433 2392 περὶ
446 2356 527 2383 αὑτὸν
550 2356 762 2391 συμπτωμάτων
778 2355 936 2390 γενόμενος,

152 2402 200 2429 καὶ
227 2402 278 2436 τῆς
302 2402 480 2437 πολυχρονίου
508 2401 651 2436 παρὲσεως
682 2401 737 2427 τῶν
762 2399 862 2435 μελῶν,
886 2398 936 2434 τῆς

153 2447 247 2482 κλίνης
272 2448 377 2483 ἀθρόως
412 2447 525 2483 ἀνέθορε
549 2447 606 2482 (9),
634 2447 742 2482 τρέχειν
772 2445 937 2478 ἐξεϐιάζετο.

153 2493 244 2520 Ταυτδ
257 2493 342 2525 πάθος
362 2503 409 2521 κα.
422 2494 490 2529 προς
510 2493 631 2528 ὑπαντὴν
655 2493 689 2519 τὰ
706 2492 859 2528 παρειμένα
870 2491 937 2526 μέλη

154 2539 249 2566 παθὼν
275 2539 375 2574 τρόπον
404 2539 497 2574 ἓτερον
512 2540 566 2568 τοῖς
585 2540 615 2565 ὲν
633 2538 672 2574 τῷ
695 2539 753 2574 δρει
776 2537 875 2573 Θαὸὼρ
888 2537 938 2572 τὴν

154 2584 333 2618 ἀστράψασαν
347 2584 454 2619 μορφὴν
469 2584 656 2619 θεασαμένοις.

192 2629 240 2656 II".
253 2629 351 2656 Λαϐὼν
366 2629 456 2655 τοίνυν
470 2630 524 2656 ἀπὸ
547 2629 592 2656 τοῦ
608 2629 757 2656 ἀποστόλου
773 2629 804 2656 τὸ
820 2628 938 2656 τοιοῦτον

155 2675 295 2710 ἑμοίωμα,
316 2675 362 2701 καὶ
378 2674 534 2709 σεῦασμίως
548 2675 615 2701 αὐτὸ
631 2676 664 2710 τῇ
682 2675 788 2709 κεφαλῇ
806 2675 938 2710 περιθεὶς,

156 2721 206 2748 καὶ
219 2722 275 2752 τοῖς
293 2720 407 2755 χείλεσι,
419 2721 465 2747 καὶ
482 2721 542 2746 οὐδὲ
552 2721 575 2747 τ’
590 2721 656 2748 ἄλλα
672 2721 727 2747 τῶν
745 2721 792 2748 τοῦ
814 2721 940 2756 σώματος

161 2766 250 2801 ,ιερῶν
268 2766 402 2801 στερήσεις
428 2766 478 2801 τῆς
500 2765 628 2801 τοιαύτης
646 2766 853 2802 προσψαύσεως,
870 2767 939 2801 ἔγνω

987 2265 1059 2294 lucis
1077 2265 1243 2300 importabili
1259 2264 1336 2292 radio
1354 2264 1490 2291 attonitus
1507 2270 1539 2290 ac
1556 2266 1680 2297 stupens,
1697 2267 1772 2288 mor-

987 2310 1070 2345 bique
1084 2317 1198 2338 casuum
1215 2317 1247 2337 ae
1262 2309 1379 2337 diutina:
1394 2308 1579 2336 membrorum
1597 2306 1773 2335 resolutionis

987 2356 1061 2383 velut
1093 2356 1206 2387 oblitus,
1236 2359 1347 2391 repente
1373 2354 1443 2383 lecto
1473 2361 1618 2385 excussus.
1651 2351 1784 2380 resolutax

989 2402 1110 2429 membra
1129 2402 1156 2428 in
1173 2408 1320 2429 occursum
1336 2400 1409 2435 cogit
1423 2399 1565 2428 festinare.
1579 2397 1682 2426 Eodem
1699 2397 1780 2424 sciIi-.

989 2452 1031 2476 cet
1044 2447 1153 2479 nﬂ'ectu,
1170 2447 1242 2474 haud
1258 2451 1349 2475 tamen
1362 2446 1458 2475 eadem
1472 2445 1579 2473 ratione
1594 2451 1626 2472 ac
1639 2444 1669 2477 ii,
1685 2444 1731 2479 qui
1745 2443 1777 2470 in

988 2499 1079 2521 monte
1094 2493 1205 2521 'FItabor
1228 2493 1297 2521 lucis
1321 2492 1475 2528 fulgoribus
1492 2491 1640 2519 micantem
1656 2489 1773 2518 formant

987 2547 1164 2574 conspexere.

1024 2631 1093 2658 XIII.
1114 2632 1232 2666 Accepta
1252 2631 1343 2665 itaque
1361 2630 1395 2658 ab
1414 2629 1540 2665 apostolo
1557 2628 1657 2665 eﬂlgie,
1678 2635 1710 2656 ac
1726 2635 1773 2656 vc-

993 2677 1117 2705 ncrantis
1130 2677 1221 2711 specie
1238 2676 1319 2711 capiti
1335 2675 1473 2710 imposita,
1489 2675 1631 2710 oculisque
1645 2678 1672 2702 et
1687 2675 1775 2701 mani-

994 2722 1046 2749 bus
1058 2726 1085 2748 et
1105 2722 1196 2754 labiis,
1214 2727 1247 2748 ac
1264 2720 1389 2755 corporis
1411 2720 1542 2749 membris
1557 2720 1683 2756 reliquis,
1700 2719 1775 2747 nullo

994 2767 1053 2801 eius
1081 2766 1203 2796 muneris
1228 2770 1350 2801 experte,
1377 2766 1507 2800 adhibita,
1538 2766 1629 2795 statim
1653 2766 1775 2794 membra

926 2825 1041 2853 NVT/II.

192 2860 232 2905 (9)
249 2868 330 2898 Forte
343 2870 425 2911 'dcest
442 2870 496 2898 καί.
