1938 3070
171 125 227 159 435

664 131 919 164 CONSTANTINI
945 136 1069 166 PORPII
1076 138 1225 168 YKOGEN
1232 140 1261 170 l'I

1749 145 1804 179 436

171 181 265 207 omnia
281 180 405 209 roborari
421 181 558 216 cognovit,
573 189 605 223 ac
622 184 736 212 meliore
753 189 826 212 statu
841 188 941 214 mutari

250 226 299 236 .-με
318 226 418 236 ..μω
441 234 467 236 η
491 235 512 236 η
527 228 533 236 .
612 233 618 236 .
688 234 693 236 .
715 231 721 236 .
760 231 765 236 .
891 234 913 236 »ν

1015 192 1138 226 παρευθὺ
1151 193 1184 218 τὰ
1194 193 1263 229 μέλη
1281 194 1369 221 πάντα
1387 196 1547 232 θαυμασίως
1559 198 1806 236 ἀναῤῥωννύμενα,

171 226 299 252 muadari
318 226 420 260 lepram
439 234 470 254 ac
485 228 595 261 cedere,
612 231 721 258 tametsi
742 231 802 266 ejus
824 234 960 267 quoddam

170 270 315 305 vestigium
341 278 372 298 ac
397 272 538 300 residuum
562 275 663 303 mansit
689 277 715 304 in
741 277 841 306 fronte.
861 278 962 306 Doctus

170 315 254 350 igitur
273 316 307 343 ab
330 318 457 352 apostolo
483 319 566 353 paulo
594 321 697 349 clarius
721 323 848 352 veritatis
863 325 962 352 doctri-

169 367 244 391 nam,
263 361 352 397 deque
369 362 500 392 inauditis
517 365 620 394 Christi
642 368 793 402 miraculis,
807 369 963 404 divinisque

168 407 358 441 passionibns,
376 415 403 437 et
419 411 571 445 sepultura,
587 416 614 440 et
631 415 836 442 resurrectione
853 423 867 442 a
887 424 961 443 mor-

168 454 235 487 tuis,
265 460 347 490 atque
373 457 398 483 in
423 457 511 486 caelos
534 459 691 494 receptione
719 461 875 494 institutus;
900 470 962 490 cum

168 499 255 527 Deum
277 509 372 529 verum
386 503 525 531 Christum
547 505 692 534 confessus
714 512 798 541 esset,
821 508 854 535 de
875 508 961 536 ftirma

168 546 255 576 linteo
278 555 408 583 expressa
432 550 646 585 sciscitabatur;
671 553 743 588 quod
773 555 902 582 nimirqu
930 564 962 583 ea

168 593 329 629 diligentius
354 596 491 631 inspecta,
507 597 590 625 nullis
612 600 728 626 terrenis
745 599 891 628 conﬂatam
916 609 962 628 eo-

168 639 276 668 loribus
284 646 463 676 cognoverat,
472 643 586 678 ejusque
598 645 726 680 stupebat
738 646 877 678 virtutem,
888 647 960 682 quod

169 684 210 712 sic
223 686 320 721 grandi
339 687 474 716 miraculo
492 696 523 716 ac
547 690 668 724 insolito,
693 692 793 719 lectulo
809 693 960 727 exsilierat,

168 738 201 759 ac
219 733 351 760 incolumi
366 734 486 763 sanitate
504 736 649 771 gaudebat.
667 737 707 765 Ad
726 738 783 766 haec
795 737 958 773 Thaddaeus,

167 778 265 806 mortis
284 779 411 807 timorem
432 785 459 808 et
476 783 618 817 angustias
634 783 784 817 declarare,
806 793 895 820 exque
912 795 959 814 sn-

1016 238 1063 264 καὶ
1076 238 1126 273 τὴν
1141 241 1181 271 εἰς
1194 240 1224 266 τὸ
1237 241 1360 276 κρεῖττον
1378 243 1532 279 μεταὸολὴν
1550 244 1736 281 είσδεχόμενα.
1751 248 1807 274 Καὶ

1014 282 1064 318 τὴν
1079 283 1183 319 λέπραν
1204 285 1441 323 ἐκκαθαιρομένην
1467 289 1513 316 καὶ
1536 290 1757 326 ἀποφεύγουσαν,
1781 295 1806 320 εἰ

1015 329 1062 356 καὶ
1089 329 1171 357 ἐτιὲν
1188 330 1227 366 τῷ
1253 331 1371 368 μετώπῳ
1384 333 1510 369 λείψανόν
1531 344 1557 362 τι
1578 336 1680 371 ταύτης
1707 339 1806 373 μικρὸν

1015 374 1185 403 ὑπελείπετο.
1210 377 1351 412 Διδαχθεὶς
1377 378 1425 406 οὖν
1443 379 1490 406 τὸν
1512 381 1561 416 τῆς
1574 381 1704 416 ἀληθείας
1727 383 1805 418 λόγον

1013 420 1075 447 τότε
1089 421 1156 455 πρὸς
1172 422 1221 449 τοῦ
1241 423 1404 451 Ἀποςτόλου
1416 426 1588 463 τρανότερον,
1607 428 1654 455 καὶ
1671 431 1735 464 περὶ
1750 430 1805 457 τῶν

1015 466 1172 503 παραδόξων
1190 467 1237 493 τοῦ
1263 468 1383 503 Χριστοῦ
1409 470 1566 505 θαυμάτων,
1587 473 1640 499 τῶν
1662 474 1710 500 καὶ
1725 475 1807 502 θείων

1013 512 1117 543 παθῶν,
1135 513 1182 539 καὶ
1199 514 1298 549 ταφῆς,
1313 516 1359 542 καὶ
1376 515 1425 550 τῆς
1440 517 1472 543 ἐκ
1487 518 1592 552 νεκρῶν
1616 519 1803 553 ἀναστάσεως,

1014 558 1061 583 καὶ
1085 558 1133 593 τῆς
1157 559 1196 590 εἰς
1213 560 1344 594 οὐρανοὺς
1364 562 1526 597 ἀναλήψεως
1538 571 1544 579 ·
1563 565 1610 590 καὶ
1631 565 1806 601 ὁμολογήσας

1013 603 1100 639 ἀληθῆ
1116 605 1182 631 Θεὸν
1195 605 1241 632 τὸν
1256 606 1383 641 Χριστὸν,
1399 608 1524 643 περὶτῆς
1539 609 1568 636 ἐν
1582 609 1661 645 ὀθόνῃ
1678 611 1804 637 ἐκτυπώ-

1013 657 1082 681 σεως
1096 650 1145 684 τῆς
1161 651 1268 686 μορφῆς
1283 651 1461 684 ἐπυνθάνετο,
1476 654 1593 690 ἐπείπερ
1606 655 1704 691 αὐτὴν,
1722 657 1804 691 ἀκρι-

1012 695 1143 732 ϐέστερον
1167 697 1493 732 ὲπιστάς,ὲπεγίνιυσκεν
1517 700 1548 726 οὐ
1579 700 1623 727 διὰ
1649 701 1804 736 χρωμάτων

1013 742 1112 768 ὑλικῶν
1127 742 1177 779 τὴν
1195 743 1326 771 σύστασιν
1337 744 1462 780 ἔχουσαν,
1475 746 1521 772 καὶ
1537 746 1586 782 τὴν
1601 748 1631 774 ἐν
1642 749 1713 783 αὐτῇ
1734 757 1802 775 κατ-

1012 790 1160 824 επλήττετο
1173 789 1300 825 δύναμιν,
1327 792 1372 826 ὑφ’
1389 789 1423 828 ἧς
1437 792 1596 828 παραδόξως
1609 794 1740 829 ἐξανέστη
1752 795 1803 830 τῆς

165 824 281 852 doribus
295 825 372 853 nullo
387 827 509 854 colorum
523 828 662 863 pigmento
674 837 832 865 expressam
843 831 953 868 eﬂigiem

1011 836 1116 871 κλίνης,
1129 837 1175 863 καὶ
1184 837 1376 873 συνηριθμεῖτο
1389 840 1445 871 τοῖς
1460 839 1623 873 ὑγιαίνουσι.
1633 841 1705 877 Πρὸς
1714 841 1802 868 ταῦτα

166 871 290 898 docere:
307 870 416 900 Domini
441 873 519 908 jussu
539 874 572 901 ad
594 882 657 902 eum
676 878 839 910 accessisse.
859 883 885 906 et
906 880 958 907 alia

165 924 337 953 qumcunque
357 918 415 953 jam
429 921 555 955 superior
571 921 694 949 decurrit
709 923 834 952 historia.

202 1052 269 1079 XIV.
291 1053 540 1090 Postquam'tgitnr
560 1065 591 1085 ex
609 1058 654 1086 his
671 1060 784 1093 pariter,
807 1068 956 1088 manuum-

163 1107 218 1133 que
238 1101 354 1134 apostoli
377 1101 403 1127 in
429 1103 540 1130 nomine
562 1103 626 1130 Jesn
649 1104 752 1132 Christi
771 1107 956 1141 impositioue,

166 1146 293 1173 dolorum
311 1147 353 1174 vis
374 1155 528 1184 sensusque
548 1150 702 1186 aufugerat,
723 1153 899 1188 membraque
914 1163 956 1182 re-

165 1190 257 1218 soluta
273 1192 347 1219 velut
370 1193 604 1229 astringcbantur,
620 1202 704 1232 atque
725 1199 782 1226 oris
794 1198 956 1228 deiormitas

164 1232 360 1271 evanescebat,
375 1245 531 1274 cunctaque
555 1241 587 1267 ad
614 1243 759 1270 sanitatem
783 1246 953 1273 currebant:

164 1281 203 1308 rei
216 1286 298 1309 tantae
314 1284 477 1318 compendio
492 1285 610 1322 untdique
627 1289 753 1323 Augarns
769 1290 953 1319 admiratione

162 1327 286 1357 defixus:
305 1329 383 1363 Vere,
404 1331 503 1366 inquit,
521 1331 584 1360 Jesu
602 1333 663 1361 Filii
680 1334 726 1362 Dei
743 1335 895 1371 discipulus
912 1346 951 1369 es.

161 1373 208 1408 qui
219 1375 334 1402 curabat
344 1376 450 1412 absque
468 1379 677 1408 medicamentis
692 1386 719 1408 et
734 1382 836 1410 herbis.
853 1383 890 1410 Ae
903 1392 954 1418 ego

160 1425 236 1448 tanta
249 1421 288 1449 illi
304 1424 408 1451 amoris
423 1424 448 1451 vi
461 1432 491 1452 ac
508 1425 560 1452 ﬁde
573 1426 718 1455 devinctus
735 1436 806 1462 sum,
823 1434 852 1456 ut
870 1431 892 1457 si
905 1439 953 1465 per

160 1466 327 1495 eminentem
344 1469 459 1496 Romani
479 1470 587 1505 imperii
617 1476 793 1507 potestatem,
809 1483 858 1509 per
869 1483 951 1510 quam

1011 884 1024 910 ὁ
1039 882 1169 915 Θαδδαῖος
1183 883 1228 910 τὸν
1246 884 1342 919 καιρὸν
1357 885 1407 919 τῆς
1424 885 1544 920 ἀγωνίας
1559 886 1665 921 ἐδήλου,
1681 888 1728 914 καὶ
1751 888 1803 923 τὴν

1010 930 1042 955 ἐκ
1066 929 1120 955 τῶν
1146 929 1267 964 ἱδρώτων
1289 931 1498 966 ἀχρωμάτιστον
1512 933 1662 968 μόρφωσιν.
1681 934 1737 960 Καὶ
1752 934 1804 969 τὴν

1010 975 1058 1010 τῆς
1069 974 1187 1009 ἀφίξεως
1211 976 1279 1012 πρὸς
1303 977 1384 1004 αὐτὸν
1411 977 1514 1013 Κυρίου
1529 979 1683 1014 εἰσήγησιν,
1701 980 1748 1006 καὶ
1766 981 1802 1007 τὰ

1010 1020 1077 1046 ἄλλα
1089 1020 1138 1046 ὃσα
1152 1021 1182 1048 τὸ
1198 1021 1303 1056 φθάσαν
1317 1023 1366 1057 τῆς
1383 1023 1503 1057 ἱστορίας
1520 1024 1665 1060 ἐδήλωσεν.

1046 1065 1094 1092 ω’.
1118 1066 1161 1098 Ὠς
1188 1065 1235 1094 οὖν
1262 1068 1318 1094 ἀπό
1336 1077 1365 1095 τε
1382 1069 1433 1104 τῆς
1449 1070 1479 1096 ὲν
1500 1070 1539 1104 τῷ
1565 1070 1680 1105 ὀνόματι
1711 1072 1800 1107 Ἰησοῦ

1008 1111 1128 1146 Χριστοῦ
1143 1113 1291 1145 ἐπιθέσεως
1302 1113 1356 1140 τῶν
1369 1115 1470 1150 χειρῶν
1486 1115 1533 1142 τοῦ
1548 1115 1678 1143 Θαδδαῖον
1697 1117 1730 1144 τὰ
1751 1117 1798 1144 λυ-

1008 1155 1112 1184 ποῦντά
1137 1165 1167 1184 τε
1201 1158 1381 1192 ὑπεξίστατο,
1411 1161 1457 1186 καὶ
1481 1161 1515 1187 τά
1539 1163 1693 1197 παρειμένα
1716 1164 1799 1190 οἱονεὶ

1008 1203 1214 1238 συνεσφίγγετοτ,
1244 1205 1292 1232 καὶ
1317 1205 1333 1240 ἡ
1359 1205 1483 1240 ἀμορφία
1506 1206 1726 1241 διεσκεδάννυτο,
1750 1210 1798 1236 καὶ

1007 1247 1095 1274 πάντα
1110 1249 1177 1283 πρὸς
1198 1249 1292 1284 ὑγείαν
1305 1250 1409 1286 ἔτρεχε,
1426 1251 1464 1287 τῷ
1480 1253 1649 1289 πανταχόθεν
1664 1255 1764 1289 θάμϐει
1782 1256 1797 1282 δ

1005 1294 1130 1330 Λῦγαρος
1146 1296 1334 1330 συνεχόμενος,
1348 1296 1407 1323 Ἐπ’
1421 1297 1559 1333 ἀληθείας,
1573 1299 1755 1335 ἒςηῆγνήσιος
1771 1298 1798 1327 εἴ

1007 1340 1130 1377 μαθητὴς
1155 1341 1241 1376 Ἰησοῦ
1251 1342 1298 1369 τοῦ
1313 1343 1378 1370 Υίοῧ
1391 1343 1438 1370 τοῦ
1454 1344 1534 1374 Θεοῦ.
1546 1345 1594 1371 τοῦ
1609 1345 1670 1381 δίχα
1683 1347 1796 1382 φαρμά-

1006 1394 1061 1412 κων
1078 1387 1124 1413 καί
1146 1386 1267 1421 βοτανῶν
1288 1387 1497 1423 θεραπεύοντος.
1515 1390 1569 1416 Καὶ
1590 1389 1646 1424 ἐγὼ
1669 1391 1797 1418 τοσοῦτον

1003 1433 1036 1468 τῇ
1056 1433 1120 1468 περὶ
1135 1433 1216 1460 αὑτὸν
1244 1435 1346 1470 στοργῇ
1358 1436 1404 1461 καὶ
1420 1436 1509 1462 πίστει
1536 1435 1705 1471 συνδέδεμαι,
1725 1437 1795 1464 ὥστε

1004 1479 1028 1505 εἰ
1046 1479 1085 1515 μὴ
1099 1480 1210 1507 ἐδεδίειν
1226 1481 1254 1507 τδ
1274 1481 1407 1517 ὑπερέχον
1419 1482 1469 1517 τῆς
1485 1482 1539 1509 τῶν
1555 1482 1698 1518 Ῥωμαίων
1713 1484 1795 1510 δυνά-

161 1511 280 1540 subditis
297 1513 375 1541 nefas
396 1514 468 1542 bello
485 1515 601 1544 invicem
617 1517 761 1552 lacessere,
779 1520 879 1547 bellum
894 1529 952 1548 mo-

1007 1506 1090 1559 μείυςι,
1107 1526 1132 1552 οἳ
1145 1506 1207 1558 eos}
1225 1506 1425 1562 investigo-Dx
1439 1506 1581 1563 ἀνέχονται
1597 1506 1657 1556 κατ’
1671 1530 1794 1565 ἀλλήλων

161 1565 226 1585 vere
241 1559 347 1592 lieeret,
370 1561 399 1587 in
418 1561 529 1590 Iudaeos
547 1563 627 1597 forte,
644 1567 690 1600 qni
707 1565 824 1593 Domino
843 1574 953 1595 crucem

161 1611 325 1640 posuerunt,
342 1613 417 1634 arma
441 1609 599 1643 movissent,
623 1610 746 1646 mihique
772 1612 952 1648 subegissem.

160 1649 240 1678 Nunc
259 1655 351 1678 autem
367 1653 443 1688 quod
463 1659 491 1681 et
514 1659 628 1683 mortem
649 1661 746 1691 sponte
769 1658 888 1686 subiisse
903 1659 954 1687 do-

160 1703 235 1729 ερον,
251 1703 283 1724 ac
301 1701 393 1726 certus
413 1706 474 1726 sum
497 1699 555 1728 fore
580 1705 625 1740 ut,
640 1702 694 1730 uisi
718 1704 861 1738 voluisset,
883 1714 954 1734 nuu‘

160 1749 243 1776 quam
270 1743 322 1770 sibi
349 1744 476 1779 improba
501 1746 580 1774 turba
604 1747 764 1783 subjiceret,
790 1751 856 1778 nihil
879 1752 952 1780 ultra

160 1795 255 1822 quam)
267 1796 299 1816 ac
315 1789 435 1825 disputo.
450 1791 543 1819 Solum
557 1793 652 1822 divino
665 1795 830 1830 baptismate
841 1797 952 1826 lustrari

161 1841 236 1870 rogo,
262 1842 293 1862 ac
313 1843 376 1863 cum
400 1840 455 1864 tota
479 1838 581 1866 familia
607 1840 709 1869 Christi
737 1843 951 1873 necessitudinis

158 1879 220 1914 jura
233 1880 321 1914 obire,
335 1889 434 1918 tneque
456 1883 494 1911 illi
518 1884 653 1914 addicere.
671 1886 762 1916 Multis
778 1889 870 1925 itaque
888 1895 952 1918 ante

158 1926 272 1960 patratis
303 1927 456 1961 miraculis,
477 1931 642 1967 cunctisque
662 1933 764 1967 quibus
788 1935 951 1964 laborabant

158 1971 369 2006 :rgritudinibus
384 1975 503 2008 sanatis,
520 1975 548 2003 in
565 1977 678 2012 quibus,
695 1979 740 2013 qui
755 1981 879 2014 proxime
894 1981 951 2009 Au-

159 2024 253 2051 garum
279 2017 405 2047 claritate
433 2027 467 2047 ac
490 2022 613 2055 potentia
639 2024 774 2053 attinebat
795 2026 863 2061 (10),
892 2027 950 2062 ipse

157 2069 269 2098 quoque
283 2064 404 2100 podagra
426 2073 481 2100 qua
500 2067 654 2102 laborabat,
676 2073 803 2104 sanatus,
826 2074 949 2101 muneris

156 2115 249 2142 praeco
260 2113 338 2143 erat;
351 2117 414 2138 cum
425 2117 551 2141 curasset
562 2113 665 2142 Christi
681 2117 835 2151 apostolus,
849 2118 949 2147 divinas

1005 1570 1256 1607 ὀπλίζεσθαι,τάχα
1270 1572 1304 1600 ἄν
1322 1573 1391 1600 κατά
1421 1573 1475 1600 τῶν
1506 1575 1723 1609 σταυρωσάντων
1748 1575 1798 1601 τὸν

1005 1615 1109 1649 Κύριον
1128 1615 1262 1643 Ἰουδαίων
1282 1616 1352 1644 ὅπλα
1369 1617 1494 1652 ἑκίνησα,
1510 1617 1557 1644 καὶ
1576 1619 1797 1654 παρεπησὰμην

1004 1661 1111 1693 αὐτούς.
1131 1661 1187 1689 Νῦν
1201 1663 1230 1689 δὲ
1244 1663 1304 1690 ἐπεὶ
1324 1663 1417 1690 καὶτὸ
1434 1663 1520 1695 πάθος
1543 1664 1626 1691 αὑτοῦ
1650 1664 1794 1700 ἐδιδάχθην

1004 1705 1140 1739 ἑκούσιον,
1150 1707 1196 1733 καὶ
1212 1707 1363 1742 πέπεισμαι
1376 1708 1414 1740 ὡς
1427 1708 1475 1735 οὐκ
1492 1708 1535 1740 ἂν,
1556 1707 1595 1744 μὴ
1618 1709 1794 1744 βουληθέντος

1004 1749 1103 1783 αὐτοῦ,
1116 1750 1284 1785 κατίσχυσαν
1294 1751 1319 1778 οἱ
1344 1751 1502 1787 ἀγνώμονες
1522 1753 1582 1779 κατ’
1600 1752 1694 1784 αὑτοῦ.
1715 1754 1793 1781 οὐδὲν

1003 1797 1306 1833 προσπεριεργάζομαι.
1320 1797 1422 1831 Δέομαι
1437 1798 1466 1825 δὲ
1476 1799 1523 1825 καὶ
1537 1799 1587 1825 τοῦ
1601 1799 1674 1826 θείου
1693 1799 1790 1834 βαπτί-

1003 1844 1107 1878 σματος
1135 1843 1298 1877 ἀξιωθῆναι,
1321 1843 1369 1871 καὶ
1395 1844 1505 1871 πανοικὶ
1535 1845 1791 1880 προσοικειωθῆναι,

1004 1889 1050 1916 καὶ
1074 1888 1217 1916 ἀναθεῖναι
1240 1888 1280 1924 τῷ
1305 1888 1427 1924 Δεσπότῃ
1453 1888 1574 1924 Χριστῷ.
1595 1888 1684 1916 Πολλὰ
1702 1890 1792 1917 τοίνυν

1003 1934 1164 1967 ἐπιτελέσας
1177 1934 1303 1970 θαύματα
1317 1934 1450 1971 πρότερον
1464 1935 1479 1961 ὁ
1492 1934 1540 1961 τοῦ
1553 1935 1656 1970 Κυρίου
1671 1936 1790 1962 ἀπόστο-

1002 1981 1057 2013 λος,
1075 1981 1123 2008 καὶ
1139 1981 1243 2013 πάντας
1258 1980 1312 2008 ἀπὸ
1324 1982 1379 2007 τῶν
1394 1981 1480 2007 νόσων
1487 1980 1577 2007 αὐτῶν
1589 1981 1747 2016 ἰασάμενος,
1762 1983 1792 2008 ἐν

1001 2022 1041 2057 οἷς
1056 2023 1091 2060 ἦν
1104 2025 1151 2052 καὶ
1162 2025 1177 2051 ό
1189 2024 1297 2061 πρῶτος
1319 2024 1368 2060 τὴν
1392 2025 1456 2060 περὶ
1480 2025 1562 2052 αὐτοῦ
1575 2026 1669 2061 φήμην
1685 2026 1723 2060 τῷ
1735 2027 1791 2052 Afr-

1001 2071 1079 2107 γάρῳ
1097 2071 1263 2105 ἀνενεγκὼν,
1277 2071 1308 2098 ὃν
1324 2071 1487 2105 ποδαλγικοῦ
1499 2071 1661 2107 παθήματος
1676 2072 1790 2108 ἠλευθέ-

1002 2125 1084 2153 ρωσε,
1098 2118 1258 2152 προσήγαγε
1266 2117 1299 2153 τῇ
1309 2116 1370 2152 θείίι⁸
1388 2117 1569 2153 κολυμσήθρᾳ
1586 2117 1632 2144 τὸν
1647 2116 1786 2153 Αὓγαρον.

155 2154 296 2190 Augarum
309 2157 424 2191 piscinae
434 2159 555 2187 admovit
569 2168 576 2188 :
595 2161 780 2198 legitimisque
798 2164 824 2193 in
840 2171 873 2192 eo
884 2172 947 2199 per-

1007 2164 1056 2191 Καὶ
1069 2163 1103 2190 τὰ
1115 2162 1346 2199 νενομισμέναὲπ’
1357 2162 1432 2198 αὑτῷ
1446 2162 1570 2195 τελέσας,
1581 2162 1728 2189 ἐϐάπτισεν
1738 2162 1790 2188 αὺ-

157 2201 238 2234 actis,
255 2201 344 2237 ipsum
359 2210 391 2231 ac
405 2211 519 2233 uxorem
543 2206 698 2244 liberosque
711 2217 773 2236 eum
790 2214 847 2238 tota
867 2209 949 2238 fami-

1007 2210 1046 2237 :6v
1055 2219 1085 2237 τε
1095 2211 1142 2237 καὶ⁸
1154 2211 1204 2246 τὴν
1219 2210 1337 2245 γυναῖκα
1348 2209 1437 2236 καὶτὰ
1452 2210 1544 2241 τέκνα,
1554 2209 1601 2235 καὶ
1610 2209 1715 2240 πάντας
1725 2210 1789 2239 τοὺς

155 2246 191 2273 lia
206 2247 304 2282 tinxit;
324 2249 448 2284 exiitque
473 2258 487 2278 e
503 2251 594 2279 divina
614 2251 666 2282 bac
685 2255 850 2290 expiationis
871 2255 944 2283 unda

155 2293 276 2322 rnundus
305 2299 379 2323 totus
407 2303 439 2324 ac
468 2304 565 2332 sanus,
596 2299 672 2335 lepra
700 2304 812 2336 repente
834 2301 947 2335 abolita,

154 2339 244 2374 iisque
254 2340 321 2375 ipsis
333 2342 429 2376 paucis
443 2343 687 2380 reliquiis,quibus
700 2347 751 2374 viri
763 2347 838 2375 frons
856 2347 946 2376 inusta

153 2386 322 2420 perstiterat.

189 2478 247 2508 XV.
270 2478 340 2507 Hinc
353 2480 454 2508 factum
473 2485 502 2509 ut
521 2483 643 2518 regulus,
660 2484 707 2518 qui
718 2484 779 2518 ejus
796 2483 944 2513 Dominicze

152 2523 248 2559 emgiei
265 2531 296 2552 ac
310 2524 405 2553 formae
421 2526 510 2554 modis
525 2528 655 2556 omnibus
672 2534 817 2557 venerator
837 2530 942 2558 cultor-

151 2578 205 2605 que
221 2571 377 2604 exsisteret,
396 2573 446 2600 hoc
464 2580 574 2608 quoque
595 2574 628 2601 ad
648 2575 730 2602 aliam
750 2575 811 2611 ejus
829 2577 942 2612 religio-

151 2625 213 2645 nem
227 2617 368 2653 adjiceret.
383 2618 499 2654 Nempe,
517 2620 638 2656 antiquis
650 2620 760 2650 Edessae
775 2622 881 2650 civibus
899 2623 941 2650 dei

151 2662 296 2697 cujusdam
311 2663 476 2692 Graecanica:
489 2666 694 2702 superstitionis
713 2670 814 2700 statua,
827 2674 877 2702 pro
891 2675 945 2703 ρυ-

150 2708 222 2736 blica
237 2708 312 2736 urbis
332 2714 410 2744 pom
430 2715 520 2739 erecta
543 2716 615 2745 erat,
637 2713 681 2740 cui
705 2720 819 2741 necesse
838 2713 942 2741 cultum

999 2256 1068 2292 ἑνξτῇ
1081 2256 1155 2292 οἰκίᾳ
1169 2255 1262 2283 αὐτοῦ.
1279 2256 1334 2283 Καὶ
1346 2254 1459 2290 ἐξῆλθεν
1469 2255 1525 2282 ἀπὸ
1541 2255 1588 2282 τοῦ
1602 2254 1678 2281 θείου
1690 2254 1788 2281 τούτου

997 2299 1048 2334 τῆς
1069 2299 1230 2335 καθάρσεως
1253 2299 1360 2332 ὓδατος,
1390 2299 1510 2336 καθαρὸς
1534 2300 1596 2332 ὅλος
1622 2300 1669 2326 καὶ
1694 2299 1785 2334 ὑγιὴς,

998 2344 1193 2379 ἀφανισθέντος
1209 2344 1316 2380 ἀθρόως
1332 2344 1380 2371 καὶ
1394 2343 1442 2371 τοῦ
1463 2344 1672 2379 ὑπολειφθέντος
1686 2343 1788 2379 μικρῡῦ

998 2390 1125 2424 λειψάνου
1140 2390 1189 2425 τῆς
1202 2390 1308 2425 λέπρας
1321 2390 1350 2416 ἐν
1366 2389 1405 2425 τῷ
1421 2389 1540 2424 μετώπῳ
1552 2389 1645 2416 αὑτοῦ.

1034 2481 1083 2509 ΙΞ¹.
1104 2481 1244 2509 Ἐντεῦθεν
1260 2482 1369 2513 πάντως
1394 2481 1481 2517 τιμῶν
1511 2481 1557 2507 καὶ
1587 2481 1733 2516 σεϐόμενος
1758 2481 1787 2506 τὸ

995 2530 1114 2557 τοιοῦτον
1132 2529 1259 2565 ὁμοίωμα
1281 2529 1331 2564 τῆς
1346 2528 1393 2555 τοῦ
1407 2528 1509 2564 Κυρίου
1519 2528 1641 2564 μορφῆς,·
1652 2529 1698 2555 καὶ
1710 2528 1788 2554 τοῦτο

995 2577 1050 2608 τοῖς
1064 2576 1153 2608 ἄλλοις
1164 2577 1178 2603 ὁ
1192 2576 1333 2611 τοπάρχης
1347 2576 1530 2611 προσέθηκεν.
1541 2576 1588 2602 Ἐκ
1597 2575 1652 2602 τῶν
1665 2574 1787 2601 παλαιῶν

999 2623 1049 2658 τῇς
1070 2622 1200 2657 Ἐδέσσης
1220 2621 1337 2649 πολιτῶν
1353 2630 1383 2648 τε
1400 2622 1448 2648 καὶ
1472 2621 1600 2648 οἰκιστῶν
1615 2621 1669 2648 τῶν
1690 2620 1782 2655 ἐπισή-

1000 2678 1059 2704 μων
1086 2669 1157 2701 τινὸς
1172 2668 1223 2705 [δὲ]
1247 2668 1412 2704 Ἑλληνικῶν
1423 2668 1493 2695 θεῶν
1521 2667 1633 2703 ἄγαλμα
1657 2667 1711 2703 πρὸ
1737 2665 1786 2700 τῆς

998 2715 1130 2750 δημοσίας
1150 2715 1238 2749 πύλης
1253 2715 1302 2750 τῆς
1325 2715 1429 2746 πόλεως
1453 2713 1626 2749 ἁνεστήλωτο
1637 2733 1644 2745 ,
1661 2709 1683 2747 ᾧ
1699 2713 1787 2740 πάντα

905 2802 1021 2831 ΝΟΤιΕ.

184 2847 243 2884 (10)
260 2847 364 2881 Ροιῦαε,
383 2849 430 2880 uni
446 2850 549 2881 primus
564 2852 663 2881 famam
679 2853 713 2881 de
730 2853 777 2881 illo
797 2853 830 2880 ad
848 2853 953 2888 Angaru

1007 2853 1137 2880 attulerat
