1938 3070
184 144 239 176 439

677 143 887 175 CONS'I‘ANTI
894 143 1291 178 NEPORI’IIYHOGENITI

1759 148 1814 181 MO

184 211 296 230 munere
310 203 411 242 auxilia
428 202 616 238 impetrarent.
633 202 747 230 liontani
760 208 824 231 tunc
835 205 970 232 exercitus

1028 206 1205 240 στρατηγούς.
1227 207 1325 233 Ἠλίων
1336 206 1373 238 δὲ,
1383 207 1397 233 ὁ
1413 208 1471 234 τότε
1485 207 1539 234 τῶν
1562 207 1722 242 Ῥωμαϊκῶν
1734 216 1816 243 στρα-

185 253 285 284 praetor
306 239 382 276 llclio
397 253 466 279 erat,
483 249 596 283 ipseque
612 257 627 276 a
647 257 687 281 se,
707 249 852 277 Persarum
868 250 892 277 vi
913 251 972 278 acie

184 295 324 325 laborans,
338 294 486 322 auxiliares
498 295 592 329 copias
607 295 731 322 sullicere
741 295 852 323 Edessa:
867 296 974 323 civibus

184 347 237 366 non
248 339 366 371 valebat.
377 340 484 368 anitnos
498 345 589 368 tamen
604 340 716 376 scriptis
731 341 830 368 litteris
843 341 971 373 addebat,

183 385 346 420 Dominique
361 386 506 420 epistolam
527 393 560 413 ac
581 392 675 413 veram
700 385 727 413 in
745 393 775 414 ca
796 387 972 419 sententiam,

182 438 236 464 qua
254 430 401 458 incolumis
424 430 529 463 futura,
547 431 678 466 nullaque
700 431 818 459 hostium
841 432 867 459 vi
886 439 973 467 expu-

183 475 292 509 gnanda
306 476 405 504 civitas
418 481 446 504 et
461 475 582 504 ferretur
594 480 621 504 et
641 477 811 510 crederetur,
827 478 855 505 in
870 486 973 505 ntemn-

184 522 254 549 riam
272 522 431 550 revocabat.
447 522 533 550 Porro
550 522 643 551 Persa:
662 530 725 550 cum
750 523 840 559 palam
865 523 974 551 adorie-

184 567 298 600 bantur,
317 572 374 595 tum
391 575 425 596 ex
441 568 551 596 insidiis
566 569 736 604 structisque
755 569 890 597 cuniculis
907 569 974 597 civi-

186 618 269 641 tatem
289 614 429 641 tenebant.
442 613 542 642 Procul
560 614 644 650 igitur
658 618 771 650 occepta
793 615 902 647 scrobe,
925 622 974 650 per

185 659 383 687 subterraneos
399 664 508 688 meatus
522 660 575 688 sibi
596 659 623 687 in
645 660 739 688 urbem
759 660 862 688 aditum
882 664 974 687 struc-

185 705 262 732 bant.
277 705 400 740 Cumque
418 705 475 740 jam
496 705 610 740 perinde
629 713 661 733 ac
682 706 794 741 quidam
818 707 973 734 urinatores

186 751 258 778 intra
274 759 369 779 muros
385 759 418 779 ex
434 751 572 780 cuniculis
583 752 794 783 successissent,
805 752 919 787 contigit
930 753 973 780 in-

185 796 271 825 sidias
283 796 372 832 detegi
385 804 434 832 per
448 797 528 824 talem
540 797 725 826 occasionem.
738 797 872 825 Nimirum
889 799 932 825 illa
944 799 971 826 in

186 841 264 870 urbis
277 847 354 877 parte
366 842 442 870 faber
455 842 568 878 quidam
581 844 695 871 ararius
706 844 776 871 intra
791 852 886 872 muros
899 844 971 872 ardes

186 886 315 919 habebat,
330 887 409 922 cuius
422 895 486 916 vasa
501 895 575 916 aenea
590 888 618 916 in
630 889 711 916 domo
727 890 867 923 sublimia,
881 890 971 919 Persis

186 933 238 959 sub
257 937 329 961 terra
353 933 535 962 tundentibus
559 942 592 962 ac
619 935 759 969 pulverem
784 936 972 971 egerentibus,

185 978 306 1006 sonitum
324 979 487 1008 emiserunt.
510 980 607 1016 Itaque
627 981 736 1009 consilii
762 982 867 1016 inopes,
893 987 920 1008 et
939 983 973 1009 ad

185 1029 337 1053 extremam
360 1026 433 1054 cives
454 1026 675 1063 desperationem
698 1028 813 1062 redacti,
834 1028 868 1056 ad
890 1029 973 1056 Deum

185 1070 360 1107 confugiunt,
383 1072 531 1108 ipsumque
553 1073 646 1101 cordis
669 1073 765 1102 dolore
787 1081 819 1101 ac
846 1073 975 1109 lacrymis

186 1117 348 1152 exquirunt.
362 1117 447 1145 Porro
459 1123 542 1146 noctu
557 1119 656 1147 mulier
670 1119 794 1155 quaedam
812 1123 910 1147 ornato
928 1120 975 1146 ha-

187 1162 258 1196 hitn,
275 1163 408 1198 gravique
422 1170 454 1191 ac
475 1163 600 1192 modesta
620 1165 722 1200 specie,
736 1166 912 1200 praestantior
926 1165 975 1193 de-

188 1208 272 1243 nique
286 1216 367 1244 quant
388 1213 418 1237 ut
435 1210 518 1237 homo
534 1209 682 1244 videretur,
702 1211 849 1246 episcopo,
871 1211 976 1238 Eulalio

190 1255 254 1283 huic
268 1263 367 1283 nomen
389 1260 465 1288 erat,
486 1260 609 1292 apparet,
627 1261 773 1292 monetque
792 1261 901 1292 arrepta
920 1264 974 1284 non

189 1301 345 1329 manufacta
362 1301 464 1329 Christi
486 1302 616 1338 imagine,
637 1310 700 1330 cum
719 1303 778 1338 ipsa
797 1303 977 1338 supplicatio-

188 1355 250 1374 nem
262 1347 380 1381 h‘abeat;
394 1347 509 1383 foreqne
522 1348 636 1376 omnino
660 1352 690 1376 ut
706 1347 838 1376 Dominus
850 1352 976 1383 portenta

187 1400 237 1421 sua
253 1400 285 1421 ac
302 1393 434 1421 miracula
446 1394 583 1422 ostendat.
599 1394 700 1422 Aiebat
711 1395 870 1430 episcopus.
885 1395 978 1422 nesci-

188 1445 217 1465 re
234 1444 264 1465 se
283 1445 410 1473 prorsus,
435 1445 469 1465 an
492 1438 604 1466 omnino
621 1438 684 1466 talis
701 1438 793 1473 imago
812 1438 883 1474 apud
903 1438 978 1466 cives

187 1483 294 1511 aliosve
307 1483 379 1511 ullos
395 1488 527 1512 exstaret.
539 1483 618 1512 Tunc
634 1483 668 1512 ad
685 1483 762 1512 illum
778 1491 838 1518 qua;
851 1483 977 1511 muliebri

1023 251 1165 284 τευμάτων
1179 251 1339 286 ἡγούμενος,
1356 252 1402 278 καὶ
1415 252 1474 279 καθ’
1492 253 1587 279 ἑαυτὸν
1598 253 1653 279 ὑπὸ
1664 254 1719 279 τῶν
1736 254 1816 280 πολε-

1024 293 1094 327 μίων
1109 294 1291 329 πονούμενος,
1309 296 1365 326 τοῖς
1381 296 1410 322 ἐν
1428 296 1540 332 Ἐδὲσσῃ
1559 298 1717 332 συμμαχίαν
1741 299 1815 333 πὲμο

1022 337 1071 372 ψαι
1091 339 1141 374 οὺχ
1163 336 1219 371 οἷός
1241 348 1271 366 τε
1291 337 1336 375 ἦν.
1351 340 1400 367 Διὰ
1416 342 1588 376 γραμμάτων
1601 341 1628 368 δὲ
1645 342 1814 377 exossam,

1026 383 1076 417 τῆς
1090 382 1138 410 τοῦ
1154 383 1255 418 Κυρίου
1283 384 1501 420 ἀναμιμνήσκων
1527 385 1683 419 ἐπιστολῆς,
1700 386 1746 412 καὶ
1765 386 1816 419 τῆς

1023 428 1156 464 ἀψευδοῦς
1179 430 1209 456 ἐν
1227 430 1295 466 αὐτῇ
1318 431 1493 465 ἀποφάσεως,
1508 431 1543 457 δι⁸
1555 428 1588 467 ἧς
1602 431 1755 467 ἀπόρθητον
1768 440 1818 466 τη-

1026 474 1131 510 ρεῖσθαι
1143 473 1282 510 τὴνῗπόλιν
1305 475 1352 502 καὶ
1375 475 1484 509 λέγεται
1495 476 1542 502 καὶ
1556 476 1726 503 πιστεύεται.
1742 477 1775 502 Οί
1789 476 1818 502 δὲ

1024 520 1129 555 Πέρσαι
1143 521 1211 556 μετὰ
1229 521 1279 556 τῆς
1294 522 1431 556 ἐμφανοῦς
1452 522 1613 554 ἐπιθέσεως,
1631 523 1680 549 καὶ
1694 522 1728 548 τὰ
1745 523 1818 556 ἀφα-

1024 566 1077 598 νῶς
1102 567 1229 594 ἐπενόουν
1248 567 1480 603 ἐπιϐουλεύματα.
1499 567 1553 594 Καὶ
1577 567 1722 602 πόρῤωοεν
1739 567 1818 602 69:3:-

1023 620 1081 639 τειν
1099 612 1260 647 ἀρξάμενοι,
1289 612 1323 640 δι’
1344 613 1491 648 ὑπονόμων
1519 613 1592 640 ἔνδον
1617 613 1745 647 γενέσθαι
1768 614 1818 648 τῆς

1024 656 1128 688 πόλεως
1154 656 1340 691 ὲτεχνάζοντο.
1365 657 1413 689 Ὠς
1435 657 1464 684 δέ
1485 655 1556 693 ἦσαν
1570 655 1626 684 οἷον
1642 657 1754 692 ὖφυδροι
1769 666 1818 686 κο-

1023 702 1159 738 λυμϐηταὶ
1168 703 1215 730 τοῦ
1245 703 1351 738 τείχους
1375 703 1450 736 ιντδς
1472 704 1524 730 ὑπὸ
1545 704 1606 739 γῆν,
1633 704 1665 730 ἐκ
1688 703 1818 738 τοιαύτης

1024 750 1115 782 αἰτίας
1129 751 1298 785 καταφανεῖς
1313 752 1368 782 τοῖς
1384 750 1458 778 ἔνδον
1469 751 1516 777 τοῦ
1532 751 1736 785 τείχους........
1754 748 1819 784 χαλ-

1023 797 1075 822 κέα
1085 796 1180 828 οἰκεῖν,
1192 793 1223 823 οὗ
1239 796 1274 822 τά
1284 795 1356 822 κατὰ
1373 795 1425 831 τὴν
1438 795 1527 822 οἰκίαν
1545 795 1718 829 αἰωρούμενα
1733 795 1818 829 σκεύη

1024 840 1114 874 χαλκᾶ
1133 837 1200 874 ἦχον
1216 840 1353 871 ἀπετέλει,
1365 839 1420 865 τῶν
1435 839 1550 874 Περσῶν
1567 839 1620 865 ὑπὸ
1632 839 1684 873 γῆν
1702 839 1818 865 κοπτόν-

1023 894 1077 913 των
1094 886 1141 913 καὶ
1164 886 1354 921 ἐκφοροῦντων
1371 885 1419 912 τὸν
1440 885 1515 921 χοῦν.
1541 885 1585 912 Ἐν
1599 884 1741 920 ἀμηχανία
1757 883 1818 911 οὖν,

1024 931 1071 958 καὶ
1083 933 1116 968 τῇ
1132 932 1233 967 ἐσχάτῃ
1248 931 1403 966 ἀπογνώσει
1413 931 1439 958 οι
1448 931 1497 966 τῆς
1506 931 1608 962 πόλεως
1621 939 1689 957 κατα
1695 931 1819 962 πάντες’

1026 977 1094 1012 πρὸς
1109 978 1155 1005 τδν
1174 978 1241 1004 Θεὸν
1262 977 1479 1012 καταφεύγουσι,
1495 977 1543 1004 καὶ
1559 977 1618 1012 μετ’
1633 976 1731 1010 ὀδύνης
1748 984 1819 1010 καρ-

1025 1023 1084 1055 δίας
1096 1024 1143 1051 καὶ
1152 1023 1277 1058 δακρύων
1288 1023 1432 1058 ὲξεζήτουν
1445 1023 1537 1050 αὐτόν.
1546 1022 1769 1049 Φαίνεταιτυίνυν
1775 1021 1820 1048 διά

1026 1069 1122 1101 νυκτδς
1133 1069 1173 1104 τῷ
1181 1069 1324 1104 ἐπιδ-κόπῳ
1334 1069 1475 1105 (ri-5mm;
1489 1069 1517 1096 δὲ
1533 1066 1610 1100 οὗτος
1629 1065 1674 1103 ἦν)
1692 1068 1760 1103 γυνή
1776 1077 1819 1099 τις

1026 1114 1159 1149 εὐσταλὴς
1176 1115 1223 1142 καὶ
1246 1114 1394 1149 σεδισμία,
1403 1113 1534 1150 κρείττων
1551 1114 1568 1149 ἦ
1586 1114 1646 1141 κατ’
1663 1113 1818 1149 ἄνθρωπον.

1027 1160 1210 1196 ὑποτιθεμένη
1227 1160 1304 1196 αὺτῷ
1315 1160 1365 1196 τὴν
1389 1159 1599 1195 ἀχειροποίητον
1618 1159 1710 1186 εἰκόνα
1725 1159 1819 1185 λαϐεῖν

1026 1207 1073 1234 τοῦ
1085 1207 1215 1242 Χριστοῦ,
1232 1208 1280 1234 καὶ
1293 1206 1434 1233 λιτανείαν
1448 1207 1506 1241 μετ’
1526 1206 1612 1239 αὐτῆς
1639 1206 1817 1241 ποιήσασθαι-

1027 1252 1138 1284 πάντως
1149 1253 1237 1285 δείξαι
1251 1253 1297 1279 τὸν
1310 1252 1411 1287 Κύριον
1425 1252 1460 1279 τὲ
1473 1252 1616 1287 θαυμάσια
1629 1251 1723 1278 αὑτοῦ.
1750 1252 1779 1278 '0
1789 1252 1818 1278 δέ

1028 1298 1177 1330 ἐπίσκοπος
1199 1298 1338 1330 παντελῶς
1362 1299 1471 1333 ἀγνοεῖν
1488 1298 1580 1332 ἔλεγεν
1597 1298 1621 1324 εί
1643 1297 1718 1324 ἐστιν
1732 1297 1817 1330 ὅλως,

1027 1345 1083 1371 εῐτι
1102 1343 1167 1379 παρ’
1193 1344 1296 1376 αὐτοῖς,
1310 1343 1364 1370 εἴτε
1386 1343 1450 1379 παρ’
1472 1343 1562 1375 ἄλλοις
1589 1344 1661 1369 τισὶν
1684 1343 1702 1378 ἡ
1725 1342 1817 1370 εἰκών.

1027 1390 1096 1417 Τότε
1113 1389 1188 1424 λέγει
1204 1390 1271 1424 πρὸς
1287 1389 1369 1416 αὑτὸν
1383 1390 1401 1424 ἠ
1414 1390 1442 1416 ἐν
1456 1389 1604 1424 γυναικείῳ
1617 1389 1765 1424 φαινομένη
1779 1388 1819 1424 τῷ

1030 1435 1160 1470 σχήματι,
1174 1435 1216 1462 ὅτι
1232 1435 1326 1462 ἐπάνω
1344 1435 1393 1471 τῆς
1419 1435 1507 1471 πύλης
1520 1435 1570 1470 τῆς
1594 1434 1697 1466 πόλεως
1725 1435 1754 1460 ἐν
1779 1435 1818 1470 τῷ

1029 1481 1105 1517 τόπῳ
1115 1481 1158 1508 διὰ
1177 1481 1251 1508 τόνδε
1275 1481 1322 1508 τὴν
1343 1482 1446 1516 τρόπον
1468 1482 1485 1517 ἡ
1498 1482 1611 1517 τοιαύτη
1627 1480 1819 1516 εἰκὼννκέκρυ-

189 1529 283 1556 habitu
300 1537 331 1558 se
347 1529 525 1565 e0nspicuam
542 1529 658 1563 fecerat,
675 1537 758 1565 super
773 1534 880 1566 portam
903 1529 979 1557 urbis
992 1540 1015 1572 ρ
1032 1535 1110 1553 πται.

188 1574 236 1601 tali
257 1574 317 1602 loco
338 1582 387 1610 per
409 1575 492 1603 talem
513 1575 624 1603 modum
648 1576 794 1611 imaginem
815 1576 977 1604 absconsam

189 1619 319 1654 subjecit.

225 1665 307 1694 XVII.
327 1666 407 1696 Mane
424 1667 507 1703 igitur
520 1669 681 1706 episcopus,
695 1675 791 1707 aperta
807 1670 914 1699 visione
925 1668 979 1697 fre-

189 1719 246 1748 tus,
257 1722 321 1742 cum
338 1716 542 1751 supplicatione
557 1718 592 1746 ad
608 1718 699 1746 locum
710 1719 888 1750 conveniens.
901 1725 979 1746 seruo

188 1764 319 1797 lausque,
342 1762 478 1798 integram
497 1771 530 1792 ac
551 1764 715 1793 incolumem
730 1765 851 1794 divinam
865 1765 979 1793 oll'endit

189 1807 351 1842 imaginem,
367 1808 509 1836 lucernam
529 1817 640 1846 quoque
660 1815 701 1839 tot
718 1815 792 1840 retro
807 1811 888 1839 annis
902 1811 980 1838 inex~

190 1853 320 1882 stinctam
336 1863 344 1882 :
361 1854 445 1890 inque
462 1860 533 1884 testa
556 1861 622 1885 ante
639 1857 780 1886 lucernam
794 1858 854 1892 ejus
867 1865 979 1886 conser-

188 1899 286 1928 vanda:
311 1908 396 1929 causa
415 1902 553 1938 imposita.
575 1903 690 1931 alteram
713 1904 843 1940 imaginis
869 1912 980 1940 expres-

189 1953 248 1974 sam
264 1945 393 1981 elﬂgiem,
407 1955 469 1981 quae
484 1948 543 1981 ipsa
560 1948 695 1978 hactenus
709 1949 818 1978 Edessa:
832 1950 980 1979 incolumis

187 1995 241 2019 est.
254 1991 370 2027 Sumpta
382 1992 466 2027 igitur
481 1993 509 2020 in
525 2001 624 2022 manus
639 1992 732 2021 divina
747 1993 851 2023 Christi
868 1994 915 2022 Dei
929 1995 980 2023 ho-

188 2035 273 2064 minis
289 2035 389 2072 elﬁgie,
402 2037 588 2072 praeﬁdentior
603 2039 750 2075 episcopus
763 2039 796 2067 ad
812 2039 903 2069 locum
917 2048 979 2076 per-

187 2081 239 2118 git,
257 2083 305 2110 ubi
322 2082 415 2112 Persae
429 2091 462 2112 ex
478 2092 609 2114 vasorum
631 2092 686 2114 aere
703 2085 862 2114 sonantium
878 2086 978 2114 tinnitu

188 2128 351 2157 cuniculum
371 2133 511 2158 struentes
534 2131 698 2166 deprehensi
724 2135 803 2159 erant
826 2140 833 2159 :
861 2138 979 2167 cumque

188 2173 264 2202 cives
270 2177 296 2202 et
305 2174 358 2209 ipsi
367 2175 444 2203 intus
449 2176 572 2210 aggressi
581 2176 609 2204 in
618 2176 688 2205 alios
694 2176 742 2204 alii
749 2177 939 2210 incurrissent,
948 2177 976 2205 in

188 2219 279 2254 ignem
297 2220 364 2255 ipsis
378 2220 406 2248 in
423 2209 517 2249 hostes
533 2225 658 2256 paratum
686 2229 719 2250 ex
749 2222 861 2250 lucerna
885 2222 976 2251 oleum
993 2209 1016 2236 θ

188 2263 340 2297 stillantes,
349 2264 433 2300 inque
442 2265 542 2292 Persas
558 2265 586 2292 in
595 2265 724 2294 cuniculo
732 2270 856 2301 repertos
867 2266 978 2294 mitten-

189 2313 244 2342 tes,
254 2316 352 2338 omnes
363 2310 552 2345 perdiderunt.
562 2310 654 2346 lisque
666 2311 777 2339 demum
790 2312 897 2340 libenti
910 2312 978 2341 insi-

189 2354 244 2382 diis
253 2355 349 2384 eodem
368 2355 509 2384 molimine
523 2356 607 2384 etiam
629 2357 771 2386 machinas
784 2362 861 2386 extra
883 2366 977 2387 muros

190 2401 292 2437 positas
308 2402 413 2436 adorsi,
432 2403 481 2430 has
496 2410 606 2439 quoque
623 2407 737 2438 repente
749 2403 976 2438 combusserunt,

188 2447 339 2484 pluresque
355 2447 384 2475 in
398 2447 439 2475 eis
455 2447 589 2477 militares
608 2448 684 2476 viros
703 2449 886 2477 sustulerunt.
903 2448 978 2477 Jam-

189 2500 243 2528 que
257 2492 327 2521 adeo
340 2493 415 2521 aucti
430 2493 540 2528 ﬁducia,
555 2494 667 2522 crebros
683 2494 767 2522 etiam
781 2501 798 2522 e
816 2495 903 2522 muris
915 2495 980 2522 mit--

188 2541 277 2566 tentes
292 2537 409 2573 lapides,
432 2545 528 2566 eorum
547 2537 624 2572 jaclu
648 2545 679 2566 ac
703 2538 851 2571 rotatione,
875 2538 976 2574 impuri

187 2583 326 2613 exercitus
346 2584 408 2613 duci
425 2584 542 2620 aliisque
562 2591 617 2612 non
639 2584 736 2620 paucis
756 2591 851 2613 necem
867 2584 976 2612 consci-

188 2632 296 2657 verunt.
309 2628 404 2665 Neque
419 2629 446 2657 id
463 2628 555 2662 modo,
569 2629 617 2657 sed
633 2633 660 2657 et
673 2629 847 2658 extrinsecus
858 2637 873 2658 a
883 2630 974 2658 Persis

1066 1667 1115 1696 IZ’.
1131 1669 1235 1696 Ἕωθεν
1250 1669 1297 1696 οὖν
1312 1670 1326 1696 ὁ
1338 1669 1487 1701 ἐπίσκοπος
1501 1670 1540 1705 τῷ
1551 1671 1662 1706 ἐναργεῖ
1670 1670 1718 1705 τῆς
1730 1670 1818 1705 ὅψεως

1031 1715 1179 1748 πεποιθὼς,
1196 1716 1264 1751 μετὰ
1289 1715 1366 1751 λιτῆς
1391 1716 1460 1751 πρὸς
1475 1715 1521 1742 τον
1546 1716 1629 1742 τόπον
1655 1715 1751 1748 ἐλθὼν,
1771 1717 1818 1741 καὶ

1029 1761 1273 1797 διερευνησάμενος
1287 1758 1349 1796 εὗρε
1356 1761 1406 1797 τὴν
1421 1761 1496 1788 θείαν
1516 1761 1618 1796 ταύτην
1632 1762 1724 1788 εἰκόνα
1741 1762 1818 1788 ἀδια-

1029 1807 1161 1843 λὼῦητον,
1179 1807 1227 1836 καὶ
1252 1807 1303 1842 τὴν
1328 1807 1475 1842 θρυαλλίδα
1501 1809 1530 1834 ἐν
1551 1809 1608 1840 τοῖς
1624 1808 1762 1839 τοσούτοις
1780 1808 1818 1842 μὴ

1029 1852 1244 1879 ἀποσϐεσθιΞσαν
1263 1852 1346 1879 ἔτεσι.
1361 1853 1415 1879 Καὶ
1428 1854 1458 1879 ὲν
1471 1852 1511 1888 τῷ
1526 1854 1594 1888 πρὸς
1609 1853 1732 1887 φυλακὴν
1757 1855 1818 1880 ἑπι-

1029 1897 1133 1924 «eam
1147 1896 1201 1933 πρὸ
1214 1896 1261 1923 τοῦ
1276 1897 1373 1932 λύχνου
1387 1897 1502 1933 κεράμῳ
1520 1898 1715 1924 ἐπεκτυπωοέν
1724 1897 1819 1932 ἕτερον

1029 1941 1157 1977 ὁμοίωμα
1173 1940 1221 1968 τοῦ
1243 1941 1425 1977 όμοιώματος,
1442 1942 1457 1968 ὂ
1478 1942 1526 1970 καὶ
1546 1943 1627 1977 μέχρι
1648 1942 1695 1969 τοῦ
1716 1942 1764 1969 νῦν
1789 1944 1819 1969 ἐν

1036 1986 1148 2022 Ἐδέσσῃ
1160 1987 1291 2022 τυγχάνει
1311 1987 1478 2023 σωζόμενον.
1499 1988 1599 2015 Λαϐὼν
1616 1986 1663 2015 οὖν
1679 1989 1748 2014 κατὰ
1762 1989 1819 2023 χεῖ-

1030 2041 1080 2069 ρας
1102 2033 1133 2060 τὸ
1157 2033 1229 2061 θεῖον
1251 2033 1331 2060 τοῦτο
1346 2033 1524 2069 οεανθρώπου
1544 2034 1663 2069 Χριστοῦ
1678 2035 1819 2061 ἀπεικόνι-

1030 2087 1098 2115 σμα,
1112 2079 1160 2106 καὶ
1173 2080 1222 2106 ἐπὶ
1231 2079 1387 2115 κρείττονος
1401 2079 1511 2112 ἐλπίδος
1530 2081 1686 2114 γενόμενος,
1708 2081 1818 2116 ἔρχεται

1029 2126 1091 2152 κατ’
1115 2125 1219 2152 ἐκεῖνον
1238 2125 1284 2152 τδν
1298 2125 1394 2158 τόπον,
1414 2126 1476 2153 καθ’
1491 2126 1520 2153 ὃν
1533 2128 1558 2153 οἱ
1580 2127 1682 2162 Πέρσαι
1709 2127 1816 2162 διορύτ-

1028 2178 1120 2203 τοντες
1143 2170 1197 2198 ἀπὺ
1216 2171 1264 2198 τοῦ
1290 2171 1346 2198 τῶν
1369 2171 1557 2207 χαλκωμάτων
1574 2173 1641 2207 ἦχον
1658 2173 1818 2208 κατάφωροι

1030 2216 1245 2252 καθεστήκεσαν.
1259 2216 1314 2244 Καὶ
1330 2216 1478 2252 ἀρξάμενοι
1489 2216 1595 2244 ἔνδοθεν
1621 2217 1745 2253 ὀρύττειν
1762 2219 1818 2254 (l2)

1031 2263 1086 2291 τῶν
1097 2264 1149 2299 τῆς
1167 2264 1282 2298 πόλεως,
1296 2264 1335 2297 ὥς
1362 2265 1446 2299 ἐγγὺς
1467 2265 1590 2301 ἀλλήλων
1613 2265 1748 2300 ἐγένοντο,
1764 2267 1819 2293 ἀπὸ

1030 2309 1081 2345 τῆς
1094 2310 1318 2347 λυχνίαςέκιινης
1329 2310 1417 2338 ἔλαιον
1429 2311 1635 2345 ἐπιστάξαντες,
1649 2313 1690 2345 εἰς
1701 2313 1733 2339 τὸ
1747 2313 1818 2339 κατὰ

1031 2355 1085 2382 τῶν
1101 2356 1237 2391 πολεμίων
1251 2356 1343 2388 αὐτοῖς
1356 2356 1569 2392 εὐτρεπισμένον
1593 2357 1660 2393 πῦρ,
1684 2359 1731 2384 καὶ
1747 2359 1818 2385 κατὰ

1031 2400 1085 2428 τῶν
1096 2401 1124 2427 ἐν
1142 2401 1181 2436 τῷ
1196 2401 1326 2438 ὕπονόμῳ
1339 2402 1454 2438 Περσῶν
1482 2403 1608 2438 ἀφέντες.
1634 2404 1738 2436 πάντας
1764 2404 1818 2430 άπ-

1032 2445 1146 2474 ώλεσαν.
1159 2447 1216 2474 Καὶ
1227 2448 1276 2483 τῆς
1289 2448 1413 2475 ἐντεῦθεν
1422 2449 1566 2483 ρυσθέντες
1581 2449 1737 2484 ἐπιϐουλῆς,
1753 2450 1818 2484 πρὸς

1033 2491 1066 2520 τά
1081 2492 1159 2524 ἐκτὸς
1183 2491 1231 2520 τοῦ
1252 2493 1359 2531 τείχους
1375 2494 1500 2530 μηχανὰς
1529 2495 1578 2530 τὴν
1599 2496 1692 2530 ὅμοιον
1721 2497 1818 2530 πεῖραν

1032 2537 1215 2573 προήνεγκαν,
1232 2538 1280 2566 καὶ
1303 2539 1405 2572 ταύτας
1431 2541 1538 2576 ἀθρόως
1567 2541 1746 2576 κατέφλεξαν.
1763 2541 1818 2567 Καὶ

1028 2582 1143 2615 πολλοὺς
1153 2583 1207 2610 τῶν
1224 2584 1253 2611 ἐν
1268 2585 1364 2617 αὑταῖς
1379 2585 1517 2621 πολεμίων
1531 2586 1684 2614 ἀνάλωσαν.
1703 2586 1771 2621 Ἤδη
1787 2585 1817 2612 δὲ

1027 2627 1291 2665 ἀνατεθαρρηκότες,
1306 2631 1354 2658 καὶ
1383 2631 1467 2658 λίθων
1491 2631 1604 2666 ἀφέσεις
1627 2632 1733 2667 συχνῶν
1763 2632 1818 2658 ἀπὸ

187 2674 320 2702 adversus
345 2675 421 2703 cives
442 2682 587 2704 accensam
613 2683 718 2712 pyram,
745 2683 827 2711 quam
849 2675 973 2703 olearum

1028 2674 1080 2701 τῶν
1094 2675 1193 2711 τειχῶν
1211 2676 1385 2712 ἐπεποίηντο,
1401 2678 1446 2713 ὑφ’
1457 2674 1496 2705 ὧν
1517 2678 1625 2706 καὶθτὺν
1649 2678 1816 2714 στρατοπεδ-

187 2718 390 2755 rnultarumquc
411 2720 537 2753 aliarum,
558 2728 627 2756 quas
649 2720 821 2750 immiserant
842 2721 971 2749 arborum

1028 2720 1113 2756 ἀρχην
1139 2721 1186 2748 τοῦ
1209 2723 1309 2759 μιαροῦ
1332 2724 1536 2761 στρατεύματος
1548 2724 1647 2759 συνέϐη
1665 2725 1757 2751 πεσεῖν
1770 2724 1816 2750 καὶ

289 2777 306 2789 ο,

930 2811 1046 2842 Νοτιε.

226 2853 282 2891 (12)
302 2854 390 2885 Locus
408 2856 526 2885 fortasse
541 2864 596 2885 non
612 2865 706 2887 sanus.
