1938 3070
157 101 210 133 ᾹΖῚ

647 104 902 136 ΟΟΝΞΤΛΝΊἹΝ(
919 105 1256 136 PORPHYROGENITI

1730 105 1784 137 ιιι

158 158 239 189 duce,
263 164 348 191 penes
368 163 448 190 quem
464 163 544 184 omne
562 157 704 185 arbitrimn
727 164 797 194 erat,
816 162 944 189 slindum

1007 162 1084 188 Ἀλλὰ
1094 162 1142 188 τοῦ
1158 162 1212 189 τῶν
1227 162 1395 198 Σαρακηνῶν
1411 162 1578 197 στρατη·ίοῦ,
1595 162 1639 197 ὑφ’
1655 159 1677 197 ᾧ
1688 164 1718 190 τὺ
1731 165 1785 190 πᾶν

158 211 222 231 csse
244 203 388 231 conventis
415 207 564 236 statuente,
591 212 623 232 ac
644 206 777 241 explenda
797 209 944 242 promissa,

158 249 298 284 egreditur
336 257 352 277 (ς
387 250 498 277 civitate
541 250 642 286 elligies
675 253 876 287 pretiosissima
914 262 947 283 ac

158 295 260 322 tlhristi
272 303 354 323 manu
367 296 469 332 scripta
482 296 574 325 brevis
589 298 716 332 epistola,
733 298 842 335 hucque
856 303 946 328 trans-

159 340 295 369 feruntur.

194 432 279 461 XXV.
308 433 429 468 Denique
452 434 506 462 iter
528 435 718 468 conﬁcientes,
740 436 773 463 ad
805 436 950 472 Euphratis

158 487 236 507 oram
246 487 332 508 sacrae
341 481 458 508 sarcinae
469 484 593 509 vectores
602 482 768 510 advenerant
779 490 787 516 ;
799 490 951 518 rursusque

161 526 238 553 nullo
256 525 379 560 priorum
402 526 493 552 minor
518 526 654 554 excitatus
675 527 821 560 tumultus,
841 529 950 555 conela-

161 572 302 600 mantibus
325 571 482 605 Edessenis,
503 572 556 600 nisi
576 573 687 600 coalitus
711 573 819 609 signum
841 573 950 609 aliquod

161 618 335 651 exhibealatr,
349 618 484 653 quidquid
502 618 623 651 accidat,
639 626 694 646 tton
710 619 874 647 dimissuros
889 620 951 654 qui-

163 664 215 691 bus
231 671 328 691 eorum
350 668 408 691 tuta
429 664 504 693 salus
520 668 594 692 esset
610 669 637 692 et
654 665 839 693 incolumitas.
865 665 950 692 Datur

163 709 258 743 itaque
269 709 308 736 eis
323 709 444 743 signum,
460 709 507 744 qui
523 709 645 737 iulideles
659 714 753 737 essent
766 715 792 738 et
804 714 950 738 tentarent.

163 755 248 783 Navis
278 755 350 783 enim
376 763 438 783 eum
463 763 516 791 qua
541 756 722 784 constitutum
749 760 779 783 ut
803 757 950 791 prratem

163 803 325 835 transirent,
342 801 406 830 dum
428 801 518 830 adhuc
540 802 574 830 ad
599 806 690 837 partes
716 801 802 838 Syria:
816 802 844 829 in
861 802 952 830 littore

164 851 261 881 staret,
279 848 324 876 ubi
341 849 429 875 solum
447 849 563 883 ingressi
581 849 608 876 in
622 856 681 876 eam
696 849 816 884 episcopi
832 849 950 876 divinam

996 209 1046 243 τῆς
1059 208 1183 242 ἐξουσίας
1195 209 1331 241 ἀνέκειτο,
1343 209 1474 244 ἐμμένειν
1487 210 1543 239 τοῖς
1560 209 1786 244 ὡμολογημένοις

997 253 1139 289 κρίναντος
1158 253 1223 285 δεῖν,
1239 253 1286 280 καὶ
1301 253 1458 289 ἐκπληροῦν
1475 254 1524 289 τὴν
1541 254 1698 288 ὑπόσχεσιν,
1712 254 1787 290 ἐξῄει

997 299 1047 333 τῆς
1063 299 1167 330 πόλεως
1178 299 1208 325 τδ
1225 299 1444 334 τιμαλφέστατον
1473 300 1668 334 ἁπεικόνισμα,
1691 301 1738 326 καὶ
1756 301 1787 327 τὸ

998 344 1210 381 Χριστόγρανξον
1226 346 1389 379 ἐπιστόλιον,
1407 347 1455 373 καὶ
1480 346 1549 381 πρὸς
1562 347 1597 373 τὰ
1615 347 1733 374 ἐνταῦθα
1745 347 1786 374 δι-

999 391 1153 426 εκομίζετο.

1036 435 1099 463 KE’.
1113 437 1169 463 Καὶ
1187 436 1218 472 δὴ
1230 436 1279 472 τὴν
1294 437 1353 464 ὁδὸν
1371 436 1526 469 διανύοντες
1541 438 1566 464 οι
1590 437 1677 464 ταῦτα
1690 438 1788 473 ἐπιφε-

1001 481 1121 516 ρόμενοι,
1141 482 1187 508 τὸν
1204 483 1350 518 Εὐφράτην
1364 483 1526 516 κατέλαϐον,
1541 485 1589 510 καὶ
1613 484 1694 511 πάλιν
1706 484 1788 519 θόρυ-

1001 526 1048 559 ϐος
1061 527 1177 562 μηδενὸς
1199 528 1254 555 τῶν
1270 529 1411 564 προτέρων
1434 529 1554 556 ἐλάττων
1567 530 1716 565 ἐγείρεται,
1734 530 1790 557 τῶν

1001 574 1049 609 τῆς
1070 573 1198 609 Ἐδέσσης
1216 574 1364 608 λεγόντων,
1375 575 1413 607 ὡς
1428 576 1453 602 ει
1469 575 1506 611 μή
1519 584 1552 602 τι
1570 577 1683 611 σημεῖον
1695 576 1789 603 θεόθεν

1001 619 1105 654 δειχθῇ,
1133 620 1188 647 οὐδ’
1215 620 1252 647 ἂν
1278 621 1305 648 εἴ
1329 629 1355 647 τι
1374 621 1497 655 γένηται,
1524 621 1737 656 προῖσοντομϐ)
1755 621 1790 648 τὰ

1002 665 1149 692 συνεκτικὰ
1165 665 1215 701 τῆς
1229 666 1380 700 ἀσφαλείας
1393 666 1493 694 αὐτῶν.
1509 667 1622 694 Δέδοταιι
1633 667 1724 694 τοίνυν
1741 675 1793 702 ση-

1003 711 1078 745 μεῖον
1099 710 1191 742 αὐτοῖς
1215 710 1342 743 ἀπίστοις
1368 709 1438 744 οὖσι,
1451 712 1499 738 καὶ
1516 711 1734 747 ἐκπειραζουσιν.
1756 713 1792 739 Ἡ

1001 756 1055 791 γὰρ
1070 756 1147 789 ναῦς,
1162 757 1222 792 μεθ’
1233 754 1267 793 ἦς
1281 757 1327 784 τὸν
1337 757 1483 793 Εὐφράτην
1494 757 1683 792 περαιωθῆναι
1698 759 1792 789 αὐτοῖς

1003 801 1162 837 προῠκειτο,
1191 802 1232 829 ἔτι
1258 803 1328 837 πρὸς
1353 803 1388 830 τὰ
1409 802 1460 838 τῆς
1489 803 1590 838 Συρίας
1618 803 1789 838 ὁρμιζομένη

1003 848 1085 882 μέρη,
1097 848 1134 879 ὡς
1158 847 1237 883 μόνον
1262 848 1387 883 εἰσῆλθον
1403 849 1431 874 ἐν
1445 848 1513 884 αὐτῇ
1530 849 1556 875 οἱ
1576 849 1721 875 ἐπίσκοποι
1736 849 1787 884 τὴν

164 893 319 922 deterentes
341 894 487 930 imaginem
506 902 537 922 ac
549 895 706 930 epistolam,
719 902 782 922 cum
800 895 890 923 adhuc
906 903 952 923 se-

1007 881 1078 919 θείαν
1093 881 1186 919 εἰκόνα
1200 893 1246 920 καὶ
1260 893 1309 929 τὴν
1319 881 1474 928 ἐπιστολὴν
1494 881 1728 929 ἐπικομιζόμενοι,
1749 881 1791 920 ἑτι

164 940 282 969 ditiosos
301 944 450 976 tempestas
464 941 613 974 detineret,
629 945 741 976 repente
757 942 832 969 nullo
850 942 952 975 remige

164 991 213 1013 aut
229 986 426 1022 gubernatore,
452 994 503 1014 seu
525 988 607 1015 etiam
630 981 814 1020 trahente,'ad
839 988 952 1015 alteram

164 1033 263 1067 ripam,
273 1032 366 1061 divina
380 1034 514 1061 duntaxat
524 1034 665 1061 voluntate
675 1034 873 1068 gurbernante,
888 1041 952 1068 pro-

165 1079 238 1108 fecta
259 1084 303 1108 est
326 1080 498 1115 appulitque.
524 1080 591 1113 Quae
617 1088 661 1109 res
678 1085 814 1116 quotquot
841 1081 956 1108 aderant

166 1125 344 1156 ctviderant,
367 1129 480 1160 stupore
499 1125 622 1161 implevit
645 1129 673 1154 et
696 1126 887 1158 admiratione,
917 1126 955 1154 Γυη

167 1171 261 1207 citque
274 1176 303 1198 ut
319 1175 419 1207 sponte
434 1171 568 1200 mittenda
582 1179 660 1200 sacra
676 1172 789 1208 pignora
810 1173 954 1208 permitte-

168 1221 240 1245 rent.

202 1261 298 1290 XXVI.
313 1262 383 1291 llinc
402 1263 546 1291 Samosata
566 1263 727 1299 perveniunt
747 1263 794 1299 qui
822 1263 872 1299 pia!
893 1271 953 1290 sar-

166 1309 236 1336 cina:
247 1309 364 1337 ministri
375 1313 462 1337 erant.
483 1309 566 1337 Erant
583 1315 673 1337 autem
691 1310 899 1338 Samosatorum
915 1314 956 1336 at-

166 1362 221 1390 que
247 1354 357 1383 Edessa:
369 1355 525 1390 episcopus,
540 1355 655 1391 ejusque
670 1355 891 1391 presbyterorum
904 1355 956 1390 pri-

168 1408 241 1433 mus,
267 1400 369 1436 aliique
392 1401 504 1436 quidam
530 1401 652 1437 religiosi
675 1401 837 1434 Christiani,
866 1402 955 1436 iisque

167 1452 261 1473 comes
280 1454 332 1473 una
348 1446 443 1473 aderat
462 1446 569 1474 Amerze
588 1446 716 1473 minister
735 1451 919 1482 cognomento
941 1455 955 1473 a

168 1489 267 1517 Roma.
296 1490 335 1518 lbi
355 1491 414 1518 dies
437 1491 542 1526 aliquot
564 1499 625 1518 cum
654 1491 785 1526 egissent,
807 1491 899 1519 tnultis
923 1492 956 1519 ad

1002 937 1049 965 τοῦ
1063 938 1145 965 σάλου
1156 940 1221 972 τοὺς
1237 939 1390 971 στασιώτας
1405 940 1578 975 κατέχοντος,
1592 940 1722 975 ἐξαίφνης
1737 949 1792 976 χω-

1004 984 1046 1020 ρἰς
1060 984 1171 1019 ἐρετῶν,
1185 985 1270 1020 χωρὶς
1282 985 1329 1012 τοῦ
1343 986 1528 1021 κυϐερνῶντος
1545 986 1561 1021 ἢ
1573 986 1713 1018 ἕλκοντος,
1723 986 1793 1021 πρὸς

1002 1031 1053 1066 τὴν
1069 1031 1217 1067 ἀντιπέραν
1234 1032 1337 1068 κατῆρε
1352 1033 1413 1067 γῆν,
1430 1033 1503 1068 μόνῳ
1518 1033 1556 1068 τῷ
1572 1033 1636 1068 θείῳ
1653 1033 1793 1068 κυϐερνω-

1005 1077 1074 1112 μένη
1091 1077 1252 1112 βουλήματι.
1270 1079 1302 1105 ’0
1314 1078 1346 1114 δὴ
1357 1079 1420 1110 τοὺς
1438 1079 1640 1114 προστυχόντας
1656 1079 1702 1105 καὶ
1719 1079 1790 1106 ἰδόν-

1004 1131 1053 1154 τας
1063 1123 1197 1156 ἅπαντας,
1211 1124 1333 1158 θάμϐους
1344 1124 1488 1159 ἐπλήρωσε
1505 1125 1551 1150 καὶ
1565 1124 1734 1160 ἐκπλήξεως,
1745 1125 1792 1151 καὶ

1005 1169 1117 1200 ἑκόντας
1131 1170 1332 1204 παραχωρῆσαι
1345 1170 1395 1205 τὴν
1408 1170 1545 1205 ἔκπεμψιν
1559 1170 1676 1197 ἔπεισεν.

1041 1256 1113 1291 KG".
1134 1257 1275 1284 Ἐντεῦθεν
1290 1258 1531 1294 καταλαμϐάνουσι
1545 1259 1582 1286 τὰ
1603 1259 1749 1294 Σαμόσατα
1766 1260 1792 1286 οι

1004 1303 1058 1330 τῶν
1074 1304 1233 1339 φερομένων
1248 1304 1377 1332 διάκονοι.
1403 1303 1493 1332 *Ησαν
1516 1305 1555 1338 δὲ,
1572 1305 1586 1331 ό
1598 1305 1651 1332 τῶν
1669 1306 1793 1340 Σαμοσά-

1005 1358 1059 1376 των
1074 1350 1121 1376 καὶ
1135 1349 1184 1384 τῆς
1202 1350 1329 1386 Ἐδέσσης
1343 1351 1497 1386 ἀρχιερεὺς,
1514 1351 1560 1378 καὶ
1570 1352 1584 1378 ό
1598 1351 1693 1378 τούτου
1713 1361 1791 1387 πρω-

1005 1395 1231 1431 τοπρεσὸύτερος,
1254 1396 1301 1423 καὶ
1317 1397 1406 1431 ἕτεροί
1420 1406 1493 1429 τινες
1518 1397 1572 1424 τῶν
1587 1398 1791 1434 εὐλαϐεστέρων

1007 1442 1188 1477 Χριστιανῶν,
1203 1439 1244 1474 οἷς
1267 1442 1313 1468 καὶ
1327 1443 1341 1469 ό
1354 1441 1401 1469 τοῦ
1416 1443 1512 1478 ἀμηρᾶ
1537 1442 1677 1479 ὑπηρέτης
1698 1444 1793 1478 συνῆν,

1006 1487 1035 1519 ὃς
1047 1487 1100 1514 ἀπὸ
1121 1487 1229 1524 Ῥώμης
1245 1488 1466 1524 κατωνομάζετο.
1499 1488 1633 1516 Ἐνταῦθα
1659 1488 1700 1515 ἔτι
1714 1489 1793 1519 τινὰς

168 1543 248 1563 saera
265 1536 379 1571 pignora
397 1537 539 1564 miraculis
555 1536 647 1570 editis,
662 1537 713 1564 iter
740 1542 953 1573 prosequuntur.

1007 1533 1113 1568 ἡμέρας
1126 1533 1397 1569 χροιιοτριϐήσαντες,
1412 1534 1518 1561 πολλῶν
1538 1535 1628 1561 ἐκεῖσε
1645 1534 1792 1570 θαυμάτων

170 1581 278 1608 Rursus
293 1581 320 1608 in
335 1581 479 1615 procinctu
495 1581 605 1608 itineris
625 1589 673 1617 per
687 1589 794 1609 sacram
810 1582 955 1618 imaginem

170 1633 202 1653 ac
219 1626 322 1654 Christi
343 1626 488 1661 epistolam
512 1627 655 1655 innumera
672 1631 779 1662 patrata
798 1627 929 1655 miracula
947 1637 954 1656 :

169 1672 234 1699 caeci
252 1680 286 1699 ex
305 1672 458 1707 improviso
485 1673 561 1701 visus
586 1673 716 1701 facultate
738 1673 844 1707 donati,
866 1674 955 1702 claudi

170 1717 230 1744 sani
245 1721 327 1753 atque
342 1717 473 1745 membris
484 1717 599 1753 integris
614 1718 711 1746 redditi
723 1727 730 1752 ;
741 1719 873 1746 saliebant
887 1727 957 1754 quos

170 1761 235 1788 olim
259 1762 373 1790 morbus
390 1762 460 1790 lecto
476 1763 607 1796 atiixerat,
625 1771 656 1790 ae
672 1771 789 1799 quorum
808 1769 887 1792 erant
901 1772 957 1792 ma-

170 1815 223 1835 nus
236 1808 330 1840 arida),
349 1814 444 1844 vegeto
462 1809 560 1837 robore
575 1810 697 1837 exibant.
717 1808 748 1836 Et
763 1814 792 1837 ut
811 1811 895 1838 semel
917 1811 957 1838 di-

171 1861 244 1886 cam,
267 1854 380 1882 morbus
398 1855 488 1883 otnuis
504 1859 530 1882 et
545 1855 662 1890 languor
683 1856 828 1891 fugabatur
843 1864 850 1883 :
864 1864 895 1883 ac
909 1857 956 1892 qui

170 1898 230 1926 sani
245 1902 401 1932 evaserant,
417 1899 500 1928 Deum
517 1900 720 1936 gloriﬁcabant,
737 1906 818 1936 atque
833 1902 893 1937 ejus
906 1903 958 1930 tui-

171 1944 267 1972 rabilia
279 1945 439 1973 laudabant.

205 1989 312 2018 XXVII.
330 1989 389 2018 1am
409 1999 479 2026 pene
495 1992 621 2020 confecta
639 1992 694 2025 via,
716 1992 750 2019 ad
771 1997 873 2021 sancta:
896 1992 957 2020 Dei-

170 2042 243 2070 parte
256 2037 453 2064 monasterium
471 2037 596 2070 veniunt,
611 2038 682 2072 quod
698 2038 807 2066 Eusebii
821 2038 894 2066 mdes
908 2045 956 2066 vo-

170 2083 246 2112 cant,
270 2087 303 2108 ac
321 2080 348 2107 in
363 2080 494 2109 Tltemate
516 2082 599 2110 situm
615 2087 668 2115 est,
687 2083 760 2118 quod
786 2081 955 2118 Optimatum

171 2126 317 2160 appellant.
332 2126 361 2153 In
376 2127 436 2161 ejus
450 2128 609 2156 monasterii
624 2129 726 2164 templo
747 2129 790 2164 pie
816 2129 957 2164 religiose-

171 2179 226 2205 que
239 2171 361 2207 deposita
379 2179 461 2207 capsa
483 2177 536 2206 est,
551 2181 613 2208 quae
632 2174 819 2209 prodigiorum
838 2173 958 2202 elfeetri-

1007 1579 1167 1613 γεγονότων,
1181 1579 1285 1614 εἴχοντο
1299 1580 1348 1615 τῆς
1363 1579 1434 1607 ὁδοῦ.
1451 1581 1506 1607 Καὶ
1518 1580 1599 1608 πάλιν
1610 1581 1711 1612 ἄπειρα
1728 1580 1794 1606 θαύ-

1009 1631 1082 1658 ματα
1098 1623 1215 1649 ἐτελεῖτο
1226 1624 1254 1650 ὲν
1269 1624 1302 1659 τῇ
1315 1623 1367 1659 ὁδῷ
1385 1624 1438 1651 ὑπὸ
1463 1626 1511 1660 τῆς
1533 1626 1608 1660 ἱερᾶς
1623 1626 1726 1657 εἰκόνος
1745 1625 1795 1652 καὶ

1007 1669 1056 1704 τῆς
1069 1669 1213 1705 ἐπιστολῆς
1228 1670 1275 1696 τοῦ
1291 1670 1421 1705 Χριστοῦ.
1440 1672 1542 1706 Τυφλοὶ
1561 1673 1616 1707 γὰρ
1630 1672 1794 1706 ἀπροόπτως

1007 1713 1164 1746 ἀνέὸλεπον,
1181 1716 1227 1742 καῖ¹
1245 1715 1328 1750 χωλοὶ
1349 1716 1502 1743 ἐδείκνυντο
1518 1717 1617 1752 ἄρτιοι.
1650 1718 1793 1753 Κλινήρεις

1006 1767 1036 1785 τε
1052 1759 1223 1795 πολυχρόνιοι
1237 1761 1346 1796 ἧλαντο,
1361 1762 1409 1788 καὶ
1418 1763 1442 1788 οὶ
1454 1761 1539 1797 ξηρὰς
1553 1762 1659 1798 ἑχοντες
1678 1764 1727 1795 τὰς
1738 1765 1795 1798 χεῖ-

1009 1813 1057 1840 ρας
1080 1806 1216 1840 ὑγιοῦντο.
1235 1807 1291 1834 Καὶ
1306 1807 1445 1834 συνελόντι
1457 1808 1550 1843 φάναι,
1567 1810 1640 1835 πᾶσα
1656 1809 1732 1841 νόσος
1748 1809 1795 1836 καὶ

1009 1849 1129 1884 μαλακία
1151 1851 1358 1886 ἐδραπετεύετο,
1392 1853 1438 1879 καὶ
1467 1853 1592 1885 ἐδόξαζον
1621 1853 1795 1888 ύγιαζόμενοι

1006 1895 1052 1922 τὴν
1067 1895 1144 1929 Θεὸν,
1162 1898 1208 1924 καὶ
1221 1898 1356 1933 ἅνύμνουν
1370 1898 1453 1926 αὐτοῦ
1470 1899 1504 1926 τὰ.
1518 1899 1670 1935 θαυμάσια.

1045 1991 1108 2018 KZ’.
1127 1991 1195 2025 Ἤδη
1207 1988 1252 2018 οὖν
1266 1991 1295 2018 τὸ
1310 1991 1376 2018 πολὺ
1394 1992 1443 2027 τῆς
1455 1992 1515 2019 ὁδοῦ
1530 1992 1715 2025 διανύσαντες.
1725 1994 1794 2028 φθά-

1008 2044 1098 2062 νουσιν
1109 2036 1149 2067 εἱς
1162 2035 1211 2071 τὴν
1225 2036 1275 2072 τῆς
1294 2035 1387 2072 Ἀγίας
1401 2037 1534 2064 Θεοτόκου
1550 2039 1644 2074 μονὴν,
1661 2040 1677 2074 ἠ
1692 2039 1727 2066 τὰ
1743 2041 1794 2066 Εὐ-

1009 2081 1098 2108 σεὸίου
1115 2082 1339 2117 κατονομάζεται,
1352 2084 1381 2110 ἐν
1396 2083 1435 2119 τῷ
1450 2084 1504 2111 τῶν
1524 2085 1698 2119 Ὀπτιμάτων
1717 2086 1796 2120 λεγο-

1010 2125 1082 2161 μένῳ
1104 2126 1291 2161 τυγχάνουσαν
1311 2127 1420 2162 ϐέματι.
1445 2127 1488 2154 Ἐν
1503 2128 1541 2162 τῷ
1561 2128 1617 2163 ναῷ
1630 2129 1657 2155 δὲ
1672 2129 1793 2156 τοιούτου

1009 2174 1216 2208 φροντιατηρῖου
1227 2173 1404 2208 ἀγιοπρεπῶς
1416 2174 1432 2208 ή
1447 2173 1497 2208 τὴν
1507 2174 1689 2209 τερατουργὸν
1701 2175 1794 2202 εἰκόνα

171 2223 230 2242 cem
258 2215 403 2250 imaginem
427 2218 602 2252 contegebat,
630 2217 764 2252 multique
787 2218 893 2245 sincere
922 2225 953 2244 ex

1011 2216 1169 2252 κρύπτουσα
1186 2217 1256 2252 θήκη
1275 2217 1474 2244 ἐναποτίθεται.
1501 2218 1554 2244 Καὶ
1569 2218 1661 2244 πολλοὶ
1679 2219 1795 2253 προσελ-

171 2261 266 2288 auimo
281 2261 444 2289 accedentes
467 2262 570 2290 morbis
588 2263 688 2290 curati.
703 2262 764 2296 Quo
778 2264 860 2290 etiam
882 2264 957 2290 venit

171 2305 284 2341 quidam
300 2306 430 2334 obsessus
453 2314 467 2333 a
491 2307 625 2341 daemone,
646 2314 701 2341 quo
723 2311 752 2334 ut
769 2315 873 2342 organo
891 2315 958 2336 usus

171 2352 287 2387 spiritus
307 2360 435 2388 nequam,
457 2353 484 2380 in
503 2353 611 2381 laudem
633 2353 761 2389 imaginis
780 2361 812 2380 ac
835 2353 959 2388 epistola:

171 2398 250 2433 plura
266 2399 500 2434 proloquebatur;
519 2399 619 2434 quippe
630 2407 693 2426 cum
709 2398 833 2433 ejusdem
849 2401 958 2434 generis

169 2445 235 2473 olim
251 2446 365 2480 spiritus
379 2444 495 2472 Domino
513 2445 634 2472 dicerent
652 2453 658 2472 :
676 2444 781 2472 Scimus
797 2449 821 2470 te
836 2445 894 2479 quis
908 2445 956 2476 sis,

172 2497 278 2518 sanctus
293 2490 390 2518 Israel.
406 2490 456 2518 Hic
470 2496 608 2526 postremo
624 2490 691 2518 illud
704 2490 833 2517 vaticinio
849 2490 934 2517 edidit
948 2498 956 2519 ;

171 2536 275 2572 Recipe,
286 2537 458 2565 Constantini
469 2538 542 2570 urbs,
560 2537 709 2564 claritatem
720 2542 744 2564 et
754 2537 900 2571 ,lwtitiam;
913 2541 956 2563 at—

169 2591 219 2618 que
228 2588 267 2616 tu,
277 2582 449 2611 Constantine
457 2582 717 2619 Porpltyrogennela,
724 2587 797 2609 tuum
804 2583 954 2617 imperium.

170 2628 232 2661 Quo
247 2629 331 2661 dicto,
351 2628 434 2657 homo
458 2633 571 2656 curatus
591 2633 645 2661 est,
663 2635 695 2656 ac
710 2628 801 2656 statim
825 2628 956 2655 daemonis

173 2674 317 2702 vexatione
332 2675 451 2703 solutus.
474 2673 577 2703 Horum
603 2678 693 2702 autem
715 2673 860 2701 verborum
877 2673 956 2700 multi

1011 2259 1103 2291 θόντες
1119 2259 1149 2292 ἐξ
1165 2259 1330 2295 εἰλικρινοῦς
1339 2260 1484 2293 διαθέσεως
1497 2281 1506 2294 ,
1528 2261 1581 2287 ἀπὺ
1607 2261 1662 2288 τῶν
1686 2263 1795 2289 οἰκείων

1009 2306 1095 2332 νόσων
1110 2305 1235 2339 ἰάθησαν.
1255 2306 1339 2333 Ἔνθα
1351 2307 1396 2333 καί
1411 2315 1454 2338 τις
1470 2307 1623 2342 προσῆλθεν
1635 2307 1688 2333 ὑπὸ
1702 2307 1796 2341 δαίμο-

1010 2359 1054 2383 νος
1076 2351 1277 2387 ἐνοχλούμενος,
1304 2349 1326 2386 ᾧ
1339 2352 1465 2387 καθάπερ
1493 2352 1602 2388 ὀργάνῳ
1624 2353 1655 2378 τὺ
1679 2353 1796 2388 πονηρὸν

1010 2395 1206 2432 ἀποχρώμενον
1232 2397 1351 2432 πνεῦμα,
1384 2398 1431 2424 καὶ
1449 2397 1535 2424 πολλὰ
1560 2398 1614 2423 τῶν
1630 2398 1670 2429 εἰς
1684 2397 1796 2424 ἔπαινον

1011 2441 1131 2477 ἡκόντων
1158 2442 1209 2477 τῆς
1238 2443 1341 2474 εἰκόνος
1368 2445 1414 2470 καὶ
1427 2444 1477 2478 τῆς
1495 2443 1639 2478 ἐπιστολῆς
1662 2443 1695 2470 δι’
1714 2443 1796 2470 αὑτοῦ

1010 2486 1159 2521 ἐκφωνοῦν.
1196 2487 1271 2514 Ἐπεὶ
1287 2488 1333 2514 καὶ
1359 2489 1456 2515 πάλαι·
1475 2489 1603 2524 Οἴδαμέν
1622 2497 1659 2516 σε
1676 2489 1721 2522 τίς
1737 2490 1791 2522 εἷς,

1010 2532 1093 2567 ἅγιος
1105 2534 1157 2561 τοῦ
1181 2533 1315 2568 Ἰσραὴλ,
1331 2535 1398 2569 πρὸς
1412 2535 1457 2561 τὸν
1474 2534 1575 2570 Κύριον
1596 2535 1733 2569 ἔλεγον,οἱ
1748 2536 1796 2569 τῆς

1010 2577 1106 2613 ὁμοίας
1122 2579 1230 2613 μερίδος
1248 2579 1333 2613 αὐτῷ.
1353 2580 1446 2612 Τέλος,
1459 2580 1523 2607 τάδε
1546 2581 1629 2607 οἱονεὶ
1643 2580 1794 2614 tinea/£61-

1011 2625 1074 2657 ξεν,
1111 2625 1265 2658 ’Λπόληΰε,
1293 2625 1390 2659 λέγων,
1411 2627 1430 2660 ἡ
1463 2627 1792 2659 Κωνσταντινούπολις,

1010 2671 1105 2703 δόξαν
1119 2671 1166 2698 καὶ
1180 2671 1286 2706 χαράν·
1302 2671 1410 2705 καὶσὺ,
1428 2671 1635 2700 Κωνσταντῖνε
1646 2673 1798 2707 Πορφυρο-

926 2768 1041 2797 ΝΟΤΑΞ.

211 2813 268 2849 (16)
289 2811 368 2842 Forte
386 2813 551 2850 προῖσονται,
564 2813 606 2842 vel
622 2814 799 2844 προείσονται.
