1938 3070
111 168 171 200 (ἴῦ
588 162 785 194 NARRATIO
806 161 854 192 DE
878 160 1042 190 [MAGINE
1061 159 1263 190 EDESSEA’A.
1688 157 1743 190 450

117 225 253 259 γέννητε,
263 221 320 255 τὴν
327 219 487 253 βιισιλεΙωι
497 225 566 246 σου.
576 219 632 246 Καὶ
642 218 744 244 τούτων
757 218 904 254 ῥηθέντων,

969 220 1042 242 estes
1056 216 1201 242 exsistunt.
1215 214 1283 241 Nam
1299 221 1361 242 cum
1378 213 1526 248 imperator
1544 213 1648 248 primos
1659 222 1744 249 quos-

119 257 182 303 ίάθη
201 269 215 294 ὁ
230 268 382 303 ἄνθρωπος,
409 266 455 293 καὶ.
469 265 592 299 ἀπελύθη
608 265 779 299 παραχρῆμα
794 264 843 298 τῆς
856 263 903 290 τοῦ

966 269 1011 296 [ne
1027 261 1083 288 l’ere
1099 265 1214 288 senatus
1236 267 1268 287 ac
1292 258 1472 294 magistratus
1489 257 1516 285 in
1531 257 1680 286 desiderati
1703 260 1744 294 pi-

117 313 246 348 δαίμονος
263 313 420 343 ἐπιθέσεως.
439 311 548 337 Τούτων
561 309 588 336 δὲ
605 309 697 336 πολλοὶ
715 309 904 344 καθεστήκασι

966 307 1050 342 moris
1070 313 1218 334 occursum
1243 305 1380 340 obsequio
1403 304 1535 338 misisset,
1554 312 1663 340 unaque
1681 313 1744 333 eum

120 360 260 394 μάρτυρες
272 358 326 384 τῶν
337 356 476 393 ῥημάτων.
492 356 547 382 Τοῦ
562 355 616 389 γὰρ
628 355 759 390 βασιλέως
772 355 812 386 εἰς
822 355 905 389 τιμὴν

969 354 1012 381 llis
1027 353 1188 388 stipantium
1210 352 1292 380 turba
1311 351 1407 386 ingens
1423 350 1564 384 exivisset,
1582 352 1698 388 contigit
1714 357 1744 380 ttt

117 404 166 430 καὶ
180 403 331 438 ὑπάντησιν
341 401 388 428 τοῦ
406 401 574 436 ποθουμένου
588 401 651 432 τοὺς
671 400 796 434 πρώτους
812 401 860 434 τῆς
877 400 906 426 ὲν

966 401 1079 437 lagistri
1090 405 1118 428 et
1134 400 1259 432 Patrieii.
1273 407 1304 427 ac
1316 399 1363 435 qui
1378 398 1518 427 inferioris
1532 400 1637 427 ordinis
1654 405 1745 428 erant.

118 449 190 476 τέλει
203 449 300 484 βουλῆς
320 448 543 479 ἀποστείλαντος,
559 448 607 473 καὶ
622 446 728 477 τούτοις
741 446 796 473 τῶν
811 447 843 473 ὲκ
856 446 906 481 τῆς

966 447 1085 474 indirent
1102 454 1133 473 ac
1148 450 1234 474 testes
1258 449 1362 473 essent.
1387 444 1511 480 Cumque
1525 445 1658 472 vaticinio
1672 445 1746 473 dicta

119 496 271 531 δορυφόρου
295 495 399 528 τάξεως
428 493 641 526 συνεξελθόντων
670 492 786 524 πολλῶν,
806 493 906 527 συνέϐη

966 493 1033 522 )revi
1047 497 1109 528 post
1123 496 1251 520 eventum
1264 492 1361 520 sortita
1377 491 1514 526 sint.jure
1524 491 1624 518 merito
1637 491 1748 519 dubita-

121 540 289 575 μαγίστρους
304 540 352 566 καὶ
363 538 524 574 πατρικίους
538 538 607 573 μετὰ
632 537 686 564 τῶν
700 537 907 572 ὑποϐεϐηκυιῶν

966 541 981 567 'i
995 540 1093 574 possit,
1106 539 1242 566 undenam
1257 537 1435 574 praescientia
1446 537 1562 564 da-moui
1574 538 1748 565 accessisset.

119 586 223 618 τάξεων
240 584 310 613 εἷναι
333 586 396 617 τοὺς
412 585 547 616 ἀκουστάς
562 593 592 611 τε
607 585 654 610 καὶ
670 585 823 620 μάρτυρας.
851 584 908 611 Καὶ

966 586 1017 613 Non
1031 585 1104 612 enim
1118 592 1135 612 a
1153 592 1182 612 se
1197 584 1354 611 creduntur
1369 583 1413 610 illa
1430 582 1548 618 przediti,
1562 583 1608 617 qui
1624 590 1638 610 a
1654 583 1746 610 divina

119 631 183 667 ἐπεὶ
197 632 230 658 τὰ
256 631 374 666 ρηθέντα.
397 631 446 666 τὴν
456 630 568 657 ἔκϐασιν
581 630 677 656 θᾶττον
692 630 826 664 ἐδέξαντο,
840 630 909 656 ἀπο·

966 631 1086 659 :laritate
1098 630 1217 665 prolapsi
1235 634 1310 660 sunt.
1324 636 1356 656 ac
1371 636 1420 663 pro
1436 628 1497 656 luce
1508 629 1630 656 tenebrae
1646 628 1748 656 eﬂ‘ecti.

121 675 206 710 ρῆσαι
233 676 308 709 ἄξιον
332 675 414 703 πόθεν
434 677 452 711 ἡ
467 676 625 711 πρόγνωσις
642 675 682 711 τῷ
701 675 808 710 δαίμονι
824 683 909 710 προσ-

966 677 1028 704 Nam
1045 676 1134 712 palam
1146 677 1219 703 sicut
1231 675 1323 702 divina
1337 675 1424 701 virtus
1438 673 1547 701 Balaam
1559 674 1598 701 rei
1611 677 1668 700 tum
1685 681 1750 709 pra!-

121 722 240 755 εγένετο.
256 722 294 748 Οὐ
310 722 365 757 γὰρ
380 722 453 756 ἒχειν
473 721 649 748 πιστεύονται
665 721 769 756 ταύτην
792 721 909 753 οἴκοθεν,

966 723 1085 750 dicandze
1106 722 1263 749 ministrutn
1280 720 1417 752 adhibuit,
1440 720 1566 755 aliasque
1581 719 1651 747 alios
1664 727 1697 747 ea
1720 726 1751 746 re

121 768 173 803 τῆς
197 767 273 800 θείας
299 767 379 802 δόξης
405 767 652 803 ἀπολισθησαντες,
674 768 722 794 καὶ
742 767 836 798 att-ito;
849 767 910 794 ἀντὶ

966 775 1034 802 cepe
1051 766 1189 801 indignos,
1204 773 1319 801 prorsus
1334 765 1452 800 sapienti
1467 765 1587 800 quodam
1601 765 1752 799 solertique

123 813 212 847 φωτὸς
239 814 471 849 χρηματίσαντες.
504 814 539 840 Ἢ
560 813 651 848 δῆλον,
678 814 718 840 ὅτι
733 813 859 848 καθάπερ
872 813 912 848 τῷ

966 813 1100 842 consilio:
1121 813 1157 839 ita
1181 819 1253 839 nunc
1271 819 1380 847 quoque
1396 811 1423 838 in
1442 811 1534 838 divina
1549 811 1591 838 vis
1613 811 1752 838 exsisteus

123 857 238 893 Βαλαὰμ
267 859 284 894 ὴ
316 858 376 885 θεία
403 859 519 894 δύναμις
545 859 644 894 ἐχρῆτο
660 858 776 893 διακόνῳ
788 858 835 885 τοῦ
849 859 910 885 τότε

966 859 1061 894 elligie,
1076 859 1198 885 daemone
1211 866 1259 885 usa
1275 861 1329 890 est,
1345 861 1372 885 et
1388 857 1450 884 ideo
1467 865 1514 891 per
1528 864 1589 884 eum
1601 864 1660 891 qua:
1675 856 1752 883 brevi

121 903 378 939 προαγορεύματος,
393 905 440 931 καὶ
454 903 547 931 ἄλλοτε
563 904 653 936 ἄλλοις
666 905 716 931 οὐκ
731 904 817 937 ἀξίοις
843 905 909 931 πολ-

966 908 1026 940 post
1047 908 1125 932 erant
1146 908 1278 931 eventura
1301 907 1365 930 ante
1388 901 1585 930 manifestat-it.
1611 901 1664 929 Sed
1689 909 1753 929 cum

121 949 200 980 λάκις
213 949 260 975 τοῦ
278 949 449 985 πράγματος.
470 949 531 976 κατ’
547 949 704 985 οἰκονομίαν
727 950 836 982 πάντως
849 950 911 977 τινὰ

966 949 1017 976 hoc
1032 948 1142 975 interim
1157 947 1309 980 evenisset.
1329 947 1390 981 ejus
1412 947 1573 974 meminisse
1594 946 1666 973 haud
1683 946 1754 973 forte

121 995 207 1030 σοφὴν
233 996 281 1022 καὶ
298 995 452 1031 εὐμήχανον
462 1003 470 1011 ”
497 995 569 1023 οὕτω
583 996 631 1023 καὶ
646 995 693 1023 νῦν
707 997 724 1032 ἠ
738 997 767 1023 ὲν
787 997 826 1033 τῷ
846 996 910 1032 θείῳ

966 995 1165 1030 importunum.
1184 993 1223 1021 Ad
1237 1001 1268 1021 ea
1283 1000 1349 1021 vero
1369 999 1528 1028 pergamus,
1542 999 1603 1027 quae
1616 991 1754 1019 narranda

120 1041 330 1076 άπεικονὶσματι
344 1041 469 1076 δύναμις,
485 1042 524 1079 τῷ
534 1043 642 1078 δαίμονι
655 1043 842 1079 ἀπεχρήσατο.
855 1043 910 1070 Καὶ

965 1045 1131 1076 sequuntur.

121 1085 165 1111 διὰ
178 1085 257 1112 τοῦτο
267 1087 302 1113 τὶι
322 1087 382 1122 μετ’
407 1087 498 1122 ὀλίγον
513 1088 686 1123 ἐκϐησόμενα
711 1089 909 1124 προεδήλωσεν.
935 1087 1017 1115 ’Δλλὰ
1030 1086 1126 1113 τούτου
1142 1086 1192 1121 μὲν
1203 1085 1289 1117 οὕτως
1302 1084 1457 1120 συμϐάντος
1486 1085 1601 1120 μεταξὺ,
1633 1085 1753 1121 μνησθῆ.

121 1140 166 1158 ναι
184 1133 248 1164 ῐσως
260 1133 310 1160 οὐκ
320 1133 444 1168 ἄκαιρον.
462 1134 524 1160 Ἐπὶ
537 1133 565 1160 δὲ
577 1134 612 1160 τὰ
623 1134 740 1169 ἐχόμενα
752 1135 800 1169 τῆς
811 1134 962 1168 διηγήσεως
978 1131 1154 1168 βαδιούμεθα.

159 1180 225 1206 KH'.
241 1180 280 1215 Τῇ
301 1181 418 1217 πέμπτῃ
430 1181 478 1207 καὶ
492 1181 593 1217 δεκάτῃ
603 1181 650 1208 τοῦ
662 1181 817 1216 Αὐγούστου
828 1182 910 1217 μηνὸς

124 1224 248 1258 συνήθως
271 1225 326 1252 τῶν
355 1225 488 1260 βασιλέων
518 1226 568 1261 τὴν
584 1226 681 1262 ἑορτὴν
710 1227 832 1260 ἀγόντων
860 1227 912 1261 τῆς

126 1270 318 1303 μεταστάσεως
328 1270 378 1304 τῆς
395 1271 490 1297 Ἀειπα
495 1271 588 1305 ρθὲνου
601 1272 648 1297 καὶ
657 1272 828 1308 Θεομὴτορος
837 1273 866 1298 ὲν
873 1271 911 1306 τῷ

126 1315 273 1350 Μνσέπτῳ
290 1315 389 1351 ταύτης
415 1316 487 1343 κατὰ
504 1316 669 1352 Βλαχέρναις
689 1316 756 1351 ναῷ,
775 1318 838 1352 περὶ
857 1317 911 1343 δεί-

125 1359 175 1395 λης
190 1360 270 1395 ὀψίας
293 1361 442 1389 κατέλαϐον
470 1363 560 1388 ἐκεῖσε
575 1364 599 1389 oi
620 1363 675 1390 τῶν
698 1364 795 1398 τιμίων
812 1364 914 1390 τούτων

125 1405 254 1440 διάκονοι,
271 1408 317 1434 καὶ
342 1408 462 1443 sumen
488 1409 517 1435 ἐν
532 1407 572 1443 τῷ
589 1407 706 1444 ὑπερῴῳ
719 1409 856 1444 εὐκτηρίῳ
867 1408 914 1435 τοῦ

125 1453 247 1480 τοιούτου
264 1454 348 1483 ,θείου
376 1454 442 1482 ναοῦ
466 1455 484 1490 ἡ
496 1455 569 1481 ἔνδον
584 1455 684 1490 ἔχουσα
699 1454 748 1490 τὴν
763 1455 856 1481 εἰκόνα
867 1455 914 1481 καὶ

125 1498 176 1533 τὴν
196 1499 342 1535 ἐπιστολὴν
358 1500 485 1533 κιϐωτός.
512 1501 566 1528 Καὶ
590 1500 783 1536 προσελθόντες
798 1502 822 1527 οἱ
839 1500 914 1536 βασι-

1001 1179 1121 1207 XXVIII.
1137 1178 1347 1212 Quintadecima
1367 1178 1411 1206 die
1429 1178 1546 1214 Augusti
1561 1180 1675 1212 mensis,
1689 1187 1752 1207 cum

964 1233 997 1253 ex
1015 1233 1090 1252 more
1104 1225 1203 1252 festum
1219 1224 1392 1259 migrationis
1406 1231 1516 1260 semper
1530 1225 1646 1260 virginis
1661 1233 1693 1252 ac
1709 1225 1755 1252 Dei

965 1271 1061 1299 matris
1073 1271 1165 1298 Maria:
1183 1271 1210 1298 in
1226 1272 1285 1306 ejus
1299 1271 1450 1298 venerabili
1466 1271 1569 1306 templo
1583 1271 1655 1306 quod
1667 1275 1710 1299 est
1726 1273 1754 1298 iu

965 1316 1136 1349 Blaehernis,
1159 1316 1374 1351 imperatoribus
1392 1317 1515 1344 solemne
1531 1322 1680 1353 ageretur:
1700 1318 1756 1345 alto

965 1363 1130 1398 crepusculo
1141 1370 1282 1390 sacrorum
1299 1363 1444 1398 pignorum
1459 1363 1578 1390 ministri
1592 1363 1658 1391 illuc
1673 1364 1755 1391 adve-

965 1414 1076 1441 nerunt,
1093 1413 1175 1443 atque
1189 1409 1216 1436 in
1231 1409 1354 1444 ejusdem
1372 1409 1470 1444 templi
1493 1409 1636 1443 superiore
1656 1409 1755 1437 Orato-

965 1455 1016 1486 rio.
1031 1463 1123 1482 arcam
1137 1456 1163 1482 in
1176 1463 1229 1490 qua
1246 1455 1365 1489 reposita
1379 1455 1468 1490 imago
1487 1462 1519 1482 ac
1529 1456 1655 1489 epistola,
1671 1456 1741 1482 collo

964 1505 1074 1527 carunt.
1088 1500 1312 1535 Accetlentesque
1326 1501 1506 1536 imperatores
1521 1508 1581 1528 eam
1599 1505 1755 1529 reverenter

125 1542 192 1574 λεῖς,
205 1542 305 1575 ἔξωθεν
315 1545 417 1580 ταύτην
434 1545 590 1580 σεϐασμίως
615 1545 775 1580 ἠσπάσαντο
792 1554 912 1580 προσκυ-

966 1554 981 1572 a
994 1545 1060 1573 foris
1073 1545 1126 1572 tim
1142 1546 1223 1573 oeuio
1237 1546 1398 1574 adet-avere.
1416 1546 1519 1574 Deinde
1530 1547 1681 1574 honoriﬁce
1698 1547 1755 1574 l're-

125 1589 268 1623 νήσαντες.
282 1589 349 1617 Εἶτα
365 1591 433 1626 μετὰ
448 1591 531 1626 τιμῆς
546 1592 592 1618 καὶ
605 1591 768 1626 δορυφορίας
783 1592 830 1618 καὶ
839 1593 910 1627 λαμ-

126 1635 218 1661 πάδων
233 1636 338 1671 συχνῶν
356 1637 424 1672 πρὸς
451 1637 500 1673 τὴν
516 1637 651 1672 βασίλειον
674 1638 784 1673 τρίηριν
808 1637 911 1674 ταύτην

125 1679 343 1715 διακομίσαντες,
377 1684 426 1710 σὺν
454 1684 524 1719 αὐτῇ
550 1684 700 1711 κατέλαϐον
723 1684 758 1711 τὰ
777 1684 910 1720 βασίλεια.

127 1725 181 1752 Καὶ
209 1727 239 1753 ὲν
260 1727 299 1762 τῷ
311 1727 376 1764 Θείῳ
392 1730 482 1756 ἐκεῖσε
507 1729 574 1764 ναῷ,
604 1729 632 1761 δς
651 1730 738 1765 Φάρος
756 1730 912 1765 ὠνόμασται

124 1772 202 1809 (ἴσως
217 1773 261 1800 διὰ
277 1775 308 1800 τὸ
323 1772 378 1801 οἷον
407 1775 515 1811 ίμάτιον
534 1776 662 1811 λαμπρὸν
686 1776 910 1804 κεκαλλωπίσθαι

125 1819 192 1845 αὐτὸ
203 1820 349 1855 περιττῶς)
369 1821 472 1856 ταύτην
483 1821 626 1849 ἀπέθεντο.
642 1821 682 1857 Τῇ
698 1822 844 1858 ἱκνουμένη
856 1822 911 1850 τῶν

126 1864 248 1899 ἡμερῶν,
261 1866 323 1900 ἥτις
343 1867 525 1903 ὲκκαιδεκάτη
539 1868 587 1894 τοῦ
599 1868 683 1903 μηνὸς
694 1866 738 1904 ἢν,
749 1869 809 1904 μετ’
820 1869 911 1900 αἰδοῦς

125 1910 171 1935 καὶ
184 1909 328 1942 εὐλαϐείας
348 1911 430 1938 πάλιν
446 1912 492 1939 τὸν
507 1913 652 1948 ἀσπασμὸν
667 1915 714 1941 καὶ
729 1914 778 1949 τὴν
791 1915 912 1948 προσκύ·

126 1961 203 1988 νησιν
226 1955 420 1990 ποιησάμενοι,
453 1957 501 1983 καὶ
516 1957 643 1990 λαϐόντες
663 1959 749 1994 αὐτὴν
763 1961 868 1989 ἐκεῖθεν
886 1961 913 1989 οἵ

125 2007 155 2025 τε
183 2000 265 2034 ἱερεῖς
285 2001 333 2026 καὶ
358 2001 383 2027 oi
410 2001 552 2034 νεάζοντες
575 2003 696 2037 βασιλεῖς
717 2005 743 2039 (ό
756 2006 810 2041 γὰρ
821 2007 911 2042 γέρων

125 2045 250 2081 οἰκουρὸς
262 2047 297 2073 δι’
314 2047 457 2074 ἀσθένειαν
479 2049 666 2085 κατελείπετο)
679 2069 687 2082 ,
704 2052 773 2086 μετὰ
795 2052 912 2088 ψαλμῶν

125 2091 173 2118 καὶ
184 2091 286 2127 ὓμνων,
306 2093 353 2120 καὶ
378 2093 506 2128 δαψιλοῦς
521 2094 569 2121 τοῦ
587 2096 687 2129 φωτὸς,
715 2097 760 2124 διὰ
775 2098 825 2133 τῆς
845 2099 912 2135 πρὸς

126 2137 264 2166 θάλασσαν
281 2139 395 2166 καθόδου
415 2141 456 2171 εις
480 2141 530 2177 τὴν
556 2141 691 2176 βασίλειον
711 2144 820 2180 τρίηριν
835 2143 912 2177 αὖθις

127 2183 287 2218 ἐνθέμενοι,
316 2185 366 2221 τῆς
397 2187 501 2219 πόλεως
531 2188 560 2214 ἑν
575 2187 634 2224 χρῷ
661 2189 753 2224 σχεδὸν
771 2190 821 2226 τὴν
843 2192 914 2226 είρε-

965 1592 1114 1628 quentique
1126 1593 1270 1628 obsequio.
1282 1600 1314 1620 ac
1327 1592 1463 1620 luminum
1479 1593 1629 1628 gestatione
1643 1593 1675 1620 ad
1689 1600 1757 1628 prae-

965 1639 1064 1665 toriam
1080 1639 1137 1674 (i8)
1153 1638 1322 1672 detulerunt,
1339 1646 1426 1673 eaque
1446 1638 1474 1666 in
1490 1638 1594 1673 regiam
1610 1643 1758 1670 venerunt,-

966 1687 1047 1718 atque
1071 1683 1098 1710 in
1123 1683 1217 1711 divino
1235 1684 1336 1718 templo
1359 1684 1430 1718 qttod
1453 1683 1509 1710 illic
1520 1687 1573 1716 est,
1595 1691 1626 1710 ac
1646 1682 1754 1710 Pharus

965 1729 1119 1765 appellatur
1132 1729 1289 1765 (propterea
1305 1729 1375 1757 l'orte
1389 1730 1460 1765 quod
1475 1730 1547 1757 sicut
1560 1729 1644 1757 vestis
1659 1729 1755 1764 splen-

965 1775 1028 1803 dida
1050 1776 1077 1802 id
1093 1776 1128 1804 sit
1146 1776 1254 1812 egregie
1272 1776 1417 1810 ornatum)
1439 1777 1526 1810 ipsam
1547 1779 1752 1810 exposuerunt.

964 1822 1113 1857 Alteroque
1125 1822 1217 1850 statim
1233 1821 1287 1855 die,
1298 1822 1400 1849 mensis
1416 1822 1521 1848 scilicet
1541 1825 1619 1849 sexto
1634 1821 1755 1853 decimo.

965 1868 1009 1904 pie
1033 1868 1130 1895 iterum
1155 1875 1187 1896 ac
1210 1872 1368 1896 reverenter
1386 1867 1479 1894 oscula
1504 1867 1632 1899 libantes,
1655 1867 1755 1894 adora-

966 1915 1041 1941 tione
1059 1913 1208 1948 perfuncti,
1236 1918 1319 1948 atque
1339 1913 1403 1940 inde
1434 1912 1572 1944 tollentes,
1596 1911 1756 1939 sacerdotes

966 1959 1068 1994 pariter
1083 1963 1166 1994 atque
1183 1959 1309 1993 iuniores
1331 1959 1514 1992 imperatores
1529 1965 1536 1990 ;
1560 1956 1654 1983 senior
1667 1957 1754 1988 enim,

965 2008 1039 2040 quod
1054 2013 1117 2032 ettm
1140 2005 1212 2032 vires
1233 2004 1391 2037 deﬁcerent,
1413 2004 1487 2031 demi
1510 2003 1623 2030 relictus
1641 2001 1754 2035 fuerat;

966 2058 1028 2078 cttm
1051 2051 1165 2085 psaltuis
1184 2054 1212 2077 et
1234 2050 1351 2077 canticis
1371 2057 1404 2076 ac
1422 2049 1535 2084 copioso
1564 2048 1680 2080 lumine,
1707 2055 1756 2083 per

966 2095 1131 2122 descensum
1149 2095 1183 2121 ad
1206 2101 1290 2124 mare.
1307 2101 1339 2121 ea
1359 2101 1457 2120 rursus
1475 2093 1500 2119 in
1519 2100 1567 2127 pm
1577 2092 1646 2119 toria
1665 2093 1755 2127 impo-

967 2140 1035 2173 sita,
1050 2140 1084 2167 ad
1105 2140 1192 2174 ipsam
1208 2138 1328 2167 civitatis
1343 2145 1420 2165 oram
1441 2138 1562 2166 citimam
1582 2137 1754 2172 navigantes,

967 2194 1022 2221 quo
1037 2186 1144 2213 scilicet
1159 2185 1244 2212 maris
1260 2184 1321 2219 ipso
1341 2184 1438 2211 itinere
1454 2183 1514 2210 urbi
1535 2182 1753 2210 incolumitatem

128 2229 188 2256 σίαν
205 2230 261 2265 (ΓΙ)
288 2231 458 2267 ποιούμενοι,
487 2233 530 2260 ἵνα
544 2234 644 2269 τρόπον
656 2235 717 2261 τινίι
744 2235 866 2274 διασώσῃ
882 2239 912 2264 τὸ

967 2235 1120 2268 praestaret,
1137 2235 1215 2258 extra
1232 2230 1291 2263 eius
1310 2237 1432 2261 murum,
1448 2229 1496 2264 qui
1514 2232 1557 2256 est
1573 2229 1607 2256 ad
1624 2228 1753 2256 oet-iden-

125 2274 193 2301 άστυ
220 2275 264 2302 διὰ
278 2276 328 2312 τῆς
345 2277 374 2303 ὲν
391 2277 513 2315 θαλάσσῃ
529 2279 642 2316 πορείας
657 2280 753 2316 αὐτῆς,
774 2282 852 2315 ἐκτὸς
867 2283 915 2310 τοῦ

126 2321 195 2357 πρὸς
211 2322 287 2350 δύσιν
314 2323 422 2360 τείχους
447 2324 497 2360 τῆς
519 2325 624 2358 πόλεως
652 2327 914 2363 προσωρμίσθησαν,

127 2367 190 2394 ἔνθα
203 2368 252 2400 τῆς
266 2367 337 2401 νεὼς
363 2370 506 2404 ἐκϐάντες,
522 2370 740 2406 πεζοποροῦντες
753 2372 821 2399 οἵτε
838 2372 916 2408 βασι-

127 2411 191 2446 λεῖς,
203 2414 250 2440 καὶ
265 2414 366 2446 πάντες
382 2415 406 2441 οῐ
417 2415 466 2450 τῆς
477 2415 622 2451 γερουσίας
642 2415 750 2451 βουλῆς,
766 2416 813 2443 καὶ
833 2418 847 2444 ὁ
862 2417 916 2444 τῶν

128 2456 207 2491 ιερῶν
236 2458 382 2494 κατάρχων
404 2460 474 2495 μετὰ
500 2459 600 2492 παντὸς
616 2460 662 2487 τοῦ
688 2460 739 2496 τῆς
765 2461 913 2497 ἐκκλησίας

127 2503 322 2538 πληρώματος,
338 2506 371 2540 τῇ
392 2506 570 2542 προσηκούσῃ
597 2506 757 2542 δορυφορίᾳ,
771 2507 808 2540 ὡς
829 2508 913 2543 ἄλλην

127 2549 253 2582 κιϐωτὸν,
270 2550 370 2585 μᾶλλον
385 2551 413 2578 δὲ
430 2552 476 2578 καὶ
493 2552 564 2587 ὑπὲρ
586 2552 699 2588 ταύτην,
713 2554 744 2580 τὸ
758 2554 812 2581 τῶν
825 2555 912 2588 ἁγιω-

126 2595 214 2622 τάτων
229 2596 278 2622 καὶ
292 2596 391 2631 τιμίων
408 2597 525 2632 φρουρὸν
542 2597 637 2629 σκεῦος
649 2599 840 2634 παρέπεμπον.
858 2599 913 2626 Καὶ

126 2642 160 2669 τὰ
175 2641 252 2674 ἐκτὸς
268 2642 315 2669 τοῦ
340 2642 445 2678 τείχους
463 2643 543 2678 μέχρι
557 2643 607 2678 τῆς
625 2644 739 2679 Χρυσῆς
761 2644 912 2676 διελθόντες

126 2687 222 2722 πύλης,
237 2685 296 2714 εἶτα
308 2688 412 2714 ἐκεῖθεν
427 2688 502 2719 ἐντὸς
515 2689 656 2722 γεγονότες
665 2688 712 2714 τοῦ
724 2689 830 2720 ἄστεος,
841 2690 910 2723 μετὰ

128 2734 273 2770 μετεώρων
287 2733 451 2769 ψαλμῳδιῶν
467 2734 514 2760 καὶ
528 2733 620 2768 ὓμνων
636 2734 682 2761 καὶ
691 2733 768 2768 ᾠδῶν
784 2742 908 2770 πνευμα-

966 2283 1019 2306 tem
1041 2277 1219 2313 appulerunt.
1239 2276 1300 2310 Quo
1322 2275 1382 2303 loco
1405 2282 1474 2302 nave
1497 2275 1618 2310 egressi.
1637 2274 1752 2309 pedibus

965 2329 1022 2351 tum
1045 2324 1097 2358 ipsi
1115 2323 1306 2358 imperatores,
1328 2325 1386 2348 tum
1408 2325 1521 2348 senatus
1549 2319 1640 2346 omnis
1670 2322 1754 2353 atque

965 2377 1107 2397 sacrorum
1137 2369 1266 2400 antistes.
1287 2367 1433 2402 omnisth
1452 2366 1576 2393 ecclesia:
1600 2369 1700 2397 cmtus,
1719 2371 1754 2391 eo

965 2423 1022 2450 quo
1037 2422 1084 2449 par
1101 2417 1161 2442 erat
1180 2413 1311 2440 comitatu
1327 2410 1477 2447 prosecuti.
1503 2414 1633 2443 tanquam
1661 2414 1752 2434 arcam

965 2461 1058 2493 aliam,
1081 2468 1129 2488 sctt
1147 2460 1238 2495 potius
1259 2465 1316 2486 rem
1330 2465 1394 2484 arca
1416 2455 1599 2492 superiorem,
1618 2461 1666 2481 vas
1685 2452 1750 2480 illud

965 2514 1019 2542 quo
1038 2505 1213 2533 sanctissima
1228 2511 1260 2532 ac
1277 2502 1442 2530 venerabilia
1459 2501 1600 2529 recondita
1624 2500 1749 2535 pignora,

964 2551 1147 2579 deducebant.
1170 2549 1346 2584 Emensaque
1365 2551 1442 2575 extra
1467 2554 1559 2574 muros
1581 2546 1614 2573 ad
1633 2545 1750 2573 Auream

966 2603 1054 2631 usqtte
1072 2600 1178 2630 portatu
1200 2594 1308 2625 itinere.
1326 2598 1440 2627 tumque
1456 2591 1518 2618 inde
1536 2592 1562 2618 in
1575 2591 1673 2618 urbem
1686 2591 1752 2619 sub~

964 2646 1072 2674 euntes,
1092 2642 1148 2668 alto
1165 2641 1332 2675 psalmorum
1350 2642 1378 2667 et
1393 2638 1563 2666 canticorum
1584 2638 1751 2672 laudumque

965 2687 1128 2722 spiritalium
1145 2694 1213 2714 sono
1228 2690 1310 2721 atque
1322 2684 1453 2720 tripudio,
1473 2684 1633 2719 iuiiuitoqtte
1647 2684 1751 2718 lampa-

963 2733 1027 2760 dum
1041 2732 1154 2764 lumine,
1166 2732 1253 2767 plebis
1266 2732 1399 2759 universa:
1411 2737 1548 2759 concursu
1558 2730 1750 2758 deductionem

878 2825 979 2853 NOTA‘I
985 2845 991 2852 .

158 2872 182 2908 (ί
189 2873 214 2906 7)
231 2873 348 2908 ὲρεσίαν.

1000 2872 1056 2908 (l8)
1072 2871 1232 2900 'l'riremem.
