1938 3070
197 132 212 163 4
217 133 250 163 55

699 128 953 160 CONSTANTINI
972 127 1196 159 PORPIIYROG
1204 129 1307 159 ENITI

1763 125 1819 159 4Βῦ

195 193 268 215 tione
284 185 468 213 frnstrabitur.
481 184 586 219 Quippe
601 183 671 211 Deus
682 189 734 218 est,
751 186 796 219 qtti
816 185 891 220 prius
906 190 980 212 utra-

1037 185 1160 212 hzumoﬁv
1175 185 1369 220 πραττομένων
1394 183 1621 219 διαψευσθὴσεται
1649 184 1822 216 ἀντιδόσεως.

193 240 245 267 que
268 231 434 258 denuntiavit
458 238 466 258 :
489 229 566 265 cujus
590 230 733 257 verborum
758 232 798 257 vis
813 238 845 258 ac
859 236 979 264 potestas

193 284 255 304 cum
279 275 454 302 mutationem
478 275 578 302 nullam
591 275 725 308 admittat,
744 280 772 302 et
788 276 909 310 cujusvis
919 283 980 310 ope-

194 323 292 350 ratioui
311 323 405 349 merita
424 323 534 357 prmmia
556 323 727 356 remetiatur,
745 324 894 350 scentulum
914 323 978 350 illtnl

194 368 333 403 Evangelii
353 368 467 400 dictum,
494 376 546 395 non
570 368 709 395 transibit.
737 368 870 401 Quoniam
897 369 980 402 igitur

193 413 309 447 imperio
332 413 405 447 regio
430 419 480 447 pro
498 413 611 447 benigna
634 412 770 440 voluntate
789 421 838 440 sua
860 414 937 441 nobis
952 414 979 441 itt

194 468 290 487 manus
300 461 409 492 tradito,
425 460 540 494 idipsum
555 460 705 494 conjuncta:
714 468 774 488 cum
785 461 883 489 timore
897 462 980 489 dilec-

193 507 276 534 tionis
291 514 355 541 erga
370 514 401 533 se
418 511 517 534 nostra:
528 507 720 534 documentum
731 515 792 535 esse
806 508 902 540 voluit,
917 509 980 535 dum

194 553 342 579 scentulum
365 552 485 584 Petrum,
505 553 609 587 apicem
628 552 811 588 apostolorum
832 562 979 585 summum,

195 597 382 625 ﬁdelissimum
401 605 508 632 gregem
525 605 604 624 suum
628 605 739 631 pascere
759 606 807 625 nos
821 599 922 633 jussit:
940 599 980 625 ni-

196 645 231 672 lnil
247 645 271 671 ei
287 645 362 679 prius
382 650 428 671 aut
451 644 539 679 majus
553 651 630 678 mqua
644 643 771 678 justaquc
785 643 981 678 gubernatione

196 691 375 722 subditorum,
395 691 429 716 ab
450 690 508 724 ipso
532 690 609 716 nobis
634 690 843 717 commissortnn
861 690 979 717 vicissim

197 734 292 762 relcrri
309 742 387 769 posse
401 735 591 768 agnem-intus;
611 739 639 761 ut
659 735 720 761 inde
735 742 820 761 nexus
835 735 922 761 oiinnis
939 735 979 761 in-

197 780 311 814 jnstitiae
324 779 454 809 solvatur,
465 783 492 806 et
505 779 680 806 violentornm
695 783 881 806 eontraetnum
892 778 978 806 teudi<

197 825 264 852 cnla:
275 825 477 860 dirtmnpantur,
492 830 519 852 et
531 825 648 860 impetus
659 824 872 859 delinquentium
889 830 980 851 retint-

1039 231 1106 262 Θεὸς
1120 231 1212 265 γὰρ,ό
1240 229 1532 265 προαπηγγειλάμενος
1558 231 1593 256 τὰ
1611 230 1764 264 (ipe/11:591.
1791 228 1823 257 οὗ

1032 276 1086 302 τῶν
1102 275 1188 309 λόγων
1199 276 1338 310 ήδύναμις
1353 276 1510 310 κεκτημένη
1523 275 1554 301 τδ
1579 275 1756 309 ἀμετάθετον,
1775 277 1823 301 καὶ

1033 323 1066 357 τῇ
1087 322 1203 348 ἑκάστου
1226 322 1342 357 ἐργασίᾳ
1361 321 1562 356 ἀντιμετροῦσα
1593 321 1627 348 τὰ
1656 321 1730 354 ἄξια,
1749 323 1822 348 κατὰ

1033 368 1065 394 τδ
1093 368 1279 402 εὐαγγελικῶς
1295 368 1450 403 εἰρημένον,
1465 368 1496 394 οὺ
1517 367 1726 403 παρελεύσεται.
1744 368 1825 394 Ἐπεὶ

1033 412 1081 439 οὖν
1093 412 1122 439 τὸ
1136 413 1236 448 κράτος
1247 413 1296 447 τῆς
1314 413 1452 448 βασιλείας
1463 413 1528 447 ἡμῖν
1541 412 1708 448 ἐγχειρίσας,
1721 413 1759 443 ὡς
1770 413 1823 447 ηὖ-

1033 459 1143 495 δόκησε,
1160 460 1259 494 δεῖγμα
1274 459 1353 486 τοῦτο
1367 459 1415 494 τῆς
1433 459 1462 486 ἐν
1480 459 1554 494 φόϐῳ
1580 459 1647 495 πρὸς
1663 459 1742 486 αὐτὸν
1755 461 1825 493 ἁγα-

1034 505 1143 539 πήσεως
1162 504 1239 539 ήμῶν
1263 504 1428 539 ἐποιήσατο,
1451 504 1520 530 κατά
1541 503 1644 539 Πέτρον
1667 504 1717 540 τὴν
1743 513 1824 539 κορυ-

1034 550 1184 584 φαιοτάτην
1196 549 1250 576 τῶν
1257 549 1412 576 ἀποστόλων
1426 549 1571 585 ἀκρότητα,
1585 550 1738 584 ’κοιμῶ-,ειν
1748 550 1823 585 ἡμᾶς

1034 596 1166 627 κελεύσας
1185 595 1215 622 τὸ
1227 596 1388 622 πιστότατον
1406 595 1541 630 ποίμνιον,
1563 595 1638 622 οὐδὲν
1658 595 1731 630 αὐτῷ
1751 597 1822 631 προ-

1033 650 1111 676 τερον
1126 641 1142 676 ἢ
1159 641 1250 675 μεῖζον
1264 641 1311 676 τῆς
1330 642 1359 668 ἐν
1375 641 1487 676 κρίματι
1517 641 1563 668 καὶ
1588 641 1744 677 δικαιοσύνῃ
1767 642 1822 668 τῶν

1034 688 1080 714 ὑπ’
1098 687 1180 713 αὑτοῦ
1196 687 1465 714 καταπιστευθέντων
1482 688 1547 722 ἡμῖν
1570 687 1757 722 κυϐερνήσεως
1780 688 1822 719 είς

1035 733 1169 760 ἀντίδοσιν
1185 730 1255 759 εἶναι
1272 732 1452 767 γινώσκομεν,
1466 732 1503 764 ὡς
1518 733 1642 759 ἐντεῦθεν
1659 733 1749 769 πάσης
1764 733 1822 761 ἀδι-

1034 778 1096 809 κίας
1109 777 1222 804 λύεσθαι
1235 778 1393 811 σύνδεσμον,
1414 779 1461 805 καὶ
1477 778 1572 813 βιαίων
1587 779 1822 814 συναλλαγμάτων

1035 824 1218 860 στραγγαλιὶις
1233 824 1398 857 διαλύεσθαι,
1413 825 1515 856 καὶτὰς
1526 824 1580 851 τῶν
1591 824 1824 860 πλημμελούντων

197 871 288 902 datur,
306 874 387 904 atque
408 870 443 897 ita
480 870 602 897 victoriis
621 870 753 897 adversus
769 870 860 897 liestcs
874 870 908 896 ab
922 877 979 895 ont-

1037 871 1120 905 ippd;
1141 871 1352 901 ἀνακᾶπτεσθαι,
1371 871 1417 897 καὶ
1440 869 1527 902 οὕτως
1542 873 1602 902 ταῖς
1630 869 1689 897 κατ’
1716 869 1823 906 ἐχθρῶν

197 918 335 952 nipotente
359 924 438 943 matm
453 917 537 951 ipsius
555 917 641 944 multo
656 916 802 950 pretiosius
816 920 842 943 ct
854 915 983 943 honorili-

196 963 313 995 centius,
330 969 413 996 quam
432 962 586 989 diademate
600 962 678 989 nobis
695 962 888 997 circumposita
903 969 982 988 coro-

197 1015 300 1037 nemur.
322 1011 349 1034 et
374 1008 516 1041 imperium
538 1008 618 1034 nobis
642 1008 797 1041 paciﬁcum,
828 1008 921 1042 reique
936 1015 984 1042 pu-

197 1052 272 1079 blica:
285 1052 486 1080 administratio
504 1053 578 1079 Iirnrt
596 1057 622 1079 et
636 1053 739 1083 stabilis
753 1053 894 1080 eiiitiatnr.

233 1153 312 1188 Unde
326 1152 400 1180 curis
415 1153 547 1186 ejusmodi
565 1152 702 1187 occupati,
715 1157 741 1180 et
752 1154 785 1180 ad
802 1153 982 1181 inventionem

198 1204 338 1233 gratorum
356 1198 420 1231 Deo,
437 1198 604 1232 publicaeque
624 1198 662 1225 rei
682 1198 890 1225 conducibilitnn
909 1207 983 1226 men-

200 1251 252 1272 lcttt
275 1245 426 1272 insomnem
442 1250 646 1280 componentes,
663 1249 689 1272 et
701 1244 832 1279 justitiam
848 1246 983 1272 lcrt'cslri-

200 1292 249 1317 bus
262 1290 396 1317 universis
410 1294 617 1324 anteponentes,
633 1290 714 1317 veluti
728 1290 878 1318 caelestium
895 1292 984 1318 conci-

199 1335 341 1367 liatrirem,
358 1339 385 1362 et
407 1335 479 1362 illitis
503 1335 613 1367 virtute,
628 1336 674 1370 qui
698 1343 745 1370 per
765 1336 849 1370 ipsam
872 1336 982 1368 colitur,

197 1382 286 1416 gladio
296 1381 392 1416 quovis
404 1381 535 1408 adversus
550 1381 642 1409 hostes
655 1382 822 1414 acutiorem;
837 1391 898 1409 cum
912 1383 983 1417 lrgcs

198 1427 232 1453 ab
256 1427 463 1461 imperatoribus
484 1431 547 1454 ante
572 1434 620 1454 nos
644 1435 726 1462 regno
745 1428 838 1462 politis
863 1429 941 1460 Iulus,
958 1429 983 1455 in

200 1474 290 1500 nndtis
303 1473 379 1500 libris
390 1473 544 1507 descriptas
556 1473 700 1505 sciremus,
714 1478 741 1500 et
757 1474 894 1507 aliquibus
911 1475 986 1501 intel-

199 1518 270 1544 lectu
292 1518 425 1546 diliiciletn
451 1525 511 1545 esse
533 1526 656 1550 sensum,
681 1519 726 1553 qtti
752 1521 792 1546 eis
812 1520 976 1547 continetur.
991 1535 1014 1566 α

200 1563 262 1590 aliis
278 1571 390 1598 prorsus
402 1564 533 1598 ignotum.
551 1571 583 1591 ac
597 1564 748 1599 praesertim
765 1565 827 1596 illis,
843 1566 887 1600 qui
905 1571 979 1592 extra

200 1610 370 1641 custoditum,
379 1610 448 1637 banc
461 1610 588 1638 divinitus
601 1615 629 1638 et
645 1611 744 1645 regiam
757 1611 850 1638 urbem
863 1616 982 1638 nostram

201 1654 342 1681 (‘Ouelilllli
356 1659 430 1686 sunt,
446 1662 587 1682 nossemus
601 1663 608 1681 :
624 1656 753 1683 arcessito
765 1655 868 1687 Nieeta,
884 1656 983 1690 glorio-

202 1698 311 1725 sissimo
330 1698 456 1731 patricio,
473 1703 500 1725 et
515 1704 649 1734 quaestore
664 1705 767 1734 nostro,
787 1701 906 1735 itemque
929 1701 986 1735 glo-

202 1743 360 1770 riasissitnis
377 1744 498 1778 patriciis
517 1745 628 1778 nostris,
643 1744 734 1772 Nireta
755 1750 782 1772 et
795 1744 910 1777 Marino,
923 1754 985 1773 cum

202 1789 407 1822 ploriosissimis
424 1789 580 1817 consulibus
596 1798 627 1817 ac
643 1791 864 1826 rescriptoribus,
879 1796 907 1819 et
923 1792 986 1819 reli<

201 1835 263 1868 quis
279 1834 324 1860 Dei
341 1834 437 1861 timore
451 1835 582 1869 prmditis,
598 1843 693 1862 otnnes
706 1843 799 1863 eorum
818 1836 901 1863 libros
915 1837 985 1870 apud

202 1888 251 1906 nos
265 1879 353 1915 colligi
364 1879 495 1912 jtt‘siuttts
506 1889 513 1913 ;
524 1881 686 1908 etoutnibus
697 1889 759 1908 cum
767 1883 914 1909 attentione
927 1882 987 1909 dili-

201 1926 273 1960 genti
291 1926 464 1958 cxatttinatis,
479 1932 533 1954 tam
555 1935 602 1961 per
620 1934 663 1959 ea,
686 1935 748 1962 qum
766 1929 791 1955 in
807 1929 860 1956 illis
874 1929 938 1963 ipsis
954 1929 986 1956 li-

201 1971 258 1999 bris
273 1975 336 2006 apte
361 1972 449 2006 posita
477 1972 697 2004 continebantur,
721 1981 801 2008 qttatn
818 1982 865 2010 per
881 1976 985 2002 sancita

202 2023 297 2044 ret-cus
312 2025 325 2042 a
341 2017 429 2048 nobis,
440 2018 590 2045 sententias
601 2023 626 2045 et
639 2018 742 2054 judicia
756 2019 789 2046 de
802 2020 986 2054 ireqnentilus

202 2061 317 2095 negotiis
340 2067 368 2089 ct
396 2064 592 2096 contractibus,
617 2068 644 2091 et
668 2065 861 2093 convenientes
880 2065 986 2093 delictis

200 2106 389 2134 criminalibus
407 2115 503 2142 pmnas
519 2108 546 2135 in
562 2108 613 2135 hoc
637 2108 706 2136 libro
721 2113 777 2136 tum
803 2110 984 2143 manifestius,

203 2155 258 2177 tum
282 2151 368 2185 magis
393 2152 495 2178 minute
509 2153 593 2187 repeti
615 2153 715 2181 debere
736 2161 883 2189 congruunt
908 2156 986 2183 duxi-

1033 916 1121 948 νίκαις
1135 917 1188 943 ὐπδ
1209 916 1260 950 τῆς
1280 916 1363 943 αὐτοῦ
1387 915 1592 952 παντοδυνάμου
1607 916 1697 951 χειρδς
1719 925 1822 951 στεφα-

1041 962 1152 988 νοῦσθαι
1178 963 1261 998 ἡμᾶς,
1274 962 1320 988 τοῦ
1335 962 1525 998 περικειμένου
1536 961 1697 996 διαδήματος
1711 961 1823 988 πολυτε-

1034 1007 1161 1042 λέστερον
1179 1016 1209 1033 τε
1223 1009 1270 1034 καὶ
1284 1007 1456 1043 τιμιώτερον,
1472 1007 1606 1042 εἰρηναῖόν
1622 1015 1652 1033 τε
1668 1007 1735 1043 ἡμῖν
1752 1009 1823 1034 ἀπο-

1036 1052 1217 1080 καθίστασθαι
1244 1053 1293 1088 τὴν
1316 1053 1466 1088 βασιλείαν,
1482 1052 1529 1080 καὶ
1550 1052 1677 1085 εὐσταθὲς
1703 1053 1734 1080 τὸ
1748 1053 1823 1080 πολί-

1035 1106 1134 1133 τευμα.

1073 1144 1154 1170 Ὅθεν
1168 1145 1226 1175 ταῖς
1250 1143 1387 1176 τοιαύταις
1413 1144 1558 1180 μερίμναις
1586 1143 1821 1179 ἐνασχολούμενοι,

1035 1189 1164 1224 καὶπρὸς
1179 1190 1228 1225 τὴν
1250 1189 1304 1216 τῶν
1321 1191 1492 1225 ἀρεσκόντων
1506 1190 1576 1226 Θεῷ,
1600 1191 1649 1218 καὶ
1673 1190 1712 1226 τῷ
1738 1191 1822 1226 κοινῷ

1035 1235 1230 1270 συμφερόντων
1249 1235 1371 1271 εὕρεσιν,
1388 1236 1537 1272 ἀκοίμητον
1550 1237 1596 1263 τδν
1608 1237 1670 1263 νοῦν
1684 1237 1822 1272 καταστή-

1036 1291 1143 1316 σαντες,
1158 1284 1209 1320 τήν
1232 1293 1260 1310 τε
1279 1284 1453 1320 δ;καιοσύνην
1482 1285 1591 1312 πάντων
1609 1285 1665 1312 τῶν
1692 1285 1822 1319 ἐπιγείων

1036 1330 1262 1365 προτιμήσαντες.
1290 1330 1328 1361 ὡς
1352 1330 1481 1365 πρόξενον
1504 1330 1558 1357 τῶν
1573 1331 1708 1365 οὐρανίων
1732 1331 1822 1366 ὑπάρ-

1035 1384 1144 1410 χουσαν,
1171 1375 1217 1402 κει-ἱ
1242 1376 1400 1411 τομωτέραν
1423 1376 1523 1408 παντὸς
1549 1376 1643 1410 ξῑφους
1662 1378 1695 1412 τῇ
1718 1375 1765 1403 τοῦ
1779 1376 1822 1403 ἐπ’

1035 1422 1104 1456 αὐτῇ
1131 1421 1349 1457 θεραπευομένου
1374 1422 1497 1457 δυνάμει,
1512 1423 1583 1450 κατὰ
1602 1422 1657 1449 τῶν
1685 1422 1822 1458 πολεμίων

1034 1467 1230 1502 τυγχάνουσαν,
1240 1468 1269 1493 ἐν
1283 1467 1391 1499 πολλαῖς
1404 1468 1502 1503 βίϐλοις
1511 1468 1544 1494 τὰ
1558 1468 1610 1494 ὑπὸ
1623 1469 1678 1495 τῶν
1689 1468 1822 1504 προδεδα-

1036 1513 1198 1539 σιλευκότων
1213 1513 1447 1548 νενομοθετημένα
1462 1513 1616 1548 γεγράφθαι
1632 1513 1820 1552 γινώσκοντες1

1039 1558 1152 1589 καὶτοῖς
1170 1559 1219 1593 μὲν
1234 1558 1448 1593 δυσδιάγνωστον
1459 1559 1504 1586 τὸν
1528 1559 1558 1585 ἐν
1581 1559 1674 1590 αὐτοῖς
1697 1560 1822 1594 περιεχό-

1039 1612 1118 1638 μενον
1135 1604 1207 1636 νοῦν,
1229 1605 1283 1635 τοῖς
1295 1605 1381 1631 δὲκαὶ
1401 1604 1540 1636 παντελῶς
1555 1604 1748 1638 ἀδιάγνωστον,
1774 1605 1822 1632 καὶ

1039 1649 1155 1683 μάλιστα
1171 1650 1225 1680 τοῖς
1239 1649 1291 1681 ἔξω
1303 1649 1351 1684 τῆς
1365 1648 1546 1683 θεοφυλάκτου
1562 1648 1662 1685 ταύτης
1675 1649 1722 1676 καὶ
1742 1648 1822 1684 βασι-

1038 1694 1108 1725 λίδος
1125 1694 1202 1729 ἡμῶν
1219 1694 1332 1726 πόλεως.
1351 1695 1462 1727 εἰδότες,
1475 1695 1653 1730 τυγχάνοντα,
1673 1695 1823 1730 μετακαλεο

1039 1740 1150 1774 σάμενοι
1178 1740 1300 1775 Νικήταν
1327 1740 1372 1766 τὸν
1404 1741 1576 1773 ἐνδοξότατον
1601 1741 1744 1776 πατρίκιον
1774 1740 1823 1767 καὶ

1039 1785 1208 1820 κοιαίστωρα
1235 1785 1324 1820 ἡμῶν,
1352 1785 1414 1817 τούς
1427 1794 1457 1812 τε
1476 1786 1663 1818 ἐνδοξοτάτους
1677 1786 1755 1821 ἡμῶν
1771 1795 1823 1812 παν

1039 1831 1171 1866 τρικίους,
1200 1831 1324 1866 Νικήταν
1344 1833 1391 1859 καὶ
1405 1833 1536 1869 Μαρῖνον,
1554 1833 1616 1864 τοὺς
1635 1832 1822 1865 ἐνδοξοτάτους

1039 1875 1157 1907 ὑπάτους
1171 1876 1219 1903 καὶ
1235 1877 1422 1912 ἁντιγραφεῐς,
1438 1877 1486 1904 καὶ
1505 1877 1614 1910 λοιποὺς
1632 1878 1678 1905 τὸν
1691 1878 1737 1905 τοῦ
1753 1878 1823 1905 Θεοῦ

1038 1920 1120 1954 φόὸον
1131 1920 1252 1956 ἔχοντας,
1261 1921 1350 1954 πάσας
1358 1922 1500 1953 τὰςαύτῶν
1513 1923 1619 1958 βίὸλους
1631 1924 1823 1960 συναθροισθῆ-

1037 1975 1082 1993 ναι
1117 1967 1368 2003 παρεκελεύσαμεν,
1396 1968 1443 1995 καὶ
1477 1968 1567 1996 πάντα
1601 1969 1660 2004 μετ’
1676 1969 1822 2005 ἐπιμελοῦς

1039 2013 1207 2048 ἐπισχέσεως
1222 2013 1428 2050 ἀνακρίναντες.
1447 2014 1491 2041 διά
1505 2023 1534 2041 τε
1547 2015 1600 2042 τῶν
1617 2016 1644 2042 ἐν
1657 2016 1716 2047 ταῖς
1727 2016 1822 2048 αὑταῖς

1038 2059 1139 2095 βίϐλοις
1151 2060 1269 2091 εὐθέτως
1284 2060 1489 2095 ἐμφερομένων,
1503 2061 1547 2088 διά
1557 2070 1586 2088 τε
1595 2061 1648 2089 τῶν
1662 2062 1728 2098 παρ’
1742 2062 1822 2097 ἡμῶν

1036 2106 1142 2142 νεαρῶς
1162 2106 1371 2139 θεσπισθέντων,
1388 2108 1434 2134 ἐπὶ
1451 2108 1555 2143 συχνῶν
1571 2109 1625 2136 τῶν
1651 2109 1822 2144 πραγμάτων

1038 2151 1096 2188 [ἐπὶ
1112 2152 1299 2188 συχναζῆντων
1313 2152 1495 2188 πραγμάτων]
1517 2154 1563 2181 καὶ
1591 2154 1823 2190 συναλλαγμάτων

203 2202 278 2227 inus;
293 2200 322 2222 ut
336 2195 473 2223 intellectu
489 2196 611 2225 faciliore
629 2198 669 2225 vis
683 2199 815 2233 ejusmodi
828 2201 933 2235 piarunt
947 2201 983 2228 le-

1039 2198 1087 2229 τὰς
1105 2198 1219 2233 κρίσεις,
1238 2199 1284 2225 καὶ
1305 2199 1356 2230 τὰς
1373 2199 1555 2235 καταλλήλους
1570 2199 1624 2226 τῶν
1643 2201 1823 2236 ἐγκλημάτων

202 2248 265 2275 gum
281 2241 383 2275 percipi
401 2242 497 2275 possit,
519 2247 546 2269 et
566 2243 623 2277 ipsa
645 2245 750 2278 negotia
767 2246 863 2279 majori
880 2247 985 2282 perspi-

202 2287 305 2314 cuitate
327 2287 431 2320 decidi,
458 2295 490 2315 ac
507 2287 580 2322 jnsta
603 2291 776 2317 exsecutione
799 2290 987 2326 delinquentes

203 2332 306 2367 puniri,
322 2333 424 2367 quique
439 2333 572 2366 proclives
587 2335 619 2359 ad
634 2335 799 2367 peccandum
815 2341 916 2368 essent,
932 2341 985 2366 tam

203 2378 337 2410 coerceri,
353 2386 434 2413 quam
451 2379 560 2414 corrigi.
578 2379 628 2412 Qui
643 2387 706 2407 vero
720 2381 753 2407 ad
775 2381 929 2409 tractandas
948 2382 987 2410 le-

204 2425 315 2459 gitimas
338 2432 482 2452 causarum
505 2425 678 2460 cognitiones
700 2425 819 2453 ordinati
842 2433 917 2460 sunt,
941 2434 988 2455 eos

205 2477 346 2498 monemtts
374 2474 401 2497 et
430 2470 582 2499 hortamur.
606 2475 635 2498 ut
659 2470 694 2497 ab
716 2471 841 2498 omnibus
864 2472 989 2500 humanis

204 2515 349 2544 affectibus
372 2516 539 2548 abstineant,
555 2521 582 2544 et
597 2524 630 2544 ex
647 2516 753 2544 sincera
765 2525 886 2552 sanaque
900 2523 989 2546 mente

202 2561 303 2594 judicia
319 2568 389 2588 verte
401 2560 514 2596 justitite
528 2561 677 2595 proferant,
697 2569 728 2589 ac
746 2569 832 2595 neque
845 2570 987 2597 pauperem

205 2611 392 2640 contemnant,
415 2615 502 2642 neque
516 2611 651 2642 potentem
668 2608 769 2642 injuste
784 2609 887 2643 aliquid
904 2616 988 2644 agen-

206 2656 260 2678 tcnt
287 2652 444 2686 relinquant
463 2652 695 2687 irrcprebensnnt.
709 2661 758 2680 nec
774 2654 799 2680 in
824 2654 941 2688 speciem
958 2662 990 2682 ac

206 2697 297 2724 verbis
317 2698 466 2732 nimiopere
485 2698 617 2731 justitiam
635 2703 662 2725 et
683 2700 837 2733 :eqnitatem
854 2699 991 2726 admiren-

208 2745 264 2771 tur,
286 2749 381 2776 reapse
397 2749 460 2768 vero
475 2742 648 2776 injustitiam,
663 2748 690 2770 et
708 2743 767 2777 plus
782 2743 897 2770 habendi
916 2745 990 2778 cupi-

207 2785 319 2813 ditatem
345 2787 502 2822 prml‘erant,
530 2788 612 2815 Vclllll
640 2788 804 2816 fructuosam
835 2791 905 2817 :sed
927 2797 990 2817 cum

208 2832 278 2862 apud
291 2839 338 2861 eos
348 2840 431 2860 causa
451 2833 565 2860 duorum
582 2834 682 2868 agitur,
696 2842 810 2869 quorum
826 2835 894 2862 alter
907 2836 990 2871 copiis

1037 2243 1133 2274 ποινὰς
1159 2243 1186 2269 ἐν
1203 2244 1265 2279 τῇδε
1276 2245 1307 2279 τῇ
1334 2244 1416 2280 βίὸλῳ
1445 2245 1640 2281 φανερωτέρως
1663 2254 1692 2272 τε
1714 2247 1759 2273 καὶ
1777 2247 1823 2274 λε-

1037 2288 1176 2324 πτοτέρως
1198 2289 1385 2325 ἀναληφθῆναι
1416 2290 1544 2326 ἁρμόδιον
1557 2291 1730 2327 ἡγησάμεθα,
1755 2294 1823 2328 πρὶς

1038 2334 1203 2362 εὐσύνοπτον
1217 2335 1268 2370 τῆς
1280 2335 1335 2362 τῶν
1352 2335 1481 2363 τοιούτων
1498 2336 1619 2363 εὐσεδῶν
1634 2337 1724 2373 νόμων
1740 2338 1822 2366 δυνά-

1041 2388 1114 2414 μεως
1131 2380 1245 2416 εἴδησιν,
1257 2381 1304 2407 καὶ
1316 2381 1365 2416 τὴν
1379 2381 1408 2407 ἐν
1420 2382 1559 2418 εὖκρινείᾳ
1574 2382 1629 2409 τῶν
1652 2384 1823 2419 πραγμάτων

1038 2424 1197 2458 εὐλύτωσιν,
1225 2425 1272 2451 καὶ
1295 2425 1344 2461 τὴν
1372 2426 1480 2453 δικαίαν
1511 2427 1566 2455 τῶν
1591 2427 1823 2463 πλημμελούντων

1038 2470 1220 2504 ἐπεξέλευσιν,
1236 2470 1283 2498 καὶ
1293 2471 1342 2506 τὴν
1356 2471 1410 2497 τῶν
1430 2471 1588 2507 ἐπιρῤεπῶς
1603 2473 1670 2509 πρὸς
1686 2474 1717 2500 τὸ
1732 2475 1824 2509 πλημ-

1040 2515 1131 2550 μελεῖν
1144 2515 1323 2550 διακειμένων
1338 2516 1488 2552 άναστολὴν
1507 2518 1554 2544 καὶ
1572 2518 1723 2553 διόρθωσιν.
1755 2521 1824 2552 Τοὺς

1038 2561 1067 2588 δὲ
1087 2561 1209 2596 μετιέναι
1231 2562 1414 2597 τεταγμένους
1437 2563 1472 2590 τὰ
1504 2563 1616 2600 νόμιμα,
1640 2565 1749 2593 πάντων
1770 2568 1824 2594 τῶν

1039 2608 1217 2642 ἀνθρωπίνων
1227 2609 1320 2635 παθῶν
1329 2608 1516 2644 παραινοῦμεν
1527 2609 1586 2645 ἃμα
1599 2610 1646 2637 καὶ
1660 2613 1824 2646 παρεγγυῶ-

1041 2662 1091 2689 μεν
1104 2654 1265 2689 ἀπέχεσθαι,
1283 2655 1329 2682 καὶ
1351 2654 1406 2682 ἀπὸ
1423 2654 1517 2689 ὑγιοῦς
1534 2655 1655 2688 διανοίας
1676 2659 1825 2693 προφέρειν

1039 2700 1090 2734 τῆς
1102 2699 1218 2734 ἀληθοῦς
1233 2699 1405 2735 δικαιοσύνης
1418 2699 1453 2726 τὰ
1472 2699 1605 2736 κρίματα,
1619 2701 1667 2728 καὶ
1682 2703 1751 2738 μήτε
1777 2704 1824 2730 πέ-

1040 2754 1119 2780 νητος
1144 2747 1340 2780 καταφρονεῖν,
1357 2746 1426 2781 μήτε
1450 2745 1584 2781 δυνάστην
1607 2747 1752 2776 ἀδικοῦντα
1778 2750 1825 2783 ἐᾶν

1041 2790 1244 2826 ἀνεξέλεγκτον,
1257 2791 1324 2827 μήτε
1338 2791 1392 2827 μὴν
1412 2793 1534 2829 σχήματι
1548 2793 1598 2828 μὲν
1617 2794 1664 2820 καὶ
1691 2794 1762 2830 λόγῳ
1776 2795 1827 2830 τὴν

1042 2837 1215 2874 δικαιοσύνην
1234 2837 1456 2873 ὑπερθαυμάξειν
1476 2839 1521 2866 καὶ
1541 2839 1590 2876 τὴν
1604 2839 1730 2876 ίσότηταυ
1752 2841 1825 2877 ἔργῳ
