1938 3070
105 141 158 175 45⁸1

728 139 924 170 DELECTUS
945 141 1018 170 Ι.Εο
1025 141 1047 171 U
1054 141 1093 170 Μ.

1672 140 1728 173 458

99 197 128 224 δὲ
138 197 182 224 τδν
194 195 287 224 ἄδικον
310 195 357 222 καὶ
377 193 566 221 πλεονεκτικὸν
581 194 726 229 προτιμᾷν,
738 195 775 226 ὡς
794 194 894 229 ὠφέλι-

953 195 1076 228 tbuttdal,
1101 195 1169 222 alter
1190 195 1277 222 minus
1301 194 1393 229 ltubel,
1418 196 1450 224 ad
1469 195 1599 231 aqualem
1617 204 1679 232 erga
1703 205 1733 226 se

102 251 162 279 μον·
178 242 246 270 ἀλλά
258 242 305 269 δύο
324 242 492 277 κρινομένων
499 241 564 276 παρ’
579 241 681 273 αὐτοῖς,
694 240 740 268 τοῦ
754 249 784 267 τε
798 241 894 268 πλεον-

100 287 254 320 εκτοῦντος,
286 288 334 314 καὶ
348 287 393 314 τοῦ
411 287 442 313 τὸ
462 287 571 314 ἔλαττον
586 286 704 321 ἔχοντος,
719 287 758 318 εὶς
781 287 812 312 τὺ
827 286 895 320 πρὸς

100 334 232 370 ἀλλήλους
244 334 300 360 ἴσον
314 334 414 364 αὐτοὺς
427 333 564 366 ἵστασθαι,
580 333 627 359 καὶ
645 332 772 359 τοσοῦτον
785 333 895 367 ἀφελεῖν

99 381 148 408 τοῦ
180 380 370 416 ὑπερέχοντος,
398 380 460 406 ὅσον
488 379 683 414 ἐλαττούμενον
700 379 803 414 εὕρωσι
817 387 894 414 τηνι-

101 427 191 454 καῦτα
218 429 263 453 τὸν
282 425 470 461 ἀδικούμενον.
496 426 526 452 Οί
545 425 599 461 γὰρ
623 426 673 460 τὴν
687 424 774 460 ἀληθῆ
789 425 895 452 δικαιο-

101 473 186 507 σύνην
207 473 266 503 ταῖς
292 471 397 498 ἑαυτῶν
433 471 534 506 ψυχαῖς
563 471 834 511 προεναποκειμένην
857 471 895 506 μὴ

101 519 219 554 ἔχοντες,
243 517 301 545 ἀλλ’
324 517 341 553 ῆ
375 517 499 552 χρήμασι
528 516 732 552 διεφθαρμένοι,
764 516 896 553 ἢέχθραν

102 564 287 600 ἀμυνόμενοι,
325 563 341 600 ἢ
369 563 530 590 δυναστείαν
565 563 770 598 δυσωπούμενοι
808 564 896 598 κρίμα

103 610 283 637 κατευθύνειν
311 609 341 636 ού
370 609 518 642 δύνανται,
546 608 699 640 δεικνύντες
725 608 768 644 ἐφ’
791 609 897 640 ἑαυτοῖς

101 657 147 683 τὶν
162 656 314 691 Ψαλμῳδὺν
339 655 515 690 ἀληθεύοντα·
530 664 540 680 ι
552 655 584 682 Εἰ
601 654 708 690 ἀληθῶς
723 654 777 689 ἄρα
793 654 898 681 δικαιο-

103 703 187 738 σύνην
214 702 330 734 λαλεῖτε,
360 701 472 732 εὐθείας
487 700 600 736 κρίνατε
623 700 673 732 τὰς
703 700 820 735 κρίσεις,
846 700 898 726 υἱοὶ

107 749 163 775 τῶν
179 747 342 784 ἀνθρώπων.
357 746 413 773 Καὶ
430 746 484 781 γὰρ
503 747 531 773 ὲν
554 745 652 781 καρδίᾳ
681 745 795 780 ἀνομίας
816 745 900 781 ἐργά-

105 793 186 826 ζεσθε
208 794 238 820 ὲν
262 795 296 828 τῇ
323 793 370 828 γῇ,
387 792 496 819 ἀδικίαν
526 793 554 818 αἱ
578 793 667 826 χεῖρες
684 790 760 826 ὑμῶν
779 791 900 827 συμπλέ-

105 849 212 867 κουσιν.
233 849 242 865 ι
274 839 382 874 Ὥσπερ
399 839 447 865 καὶ
470 839 484 865 ὁ
506 838 633 874 Σολομῶν
648 839 664 865 ὁ
684 838 765 873 σοφὸς
786 838 817 864 τὸ
836 838 900 873 περὶ

104 886 155 921 τὴν
186 886 277 921 κρίσιν
305 885 398 912 ἄνισον
426 886 460 920 τῇ
488 884 543 911 τῶν
577 884 705 920 σταθμῶν
731 884 900 920 προσηγορίᾳ

107 930 314 967 παρωμοιακὼς
339 929 551 966 [παροιμιακῶς]
589 930 776 965 αἰνιττόμενος
800 930 897 964 ἔφησε

107 987 118 1003 ι
132 977 255 1012 Σταομὺν
265 977 339 1011 μέγα
354 976 400 1003 καὶ
418 975 526 1010 μικρὸν,
539 975 669 1010 βδελυκτὰ
678 975 754 1011 παρά
767 976 879 1011 Κυρίου,
888 984 897 1001 ι

105 1023 159 1048 Καὶ
170 1022 254 1049 ταῦτα
266 1022 320 1052 τοῖς
331 1020 419 1047 νοοῦσι
434 1020 483 1054 μὲν
492 1020 643 1053 τὸδίκαιον,
655 1021 859 1056 παρατρέπουσι
871 1020 900 1046 δὲ

104 1069 154 1103 τὴν
165 1067 306 1103 ἀλήθειαν,
319 1066 521 1103 παραινετικῶς
535 1066 595 1101 ἅμα
610 1067 656 1093 καὶ
667 1066 900 1103 προμαρτυρικῶς

106 1113 172 1149 παρ’
186 1113 264 1148 ἡμῶν
288 1113 472 1139 διατέτακται.
494 1109 541 1143 Οἷς
561 1111 590 1138 δὲ
601 1111 689 1144 τοῦτο,
725 1112 768 1138 διὰ
782 1112 812 1139 τὸ
836 1115 900 1147 περὶ

106 1160 154 1195 τὴν
168 1159 297 1195 φρόνησιν
310 1158 443 1191 ἑλλειπὲς,
465 1158 583 1194 ὑπάρχει
594 1157 771 1193 δυσθήρατον,
786 1158 833 1184 καὶ
846 1157 899 1184 δια·

105 1207 198 1241 νεῖμαι
210 1206 239 1232 τὸ
255 1206 312 1232 τῖον
328 1205 446 1240 ἑκάστῳ,
459 1203 599 1235 παντελῶς
613 1204 730 1239 ὑπάρχει
744 1203 898 1238 ἀνέφικτον,

105 1248 180 1278 οὗτοι
192 1251 260 1277 κατά
271 1250 301 1277 τὸ
310 1250 361 1276 ὑπὸ
371 1249 460 1285 Ίησοῦ
473 1249 520 1275 τοῦ
537 1249 624 1283 Σιράχ
645 1248 802 1283 λεγόμενον,
832 1249 901 1283 μήτε

107 1297 184 1333 παρά
196 1296 298 1332 Κυρίου
325 1295 488 1331 ήγεμονείαν
514 1294 694 1329 ζητείτωσαν,
730 1295 798 1329 μήτε
826 1294 901 1329 παρὰ

109 1341 242 1376 βασιλέως
255 1339 389 1375 καθέδραν
399 1339 478 1374 δόξης
493 1338 667 1371 αἱτείτωσαν,
687 1338 756 1373 μήτε
778 1337 900 1371 γίνεσθαι

108 1388 201 1423 κριταὶ
227 1386 454 1422 προαιρείτωσαν,
482 1384 590 1416 ἀδικίας
618 1384 745 1419 οὐδαμῶς
780 1384 901 1419 ἐξαιρεῖν

110 1433 258 1468 ἰσχύοντες.
295 1432 325 1458 Ol
356 1431 385 1457 δὲ
401 1429 446 1457 νοῦ
462 1430 509 1456 καὶ
538 1429 696 1464 φρονήσεως
720 1429 839 1464 μέτοχοι,
855 1429 902 1456 καὶ

110 1477 284 1512 δικαιοσύνης
314 1475 432 1512 ἀληθοῦς
460 1475 583 1510 ἐναργῶς
612 1475 806 1510 ἐπιστήμονες,
834 1474 902 1510 ὀρθὰ

947 245 1046 269 statum
1071 249 1119 269 eos
1141 241 1275 276 redigant,
1297 246 1324 270 et
1351 247 1456 270 tantum
1475 244 1649 271 eminentiOri
1673 244 1734 271 adi-

946 291 1033 320 mant,
1050 291 1154 321 quanto
1169 286 1326 314 inferiorem
1348 292 1412 315 tunc
1432 288 1587 316 invenerint
1602 295 1676 321 eum,
1691 290 1734 316 cui

948 332 978 359 tit
994 332 1106 367 injuria.
1124 332 1175 366 Qui
1186 333 1260 360 enim
1271 333 1406 367 justitiam
1420 341 1510 361 veram
1525 334 1552 361 in
1565 335 1664 362 animis
1677 335 1736 362 suis

945 378 1000 412 jam
1014 383 1077 406 ante
1091 379 1171 406 sitam
1187 386 1241 406 non
1254 379 1366 412 habent,
1381 379 1428 407 sed
1451 379 1493 407 vel
1507 381 1629 415 pecuniis
1642 388 1737 408 corru-

948 423 985 458 pti
1001 428 1075 456 sunt,
1093 423 1134 451 vel
1147 424 1304 452 inimicitias
1318 424 1499 457 ulciscuntur,
1514 426 1555 453 vel
1567 427 1736 461 potentiores

949 474 1078 496 verentur
1090 477 1120 496 ac
1134 469 1332 503 reformidant;
1345 470 1462 505 dirigere
1473 470 1574 504 judicia
1585 478 1735 507 nequeunt.
1770 465 1778 471 ’

949 521 1042 542 verum
1060 515 1124 542 illud
1142 516 1176 543 de
1191 523 1221 543 se
1232 517 1344 544 verbum
1358 523 1418 544 esse
1431 516 1601 545 Psalmorum
1615 519 1737 547 auctoris

948 561 1124 589 ostendentes
1140 569 1147 588 :
1169 570 1178 587 ι
1204 561 1345 597 Siquidem
1366 570 1428 591 vere
1447 564 1580 598 justitiam
1597 565 1737 600 profertis,

946 606 1060 641 judicia,
1085 612 1160 635 recta
1184 607 1375 642 judicate,fdii
1404 609 1559 637 mortalium
1573 611 1592 638 '.
1614 610 1681 638 Nam
1708 612 1736 640 in

949 654 1030 680 corde
1048 659 1139 681 vestro
1159 654 1250 688 iniqua
1265 655 1388 682 facinora
1404 657 1540 690 peragetis
1560 657 1586 683 in
1602 658 1693 688 terris.
1710 663 1738 686 et

951 706 1047 726 manus
1067 705 1163 727 vestra:
1179 700 1339 734 iujustitiam
1357 706 1478 730 nectunt.
1498 712 1508 728 ι
1527 703 1573 730 Sic
1589 708 1615 731 et
1629 704 1737 739 sapiens

951 744 995 772 ille
1020 744 1130 774 Salonio
1150 746 1363 782 inmqualitalem
1386 749 1571 783 iujndieando
1587 750 1736 785 ponderum

952 790 1179 825 appellationibus
1201 794 1404 828 comparando.
1429 802 1476 829 per
1499 796 1614 830 :enigma
1640 797 1708 824 dixit
1728 805 1736 824 :

954 845 963 861 ι
982 835 1089 863 Pondus
1103 836 1202 864 ibidem
1214 845 1340 872 magnum
1355 844 1382 866 et
1396 839 1495 873 minus,
1510 841 1580 876 apud
1595 841 1736 870 Dominum

952 882 1145 910 abominabilia
1169 888 1232 910 sunt
1254 885 1275 910 ³.
1303 893 1312 910 ι
1337 884 1371 912 Et
1391 885 1449 913 hate
1471 886 1605 920 justitiam
1628 888 1737 923 quidem

952 928 1178 964 intelligentihus,
1197 930 1245 958 sed
1270 933 1490 966 pervertentibus
1508 934 1662 967 veritatem,
1680 940 1736 962 tum

952 975 1079 1002 monendi
1091 983 1184 1009 causa,
1201 979 1257 1003 tum
1276 978 1458 1011 protestandi,
1472 986 1486 1005 a
1507 979 1586 1007 nobis
1605 987 1738 1016 prarcepta

951 1022 1024 1044 sunt.
1040 1018 1075 1044 At
1093 1019 1191 1053 quibus
1207 1019 1268 1054 hoc,
1293 1026 1403 1056 propter
1425 1022 1607 1059 intelligentia:
1623 1026 1741 1060 pruden-

952 1063 1054 1099 tiaeque
1069 1065 1218 1100 defectum,
1234 1067 1344 1095 inventu
1363 1074 1391 1096 et
1406 1071 1590 1106 pervestigatu
1605 1077 1646 1099 est
1663 1072 1740 1100 difliv

951 1111 1012 1143 cile,
1041 1113 1142 1148 quique
1171 1120 1282 1148 prorsus
1311 1114 1376 1142 illud
1399 1117 1506 1151 assequi
1533 1123 1685 1153 nequeunt,
1710 1126 1738 1147 ut

951 1158 1064 1192 aequalia
1075 1158 1190 1193 singulis
1208 1160 1344 1194 tribuant;
1363 1161 1400 1189 illi
1417 1164 1566 1191 secundum
1582 1165 1619 1198 id,
1632 1167 1704 1200 quod
1722 1176 1738 1193 ιι

952 1203 1094 1232 Sirachide
1107 1204 1171 1233 Jesu
1186 1206 1325 1240 profertur
1339 1207 1361 1242 ',
1379 1215 1430 1236 nec
1445 1216 1460 1236 a
1474 1209 1587 1238 Domino
1602 1212 1740 1248 principa-

954 1255 1009 1277 tum
1025 1251 1174 1285 requiranl,
1193 1260 1243 1280 nec
1257 1260 1271 1280 a
1289 1260 1353 1288 rege
1368 1254 1464 1282 solium
1482 1256 1574 1291 gloria:
1589 1260 1738 1292 pOSlult'nl,

954 1304 1004 1323 nec
1024 1297 1131 1331 judices
1149 1298 1208 1325 lieri
1225 1303 1380 1333 exspetant,
1403 1307 1466 1327 cum
1488 1302 1585 1330 tollere
1602 1303 1635 1331 de
1651 1305 1739 1332 medio

952 1342 1074 1370 facinora
1092 1344 1191 1378 injusla
1207 1352 1379 1380 nequaquam
1393 1347 1507 1382 possint.
1522 1348 1572 1381 Qui
1585 1357 1650 1377 vero
1668 1358 1741 1378 men-

954 1389 987 1416 tis
1005 1397 1036 1416 ac
1049 1390 1201 1424 prudentia:
1216 1391 1373 1427 participes,
1387 1397 1414 1420 et
1430 1393 1532 1428 liquido
1545 1402 1615 1423 verae
1627 1396 1741 1430 iustitia:

952 1434 1030 1469 periti
1049 1439 1128 1468 sunt;
1146 1436 1162 1463 ii
1179 1441 1251 1463 recta
1268 1437 1441 1466 considerent
1456 1439 1483 1466 in
1496 1439 1618 1475 judiciis,
1633 1446 1660 1469 et
1676 1443 1740 1469 abs-

951 1486 1005 1514 que
1020 1480 1175 1508 animorum
1198 1481 1294 1509 aﬂectu
1317 1483 1416 1518 cuique
1438 1492 1488 1519 pro
1515 1485 1621 1514 meritis
1641 1494 1739 1515 conve-

108 1524 174 1559 περὶ
185 1524 233 1556 τὰς
244 1523 350 1559 κρίσεις
365 1521 551 1557 βλεπέτωσαν,
574 1521 621 1547 καὶ
646 1520 758 1552 ἀπαθῶς
785 1521 818 1548 τά
841 1521 900 1547 κατ’

954 1525 1057 1552 nientia
1076 1525 1209 1554 tribuant.
1233 1526 1300 1553 Nam
1326 1527 1366 1555 sic
1390 1528 1471 1555 etiam
1496 1529 1626 1558 Dominus
1647 1537 1742 1558 noster

108 1571 187 1604 ἀξίαν
199 1570 313 1604 ἑκάστῳ
342 1568 510 1604 νεμέτωσαν.
531 1565 609 1593 οὕτω
631 1566 685 1601 γάρ
699 1566 745 1592 καὶ
759 1567 773 1592 ὁ
801 1565 901 1602 Κύριος

109 1617 189 1652 ἡμῶν
205 1615 310 1651 Ἰησοῦς
339 1614 468 1650 Χριστὸς,
493 1614 509 1648 ἡ
539 1612 586 1640 τοῦ
620 1612 687 1639 θεοῦ
713 1612 827 1647 δύναμις
857 1612 904 1638 καὶ

111 1663 201 1697 σοφία.
224 1661 428 1696 περισσοτέρως
444 1659 535 1691 αὐτοῖς
549 1658 598 1694 τὴν
614 1658 714 1692 γνῶσιν
734 1657 781 1684 τοῦ
798 1657 903 1684 δικαίου

109 1709 265 1744 χαρίζεται,
305 1707 350 1733 καὶ
375 1705 562 1742 ᾁνακαλύτιτει
586 1705 641 1731 τῶν
665 1704 835 1740 πραγμάτων
869 1703 904 1730 τὰ

109 1754 304 1790 δυσεξεύρητα¹
333 1753 362 1784 ὃς
387 1753 436 1780 καὶ
460 1752 505 1779 τὸν
532 1751 695 1787 Σολομῶντα
715 1750 904 1786 ἐκζητήσαντα

110 1801 142 1827 τὸ
159 1801 261 1828 δίκαιον
273 1799 389 1835 ἀληθεία
404 1799 526 1832 ὲσόφισε,
539 1798 586 1824 καὶ
594 1798 643 1832 τὴν
655 1797 719 1831 περὶ
736 1797 783 1823 τοῦ
795 1797 903 1824 παιδίου

113 1847 202 1883 κρίσιν
213 1847 300 1882 ὀρθῶς
313 1847 360 1873 καὶ
393 1845 546 1876 εύθυϐόλως
574 1845 633 1876 ταῖς
653 1844 775 1878 γυναιξὶν
800 1844 906 1878 ἐξενεγ-

113 1897 172 1923 κεῖν
188 1895 352 1931 ἐχαρίσατο.
379 1893 489 1929 Ἐπειδὴ
503 1893 558 1928 γὰρ
582 1893 729 1929 ἀμάρτυρα
743 1889 777 1927 ἦν
787 1892 821 1919 τὰ
840 1893 905 1927 παρ’

113 1944 250 1979 ἑκατέρας
272 1943 419 1978 λεγόμενα,
438 1942 484 1968 ἐπὶ
496 1941 545 1976 τὴν
559 1941 639 1975 φύσιν
663 1941 787 1976 χωρῆσαι
803 1939 904 1967 τούτων

113 1989 252 2021 ἐκέλευσε,
269 1989 316 2015 καὶ
329 1987 363 2014 δι’
376 1987 462 2022 αὐτῆς
473 1986 566 2022 εὑρεῖν
587 1986 618 2012 τὸ
632 1985 816 2020 ἀγνοούμενον
834 1994 905 2018 παρ-

113 2035 274 2062 εσκεύασεν·
287 2034 331 2061 ὅτε
350 2033 400 2069 μὲν
419 2033 437 2069 ἡ
451 2032 581 2068 ἀλλοτρία
592 2031 704 2063 ἀπαθῶς
724 2031 755 2058 τὺ
773 2032 837 2067 περὶ
857 2032 906 2067 τῆς

114 2080 281 2116 ἀναιρέσεως
295 2079 343 2106 τοῦ
362 2079 456 2110 παιδὸς
471 2077 634 2110 κατεδέξατο
647 2077 822 2112 πρόσταγμω
845 2077 860 2111 ἡ
878 2077 906 2102 δὲ

113 2125 223 2160 ἀληθῶς
238 2125 330 2161 μήτηρ
354 2124 414 2151 οὐδὲ
435 2123 485 2159 τὴν
502 2123 588 2158 ἀκοὴν
615 2123 742 2157 ὑποσχεῖν
758 2122 797 2157 τῷ
821 2130 907 2157 προσ-

112 2172 246 2206 τάγματι,
266 2171 310 2198 διά
333 2170 385 2205 τὴν
399 2168 518 2204 φυσικὴν
543 2168 747 2203 φιλοστοργίαν,
763 2167 905 2202 ἠνέσχετο.

953 1571 1032 1600 Jesus
1049 1571 1185 1606 Christus,
1201 1572 1247 1600 Dei
1262 1572 1350 1602 virtus
1369 1580 1396 1601 et
1414 1574 1560 1610 sapientia,
1583 1576 1668 1604 multo
1682 1585 1741 1604 ma-

951 1618 1010 1653 jore
1021 1626 1082 1646 cum
1097 1619 1262 1646 abundantia
1278 1620 1348 1656 juris
1360 1625 1388 1647 et
1409 1622 1479 1656 aequi
1502 1623 1684 1655 cognitionem
1700 1625 1741 1652 eis

954 1663 1078 1699 largitur,
1096 1668 1123 1692 et
1147 1672 1191 1693 res
1216 1665 1326 1693 inventu
1349 1665 1471 1695 difﬁciles
1495 1668 1618 1701 revelat;
1641 1670 1686 1704 qui
1713 1676 1741 1697 et

954 1707 1137 1740 Salomonem.
1154 1716 1214 1737 cum
1232 1709 1365 1743 justitiam
1382 1712 1576 1746 requisivissel,
1593 1714 1741 1748 sapientem

955 1763 1047 1782 revera
1063 1755 1142 1788 fecit;
1159 1760 1186 1783 et
1204 1757 1320 1791 gratiam
1339 1759 1493 1791 concessit,
1512 1759 1652 1793 utjudicio
1668 1766 1742 1788 recte

955 1801 988 1828 ad
1001 1808 1113 1836 SCOputll
1128 1802 1253 1829 tendente
1271 1804 1435 1831 sententiam
1452 1804 1486 1832 de
1503 1813 1588 1840 puero
1600 1806 1742 1834 muliercu-

956 1848 988 1875 lis
1010 1848 1154 1883 proferret.
1171 1849 1249 1882 Quod
1273 1849 1344 1876 enim
1367 1851 1530 1879 testimoniis
1551 1859 1583 1879 ea
1607 1858 1741 1885 carerent,

955 1902 1015 1929 qua:
1027 1895 1061 1922 ab
1078 1901 1192 1930 utraque
1202 1896 1378 1930 dicebantur;
1393 1897 1426 1924 ad
1441 1897 1526 1932 ipsam
1541 1903 1664 1925 naturam
1680 1906 1741 1925 eum

956 1941 1080 1976 progredi
1094 1940 1184 1974 jussit,
1199 1945 1227 1967 ct
1240 1941 1278 1968 uti
1296 1949 1345 1976 per
1363 1942 1434 1969 hanc
1458 1942 1592 1970 inveniret
1615 1943 1652 1974 id,
1670 1944 1742 1976 quod

957 1987 1142 2022 ignorabatur,
1158 1986 1249 2014 etfacit
1265 1994 1270 2010 ί
1286 1994 1341 2021 quo
1359 1987 1466 2022 quidem
1488 1993 1610 2023 tempore
1633 1989 1742 2020 mulier.

957 2031 990 2058 ad
1015 2039 1097 2066 quam
1124 2039 1191 2065 puer
1215 2038 1267 2058 non
1293 2032 1462 2066 pertinebat,
1493 2032 1744 2061 immiscricorditer

958 2078 1068 2105 admisit
1091 2077 1242 2105 SalomOnis
1266 2078 1299 2105 de
1321 2078 1442 2105 necando
1464 2086 1548 2113 put-ro
1572 2080 1741 2111 mandatum;

959 2129 987 2151 at
1013 2131 1073 2158 qum
1094 2130 1187 2151 revera
1209 2129 1297 2152 mater
1319 2129 1387 2157 erat,
1405 2132 1438 2152 ne
1457 2125 1565 2159 quidem
1587 2126 1742 2155 mandatum

960 2169 1012 2196 hoc
1035 2168 1140 2200 audire,
1163 2173 1273 2203 propter
1288 2175 1406 2196 antorem
1433 2168 1583 2196 naturalem
1605 2169 1742 2197 sustinuit.

149 2216 242 2244 Ταῦτα
252 2216 409 2248 νοείτωσαν,
425 2214 513 2242 ταῦτα
536 2213 732 2249 φρονείτωσαν,
750 2213 779 2239 ἐν
798 2213 903 2244 τούτοις

994 2213 1057 2241 llaec
1076 2213 1258 2245 cousidcrent.
1275 2213 1331 2241 hinc
1346 2213 1372 2240 in
1390 2213 1488 2241 animis
1501 2215 1558 2241 suis
1573 2214 1701 2247 sentiant,
1717 2214 1743 2241 in

115 2263 372 2298 ἀναστραφήτωσαν
395 2260 508 2296 οίπαρά
532 2260 582 2295 τῆς
601 2259 739 2295 ἡμετέρας
767 2258 907 2290 εὐσεὸείας

115 2309 219 2343 κρίνειν
236 2308 398 2344 τεταγμένοι
419 2307 453 2334 τὰ
464 2306 629 2341 πράγματα,
649 2305 695 2332 καὶ
712 2305 765 2332 τῶν
788 2304 909 2332 εὺσεὸῶν

114 2354 195 2390 ἡμῶν
228 2355 318 2390 νόμων
352 2352 586 2389 ἑγκεχειρισμένοι
608 2351 642 2378 τά
662 2351 754 2378 δίκαια
779 2351 908 2386 σταθμία.

123 2401 167 2427 Ἐν
190 2399 294 2431 τούτοις
317 2400 373 2434 γὰρ
400 2399 446 2425 τὸν
483 2399 517 2425 τὰ
541 2398 670 2433 σκῆπτρα
706 2396 756 2431 τῆς
774 2396 911 2431 βασιλείας

116 2447 182 2482 ἡμῖν
205 2446 397 2482 ἑγχειρῐσαντα
422 2445 488 2472 Θεὸν
514 2444 678 2480 θεραπεύειν
703 2442 904 2479 σπουδάζομεν.

122 2492 169 2519 Ἐν
183 2492 287 2523 τούτοις
300 2493 355 2522 τοῖς
368 2490 471 2523 ὅπλοις,
489 2492 522 2526 τῇ
536 2490 649 2525 δυνάμει
663 2488 757 2520 αὐτοῦ,
772 2487 907 2519 εὐσθενῶς

117 2537 327 2564 ἀντιτάσσεσθαι
340 2538 395 2569 τοῖς
414 2536 553 2571 πολεμίοις
565 2535 727 2570 βουλόμεθα·
749 2535 779 2560 ὲν
803 2533 908 2565 τούτοις

116 2583 157 2619 τῷ
171 2583 282 2618 Χριστῷ
294 2583 455 2618 σημειωτὺν,
474 2582 521 2609 καὶ
534 2581 609 2616 παρά
624 2581 674 2616 τῆς
687 2579 770 2606 αὑτοῦ
785 2579 909 2612 ἐξουσίας

118 2629 340 2664 ὑποτεταγμένον
353 2629 386 2664 τῇ
400 2627 524 2664 ἡμετέρᾳ
536 2627 670 2662 πραότητι
681 2625 806 2660 ποίμνιον
816 2624 909 2657 αὔξειν

119 2676 163 2703 ἐπ’
179 2674 301 2709 ἀγαθοῖς,
313 2675 360 2701 καὶ
375 2673 541 2712 προκόπτειν
555 2671 730 2706 πιστεύομεν.
747 2670 792 2698 Ἑν
803 2672 909 2702 τούτοις

121 2721 355 2750 ἀποκαθίστασθαι
369 2721 434 2755 ἡμῖν
446 2719 494 2755 τὴν
510 2718 628 2754 ἀρχαίαν
650 2716 696 2744 τοῦ
713 2715 910 2751 πολιτεύματος

120 2768 299 2802 δικαιοδοσίαν
310 2764 520 2802 ἐλπίζομεν,τοῦ
528 2764 632 2800 Κυρίου
641 2763 688 2790 καὶ
697 2762 822 2797 Σωτῆρος
831 2762 910 2797 ήμῶν

158 2858 170 2895 ,⁵
187 2857 258 2888 Psal.
274 2865 341 2890 Lvn,
355 2857 421 2884 2-4.
459 2856 468 2870 ²
483 2853 563 2881 Prov.
584 2860 630 2886 xx,
645 2852 690 2881 23.
731 2852 740 2868 '
757 2851 841 2880 Eccli.
857 2858 907 2884 vn,
929 2849 956 2879 6.

268 2905 405 2936 ΡΑτιιοι..
422 2904 480 2934 Gn.
493 2901 598 2932 CXIII.

959 2259 1001 2288 his
1012 2264 1154 2287 versentur
1168 2259 1198 2291 ii,
1211 2259 1282 2295 quia
1299 2259 1399 2294 pietate
1411 2265 1504 2286 nostra
1516 2259 1657 2287 constituti
1669 2265 1742 2291 sunt,

959 2309 988 2331 ut
1004 2304 1065 2332 lites
1080 2308 1105 2332 et
1129 2304 1331 2332 controversias
1346 2308 1512 2339 Cognoscant
1523 2312 1554 2332 ac
1568 2305 1701 2340 judicent,
1718 2310 1745 2332 et

958 2351 1057 2386 quibus
1069 2351 1186 2385 pondera
1196 2350 1269 2385 justa
1286 2350 1475 2385 religiosorum
1488 2350 1576 2385 legum
1591 2356 1744 2378 nostrarum

960 2398 1059 2425 tradita
1078 2401 1141 2423 sunt
1158 2401 1184 2423 et
1197 2396 1396 2425 contmendata.
1413 2395 1442 2423 In
1462 2396 1503 2423 his
1524 2396 1596 2423 enim
1618 2395 1700 2421 Deum
1719 2395 1746 2422 il-
1762 2429 1763 2437 γ

959 2443 1025 2476 lmn,
1043 2442 1089 2477 qui
1116 2441 1191 2476 regni
1214 2445 1320 2476 sceptra
1347 2441 1426 2468 nobis
1453 2440 1479 2468 iu
1494 2448 1602 2468 manum
1623 2440 1746 2470 tradidit,

960 2488 1032 2516 omni
1048 2488 1138 2515 studio
1162 2487 1250 2514 colere
1270 2487 1391 2514 nitimur.
1416 2485 1463 2514 llis
1484 2487 1578 2517 armis,
1597 2486 1680 2521 ipsius
1700 2485 1747 2515 ad-

957 2533 1008 2567 juti
1033 2533 1133 2560 virtute
1158 2539 1190 2559 ac
1207 2532 1321 2564 viribus,
1348 2531 1454 2558 fortiter
1477 2531 1600 2559 hostibus
1617 2530 1747 2559 resistere

960 2580 1095 2606 volumus.
1111 2578 1163 2605 Per
1187 2578 1243 2605 hinc
1263 2577 1397 2612 signatum
1420 2576 1540 2608 Christo.
1558 2580 1584 2603 et
1601 2582 1648 2612 per
1663 2575 1748 2609 ipsius

962 2628 1123 2658 potestatem
1139 2623 1291 2657 subjectum
1309 2621 1509 2649 mansuetudini
1525 2625 1625 2648 nostra:
1638 2627 1746 2654 gregem

963 2670 990 2697 in
1014 2669 1091 2696 bonis
1113 2675 1221 2696 sumere
1243 2668 1451 2699 incrementum,
1467 2673 1499 2695 ac
1512 2665 1644 2700 prolicere
1659 2664 1748 2693 credi-

965 2722 1036 2741 mus.
1055 2713 1102 2741 llis
1119 2714 1145 2740 in
1158 2713 1291 2748 integrum
1307 2711 1453 2740 restituere
1471 2711 1549 2738 nobis
1567 2711 1706 2745 antiquam
1721 2711 1747 2738 in

965 2759 1181 2788 adininistranda
1208 2757 1347 2794 republica
1367 2757 1585 2794 iurisdictionem
1607 2764 1685 2793 posse
1699 2763 1749 2786 nos
1802 2798 1805 2801 _

1509 2890 1546 2923 l5
