1938 3070
215 143 270 175 159

729 134 985 167 CONSTANTINI
1005 133 1345 165 PORPIIYROUENITI

1790 133 1850 168 460

213 205 368 234 speramus,
386 204 448 225 cum
470 194 596 223 dominus
613 197 640 220 et
664 192 794 220 Servatur
815 197 909 219 noster
921 191 1003 219 Iesus

1071 190 1149 226 [ησοῦ
1178 189 1297 225 Χριστοῦ
1324 189 1474 225 ετρηκότος.
1497 198 1505 214 ι
1524 188 1684 224 Μὴκρίνετε
1703 190 1764 217 κατ“
1779 190 1855 226 ὃψιν.

215 245 341 273 Christus
358 241 457 270 dixerit
474 249 481 268 :
500 249 510 267 ι
525 238 761 274 Nejudicaveritis
776 239 925 266 secundum
943 244 1004 271 spe-

214 291 282 318 ciem
298 293 453 320 externam,
474 286 522 314 sed
539 285 672 320 judicium
687 285 790 318 justum
808 288 934 311 exercete
951 283 971 310 ⁸.
991 291 1000 308 ι

213 337 254 364 Ab
275 334 350 363 Ortini
367 332 525 368 captatione
540 337 681 359 munerum
697 330 839 361 abstineri,
856 329 961 364 justum
978 331 1006 355 et

213 389 321 417 acquum
339 384 393 412 est,
408 386 470 406 cum
486 377 616 412 scriptum
631 376 667 403 sit
685 382 693 402 :
707 375 753 403 Va:
770 375 833 408 illis,
849 374 895 409 qui
911 381 1006 401 mune-

213 435 275 455 rum
289 434 371 454 causa
392 424 545 459 justiﬁcant
566 422 690 457 impium,
715 425 742 449 et
763 421 905 448 humilium
932 420 1005 447 viam

215 472 394 502 declinantes,
408 469 510 504 justam
524 467 588 502 justi
606 473 716 494 causam
732 466 765 493 ab
781 473 814 493 eo
831 465 939 492 tollunt.
951 464 1005 491 llo-

215 525 276 546 run.
292 516 367 544 radix
382 516 470 542 instar
485 513 605 549 pulveris
619 513 681 545 erit,
692 517 720 539 et
737 511 786 539 llos
799 519 893 539 eorum
906 510 1007 538 cineris

217 564 305 591 instar
328 563 458 590 ascendet
471 564 627 596 propterea,
643 558 840 594 quod'Domini
855 558 940 593 legem
955 558 1006 584 im-

218 609 293 644 plere
317 603 369 636 non
392 607 565 635 voluerint‘.
586 614 595 632 ι
611 620 645 625 -
660 614 670 631 ι
697 604 807 632 Munera
827 609 855 632 et
880 606 950 631 dona
965 610 1009 630 sa-

218 656 339 691 pientum
353 654 446 681 oculos
457 657 596 680 excaecant
607 652 628 678 ⁸.
648 660 657 677 ι
677 650 734 684 Qua
751 654 860 686 propter
876 648 1007 683 ejusmodi

218 705 297 734 turpe
313 699 417 726 lucrum
435 705 562 726 coercere
576 697 703 732 protinus
719 697 869 729 studentes,
885 703 917 722 ex
930 702 1008 722 sacro

219 746 276 774 tisci
294 745 380 773 nostri
396 743 513 780 ;saceu|o
529 743 674 770 statuimus
697 741 900 777 gloriosissimo
920 748 1009 776 quaes-

221 793 282 824 tori,
306 790 517 826 rescriptoribus
540 790 598 816 sive
625 789 813 821 dictatoribus,
831 792 857 815 et
881 787 1008 814 omnibus

219 845 317 873 operas
335 834 361 864 i‘n
376 836 466 864 causis
476 835 630 870 judiciariis
647 834 811 861 navantibus
827 832 927 860 salaria
942 839 1009 867 prae-

219 884 308 912 benda
324 890 384 910 csse
400 883 426 910 in
443 882 514 909 hunc
536 881 635 913 tinem;
653 884 682 908 ut
698 887 712 907 a
731 879 803 907 nulla
820 878 1008 913 cujuscunque

219 929 329 964 generis
344 935 471 964 persona,
497 927 530 954 de
547 927 626 961 cujus
640 925 710 961 apud
725 932 773 953 eos
793 931 887 957 causa,
907 931 1008 958 cogno-

219 975 316 1008 scitur,
339 973 485 1009 quidquam
511 979 623 1008 prorsus
646 971 796 1007 accipiant;
821 977 866 1003 ne,
896 969 969 1005 quod
994 977 1009 996 a

218 1021 350 1056 praphcta
363 1019 474 1051 dicitur,
483 1018 567 1046 etiam
579 1018 606 1045 in
619 1017 697 1046 nobis
709 1016 853 1052 impleatur
866 1023 874 1043 :
889 1015 1010 1050 Argento

216 1066 261 1100 jus
278 1065 417 1093 venditum
430 1065 493 1093 est'
508 1082 517 1091 .
533 1073 542 1090 ι
557 1071 565 1090 ι
581 1067 609 1091 et
623 1071 656 1090 ne
673 1062 738 1091 hinc
748 1061 868 1090 divinam
883 1061 1010 1096 indigna-

220 1112 321 1139 tionem
338 1111 521 1144 incurramul,
536 1108 620 1136 veluti
632 1108 822 1136 mandatorum
837 1107 923 1142 ipsius
937 1111 1010 1134 tran-

218 1165 362 1194 gressores
375 1156 454 1185 facti.

433 1222 618 1252 TITULUS
635 1222 797 1252 PRIMUS.

456 1280 496 1308 De
510 1279 610 1314 legibus
625 1284 650 1307 et
662 1280 780 1314 justitia.

254 1337 279 1364 Ι.
299 1335 340 1372 (ι.
353 1343 363 1364 ι
376 1338 403 1363 et
425 1342 458 1367 ιι,
481 1333 510 1361 ﬂ'.
526 1333 566 1360 De
582 1332 706 1368 legibus.)
728 1332 784 1360 Lex
805 1336 848 1360 est
866 1338 1010 1359 commune

217 1384 393 1416 praeceptum,
413 1379 532 1407 virorum
556 1377 731 1412 prudentiutn
754 1376 937 1404 consultum:
963 1377 1012 1404 de-

219 1425 345 1452 lictorum
362 1430 423 1459 quac
445 1426 553 1458 sponte,
576 1421 619 1448 vel
632 1421 785 1457 ignorantia
811 1422 1011 1449 contrahuntur

219 1471 365 1503 coercitio,
391 1468 545 1497 communis
562 1467 717 1502 reipublicae
738 1468 860 1502 sponsio,
878 1473 1010 1503 pra-terea

219 1516 358 1544 inventum
371 1516 432 1543 Dei.

253 1561 281 1588 2.
299 1561 342 1596 (L.
358 1568 400 1593 ιιι,
417 1560 446 1592 5,
462 1559 490 1594 4,
507 1560 534 1593 5,
550 1563 578 1587 et
595 1559 634 1595 6.)
647 1558 734 1594 Leges
747 1558 878 1586 constitui
892 1564 1013 1594 oportet,

219 1615 252 1635 ex
270 1607 303 1634 iis
313 1614 374 1641 quas
388 1610 419 1633 ut
431 1606 589 1641 plurimutn,
604 1612 658 1633 non
670 1612 730 1640 quae
745 1612 859 1640 perraro
873 1605 1013 1639 accidunt,

219 1659 307 1686 neque
321 1658 355 1678 ex
373 1650 416 1678 his
430 1658 490 1685 quze
505 1650 532 1677 in
553 1656 606 1677 uno
623 1649 714 1684 aliquo
729 1656 794 1677 casu
812 1650 936 1678 accidere
951 1659 1014 1686 pos-

219 1701 293 1724 sunt.
310 1696 476 1724 Pretereunt
490 1695 565 1724 enim
581 1695 763 1730 legislatores,
781 1697 852 1732 quod
868 1698 953 1725 semel
967 1703 1014 1726 attt

218 1742 262 1769 bis
274 1745 379 1768 tantum
394 1741 511 1769 exsistit.

254 1787 282 1814 5.
299 1786 341 1822 (L.
357 1788 418 1821 vn.)
442 1787 523 1822 Legis
543 1788 630 1817 virtus
651 1794 719 1818 est:
740 1790 887 1824 imperare,
908 1795 1012 1824 vetare,

220 1832 391 1868 permittere,
405 1833 513 1868 punire.

254 1877 283 1906 ι.
300 1877 342 1913 (L.
356 1879 427 1915 vnt.)
439 1878 504 1907 Jura
518 1888 571 1909 non
586 1880 621 1909 de
634 1880 715 1908 rebus
727 1880 852 1916 singulis,
865 1880 912 1909 sed
929 1887 1012 1915 gene-

218 1922 315 1951 raliter
330 1924 543 1953 constituuntur.

255 1967 283 1996 5.
300 1967 343 2004 (L.
359 1977 387 2002 x,
406 1969 437 2004 ῙΪ.
454 1968 493 1997 De
509 1971 601 2005 jmm.
620 1975 646 1998 et
662 1969 735 2006 ίαν.)
751 1969 861 1999 Justitia
882 1975 924 1998 est
945 1978 1011 1999 con-

218 2018 296 2042 stans
319 2018 346 2042 et
369 2019 500 2050 perpetua
523 2016 658 2050 voluntas,
674 2016 721 2052 jus
744 2023 823 2045 suum
842 2017 941 2053 cuique
962 2017 1011 2045 tri-

217 2061 317 2089 buens.
857 2081 859 2083 ι

253 2107 281 2136 6.
298 2107 342 2144 (L.
360 2109 432 2146 ead.)
448 2109 564 2139 Iustitiae
588 2111 701 2147 propria
724 2114 788 2139 sunt
803 2110 861 2140 haec
875 2119 883 2138 :
896 2112 1010 2140 honesto

218 2152 320 2186 vivere,
333 2153 379 2188 jus
396 2162 475 2182 suum
491 2156 590 2190 cuique
609 2157 742 2184 tribuere.

253 2197 281 2225 7.
300 2197 343 2234 (L.
363 2199 437 2235 ead.)
453 2199 671 2236 Jurisprudentia
693 2207 734 2229 est
756 2202 908 2230 divinarum
926 2206 1008 2238 atque
1023 2193 1046 2223 θ

217 2243 398 2272 humanarum
413 2252 514 2279 rerum,
530 2245 595 2280 justi
609 2251 695 2289 atque
705 2246 799 2282 injusti
813 2247 941 2275 scientia.

491 2352 674 2382 TITULUS
691 2353 730 2381 li.

518 2400 557 2427 De
573 2400 700 2435 principe.

251 2458 278 2487 1.
302 2457 435 2492 Princeps
458 2460 510 2490 est,
527 2456 648 2492 legitima
671 2457 845 2493 praefectura,
863 2466 1008 2488 commune

212 2504 314 2531 bonum
327 2503 449 2530 omnium
462 2502 644 2536 subditorum,
660 2510 748 2538 neque
760 2511 793 2531 ex
808 2505 871 2532 odio
882 2505 1007 2540 puniens,

213 2556 303 2584 neque
325 2555 359 2576 ex
378 2547 523 2576 aﬂ'cctione
547 2548 745 2577 hencfaciens:
765 2550 812 2578 scd
830 2550 904 2578 velut
914 2558 1008 2586 aequus

213 2594 324 2628 quidam
348 2593 507 2633 certaminis
529 2592 633 2621 arbiter
647 2601 694 2622 sua
709 2594 808 2630 cuique
829 2597 941 2631 praemia
958 2597 1006 2625 πίω

213 2639 309 2668 buens.

245 2685 274 2714 2.
296 2686 400 2722 Scopus
419 2686 535 2722 principi
561 2686 717 2722 propositus
743 2691 798 2721 est,
823 2688 905 2723 vires,
934 2697 1004 2725 quas

215 2731 306 2765 habet,
319 2732 463 2760 clementia
479 2733 548 2761 tueri
566 2737 593 2761 et
612 2741 788 2768 conservare,
810 2736 931 2770 perditas
963 2737 1003 2764 in-

213 2776 319 2805 defessa
334 2784 400 2805 cura
417 2785 588 2813 recuperare,
605 2786 652 2808 eas
672 2787 741 2814 quas
763 2787 817 2808 nou
840 2781 920 2809 habet
937 2790 1004 2816 pru-

245 2842 258 2859 ⁵
272 2841 354 2872 Joan.
370 2849 418 2877 vn,
433 2844 477 2873 Ἡ,
517 2845 528 2860 ³
540 2845 593 2873 lsa.
607 2854 634 2880 ν,
651 2847 697 2880 23,
711 2848 756 2876 24.
794 2850 804 2865 ⁸
817 2850 901 2878 Eccli.
921 2859 967 2885 xx,
988 2852 1011 2882 5i
1028 2869 1034 2880 .

1056 236 1125 263 ἀλλὰ
1147 237 1197 272 τὴν
1221 236 1329 263 δικαίαν
1353 235 1444 270 κρίσιν
1469 235 1593 270 κρίνατε.
1615 244 1625 261 ι
1658 236 1753 271 Ilion;
1768 236 1858 271 δωρο-

1056 282 1156 317 ληψίας
1174 281 1333 317 ἀπέχεσθαι,
1349 281 1464 309 δίκαιον.
1488 281 1648 316 Γέγραπται
1663 282 1728 318 γάρ·
1754 291 1764 308 ι
1783 284 1856 310 Οὐαὶ

1056 329 1081 355 οἱ
1099 328 1267 359 δικαιοῦντες
1286 327 1331 354 τὸν
1345 328 1432 362 ἀσεὸἦ
1448 328 1530 354 ἕνεκα
1550 328 1654 363 δώρων,
1667 329 1713 355 καὶ
1727 329 1787 355 ὁδον
1805 338 1858 356 τας

1057 375 1157 402 πεινῶν
1168 374 1349 406 ἐκκλίνοντες,
1364 375 1395 400 τὸ
1411 374 1516 402 δίκαιον
1544 375 1591 400 τοῦ
1607 374 1713 401 δικαίου
1728 374 1857 410 αἰροντε;

1057 420 1104 448 ἀπ’
1116 419 1210 448 αὑτοῦ.
1233 417 1283 446 Ὧν
1302 421 1319 455 ἡ
1336 419 1399 455 ῥίζα
1416 420 1454 451 ὡς
1472 419 1536 455 χοῦς
1549 419 1636 452 ἔσται,
1658 420 1706 447 καὶ
1727 421 1758 447 τὸ
1773 421 1858 452 ἄνθος

1058 462 1149 489 αὐτῶν
1168 462 1206 495 ὡς
1219 463 1358 498 κονιορτὸς
1387 464 1566 499 ἀναδήσεται,
1584 465 1642 491 ἀνθ’
1658 461 1696 492 ὧν
1709 465 1754 492 τὸν
1769 459 1862 500 νόμον¹

1059 509 1162 544 Κυρίου
1187 508 1309 544 πληροῦν
1344 509 1394 536 οὐκ
1416 509 1559 544 ὲθέλησαν.
1580 519 1590 535 ι
1611 525 1646 531 -
1663 519 1672 536 ι
1692 510 1772 537 Ξένια
1807 513 1858 538 καὶ

1059 554 1132 590 δῶρα
1147 555 1309 589 ἐκτυφλοῦσι
1324 556 1414 589 σοφῶν
1432 555 1600 591 ὀφθαλμούς.
1614 565 1624 582 ι
1643 557 1725 584 Ὅθεν
1739 557 1788 593 τὴν
1805 559 1858 592 τῆς

1059 600 1186 636 τοιαύτης
1205 601 1431 636 αἰσχροκερδείας
1444 601 1593 637 ἀναστολὴν
1616 603 1755 635 παντελῶς
1776 605 1860 639 ποιή-

1060 646 1158 673 σασθαι
1178 646 1384 679 σπουδάζοντες,
1405 647 1437 674 ἐκ
1454 647 1500 674 τοῦ
1526 647 1655 680 εὐσεϐοῦς
1688 649 1769 684 ἡμῶν
1785 658 1854 676 σακ-

1060 691 1165 718 κελλίου
1193 691 1334 727 ὡρίσαμεν
1364 692 1403 727 τῷ
1426 700 1457 719 τε
1483 691 1648 728 ἐνδοξοτάτῳ
1682 694 1857 729 κοιαίστωρι,

1059 738 1116 769 τοῖς
1142 737 1354 772 ἁντιγραφεῦσι,
1371 737 1419 764 καὶ
1448 738 1515 765 πᾶσι
1541 740 1597 770 τοῖς
1619 739 1665 765 ἐπὶ
1689 738 1859 770 ῖικαστικοίς

1060 783 1220 818 κεφαλαίοις
1243 783 1477 819 καθυπουργοῦσι,
1503 787 1567 816 τοὺς
1587 784 1700 819 μισθοὺς
1714 785 1860 820 παρασχέ·

1061 829 1132 862 σθαι,
1150 829 1219 864 πρὸς
1236 829 1268 856 τδ
1282 829 1312 863 ἐξ
1337 829 1495 866 οἱουδήποτε
1508 830 1668 864 προσώπου,
1685 832 1750 866 παρ’
1761 832 1859 863 αὐτοῖς

1060 874 1238 910 κρινομένου,
1266 873 1349 909 μηδὲν
1379 874 1479 905 αὐτοὺς
1500 874 1649 910 λαμϐάνειν
1674 876 1705 902 τὸ
1731 875 1854 902 σύνολον·

1061 920 1105 948 ἵνα
1125 920 1162 956 μὴ
1192 919 1223 946 τδ
1261 919 1315 946 ὑπὸ
1340 919 1387 946 τοῦ
1401 920 1540 955 προφήτου
1567 920 1722 955 λεγόμενον,
1751 929 1798 948 και
1813 922 1858 952 εἰς

1060 967 1134 1002 ἡμᾶς
1164 966 1386 1002 πληρωθήσεται·
1422 976 1431 993 ι
1453 967 1582 994 ’Δπέδοτο
1610 967 1734 1003 ἀργυρίῳ
1759 967 1789 994 τὺ
1815 968 1858 994 δί-

1061 1019 1149 1043 καιον,
1167 1020 1176 1037 ι
1208 1011 1254 1037 καὶ
1286 1011 1419 1046 μέλλομεν
1448 1011 1574 1039 ἐντεῦθεν
1603 1011 1678 1044 θείας
1706 1013 1856 1047 τυγχάνειν

1061 1056 1287 1092 ἀγανακτήσεως,
1314 1057 1353 1089 ὠς
1382 1057 1438 1084 τῶν
1453 1057 1567 1085 ἐντολῶν
1583 1057 1666 1085 αὐτοῦ
1695 1058 1856 1094 παραϐάται

1061 1102 1216 1138 γενόμενοι.

1309 1216 1437 1243 ΤΙΤΛΟΣ
1462 1216 1608 1244 ΠΡΩΤΟΣ.

1222 1273 1291 1308 Περὶ
1314 1273 1408 1308 νόμου
1425 1274 1472 1300 καί
1490 1273 1696 1309 δικαιοσύνης.

1098 1330 1133 1354 α’.
1153 1327 1245 1362 Νόμος
1274 1327 1332 1354 ἐστὶ
1360 1328 1450 1354 κοινὸν
1477 1327 1680 1363 παράγγελμα,
1717 1330 1857 1365 φρονίμων

1062 1373 1166 1408 ἀνδρῶν
1185 1373 1283 1408 δόγμα,
1306 1373 1438 1399 ἑκουσίων
1453 1375 1501 1400 καὶ
1527 1374 1664 1401 ἀκουσίων
1690 1375 1858 1411 ἁμαρτημά-

1062 1428 1116 1445 των
1130 1419 1293 1454 ἐπιστροφὴ,
1311 1418 1414 1451 πόλεως
1436 1420 1556 1455 συνθήκη
1571 1420 1659 1456 κοινὴ,
1687 1420 1745 1448 ἔστι
1765 1421 1792 1448 δὲ
1809 1423 1856 1449 καὶ

1064 1465 1135 1492 θεῖον
1151 1464 1270 1501 εὕρημα.

1101 1561 1135 1596 β’.
1155 1562 1226 1594 Τοὺς
1255 1562 1353 1598 νόμους
1381 1562 1434 1589 ἀπὸ
1461 1562 1515 1589 τῶν
1536 1563 1574 1595 ὡς
1601 1563 1650 1590 ἐπὶ
1674 1563 1703 1591 τὸ
1731 1564 1857 1592 πλείστ(ν

1065 1607 1280 1642 συμϐαινόντων,
1308 1608 1338 1635 οὐ
1360 1608 1414 1644 μὴν
1424 1608 1479 1634 τῶν
1495 1608 1616 1640 σπανίως
1629 1609 1786 1643 εἰσάγεσθαι
1806 1610 1857 1645 δεῖ,

1063 1652 1123 1680 οὐδὲ
1139 1653 1194 1680 ἀπὸ
1217 1653 1271 1680 τῶν
1292 1654 1449 1687 δυναμένων
1473 1655 1502 1681 ὲν
1523 1654 1565 1681 ὲν).
1589 1655 1726 1690 συμϐῆναι
1744 1655 1855 1691 Οέματι⁸

1063 1699 1204 1736 παρορῶσι
1220 1699 1275 1735 γὰρ
1300 1700 1325 1726 oi
1340 1700 1483 1736 νομοθέται
1504 1700 1551 1727 τὸν
1575 1700 1678 1737 ἅπαξῆ
1698 1701 1749 1733 δίς.

1097 1787 1246 1824 γ’.Ἀρετὴ
1267 1787 1368 1823 νόμου,
1400 1788 1430 1815 τδ
1457 1788 1591 1823 κελεύειν,
1610 1789 1640 1816 τὸ
1668 1789 1802 1824 κωλύειν,
1825 1790 1857 1817 τὸ

1064 1835 1235 1871 ἐπιτρέπειν.
1251 1835 1283 1862 τὸ
1298 1835 1490 1871 τιμωρεῖσθαι.

1096 1880 1128 1907 δ’.
1149 1881 1186 1907 Οὐ
1211 1881 1275 1916 περὶ
1288 1881 1342 1908 τῶν
1359 1880 1528 1914 καθέκαστα,
1543 1880 1612 1908 ἀλλὰ
1623 1880 1718 1913 κοινῶς
1734 1881 1758 1907 οἱ
1773 1881 1850 1915 νόμον.

1061 1925 1237 1953 διατίθενται.

1097 1970 1127 1998 ε’.
1150 1971 1311 2006 Δικαιοσύνη
1328 1971 1397 2004 ἐστὶ,
1416 1970 1539 2006 σταθηρὰ
1556 1971 1602 1998 καὶ
1617 1971 1744 2007 διηνεκὴς
1757 1971 1856 2006 βούλη-

1063 2024 1115 2049 σις,
1135 2016 1243 2043 ἑκάστω
1260 2016 1290 2043 τὸ
1310 2016 1377 2043 ἴδιον
1395 2016 1572 2051 ἀπονέμουσι
1592 2017 1707 2044 δίκαιον.

1096 2111 1134 2144 ς’.
1157 2110 1224 2138 Ἰδια
1240 2111 1432 2146 δικαιοσύνης,
1449 2110 1479 2137 τδ
1494 2111 1615 2146 κοσμίως
1630 2110 1691 2146 ζῇν,
1719 2111 1766 2138 καὶ
1790 2112 1855 2139 ἑκά-

1061 2166 1117 2194 στῳ
1130 2157 1161 2184 τὸ
1182 2157 1248 2184 ῐδιον
1259 2157 1407 2192 ἀπονέμειν
1423 2157 1537 2184 δίκαιον.

1100 2203 1135 2236 ζ’.
1158 2203 1244 2238 Σοφία
1266 2203 1451 2239 δικαιοσύνης,
1479 2203 1510 2230 τὸ
1532 2204 1630 2231 εἰδέναι
1658 2205 1693 2233 τὰ
1717 2205 1777 2231 θεῖα
1808 2205 1855 2231 καὶ

1060 2248 1096 2275 τὰ
1112 2248 1272 2284 ἀνθρώπινα
1296 2248 1457 2284 πράγματα,
1480 2248 1529 2276 καὶ
1550 2249 1580 2275 τὸ
1601 2249 1707 2277 δίκαιον
1736 2249 1785 2277 καὶ
1821 2250 1852 2276 τὸ

1061 2292 1166 2321 ἄδικον.

1361 2362 1488 2389 ΤΙΤΛΟΣ
1511 2363 1549 2390 B'.

1338 2408 1408 2443 Περὶ
1422 2409 1588 2443 βασιλέως.

1098 2460 1133 2488 α’.
1153 2461 1285 2494 Βασιλεύς
1316 2462 1402 2495 ἐστιν,
1433 2463 1545 2500 ἔννομος
1573 2464 1732 2497 ἐπιστασία,
1765 2465 1853 2492 κοινὸν

1062 2507 1245 2552 ἀγαθονπᾶσι
1259 2509 1315 2541 τοῖς
1333 2509 1476 2545 ὑπηκόοις,
1493 2511 1562 2546 μήτε
1583 2511 1654 2538 κατὰ
1675 2512 1853 2540 ἀντιπάθειαν

1060 2553 1190 2590 τιμωρῶν
1205 2554 1396 2592 [κακοποιῶν],
1409 2557 1479 2593 μήτε
1493 2557 1563 2585 κατὰ
1578 2558 1767 2594 προσπάθειαν
1783 2559 1852 2594 ἀγα-

1061 2600 1194 2633 θοποιῶν,
1216 2600 1276 2628 ἀλλ’
1295 2601 1426 2636 ἁνάλογός
1453 2611 1497 2634 τις
1524 2602 1734 2639 ἀγωνοθέτης,,
1745 2604 1792 2630 καὶ
1818 2606 1852 2632 τὰ

1058 2644 1174 2681 βραὸεῖα
1193 2646 1222 2679 ἐξ
1240 2647 1298 2674 [σου
1318 2647 1515 2683 παρεχόμενος.

1093 2691 1125 2726 β’.
1146 2691 1250 2724 Σκοπὸς
1270 2692 1309 2728 τῷ
1331 2693 1447 2728 βασιλεῖ,
1474 2694 1528 2721 τῶν
1548 2703 1578 2721 τε
1601 2695 1687 2723 ὅντων
1703 2696 1750 2722 καὶ
1769 2696 1853 2732 ὑπαρ-

1055 2736 1159 2772 χόντων
1186 2736 1338 2772 δυνάμεων,
1366 2738 1401 2765 δι’
1423 2739 1592 2774 ἁγαθότητος
1615 2740 1632 2774 ὴ
1662 2740 1771 2776 φυλακὴ
1804 2743 1852 2768 καὶ

1055 2782 1200 2817 ἀσφάλεια.
1232 2783 1279 2810 καὶ
1305 2783 1360 2811 τῶν
1390 2784 1774 2821 ἀπολωλότων-ιδΰάγρύπνου
1793 2787 1853 2814 ἐπι-

1071 2852 1081 2869 ⁷
1093 2853 1145 2880 lsa.
1157 2860 1232 2886 xxtv,
1243 2853 1271 2881 5.
