1938 3070
139 150 191 183 461

773 151 914 181 DELECT
920 151 967 181 US
987 151 1057 180 LEG
1064 151 1130 181 UM.

1702 149 1755 179 ιῖϋὶί

133 208 256 243 μελεῐις.
273 208 290 242 ἡ
314 206 445 242 ἀνάληψις
473 206 519 232 καὶ
537 206 591 233 ’τῶν
603 207 727 234 ἀπόντων
753 206 797 233 διὰ
829 206 919 240 σοφίας

977 206 1067 233 deutia
1087 207 1222 241 justisque
1246 206 1367 233 victoriis
1389 211 1415 233 et
1441 204 1656 240 expeditionibus
1681 213 1754 240 quat-—

133 255 178 281 uti
200 254 312 281 δικαίων
347 253 486 287 τροπαίων
514 253 562 278 καὶ
593 252 792 287 ὲπιτηδεὺαεων
817 254 833 287 ἡ
854 253 920 279 ἀνά-

129 307 226 333 κτησις
243 298 476 334 [ἐπιτηδευμάτων
493 298 509 332 ἡ
527 298 692 333 ἐπίκτησιςί.

167 344 201 378 γ’.
226 344 307 376 Τέλος
321 343 360 379 τῷ
378 343 492 378 βασιλεῖ,
509 343 540 369 τδ
556 343 720 379 εὐεργετεῖν,
748 343 787 369 διὸ
813 343 858 369 καὶ
874 343 920 370 εὐ-

131 391 244 426 εργέτης
261 391 380 424 λέγεται,
405 389 451 416 καὶ
467 389 548 425 ἡνίκα
572 389 622 423 τῆς
648 389 809 424 εὐεργεσίας
828 388 922 422 ὲξατο-

133 437 211 471 θήσῃ,
233 436 307 461 δοκεί
331 434 501 469 κιϐδηλεὺειν
532 434 602 460 κατὰ
625 433 687 464 τοὺς
714 432 856 464 παλαιοὺς,
875 433 920 458 τὸν

133 481 272 516 βασιλικὸν
288 480 460 516 χαρακτῆρα.

163 569 194 596 δ’.
222 569 378 596 ’Υπὸκειτιι
393 569 511 596 ἐκδικεῖν
529 569 575 596 καὶ
594 569 733 604 διατηρεῖν
749 569 762 595 ὁ
778 568 918 604 βασιλεὺς.

133 616 238 650 πρῶτον
250 616 309 649 μὲνν
325 616 412 643 πάντα
422 615 456 642 τὰ
469 616 498 642 ἔν
508 617 541 650 τῇ
551 615 610 650 θείᾳ
620 615 714 650 Γραφῇ
729 615 917 651 γεγραμμένα.

132 661 174 686 ἐπὶ
199 660 272 693 τάδε,
298 660 346 687 καὶ
370 660 404 686 τὰ
427 659 503 694 παρὰ
527 659 582 685 τῶν
600 660 669 686 ἑπτὰ
697 659 782 692 ἁγίων
804 658 919 685 συνόδων

132 706 353 740 δογματισοέντα,
370 705 410 732 ἔτι
426 705 454 732 δὲ
471 705 518 732 καὶ
540 705 604 736 τοὺς
620 703 841 739 ὲγκεκρυμένους
862 703 920 738 [ἰγ-

133 751 284 787 κειμένους]
308 752 479 785 Ῥωμαῖκοὺς
495 751 604 786 νόμους.
819 743 821 745 ι

168 797 198 824 ε’.
226 797 442 832 Ἑπισημότατος
465 797 493 823 ἑν
512 796 651 832 ὀρθοδοξία
667 795 715 822 καὶ
741 794 866 829 εὐσεϐείᾳ
891 794 918 821 ὀ-

133 844 217 878 φείλει
237 840 307 870 εἶναι
320 843 333 869 ὁ
348 842 483 877 βασιλεὺς,
501 842 548 868 καὶ
562 842 592 868 ὲν
603 841 675 877 ζήλῳ
687 840 751 876 θείῳ
765 840 916 875 διαϐόητος,

132 890 160 915 ἐν
173 898 202 915 τε
221 889 277 920 τοῖς
293 888 363 922 ὑπὲρ
385 887 435 922 τῆς
458 887 572 922 Τριάδος
590 887 821 922 δογματισθεῖσιν.
843 887 870 913 ἓν
891 895 921 913 τε

133 935 185 965 τοῖς
197 934 266 968 ὑπερ
274 933 324 966 τῆς
336 932 489 966 οίκονομίας
498 932 676 968 λαμπρότατα
688 932 733 958 καὶ
750 932 923 966 ἀσφαλέστα-

132 988 163 1006 τα
178 979 222 1005 διὶ
244 978 292 1013 τὴν
318 977 389 1004 κατὰ
403 977 452 1013 τὴν
477 978 565 1011 σάρκα
587 977 742 1012 οἰκονομίαν
757 977 803 1004 τοῦ
820 977 922 1013 Κυρίου

131 1025 207 1061 ἡμῶν
227 1024 314 1060 ’1ησοῦ
328 1023 444 1060 Χριστοῦ
456 1024 613 1059 ὁρισθεῖσιν,
631 1024 704 1051 τοῦτ’
715 1024 772 1050 ἐστι
785 1024 814 1050 τὸ
826 1024 922 1058 ὀμοού-

130 1079 187 1097 σιον
202 1071 250 1105 τῆς
265 1069 479 1104 τρισυποστάτου
490 1069 625 1104 θεότητος,
640 1069 760 1104 ἄτμητον
774 1069 821 1096 καὶ
832 1069 916 1095 ἀσυν-

130 1117 238 1151 αίρετον
251 1115 398 1151 δατηρῶν,
415 1116 461 1141 καὶ
489 1115 537 1150 τὴν
565 1115 594 1142 ἓν
621 1115 660 1150 τῷ
686 1114 727 1141 ἑνὶ
741 1114 850 1149 Χριστῷ
867 1114 920 1140 τῶν

131 1162 177 1189 δύο
188 1162 296 1197 φύσεων
311 1161 373 1188 καθ’
389 1161 538 1188 ύπόστασιν
559 1160 670 1193 ἕνωσιν⁹
689 1159 821 1191 ὡσαύτως
835 1160 919 1194 ἀσύγ-

131 1216 211 1244 χυτον
228 1207 275 1234 καὶ
294 1206 459 1241 ἀδιαίρετον,
473 1206 575 1232 τέλειον
593 1205 659 1231 Θεὴν
687 1205 734 1231 κει)⁸
754 1205 857 1231 τέλειον
873 1201 922 1232 iv?

133 1254 242 1289 θρωπον
267 1252 357 1283 αὑτὸν,
373 1252 421 1279 καὶ
433 1252 467 1278 τὰ
487 1250 593 1282 τούτοις
609 1250 741 1285 ἑπόμενα,
755 1247 810 1276 οἷον
826 1250 920 1285 ἅπαθῆ

132 1299 182 1326 καὶ
197 1298 329 1333 παθητδν,
353 1297 491 1333 ἄφθαρτον
514 1297 561 1324 καὶ
583 1296 712 1332 φθαρτὸν,
738 1296 852 1331 ἀόρατον
874 1296 921 1322 καὶ

135 1345 245 1381 ὁρατὸν,
265 1345 353 1380 ἀναφῆ
371 1344 418 1371 καὶ
439 1343 534 1374 ἁπτὸν,
545 1343 750 1378 ἀπερίγραπτον
775 1342 822 1368 καὶ
841 1350 920 1376 περι-

131 1393 266 1427 γραπτῦν,
292 1391 340 1418 καὶ
359 1391 388 1417 τὸ
407 1390 495 1417 διττὸν
515 1389 569 1416 τῶν
586 1389 731 1424 θελήςεων
747 1388 858 1415 καὶτῶν
878 1389 920 1414 ὲν-

131 1438 256 1473 εργειῶν,
272 1437 355 1472 χωρὶς
369 1436 556 1470 ἐναντιότητος
574 1434 633 1470 [καὶ
652 1433 682 1460 τὸ
708 1434 849 1469 ἄγραπτον
873 1433 919 1460 καὶ

131 1485 161 1511 τὸ
179 1483 323 1519 rgat-nov].

167 1572 206 1604 ς.
227 1569 267 1595 Τὰ
283 1570 340 1603 τοῖς
355 1571 480 1602 παλαιοῖς
494 1568 724 1605 νομοθετηθέντα,
746 1568 791 1595 τδν
807 1567 919 1603 βασιλέα

129 1618 170 1644 δεῖ
183 1616 355 1653 ἑρμηνεύειν,
372 1616 418 1642 καὶ
434 1616 466 1643 ὲκ
483 1615 537 1642 τῶν
550 1614 651 1649 ὁμοίων
661 1614 780 1649 τέμνειν,
805 1613 838 1640 τὰ
855 1613 919 1649 περὶ

131 1661 168 1691 ὧν
181 1664 211 1690 οὗ
232 1664 320 1690 κεῖται
333 1662 424 1698 νόμος.

169 1752 204 1785 ζ’.
232 1752 276 1779 Ἐν
291 1753 323 1787 τῇ
344 1751 398 1778 τῶν
418 1750 508 1786 νόμων
523 1749 657 1786 ἑρμηνείᾳ
669 1749 710 1776 δεῖ
733 1748 780 1775 καὶ
801 1749 834 1782 τῇ
856 1756 919 1773 συν-

132 1799 212 1834 ηθείᾳ
227 1798 371 1833 προσέχειν
392 1797 441 1832 τῆς
461 1796 576 1829 πόλεως,
590 1795 635 1823 τὸν
662 1795 690 1821 δὲ
705 1794 782 1830 παρὰ
804 1793 919 1824 κανόνας

131 1844 321 1879 εἰσαγόμενον,
335 1844 366 1870 οὗ
387 1843 428 1870 δεῖ
441 1842 593 1878 λαμϐάνειν
609 1841 796 1877 παράδειγμα.

166 1934 202 1970 η’.
222 1932 383 1967 Φιλαγάθως
409 1932 450 1958 δεῖ
478 1931 541 1963 τοὺς
559 1931 658 1966 νόμους
683 1929 845 1966 ἑρμηνεύειν
873 1929 918 1956 τὸν

134 1980 255 2016 βασιλέα·
269 1980 297 2006 ὲν
307 1979 361 2014 γὰρ
374 1979 430 2010 τοῖς
444 1977 615 2013 ἀμφιὸὀλοις,
629 1976 673 2003 τὸν
686 1976 832 2011 φιλόκαλον
846 1975 919 2010 {cpt}.-

134 2024 286 2062 ἄνθρωπον]
302 2025 449 2061 ἑρμηνείαν
461 2022 638 2059 προσιέμεθα.

168 2115 201 2144 0'.
222 2115 260 2142 Οὐ
287 2115 327 2142 δεῖ
356 2113 511 2149 μεταποιεῖν
544 2112 578 2139 τὰ
613 2110 747 2146 πρόδηλον
773 2108 919 2145 ἑρμηνείαν

132 2162 239 2197 ἔχοντα.

929 1540 952 1571 C

973 259 1044 280 rere.

1006 339 1033 366 3.
1051 337 1126 366 Finis
1139 338 1256 375 principi
1279 337 1433 372 propositus
1448 342 1489 364 est
1505 337 1630 365 omnibus
1649 338 1756 365 benefa-

972 389 1035 410 cere
1057 387 1223 419 quapropter
1247 386 1274 409 et
1299 381 1481 409 benefactoris
1506 383 1616 409 nomine
1632 387 1755 409 ornatur.

972 427 1010 454 Ita
1023 432 1051 454 ut
1065 435 1086 454 st
1103 428 1211 462 quando
1223 427 1257 455 de
1271 427 1449 454 beneﬁcentia
1463 428 1599 462 quippiam
1612 428 1756 460 remiserit,

971 482 1004 501 ex
1020 474 1194 509 antiquorum
1215 473 1364 506 sententia,
1379 473 1527 501 adulterari
1546 474 1669 501 videatur
1684 474 1756 509 prin-

971 519 1040 555 cipis
1055 524 1119 547 nota
1134 524 1160 547 et
1170 520 1324 546 character.

1006 566 1032 593 4.
1048 564 1185 600 Principis
1199 564 1316 593 oﬂicium
1333 569 1374 593 est
1389 565 1519 599 iudicare,
1535 570 1561 593 et
1577 573 1687 593 servare
1702 567 1757 601 pri-

971 620 1043 639 mum
1057 619 1225 647 quarcunque
1235 611 1334 639 divinis
1343 611 1492 646 Scripturis
1505 612 1664 646 c0nsignata
1681 620 1755 646 sum,

971 660 1068 687 deinde
1083 665 1110 687 et
1128 659 1174 687 illa
1190 667 1249 694 qum
1265 667 1279 686 α
1297 665 1401 694 septem
1415 659 1517 687 sanctis
1530 659 1642 695 synodis
1657 662 1757 687 consti-

971 710 1029 732 tuta
1044 709 1116 738 sunt,
1131 709 1263 740 praeterea
1277 709 1305 733 et
1322 706 1424 740 positas
1438 713 1454 732 ε
1472 705 1602 733 Romanis
1618 705 1702 740 leges.

1048 793 1201 828 Principem
1223 801 1303 828 qnam
1318 794 1539 822 manifestissime
1565 794 1692 822 convenit
1715 802 1757 821 rc-

973 845 1046 868 cnim
1056 841 1087 867 de
1100 840 1154 868 Dco
1167 840 1321 875 opinionem
1336 845 1362 868 et
1374 841 1499 875 pietatem
1513 840 1667 874 defendere,
1680 847 1708 868 ιιι
1724 842 1757 867 uti

975 887 1101 912 omnibus
1116 890 1225 920 propter
1241 886 1328 913 zelum
1351 890 1378 913 et
1401 885 1571 913 aﬂ‘ectionem
1593 894 1656 920 erga
1674 886 1756 913 Deum

975 931 1137 965 prmilieetur
1151 938 1158 957 :
1177 934 1230 957 tam
1249 930 1274 957 in
1290 930 1323 958 iis
1337 938 1398 966 qua:
1410 930 1443 958 de
1459 929 1480 957 Τ
1490 931 1600 958 rinitate
1611 931 1757 965 constituta

974 981 1048 1007 sunt.
1059 975 1174 1009 quamin
1185 975 1218 1002 iis
1232 983 1292 1010 qua:
1309 976 1340 1003 de
1352 976 1537 1003 incarnatione
1557 976 1660 1003 Domini
1673 977 1757 1002 nostti

972 1017 1035 1044 .lcsu
1051 1017 1151 1045 Christi
1165 1026 1245 1052 quam
1262 1019 1416 1046 certissime
1431 1019 1538 1046 deﬁnita
1554 1024 1626 1053 sunt,
1641 1020 1692 1047 hoc
1704 1026 1757 1050 est,

972 1063 1006 1090 de
1021 1071 1073 1090 una
1099 1064 1215 1091 essentia
1239 1064 1412 1099 subsistentia
1435 1065 1460 1091 in
1490 1065 1575 1093 tribus
1597 1065 1756 1095 divinitatis.

973 1109 1146 1137 insecabilem
1163 1114 1190 1137 et
1207 1109 1348 1137 indivisam
1365 1117 1424 1137 eam
1442 1110 1604 1145 prolltendo.
1621 1116 1648 1138 et
1662 1111 1689 1138 in
1704 1120 1758 1138 uno

971 1155 1080 1184 Christo
1098 1157 1211 1184 duarum
1226 1162 1386 1184 naturarum
1408 1158 1536 1186 unionem
1560 1158 1755 1194 bypostaticain

971 1200 1099 1227 similiter
1120 1200 1290 1228 inconfusam
1313 1205 1341 1228 et
1363 1201 1566 1234 indivisibilem,
1589 1203 1713 1229 eumdem
1731 1207 1758 1228 et

972 1253 1063 1273 rerum
1083 1246 1165 1273 Deum
1183 1251 1211 1273 et
1236 1254 1330 1274 verum
1356 1247 1506 1279 hominem,
1528 1252 1557 1275 et
1581 1255 1757 1283 quascumque

971 1291 1013 1317 his
1027 1291 1221 1326 consequentia
1231 1296 1305 1324 sunt,
1318 1291 1390 1320 velut
1404 1293 1578 1328 impatihilem
1594 1298 1621 1320 et
1637 1295 1755 1327 passiooi

971 1337 1133 1370 subjectum,
1147 1337 1376 1372 incorruptibilem
1388 1343 1415 1365 et
1426 1339 1592 1374 corruptioni
1601 1339 1756 1372 obnoxium,

971 1383 1132 1410 invisibiletn
1155 1387 1183 1410 et
1205 1383 1352 1416 visibilem,
1370 1383 1546 1411 intactibilem
1564 1389 1592 1412 et
1613 1385 1694 1412 tactui
1710 1392 1754 1412 ex-

971 1428 1099 1462 positum.
1114 1428 1379 1463 ineircumseriptum
1389 1432 1416 1456 et
1427 1428 1663 1464 circumscriptum
1675 1438 1682 1457 :
1693 1429 1729 1457 ite
1742 1440 1756 1455 .i

971 1473 1123 1500 voluntates
1147 1472 1337 1508 potentiasque
1363 1473 1484 1508 duplices
1510 1475 1580 1501 citra
1605 1475 1757 1502 contrarie-

970 1523 1062 1546 tatem.

1007 1564 1033 1591 6.
1055 1564 1101 1600 (0.
1117 1572 1155 1596 tx,
1168 1572 1206 1597 ιι,
1222 1569 1249 1593 et
1272 1572 1321 1592 ιιι.
1339 1564 1369 1592 C.
1395 1565 1427 1592 de
1446 1564 1536 1600 legio.)
1554 1565 1618 1598 Quae
1633 1566 1666 1593 ab
1683 1567 1755 1593 anzi-

972 1610 1032 1644 qnis
1050 1601 1196 1638 constitut'a
1224 1615 1287 1638 sunt
1301 1611 1450 1646 principem
1477 1611 1650 1646 interpretari
1668 1612 1755 1645 decet.

974 1657 1002 1692 (Ι.
1017 1665 1065 1690 xu,
1079 1657 1110 1691 ΙῙ.
1126 1657 1197 1692 eod.)
1216 1662 1245 1685 et
1259 1658 1292 1684 de
1308 1657 1350 1684 his
1364 1664 1423 1691 qua:
1440 1656 1543 1691 legibus
1562 1659 1754 1693 comprehensa

973 1711 1026 1730 non
1040 1706 1114 1736 sunt,
1131 1710 1163 1731 ex
1178 1703 1312 1730 similibus
1325 1703 1460 1738 judicare.

1008 1749 1034 1775 7.
1056 1749 1097 1784 (L.
1121 1748 1236 1784 xum.)
1261 1749 1290 1776 In
1315 1749 1417 1783 legibus
1444 1751 1652 1785 interpretandis
1670 1752 1756 1787 insin-

973 1795 1067 1822 cicnda
1083 1800 1124 1823 est
1139 1795 1315 1823 eonsuctttdo’
1325 1796 1456 1828 civitatis,
1471 1796 1501 1831 (ί.
1521 1805 1558 1824 xu
1569 1798 1588 1832 .)
1605 1799 1676 1832 quod
1692 1807 1756 1826 vero

950 1857 957 1862 -
973 1846 1066 1868 contra
1091 1842 1223 1869 rationem
1247 1841 1318 1876 juris
1334 1842 1474 1870 inductum
1496 1849 1549 1878 est,
1572 1852 1624 1872 non
1640 1845 1756 1873 trahitur

973 1887 1006 1914 ad
1025 1887 1188 1922 exemplum.

972 1950 980 1956 -
1008 1934 1034 1961 8.
1048 1934 1091 1969 (ι.
1104 1942 1169 1961 xvitt
1184 1939 1210 1962 et
1227 1942 1264 1963 Ix.
1282 1935 1313 1962 (Σ.
1328 1935 1400 1971 eod.)
1414 1936 1559 1971 Bsnignius
1576 1937 1755 1972 interpretan-

973 1981 1014 2008 da:
1027 1985 1090 2008 sunt
1111 1981 1184 2015 leges
1199 1989 1213 2008 ιι
1231 1981 1364 2015 principe,
1381 1981 1410 2015 (Ι.
1431 1989 1486 2014 xtv,
1505 1991 1528 2009 ε.
1548 1983 1584 2010 De
1595 1983 1753 2017 ﬁdeicomm.
1795 1985 1798 1989 '

973 2027 1060 2054 libert.
1083 2027 1102 2054 ι.
1119 2034 1176 2058 ιιι,
1194 2031 1221 2054 et
1237 2034 1349 2059 (.Llell,
1367 2027 1397 2061 ιΤ.
1412 2027 1449 2053 De
1472 2035 1524 2062 reg.
1536 2029 1606 2063 jar.)
1627 2030 1653 2056 in
1671 2031 1753 2057 ambi-

974 2072 1033 2107 guis
1049 2073 1122 2099 enim
1147 2072 1295 2099 humanior
1317 2072 1507 2106 interpretatio
1527 2074 1682 2108 accipienda
1702 2082 1754 2104 est.

1009 2118 1036 2145 9.
1060 2118 1170 2145 Minime
1190 2122 1255 2145 sunt
1270 2119 1408 2151 mutanda,
1425 2126 1485 2154 qua:
1503 2119 1753 2154 interpretationem

974 2167 1074 2190 certam
1089 2163 1200 2190 habent.

169 2210 195 2233 ι’.
215 2205 284 2241 Περὶ
304 2201 341 2231 ὧν
354 2203 491 2238 ἔγγραφος
514 2202 545 2230 οὐ
559 2202 647 2229 κεῖται
674 2201 765 2236 νόμος,
791 2209 918 2234 παραφυ-

1008 2208 1052 2235 10.
1069 2206 1111 2243 (L.
1138 2214 1216 2234 xxttt.
1240 2207 1271 2242 ΙῙ.
1298 2207 1339 2234 Do
1361 2207 1437 2242 Irgib.
1456 2208 1476 2235 Ι.
1493 2209 1591 2245 usu.)
1608 2210 1644 2238 De
1657 2211 1753 2245 quibus

133 2249 240 2279 λάττειν
255 2251 296 2278 δεῖ
327 2250 358 2277 τὸ
373 2250 433 2281 ἔθος
451 2249 499 2276 καὶ
521 2248 570 2284 τὴν
589 2247 743 2283 συνήθειαν·
773 2247 797 2273 εί
812 2247 840 2273 δὲ
874 2247 920 2272 καὶ

131 2298 211 2325 τοῦτο
237 2297 370 2328 ἐκλείπει,
404 2294 561 2322 ἀκολουθεῖν
581 2294 620 2320 δεῖ
646 2294 702 2325 τοῖς
730 2292 920 2328 παραπλήσιον

133 2342 223 2378 ἔχουσι
253 2341 291 2377 τῷ
321 2340 490 2375 ζητουμένῳ·
517 2339 550 2366 ἂν
575 2338 601 2365 δὲ
619 2338 686 2374 μηδὲ
710 2337 789 2364 τοῦτο
808 2335 836 2373 ᾗ,
866 2337 920 2363 τῶν

134 2388 324 2424 συνετωτέρων
343 2387 400 2422 ἅμα
423 2387 469 2413 καὶ
490 2385 622 2412 πλειόνων
645 2385 662 2419 ὴ
682 2383 782 2417 γνώμη
809 2382 919 2418 κρατεί-

132 2442 172 2460 τω
187 2441 194 2448 ·
217 2434 346 2468 συγγενὲς
365 2433 419 2468 γὰρ
437 2431 516 2458 τοῦτο
531 2432 565 2466 τῇ
581 2430 661 2465 φύσει
675 2428 723 2454 τοῦ
738 2428 832 2463 νόμον.

170 2571 214 2595 ια’.
237 2567 342 2601 ’Ὥσπερ
357 2566 373 2600 ἡ
390 2565 463 2596 θέσις
478 2564 524 2591 τοῦ
540 2563 634 2598 νόμου,
657 2563 673 2598 ἢ
694 2562 830 2597 ἔγγραφος
845 2562 919 2588 ἐστιν

134 2613 150 2648 ῆ
170 2612 304 2647 ἄγραφος,
320 2609 391 2636 οὕτω
409 2609 456 2635 καὶ
472 2609 489 2641 ἡ
509 2608 652 2642 ἀναίρεσις
671 2606 765 2639 αὑτοῦ,
780 2606 797 2641 ἢ
823 2606 856 2632 δι’
870 2607 918 2639 ὲγ-

136 2657 240 2692 γράφου
255 2655 361 2690 γίνεται
380 2654 473 2689 νόμου,
500 2653 516 2687 ἢ
539 2652 572 2678 δι’
586 2652 721 2687 ἀγράφου,
746 2651 818 2677 τοῦτ’
845 2651 920 2678 ἐστιν

133 2703 178 2730 διὰ
192 2703 242 2738 τῆς
255 2700 414 2738 ἀχρηστίας.
444 2698 593 2734 Ἀχρηστία
618 2697 647 2723 δέ
664 2697 732 2728 εστι,
752 2695 800 2729 οὐχ
826 2694 919 2726 ἅπλῶς

133 2749 164 2776 τὸ
178 2749 216 2784 μὴ
234 2746 385 2783 χρήσασθαι
395 2745 433 2780 τῷ
447 2744 532 2779 νόμιμ’
549 2743 616 2770 ἀλλὰ
627 2741 668 2774 τὸ,
687 2740 783 2776 καιροῦ
808 2740 920 2767 καλοῦν-

133 2803 179 2827 τος
205 2793 251 2820 τὸν
266 2792 384 2828 δημόσια
398 2790 535 2826 κρίνοντα,
561 2787 648 2822 τούτῳ
666 2786 716 2821 μὲν
730 2785 859 2817 πολλάκις
879 2785 920 2821 τῷ

133 2840 207 2875 νόμῳ
223 2839 259 2874 μὴ
271 2837 425 2874 χρήσασθαι
448 2835 496 2862 καὶ
510 2834 598 2870 χρόνῳ
613 2833 747 2868 παριδεῖν·
775 2831 872 2866 ἑτέραν
891 2831 919 2857 δὲ

133 2885 222 2920 ψῆφον
237 2883 297 2910 ἀντὶ
314 2882 408 2909 τούτου
423 2880 585 2914 ἐξενεγκεῖν.
865 2909 867 2911 ι
896 2881 900 2885 ‘

973 2253 1073 2288 scripta
1093 2252 1151 2287 lege
1165 2252 1232 2279 nihil
1251 2257 1361 2280 cantum
1379 2257 1430 2285 est,
1450 2253 1475 2280 id
1491 2254 1622 2281 custodiri
1637 2261 1752 2289 oportet.

971 2298 1043 2332 quod
1068 2298 1189 2325 moribus
1213 2301 1239 2324 et
1263 2298 1457 2325 consuetudine
1484 2298 1667 2327 introductum
1692 2307 1746 2334 est,

970 2344 1041 2378 quod
1057 2344 1080 2371 si
1093 2347 1120 2371 et
1134 2343 1185 2371 hoc
1197 2342 1338 2376 defecerit,
1357 2344 1498 2378 sequenda
1515 2349 1578 2371 sunt
1595 2352 1626 2372 ea
1642 2353 1701 2380 qua:
1715 2348 1751 2373 rei

970 2389 997 2416 in
1015 2389 1190 2424 qntcstionem
1205 2389 1325 2416 deducta:
1338 2389 1458 2423 proxima
1472 2394 1534 2416 sunt
1546 2394 1573 2416 et
1586 2397 1753 2425 consequen-

972 2435 1007 2462 tia
1025 2444 1031 2462 :
1050 2435 1072 2462 si
1091 2442 1155 2462 vero
1169 2442 1202 2462 ne
1220 2435 1246 2462 id
1266 2435 1374 2468 quidem
1396 2435 1558 2468 inveniatur,
1581 2435 1696 2469 pluriutn
1718 2438 1753 2463 si-

970 2481 1025 2508 mul
1043 2485 1070 2507 et
1086 2480 1239 2508 doctiorum
1264 2480 1399 2506 sententia
1420 2479 1552 2513 obtineat,
1572 2479 1598 2507 id
1617 2480 1688 2508 enim
1706 2489 1752 2508 na-

970 2531 1037 2554 tnrte
1052 2526 1120 2561 legis
1134 2525 1420 2553 convenientissimum
1438 2529 1489 2552 est.

1006 2573 1050 2600 Η.
1066 2572 1298 2606 Quemadmodum
1322 2570 1388 2605 legis
1404 2571 1560 2598 constitutio
1582 2577 1629 2598 attt
1649 2573 1752 2606 scripto

969 2623 1077 2647 constat
1090 2621 1136 2645 aut.
1154 2625 1208 2645 non
1225 2617 1344 2652 scripto;
1359 2616 1398 2642 sic
1414 2616 1533 2649 ejusdem
1551 2616 1689 2651 abrogatio
1705 2624 1752 2644 aut

970 2665 1073 2698 scripto
1088 2662 1235 2694 inducitur,
1257 2666 1304 2687 aut
1326 2668 1380 2688 non
1398 2660 1511 2695 scripto,
1529 2661 1578 2688 hoc
1591 2666 1643 2694 est,
1658 2663 1746 2690 desue

970 2708 1072 2735 tudine.
1099 2706 1251 2734 Desuetudo
1273 2709 1362 2732 autem
1377 2710 1418 2732 est
1442 2712 1494 2732 non
1519 2705 1678 2741 simpliciter
1693 2707 1751 2742 lege

970 2761 1023 2780 non
1039 2753 1096 2786 uti;
1113 2759 1208 2780 verum
1227 2758 1288 2778 eum
1305 2750 1350 2785 qui
1368 2750 1550 2785 jurisdictioni
1567 2757 1675 2786 praest,
1705 2753 1750 2780 ubi

972 2803 1078 2832 tempus
1089 2797 1183 2833 exigit,
1199 2804 1230 2824 ea
1245 2796 1304 2830 lege
1315 2803 1367 2823 non
1384 2796 1433 2830 uti,
1449 2801 1476 2824 et
1485 2797 1590 2825 ‘sensim
1604 2792 1750 2833 negligere,

970 2847 998 2871 et
1010 2842 1173 2870 contrariam
1190 2841 1252 2869 huic
1266 2841 1427 2869 sententiant
1446 2840 1533 2874 ferri._
