1938 3070
177 126 233 158 ιίῑ3

691 117 947 149 (ΣΟΝΞΤΛΝΤΙΝῘ
969 117 1312 148 PORPHYROGENITI

1757 120 1815 148 4M:

212 181 258 209 42.
284 179 328 215 (L.
352 175 458 212 xulv.)
475 176 551 203 Tunc
563 175 673 202 utimur
692 174 886 201 consuetudine
903 175 963 200 civ‘r

1058 173 1102 208 ιβ’.
1123 175 1190 201 Τότε
1217 173 1347 209 χρώμεθα
1371 173 1404 208 τῇ
1422 172 1552 208 συνηθείᾳ
1571 171 1642 204 τινος
1667 172 1771 204 πόλεως
1796 174 1815 210 ἦ

179 227 244 255 tatis
261 230 306 252 aut
326 223 483 259 provinciae,
505 229 566 248 cum
591 221 619 248 in
638 220 740 255 judicio
760 227 843 247 causa
860 220 967 255 cognita

178 272 337 300 conﬁrmata
352 269 400 301 sit,
415 275 476 303 qua:
488 272 578 294 autem
593 266 673 301 longa
686 266 885 293 consuetudine
897 273 969 292 con;-

177 319 291 354 probala
315 319 389 348 sum,
405 322 437 342 ac
452 321 503 349 per
523 314 623 340 inuitos
638 319 724 339 annos
739 312 896 343 observata,
914 318 968 338 non

177 365 267 392 minus
278 369 360 398 quam
371 368 403 389 ea
417 367 477 395 qua:
491 359 595 394 scripta
615 362 681 385 sunt
694 357 756 392 jura
773 361 929 385 servantur.

441 424 630 454 TITULUS
655 423 710 452 lll.

464 482 503 509 De
515 481 682 517 patriarcha.

214 542 240 570 Ι.
252 539 418 568 Patriarcha
433 541 474 565 est
495 536 599 564 Christi
616 536 677 564 viva
692 539 720 564 et
736 535 856 563 animata
869 535 970 572 efﬁgies

179 588 272 617 verbis
285 585 412 614 omnibus
428 583 564 619 factisque
573 583 730 618 exprimens
743 582 897 610 veritatem.

213 680 241 707 2.
255 678 360 714 Seopus
370 676 530 713 patriarchae
540 674 695 711 propositus
706 677 747 702 est
758 682 766 701 :
782 673 897 709 primum
910 673 971 708 qui-

181 727 241 754 dem
258 725 359 760 pietate
379 728 407 751 et
426 722 488 750 vitae
507 720 643 757 gravitate
669 724 762 748 tenere
785 727 853 755 quos
876 727 891 747 a
915 720 971 748 Deo

183 771 296 799 tuendos
315 768 445 804 suscepit,
471 767 568 795 deinde
593 770 622 794 et.
642 774 738 794 omnes
759 767 902 794 haereticos
921 773 971 802 pro

1021 221 1167 256 ἐπαρχίας,
1187 221 1231 246 ὅτε
1256 218 1496 255 ἀμφισϐητηθεῖσα
1519 220 1548 245 ὲν
1570 219 1738 254 δικαστηρίῳ
1764 219 1812 254 βε-

1022 267 1138 302 ϐαιωθῇ,
1159 267 1193 294 τά
1216 266 1246 293 δὲ
1262 267 1357 302 μακρᾷ
1384 265 1516 301 συνηθείᾳ
1538 265 1749 300 δοκιμασθέντα.
1767 266 1817 292 καὶ

1021 312 1070 338 ἐπὶ
1083 311 1189 343 πολλοῖς
1200 312 1333 343 ἐνιαυτοῖς
1351 311 1522 346 φυλαχθέντα
1543 309 1752 346 [βεὸαιωθέντα]
1764 311 1792 337 οὒ
1797 320 1815 346 χ

1020 355 1103 394 ἦττον
1115 357 1171 385 τῶν
1195 357 1342 392 ἐγγράφων
1357 356 1500 392 κρατοῦσι.

1322 423 1450 451 ΤΙΤΛΟΣ
1465 425 1502 452 Γ¹.

1278 480 1348 515 Περὶ
1364 479 1557 515 πατριάρχου.

1059 541 1096 566 α’.
1116 537 1296 574 Πατριάρχης
1324 537 1397 563 ἐστὶν
1423 536 1507 563 είκὼν
1529 536 1604 569 ζῶσα
1623 537 1741 573 Χριεττοῦ
1768 538 1818 564 καὶ

1022 583 1145 619 ἔμψυχος
1160 583 1197 610 δι’
1211 582 1300 618 ἔργων
1315 583 1362 610 καὶ
1377 582 1464 617 λόγων
1488 583 1517 609 ὲν
1537 582 1620 618 ἑαυτῇ
1644 583 1817 619 χαρακτηρὶ-

1023 628 1105 661 ζουσα
1121 628 1169 664 τὴν
1181 628 1319 663 ἀλήθειαν.

1058 673 1091 709 β’.
1106 674 1217 713 Σκοπὸς
1241 674 1280 709 τῷ
1301 673 1459 710 πατριάρχῃ
1490 673 1597 710 πρῶτον
1616 674 1676 709 μὲν,
1706 674 1752 706 οὓς
1784 674 1818 701 ἐκ

1022 720 1089 747 Θεοῦ
1109 720 1273 756 παρέλαϐεν,
1287 720 1416 755 εὐσεϐείᾳ.
1437 720 1483 746 καὶ
1500 720 1646 756 σεμνότητι
1673 720 1731 755 βίου
1758 720 1819 747 δια-

1023 766 1150 801 φυλάξαι,
1162 766 1258 793 ἔπειτα
1271 766 1299 793 δὲ
1314 767 1362 793 καὶ
1373 767 1476 798 πάντας
1494 767 1557 798 τοὺς
1573 767 1729 802 αίρετικοὺς
1744 766 1817 793 κατὰ

180 816 254 844 virili
279 815 313 843 ad
338 819 440 842 rectum
456 812 612 847 opinionem
637 817 664 839 et
688 812 817 840 Ecclesiae
840 812 963 840 nniouen

1025 813 1069 839 τὸν
1085 813 1197 840 δυνατὸν
1226 812 1311 848 αὐτῷ,
1340 813 1409 849 πρὸς
1436 812 1485 848 τὴν
1507 812 1660 848 ὀρθοδοξίαν
1691 813 1739 839 καὶ
1767 812 1818 848 τὴν

181 865 351 889 convertere.
368 857 495 886 Haeretici
511 862 601 885 autem
618 862 646 884 et
665 864 699 885 ex
714 858 819 893 legibus
833 862 861 885 et
875 865 909 886 ex
923 865 963 886 ca-

1025 859 1120 886 Ξνωσιν
1135 859 1184 894 τῆς
1204 859 1368 895 Ἐκκλησίας
1380 859 1555 894 ἐπιστρέψαι,
1570 859 1705 894 αίρετικοὶ
1716 859 1744 885 δὲ
1759 859 1818 890 τοῖς

180 906 298 935 nonihus
310 905 346 932 ita
359 908 501 936 vocantur,
513 908 540 931 et
551 903 588 931 illi
602 903 649 939 qui
661 911 675 931 a
686 903 829 932 catholicae
842 903 963 932 Ecclesia

1025 904 1116 939 νόμοις
1133 904 1251 936 καὶτοῖς
1267 904 1362 931 κανόσι
1379 903 1536 936 καλοῦνται,
1555 904 1602 930 καὶ
1629 905 1654 930 οι
1678 905 1710 938 τῇ
1747 903 1818 930 καθ-

180 951 370 980 communione
399 949 507 978 exclusi
526 953 599 982 sunt,
626 954 653 977 et
678 954 810 985 prmterea
835 950 963 981 inﬁdeles,

1025 950 1102 985 ολικῇ
1121 950 1159 985 μὴ
1188 949 1379 981 κοινωνοῦντες
1402 950 1560 985 Ἐκκλησία,
1586 949 1626 976 ἔτι
1648 949 1676 976 δὲ
1691 951 1737 976 καὶ
1753 950 1819 983 τοὺς

178 998 250 1034 quod
264 997 308 1025 ille
323 996 469 1024 manifesta
491 1001 519 1024 et
541 995 616 1023 clara
640 995 701 1023 vita:
719 996 867 1023 sanctitate
883 996 910 1023 in
928 1003 958 1023 su

1025 997 1152 1029 ἀπίστους
1166 997 1210 1024 διὰ
1224 997 1273 1032 τῆς
1287 997 1416 1033 λαμπρᾶς
1430 997 1476 1024 καὶ
1496 997 1735 1032 περιφανεστάτης
1762 996 1814 1023 καὶ

174 1044 388 1072 admirationem
404 1047 581 1076 convertens,
596 1042 729 1070 accendet
750 1042 784 1069 ad
801 1042 862 1070 ﬁdei
877 1042 970 1070 imita-

174 1093 291 1121 tionem.

214 1136 242 1163 '5.
254 1135 334 1163 Finis
348 1133 518 1170 patriarchae
533 1133 692 1170 propositus
708 1137 760 1167 cst,
777 1132 852 1160 salus
866 1132 970 1160 anima-

178 1190 252 1215 rum,
262 1189 316 1216 quo
324 1181 376 1216 ipsi
387 1180 561 1208 concreditur
572 1189 579 1208 :
589 1184 619 1208 et
630 1179 722 1208 vivere
728 1179 838 1215 quidem
846 1178 968 1212 Christo,

178 1227 300 1263 cruciﬂgi
320 1231 413 1255 autem
431 1227 542 1255 mundo.

214 1273 242 1300 4.
265 1272 379 1307 Propria
405 1272 572 1307 patriarchae
596 1276 670 1306 sunt,
695 1271 822 1299 idoneum
846 1277 907 1299 esse
933 1269 968 1298 ad

177 1319 341 1352 docendum,
359 1318 491 1353 aequalem
509 1326 540 1346 se
552 1319 680 1346 omnibus
696 1318 819 1353 praebere
838 1322 866 1345 et
887 1317 967 1345 altio-

177 1366 215 1393 ris
241 1369 270 1392 et
293 1365 448 1392 humilioris
473 1364 590 1392 fortuna
617 1364 791 1396 hominibus;
817 1368 845 1391 et
871 1363 966 1391 mitem

178 1411 288 1446 quidem
306 1418 367 1439 esse
378 1410 573 1445 injudicando,
591 1409 808 1437 inobedientibus
817 1416 881 1436 vero
889 1416 967 1444 aspe-

176 1466 248 1492 rum,
262 1462 396 1493 praeterea
410 1464 459 1492 pro
475 1457 591 1484 veritate
606 1460 634 1483 et
651 1463 792 1483 sacrorum
810 1455 965 1490 dogmatum

176 1504 335 1532 delensione
348 1511 441 1532 coram
455 1502 626 1538 principibus
637 1502 722 1537 loqui,
738 1508 825 1537 neque
840 1509 966 1530 verecun-

177 1549 247 1578 dari.

214 1596 242 1624 5.
258 1595 324 1630 Quae
338 1595 372 1622 ab
387 1594 506 1630 antiquis
527 1594 674 1623 constituta
696 1598 771 1628 sunt,
788 1599 815 1622 et
836 1602 850 1622 a
867 1593 968 1622 sanctis

176 1642 304 1670 Patribus
318 1641 442 1673 delinita,
463 1645 490 1668 et
520 1647 536 1668 a
567 1641 669 1669 sanctis
698 1640 808 1676 synodis
834 1641 965 1676 exposita,

177 1687 264 1715 solum
292 1686 474 1722 patriarcham
498 1685 671 1720 interpretari
695 1685 783 1714 decet.

213 1778 241 1805 6.
257 1777 324 1811 Quae
345 1777 379 1805 ab
396 1776 517 1812 antiquis
538 1775 676 1810 Patribus,
700 1776 727 1804 in
743 1776 863 1812 synodis,
878 1781 924 1804 aut
940 1776 966 1804 in

177 1823 335 1859 provinciis,
360 1823 516 1859 specialiter
539 1822 581 1850 vel
609 1822 799 1851 universaliter
826 1823 898 1851 facta
924 1821 976 1851 vel'

176 1870 323 1907 constituta
337 1875 411 1904 sunt,
425 1868 611 1904 patriarcbam
626 1869 776 1904 dijudicare
789 1870 878 1898 decet.

210 1959 239 1987 7.
253 1959 430 1995 Antiquiores
440 1966 559 1987 canones
570 1958 653 1986 etiam
666 1958 699 1986 ad
713 1958 882 1994 posteriores
895 1958 966 1987 trahi

175 2007 287 2040 solent;
307 2006 431 2034 similiter
447 2010 475 2033 et
482 2006 588 2041 priores
610 2005 730 2033 actiones
755 2005 788 2033 ad
803 2006 966 2040 posteriores

176 2053 322 2081 trahuntur
338 2052 526 2088 obtinentque,
549 2051 577 2080 in
599 2051 733 2080 similibus
750 2050 876 2080 videlicet
896 2058 966 2087 per-

174 2099 249 2127 sonis
262 2103 290 2126 et
305 2098 394 2126 rebus.

1021 1043 1178 1078 θαυμασίας
1210 1043 1294 1070 αὑτοῦ
1327 1043 1453 1079 πράξεως
1486 1043 1657 1078 ἐκπλήττων,
1690 1042 1816 1078 μιμητὰς

1021 1090 1131 1124 ποιῆσαι
1145 1091 1196 1124 τῆς
1214 1089 1341 1122 πίστεως.

1057 1137 1090 1169 γ’.
1113 1135 1195 1167 Τέλος
1209 1135 1248 1170 τῷ
1263 1135 1432 1172 πατριάρχῃ,
1453 1136 1469 1171 ἡ
1488 1136 1542 1163 τῶν
1555 1136 1813 1171 καταπεπιστευμέ-

1019 1189 1072 1208 νων
1084 1181 1158 1216 αὑτῷ
1177 1181 1272 1217 ψυχῶν
1294 1182 1429 1218 σωτηρία,
1455 1183 1502 1209 καὶ
1516 1183 1546 1209 τὸ
1562 1182 1610 1218 ζῇν
1627 1183 1677 1218 μὲν
1690 1182 1815 1218 Χριστῷ,

1018 1227 1207 1263 ἐσταυρῶσθαι
1224 1227 1252 1254 δὲ
1266 1227 1305 1262 τῷ
1323 1228 1428 1263 κόσμῳ.

1053 1272 1083 1298 δ’.
1106 1271 1174 1299 Ἰδια
1207 1273 1393 1309 πατριάρχου,
1426 1273 1457 1300 τδ
1494 1272 1563 1301 εἶναι
1589 1274 1755 1306 διδακτικδν,
1782 1274 1813 1301 τὺ

1017 1317 1086 1353 πρὸς
1111 1318 1214 1350 πάντας
1229 1318 1348 1355 ὑψηλούς
1373 1327 1403 1346 τε
1433 1320 1481 1346 καὶ
1498 1321 1642 1353 ταπεινοὺς
1658 1321 1811 1356 ἅπενοχω-

1019 1363 1108 1399 ρήτως
1125 1363 1298 1396 ἐξισοῦσθαιν
1322 1365 1370 1392 καὶ
1385 1366 1472 1399 πρᾶον
1493 1365 1543 1400 μὲν
1564 1363 1634 1393 εἶναι
1652 1367 1681 1392 ὲν
1709 1366 1811 1392 δικαιο-

1018 1407 1096 1444 σύνῃ,
1115 1408 1275 1443 ἐλεγκτικὸν
1295 1408 1324 1435 δὲ
1357 1409 1425 1444 πρὸς
1450 1410 1514 1442 τοὺς
1530 1409 1720 1442 ἀπειθοῦντας·
1741 1411 1811 1447 ὑπὲρ

1016 1452 1045 1479 δὲ
1060 1453 1109 1488 τῆς
1125 1452 1255 1488 ἀληθείας
1279 1453 1327 1479 καὶ
1342 1452 1392 1488 τῆς
1422 1455 1614 1489 συντηρήσεως
1631 1455 1678 1482 τοῦ
1705 1455 1810 1482 δικαίου

1017 1499 1064 1526 καὶ
1077 1498 1128 1534 τῆς
1144 1498 1295 1532 εὐσεϐείας,
1314 1498 1403 1526 λαλεῖν
1421 1498 1535 1527 ἐνώπιον
1550 1499 1694 1535 βασιλέων,
1705 1502 1751 1528 καὶ
1769 1502 1808 1537 μὴ

1019 1545 1203 1580 αἰσχύνεσθαι.

1053 1593 1085 1617 ε’.
1102 1590 1143 1621 Τὰ
1169 1591 1245 1626 παρά
1279 1590 1334 1618 τῶν
1372 1591 1496 1619 παλαιῶν
1530 1593 1735 1628 κανονισθέντα,
1758 1594 1808 1620 καὶ

1019 1636 1096 1672 παρὰ
1109 1636 1163 1662 τῶν
1179 1636 1268 1671 ἁγίων
1282 1636 1399 1672 Πάτρων
1413 1637 1569 1673 ὁρισθέντα,
1587 1639 1634 1666 καὶ
1655 1639 1733 1674 παρὰ
1752 1639 1808 1666 τῶν

1021 1683 1106 1718 ἁγίων
1124 1683 1240 1711 συνόδων
1255 1683 1400 1712 ἐκτεθέντα
1414 1684 1460 1713 τὸν
1476 1685 1649 1721 πατριάρχην
1670 1686 1750 1722 μόνον
1770 1686 1810 1713 δεῖ

1019 1727 1192 1764 ἑρμηνεύειν.

1054 1773 1092 1807 ς’.
1109 1775 1152 1802 Τὰ
1166 1774 1242 1809 παρὰ
1263 1775 1318 1802 τῶν
1337 1775 1461 1812 ἀρχαίων
1478 1775 1608 1812 Πατέρων
1620 1776 1650 1803 ἐν
1675 1777 1807 1809 συνόδοις,

1018 1819 1079 1855 ῆὲν
1103 1819 1264 1856 ἐπαρχίαις,
1290 1821 1399 1852 είδικῶς
1423 1821 1471 1848 καὶ
1483 1821 1635 1853 καθολικῶς
1649 1822 1806 1857 πραχθέντα

1019 1866 1066 1893 καὶ
1082 1866 1296 1902 οίκονομηθέντα
1315 1867 1361 1894 τὸν
1376 1867 1550 1903 πατριάρχην
1572 1867 1614 1894 δεῖ
1635 1867 1741 1903 διαιτᾴν
1759 1868 1806 1895 καὶ

1017 1911 1176 1948 διακρίνειν.

1053 1958 1086 1991 ζ’.
1105 1960 1137 1986 Ol
1159 1960 1371 1996 προγενέστεροι
1392 1960 1517 1994 κανόνες,
1531 1961 1578 1988 καὶ
1593 1961 1634 1993 είς
1647 1961 1710 1993 τοὺς
1723 1969 1806 1996 μετα-

1016 2005 1195 2042 γενεστέρους
1217 2006 1352 2038 ἕλκονται,
1370 2006 1502 2039 ὡσαύτως
1526 2006 1554 2034 δι
1575 2007 1624 2034 καὶ
1644 2008 1673 2034 αί
1701 2015 1804 2042 προγε-

1016 2051 1142 2088 νέστεραι
1155 2052 1281 2088 πράξεις,
1299 2054 1346 2079 καὶ
1361 2053 1523 2088 οἰκονομίαι,
1542 2053 1589 2080 καὶ
1613 2054 1653 2084 είς
1675 2053 1740 2084 τοὺς
1753 2061 1804 2088 με-

968 2113 971 2121 ι
1015 2098 1231 2138 ταγενεστέρους
1257 2099 1395 2132 ἕλκονται,
1423 2100 1471 2126 καὶ
1497 2099 1660 2135 κρατοῦσιν,
1677 2101 1724 2127 ἐπὶ
1750 2100 1804 2127 τῶν

1016 2144 1116 2179 ὁμοίων
1131 2144 1253 2180 δηλονότι
1270 2145 1424 2180 προσώπων
1434 2153 1462 2172 τε
1475 2146 1521 2172 καὶ
1537 2146 1719 2182 πραγμάτων.

212 2186 239 2213 8.
260 2185 328 2213 Cum
353 2185 508 2221 respublica
521 2193 556 2214 ex
574 2187 696 2221 partibus
717 2186 774 2215 suis
789 2191 817 2215 et
833 2186 963 2215 membris

1051 2192 1087 2225 η’.
1103 2189 1158 2224 Τῆς
1175 2189 1312 2222 πολιτείας
1330 2192 1362 2217 ὲκ
1378 2190 1471 2226 μερῶν
1485 2191 1532 2218 καὶ
1548 2191 1651 2227 μορίων
1663 2191 1803 2226 ἀναλόγως

173 2231 349 2267 proportione
372 2232 491 2265 quadam
520 2231 554 2258 ad
578 2231 717 2260 hominem
750 2232 896 2260 constituta
913 2232 958 2265 sit,

1025 2235 1051 2271 τῷ
1058 2235 1194 2272 ἀνθρώπῳ
1207 2236 1414 2273 συνισταμένης,
1425 2237 1459 2264 τὰ
1468 2237 1585 2273 μέγιστα
1598 2238 1645 2264 καὶ
1653 2237 1800 2272 άναγκαιά-

172 2279 298 2306 maxima:
314 2277 373 2312 ejus
400 2281 429 2304 et
452 2277 587 2311 imprimis
608 2277 767 2304 necessariae
789 2282 881 2311 partes
897 2282 961 2305 sunt

171 2324 299 2360 princeps
327 2327 355 2350 et
369 2322 523 2358 patriarcha
544 2329 551 2348 :
569 2326 733 2356 quapropter
746 2326 774 2349 et
790 2322 959 2350 subditorum

171 2370 249 2405 quies
271 2374 300 2397 et
321 2368 448 2402 felicitas,
466 2373 521 2396 tam
545 2367 672 2396 animalis
695 2375 778 2402 quam
801 2367 958 2403 corporalis,

171 2415 297 2444 consistit
324 2415 351 2442 in
380 2414 562 2442 consensione
593 2418 620 2442 et
647 2413 792 2442 concordia
806 2413 958 2450 regnicum

171 2468 278 2490 summo
293 2459 463 2495 pontiﬁcatu.

206 2507 233 2535 9.
255 2505 340 2534 Sedes
354 2505 668 2540 Constantinopolitana,
683 2512 763 2540 quam
786 2505 859 2540 regia
880 2511 959 2533 exor-

168 2559 226 2586 nat,
250 2545 415 2590 synodort'tm
445 2551 583 2587 suffragiis
609 2552 814 2590 praerogativam
843 2551 956 2585 obtinet,

169 2586 272 2635 quibus
292 2599 392 2627 divinae
415 2598 490 2634 leges
511 2586 914 2632 suﬂ‘ragantesrconfroversias
930 2598 956 2625 in

168 2647 230 2673 aliis
242 2646 352 2674 sedibus
369 2651 456 2673 motas
469 2644 502 2672 ad
525 2644 604 2680 hujus
619 2644 755 2672 notionem
774 2644 869 2673 referri
884 2652 956 2680 prac-

167 2692 282 2728 cipiunt.

204 2778 248 2806 10.
272 2779 398 2807 Omnium
423 2782 600 2816 metropolion
622 2787 649 2811 et
662 2782 879 2818 episcopatuum,
895 2788 954 2809 mo-

168 2825 404 2861 nuSteriorumque
416 2831 442 2853 et
457 2828 631 2855 ecclesiarum
648 2837 712 2856 cura
730 2834 756 2856 ct
773 2829 903 2863 judicium
920 2830 954 2856 ad

1012 2289 1081 2308 τατα
1112 2281 1195 2317 μέρη,
1212 2281 1339 2317 βασιλεύς
1354 2283 1412 2310 ἔστι
1435 2283 1481 2310 καὶ
1496 2283 1683 2319 πατριάρχης⁸
1699 2283 1740 2310 διὸ
1755 2283 1802 2309 καὶ

1014 2327 1030 2360 ἡ
1047 2326 1118 2353 κατά
1134 2326 1223 2362 ψυχὴν
1240 2328 1287 2354 καὶ
1302 2327 1383 2364 σῶμα
1399 2328 1454 2356 τῶν
1473 2329 1602 2364 ὑπηκόων
1624 2329 1730 2365 είρήνη,
1753 2330 1800 2356 καὶ

1011 2372 1169 2407 εὐδαιμονία
1184 2372 1324 2407 βασιλείας
1348 2374 1407 2401 ἐστὶ
1432 2374 1478 2401 καὶ
1494 2375 1694 2411 άρχιεροσύνης
1707 2376 1735 2403 ὲν
1750 2377 1799 2402 πᾶ-

1012 2425 1053 2444 σιν
1064 2417 1239 2454 ὁμοφροσύνη
1254 2419 1302 2446 καὶ
1317 2421 1474 2455 συμφωνία.

1046 2508 1078 2535 θ’.
1102 2509 1130 2536 '0
1146 2510 1463 2543 Κωνσταντινουπόλεως
1480 2511 1585 2547 θρονος.
1601 2513 1726 2549 βασιλείᾳ
1738 2513 1799 2540 ἐπι.

1010 2555 1170 2591 κοσμηθεὶς,
1187 2558 1248 2589 ταῖς
1266 2557 1419 2589 συνοδικαῖς
1430 2558 1531 2594 ψήφοη
1548 2559 1656 2594 πρῶτος
1667 2560 1797 2596 ἀνῃρέθη,

1009 2598 1054 2633 αἷς
1076 2602 1124 2628 καὶ
1144 2603 1169 2628 oi
1183 2602 1249 2628 θεῖοι
1279 2602 1545 2636 κατακολουθοῦντες
1568 2604 1656 2639 νόμοι,
1680 2606 1728 2631 καὶ
1749 2605 1799 2637 τὰς

1009 2647 1061 2674 ὑπὸ
1077 2648 1139 2680 τοὺς
1155 2649 1264 2683 ἑτέρους
1278 2648 1390 2684 θρόνους
1401 2649 1547 2684 γινομένας
1564 2649 1797 2686 ἀμφισϐητήσειε,

1009 2693 1061 2720 ὑπὸ
1080 2693 1130 2729 τὴν
1143 2694 1260 2727 ἐκείνου,
1277 2695 1478 2731 προστάττουσι
1496 2696 1644 2730 διάγνωσιν
1662 2697 1799 2732 ἀναφέρε-

1008 2739 1070 2766 σθαι
1087 2740 1135 2766 καί¹
1155 2740 1258 2775 κρίσιν.

1043 2788 1070 2812 ι’.
1084 2786 1183 2812 Πασῶν
1203 2785 1257 2812 τῶν
1275 2786 1471 2822 μητροπόλεων
1486 2787 1535 2814 καὶ
1551 2787 1736 2814 ἐπισκοπείων
1749 2796 1798 2822 μο-

1006 2830 1161 2865 ναστηρίων
1183 2838 1212 2856 τε
1230 2831 1278 2857 καὶ
1300 2831 1465 2865 ἐκκλησιῶν,
1482 2832 1499 2867 ἡ
1519 2831 1633 2864 πρόνοια
1648 2832 1695 2859 καὶ
1715 2840 1798 2863 φουν-
