1938 3070
110 175 166 208 4.65

745 176 941 207 DELECTUS
961 176 1110 206 LEGUM‘.’

1686 174 1744 205 £66

111 234 165 265 τις,
181 233 221 260 ἔτι
237 232 266 260 δὲ
286 232 333 260 καὶ
349 232 439 269 κρίσις
463 233 511 260 καὶ
525 232 687 269 κατάκρισις
703 233 749 260 καὶ
765 233 901 264 ἀθὼωσις,

976 232 1094 266 r0prium
1111 231 1296 266 patrial-etiam
1312 229 1741 266 spectat;Constantinopolitano

110 279 151 315 τῷ
165 279 259 314 οἰκείῳ
283 279 440 316 πατριάρχῃ
455 279 608 311 ἀνάκειται,
625 280 663 314 τῷ
679 279 708 306 δὲ
727 280 902 306 Κωνσταντι-

112 325 266 357 νουπζλεως
286 325 422 360 προέδρῳ,
436 325 524 357 ἔξεστι
540 326 586 352 καὶ
602 325 631 352 ἑν
651 325 712 357 ταῖς
735 325 790 351 τῶν
814 324 902 351 ἄλλων

112 371 217 407 θρόνων
238 370 366 406 ἐνορίαις,
388 372 417 398 ὲν
438 368 482 402 οἷς
506 371 556 398 οὐκ
580 371 637 398 ἔστι
672 370 901 406 προκαθιέρωσις,

112 415 177 442 ναοῦ
196 416 385 451 σταυροπήγια
399 415 511 449 διδόναι,
529 416 560 442 οὐ
576 415 630 451 μὴν
646 415 715 443 ἀλλὰ
740 416 787 442 καὶ
803 415 852 447 τὰς
874 415 903 442 ἔν

112 462 169 493 τοῖς
183 461 272 493 ἀλλοις
290 461 398 497 θρόνοις
426 462 578 497 γενομένας
602 461 832 497 ἀμφισσητήσεις,
847 461 904 488 ἐπι-

112 509 208 542 τηρεῖν
224 507 271 534 καὶ
295 506 479 543 διορθοῦσθαι,
495 508 543 535 καὶ
568 508 657 543 πέρας
679 507 829 534 ἐπιτιθέναι
843 507 902 538 ταῖς

114 554 235 589 κρίσεσι.

150 603 196 627 ια’.
211 599 409 636 Τῶνμψυχικῶν
437 601 566 628 ἁπάντων
591 602 607 637 ἠ
631 600 754 637 πρόνοια,
783 600 823 636 τῷ
850 609 905 628 πα-

112 646 233 682 τριάρχῃ
257 646 410 680 ἀνάκειται,
427 647 595 682 ἀναφέρεται
615 647 647 674 δὲ
668 647 717 674 καὶ
740 647 779 678 εἰς
793 646 904 682 ἑτέρους

114 689 155 723 οἷς
183 692 217 718 ἂν
245 692 350 724 ἐκεῖνος
367 686 553 728 ἀναῴέρεσθαι
570 693 716 728 δοκιμάσῃ,
731 692 862 724 ὡσαύτως
877 693 905 719 δὲ

116 737 164 764 καὶ
182 737 328 772 μετανοίας
338 738 385 764 καὶ
400 738 579 773 ἐπιστροφῆς,
591 738 644 765 ἀπό
658 747 687 765 τε
698 739 906 774 ἁμαρτημάτων

117 783 165 809 καὶ
182 782 326 817 αἱρέσεων,
339 783 420 815 αὐτὸς
434 783 481 810 καὶ
495 783 576 817 μόνος
590 783 753 811 καθίσταται
767 784 907 819 διαιτητής

116 836 146 854 τε
163 827 210 854 καὶ
219 826 346 862 γνώμων,
360 828 407 854 καὶ
415 827 462 859 οὓς
474 827 507 854 ἂν
520 828 602 860 αὐτὸς
615 827 705 864 ὁρίσῃ·
717 828 765 855 καὶ
777 828 848 855 κατὰ
858 828 907 860 τὰς

119 875 302 910 μητροπόλεις
317 875 345 902 δὲ
361 875 408 902 καὶ
434 876 599 909 ὲπισκοπὰς,
611 878 669 909 τοῖς
694 877 908 913 μητροπολίταις

118 930 147 948 τε
172 921 221 948 καὶ
246 921 407 953 ἐπισκόποις
437 922 454 957 ὴ
477 922 548 958 αὑτὴ
577 923 742 958 φυλάττεται
765 922 842 957 τάξις
860 923 908 950 καὶ

117 967 237 1000 ἐξουσία.

419 1015 544 1043 TITon
563 1015 598 1043 A’.

259 1063 329 1098 Περὶ
343 1062 455 1096 τάξεως
466 1062 601 1097 ἐπάρχου
620 1062 749 1096 πόλεως.

153 1113 188 1137 α’.
213 1109 243 1137 '0
259 1109 310 1144 τῆς
321 1109 426 1140 πόλεως
435 1108 556 1144 ἔπαρχος
571 1107 659 1134 πάντα
676 1109 753 1143 ζητεῖ
763 1107 798 1134 τὰ
808 1107 907 1143 ἐγκλή-

121 1164 205 1191 ματα,
223 1155 271 1183 καὶ
286 1154 321 1182 τὰ
334 1155 364 1182 ὲν
376 1155 410 1190 τῇ
425 1153 502 1181 πόλει
516 1154 647 1189 γινόμενα
663 1153 805 1189 ἀκροᾶται.

158 1245 191 1280 β’.
212 1245 242 1271 '0
259 1244 310 1279 τῆς
333 1244 439 1276 πόλεως
464 1243 594 1279 ἔπαρχος,
611 1243 666 1270 τῶν
682 1243 909 1278 προσφευγόντων

120 1290 222 1318 δούλων
236 1290 284 1317 καὶ
298 1289 353 1316 τῶν
369 1289 504 1324 λεγόντων
514 1289 637 1325 ἀργυρίῳ
651 1289 707 1325 ἰδίῳ
722 1289 910 1324 ἀγορασοῆναι

122 1337 169 1362 ἐπὶ
187 1335 228 1371 τῷ
253 1335 469 1370 ιλευθερωθῆναι
494 1335 594 1367 αὐτοὺς
615 1335 757 1370 ἀκροᾶται,
785 1335 832 1361 καὶ
856 1335 911 1361 τῶν

123 1384 275 1418 πατρώνων
320 1382 440 1418 μάλιστα
469 1381 523 1408 τῶν
550 1381 673 1416 ἀπόρων,
708 1380 911 1417 ἐπιζητούντων

123 1429 317 1465 ἁποτραφῆναι
330 1428 408 1464 παρὰ
424 1427 479 1455 τῶν
493 1427 695 1463 ἀπελευθέρων.
858 1452 861 1454 .

158 1479 195 1509 γ’.
218 1475 248 1502 '0
271 1474 322 1510 τῆς
347 1474 452 1506 πόλεως
481 1473 610 1510 ἔπαρχος,
637 1473 685 1500 καὶ
716 1472 844 1508 ἐξορίζει,
863 1473 911 1500 καὶ

124 1522 286 1559 περιορίζει,
312 1521 360 1548 τοῦ
383 1520 515 1556 βασιλέως
539 1519 588 1555 τὴν
614 1519 730 1556 νῆσονῆ
756 1519 850 1552 ἁπλῶς
865 1519 912 1546 τὸν

123 1569 205 1596 τόπον
221 1568 368 1604 ὁρίζοντος.

159 1615 190 1642 δ’.
211 1615 242 1642 '0
260 1615 309 1649 τῆς
331 1613 435 1645 πόλεως
464 1612 594 1648 ἔπαρχος,
609 1611 687 1648 ζητεῖ
706 1611 753 1638 καὶ
777 1610 811 1638 τὰ
840 1610 916 1644 ἐντὸς

126 1660 223 1688 ἔκατδν
241 1660 337 1695 μιλίων
353 1659 403 1695 τῆς
423 1658 527 1691 πόλεως
541 1657 792 1694 πλημμελούμενα,
813 1657 843 1684 οὐ
862 1656 917 1693 μὴν

125 1708 160 1735 τὰ
175 1706 354 1743 πορρωτέρω.

161 1757 193 1781 ε’.
215 1754 295 1788 Παρὰ
309 1751 348 1788 τῷ
364 1752 414 1787 τῆς
432 1751 536 1783 πόλεως
551 1750 665 1786 ἐπάρχῳ
686 1748 918 1785 παραπέμπονται

127 1801 175 1827 καὶ
202 1800 227 1827 οι
252 1798 346 1830 κακῶς
370 1797 510 1833 γινόμενοι
539 1796 699 1833 κηδεμόνες,
717 1794 765 1822 καὶ
795 1793 918 1831 μείζονος

127 1845 330 1880 ὑπεξελεύσεως
344 1843 502 1879 χρῄζοντες,
518 1843 566 1870 καὶ
577 1843 601 1870 οι
615 1841 763 1873 δεδωκότες
775 1840 918 1876 χρήματα,

128 1893 175 1919 ἐπὶ
201 1893 231 1918 τὺ
253 1891 438 1926 ὲπιτροπᾶσαι
455 1889 472 1924 ἢ
488 1889 618 1920 λαϐόντες
646 1888 686 1920 εἰς
712 1887 743 1915 τὺ
763 1887 918 1922 ἐμποδίσαι,

129 1938 257 1974 γενέσθαι
271 1935 444 1971 ἐπιτηδείους
459 1935 507 1962 καὶ
523 1934 548 1960 οἱ
564 1933 692 1968 ὶπίτηδες
714 1933 834 1968 ήττόνως
849 1932 919 1960 ἀπο-

129 1984 301 2020 γραψάμενοι
313 1982 348 2009 se
359 1981 411 2010 τοῦ
426 1981 487 2009 νέου
501 1980 663 2016 πράγματα,
678 1979 695 2014 ἢ
709 1978 833 2013 φανερῶς
850 1978 920 2006 κατὰ

130 2031 206 2059 δόλον
219 2030 430 2065 ὲκποιήσαντες.

168 2079 206 2109 ς’.
227 2075 257 2102 '0
275 2076 324 2110 τῆς
365 2073 468 2104 πόλεως
495 2072 616 2107 ἔπαρχος
643 2069 781 2106 φροντίζει
809 2069 856 2096 τοῦ
883 2069 921 2104 μὴ

131 2122 283 2158 προστῆναι
297 2120 344 2147 ὲπὶ
368 2117 482 2154 πορνείᾳ
499 2115 628 2153 δημοσίᾳ,
647 2114 800 2150 ἀνδράποδα
813 2113 860 2141 καὶ
874 2113 922 2140 τοὸ

133 2168 239 2199 πιστῶς
269 2165 464 2193 συναλλάσσειν
491 2164 557 2195 τοὺς
579 2161 759 2199 τραπεζίτας,
788 2160 836 2188 καὶ
870 2160 923 2187 ἀπ-

131 2213 241 2249 έχεσθαι
256 2212 311 2239 τῶν
323 2209 532 2245 κεκωλυμένων.

167 2259 201 2292 ζ’.
222 2259 257 2285 ’οι
267 2258 317 2293 τῆς
343 2255 447 2287 πόλεως
466 2254 586 2290 ἔπαρχος
602 2252 764 2288 σωφρονίζει
789 2251 837 2278 καὶ
859 2250 923 2282 τοὺς

130 2304 331 2340 ἀπελευθέρους
349 2299 605 2337 καταφρονοῦντας,
619 2299 636 2334 ἢ
667 2297 831 2334 ὑϐρίζοντας
858 2296 922 2328 τοὺς

132 2350 288 2387 πατρώνας,
304 2350 324 2385 ἢ
348 2348 398 2380 τὰς
429 2345 564 2382 γαμετὰς,
581 2344 598 2380 ἢ
614 2344 682 2376 τοὺς
703 2343 802 2375 παῖδας
820 2342 922 2374 αὐτῶν,

132 2397 252 2425 ἀπειλῶν
267 2396 315 2423 καὶ
336 2391 516 2431 μαστίζων,ῆ
534 2391 623 2423 ἄλλως
640 2390 708 2426 πρὸς
719 2389 750 2417 τὸ
769 2389 924 2425 ἁμάρτημα

133 2443 261 2476 ὲπεξιώνσ
281 2442 305 2468 εῐ
330 2441 358 2468 δὲ
382 2439 626 2475 συκοφαντήσῳσιν
651 2436 762 2469 αὐτοὺς,
777 2435 794 2471 ἢ
810 2435 866 2466 τοῖς
877 2435 923 2470 ἔχ-

135 2491 210 2526 ϐροῑς
225 2488 315 2516 αὐτῶν
331 2486 535 2522 συμπνεύσωσι,
554 2483 720 2518 τυπτόμενοι
734 2481 781 2508 καὶ
795 2480 924 2516 κουρευόο

137 2545 214 2572 μενοι
241 2535 289 2562 καὶ
309 2531 544 2568 ἀναδουλούμενοι,
567 2529 737 2558 ἀποδίδονται
760 2529 818 2560 τοῖς
842 2535 924 2554 συκο-

136 2582 308 2618 φαντηθεῖσι.

173 2625 208 2660 η’.
230 2625 260 2651 '0
285 2624 334 2658 τῆς
360 2623 464 2654 πόλεως
487 2622 617 2657 ἔπαρχος,
650 2619 787 2656 φροντίζει
813 2617 924 2646 καὶτοῦ

137 2672 255 2702 δικαίοις
270 2669 409 2704 τιμήμασι
424 2668 455 2695 τὸ
470 2667 555 2702 κρέας
569 2666 773 2702 πιπράσκεσθαι
786 2672 794 2680 ·
817 2664 863 2691 καὶ
876 2663 926 2699 τῆς

138 2720 250 2754 εἰρήνης
277 2718 325 2744 καὶ
351 2717 402 2751 τῆς
431 2716 487 2743 τῶν
509 2714 631 2751 θεωριῶν
658 2713 854 2743 καταστάσεως
879 2712 926 2738 καὶ

137 2767 195 2802 ἔχει
207 2764 376 2801 στρατιώτας
389 2763 435 2790 ἐπὶ
446 2763 480 2798 τῇ
496 2761 603 2796 εἰρήνῃ,
613 2760 660 2787 καὶ
672 2759 719 2787 ὲπλ
732 2759 762 2786 τὺ
777 2758 926 2794 ἀναφέρειν

138 2811 224 2848 αὐτῷ.
239 2811 273 2838 τὰ
289 2808 429 2845 πανταχοῦ
444 2808 602 2843 κινούμενα.

176 2900 210 2927 θ’.
235 2898 263 2926 'U
282 2899 331 2932 τῆς
347 2897 448 2929 πόλεως
466 2896 585 2931 ἔπαρχος
609 2893 721 2921 δύναται
743 2890 926 2926 ἀπαγορεύειν

956 285 1025 306 vero
1037 278 1099 306 licet
1121 279 1202 305 etiam
1224 278 1250 305 in
1277 278 1391 305 aliarum
1417 278 1521 305 aedium
1538 277 1694 311 territoriis,
1713 279 1740 305 in

955 326 1054 361 quibus
1078 326 1136 352 haec
1153 325 1330 360 praerogativa
1346 332 1399 352 non
1420 329 1472 358 est,
1489 325 1612 353 crucium
1629 324 1745 354 lixiones

956 371 983 399 in
997 370 1102 406 templis
1117 370 1266 398 concedere
1281 379 1288 397 :
1306 377 1393 404 neque
1406 369 1457 397 hoc
1469 370 1567 402 solum,
1584 370 1631 398 sed
1643 375 1670 397 et
1682 378 1745 397 con-

955 418 1102 447 troversias
1128 418 1154 445 in
1173 417 1234 445 aliis
1256 417 1365 445 sedibus
1380 420 1488 444 erortas
1503 416 1629 444 dirimere
1655 423 1687 444 ac
1702 416 1744 443 di-

952 465 1076 501 iudicare
1090 468 1189 500 potest.

945 568 951 583 \

990 599 1034 626 ﬂ.
1051 597 1090 626 Ad
1105 596 1291 633 patriarcham
1311 599 1416 631 spectat
1430 601 1496 624 cura
1510 594 1631 622 omnium
1653 600 1744 621 rerum

955 644 990 672 ad
1007 644 1104 671 animae
1125 643 1239 671 salutem
1265 641 1471 677 pertinentium,
1501 639 1666 668 transfertur
1680 646 1746 666 vero

956 694 985 717 et
1008 690 1042 717 ad
1067 689 1134 717 alios
1157 689 1255 724 quibus
1283 689 1341 723 ipse
1366 687 1559 715 mandaverit:
1576 685 1703 714 similiter
1717 690 1747 713 et

956 735 1134 771 poenitentiae,
1145 739 1172 763 et
1182 735 1368 763 conversionis
1379 742 1393 761 ο
1411 733 1530 769 peccatis
1544 736 1572 760 et
1585 731 1746 759 baresibus.

958 780 1019 815 Ipse
1033 785 1122 807 autem
1145 781 1220 807 solus
1236 778 1410 807 constituitur
1431 778 1597 811 disceptator
1610 780 1638 803 et
1652 775 1745 811 iudex,

960 832 1016 854 tum
1031 831 1059 854 et
1073 827 1090 854 ii
1109 826 1207 861 quibus
1229 825 1289 861 ipse
1306 824 1497 852 mandaverit:
1516 822 1564 852 sed
1577 827 1605 850 et
1621 828 1670 858 per
1687 827 1747 848 me-

961 871 1078 906 tropoles
1100 875 1127 897 et
1153 870 1335 905 episcopatus,
1358 867 1538 903 metropolitis
1564 871 1592 895 et
1613 864 1759 902 episcopis.

921 903 946 934 Β
960 903 1057 944 eadem
1072 903 1194 951 potestas
1209 919 1235 943 et
1246 903 1428 951 praerogativa
1443 918 1581 941 servatum

1247 1003 1401 1033 TITULUS
1420 1003 1453 1031 IV

1173 1049 1212 1077 De
1223 1050 1306 1084 oﬂicio
1324 1048 1442 1084 prafectt'
1454 1047 1552 1092 urbis,‘
1677 1083 1680 1085 _

997 1099 1023 1125 l.
1039 1097 1080 1133 (L.
1095 1105 1112 1129 ι,
1127 1097 1155 1124 in
1169 1105 1210 1132 pr.
1230 1096 1261 1131 [Τ.
1280 1095 1319 1123 De
1335 1095 1526 1131 oﬂic.prtefect.
1543 1092 1614 1129 urb.)
1634 1091 1754 1120 Praefec.

962 1147 1005 1171 tus
1023 1144 1080 1171 urbi
1097 1143 1187 1171 omnia
1202 1141 1312 1170 omnino
1324 1140 1439 1169 crimina
1460 1139 1585 1175 inquirit,
1600 1143 1627 1166 et
1642 1138 1676 1166 de
1690 1145 1755 1166 oms

963 1191 1041 1218 nibus
1055 1197 1115 1225 quae
1127 1191 1197 1218 intra
1214 1190 1309 1217 urbem
1327 1188 1519 1219 admittuntur,
1544 1185 1697 1221 cognoscit.

998 1235 1026 1262 2.
1040 1235 1188 1263 Praefectus
1203 1235 1274 1268 urbi,
1292 1241 1396 1267 servos,
1411 1233 1457 1269 qui
1474 1232 1508 1261 ad
1532 1237 1638 1260 statuas
1653 1231 1754 1259 conluq

965 1281 1065 1317 gerint,
1089 1281 1189 1316 quique
1202 1288 1231 1309 se
1247 1288 1295 1308 sua
1318 1280 1432 1315 pecunia
1453 1283 1560 1314 emptos
1584 1278 1705 1306 dixerint.
1722 1282 1752 1304 ut

966 1326 1203 1359 manumittantur,
1231 1325 1335 1358 audiet,
1357 1324 1405 1352 sed
1425 1328 1454 1353 et
1479 1329 1619 1359 patronos,
1633 1322 1753 1351 maxime

965 1373 988 1400 si
1006 1377 1117 1408 egentes
1128 1371 1193 1406 sint,
1207 1370 1415 1406 desiderentquc
1430 1376 1445 1397 a
1460 1369 1565 1397 libertis
1580 1368 1626 1396 aii.

999 1468 1026 1495 '5.
1044 1466 1086 1502 (L.
1102 1466 1176 1501 ead.)
1190 1465 1339 1493 Praefectus
1358 1463 1417 1492 urbi
1428 1467 1456 1492 et
1468 1461 1605 1498 relegandi
1618 1465 1646 1490 et
1658 1461 1755 1497 depor-

966 1514 1039 1542 tandi
1056 1513 1083 1541 in
1106 1512 1222 1540 insulam
1242 1511 1286 1540 vel
1307 1511 1432 1546 quemvis
1455 1510 1557 1544 locum,
1569 1516 1651 1545 quem
1670 1508 1755 1544 impe-

928 1568 951 1600 c
967 1563 1042 1587 rator
1056 1557 1213 1593 assignavit,
1230 1556 1367 1584 licentiam
1381 1554 1471 1584 habet.

1004 1607 1030 1635 4.
1053 1606 1096 1642 (ι.
1115 1607 1175 1634 ead.
1199 1605 1213 1641 §
1239 1605 1277 1640 l.)
1300 1604 1448 1632 Praefectus
1471 1601 1532 1631 urbi
1558 1601 1697 1636 cognoscit
1721 1600 1756 1629 de

967 1653 1095 1681 omnibus
1105 1659 1165 1687 qua:
1177 1651 1247 1679 intra
1264 1650 1443 1678 centesimum
1470 1647 1616 1676 miliarium
1636 1646 1756 1676 admissa

967 1703 1042 1732 sunt,
1059 1706 1111 1726 non
1125 1698 1158 1725 de
1173 1697 1207 1725 iis
1216 1703 1277 1732 qua:
1290 1695 1416 1723 ulterius.

1003 1746 1030 1774 5.
1047 1745 1124 1781 (θὲ.)
1136 1743 1177 1772 Ad
1191 1742 1347 1778 praefectum
1363 1741 1438 1769 urbis
1454 1741 1535 1769 etiam
1549 1739 1651 1768 remitti
1667 1739 1757 1767 solent

969 1790 988 1819 ii
1017 1790 1063 1825 qui
1087 1789 1156 1817 male
1183 1788 1294 1816 tutelam
1320 1786 1555 1818 administrarunt,
1580 1789 1608 1812 et
1632 1783 1757 1818 graviore

970 1835 1206 1865 animadversione
1239 1833 1374 1868 indigent;
1409 1831 1509 1867 quique
1539 1834 1652 1858 tutelam
1684 1829 1757 1856 datis

970 1882 1089 1911 nummis
1105 1884 1281 1915 occuparunt,
1296 1882 1342 1906 aut
1354 1878 1474 1912 acceptis
1483 1883 1594 1912 operam
1612 1875 1757 1906 dederunt,

971 1932 1001 1955 ut
1014 1934 1068 1955 non
1082 1926 1194 1954 idoneus
1207 1929 1283 1952 tutor
1295 1923 1376 1961 alicui
1387 1923 1508 1954 daretur,
1519 1920 1620 1955 quique
1633 1918 1758 1947 consulto

972 1971 1045 1998 circa
1068 1969 1201 1998 edendum
1224 1966 1419 2002 patrimonium
1442 1965 1622 2000 quantitatem
1649 1963 1760 1990 minue-

971 2022 1044 2051 runt,
1059 2017 1101 2045 vel
1118 2015 1236 2043 evidenti
1251 2013 1348 2041 fraude
1360 2011 1454 2048 pupilli
1469 2012 1538 2039 bona
1555 2010 1721 2038 alienarunt.

1009 2063 1035 2090 6.
1057 2061 1083 2097 (ᾗ
1096 2061 1135 2096 5.)
1153 2059 1300 2089 Praefectus
1315 2058 1375 2086 urbi
1402 2063 1500 2085 curare
1517 2055 1596 2084 debet
1613 2059 1642 2083 ut
1656 2054 1761 2083 manci-

973 2110 1017 2145 pia
1030 2113 1137 2136 tueatur
1149 2113 1183 2134 ne
1203 2105 1413 2141 prostituantur,
1431 2105 1563 2138 praeterea
1584 2107 1612 2130 ut
1624 2102 1762 2129 ‘nummu-

974 2153 1034 2182 larii
1051 2152 1135 2188 probe
1148 2158 1177 2179 se
1198 2153 1294 2185 gerant
1315 2149 1388 2176 circa
1413 2154 1494 2176 omne
1515 2147 1652 2182 negotium
1669 2153 1761 2180 suum,

975 2204 1002 2228 et
1015 2201 1167 2233 temperent
1179 2196 1213 2224 ab
1225 2196 1269 2223 his
1285 2202 1347 2230 quae
1365 2197 1430 2222 sunt
1440 2193 1585 2228 prohibita.

938 2242 961 2271 D
992 2244 1038 2281 ι,7.
1056 2243 1083 2280 (ς
1098 2243 1137 2278 ι.)
1154 2241 1302 2270 Praefectus
1324 2240 1385 2268 urbi
1401 2239 1536 2275 castigare
1550 2239 1620 2267 solet
1631 2238 1713 2266 etiam
1727 2237 1760 2265 ιι.

973 2293 1076 2324 bertos,
1092 2292 1298 2318 contemnentes
1312 2292 1361 2315 aut
1372 2285 1542 2314 contumelia
1550 2284 1699 2314 allicientes
1712 2290 1761 2318 pa-

974 2343 1067 2366 tronos
1086 2336 1128 2364 vel
1148 2341 1246 2364 uxores
1268 2333 1368 2361 liberos
1391 2340 1425 2361 ve
1440 2339 1547 2364 eorum.
1568 2330 1761 2359 comminando

973 2382 1079 2412 scilicet
1092 2375 1140 2408 aut
1151 2379 1263 2414 ﬂagellis
1274 2377 1470 2410 caedendum
1481 2376 1560 2403 aliter
1570 2382 1618 2410 pro
1630 2373 1760 2409 qualitate

974 2429 1063 2457 delicti
1078 2434 1140 2455 eum
1164 2424 1314 2461 puniendo;
1330 2424 1353 2451 si
1375 2430 1439 2450 vero
1453 2426 1481 2450 et.
1502 2420 1650 2449 detulerint
1675 2420 1761 2454 ipsos,

975 2475 1017 2503 vel
1039 2481 1100 2502 cum
1127 2471 1245 2500 inimicis
1267 2477 1362 2498 eorum
1387 2467 1613 2502 conspiraverint,
1643 2465 1761 2492 fustibus

975 2517 1100 2552 castigati
1124 2520 1155 2544 et
1172 2520 1294 2547 tonsura,
1313 2513 1396 2548 inque
1410 2511 1570 2539 servitutem
1595 2510 1695 2538 iterum
1707 2515 1761 2536 .re-

975 2564 1060 2595 dacti,
1077 2562 1212 2590 deduntur
1224 2559 1258 2587 iis
1271 2566 1341 2594 quos
1354 2557 1523 2585 detulerunt.

1010 2610 1037 2637 8.
1052 2609 1111 2646 (εὖ
1124 2613 1151 2636 et
1166 2608 1206 2643 6.)
1220 2605 1368 2633 Praefectus
1387 2604 1447 2631 urbi
1478 2610 1577 2631 curare
1593 2602 1674 2640 solet,
1691 2606 1721 2630 ut
1735 2606 1763 2630 et

976 2663 1040 2685 caro
1055 2655 1144 2683 omnis
1158 2653 1232 2689 justo
1248 2651 1336 2687 pretio
1355 2649 1498 2677 vendatur.
1518 2648 1566 2676 sed
1580 2653 1606 2676 et
1623 2649 1701 2683 quies
1712 2657 1761 2684 po-

976 2701 1110 2738 pularium
1125 2704 1152 2727 et
1166 2697 1307 2732 disciplina
1320 2694 1534 2731 spectaculorum
1548 2694 1582 2722 ad
1597 2694 1683 2730 ipsum
1697 2702 1760 2730 per-

976 2750 1045 2777 tinet
1060 2755 1067 2774 :
1082 2751 1109 2774 et
1124 2745 1226 2773 habere
1238 2743 1318 2771 debet
1338 2740 1484 2775 dispositos
1505 2739 1604 2768 milites
1624 2740 1657 2767 ad
1681 2743 1762 2768 tuen.

977 2796 1039 2822 dam
1057 2792 1187 2828 quietem,
1202 2794 1230 2818 et
1252 2788 1288 2816 ad
1308 2786 1492 2816 referendum.
1504 2786 1557 2815 sibi
1581 2786 1645 2822 quid
1662 2785 1763 2821 ubique

978 2844 1083 2875 agatur.

1005 2887 1041 2914 Ὀ.
1068 2886 1081 2921 §
1097 2884 1133 2919 7.)
1151 2881 1298 2911 Praefectus
1310 2880 1369 2910 urbi
1393 2882 1480 2916 potest
1497 2878 1576 2908 alicui
1591 2878 1657 2906 urbe
1676 2878 1770 2906 inter!
