1938 3070
172 145 227 176 667

694 144 949 175 CONS’I‘ANTINI
971 145 1311 177 PORPHYROGEXITI

1763 149 1817 182 463

172 203 276 233 dicere,
297 204 325 227 et
346 203 423 235 parte
444 198 534 233 aliqua
561 197 647 231 urbis,
675 203 703 227 et
726 199 915 235 negociatione
937 205 960 227 et

1018 201 1071 228 τινι
1096 201 1146 236 τῆς
1174 201 1292 233 πόλεως,
1312 201 1360 228 καὶ
1375 201 1477 237 μέρους
1499 201 1586 237 αὐτῆς
1613 202 1660 229 καὶ
1685 211 1816 239 πραγμα-

173 246 348 282 spectaculis,
364 249 392 273 et
415 244 650 276 advocationibus.
674 250 701 272 ct
719 245 789 278 foro,
805 250 832 273 ct
850 247 883 274 ad
898 251 965 273 tent-

171 300 221 327 pus
244 295 273 320 et
294 291 321 318 in
346 295 522 326 perpetuum;
547 296 575 318 et
599 291 622 319 si
649 283 726 326 quis.
741 299 820 326 quem
845 292 963 327 releget,

174 337 316 364 continere
329 336 416 371 ipsum
427 335 518 369 debet,
529 340 556 363 et
567 336 728 364 submovere
740 337 822 364 etiam
833 344 847 363 a
860 338 965 372 provin-

170 383 214 410 cia
230 390 290 410 sua.

206 427 252 466 ιο.
272 426 315 462 (L.
342 427 381 463 ιι.)
400 427 477 463 Apud
499 427 656 463 praefectum
682 428 757 456 urbis
781 429 808 456 in
832 429 964 464 pecunia-

172 472 223 501 riis
238 474 328 501 causis
339 478 367 502 et
382 474 530 509 argentarii
554 474 729 507 conveniunt,
745 474 786 502 vel
798 475 964 503 conveniun-

172 524 227 547 tur.

207 565 220 592 1
228 565 252 592 l.
265 564 309 600 (L.
323 565 379 600 ttt.)
391 564 543 593 Praefectus
554 565 613 594 urbi
627 565 653 593 in
665 565 733 594 urbe
743 565 830 600 major
839 565 966 593 omnibus

172 615 215 639 est
231 615 291 647 post
305 611 474 646 principem;
488 619 616 647 egressus
627 617 718 640 autent
732 612 862 640 terminos
879 612 964 644 urbis,

173 657 246 692 quod
258 657 292 685 ad
304 657 493 692 praefecturam
508 658 616 691 attinet,
629 663 790 693 potestatem
805 665 859 686 non
873 658 963 690 habet,

173 703 225 731 nisi
238 704 311 740 quod
325 705 411 740 possit
422 704 519 740 jubere
533 705 665 733 iudicare.

442 782 634 812 TITULUS
664 782 696 809 V.

471 842 511 870 De
526 848 666 878 quaestore.

209 900 235 927 Ι.
251 899 377 933 Quaestor
397 903 560 935 potestatem
580 898 661 927 habet
679 899 706 926 in
728 905 788 931 eos.
806 898 852 934 qui
869 898 896 926 in
911 898 965 926 hac

174 953 272 981 magna
287 946 355 974 urbe
375 950 531 979 versantur,
551 952 585 973 ex
607 952 769 980 quacunque
784 946 904 981 regione,
919 949 966 972 aut

171 991 356 1026 cujuscunque
379 999 462 1019 sexus
480 991 546 1025 sint,
565 991 622 1019 sive
633 991 726 1019 clerici
752 991 809 1019 sive
826 990 963 1024 monachi,

171 1037 230 1064 sive
246 1036 381 1070 ascetrite,
403 1036 463 1064 sive
485 1044 517 1064 ex
539 1035 602 1063 aliis
623 1035 736 1063 urbibus
752 1042 892 1067 convenae,
918 1039 965 1062 aut

170 1083 360 1118 cujuscunque
371 1082 489 1117 denique
502 1081 618 1110 fortuna:
631 1085 677 1109 aut
691 1081 832 1117 dignitatis
843 1080 942 1108 fuerint
955 1088 962 1106 :

173 1128 312 1163 mquirere
335 1127 408 1155 enim
429 1127 509 1155 debet
534 1127 652 1160 curiose,
678 1129 800 1162 quinam,
818 1126 901 1159 unde,
918 1131 965 1154 aut

174 1180 226 1206 quo
235 1176 368 1208 praetextu
379 1172 518 1206 venerint;
533 1177 560 1201 et
573 1173 782 1208 circumspicere
800 1172 823 1200 si
839 1171 884 1207 qui
898 1171 964 1207 ipsis

174 1218 300 1253 iniuriam
316 1218 436 1252 iaciant;
455 1222 511 1245 tum
526 1218 607 1246 etiam
621 1218 764 1253 providere
778 1222 806 1246 ut
819 1225 900 1254 quam
918 1224 964 1245 σος

174 1265 282 1292 .crrime
307 1264 435 1299 expediat
454 1264 514 1292 illos
535 1264 750 1297 diﬂicultalibus,
771 1269 882 1300 propter
896 1271 964 1299 quas

173 1311 216 1338 uie
231 1314 446 1344 commorantur,
462 1315 492 1338 ut
509 1311 597 1346 primo
609 1318 719 1346 quoque
735 1315 856 1346 tempore
870 1310 964 1338 remit-

172 1361 266 1383 tantur
279 1363 312 1384 eo
328 1355 401 1384 unde
415 1360 560 1390 venerunt,
575 1356 697 1385 fruentes
709 1355 743 1384 iis
756 1363 816 1391 qua:
836 1356 902 1391 ipsis
916 1355 963 1384 de-

169 1403 276 1430 bentur.

204 1448 232 1475 2.
247 1447 371 1481 Ωιιαιειοι·
389 1448 526 1482 agricolas
542 1448 698 1483 vectigales.
709 1447 755 1483 qui
772 1447 897 1476 dominos
913 1448 962 1476 ita-

171 1493 236 1520 bent
256 1496 285 1519 et
299 1493 333 1520 ab
347 1493 380 1520 iis
400 1492 557 1520 desiderant
577 1492 628 1520 sibi
643 1492 733 1519 debita
752 1493 892 1525 exhibent,
917 1501 963 1522 eos

173 1538 217 1565 ubi
236 1538 262 1565 in
278 1539 347 1566 hanc
365 1539 467 1573 regiam
489 1538 583 1566 urbem
596 1538 722 1566 venerint
735 1538 805 1566 ttteri
821 1543 920 1574 potest,
934 1545 960 1567 et

1018 1536 1143 1571 ηκόντων,
1169 1536 1280 1568 τούτους

173 1582 299 1610 dominos
321 1589 420 1617 cogere
440 1587 471 1610 ut
484 1590 565 1617 quam
586 1583 703 1618 pritttum
719 1583 786 1618 ipsis
810 1584 915 1612 solvant
929 1592 960 1613 ea

172 1633 284 1662 propter
298 1635 358 1663 qua:
380 1632 526 1661 venerunt,
546 1633 576 1656 ut
603 1629 647 1656 ubi
669 1629 712 1663 jus
727 1637 806 1657 suum
821 1630 961 1658 consecuti

173 1672 286 1705 fuerint,
305 1672 479 1700 remittantur
497 1681 504 1700 :
521 1673 544 1701 si
560 1681 625 1702 vero
642 1674 668 1701 in
683 1674 757 1702 litem
769 1683 829 1703 cum
845 1675 961 1704 dominis

173 1718 331 1751 inciderint,
351 1718 458 1753 ipsique
485 1720 699 1747 controversiam
717 1726 853 1753 moveant,
875 1721 962 1757 siqui-

173 1765 236 1791 dem
251 1763 328 1791 multi
340 1764 454 1797 fuerint,
467 1764 610 1793 confestim
624 1773 671 1794 eos
685 1766 719 1794 ad
742 1774 822 1802 agros
841 1775 904 1795 suos
919 1775 961 1796 te-

173 1809 283 1837 ntittere
300 1810 392 1842 debet,
415 1811 522 1839 duobus
547 1816 594 1839 aut
610 1811 697 1840 tribus
710 1813 812 1841 relictis
827 1814 872 1848 qui
887 1822 961 1842 cont-

173 1862 282 1882 muttem
298 1854 372 1883 litem
388 1855 438 1884 soli
458 1861 668 1891 persequantur.
693 1858 746 1886 Sed
772 1863 798 1886 et
812 1859 848 1886 ita
864 1867 962 1888 curare

172 1897 279 1925 debebit
290 1903 409 1933 quaestor
423 1903 452 1927 ut
463 1900 550 1935 primo
564 1908 671 1936 quoque
687 1906 808 1938 tempore
824 1903 888 1931 finis
908 1905 960 1932 im-

172 1947 299 1978 ponatur,
315 1944 452 1980 praecipue
466 1952 528 1973 cum
543 1947 669 1982 agricolae
684 1948 749 1982 sint,
766 1956 881 1984 quorum
896 1957 962 1985 prae-

171 1988 259 2016 sentia
275 1989 302 2017 in
315 1990 367 2018 bac
382 1990 450 2019 urbe
463 1998 643 2026 supervacua,
657 1998 684 2021 et
696 1994 781 2021 otium
796 1995 829 2022 ab
843 1995 961 2030 agricul-

172 2039 233 2062 tura
250 2040 277 2063 et
289 2036 354 2071 ipsis
368 2041 396 2064 et
411 2037 529 2066 dominis
544 2038 664 2074 ipsorum
681 2039 845 2070 detrimento
859 2048 911 2071 est.

205 2171 233 2198 3.
250 2170 376 2204 Quaestor
400 2172 572 2207 peregrinam
593 2173 794 2203 multitudinem
817 2183 878 2211 qua:
898 2177 960 2210 qui-

170 2217 232 2244 dem
248 2218 350 2245 rustica
373 2225 426 2246 non
445 2218 492 2250 sit,
515 2219 539 2246 si
562 2226 624 2247 cum
645 2220 706 2248 aliis
723 2221 785 2249 lites
802 2228 959 2256 exerceant,
977 2212 1000 2239 θ

170 2261 216 2289 diu
239 2262 342 2290 morari
366 2262 393 2290 in
417 2262 468 2290 hac
492 2262 560 2290 urbe
584 2271 618 2291 ne
641 2264 795 2299 permittat;
813 2267 860 2294 sed
877 2275 959 2302 quatn

171 2307 290 2336 maximo
304 2307 468 2343 compendio
480 2308 591 2343 poterit,
608 2312 813 2339 controversias
829 2312 917 2345 ﬁniat,
932 2318 960 2341 et

170 2360 243 2386 Ipsos
252 2353 386 2388 expeditis
399 2353 516 2388 negotiis
528 2354 648 2383 remittat
659 2356 693 2383 ad
701 2357 825 2391 proprias
837 2358 961 2394 regiones

169 2403 216 2426 :tut
230 2399 311 2427 urbes
323 2399 458 2427 colendas.

203 2487 230 2514 Δ.
246 2487 371 2521 Quaestor
389 2488 412 2517 si
435 2490 534 2525 saepius
550 2490 737 2527 interpellatus
759 2495 893 2523 invenerit
908 2496 958 2523 do-

169 2532 258 2560 tuittos
285 2533 444 2562 colonorum
461 2536 500 2563 uti
525 2536 713 2573 dilationibus,
732 2548 820 2576 neque
842 2542 911 2570 velle
931 2548 960 2570 ut

170 2583 274 2607 mature
297 2579 403 2614 judicio
434 2580 595 2616 liberentur,
623 2584 680 2620 ipse
706 2585 807 2614 siSIens
834 2587 959 2616 dominos

169 2631 260 2650 c-nratn
277 2625 451 2660 petitoribus,
474 2629 585 2664 gravius
604 2637 651 2658 eos
666 2631 788 2665 mulclet,
807 2637 834 2660 et
849 2633 957 2662 confes-

168 2666 216 2693 “m
230 2667 359 2703 diSilonat
375 2672 409 2700 de
430 2673 465 2702 iis
478 2679 591 2711 propter
603 2683 664 2711 quae
680 2677 770 2706 coloni
789 2679 831 2706 hic
847 2670 955 2707 moran-

170 2715 234 2763 ως,-
246 2714 420 2752 remittatque
439 2727 665 2757 unumquemque
681 2723 708 2750 in
733 2724 851 2759 patriam
867 2732 957 2760 suam,

170 2757 212 2784 Vel
227 2757 329 2807 eam
347 2764 484 2798 regionem
498 2768 570 2796 unde
586 2757 851 2803 venerunt,_sublato
865 2772 891 2800 itt
905 2757 957 2801 hoc

171 2806 282 2837 negotio
296 2807 368 2834 omni
384 2809 526 2846 privilegio
541 2818 568 2841 et
582 2813 634 2842 fori
650 2817 866 2852 prtescriptione.

1016 247 1092 279 τείας
1117 247 1166 273 καὶ
1183 246 1259 281 Θέας,
1277 247 1325 274 καὶ
1347 246 1561 283 ἐπιτηδεύσεως,
1576 247 1623 274 καὶ
1650 249 1814 285 συνηγορία;

1017 293 1113 328 φόρου,
1142 293 1189 320 καὶ
1224 293 1413 329 προσκαίρως,
1441 293 1488 319 καὶ
1514 293 1660 329 διηνεκῶς,
1687 294 1735 321 καὶ
1767 296 1815 322 ἐὰν

1017 338 1128 374 ἐξορίσῃ
1147 339 1188 371 τίς
1204 347 1276 372 τινα,
1306 339 1412 374 εἵργειν
1439 339 1522 366 αὑτὸν
1548 338 1663 374 ὀφείλει,
1689 340 1737 367 καὶ
1765 341 1816 376 τῆς

1019 385 1088 416 ιδίας
1101 385 1231 420 πατρίδος
1245 385 1282 420 μὴ
1297 385 1418 420 ἐξιστᾷν.

1054 431 1081 460 ι’.
1100 431 1181 467 Παρὰ
1196 431 1236 467 τῷ
1251 431 1365 467 ἐπάρχῳ
1384 432 1441 467 ’τῆς
1466 432 1582 464 πόλεως,
1596 433 1621 458 ot
1635 432 1816 468 ἀργυροπρὰ-

1017 486 1074 511 ται,
1093 477 1140 505 και
1150 477 1331 513 χρηματικῶς
1348 477 1478 512 ἐναγουσι
1495 477 1543 505 καὶ
1559 478 1716 512 ἐνάγονται.

1053 565 1097 592 ια’.
1117 564 1146 592 ’0
1166 566 1216 601 τῆς
1240 565 1344 598 πόλεως
1371 565 1493 601 ἔπαρχος
1514 566 1544 593 ἐν
1564 567 1598 601 τῇ
1617 565 1694 592 πόλει
1712 566 1816 601 μείζων

1018 612 1128 640 πάντων
1153 612 1212 639 ἐστὶ
1238 613 1308 648 μετὰ
1327 613 1373 640 τὸν
1403 613 1527 649 βασιλέα,
1550 613 1667 647 ἐξελθὼν
1694 613 1723 641 δέ
1748 614 1815 646 τοὺς

1016 659 1097 694 ὅρους
1113 659 1163 694 τῆς
1181 659 1296 691 πόλεως,
1309 659 1372 686 ὅσον
1390 667 1422 694 γε
1438 659 1485 686 ἐπὶ
1501 661 1535 695 τῇ
1551 660 1720 695 ἐπαρχότητι
1731 659 1811 692 ἐξου-

1017 704 1079 732 σίαν
1094 704 1144 732 οὐκ
1160 704 1228 739 ἔχει,
1249 704 1321 740 πλὴν
1337 705 1385 732 τοῦ
1405 705 1530 732 κελεύειν
1549 706 1597 732 καὶ
1614 705 1748 738 δικάζειν.

1318 781 1442 808 ΤΙΤΛΟΣ
1461 781 1499 809 Ε’.

1228 837 1298 872 Περὶ
1315 836 1369 864 τοῦ
1388 837 1593 872 κοιαίστωρος.

1053 894 1087 923 α’.
1114 895 1144 923 '0
1161 894 1310 930 κοιαίστωρ
1328 894 1452 927 ἐξουσίαν
1472 895 1530 930 ἔχει
1554 895 1618 927 τοὺς
1635 895 1682 922 ἐπὶ
1696 895 1745 930 τῆς
1762 903 1812 930 με·

1016 943 1103 977 γᾶλης
1119 941 1223 977 ταύτης
1239 940 1442 976 ἐπιδημοῦντας
1463 941 1568 973 πόλεως
1584 941 1613 974 ἐξ
1640 941 1699 973 οἵας
1711 941 1807 976 δηποτ-

1015 989 1063 1016 οὖν
1085 988 1176 1024 χώρας
1189 987 1238 1022 ἦτε
1258 986 1369 1021 ἄνδρας,
1386 987 1404 1023 ἢ
1419 987 1563 1021 γυναῖκας,
1577 987 1593 1022 ἦ
1610 987 1770 1022 κληρικοὺς,
1790 986 1806 1022 ἢ

1017 1033 1164 1070 μοναχοὺς,
1188 1033 1204 1068 ἢ
1230 1033 1383 1069 ἅσκητρίας
1412 1031 1462 1068 [αι.
1494 1033 1642 1068 ἀσκητὰς],
1673 1033 1729 1059 εἴτε
1753 1033 1809 1059 τῶν

1015 1080 1175 1113 ἐξωπόλεων
1197 1079 1375 1114 συνηγόρους,
1389 1079 1406 1112 ἢ
1418 1078 1466 1105 καὶ
1483 1078 1567 1114 ἄλλης
1589 1078 1700 1106 οἱασοῦν
1723 1079 1810 1114 τύχης

1015 1134 1044 1152 τε
1065 1125 1113 1152 καὶ
1128 1125 1217 1158 ἀξίας,
1234 1125 1282 1152 καὶ
1294 1123 1527 1159 περιεργάζεσθαι
1549 1123 1623 1157 τίνες
1638 1133 1668 1152 τε
1683 1124 1739 1152 εἶεν
1761 1126 1810 1152 καὶ

1015 1171 1099 1198 πόθεν
1120 1171 1215 1207 ἥκοιεν
1237 1170 1286 1197 καὶ
1307 1171 1353 1197 ἐπὶ
1375 1170 1440 1206 ποία
1456 1170 1606 1206 προφάσει,
1632 1171 1680 1198 καὶ
1696 1171 1810 1198 σκοπεῖν

1014 1217 1087 1248 τινες
1101 1217 1200 1248 αὐτοὺς
1215 1215 1353 1248 ἀδικοῦσι,
1370 1216 1418 1242 καὶ
1440 1215 1632 1251 ἐπιμελεῖσθαι
1655 1216 1702 1243 τοῦ
1719 1218 1808 1244 συντό-

1015 1271 1073 1298 μως
1088 1262 1186 1293 αὐτοὺς
1203 1261 1384 1289 ἀπαλλάττειν
1399 1261 1455 1288 τῶν
1467 1261 1607 1288 δυσκόλων
1626 1262 1659 1288 δι’
1679 1262 1751 1297 ἅπερ
1765 1262 1809 1288 ὲν-

1013 1308 1109 1336 ταυθοί
1128 1308 1346 1343 παραγεγόνασι,
1364 1306 1412 1334 καὶ
1425 1307 1466 1333 ὅτι
1488 1307 1606 1342 τάχιστα
1621 1307 1728 1340 τούτοις
1746 1308 1808 1335 ὅθεν

1013 1353 1128 1389 ἥκουσιν
1155 1353 1321 1388 ἐκπέμπειν,
1339 1352 1395 1380 τῶν
1415 1353 1612 1388 προσηκόντων
1635 1353 1807 1381 ἀπολαύσαν-

1013 1407 1068 1430 τες.

1050 1444 1083 1479 β’.
1110 1444 1140 1472 '0
1157 1445 1316 1481 κοισίστωρ,
1338 1445 1403 1477 τοὺς
1430 1445 1576 1478 τελοῦντας
1591 1445 1734 1481 γεωργοὺς
1755 1445 1807 1472 ὑπὸ

1013 1490 1210 1523 δεσπότας,και
1224 1491 1367 1527 δεομένους
1378 1491 1434 1518 τῶν
1452 1491 1544 1523 αὐτοῖς
1562 1491 1592 1524 ἐξ
1608 1491 1699 1518 αὐτῶν
1714 1499 1806 1527 προσ-

1332 1537 1372 1568 είς
1390 1536 1494 1572 ταύτην
1514 1536 1738 1573 παραγεγονότας
1754 1536 1804 1572 τὴν

1014 1582 1139 1617 βασιλίδα
1155 1582 1244 1615 πόλιν,
1261 1583 1423 1609 ἐπισκοπεῖν
1436 1583 1560 1616 δύναται,
1576 1583 1624 1610 καὶ
1638 1583 1805 1617 ἀναγκάζειν

1012 1627 1076 1660 τοὺς
1094 1628 1292 1664 κεκτημένους,
1318 1627 1417 1656 Θᾶττον
1440 1629 1534 1660 αὐτοῖς
1549 1629 1698 1656 ἀποδοῦναι
1714 1629 1747 1656 τὰ
1762 1630 1806 1664 ἐφ’

1012 1670 1052 1705 οἷς
1077 1673 1218 1708 ἀφίκοντο,
1245 1673 1293 1700 καὶ
1317 1673 1472 1709 ἐκπέμπειν
1489 1674 1590 1702 αὐτίκα
1606 1675 1737 1710 τυχόντας
1750 1674 1805 1701 τῶν

1012 1718 1124 1745 δικαίων
1135 1727 1142 1734 ο
1159 1720 1183 1746 εἰ
1199 1719 1238 1751 δὲ,
1251 1719 1289 1751 ὡς
1306 1719 1390 1753 εἰκὸς,
1407 1720 1448 1751 εἰς
1461 1720 1619 1748 ἐναντίωσιν
1634 1721 1688 1748 τῶν
1703 1729 1805 1756 κεκτη-

1014 1765 1103 1800 μένων
1116 1765 1326 1801 παραγὲνοιντο,
1342 1767 1389 1794 καὶ
1406 1766 1473 1802 πρὸς
1486 1767 1585 1799 αὐτοὺς
1599 1767 1703 1802 λέγοιεν
1717 1767 1804 1799 δίκας,

1013 1811 1115 1847 πλῆθος
1128 1811 1156 1838 δέ
1167 1811 1263 1846 εἴησαν
1278 1813 1342 1844 τοὺς
1360 1812 1410 1848 μέν
1436 1813 1553 1844 πολλοὺς
1565 1813 1743 1848 ἀποπέμπειν
1756 1821 1804 1839 πα-

1015 1857 1145 1892 ραχρῆμα
1159 1858 1200 1889 είς
1217 1857 1268 1893 τὴν
1283 1858 1375 1893 χώραν
1392 1858 1448 1885 δύω
1462 1859 1479 1894 ἦ
1493 1858 1578 1895 τριῶν
1599 1859 1804 1893 καταλιμπανο-

1014 1903 1115 1937 μένων,
1125 1904 1206 1940 οἵπερ
1223 1905 1271 1932 καὶ
1285 1905 1335 1940 τὴν
1349 1905 1402 1932 τῶν
1416 1905 1554 1933 συνδίκων
1566 1905 1644 1942 δίκην
1657 1905 1804 1940 ἀγωνιοῦν-

1011 1959 1070 1986 ται,
1095 1951 1143 1978 καὶ
1168 1950 1254 1982 οὕτως
1278 1952 1360 1979 αὐτὸν
1382 1952 1594 1988 ἐπιμεληθῆναι,
1610 1951 1657 1984 ’ὡς
1683 1953 1802 1988 τάχιστα

1013 1995 1124 2031 τέμνειν
1147 1995 1198 2028 τὰς
1214 1996 1369 2030 ὑποθέσεις,
1385 1997 1428 2024 ῐνα
1443 1997 1482 2034 μὴ
1499 1999 1588 2034 μῆκος
1613 1999 1706 2032 αὐτοῖς
1730 1999 1803 2034 ἐγγίο

1013 2050 1085 2068 νοιτο
1111 2041 1220 2077 χρόνον,
1244 2042 1292 2069 καὶ
1319 2042 1438 2078 μάλιστα
1466 2045 1601 2079 γεωργοῖς
1627 2042 1713 2078 οὖσιν,
1730 2045 1747 2080 ὴ
1762 2045 1804 2071 ἐν-

1013 2087 1101 2114 ταῦθα
1116 2087 1253 2123 παρουσία
1277 2089 1403 2124 περιττὴ,
1422 2089 1470 2116 καὶ
1497 2090 1514 2124 ή
1539 2090 1571 2116 ὲκ
1596 2090 1645 2126 τῆς
1670 2090 1803 2126 γεωργίας

1014 2134 1109 2170 σχολὴ,
1125 2134 1224 2169 βλάϐος
1235 2134 1327 2166 αὐτοῖς
1342 2143 1370 2162 τε
1387 2135 1505 2168 καὶτοῖς
1527 2136 1708 2171 κεκτημένοις
1723 2137 1804 2163 ποιεῖ.

1049 2183 1084 2214 γ’.
1106 2180 1136 2206 'O
1155 2180 1303 2214 κοιαίστωρ
1316 2181 1347 2207 τὺ
1363 2180 1513 2216 ἐπιδημοῦν
1530 2181 1644 2217 πλῆθος,
1661 2182 1685 2208 εἰ
1706 2182 1744 2217 μὴ
1758 2190 1803 2216 γε-

1014 2225 1134 2262 ωργικὸν
1148 2226 1203 2262 είη,
1219 2226 1288 2253 ἀλλὰ
1304 2226 1386 2261 τυχὸν
1400 2227 1474 2259 τινὲς
1488 2227 1589 2264 ἕτεροι,
1614 2228 1631 2265 ἢ
1656 2227 1803 2263 δικασόμε-

1012 2281 1053 2298 νοι
1073 2273 1144 2308 πρὸς
1169 2273 1291 2308 ἐτέρους,
1308 2274 1357 2301 καὶ
1373 2274 1491 2302 ἐνταῦθα
1503 2275 1664 2311 χρονίζοιεν,
1679 2275 1718 2311 μὴ
1733 2275 1802 2302 ἐνδι-

1011 2317 1090 2350 δότω,
1107 2318 1176 2346 ἀλλὰ
1190 2319 1265 2355 πάσῃ
1284 2319 1419 2356 συντομία
1444 2321 1555 2354 αὐτοὺς,
1583 2321 1638 2348 τῶν
1664 2321 1803 2357 ἁμφισΰηη

1011 2365 1151 2400 τουμένων
1164 2365 1369 2398 ἀπαλλαττέτω,
1384 2367 1432 2394 καὶ
1444 2367 1499 2395 τῶν
1512 2368 1596 2396 δικῶν
1607 2368 1802 2404 ἐλευθερουμέ·

1011 2419 1074 2443 νους
1098 2412 1276 2448 ἐκπεμπέτω,
1294 2413 1365 2441 ὥστε
1387 2415 1486 2446 αὐτοὺς
1509 2415 1559 2447 τὰς
1583 2416 1687 2448 οξκείας
1710 2416 1802 2452 χώρας

1011 2457 1060 2484 καὶ
1075 2457 1165 2490 πόλεις
1181 2459 1277 2487 οἰκεῖν.
1459 2492 1462 2495 ,

1046 2502 1077 2530 δ’.
1101 2503 1131 2530 '0
1148 2504 1298 2541 κοιαίστωρ
1313 2506 1338 2532 εί
1356 2506 1488 2538 πολλάκις
1504 2507 1655 2543 ἐνοχλήσας
1670 2507 1734 2539 τοὺς
1748 2507 1802 2534 τῶν

1011 2548 1142 2583 γεωργῶν
1174 2549 1286 2585 κυρίους
1316 2551 1553 2587 ἀναϐαλλομένους
1574 2552 1661 2587 εὖροι,
1690 2553 1738 2580 καὶ
1764 2553 1802 2588 μὴ

1011 2593 1110 2620 θᾶττον
1125 2595 1227 2626 αὐτοὺς
1246 2595 1295 2631 τῆς
1309 2596 1489 2633 προσεδρείας
1506 2597 1659 2630 ἀπαλλάξαι
1674 2597 1802 2630 θέλοντας

1010 2637 1092 2670 αὐτὸς
1106 2639 1249 2674 παριστῶν
1262 2640 1325 2671 τοὺς
1346 2640 1483 2674 δεσπότας
1496 2641 1666 2669 κατενώπιον
1679 2641 1734 2668 τῶν
1745 2642 1800 2668 δεο-

1012 2682 1111 2718 μένων,
1131 2685 1287 2720 ἐπιτιμάτω
1303 2686 1492 2726 σφοξρότερον,
1520 2688 1568 2715 καὶ¹
1590 2688 1620 2716 ἐν
1642 2688 1719 2724 τάχει
1743 2687 1800 2714 δια-

1008 2727 1108 2756 τιθέτω
1132 2730 1176 2764 ἐφ’
1191 2728 1233 2763 οἷς
1257 2732 1281 2758 ot
1311 2733 1433 2768 γεωργοὶ
1457 2734 1646 2769 ἐπεδήμησαν,
1662 2735 1710 2761 καὶ
1733 2733 1801 2769 πρὸς

1008 2774 1058 2806 τὰς
1082 2775 1187 2807 οἰκείας
1202 2777 1337 2813 πατρίδας
1371 2779 1550 2814 ἐκπεμπέτω,
1575 2780 1592 2815 ἢ
1618 2780 1687 2812 ὅλως
1708 2780 1738 2812 ἐξ
1763 2776 1801 2807 ὧν

1008 2821 1107 2855 ἥκουσι
1129 2821 1221 2849 τόπων
1247 2823 1338 2859 πάσης
1359 2824 1538 2862 ἀνῃρημένης
1556 2826 1626 2862 πρὸς
1639 2825 1718 2854 τοῦτο
1733 2833 1800 2861 προ-

1011 2867 1104 2899 νομίας
1119 2876 1148 2895 τε
1164 2870 1211 2895 καὶ
1228 2869 1311 2902 φόρου
1326 2872 1524 2908 παραγοαφῆς.
