1938 3070
122 111 183 144 £69

761 116 957 147 DELECTUS
976 118 1047 149 LEG
1054 119 1119 150 ΗΜ,

1702 120 1763 154 470

163 165 197 194 ε’.
223 165 253 193 '0
265 165 421 211 ,κοιαίστωρ
438 167 463 194 εί
477 166 536 202 βίου
558 168 696 204 πρόφασίν
711 177 793 203 τινες,
807 170 825 205 ἢ
841 170 919 206 δίκης

1007 173 1034 200 5.
1053 173 1095 209 (L.
1114 182 1133 206 ι,
1148 181 1172 202 ε.
1187 174 1226 202 De
1238 174 1317 202 valid.
1333 174 1503 209 mendicant.)
1516 173 1638 207 Quatuor
1649 175 1672 203 si
1688 183 1760 211 quos

124 211 222 239 αἰτίαν
245 210 296 238 οὒκ
321 210 442 245 ἔχοντες,
455 212 502 238 ἐπὶ
518 212 622 248 ταύτης
643 213 697 240 εἰσὶ
713 214 764 248 τῆς
781 215 920 250 ἡμετέρας

125 258 248 291 πόλεως,
264 257 302 290 ὼς
317 258 413 294 διαζῇν
436 259 467 285 ὲκ
484 257 531 286 τοῦ
559 261 706 294 μεταιτεῖν,
734 261 823 288 ὁποῖοί
849 261 922 294 τινές

125 306 212 337 εἰσιν,
226 303 419 337 ἐποπτεύεται,
433 305 481 331 καὶ
496 306 520 331 εί
533 305 653 341 ἔρρωται
670 306 763 339 αὐτοῖς
776 306 811 334 τὰ
826 306 921 342 σώμα-

125 361 164 378 τα
194 351 243 378 καὶ
265 351 374 379 δυνατοὶ
389 351 511 388 διαρκεῖν
533 354 603 388 πρὸς
628 354 708 381 πόνον
732 355 812 388 εἰσὶν,
829 356 853 382 εί
870 355 921 390 μὲν

125 397 237 424 οἰκέται
264 395 331 430 εἷεν,
356 397 566 434 γνωριζομένων
578 399 634 427 τῶν
657 400 796 428 δεσποτῶν
811 401 923 434 τούτους

125 451 145 469 κ
154 443 179 469 χὶ
192 443 307 475 ἄκοντας
319 444 375 475 τοῖς
389 443 570 479 κεκτημένοις
580 444 760 481 ἐκπεμπέτω,
774 446 799 473 εί
811 446 839 473 δὲ
850 446 923 473 ἐλεύ-

129 488 211 523 θεροι
238 488 334 523 τύχην,
362 489 475 521 τούτους
494 490 662 526 ἐκπεμπέτω
686 492 726 523 είς
754 492 803 523 τὰς
829 491 858 524 ἐξ
883 489 923 520 ὦν

127 535 203 561 εἰσιν
219 534 363 571 ἐπαρχίας,
377 535 402 561 εί
421 534 450 562 δὲ
476 535 635 570 αὐτόχθονες
663 534 728 569 εἷεν,
754 538 923 573 παραδιδότω

128 579 233 606 Οᾶετον
256 581 356 613 αὐτοὺς
379 581 436 613 τοῖς
461 589 491 608 τε
514 581 569 608 τῶν
586 580 675 618 ἔργων
701 582 756 609 τῶν
784 582 924 618 δημοσίων

128 625 281 661 τεχνίταις,
303 627 342 658 είς
358 626 521 663 ὑπουργίαν,
535 628 591 659 τοῖς
607 636 637 654 τε
653 628 822 665 προε-σκτῶσιν
841 629 924 665 ἀρτο-

129 671 249 699 ποιικῶν
262 662 461 708 ἐργαστηρίων,
477 673 493 708 ἦ
507 674 564 705 τοῖς
583 674 646 706 τοὺς
656 662 759 710 κῆπόυς
772 662 925 710 ἐργαζομέο

130 726 202 749 νοις,
218 717 236 753 ἢ
251 717 298 744 καὶ
323 718 405 750 ἄλλας
427 718 521 751 ἁπλῶς
547 719 691 755 διαφόρους
702 720 799 754 τέχνας
817 719 863 747 καὶ
878 720 924 757 ὲρ-

131 765 247 799 γασίας,
263 765 333 801 πρὸς
349 765 383 797 ἃς
398 766 431 792 ἂν
449 766 609 802 ιπιτηδείως
624 767 739 800 ἕκαστος
752 768 801 804 ἔχῃ
825 768 927 795 διακεί-

133 819 219 845 μενον
232 810 262 837 τὸ
289 811 380 847 σῶμα,
397 811 455 846 ἅμα
470 812 520 847 μὲν
534 812 748 848 ἀπο-τρέφεσθαι,
765 814 823 850 ἅμα
837 814 866 841 δὲ
880 814 926 841 τὸν

133 855 224 889 ἀργὸν
244 856 290 882 καὶ
305 855 419 884 ἔκλυτον
437 858 477 889 είς
498 857 544 884 τὸν
567 857 678 893 ἐνεργὸν
693 859 740 886 καὶ
757 860 861 894 ἀμείνω
878 869 927 895 με-

131 899 279 928 ταϐάλλειν
303 901 456 936 βίον¹είδὲ
484 902 522 937 μή
551 910 623 934 τινες
650 902 801 939 βουληθῶσι
841 913 926 940 προσ-

138 945 263 980 εδρεύειν
282 947 342 977 ταῖς
365 947 508 982 ἐργασίαις
525 945 568 979 αἷς
589 948 790 984 παρεδόθησαν,
815 949 927 982 τούτους

134 990 313 1018 ἁπελαυνέτω
332 991 382 1026 τῆς
402 992 539 1027 βασιλίδος
559 992 673 1024 πόλεως.
700 993 855 1029 Φειδόμενοι
871 994 927 1030 γὰρ

135 1035 229 1063 αὐτῶν
239 1036 326 1063 ταῦτα
338 1037 552 1073 νομοθετοῦμεν,
568 1038 643 1070 ὅπως
659 1037 692 1065 ἄν
712 1039 749 1074 μὴ
761 1041 811 1075 τῆς
825 1039 926 1075 ἀργίας

135 1082 236 1112 αὐτοὺς
258 1083 298 1114 εἰς
323 1082 442 1116 ἀτόπους
467 1083 581 1120 πράξεις
603 1083 788 1120 συνωθούσης,
817 1085 925 1120 ἀνάγκη

137 1126 193 1153 τῶν
209 1127 299 1162 νόμων
313 1128 353 1159 είς
366 1128 462 1160 ποινὰς
485 1129 665 1164 ἁρπαζόντων
681 1131 736 1161 τοῖς
751 1129 864 1165 ἄρχουσι
876 1130 926 1162 τὰς

137 1171 216 1203 δίκας
232 1172 372 1208 ὑποσχεῖν,
385 1174 433 1200 καὶ
452 1174 661 1209 παραδίδοσθαι,
675 1175 764 1202 καίτοι
779 1176 827 1202 καὶ
842 1176 927 1210 χωρὶς

76 1234 82 1240 .
139 1216 236 1244 τούτου
258 1217 289 1244 τὸ
310 1219 435 1254 παρορᾷν
457 1219 491 1246 τὰ
515 1220 569 1246 τῶν
585 1220 706 1247 ἀσθενῶν
723 1220 786 1252 τοὺς
804 1220 929 1256 ὲρῤωμέ-

139 1271 203 1294 νους
218 1263 382 1298 κατεσθίειν,
399 1264 566 1300 δυναμένους
590 1265 654 1298 ἴσως
671 1266 715 1293 διὰ
732 1266 782 1302 τῆς
798 1267 928 1302 ἐργασίας

141 1308 190 1335 καὶ
202 1309 292 1340 ἄλλοις
306 1310 447 1345 ἐπαρκεῖν,
467 1311 525 1342 πῶς
538 1311 588 1338 οὐκ
603 1312 786 1347 ἁπρονόητον;

177 1357 215 1386 ς’.
237 1354 266 1380 '0
283 1354 431 1390 κοιαίστωρ
456 1356 518 1387 τοὺς
542 1355 748 1392 βεϐλαμμένους
761 1357 790 1383 τὸ
806 1357 895 1391 σῶμα,
911 1357 927 1391 ἢ

142 1396 192 1428 τὶς
209 1395 410 1432 βεϐλαμμένας,
425 1398 443 1434 ἢ
458 1400 492 1434 τῇ
508 1400 589 1435 πολιᾷ
613 1399 716 1436 βαρεῖς,
733 1400 846 1432 τούτους
879 1401 929 1427 ἀν-

142 1442 302 1478 ενοχλήτους
314 1443 395 1476 ἐάτω,
405 1445 450 1471 ἐπὶ
458 1445 559 1480 ταύτης
577 1446 627 1480 τῆς
643 1446 775 1480 βασιλίδος
789 1447 837 1473 καὶ
864 1447 928 1481 φιλ-

972 219 999 246 in
1023 220 1073 247 hac
1091 221 1157 248 urbe
1179 225 1272 249 nostra
1294 220 1438 252 invenerit,
1452 220 1498 255 qui
1521 227 1608 255 neque
1623 227 1756 255 qu:cstum

972 271 1026 299 quo
1046 272 1076 293 se
1094 270 1249 293 susteulent
1264 265 1400 297 habeam,
1426 272 1514 300 neque
1533 265 1589 293 litis
1613 273 1694 293 causa
1713 266 1758 293 hic

972 316 1185 344 commorentur,
1203 311 1240 339 ita
1256 315 1285 338 ut
1305 311 1393 338 victus
1410 311 1476 344 ipsis
1490 311 1667 338 mendicando
1681 318 1757 345 quze-

973 358 1073 385 rendus
1096 358 1142 390 sit,
1165 358 1368 392 qualescunque
1391 357 1493 385 fuerint
1516 357 1654 390 excutiat;
1683 362 1711 385 et
1732 357 1756 384 si

972 407 1086 435 corpore
1107 401 1196 428 valido
1213 406 1241 429 et
1265 401 1412 429 sufﬁciente
1434 401 1574 429 laboribus
1596 401 1706 432 fuerint.
1733 402 1766 429 si.

973 446 1079 480 quidem
1097 446 1169 474 servi
1187 446 1242 474 sint
1257 446 1406 474 scientibus
1421 446 1549 478 dominis,
1565 448 1646 474 etiam
1660 447 1759 475 invitos

973 492 1298 526 dominissuisremittat;
1312 494 1334 520 si
1350 492 1574 526 autemliberi,in
1588 500 1652 520 suas
1662 500 1759 528 quem-

974 545 1027 573 que
1051 538 1175 574 regiones
1204 540 1341 573 remittat;
1367 539 1390 566 si
1416 546 1480 567 vero
1495 538 1629 574 indigena:
1645 538 1758 572 fuerint,

974 585 1115 613 confestim
1132 585 1205 621 ipsos
1221 586 1309 613 tradat
1328 585 1497 621 publicorum
1519 592 1632 620 operum
1647 585 1761 612 artifici-

952 631 1024 659 .bus
1048 630 1082 658 ad
1106 638 1204 665 operas
1222 632 1407 666 praestandas,
1431 630 1490 658 sive
1509 631 1615 666 pistrini
1640 629 1759 665 praefecti

975 676 1038 709 siut,
1048 676 1104 704 sive
1114 677 1139 703 iu
1149 677 1236 704 hortis
1244 676 1538 707 excolendislaboreut.
1547 677 1603 704 sive
1612 675 1760 709 cujuscun-

976 727 1030 755 que
1044 721 1161 756 dcnique
1173 722 1273 756 opilicii
1287 723 1321 750 ad
1334 721 1406 757 quod
1420 722 1540 756 corporis
1551 729 1645 749 eorum
1659 721 1762 748 c0nsti-

977 765 1045 793 tutio
1061 765 1196 793 videbitur
1216 766 1328 799 idonea;
1352 766 1431 805 idque
1448 773 1480 794 eo
1500 766 1563 799 fine,
1580 770 1635 794 tum
1659 770 1689 792 ut
1706 765 1761 792 illic

977 809 1095 842 alantur,
1112 814 1167 837 tum
1181 815 1210 838 ut
1222 811 1336 838 inertem
1348 815 1375 838 et
1389 811 1548 839 dissolutam
1564 811 1658 843 vitam,
1676 818 1760 838 occu-

977 861 1040 891 pata
1054 860 1080 883 et
1103 855 1215 884 meliore
1235 861 1410 884 commutent.
1431 856 1459 884 Si
1477 864 1542 885 vero
1561 857 1679 892 quipiam
1694 857 1760 888 sint,

977 902 1023 936 qui
1037 901 1184 936 assignatis
1196 901 1248 929 sibi
1268 901 1383 936 opificiis
1397 902 1485 930 nolint
1508 902 1649 937 applicari,
1667 909 1713 929 eos
1727 909 1762 928 ex

977 948 1028 975 hac
1043 948 1115 982 regia
1135 947 1202 974 urbe
1220 946 1347 982 expellat.
1363 946 1425 975 Haec
1444 947 1517 975 enim
1531 954 1564 975 eo
1580 947 1632 975 line
1652 956 1666 974 a
1684 947 1762 975 nobis

975 993 1144 1025 sanciuntur,
1158 997 1188 1020 ut
1196 992 1314 1027 ipsorum
1323 992 1586 1021 saluticousulamus
1598 1000 1605 1019 :
1619 1000 1681 1020 nam
1697 1000 1759 1020 cum

975 1039 1059 1067 otium
1068 1043 1096 1067 et
1109 1039 1205 1067 inertia
1219 1039 1253 1066 ad
1261 1038 1362 1073 quaevis
1375 1038 1495 1066 facinora
1506 1038 1593 1067 soleat
1608 1038 1757 1074 impellere.

976 1092 1088 1113 necesse
1102 1084 1155 1113 illis
1167 1089 1239 1113 esset
1251 1085 1356 1121 legibus
1368 1086 1401 1113 ad
1415 1085 1576 1121 supplicium
1591 1084 1761 1112 trahentibus

977 1131 1116 1164 graviores
1130 1138 1225 1165 poenas
1240 1131 1364 1159 sulferre.
1378 1129 1431 1159 Sed
1445 1135 1474 1159 et
1486 1130 1538 1158 alia
1554 1130 1658 1157 ratione
1669 1129 1761 1157 feren-

978 1175 1041 1203 dum
1057 1183 1109 1203 non
1124 1177 1242 1210 videtur,
1255 1182 1284 1204 ut
1300 1184 1331 1204 ea
1347 1184 1408 1212 qua:
1427 1176 1542 1204 infirmis
1558 1176 1698 1208 debentur,
1714 1182 1762 1202 va-

978 1220 1065 1248 lentes
1087 1221 1212 1249 homines
1238 1226 1409 1254 consumant.
1438 1222 1483 1256 qui
1512 1229 1642 1249 manuum
1668 1220 1766 1250 labore

979 1266 1062 1294 etiam
1076 1266 1136 1294 aliis
1154 1266 1270 1295 fortasse
1284 1267 1406 1295 sulllcere
1418 1267 1534 1302 possint.

1015 1351 1042 1379 6.
1059 1351 1182 1385 Quaestor
1201 1351 1352 1379 molestiam
1377 1358 1430 1378 non
1454 1350 1584 1379 exhibeat
1602 1350 1646 1382 iis,
1671 1350 1716 1384 qui
1735 1349 1761 1376 in

979 1404 1092 1432 corpore
1107 1397 1221 1424 mutilati
1237 1397 1402 1424 mutilatatve
1425 1400 1488 1424 sunt
1503 1405 1511 1423 :
1528 1395 1595 1423 iisve
1621 1395 1669 1430 qui
1687 1394 1764 1421 senio

980 1452 1076 1480 graves
1093 1445 1119 1472 in
1136 1445 1186 1472 hac
1200 1444 1283 1479 regia,
1299 1448 1326 1472 et
1347 1444 1463 1470 humana
1479 1451 1543 1477 erga
1559 1450 1654 1471 omnes
1670 1442 1741 1470 urbe
1755 1451 1762 1468 :

141 1487 297 1522 ανθρώπου,
314 1488 418 1521 πόλεως
432 1490 508 1524 παρὰ
531 1489 586 1517 τῶν
612 1491 735 1517 εὐσεϐεῖν
757 1490 927 1526 βουλομένων

981 1490 1028 1517 sed
1044 1490 1139 1517 nutriri
1159 1497 1206 1517 eos
1221 1490 1360 1524 permittat
1383 1489 1418 1516 ab
1433 1489 1465 1516 iis
1482 1488 1526 1523 qui
1543 1488 1652 1522 pietatis
1667 1487 1763 1514 ciliciis

143 1532 359 1568 ἀποτρέφεσθαι,
373 1534 425 1566 ἕως
450 1534 482 1562 ἂν
509 1535 658 1570 βούλωνται
669 1543 675 1551 ·
691 1536 716 1562 εί
740 1536 762 1562 δ’
778 1536 928 1570 ἀποδημεῖν

146 1579 274 1614 αἱροῖντο,
292 1580 422 1615 ἐρωτάτω
433 1581 543 1614 αὐτοὺς.
558 1582 629 1614 τίνος
644 1581 829 1618 παρεγένοντο⁴
837 1582 926 1618 χάριν,

144 1625 190 1651 καὶ
208 1625 410 1662 πυνθανόμενος
427 1627 462 1654 τὰ
485 1627 578 1654 είκότα
601 1628 644 1654 ἐπ’
659 1628 751 1660 αὐτοῖς
775 1628 928 1664 πραττέτω,

144 1671 214 1697 ὥστε
231 1672 268 1707 μὴ
284 1672 434 1704 πονοῦντας
450 1673 567 1701 ἐνταῦθα
582 1673 757 1706 καθέζεσθαι.
774 1674 805 1701 Et
816 1674 844 1700 δέ
857 1682 929 1706 τινες

143 1717 196 1743 τῶν
213 1718 375 1753 εἰρημένων,
396 1719 413 1754 ἢ
429 1719 484 1747 τῶν
497 1720 541 1746 ἐπ’
558 1719 643 1754 αὐτῆς
656 1719 802 1747 οἰκούντων
817 1719 865 1755 τῆς
878 1719 928 1746 πό-

144 1762 222 1795 λεως,
239 1763 256 1798 ἢ
272 1765 317 1790 καὶ
330 1764 384 1791 τῶν
400 1764 500 1797 ἔξωθεν
523 1765 764 1801 παραγενομένων,
781 1765 930 1800 μέμφοιντό

144 1817 214 1835 τισιν
233 1808 271 1841 ὡς
291 1809 357 1845 παρ’
377 1810 467 1837 αὐτῶν
480 1810 526 1837 ἐπί
544 1818 600 1837 τισι
616 1809 814 1845 ζημιωθέντας,
828 1810 930 1845 ἀγαγέ-

145 1862 183 1880 τω
199 1854 260 1886 τοὺς
275 1855 449 1887 αἱτιαθέντας
468 1856 508 1887 είς
527 1855 641 1891 ζήτησιν
657 1855 770 1891 ἀκριϐῆ,
783 1856 877 1889 ὁποίας
897 1856 930 1882 ἂν

147 1897 201 1925 εἶεν
213 1899 290 1932 ἀξίας
304 1909 334 1927 τε
349 1901 396 1927 καὶ
414 1901 553 1936 στρατιᾶς,
569 1901 617 1928 καὶ
632 1901 677 1936 ὑφ’
687 1901 746 1929 οἶαν
769 1899 816 1929 οὖν
829 1902 930 1929 τελοῖεν

148 1945 248 1980 ἀρχὴν,
275 1945 323 1972 καὶ
351 1946 467 1981 μάλιστα
490 1946 514 1973 εί
534 1947 599 1982 περὶΙ
614 1947 672 1978 τὰς.
686 1946 834 1982 λεγομένας
866 1955 930 1974 συν-

148 1990 243 2026 ηθείας
266 1990 344 2026 ἔσχον
353 1991 403 2026 τὴν
419 1991 518 2025 αίτίαν,
531 1992 549 2028 ἦ
564 2001 639 2024 τινας
660 1991 743 2024 ἄλλας
767 1992 931 2028 ἀρχοντικὰς

149 2037 310 2072 προφάσεις,
328 2037 358 2064 ὲν
380 2034 421 2069 οἷς
435 2037 481 2064 καὶ
497 2037 551 2064 τῶν
570 2037 712 2073 ἡμετέρων
728 2036 820 2072 νόμων
837 2045 932 2065 συντε-

148 2082 305 2118 το).μημένη
329 2082 481 2118 καθορᾶται
510 2083 527 2118 ἠ
564 2081 732 2118 παράϐασις,
756 2082 804 2109 καὶ
827 2082 933 2115 τούτοις

151 2128 363 2164 συλλαμϐανέτω
377 2129 437 2164 μὲν,
456 2129 525 2164 μετὰ
544 2128 574 2156 δὲ
591 2128 656 2161 τοὺς
672 2128 837 2160 ἀδεκάστους
856 2128 933 2162 ἐλέγ-

981 1536 1056 1570 fungi
1075 1536 1177 1567 volunt,
1193 1535 1280 1563 donec
1296 1535 1346 1569 ipsi
1360 1535 1494 1562 voluerint
1511 1543 1517 1561 :
1533 1534 1556 1561 si
1571 1540 1635 1561 vero
1650 1540 1684 1559 ex
1698 1532 1764 1560 urbe

982 1581 1120 1609 discedere
1139 1581 1244 1614 malint,
1262 1581 1411 1615 interroget
1428 1580 1502 1614 ipsos
1514 1578 1592 1614 cujus
1612 1579 1698 1614 gratia
1717 1585 1763 1605 ve-

982 1627 1083 1659 nerint,
1106 1634 1193 1661 coque
1215 1626 1324 1662 cognito
1344 1625 1428 1654 faciat
1451 1626 1476 1652 in
1501 1625 1621 1660 ipsorum
1649 1632 1764 1659 persona

982 1671 1054 1706 quod
1069 1679 1175 1710 aequum
1194 1671 1255 1704 erit,
1280 1678 1315 1699 ne
1337 1671 1364 1698 in
1379 1670 1469 1705 inopia
1490 1675 1518 1697 et
1538 1670 1630 1697 labore
1642 1670 1764 1697 viventes

983 1717 1027 1744 hic
1045 1721 1194 1745 morentur.
1217 1715 1246 1744 Si
1274 1723 1338 1744 vero
1361 1716 1494 1751 quispiam
1517 1723 1551 1743 ex
1572 1715 1708 1750 praedictis
1724 1715 1764 1741 vel

983 1761 1123 1796 inquilinis
1137 1761 1178 1788 vel
1191 1761 1299 1789 aliunde
1313 1760 1495 1793 venientibus,
1510 1759 1698 1788 accusaverim
1712 1758 1764 1785 ali-

982 1814 1063 1842 quos,
1076 1814 1090 1834 a
1102 1807 1200 1842 quibus
1212 1814 1241 1834 se
1258 1806 1357 1842 injuria
1373 1805 1483 1834 allectos
1494 1806 1622 1838 dixerint,
1640 1804 1764 1839 diligenti

982 1853 1125 1888 qumstioni
1139 1852 1264 1887 subiiciet
1277 1855 1420 1880 accusatos
1433 1851 1617 1885 cujuscunque
1628 1849 1765 1885 dignitatis

984 1903 1031 1926 aut
1056 1898 1159 1925 militiae
1186 1897 1297 1930 fuerint,
1314 1900 1341 1924 et
1366 1897 1483 1924 maxime
1508 1896 1532 1923 si
1562 1900 1660 1930 prazter
1679 1895 1765 1922 dictas

983 1945 1191 1974 consuetudines
1212 1943 1313 1979 aliquid
1332 1942 1529 1974 commiserint,
1555 1945 1602 1968 aut
1624 1941 1675 1967 alia
1691 1940 1765 1974 prin-

984 1991 1081 2026 cipalia
1101 1990 1203 2023 edicta,
1228 1990 1254 2017 in
1273 1988 1371 2023 quibus
1394 1988 1478 2016 etiam
1501 1987 1589 2022 legum
1612 1990 1764 2013 nostrarum

985 2036 1128 2070 despectus
1152 2033 1336 2069 cognoscitur.
1364 2036 1392 2060 et
1419 2031 1493 2066 leges
1519 2030 1638 2064 quidem-
1658 2035 1769 2057 uestras
1808 2025 1814 2030 “

986 2086 1102 2114 tueatur,
1115 2085 1142 2108 et
1151 2085 1211 2115 post
1222 2081 1391 2113 incorruptas
1401 2077 1576 2113 probationes
1587 2082 1693 2111 pinnas,
1705 2083 1766 2110 qua:

985 2127 1075 2162 legum
1094 2131 1247 2154 nostrarum
1264 2123 1472 2152 comminatione
1492 2122 1681 2154 continentur,
1697 2120 1766 2148 inlli-

149 2183 221 2209 χους,
238 2175 288 2207 τὰς
303 2175 490 2210 ἡτιειλημένας
517 2174 587 2201 κατὰ
612 2175 675 2206 τοὺς
701 2174 855 2210 ἡμετέρους
889 2174 929 2201 νό-

987 2178 1042 2209 gat,
1066 2173 1174 2200 nemine
1195 2171 1405 2206 competentium
1428 2169 1573 2204 przesidum
1589 2168 1705 2195 audente
1726 2167 1767 2194 bis

151 2229 215 2255 μους
239 2220 429 2257 είσπραττέτω
453 2220 548 2253 ποινὰς
573 2219 681 2252 οὐδενὸς
704 2219 759 2247 τῶν
775 2219 936 2256 προσφόρων

149 2267 238 2298 αὐτοῖς
269 2268 428 2303 ἀρχόντων,
466 2265 666 2294 ἀντιποιεῖσθαι
705 2265 807 2293 τούτων
832 2265 943 2302 [ὑπερι

151 2312 273 2344 αςπίζειν
305 2312 409 2348 αὐτῶν]
433 2312 595 2348 δυναμένου,
619 2311 668 2339 καὶ
684 2312 741 2343 τοῖς
763 2310 937 2346 ἠδικημένοις

151 2358 361 2385 ἀποκαθιστάτω
380 2359 412 2386 τδ
430 2359 568 2395 ἀδίκημα·
583 2358 609 2385 εί
624 2358 653 2384 δέ
668 2366 710 2390 τις
723 2358 779 2389 τοϊς
793 2357 936 2392 ἠδικηκόσι

151 2403 196 2429 καὶ
215 2404 282 2439 ἄλλῃ
304 2404 392 2440 ζημίᾳ
412 2404 488 2440 παρὰ.
505 2403 559 2431 τῶν
585 2403 678 2437 νόμων
706 2402 882 2438 ἐπιϐέϐληται
898 2404 938 2435 είς

152 2449 178 2474 τὸ
192 2449 322 2484 δημόσιον
347 2450 458 2485 ἀρχεῖον
472 2449 666 2477 ἀποϐλέπουσα
683 2448 752 2485 μετὰ
766 2448 815 2484 τὴν
831 2449 938 2475 ἀποκα-

985 2219 1186 2248 contraveuire.
1203 2217 1233 2245 Et
1248 2217 1354 2252 quidem
1371 2216 1403 2244 iis
1420 2216 1465 2250 qui
1479 2214 1577 2250 injuria
1593 2213 1681 2241 aﬂecti
1694 2218 1766 2244 sunt.

985 2267 1146 2295 restituatur
1159 2266 1229 2300 quod
1243 2271 1336 2291 eorum
1348 2263 1463 2290 interest
1480 2271 1488 2290 :
1504 2261 1527 2289 si
1543 2268 1606 2289 vero
1620 2260 1675 2288 reis
1686 2259 1766 2287 etiam

986 2313 1037 2341 alia
1062 2318 1142 2347 pmna
1164 2318 1179 2338 ι
1206 2310 1310 2344 legibus
1339 2308 1476 2343 inlligatur
1496 2315 1555 2342 quae
1570 2308 1604 2334 ad
1631 2305 1766 2342 publicum

986 2362 1100 2394 spectet,
1123 2361 1184 2392 post
1205 2355 1404 2384 restitutionem
1426 2354 1548 2382 criminis
1568 2353 1600 2380 ad
1621 2351 1768 2388 principale

991 2404 1133 2439 imperium
1149 2403 1182 2430 tle
1198 2402 1264 2438 ipsis
1283 2400 1426 2432 referatur,
1443 2405 1471 2427 et
1482 2403 1580 2434 quanta
1600 2398 1714 2433 principi
1729 2397 1768 2424 vi-

992 2449 1099 2477 debitur
1112 2446 1269 2482 pecuniaria
1287 2444 1370 2472 multa
1395 2443 1421 2471 in
1440 2443 1512 2477 ipsos
1525 2441 1715 2469 constituatur.

152 2493 279 2521 τάστασιν
301 2494 348 2521 τοῦ
370 2484 550 2532 ἀδικήματος,
568 2495 608 2527 είς
627 2484 830 2530 τὴννβασίλειον
862 2495 951 2530 ἀρχὴν
970 2495 1035 2530 περὶ
1065 2492 1154 2521 αὐτῶν
1170 2490 1340 2527 ἁναφερέτω,
1356 2489 1403 2516 καὶ
1424 2488 1489 2515 ἔνθα
1513 2487 1546 2514 ἂν
1570 2486 1652 2513 αὐτὸν
1676 2484 1768 2520 συνίδῃ

153 2542 318 2570 ἀνατιθέσοω
332 2542 362 2569 τὸ
379 2543 550 2579 χρηματικδν
561 2537 708 2578 ἐπιτίμιον.

186 2587 218 2619 ζ’.
239 2585 268 2614 '0
293 2587 451 2623 κοιαίστωρ,
468 2587 559 2614 πάντα
597 2587 648 2614 ὅσα
674 2586 777 2622 μέμψιν
805 2586 938 2622 λαμϐάνει

155 2634 374 2669 παραποιήσεως,
387 2633 502 2667 ἦτοιτῆς
512 2632 682 2668 καλουμένης
697 2631 936 2667 πλαστογραφίας,

155 2680 181 2706 ὲν
196 2680 244 2714 οἴῳ
263 2679 363 2714 δήποτε
376 2679 496 2713 τάγματι
511 2677 597 2705 ταῦτα
614 2677 792 2713 ἀναζητείτω,
809 2677 857 2705 καὶ
875 2677 940 2708 τοὺς

155 2726 198 2752 ἐπὶ
217 2725 325 2757 τούτοις
341 2724 629 2761 προσαγγελλομένους
645 2724 791 2759 κατεχέτω,
807 2723 853 2750 καὶ
863 2722 939 2757 ἔλεγ-

156 2772 286 2808 χομὲνους
303 2771 469 2806 τιμωρείτω.
498 2771 553 2797 Καὶ
580 2770 635 2805 γὰρ
662 2770 709 2796 καὶ
733 2770 782 2805 τῆς
812 2768 939 2804 τοιαύτης

158 2819 314 2855 ἀκροάσεως
345 2818 452 2853 δίδομεν
465 2817 588 2849 ἐξουσίαν
603 2816 686 2851 αὐτῷ.

1027 2585 1054 2612 7.
1073 2583 1197 2616 Quaestor
1217 2580 1307 2609 Omnia
1333 2578 1459 2610 crimina,
1481 2584 1541 2612 quae
1567 2575 1769 2603 adulterationis

992 2634 1039 2658 aut
1055 2629 1115 2657 falsi
1131 2629 1267 2659 dicuntur,
1286 2624 1416 2655 excutiat.
1435 2621 1698 2657 comprehendatque
1711 2628 1767 2652 eos,

992 2676 1037 2711 qui
1053 2675 1115 2702 talia
1133 2673 1302 2701 commisisse
1321 2670 1491 2702 deferuntur,
1506 2673 1532 2695 et
1546 2668 1569 2695 si
1583 2667 1692 2702 quidem
1705 2673 1770 2711 con-

992 2710 1057 2748 victi
1080 2719 1193 2750 fuerinl,
1210 2716 1313 2752 puniat.
1334 2715 1435 2742 Damus
1447 2713 1520 2742 enim
1536 2712 1573 2740 illi
1594 2712 1674 2741 etiam
1693 2710 1771 2745 hujus

992 2764 1135 2794 audientiae
1147 2766 1317 2798 potestatem.
