1938 3070
176 119 230 148 4η

213 171 240 199 8.
256 171 379 204 Quaestor
393 175 419 198 et
432 171 567 206 praecipue
579 176 607 200 et
620 177 750 207 perpetuo
765 180 859 200 curam
878 176 964 208 gerat,
979 176 1006 206 Α

179 221 207 244 ιιι
226 217 318 244 omnia
338 217 413 250 puris
431 217 557 245 manibus
582 217 676 251 faciat,
697 218 893 252 ministrosque
918 219 966 245 ba-

179 262 252 294 bcat,
260 269 312 289 non
330 262 451 289 avaritiae
461 267 508 290 aut
519 263 605 298 turpis
615 264 683 291 lucri
696 264 832 291 studiosos
842 271 849 290 :
858 268 967 299 opertet

177 306 250 334 enim
273 311 300 335 et
324 307 410 342 ipsum
432 309 538 337 sincere
561 316 594 337 ac
616 309 701 337 libere
721 309 865 344 imperare,
890 314 917 337 et
943 310 965 337 si

177 351 242 387 quid
257 359 272 379 a
290 353 423 381 ministris
438 354 494 382 suis
505 355 678 382 commissum
695 355 826 388 inveniat,
843 355 868 382 id
878 355 965 388 ipsum

175 398 285 434 punire,
301 403 330 426 ut
343 399 464 434 ipsorum
480 400 605 435 exemplo
619 400 745 428 05teudat
761 401 845 428 animi
862 401 902 428 sui
920 401 966 428 iir-

177 444 302 473 mitatem
317 449 344 473 et
357 445 582 475 moderationem.

213 537 240 564 9.
268 537 400 570 Quaestori
427 537 565 565 licenti-am
592 538 698 571 damus,
725 539 807 566 etiam
836 538 966 572 praesides

176 583 380 618 provinciarum
397 583 430 611 ad
449 591 500 611 nos
524 583 645 617 deferre;
668 584 811 619 ipsumque
829 584 900 611 domi
918 591 966 611 cu-

178 636 241 657 rare
262 636 322 663 qua:
338 636 407 664 opus
430 633 522 662 erunt,
550 636 584 657 ne
608 629 795 656 infirmitatem
822 633 869 656 aut
891 629 966 656 aliud

178 674 289 709 aliquod
304 675 525 710 impedimentum
539 680 668 704 causatus
682 675 784 711 judicio
801 680 894 703 nostro
908 675 960 702 mi-

179 727 230 748 nor
246 720 298 747 sibi
312 720 362 755 ipsi
378 720 511 748 videatur.

216 765 262 794 10.
285 765 417 800 Quaestori
434 766 572 794 licentiam
590 767 699 800 damus,
715 767 830 802 publicis
845 767 964 802 epistolis

178 813 218 840 uti
242 812 275 840 ad
299 812 430 848 praesides
451 813 670 848 provinciarum,
688 818 717 840 ut
736 813 782 848 qui
801 814 835 841 ab
853 813 912 848 ipso
937 813 963 840 in

179 858 285 885 illorum
307 858 463 891 provincias
482 859 556 886 missi
579 863 652 891 sunt,
674 866 772 886 secure
789 859 844 886 illic
867 859 965 892 degere
981 849 1002 877 Β

178 901 293 937 possint,
310 906 338 930 et
360 903 382 930 si
405 910 460 937 quo
477 902 565 938 legum
587 904 690 931 auxilio
714 903 872 939 indigeant,
892 911 926 932 ne
940 904 965 931 id

178 947 244 982 ipsis
272 947 439 983 denegetur,
465 953 550 984 utque
574 949 736 984 provideant
762 949 907 984 inprimis,
933 956 966 977 ne

177 995 277 1022 iterato
304 994 356 1030 ipsi
381 995 507 1022 molestia
532 995 713 1027 exhibeatur;
731 995 754 1022 si
777 995 848 1022 enim
871 1002 967 1022 rursus

178 1041 204 1067 in
217 1040 270 1068 bac
285 1040 426 1074 splendida
443 1045 470 1067 et
485 1040 557 1068 felici
579 1040 646 1067 urbe
658 1040 867 1074 deprehenderit
878 1047 966 1075 quos-

177 1087 250 1122 piam
268 1086 369 1114 frustra
387 1086 536 1120 latitantes,
553 1086 596 1114 bis
609 1086 730 1114 remissis
746 1087 843 1114 iterum
859 1087 886 1114 in
903 1093 967 1122 pro-

180 1132 254 1166 prias
267 1132 393 1167 regiones
414 1135 440 1159 et
453 1135 652 1166 competentem
673 1131 864 1159 coercitionem
878 1131 966 1167 impo-

180 1183 237 1211 nat,
257 1182 286 1206 et
310 1185 370 1206 eum
395 1178 514 1213 graviori
541 1184 621 1213 poena
645 1177 773 1206 dimissos
797 1185 891 1206 rursus
915 1184 966 1206 ex-

179 1225 272 1262 pellat.

466 1336 617 1365 TlTULUS
638 1336 682 1364 Vl.

388 1393 427 1421 De
441 1394 600 1429 prmidibus
616 1394 644 1420 in
659 1401 760 1428 genere.

214 1450 240 1477 1.
256 1449 298 1485 (L.
317 1457 336 1482 ι,
352 1449 384 1483 ff.
397 1448 436 1476 De
451 1449 516 1483 oﬂic.
532 1447 788 1483 pra-sid.)Praesidis
806 1453 905 1474 nomen
922 1452 968 1481 ge-

179 1495 272 1522 nerale
287 1499 339 1528 est,
358 1499 386 1521 et
401 1494 538 1528 signiﬁcat
550 1497 578 1520 et
592 1493 729 1520 exercitus
745 1493 852 1523 ducem.
868 1496 895 1519 et
909 1499 968 1527 pro-

177 1539 327 1571 consulem.
346 1544 373 1566 et
394 1546 490 1566 omnes
511 1538 666 1573 provincias
687 1542 821 1573 regentes,
847 1537 909 1565 licet
924 1544 967 1565 se-

178 1589 290 1611 natores
306 1584 361 1611 sint
385 1591 392 1610 :
410 1584 581 1619 proconsulis
603 1590 668 1611 vero
684 1582 831 1618 appellatio
842 1582 967 1618 specialis

179 1633 233 1657 est.

215 1674 242 1702 2.
260 1674 303 1710 (L.
325 1673 380 1709 ιιι.)
398 1673 503 1702 Ρηεεεε
526 1673 552 1701 in
570 1681 618 1702 sua
636 1678 740 1702 tantum
760 1673 899 1709 provincia
916 1673 967 1700 im-

178 1721 283 1755 perium
300 1721 392 1753 liabet,
408 1728 472 1748 nam
486 1725 564 1748 extra
577 1720 649 1747 illam
664 1721 852 1756 privatus‘est.

214 1767 243 1794 5.
259 1766 302 1801 (ι,
319 1766 368 1802 ιν.)
389 1765 495 1794 Praeses
511 1766 538 1794 in
553 1766 693 1801 provincia
716 1773 766 1794 sua
782 1766 869 1802 majus
881 1766 963 1801 impe-

179 1813 249 1840 rium
266 1813 347 1840 liabet
361 1813 490 1840 omnibus
503 1817 564 1848 post
577 1812 739 1847 principem.

214 1857 242 1886 4.
258 1856 301 1893 (L.
315 1857 354 1893 v.)
369 1857 475 1885 Praeses
490 1861 605 1884 tutorem
625 1861 672 1884 aut
681 1856 801 1892 judicem
822 1857 965 1892 specialem

178 1903 261 1931 alicui
275 1903 334 1938 ipse
346 1910 376 1931 se
388 1903 455 1931 dare
473 1910 526 1930 non
541 1906 641 1938 potest.

215 1949 242 1977 5.
259 1948 302 1984 (L.
318 1957 355 1983 γι,
379 1950 407 1976 in
416 1948 508 1985 prim.)
524 1949 632 1977 Praeses
647 1949 792 1984 prohibeat
815 1949 924 1978 illicitas
939 1955 967 1978 et

179 1993 314 2033 violentas
329 1994 487 2021 exactiones
498 1998 525 2021 et
537 1998 658 2022 extortas
672 1998 745 2021 metu
758 1993 801 2021 vel
814 1994 873 2022 sine
887 1994 967 2029 pretii

178 2040 368 2068 numeratioue
389 2039 570 2073 venditiones,
593 2040 713 2075 itemque
731 2040 823 2075 iniqua
849 2040 923 2068 lucra
940 2044 967 2068 et

180 2086 278 2114 damna
299 2095 306 2114 :
327 2086 452 2121 inprimis
464 2094 528 2114 vero
544 2091 674 2121 sequatur
686 2086 848 2120 veritatem;
865 2086 967 2114 veritas

177 2133 251 2161 enim
269 2133 348 2161 rebus
364 2140 413 2168 per
432 2140 553 2160 errorem
574 2137 620 2160 aut
637 2137 738 2160 metum
752 2133 838 2168 gestis
854 2140 907 2161 non
925 2133 966 2160 vi-

179 2180 272 2208 tiatur.

214 2224 241 2253 6.
259 2223 301 2261 (L.
317 2224 377 2252 ead.
392 2223 455 2260 §5.)
473 2223 576 2251 Prmses
591 2223 729 2251 examinet
743 2231 774 2251 ea
791 2231 852 2258 qua:
868 2230 885 2252 a
900 2222 967 2250 mili-

178 2270 283 2298 taribus
295 2269 362 2297 viris
373 2274 469 2296 contra
479 2268 548 2295 alios
560 2268 679 2296 admissa
691 2273 764 2300 sunt,
776 2273 803 2296 et
813 2268 863 2295 sub
875 2268 966 2303 specie

179 2317 341 2345 tributorum
359 2315 469 2343 illicitas
481 2314 638 2342 exactiones
650 2314 708 2341 fieri
722 2314 875 2349 prohibeat,
891 2314 915 2349 (§
926 2314 965 2349 5.)

178 2368 247 2392 neve
270 2361 364 2395 inopes
390 2359 440 2387 sub
457 2362 588 2394 praetextu
605 2358 738 2386 adventus
759 2358 910 2386 ciliciorum
925 2358 966 2386 vel

178 2407 296 2438 militum
319 2405 428 2442 injuriis
453 2403 606 2441 afﬁciantur
628 2404 792 2439 providebit,
815 2403 842 2440 (§
872 2403 911 2439 ιι.)
940 2407 967 2431 et

178 2454 268 2484 licitas
281 2453 390 2492 quidem
413 2450 611 2490 negotiationes
625 2455 795 2486 promoveat,
810 2450 967 2485 probibitas

179 2507 244 2527 vero
257 2497 380 2527 exerceri
392 2500 476 2525 vetet.

213 2546 242 2575 Ἰ.
261 2542 304 2581 (L.
320 2553 336 2572 ι
353 2548 380 2572 et
392 2543 445 2579 ιιι.)
468 2542 505 2569 οο
520 2541 726 2578 quibuscunque
741 2541 831 2569 causis
847 2540 965 2576 prmfeeti

179 2591 226 2628 qui
250 2591 278 2618 in
294 2590 361 2618 urbe
385 2593 449 2617 sunt
466 2591 647 2623 cognoscunt,
662 2588 696 2614 de
715 2586 811 2614 iisdem
827 2591 854 2614 et
866 2594 967 2621 praeses

180 2636 329 2673 cognoscit.
344 2635 484 2664 Pertinent
498 2633 571 2662 enim
585 2632 676 2661 omnia
691 2632 724 2660 ad
738 2632 853 2660 cilicium
871 2632 965 2667 ipsius.

213 2682 242 2710 8.
256 2681 299 2718 (L.
316 2689 377 2713 xm,
389 2681 417 2709 in
429 2680 521 2716 prim.)
535 2680 638 2707 Praises
658 2678 805 2714 provinciae.
819 2685 874 2706 suae
888 2678 966 2712 quie-

180 2731 234 2754 tem
256 2730 385 2763 procuret
406 2725 598 2760 conquirendo.
613 2724 778 2760 sacrilegos,
803 2723 964 2759 plagiarios,

181 2772 266 2806 fures,
293 2775 531 2806 receptatoresque
547 2777 652 2802 eorum,
675 2774 702 2797 et
728 2777 778 2804 pro
800 2774 829 2797 ut
850 2770 966 2805 quisque

182 2816 338 2853 deliquerit,
349 2815 377 2843 in
388 2823 449 2844 eum
469 2814 680 2842 animadvertat.

688 115 943 148 CONSTANTlNl
966 114 1304 146 PORPIIYRUGENITI

980 2186 1004 2215 D

1754 114 1814 145 472

1053 170 1089 205 η’.
1113 171 1142 197 ’0
1162 171 1320 204 κοιαῖστωρ,
1348 169 1476 204 μέγιστον
1494 169 1604 197 πάντων
1625 170 1672 197 καὶ
1687 171 1819 206 διηνεκὲς

1019 217 1105 252 ἐχέτω
1120 216 1199 243 τοῦτο
1228 215 1403 251 σπούδασμα,
1419 215 1450 242 τὸ
1478 215 1615 251 καθαραῖς
1639 218 1700 248 ταῖς
1715 217 1819 252 χερσὶν

1018 260 1126 287 ἅπαντα
1142 260 1282 296 πράττειν,
1305 259 1353 286 καὶ
1377 259 1441 291 τοὺς
1451 259 1658 294 ὑπουργοῦντας
1671 261 1755 296 ἔχειν,
1773 262 1816 297 μὴ

1019 307 1174 341 ρυπῶντας,
1197 306 1264 341 μηδὲ
1284 305 1397 342 αἰσχροῦ
1422 305 1569 341 λήμματος
1592 306 1734 339 ἐλάττους,
1751 308 1817 334 ἀλλ’

1018 352 1099 379 αὐτόν
1127 361 1157 378 τε
1172 351 1300 387 καθαρῶς
1323 352 1371 378 καὶ
1396 351 1548 388 ἐλευθέρως
1572 352 1677 388 ἄρχειν,
1694 354 1741 379 καὶ
1756 353 1815 380 εἴτι

1017 397 1122 425 τοιοῦτο
1136 398 1212 434 παρὰ
1226 398 1281 424 τῶν
1292 398 1525 434 ὑπηρετουμένων
1537 398 1624 434 εὖροι,
1636 399 1715 425 τοῦτο
1727 399 1816 426 κολά-

1018 444 1085 477 ζειν,
1102 445 1149 471 καὶ
1173 443 1203 477 ἐξ
1225 443 1315 471 αὐτῶν
1339 443 1448 480 πρῶτον
1467 444 1605 471 δεικνύναι
1632 445 1681 480 τὴν
1710 446 1814 472 ἑαυτοῦ

1019 490 1188 527 στερρότητα
1203 499 1234 517 τε
1250 490 1319 525 ὁμοῦ
1338 490 1386 517 καὶ
1401 491 1591 527 σωφροσύνην.
1814 489 1817 515 1'

1053 535 1087 564 θ’.
1104 536 1150 571 Τῷ
1164 536 1324 572 κσιαίστωρι
1344 535 1451 571 δίδομεν
1469 535 1636 571 παρρησίαν,
1651 537 1698 563 καὶ
1710 537 1813 571 ἄρχον-

1017 590 1065 614 τας
1091 581 1209 617 ἐνοχλεῖν
1227 582 1275 609 καὶ
1300 583 1341 614 εἰς
1365 582 1440 617 ἡμᾶς
1459 582 1618 617 ἀναφέρειν,
1640 583 1688 609 καὶ
1703 584 1813 610 οἴκοθεν

1017 627 1148 663 πράττειν
1162 627 1197 654 τὰ
1208 628 1393 663 προσήκοντα,
1404 627 1446 654 ἵνα
1461 628 1498 663 μή
1514 636 1543 654 τε
1558 628 1712 660 ἀσθένειαν,
1738 629 1812 664 μήτε

1016 672 1081 700 ἄλλο
1096 681 1122 699 τι
1138 673 1280 705 παντελῶς
1293 673 1465 709 αίτιὼμενος,
1481 673 1532 709 τῆς
1557 673 1696 710 ἡμετέρας
1718 675 1812 710 ἑαυτῷ

1016 719 1135 755 κρίσεως
1162 720 1282 747 ἐλάττων
1297 720 1405 755 φανείη.

1054 767 1079 791 ι’.
1095 763 1141 799 Τῷ
1161 765 1321 800 κοιαίστωρι
1344 765 1437 792 ἄδειαν
1454 765 1573 801 δίδομεν,
1586 766 1732 802 δημοσίαις
1745 767 1810 794 ἑπι-

1018 809 1125 841 στολαῖς
1141 809 1272 845 χρῆσθαι,
1290 809 1360 845 πρὸς
1374 811 1438 842 τοὺς
1451 810 1506 837 τῶν
1523 811 1665 846 ἐπαρχιῶν
1689 812 1813 847 ἡγουμέ-

1016 863 1088 889 νους,
1104 855 1174 882 ὥστε
1188 856 1253 888 τοὺς
1270 856 1498 891 ὲκπεμπομὲνους
1516 857 1582 892 παρ’
1597 857 1684 884 αὑτοῦ
1705 859 1746 890 είς
1758 858 1812 885 τὰς

1017 900 1107 927 αὐτῶν
1133 900 1236 936 χώρας.
1261 901 1448 937 ἀπραγμόνως
1469 903 1560 928 ἐκεῖσε
1581 902 1692 935 διάξειν,
1717 903 1764 930 καὶ
1784 903 1814 929 εἴ

1017 954 1091 977 τινος
1110 946 1213 973 δέονται
1228 946 1354 982 βοηθείας
1369 947 1496 983 νομικῆς,
1513 948 1551 984 μὴ
1571 949 1725 985 στερεῖσθαι
1740 949 1810 976 ταύ-

1017 1000 1077 1027 της,
1095 993 1219 1028 προνοεῖν
1230 993 1258 1019 δὲ
1277 993 1393 1028 μάλιστα
1406 993 1477 1021 ὥστε
1489 994 1556 1029 μηδὲ
1572 995 1636 1030 περὶ
1648 995 1703 1022 τῶν
1718 995 1810 1022 αὐτῶν

1018 1037 1058 1069 δὶς
1083 1038 1261 1072 ἐνοχλεῖσθαι,
1286 1039 1334 1065 καὶ
1358 1039 1493 1076 δευτέρων
1521 1040 1596 1075 αὐτῷ
1634 1042 1809 1076 πραγμάτων

1017 1083 1150 1118 παρέχειν
1170 1084 1310 1120 ἀφορμάς·
1325 1086 1349 1112 εί
1364 1086 1419 1121 γὰρ
1432 1086 1513 1113 πάλιν
1524 1087 1570 1113 ἐπὶ
1584 1086 1632 1121 τῆς
1649 1087 1810 1121 εὐδαίμονος

1017 1129 1120 1164 ταύτης
1144 1129 1221 1157 λάϐοι
1244 1130 1348 1162 πόλεως
1371 1131 1581 1166 ἐμφωλεύοντας
1613 1132 1713 1168 μάτην,
1744 1133 1809 1164 τοὺς

1017 1173 1238 1208 ἀπαλλαγέντας,
1253 1175 1301 1202 καὶ
1316 1175 1362 1202 ἐπὶ
1375 1176 1424 1211 τὴν
1442 1176 1550 1204 οἰκείαν
1572 1177 1666 1213 χώραν
1682 1177 1810 1212 ἀποπεμ-

1018 1218 1145 1253 φθέντας,
1170 1219 1276 1252 τούτοις
1303 1220 1350 1247 καὶ
1368 1222 1558 1256 σωφρονισμδν
1573 1223 1719 1251 ὲπιτιθέτω
1741 1223 1810 1258 πρέο

1019 1273 1113 1298 ποντα,
1133 1265 1180 1292 καὶ
1200 1265 1380 1301 σφοδρότερον
1393 1264 1472 1299 αὖθις
1489 1267 1665 1301 ἐκπεμπέτω.

1317 1334 1441 1362 ΤΙΤΛΟΣ
1461 1335 1507 1369 ς’.

1225 1391 1295 1425 Περὶ
1311 1391 1416 1425 ἁπλῶς
1435 1391 1600 1426 ἀρχόντων.

1055 1445 1089 1474 α’.
1103 1446 1140 1473 Τὸ
1154 1446 1200 1473 τοῦ
1222 1447 1351 1482 ἄρχοντος
1374 1447 1471 1483 ὄνομα,
1488 1448 1595 1482 γενικόν
1610 1448 1678 1481 ἐστι,
1695 1449 1741 1476 καὶ
1757 1459 1807 1485 ση-

1020 1491 1111 1527 μαίνει
1142 1493 1190 1520 καὶ
1217 1493 1382 1529 στρατηγὸν,
1403 1494 1451 1521 καὶ
1466 1493 1632 1526 ἀνθύπατον,
1643 1495 1690 1522 καὶ
1703 1495 1807 1528 πάντας

1019 1538 1083 1569 τοὺς
1097 1538 1239 1574 ἐπαρχιῶν
1253 1539 1391 1573 διοικητάς
1402 1547 1409 1554 ·
1427 1539 1452 1565 εἰ
1472 1540 1520 1566 καὶ
1536 1540 1715 1576 συγκλητικοὶ
1727 1538 1805 1573 ὦσιν,

1020 1583 1051 1611 τὸ
1061 1583 1089 1611 δὲ
1107 1584 1193 1620 ὄνομα
1209 1584 1256 1611 τοῦ
1270 1584 1437 1618 ἀνθυπάτου,
1453 1585 1554 1612 εἰδικόν
1570 1587 1655 1614 ἐστιν.

1054 1672 1086 1707 β’.
1111 1672 1140 1699 '0
1155 1672 1257 1708 ἄρχων,
1274 1673 1345 1700 κατὰ
1361 1673 1446 1709 μόνην
1458 1673 1507 1709 τὴν
1522 1674 1591 1701 ίδίαν
1604 1674 1739 1710 ἐπαρχίαν
1756 1676 1806 1710 τὴν

1017 1716 1141 1750 ἐξουσίαν
1156 1717 1228 1753 ἔχει,
1245 1718 1297 1750 ἔξω
1313 1719 1367 1754 γὰρ
1384 1718 1496 1754 ταύτης,
1512 1719 1619 1755 ἰδιώτης
1634 1721 1717 1748 ἐστίν.

1052 1766 1087 1796 γ’.
1110 1763 1139 1790 Ὀ
1162 1763 1254 1799 ἄρχων
1285 1765 1315 1790 ἐν
1339 1765 1372 1799 τῇ
1401 1764 1533 1800 ἐπαρχίᾳ,
1564 1767 1651 1801 μείζω
1678 1766 1805 1794 ἁπάντων

1017 1807 1142 1840 ἐξουσίαν
1158 1808 1215 1843 ἔχει
1232 1809 1301 1844 μετὰ
1315 1809 1361 1836 τὸν
1376 1809 1500 1844 βασιλέα.

1052 1853 1084 1880 δ’.
1107 1852 1137 1879 '0
1151 1853 1244 1888 ἄρχων
1258 1853 1406 1889 ἐπίτροπον
1435 1854 1452 1889 ἢ
1476 1854 1608 1891 δικαστήν
1631 1864 1684 1883 τινι
1706 1857 1804 1886 είδικὸν

1018 1899 1112 1926 ἑαυτὸν
1126 1899 1157 1925 οὐ
1171 1899 1292 1926 δίδωσιν.

1053 1944 1083 1972 ε’.
1105 1945 1135 1971 '0
1161 1945 1254 1981 ἄρχων
1274 1945 1402 1973 κωλυέτω
1418 1946 1467 1978 τὰς
1481 1947 1627 1982 ἀθεμίτους
1642 1949 1687 1975 καὶ
1716 1949 1804 1983 βιαίας

1019 1989 1188 2027 εἰσπράξεις,
1218 1992 1266 2018 καὶ
1292 1992 1343 2023 τὰς
1365 1993 1436 2019 κατὰ
1455 1993 1537 2027 φόὸον
1561 1994 1577 2029 ἢ
1603 1995 1687 2030 χωρὶς
1717 1996 1804 2030 τιμῶν

1019 2037 1143 2074 πράσεις,
1159 2038 1206 2064 καὶ
1224 2038 1259 2065 τὰ
1274 2038 1354 2065 ἄδικα
1374 2038 1457 2074 κέρδη
1479 2040 1527 2066 καὶ
1546 2041 1712 2076 ζημιώμιτα
1729 2048 1737 2056 ⁸
1755 2043 1802 2077 τὴν

1017 2085 1148 2120 ἀλήθειαν
1164 2084 1192 2111 δὲ
1206 2084 1341 2112 σκοπείτω
1351 2093 1357 2100 ’
1371 2085 1402 2111 τὺ
1417 2084 1472 2120 γὰρ
1490 2086 1588 2121 ἀληθὲς
1609 2088 1641 2113 ὲκ
1663 2089 1718 2115 τῶν
1735 2089 1803 2116 κατὰ

1018 2131 1121 2166 πλάνην
1136 2131 1152 2166 ἣ
1166 2131 1226 2166 βίαν
1243 2131 1397 2166 γενομένων
1414 2133 1444 2159 οὐ
1460 2132 1618 2168 βλάπτεται.

1052 2227 1088 2255 ς’.
1114 2223 1146 2250 '0
1157 2223 1249 2259 ἄρχων
1263 2223 1406 2251 ὲκδικείτω
1415 2224 1450 2252 τὰ
1467 2233 1504 2252 πα
1510 2225 1543 2261 ρὰ
1553 2225 1607 2253 τῶν
1620 2227 1804 2263 στρατευομέε

1017 2277 1070 2296 νων
1088 2269 1159 2296 κατά
1184 2277 1266 2297 τινων
1290 2269 1538 2306 πλημμελούμενα,
1560 2271 1608 2298 καὶ
1626 2272 1754 2299 κωλυέτω
1775 2273 1803 2298 ἐν

1017 2315 1191 2351 προσχήματι
1208 2315 1358 2351 δημοσίων,
1386 2316 1546 2352 είσπράξεις
1569 2316 1715 2352 ἀθεμίτους
1739 2319 1802 2351 γίνε-

1017 2361 1090 2393 σθαι,
1109 2361 1127 2397 ἢ
1142 2361 1188 2388 διὰ
1202 2362 1352 2397 παρουσίαν
1367 2361 1519 2397 ὀφφικίων,
1532 2362 1549 2398 ἢ
1561 2363 1735 2397 στρατιωτῶν
1750 2364 1802 2390 ἀδι-

1016 2405 1123 2433 κεῖσθαι
1141 2406 1205 2438 τοὺς
1225 2407 1357 2442 πένητας,
1377 2407 1550 2442 ὲπιτρεπέτω
1573 2407 1602 2434 δὲ
1622 2408 1673 2439 τὰς
1692 2407 1802 2443 θεμιτὰς

1017 2451 1177 2485 ὲμπορείας,
1192 2451 1240 2478 καὶ
1251 2451 1379 2478 κωλυέτω
1394 2452 1442 2483 τὰς
1459 2451 1700 2488 ἀπηγορευμένας.

1053 2539 1086 2572 ζ’.
1108 2539 1137 2568 '0
1153 2540 1254 2576 ἄρχων,
1275 2541 1325 2568 ὅσα
1340 2541 1567 2575 διαγινώσκουσιν
1591 2542 1615 2567 οἱ
1631 2541 1659 2568 ὲν
1673 2543 1707 2576 τῇ
1730 2541 1802 2568 πόλει

1017 2586 1157 2621 ἄρχοντες,
1170 2587 1218 2614 καὶ
1247 2587 1328 2619 αὐτὸς
1360 2587 1542 2622 διαγινώσκει.
1579 2587 1728 2622 ’Δνήκουσι
1752 2588 1802 2622 γὰρ

1018 2632 1107 2659 πάντα
1123 2632 1191 2667 πρὸς
1205 2633 1237 2660 τὸ
1252 2633 1380 2668 ὀφφίκιον
1391 2634 1487 2662 αὐτοῦ.

1051 2677 1086 2713 η’.
1096 2678 1125 2705 '0
1142 2678 1233 2714 ἄρχων
1248 2679 1415 2714 φροντιζέτω
1432 2679 1482 2714 τῆς
1498 2680 1623 2715 εἰρήνης,
1634 2679 1725 2715 ζητῶν
1742 2679 1800 2710 τοὺ..

1019 2724 1175 2760 ἱεροσύλους
1207 2724 1253 2752 καὶ
1284 2724 1500 2759 ἀνδραποδιστὰς
1537 2725 1584 2752 καὶ
1612 2724 1734 2755 κλέπτας
1759 2725 1802 2750 καὶ

1017 2771 1168 2806 ἀποδοχεῖς,
1178 2772 1224 2799 καὶ
1239 2771 1307 2806 πῶς
1321 2771 1351 2798 τὸ
1364 2771 1553 2806 πλημμέλημα
1568 2769 1683 2803 ἑπεξιὼδ
1694 2769 1800 2801 αὐτούς.
