1938 3070
93 132 156 165 4Ἰ3

749 135 947 166 DELECTUS
969 137 1110 168 LEGUM.

1675 141 1729 174 474

134 191 168 218 θ’.
190 190 221 217 '0
233 189 326 227 ἄρχων
337 190 405 223 τοὺς¹
413 191 592 227 μαινομένους
607 192 637 219 ὲν
652 192 748 227 εἱρκτῇ
766 191 887 226 βαλλέτω

977 195 1004 222 9.
1019 194 1064 230 (L.
1078 195 1138 222 earl.
1155 194 1168 231 §
1190 194 1226 230 ί.)
1248 193 1353 222 Prae-ses
1368 194 1496 228 furiosos,
1513 195 1535 223 si
1561 203 1614 224 non
1632 199 1738 231 possint

96 233 151 270 [αι.
167 235 383 273 ἀσφαλιζέσθωῙ,
403 237 427 262 εί
451 236 488 272 μὴ
504 237 549 264 διὰ
572 237 627 264 τῶν
652 237 791 271 συγγενῶν
807 237 893 271 φυλα-

94 280 196 315 χθῆναι
222 281 348 308 δύνανται
363 281 378 317 ἢ
394 282 545 317 δεσμείτω-
562 283 588 309 εί
616 283 644 309 δὲ
662 282 813 317 φονεύσωσι
824 303 831 314 ,
854 282 895 309 δεῖ

95 325 192 359 ζητεῖν
211 325 248 360 μή
266 334 332 352 ποτε
348 327 588 361 προσεποιήσαντο
604 327 761 363 μαίνεσθαι,
781 328 797 361 ἢ
815 328 844 353 ὲν
855 327 895 362 τῷ

94 370 188 405 καιρῷ
203 371 254 405 τῆς
273 371 434 406 ἀναλήψεως
449 372 496 398 καὶ
511 374 669 408 φρονήσεως
682 372 832 407 ἐφόνευσαν
847 373 894 399 καὶ

93 416 293 452 τιμωροῦνται.
313 418 359 444 Δεῖ
372 418 400 444 δὲ
413 418 461 445 καὶ
477 419 540 450 τοὺς
558 419 682 454 φύλακας
697 418 787 446 αὐτῶν
802 418 889 454 6301)-

97 464 218 499 μοῦντας
235 464 392 497 ὲπεξιέναι’
407 467 438 492 οὑ
454 465 508 502 γὰρ
523 466 604 501 μόνον
625 466 670 493 διὰ
689 467 716 493 τὸ
731 467 769 502 μὴ
792 467 893 498 αὐτοὺς

95 510 231 546 βλαϐῆναι
243 511 440 547 φυλάττουσιντ
457 512 525 540 ἀλὶά
548 513 594 540 καὶ
620 513 663 540 δια
688 514 718 539 τὸ
735 513 772 549 μὴ
789 513 892 549 βλάψαι

93 557 178 584 ἄλλον
183 566 205 590 ς.

133 717 160 726 ι.
180 699 210 726 '0
235 700 328 736 ἄρχων
346 701 383 736 μὴ
410 700 491 734 ἐξίτω
516 700 565 735 τῆς
587 701 735 737 ἐπαρχίας,
751 703 775 728 εἰ
801 703 839 738 μὴ
857 703 890 730 δι’

96 746 190 781 εὐχὴν,
208 747 254 773 καὶ
269 747 330 773 τότε
342 747 593 783 διανυκτερευέτω.

88 828 97 844 ‘
134 833 184 860 ια’.
208 833 237 860 '0
251 833 343 869 ἄρχων
357 834 474 870 εὐχερὴς
497 835 568 862 ἔστω
582 837 639 867 τοῖς
654 835 825 871 προσιοῦσιν,
845 838 894 864 καὶ

947 247 995 274 per
1026 241 1201 268 necessarios
1233 241 1389 273 contineri,
1423 248 1533 269 carcere
1558 242 1738 271 continendos

946 290 1033 319 curet,
1058 290 1106 313 aut
1120 286 1218 313 vinclis
1231 293 1278 314 eos
1297 286 1422 314 cohibeat
1446 294 1453 313 :
1475 287 1498 314 si
1520 294 1585 314 vero
1600 288 1736 316 hominem

946 331 1108 364 acciderint,
1133 331 1326 358 excutiendum
1345 332 1408 364 erit,
1430 336 1522 359 utrum
1547 333 1674 360 simulato
1693 334 1736 360 fur-

948 383 1009 403 rore
1025 375 1132 403 facinus
1146 375 1318 408 admiserim,
1333 384 1367 402 an
1383 383 1449 404 vero
1460 377 1612 404 intervallis
1627 378 1739 412 quibus.

945 423 1006 450 dam
1031 429 1113 449 sensu
1136 423 1244 450 saniore
1264 422 1290 449 id
1316 422 1441 455 fecerint,
1464 423 1491 450 in
1508 423 1560 450 hoc
1576 423 1648 450 enim
1672 431 1736 450 casu

944 467 1078 503 supplicio
1087 467 1219 495 alliciendi
1232 472 1322 495 erunt.
1332 469 1446 502 Oportet
1457 473 1546 495 autem
1557 473 1584 495 et
1597 470 1737 500 custodes,

945 514 967 542 si
999 514 1181 550 negligenlius
1202 521 1248 541 cos
1275 514 1422 540 habuerint
1449 514 1592 546 castigare.
1614 512 1738 548 Namque

946 568 1000 588 non
1027 560 1059 587 ad
1085 561 1137 588 hoc
1167 560 1254 588 solum
1273 560 1402 587 custodes
1425 560 1600 592 adhibentur,
1626 566 1660 587 ne
1672 559 1737 594 quid

945 607 1042 634 furiosi
1056 607 1236 642 perniciosius
1251 606 1303 641 ipsi
1317 606 1342 633 in
1354 613 1384 634 se
1395 605 1554 639 moliantur,
1568 604 1616 633 sed
1628 612 1662 633 ne
1676 605 1736 632 aliis

945 660 1053 688 quoque
1069 658 1194 680 noceant.

983 699 1027 726 to.
1047 698 1089 734 (L.
1115 699 1211 734 xxxv.)
1235 698 1342 727 Prteses
1365 699 1512 734 provincia»
1539 706 1595 726 suae
1611 699 1678 727 lines
1702 707 1736 727 ne

946 747 1072 778 excedat,
1098 745 1149 773 nisi
1168 747 1220 774 voti
1247 746 1370 773 solvendi
1386 753 1468 773 causa
1485 754 1492 773 :
1509 745 1572 773 dum
1599 749 1687 774 tamen
1702 752 1737 773 ne

947 790 1086 818 ahnoctet.

984 837 1029 869 Η,
1043 836 1085 872 (L.
1098 836 1188 871 xvul.)
1203 836 1308 865 Prmses
1325 836 1352 864 in
1365 837 1490 865 adeundo
1503 836 1611 872 quidem
1626 836 1734 864 facilem

93 879 334 915 ἀκαταφρόνητος,
350 881 454 917 καὶμὴ
488 881 517 914 ἐξ
543 882 601 909 ἴσου
630 883 887 918 συναναστρεφέσθιι

945 891 976 911 se
1001 883 1133 918 praebeat,
1162 883 1209 911 sed
1234 883 1371 911 contenmi
1400 891 1453 911 non
1478 883 1596 918 patiatur
1616 891 1624 909 :
1647 889 1737 917 neque

94 927 152 957 τοῖς
171 925 345 961 ἀρχομένοις,
362 927 409 954 καὶ
427 927 465 963 μὴ
490 927 612 963 δηλούτω
631 930 666 964 τῇ
693 928 754 964 ὕψει
779 928 890 966 ὲλεῶνῆ

93 971 283 1007 ὀργιζόμενος.

396 1076 520 1104 ΤΙΤΛΟΣ
541 1076 578 1104 Ζ⁴.

94 1131 165 1165 Περὶ
174 1131 232 1168 τοῦ
251 1131 473 1168 χωρίςγδόσεῳν
484 1133 629 1168 ,γίνεσθαι
643 1133 715 1167 τοὺς
729 1133 889 1167 ἄρχοντας,

131 1167 182 1194 καὶ
205 1166 322 1202 μηδένα
338 1167 372 1193 ἐν
383 1166 501 1202 μηδενῖ
513 1167 562 1194 διὰ
588 1166 752 1202 χρημάτωιί
765 1166 889 1202 ᾰρίνειν,

132 1202 152 1236 ἦ
167 1201 243 1242 τοὺς
257 1201 488 1235 ὑποπίπτοντας
502 1203 564 1236 τοῖς
582 1201 754 1238 ἐγκλήμασι
771 1201 891 1239 συγχω-

128 1245 206 1270 patr.

131 1297 166 1321 α’.
183 1295 215 1321 Ol
230 1295 362 1331 ἄρχοντες
376 1295 440 1327 τοὺς
467 1295 497 1328 ἐξ
513 1296 570 1322 οἴου
585 1295 686 1331 δήποτε
702 1296 889 1332 δικαστηρίου,

95 1341 147 1368 οὑκ
161 1340 315 1376 ὀφείλουσιν
341 1342 494 1377 συγχωρεῖν
522 1341 673 1377 λαμϐάνειν
695 1342 757 1369 καθ’
771 1343 827 1369 οῖον
842 1343 891 1378 δή·

96 1396 163 1414 ποτε
177 1387 289 1422 τρόπον,
313 1387 368 1414 οὐδ’
385 1388 415 1414 ἑν
437 1388 551 1423 ὀνόματι
569 1388 716 1424 συνηθείας
731 1388 890 1424 δωροδοκεῖ-

95 1434 159 1461 σθαι
189 1434 314 1470 λήμμασι
336 1433 518 1468 γινώσκοντες
535 1442 543 1450 ο
558 1434 595 1465 ὡς
616 1435 640 1461 εί
667 1434 746 1461 τοῦτο
771 1434 891 1470 ῥαθυμή-

96 1488 182 1513 σειαν,
194 1481 286 1507 πᾶσαν
302 1480 405 1515 ζημίαν
423 1480 549 1507 ἐντεῦθεν
560 1481 616 1513 τοῖς
632 1481 779 1516 ἡμετέροις
795 1481 890 1507 ὑποτε-

95 1527 171 1554 λέσιν
198 1527 375 1562 ἐπαγομένην
395 1526 473 1554 αὐτοὶ
492 1527 698 1562 καταθήσουσι”
717 1527 846 1562 διδόαμεν
860 1528 889 1554 δὲ

944 930 1042 965 aequali
1070 929 1280 958 conversatione
1303 937 1364 956 cum
1388 929 1600 964 provincialibus
1621 932 1736 961 utatur,

944 983 1034 1011 neque
1056 976 1133 1004 vultu
1158 974 1376 1003 misericordiam
1400 979 1448 1002 ant
1484 974 1735 1002 excandescentiam

944 1022 1052 1057 prodat.

1226 1077 1378 1106 TlTULUS
1401 1077 1456 1106 Vll.

944 1135 985 1163 Ne
999 1135 1216 1171 prmidnrdonis
1230 1136 1368 1170 corrumpi
1387 1143 1414 1162 se
1435 1135 1584 1170 patiantur,
1601 1144 1650 1163 neu
1663 1136 1736 1171 quis-

978 1179 1062 1206 quami
1074 1170 1105 1197 ob
1118 1170 1297 1204 iudicandum
1314 1171 1453 1203 pecuniam
1473 1171 1598 1206 accipiat,
1618 1170 1673 1198 neu
1686 1171 1736 1198 sibi

977 1214 1034 1232 eam
1046 1205 1106 1232 dari
1120 1206 1269 1239 patiatura
1284 1206 1347 1233 reis.

980 1295 1006 1322 Ι.
1031 1293 1165 1322 Ρτωείδοε
1182 1301 1234 1322 non
1255 1294 1356 1322 debent
1378 1294 1547 1330 permittere.
1563 1299 1593 1322 ut
1616 1302 1648 1321 ex
1668 1301 1738 1329 quo-

943 1347 1050 1375 cunque
1069 1339 1174 1375 judicio
1185 1339 1290 1374 iudices
1304 1340 1434 1375 pecunias
1456 1340 1585 1374 capiant,
1603 1348 1637 1368 ne
1650 1340 1672 1367 si
1687 1341 1737 1367 sub

945 1387 1153 1415 consuetudinis
1167 1386 1276 1421 quidem
1290 1390 1422 1420 praetextu
1437 1386 1628 1421 largitionibus
1638 1393 1668 1414 se
1679 1393 1738 1413 cor-

942 1433 1029 1468 rumpi
1048 1433 1119 1468 passi
1134 1433 1199 1465 sint,
1218 1437 1246 1459 ut
1257 1432 1280 1459 si
1297 1432 1348 1459 hoc
1363 1432 1545 1466 neglexerint,
1571 1437 1738 1467 cognoscant

941 1479 992 1507 sibi
1008 1479 1139 1506 ruulctam
1160 1486 1220 1513 quae
1235 1478 1352 1506 subditis
1365 1479 1620 1513 nostrisjconstituta
1633 1483 1672 1505 est
1689 1479 1737 1505 de-

943 1526 1116 1561 ponendam;
1140 1525 1280 1561 inquirant
1294 1530 1384 1552 autem
1398 1525 1424 1553 in
1441 1525 1538 1553 borum
1561 1525 1688 1557 crimina,
1709 1529 1736 1552 et

95 1573 188 1604 αὐτοῖς
201 1572 303 1604 ἄδειαν.
323 1573 370 1599 καὶ
380 1574 403 1600 εί
420 1573 528 1609 εὕροιέν
542 1581 618 1605 τινας
631 1573 675 1600 διὰ
690 1573 740 1609 τὴν
753 1574 802 1609 τῆς
814 1573 887 1606 ἀξίας

945 1578 1012 1606 quos
1027 1571 1160 1598 obnoxios
1184 1571 1271 1606 culpae
1293 1571 1448 1598 invenerint
1473 1571 1582 1607 cingulo
1595 1571 1734 1607 spoliem:

96 1617 112 1652 ἢ
137 1616 188 1650 τῆς
212 1616 300 1652 ζώνης
325 1618 463 1653 ὑπεροχὴν
485 1618 548 1650 τοὺς
572 1618 722 1654 ὑμετέρους
750 1619 887 1651 ὑποτελεῖς

945 1618 968 1645 in
982 1617 1130 1653 provinciis
1147 1618 1219 1645 enim
1230 1618 1319 1645 vicem
1336 1622 1459 1645 nostram
1471 1618 1596 1645 obtinere
1607 1617 1736 1653 pra-sides

96 1662 268 1695 ἀδικοῦντας,
284 1662 423 1695 ἐξετάζειν
452 1663 486 1690 τὰ
518 1664 623 1691 τούτων
649 1665 820 1700 ἀδικήματα,
842 1665 887 1692 καὶ

945 1665 1085 1697 volumus;
1103 1669 1131 1692 et
1145 1669 1175 1691 ut
1193 1664 1267 1699 ipsos
1284 1664 1318 1691 ab
1331 1664 1406 1692 omni
1423 1664 1494 1699 turpi
1508 1663 1585 1691 lucro
1599 1671 1734 1692 arcemus.

96 1707 160 1739 τοὺς
189 1708 217 1734 ὲν
244 1708 346 1740 αίτίαις
379 1709 605 1744 εὑρισκομένους,
634 1710 813 1745 ἀφαιρεῖσθαι
841 1711 887 1746 τῆς

945 1711 982 1738 sic
1007 1716 1036 1738 et
1056 1711 1117 1739 illos
1133 1710 1180 1745 qui
1206 1710 1362 1745 incorrupte
1384 1710 1410 1737 in
1437 1710 1560 1744 imperiis
1580 1714 1734 1741 versantur,

96 1752 194 1788 ζώνης.
218 1754 272 1780 Καὶ
287 1754 342 1789 γὰρ
369 1755 420 1790 τὴν
436 1755 576 1791 ἡμετέραν
589 1755 665 1788 τάξιν
679 1756 710 1782 ὲν
722 1757 781 1788 ταῖς
799 1756 887 1792 ἔπαρ-

945 1757 1016 1785 omni
1037 1757 1142 1785 honore
1157 1759 1184 1783 et
1202 1756 1354 1783 reverentia
1369 1755 1527 1783 alliciendos
1549 1755 1733 1783 decernimus.

97 1799 167 1834 χίαις
183 1800 239 1831 τοῖς
251 1800 367 1835 ἄρχουσι
384 1801 541 1836 παρέχομεν
553 1801 645 1837 ἔχειν·
662 1803 709 1828 καὶ
728 1801 823 1838 ὥσπερ
845 1803 944 1835 αὐτοὺς
980 1802 1081 1834 παντὸς
1107 1802 1201 1829 ἀδίκου
1237 1802 1352 1837 κέρδους
1378 1801 1521 1837 εἴργομεν,
1557 1801 1629 1828 οὕτω
1649 1801 1737 1828 καθα-

97 1846 150 1882 ρῶς
173 1846 234 1877 ταῖς
248 1847 347 1881 ἀρχαῖς
364 1847 554 1882 κεχρημένους
569 1848 661 1883 πάσης
674 1849 759 1884 τιμῆς
773 1850 820 1876 καὶ
840 1849 935 1881 αἰδοῦς
950 1850 997 1876 καὶ
1015 1849 1180 1884 σεμνότητος
1192 1848 1343 1876 ἀπολαύειν
1353 1848 1532 1883 θεσπίζομεν.

133 1894 166 1928 β’.
188 1894 258 1926 Τοὺς
276 1894 413 1930 ἄρχοντας
437 1894 603 1929 θεσπίςομεν
624 1895 758 1930 παρόντος
773 1895 820 1922 τοῦ
837 1896 887 1931 τῆς

975 1897 1004 1923 2.
1029 1895 1159 1924 Jubemus
1177 1900 1206 1923 ut
1221 1896 1368 1930 praesides,
1386 1899 1520 1930 prtesentc
1543 1894 1618 1922 urbis
1633 1899 1734 1922 nostrae

97 1941 201 1972 πόλεως
226 1940 363 1976 ἐπάρχου,
376 1941 424 1968 καὶ
446 1940 493 1968 τοῦ
508 1941 681 1973 ὲνδοξοτάτου
697 1941 817 1977 κόμητος
831 1942 887 1968 τῶν

945 1942 1081 1977 praefecto,
1101 1946 1127 1969 et
1148 1942 1346 1977 gloriosissimo
1369 1941 1468 1968 comite
1492 1941 1645 1968 divinarum
1670 1948 1733 1968 nos-

97 1988 176 2015 οείων
191 1987 271 2023 ἡμῶν
293 1987 415 2014 εἰσοδίων
430 1987 478 2014 τοῦ
503 1995 533 2013 τε
554 1987 729 2019 ὲνδοξοτάτου
747 1987 887 2014 κοιαίστω-

945 1993 1044 2015 Irarum
1062 1987 1248 2022 largitionum,
1271 1992 1298 2015 et
1321 1987 1521 2022 gloriosissimo
1541 1990 1678 2022 quiestore
1694 1987 1737 2014 di~

97 2043 143 2069 ρος
173 2033 220 2060 τοῦ
240 2032 314 2059 Θείου
337 2032 417 2068 ἡμῶν
438 2032 582 2066 παλατίου,
598 2032 646 2059 τοῦ
661 2041 691 2058 τε
717 2032 887 2065 ὲνδοξοτάτου

945 2034 995 2061 viui
1019 2035 1105 2061 nostri
1124 2033 1229 2068 palatii,
1247 2037 1274 2061 et
1299 2032 1498 2068 gloriosissimo
1512 2033 1612 2060 comite
1631 2033 1732 2060 divina-

97 2080 214 2115 κόμητος
227 2079 281 2106 τῶν
298 2078 457 2113 ἁπανταχοῦ
472 2078 553 2106 θείων
574 2078 654 2114 ἡμῶν
670 2078 778 2105 ιίδικῶν
789 2087 796 2094 ·
814 2086 887 2113 παρ-

945 2087 1003 2106 rum
1019 2079 1178 2114 ubicunque
1199 2079 1259 2114 sint}
1271 2083 1426 2106 nostrarum
1446 2086 1537 2106 rerum
1553 2080 1733 2114 privatarum,

97 2127 171 2158 ὄντος
193 2126 221 2153 δὲ
243 2124 299 2152 ’καὶ
313 2125 361 2152 τοῦ
380 2124 451 2151 κατὰ
473 2125 569 2160 καιρὸν
592 2124 887 2159 μεγαλοπρεπεστάτου

945 2130 1076 2160 praesente
1090 2125 1175 2153 etiam
1188 2125 1215 2152 in
1229 2128 1352 2159 tempore
1369 2124 1640 2160 magnificentissimo
1655 2126 1734 2153 char-

97 2171 294 2209 χαρτουλαρίου
307 2172 362 2199 τῶν
380 2171 461 2198 θείων
476 2172 555 2207 ἡμῶν
579 2170 726 2202 κοιτώνων,
746 2170 887 2206 ῑδιόχειρον

945 2169 1042 2197 tulario
1064 2169 1149 2197 divini
1177 2170 1263 2198 nostri
1286 2169 1417 2202 cubiculi,
1445 2177 1528 2198 manu
1550 2178 1600 2198 sua
1613 2170 1734 2198 subscri-

98 2205 140 2255 ᾖῆ
156 2205 244 2246 ποιεῖν
270 2218 353 2254 μηδὲν
378 2205 529 2250 παντελως,
557 2217 625 2252 μηδέ
646 2225 700 2244 τινι
720 2217 883 2252 παρασχεῖν,

945 2219 1014 2248 tant,
1029 2215 1095 2243 nihil
1111 2223 1140 2243 se
1154 2216 1280 2252 cuiquam
1297 2216 1446 2245 donaturos
1464 2224 1557 2252 neque
1580 2217 1732 2252 promissu-

99 2267 165 2302 μήτε
177 2266 344 2301 ὑποσχέσθαι
357 2264 461 2298 δοῦναι,
476 2265 544 2300 μήτε
562 2263 732 2300 προστασίαν
755 2263 886 2297 ἐπαγγεί‹

97 2310 203 2344 λασθαι,
222 2311 292 2347 μήτε
308 2311 341 2337 ὲκ
355 2311 404 2346 τῆς
419 2310 554 2346 ἐπαρχίας
569 2309 736 2345 ὁμολογῆσαι
754 2308 885 2343 στέλλειν,

98 2358 164 2393 μήτε
179 2358 236 2389 τοῖς
253 2356 437 2390 ἐνδοξοτάτοις
456 2356 600 2392 ὑπάρχοις,
630 2356 699 2392 μήτε
716 2356 774 2387 τοῖς
793 2355 886 2387 ἄλλοις

99 2405 148 2435 τοῖς
161 2403 212 2434 τὰς
225 2402 312 2438 ἀρχὰς
325 2402 426 2438 ἔχουσι,
444 2402 514 2437 μήτε
528 2403 585 2434 τοῖς
599 2401 663 2437 περὶ
679 2402 780 2434 αὑτοὺς
810 2401 883 2428 καθ-

96 2449 203 2482 εστῶσι,
217 2449 285 2484 μήτε
294 2449 380 2484 ἑτέρῳ
387 2448 450 2475 τινί·
460 2447 517 2475 ἀλλ’
527 2448 621 2484 ὥσπερ
629 2447 884 2483 ἆμισθονλαμϐάνει

97 2495 143 2530 τὴν
162 2495 261 2530 ἀρχὴν,
281 2495 491 2531 προσλαμϐάνει
513 2503 542 2521 τε
573 2494 650 2530 παρὰ
676 2494 724 2521 τοῦ
751 2493 883 2530 δημοσίου

101 2542 142 2572 τὰς
161 2541 282 2576 σιτήσεις
299 2540 410 2576 (ταύτας
432 2540 487 2576 γὰρ
508 2541 592 2575 μόνας
610 2540 761 2575 λαμϐάνειν
789 2540 884 2567 τοῦτον

98 2586 237 2621 άῳίιμενγ
263 2585 350 2617 οὕτως
384 2586 468 2622 αὐτὴν
494 2586 628 2621 καθαραῖς
654 2586 772 2621 φυλάξαι
800 2586 882 2622 χερσὶ

99 2632 154 2668 Θεῷ
173 2640 204 2658 τε
225 2631 273 2659 καὶ
295 2632 362 2667 ἡμῖν
378 2632 440 2663 τοὺς
454 2632 524 2667 ὑπὲρ
540 2632 626 2667 αὐτῆς
641 2632 774 2667 ὑφέξοντα
787 2632 884 2666 λόγους

101 2679 207 2714 Ἀφείλει,
228 2679 362 2705 ’Ἱστωσαν
391 2675 437 2705 οὖν
462 2678 562 2710 οἵτινες
589 2678 758 2715 θαρρήσειαν
790 2679 883 2706 λαϐεῖν

101 2734 120 2751 τι
135 2725 200 2759 παρ’
219 2723 310 2750 αὐτῶν
323 2723 363 2754 είς
377 2723 428 2755 τὰς
450 2723 600 2759 εἰρημένας
626 2724 713 2761 ἀρχὰς
729 2724 885 2761 παριόντων

98 2769 252 2806 περαιτέρω
265 2769 320 2796 τῶν
335 2769 474 2806 προφάσει
492 2769 642 2805 συνηθειῶν
662 2770 727 2805 παρ’
745 2771 812 2805 ἡμῖν
835 2771 884 2797 αὺ-

96 2817 148 2848 τοῖς
161 2815 384 2851 ὠρισμένων,τὼ;
405 2816 456 2842 οὐκ
469 2816 498 2841 ὲν
518 2817 626 2852 μικροῖς
641 2816 657 2851 ἠ
671 2816 750 2852 ποινὴ
768 2817 882 2852 γενήσε-

99 2870 140 2890 ται
153 2861 274 2893 τούτοις·
291 2861 349 2889 ἀλλ’
374 2863 398 2889 οξ
424 2862 474 2896 μὲν
494 2862 618 2895 μέγιστοι
639 2862 768 2897 ἄρχοντες
787 2863 811 2889 οἱ
834 2863 882 2890 λα-

938 2269 994 2295 ros,
1011 2269 1100 2297 neque
1111 2262 1294 2298 patrocinium
1309 2262 1531 2296 denuntiaturos,
1549 2270 1637 2298 neque
1647 2270 1731 2298 spon-

937 2315 1016 2336 suros
1041 2313 1071 2336 ut
1092 2314 1169 2336 extra
1197 2309 1367 2345 provinciam
1393 2309 1503 2337 mittant
1525 2309 1663 2345 quippiam
1690 2310 1731 2338 vel

936 2355 997 2382 aliis
1020 2355 1179 2390 praesidibus
1198 2375 1205 2389 ,
1230 2355 1274 2384 vel
1299 2355 1333 2384 iis
1361 2363 1430 2391 quos
1463 2355 1535 2383 circa
1560 2363 1590 2383 se
1611 2356 1731 2389 habent,

936 2402 979 2430 vel
997 2402 1123 2437 cuiquam
1145 2402 1191 2430 alii
1223 2411 1230 2430 :
1253 2402 1300 2431 sed
1329 2407 1358 2430 ut
1375 2402 1520 2437 imperium
1549 2402 1634 2438 gratis
1650 2410 1731 2430 acce-

936 2453 1035 2484 perunt
1068 2452 1096 2476 et
1136 2448 1273 2484 gratuitas
1301 2454 1333 2475 ex
1365 2447 1474 2484 publico
1501 2447 1730 2476 frumentationes

936 2494 1009 2528 (bas
1043 2493 1117 2521 enim
1155 2493 1228 2522 solas
1262 2493 1330 2529 ipsis
1365 2492 1496 2526 accipere
1521 2493 1727 2528 permittimus)

936 2541 972 2567 ita
986 2540 1012 2567 id
1027 2539 1114 2575 ipsum
1127 2540 1203 2574 puris
1217 2539 1343 2567 manibus
1357 2538 1562 2573 administrare,
1586 2543 1614 2566 et
1635 2546 1726 2566 coram

936 2586 1011 2619 Deo,
1034 2590 1062 2614 et
1087 2593 1180 2613 coram
1202 2585 1301 2620 nobis),
1325 2585 1426 2620 quibus
1457 2584 1592 2612 rationem
1616 2585 1728 2613 reddere

937 2637 1064 2665 tenetur,
1094 2631 1239 2660 debebunt.
1278 2631 1373 2659 Sciant
1407 2636 1501 2660 autem
1535 2637 1631 2659 omnes
1668 2631 1727 2667 qui-

934 2685 1043 2712 cunque
1062 2677 1164 2713 aliquid
1186 2686 1201 2706 a
1232 2677 1314 2706 dictis
1341 2677 1546 2712 provinciarum
1566 2677 1728 2712 pmidibus

935 2724 1058 2759 accipere
1076 2724 1227 2757 audebunt,
1251 2724 1322 2751 ultra
1336 2723 1566 2751 consuetudinem
1589 2727 1724 2758 receptam

935 2774 962 2797 et
973 2777 988 2796 a
1009 2769 1087 2797 nobis
1102 2769 1253 2802 definitam,
1271 2776 1324 2797 non
1341 2768 1466 2805 exiguam
1491 2768 1544 2796 illis
1561 2775 1668 2803 pcenam
1685 2768 1726 2794 [ιι.

937 2819 1034 2848 turam,
1051 2815 1098 2842 sed
1116 2815 1234 2850 majores
1249 2815 1358 2850 quidem
1381 2815 1511 2850 praesides
1526 2815 1570 2850 qui
1587 2814 1620 2842 ab
1633 2814 1728 2849 prmsi-

935 2861 1013 2890 dibus
1033 2861 1133 2897 aliquid
1149 2861 1272 2897 accipere
1286 2860 1346 2890 ausi
1358 2859 1471 2894 fuerint,
1483 2864 1531 2887 aut
1545 2859 1570 2888 id
1586 2858 1647 2887 ﬁeri
1658 2866 1726 2886 cou-
