1938 3070
194 147 249 179 475

702 142 960 173 CONSTANTINI
981 141 1324 172 PORPHYROGENITI

1778 143 1838 175 476

192 203 329 230 cesserint
343 200 416 228 intra
433 205 509 226 Suam
519 197 752 234 iurisdictionem,
767 205 856 234 neque
871 198 983 225 manda-

1043 197 1129 224 5ετντι
1149 196 1340 232 θαρρήσαντες
1361 195 1438 232 παρά
1464 195 1519 222 τῶν
1544 196 1585 228 εἰς
1609 197 1660 229 τὰς
1682 197 1837 234 εἰρημέναις

194 253 250 275 tum
275 250 397 274 nostrum
415 244 526 273 reveriti
549 245 615 277 sint,
632 252 684 272 non
699 244 786 272 solum
803 243 984 279 quadruplum

192 300 287 321 eorum
304 299 364 327 quae
391 295 556 326 acceperunt
577 291 703 323 reddent,
716 291 762 318 sed
779 296 805 319 et
821 290 986 325 indignatio-

193 347 253 366 nem
267 343 388 366 nostram
406 337 548 370 subibunt,
572 341 600 365 et
615 337 759 372 imperium
776 337 918 364 amittendi
937 343 986 371 pe-

192 385 307 412 riculum
324 385 439 412 adibunt
461 392 468 411 :
493 384 574 419 eique
591 391 661 419 quos
686 383 790 411 circum
816 391 846 411 se
872 383 985 417 habent,

192 431 294 466 quique
311 431 379 466 ipsis
391 434 504 466 parent,
517 431 540 458 si
565 430 630 465 quid
651 429 767 464 amplius
786 435 886 465 praeter
898 429 958 458 lucc
970 437 985 457 a

192 477 274 504 nobis
295 483 427 504 concessa
451 476 576 511 accipere
596 480 750 508 conentur,
775 480 802 503 et
815 476 866 510 ipsi
890 476 986 504 iisdem

193 523 283 557 pinnis
300 522 492 557 subjaccbunt,
515 527 543 550 et
564 527 696 557 praeterea
720 522 903 558 quadruplum
924 523 987 551 red-

192 569 268 604 dent,
282 570 462 602 excidentque
476 573 504 597 et
519 569 672 598 substantia
687 577 736 597 sua
752 574 780 597 et
791 569 901 604 cingulo
917 577 986 604 spo-

193 615 343 649 liabuntur,
357 619 458 651 praeter
468 615 520 643 alia
531 615 664 652 supplicia
681 622 742 651 qua:
755 615 916 644 criminibus
926 615 986 644 istis

194 660 337 689 debentur.
786 673 795 677 λ

229 797 256 826 5.
275 798 407 827 ΡΓῖΕΞίίίεδ
430 798 475 834 qui
496 800 582 834 gratis
598 800 632 827 ad
658 799 772 834 imperia
792 804 985 835 pervenerunt,

190 843 320 878 iubemus
346 844 462 879 primum
485 845 594 880 quidem
611 853 719 879 curare,
738 850 767 873 ut
783 846 897 881 publica:
913 846 983 874 utili-

194 891 241 918 tati
266 890 410 926 diligenter
435 891 587 926 invigilant,
614 897 642 919 et
658 892 852 920 inobedientes
871 893 984 928 quidem

192 939 219 961 et
245 934 420 964 refractarios
439 937 513 964 omni
533 938 681 966 severitate
700 945 855 972 coerceant,
881 940 947 967 nihil
970 948 985 967 a

190 980 295 1016 jnstitia
318 981 502 1015 deﬂectentes,
524 990 612 1017 neque
628 983 654 1011 in
680 984 734 1011 ullo
756 985 863 1019 negotio
880 985 985 1013 lucrum

193 1031 360 1061 spectantes,
387 1035 491 1063 eosque
518 1029 565 1064 qui
593 1030 677 1065 probe
694 1037 724 1058 se
745 1032 880 1066 gesserint
898 1032 987 1067 patrio

193 1079 268 1098 more
285 1076 444 1100 tractantes.

228 1162 255 1189 4.
273 1162 406 1191 Jubemus
423 1169 454 1192 ut
477 1166 607 1200 przesides
628 1168 753 1196 subditos
768 1174 874 1198 nostros
889 1170 924 1197 ab
943 1170 986 1197 in-

189 1208 270 1242 juriis
299 1214 326 1237 et
353 1212 528 1240 contumeliis
551 1214 679 1242 omnibus
706 1214 873 1249 defendant,
902 1224 987 1252 seqtte

192 1262 285 1290 aequos
298 1256 323 1282 in
338 1256 454 1290 publicis
468 1258 650 1287 seditionibus
664 1261 812 1296 praebeant,
828 1268 986 1292 coercentes

193 1301 302 1335 delicta,
319 1308 347 1330 et
361 1304 486 1333 innoxios
510 1307 619 1341 quidem
636 1308 748 1336 omnino
760 1309 794 1336 ab
821 1310 919 1344 injuria
937 1311 985 1338 de-

193 1346 350 1382 fendentes,
375 1350 507 1378 obnoxios
525 1359 589 1379 vero
610 1353 706 1388 culpae,
732 1353 879 1383 allicientes
905 1363 985 1390 paena

192 1391 295 1428 legibus
311 1395 420 1422 tradita.
435 1395 536 1431 Sicque
564 1398 681 1426 subditis
698 1399 844 1434 imperent,
860 1401 988 1435 quemad-

193 1441 302 1468 rrodum
325 1447 451 1476 parentes
475 1443 571 1472 liberis
594 1445 671 1479 suis;
694 1450 723 1472 ut
738 1446 844 1474 scilicet
861 1448 987 1476 innoxios

192 1485 314 1521 diligant,
329 1487 436 1523 culpam
448 1490 624 1518 commeritus
647 1497 793 1520 coerceant
806 1494 986 1529 puuiantquc,

193 1539 302 1559 onmem
317 1533 455 1567 justitiam
472 1534 540 1569 ipsis
552 1555 559 1567 ,
573 1540 601 1563 et
616 1536 641 1564 in
660 1537 778 1572 publicis
789 1542 816 1565 ct
833 1538 858 1566 in
874 1539 986 1573 privatis

195 1578 379 1606 contractibus
400 1585 595 1608 conservantes
622 1590 630 1609 :
657 1590 746 1618 neque
768 1583 819 1618 ipsi
842 1584 931 1612 solum
961 1585 986 1611 id

195 1622 309 1656 faciant,
323 1624 370 1652 sed
387 1630 414 1653 et
427 1626 507 1654 talem
519 1627 571 1655 sibi
586 1635 752 1657 assessorem
764 1636 791 1658 et
801 1631 986 1658 consiliarium

194 1669 338 1705 eligentes.
351 1671 473 1707 aliosque
487 1673 535 1708 qui
552 1674 656 1702 circum
674 1675 748 1710 ipsos
765 1682 839 1711 sunt,
857 1682 885 1704 ut
900 1685 933 1704 ne
947 1678 989 1704 vi-

197 1715 312 1742 deantur
336 1715 385 1750 ipsi
411 1717 521 1751 quidem
547 1718 615 1746 citra
634 1720 742 1754 culpant
765 1728 835 1754 esse,
861 1728 908 1755 per
921 1720 990 1749 alios

197 1763 287 1785 autem
312 1767 408 1795 rapere
427 1765 456 1788 et
481 1761 578 1794 furari,
595 1764 667 1797 quod
684 1765 768 1792 tnulto
783 1765 865 1792 etiam
885 1765 991 1800 turpius

195 1809 246 1831 est.
267 1804 294 1832 Si
308 1806 369 1840 quis
383 1811 478 1834 contra
502 1808 560 1836 hmc
573 1808 719 1842 fecerit.ct
742 1811 874 1839 bonorum
905 1811 990 1838 coali-

196 1851 359 1884 scationem,
373 1857 400 1880 et
423 1854 550 1882 exsilium
562 1855 679 1890 patietur
694 1865 702 1884 :
719 1857 842 1891 cupimus
858 1857 928 1884 enim
942 1865 990 1892 pu-

195 1905 241 1925 rus
249 1905 310 1926 esse
321 1899 467 1934 praesidum
478 1909 585 1935 manus,
597 1906 626 1930 ut
638 1902 779 1931 indemnes
789 1903 913 1932 subditos
922 1911 989 1932 cott-

195 1951 345 1972 SC‘I'VEHIIIS.

1037 243 1126 279 ἀρχὰς
1147 243 1313 278 παριόντων,
1331 242 1349 278 ἢ
1370 241 1579 278 συγχωροῦντες
1592 244 1627 279 τῇ
1647 244 1737 281 οἰκείᾳ
1758 245 1838 279 ἐαξη

1037 289 1158 317 τοιοῦτόν
1176 298 1202 316 τι
1215 289 1348 324 πράττειν
1363 289 1411 316 καὶ
1431 289 1639 325 πῳσαγγελοέν
1654 290 1685 318 οὐ
1700 292 1839 328 θεραπεύ-

1037 345 1124 369 οντες,
1139 335 1169 362 οὐ
1190 336 1266 372 μόνοι
1285 335 1486 372 τετραπλάσιον
1509 336 1684 364 ἀποδώσουσι
1698 339 1752 365 πᾶν
1771 339 1837 366 ὅσον

1037 382 1191 418 εἰλήφασιν,
1207 381 1278 410 ἀλλά
1294 382 1342 409 καὶ
1358 381 1483 418 μεγάλην
1507 383 1698 419 ἀγανάκτησιν
1712 384 1837 420 time-ﬁ;-

1039 437 1141 461 σονται,
1153 429 1202 456 καὶ
1228 428 1274 456 τὸν
1288 428 1335 455 ἐπὶ
1350 430 1383 464 τῇ
1399 429 1471 464 ἀρχῇ
1487 428 1610 456 κίνδυνον
1629 430 1838 466 εὖλαϐηθήσον-

1037 483 1100 502 ταιο
1116 475 1163 502 καί
1181 483 1212 511 γε
1231 475 1264 510 [Ῑ.
1284 475 1311 502 ετ
1328 483 1360 509 γε
1375 474 1413 511 οἱ]
1438 475 1507 510 ἀμφ’
1523 475 1623 508 αὐτοὺς
1645 476 1736 510 ὄντες,
1750 477 1799 504 καὶ
1817 477 1835 512 ἡ

1038 522 1189 558 πειθομένη
1202 522 1278 555 τάξις
1289 522 1381 554 αὐτοῖς
1396 521 1478 549 πλέον
1495 531 1522 550 τι
1540 522 1596 550 τῶν
1604 523 1670 558 παρ’
1681 523 1749 558 ἡμῖν
1759 531 1813 558 συγ
1823 539 1834 545 -

1039 569 1253 605 κεχωρημένων,
1283 569 1492 605 ἐπιχειρήσαιιν
1506 569 1612 603 λαϐεῖν,
1632 570 1710 598 αὐτοί
1721 578 1751 597 τε
1767 570 1837 596 ὐπο-

1038 615 1177 642 κείσονται
1196 615 1254 646 τοῖς
1271 613 1486 650 ἐζημιωμένοις,
1501 615 1549 642 καὶ
1563 615 1604 647 εἰς
1622 615 1654 642 τὸ
1677 615 1837 651 τετραπλά-

1039 670 1096 688 σιον
1120 662 1328 690 ἀποδώσουσιν·
1350 663 1532 691 ἐκπεσοῦνται
1556 663 1585 691 δὲ
1608 665 1656 691 καὶ
1685 663 1780 695 οὐσίας
1799 663 1835 700 [Ι.

1037 707 1129 744 ἀξίας]
1147 709 1195 736 καὶ
1214 708 1305 744 ζώνης
1320 709 1390 745 πρὸς
1416 709 1455 745 τῷ
1473 709 1520 737 καὶ
1539 709 1689 746 τιμωρίαις
1714 709 1837 738 ὑποόἀλ-

1037 753 1131 781 λεσθαι
1149 753 1320 790 πρεπούσαις
1331 755 1387 787 τοῖς
1402 755 1648 791 πλημμελήμασιν.

1074 804 1109 835 γ’.
1123 800 1194 832 Τοὺς
1217 801 1353 837 ἄρχοντας
1376 801 1440 834 τοὺς
1458 801 1584 837 ἀμίσθως
1601 801 1837 837 παραλαμϐάνον-

1041 854 1093 878 τας
1108 845 1159 877 τὰς
1174 846 1273 882 ἀρχὰς,
1289 845 1439 882 κελεύομεν
1453 846 1562 882 πρῶτον
1575 846 1738 882 σπούδασμα
1748 846 1836 882 ἔχειν,

1002 882 1094 924 Βτοῖς
1116 892 1257 927 δημοσίοις
1276 891 1425 927 ἀγρύπνως
1449 891 1605 928 προσέχειν,
1623 892 1670 919 καὶ
1694 893 1758 924 τοὺς
1783 892 1836 927 μὲν

1038 938 1267 974 ἀγνωμονοῦντας
1289 939 1336 965 καὶ
1349 937 1521 974 ἀμελοῦντας
1541 939 1571 965 ἐν
1589 939 1646 970 τοῖς
1661 938 1835 972 ἀναγκαίοις,

1040 984 1112 1020 μετὰ
1136 984 1229 1019 πάσης
1251 984 1428 1019 εἰσπράττειν
1452 984 1503 1019 τῆς
1529 984 1724 1019 σφοδρότητος,
1750 985 1836 1021 μηδὲν

1038 1029 1354 1065 ὑποκατακλινομένους,
1374 1029 1443 1065 μηδέ
1465 1029 1536 1064 ὺπέρ
1552 1028 1635 1056 αὑτοῦ
1652 1029 1748 1056 τούτου
1769 1030 1836 1065 κέρ-

1038 1076 1083 1108 δος
1105 1085 1132 1103 τι
1160 1076 1336 1103 παντάπασιν
1359 1075 1531 1109 ἐννοοῦντας,
1546 1076 1603 1107 τοῖς
1627 1075 1654 1102 δὲ
1677 1075 1836 1111 εὐγνώμοσι

1039 1122 1181 1158 πατρικῶς
1199 1121 1418 1158 προσφερεσΰαι.

1076 1166 1108 1193 δ’.
1135 1166 1206 1198 Τοὺς
1234 1166 1370 1201 ἄρχοντας
1400 1164 1561 1200 κελεύομεν,
1591 1165 1655 1197 τοὺς
1681 1165 1836 1200 ἡμετέρους

1038 1212 1189 1247 ὑπηκόους,
1215 1211 1363 1248 φυλάττειν
1402 1211 1573 1246 πανταχόθεν
1599 1211 1836 1247 ἀνεπηρεάστους,

1037 1259 1092 1285 οὐδ’
1107 1257 1196 1285 ὁτιοῦν
1218 1258 1284 1293 παρ’
1303 1257 1411 1290 οὐδενὸς
1428 1257 1521 1284 αὐτῶν
1541 1257 1753 1292 κομιζομένους,
1777 1256 1832 1283 ῐσοι

1037 1305 1065 1332 δὲ
1089 1306 1118 1332 ἐν
1141 1305 1203 1336 ταῖς
1227 1303 1366 1340 δημώδεσι
1396 1305 1525 1331 στάσεσιν
1540 1303 1664 1331 ἔστωσαν
1680 1302 1835 1335 ἐπεξιόντες

1038 1352 1096 1383 τοῖς
1112 1351 1325 1387 ἁμαρτήμασιν,
1343 1350 1469 1382 καὶτοὺς
1493 1350 1542 1386 μὲν
1569 1349 1744 1382 ἀνευθύνους,
1765 1358 1835 1376 πανο

1038 1397 1153 1433 ταχόθεν
1175 1396 1353 1432 φυλάττοιντο
1373 1397 1524 1432 καθαροὺς,
1541 1397 1597 1429 τοῖς
1612 1396 1642 1423 δὲ
1659 1395 1833 1427 ὑπευθύνοις,

1038 1443 1208 1476 ἐπιτιθέντες
1219 1444 1269 1479 τὴν
1285 1443 1356 1471 κατά
1374 1443 1474 1479 νόμους
1490 1443 1598 1479 ποινὴν,
1615 1444 1664 1470 καὶ
1679 1442 1768 1475 οὕτως
1782 1443 1833 1478 ἄρ-

1038 1498 1134 1524 χοντες
1150 1489 1205 1516 τῶν
1225 1489 1366 1525 ὑπηκόων,
1380 1489 1457 1516 ὡσὰν
1477 1489 1598 1525 πατέρες
1617 1489 1684 1516 υίῶν
1699 1488 1832 1522 εστωσαν,

1039 1535 1201 1569 ἀγαπῶντες
1219 1535 1268 1570 μὲν
1284 1535 1394 1569 αὐτοὺς,
1411 1534 1578 1567 ἀνευθύνους
1597 1534 1690 1566 ὄντας,
1713 1534 1834 1561 ὑπευθύ-

1040 1590 1103 1614 νους
1127 1581 1155 1608 δὲ
1179 1582 1371 1617 φαινομένους,
1397 1581 1612 1617 σωφρονίζοντές
1627 1590 1658 1608 τε
1680 1581 1728 1608 καὶ
1747 1589 1835 1616 τιμω-

1040 1627 1177 1664 ρούμενοι,
1201 1628 1248 1654 καὶ
1266 1627 1359 1654 πᾶσαν
1380 1627 1570 1662 δικαιοσύνην,
1588 1626 1616 1653 ἐν
1631 1635 1662 1653 τε
1673 1627 1730 1658 τοῖς
1747 1627 1834 1661 δημο-

1041 1673 1120 1705 σίοις,
1135 1672 1164 1699 ἐν
1195 1681 1224 1699 τε
1251 1673 1308 1704 τοῖς
1325 1672 1401 1704 ἰδίοις
1415 1671 1601 1707 συμϐολαίοις,
1624 1671 1716 1702 αὐτοῖς
1741 1671 1835 1706 διατη-

1041 1718 1162 1753 ροῦντες,
1183 1718 1232 1745 καὶ
1261 1718 1312 1745 οὐκ
1338 1717 1418 1745 αὐτοὶ
1446 1717 1523 1754 μόνοι
1548 1717 1629 1745 τοῦτο
1655 1717 1834 1753 πράττοντες,

1040 1763 1111 1791 ἀλλά
1128 1764 1177 1791 καὶ
1192 1763 1237 1791 τὸν
1251 1764 1295 1790 ἀεὶ
1313 1763 1533 1799 παρεδρεύοντα,
1547 1763 1668 1790 τοιοῦτον
1682 1763 1836 1798 λαμϐάνον-

1041 1818 1099 1842 τες,
1118 1811 1166 1837 καὶ
1180 1810 1244 1841 τοὺς
1261 1810 1326 1844 περὶ
1341 1810 1441 1842 αὐτοὺς
1463 1809 1598 1843 ἅπαντας,
1625 1809 1662 1841 ὡς
1687 1809 1724 1844 μὴ
1747 1809 1836 1835 δοκεῖν

1043 1856 1164 1888 ἐκείνους
1179 1855 1238 1891 δῆθ’
1251 1855 1417 1887 ἀνευθύνους
1432 1854 1514 1888 εἶναι,
1528 1855 1562 1882 δι’
1586 1855 1687 1890 ἑτέρων
1697 1854 1726 1882 δὲ
1741 1854 1836 1889 πλημι

1045 1902 1136 1938 μιλεῖν
1155 1911 1185 1929 τε
1206 1902 1254 1929 καὶ
1278 1902 1416 1936 κλέπτειν,
1432 1902 1501 1937 ὅπερ
1521 1901 1562 1929 ἔτι
1579 1901 1681 1937 μᾶλλον
1694 1901 1836 1937 αἰσχρότε-

1045 1949 1092 1985 ρόν
1109 1950 1194 1977 ἐστιν.
1213 1949 1245 1976 Εί
1270 1948 1298 1976 δέ
1313 1957 1356 1981 τις
1367 1949 1444 1984 παρὰ
1456 1948 1543 1976 ταῦτα
1561 1947 1702 1984 πράξειεν,
1717 1947 1783 1974 ἵστω
1795 1948 1836 1974 ὅτι

194 1993 241 2019 καὶ
259 1993 392 2029 δήμευσιν
419 1995 468 2022 καὶ
493 1995 601 2032 ἐξορίαν
640 1997 838 2034 ὑποστήσεται,
870 1999 918 2026 καὶ
942 1998 992 2034 τὴν
1012 1998 1053 2030 εἰς
1081 1998 1112 2025 τὺ
1128 1998 1209 2034 σῶμα
1221 1997 1339 2033 βάσανὸν
1354 2006 1384 2024 τε
1412 1997 1460 2025 καὶ
1475 1998 1627 2034 τιμωρίαν·
1642 1996 1766 2032 καθαρὰς
1783 1996 1837 2032 γὰρ

194 2043 366 2078 ἀπαιτοῦμεν
376 2041 447 2070 εἶναι
461 2045 516 2071 τῶν
528 2044 669 2081 ἀρχόντων
683 2046 733 2078 τὰς
743 2047 848 2082 χεῖρας,
861 2046 906 2074 ἵνα
921 2047 984 2079 τοὺς
1003 2045 1170 2082 ἀρχομένους
1188 2045 1323 2081 ἀζημίους
1338 2045 1514 2080 φυλάξωμεν.

229 2088 256 2116 5.
272 2089 403 2118 Jubemus
429 2092 657 2126 provincialibus,
686 2093 739 2121 hoc
755 2098 809 2126 est.
831 2093 879 2121 Dei
897 2101 991 2121 aman-

195 2134 301 2162 tissimo
315 2128 454 2172 eﬁséopo,
473 2137 588 2173 aliisque
604 2138 651 2174 qui
667 2139 692 2166 in
710 2146 743 2166 ea
761 2139 872 2175 regione
887 2140 988 2175 primas

194 2180 328 2213 obtinent,
344 2182 491 2217 si-praeses
507 2183 626 2218 regionis
639 2185 779 2220 quidpiam
796 2193 861 2220 erga
876 2187 987 2221 provin-

1080 2095 1112 2119 ε’.
1131 2091 1290 2127 Κελεύομεν
1304 2092 1362 2123 τοῖς
1386 2089 1584 2127 ἑπαρχιὼταις,
1616 2089 1690 2117 τοῦτ’
1706 2089 1775 2123 ἐστι,
1799 2090 1837 2126 τῷ

1044 2137 1246 2173 θεοφιλεστάτῳ
1261 2137 1416 2173 ἐπισκόπῳ.
1435 2137 1551 2168 καὶτοῖς
1567 2137 1597 2162 ἐν
1613 2137 1646 2171 τῇ
1665 2135 1743 2172 χώρᾳ
1761 2145 1837 2172 πρω-

1041 2184 1180 2217 τεύουσιν,
1203 2183 1259 2211 εἴτε
1274 2183 1308 2220 [Ι.
1328 2182 1392 2218 εἴτι]
1412 2182 1483 2210 κατὰ
1500 2183 1550 2218 τῆς
1574 2183 1711 2218 ἐπαρχίας
1733 2182 1836 2217 ἄδικον,

195 2227 265 2254 ciam
290 2227 389 2262 injuste
407 2228 513 2261 fecerit,
538 2230 616 2258 nobis
635 2231 806 2266 supplicare,
834 2232 987 2267 factamque

1043 2231 1056 2258 ὸ
1074 2231 1124 2266 τῆς
1139 2231 1233 2267 χώρας
1249 2231 1341 2267 ἄρχων
1354 2229 1551 2266 διαπράξηται,
1567 2230 1674 2266 δεήσεις
1689 2230 1836 2264 ποιεῖσθαι,

198 2274 426 2309 supplicationem
441 2275 474 2302 ad
495 2283 545 2304 nos
562 2277 756 2310 transmittere,
774 2278 800 2306 iu
821 2286 874 2313 qua
890 2279 987 2307 delicta

195 2320 322 2355 pra-sidis
337 2321 542 2350 contineantur.
558 2321 612 2350 Nos
626 2323 698 2350 enim
717 2324 778 2352 istis
795 2324 912 2359 cognitis
928 2327 990 2352 mit-

194 2371 284 2395 temus
307 2367 425 2403 aliquem
447 2369 493 2403 qui
512 2369 538 2396 in
555 2369 607 2397 ista
623 2369 754 2405 inquirat,
768 2376 798 2398 ut
821 2371 847 2399 in
865 2379 917 2407 qua
940 2379 990 2399 re-

195 2413 277 2449 gione
291 2413 440 2445 commisit.
458 2414 494 2442 ibi
510 2419 538 2443 et
550 2422 646 2450 pcenas
661 2417 801 2444 commissi
819 2417 861 2445 sui
878 2417 943 2449 luat.
962 2422 991 2445 ut

195 2460 239 2487 alii
257 2460 308 2487 hoc
321 2460 448 2496 exemplo
463 2461 674 2490 commonefacti
692 2463 791 2490 similia
814 2467 918 2492 tentare
936 2473 989 2492 non

197 2505 326 2534 audeant.

231 2597 258 2625 6.
273 2596 405 2626 Jubemus
421 2603 449 2627 ut
467 2598 597 2634 prasides
613 2600 814 2634 provinciarum
830 2602 990 2630 omnimodo

196 2648 258 2677 post
283 2644 437 2678 depositum
472 2645 615 2680 imperium
643 2646 839 2682 quinquaginta
856 2647 935 2683 Edies
965 2649 991 2675 in

199 2690 348 2724 provinciis
370 2697 586 2726 commoremur,
602 2697 632 2720 ut
648 2701 777 2722 accusare
791 2695 864 2730 ipsos
878 2695 993 2723 volenti-

199 2734 249 2762 bus
271 2737 463 2771 respondeant.
487 2739 517 2773 (Ι.
546 2748 565 2771 r,
580 2748 594 2767 ε
625 2738 657 2766 Ut
682 2749 752 2767 antu.
773 2740 859 2776 judic.
876 2746 942 2769 tom.
955 2741 992 2778 ι’.)

199 2779 278 2813 Quod
304 2781 327 2808 si
352 2790 416 2810 vero
437 2785 583 2820 contigerit
602 2785 756 2821 quempiam
785 2794 818 2814 ex
841 2787 906 2822 ipsis
930 2792 993 2815 ante

201 2827 352 2862 completos
365 2829 561 2865 quinquaginta
572 2831 631 2859 dies
649 2832 682 2859 de
697 2833 834 2867 provincia
850 2834 991 2866 excedere,

199 2873 330 2910 iubemus
347 2882 442 2903 omnes
455 2876 487 2903 ab
501 2876 558 2911 ipso
580 2877 706 2906 damnum
730 2886 833 2914 passos,
848 2879 994 2908 convenire

1041 2272 1099 2303 καί
1119 2277 1160 2309 είς
1176 2277 1251 2313 ἡμᾶς
1271 2277 1459 2312 ἀναπέμπειν,
1475 2276 1681 2309 καταλέγοντας
1706 2276 1754 2303 τοῦ
1783 2276 1833 2312 τὴν

1041 2322 1128 2359 ἀρχὴν
1143 2323 1252 2358 ἔχοντος
1265 2323 1299 2350 τὰ
1316 2322 1555 2359 πλημμελήματα.
1579 2322 1675 2357 Ἡμεῖς
1696 2323 1750 2357 γὰρ
1765 2322 1833 2349 ταῦ-

1042 2378 1076 2396 τα
1094 2368 1275 2404 μανθάνοντες
1301 2368 1448 2403 στελοῦμεν
1477 2367 1524 2394 τὸν
1551 2366 1639 2394 ταῦτα
1660 2366 1825 2399 ἐξετάσοντα

1041 2416 1083 2451 ἐφ’
1098 2412 1151 2450 ᾧτε
1171 2415 1254 2443 αὑτὸν
1278 2414 1343 2442 ἔνθα
1368 2415 1417 2441 καὶ
1436 2414 1577 2450 ἠδίκησεν,
1605 2414 1694 2440 ἐκεῖσε
1719 2413 1766 2440 καὶ
1788 2413 1836 2444 τὰς

1042 2462 1139 2494 ποινὰς
1154 2462 1284 2497 ὑποσχεῖν
1298 2461 1345 2488 τοῦ
1369 2461 1516 2496 πλημμελή
1522 2469 1616 2496 ματος,
1635 2459 1675 2492 ὡς
1692 2459 1759 2494 μηδὲ
1775 2459 1835 2486 ἓτε-

1024 2509 1027 2511 ’
1044 2506 1091 2541 ρόν
1108 2514 1170 2533 τινα
1186 2505 1293 2532 τοιοῦτο
1311 2504 1415 2541 πρᾶξαι
1435 2505 1573 2541 θαρρῆσαι
1598 2504 1667 2540 πρὸς
1693 2504 1724 2531 τὸ
1749 2504 1839 2540 παρά-

1043 2554 1145 2588 δειγμα
1160 2553 1305 2588 βλέποντα.

1080 2599 1117 2633 ς’.
1138 2598 1295 2633 Κελεύομεν
1307 2599 1370 2631 τοὺς
1385 2598 1439 2626 τῶν
1454 2598 1598 2634 ἐπαρχιῶν
1615 2597 1760 2633 ἄρχοντας,
1772 2597 1838 2624 πᾶσι

1044 2646 1156 2681 τρόποις
1176 2645 1246 2680 μετὰ
1263 2644 1294 2671 τὸ
1306 2644 1459 2672 ἀποθέσθαι
1481 2644 1531 2680 τὴν
1557 2643 1645 2680 ἀρχὴν
1669 2643 1839 2678 πεντήκοντα

1044 2691 1152 2728 ἡμέρας
1176 2693 1205 2719 ἐν
1217 2692 1277 2723 ταῖς
1299 2691 1445 2726 ἐπαρχίαις
1468 2690 1629 2726 διατρίϐειν,
1651 2690 1698 2717 καὶ
1719 2690 1776 2721 τοῖς
1799 2690 1840 2716 ἐν-

1048 2737 1127 2773 άγειν
1143 2739 1235 2770 αὐτοῖς
1245 2738 1430 2774 βουλομένοις,
1447 2737 1655 2773 ἀποκρίνεσθαι.
1679 2737 1710 2763 Εἰ
1727 2735 1756 2763 δέ
1770 2744 1840 2770 συμ-

1046 2785 1134 2812 ϐαίνει
1149 2785 1210 2812 τινὰ
1225 2785 1254 2816 ἐξ
1270 2785 1361 2812 αὐτῶν
1381 2784 1435 2820 πρδ
1448 2783 1495 2811 τοῦ
1514 2784 1660 2820 πληρῶσαι
1673 2783 1723 2815 τὰς
1739 2783 1837 2816 πεντή-

1047 2839 1130 2858 κοντα
1150 2830 1270 2867 ἠμέρας,
1294 2830 1457 2858 καταλιπεῖν
1481 2830 1531 2866 τὴν
1554 2829 1658 2865 χώραν,
1689 2827 1839 2862 κελεύομεν

1047 2879 1151 2912 πάντας
1167 2880 1229 2912 τοὺς
1243 2879 1308 2916 παρ’
1321 2879 1403 2906 αὐτοῦ
1420 2879 1524 2915 ζημίας
1537 2877 1613 2910 τινας
1626 2876 1838 2913 ὑπομείναντας,
