1938 3070
171 123 227 156 £79

680 125 937 156 CONSTANTINI
958 122 1242 154 PORPUYROGEN
1249 122 1301 153 [T1

1754 121 1819 152 48οε

171 187 253 207 mann
281 187 329 207 sua
358 179 522 210 snbscribat.
547 179 618 213 quod
645 187 734 215 neque
759 180 856 214 pretio,
875 186 963 213 neque

1022 186 1110 213 ῖμςιτοι
1136 179 1235 210 ποιεῖν,
1265 177 1313 203 καὶ
1338 177 1453 204 amem
1484 177 1576 204 αὐτῶν
1601 180 1804 213 χειρογραιρείν

173 224 376 259 pollicitatione,
397 232 484 260 neque
507 225 637 258 amicitia,
655 230 701 253 aut
721 226 821 261 gratia,
847 229 895 252 aut
911 224 964 251 alio

171 270 266 305 quovis
277 270 374 298 all‘ectu
398 271 499 299 inducti
514 272 579 305 sint,
596 273 644 300 sed
662 277 831 308 compertum
846 273 965 301 habeam

170 317 244 352 ipsos
262 323 341 344 recta:
355 322 383 344 et
396 318 536 346 catholica:
554 319 616 346 ﬁdei
632 319 748 354 vitaeque
766 319 921 355 inculpatzc,
938 324 965 346 ct

169 363 224 397 jam
239 363 406 391 tricesimum
420 372 522 392 annum
539 373 730 400 supergressus
738 373 800 394 esse
816 374 824 393 :
839 366 966 402 scireqne

172 417 202 437 se
219 410 291 444 quod
312 418 399 445 neque
417 419 533 439 uxorem
552 419 641 448 neque
658 412 758 440 liberos
772 412 900 447 habeant,
917 421 964 440 ne-

173 463 228 490 que
244 455 367 489 pellicem
385 461 433 483 aut
455 457 556 485 liberos
576 459 733 492 naturales;
749 459 796 487 sed
810 459 834 486 si
856 459 918 495 quis
933 466 966 486 ex

174 502 240 537 ipsis
266 503 341 537 prius
366 511 478 531 uxorem
508 504 612 539 habuit,
643 512 703 533 eam
732 506 841 534 unicam
870 505 965 539 fuisse,

173 557 289 584 eamque
307 558 357 578 nec
372 551 490 585 viduam,
504 560 592 586 neque
607 561 622 580 ιι
637 553 695 581 viro
708 553 861 585 dimissam,
879 561 966 588 neque

175 597 278 624 sanctis
292 598 442 626 canonibus
459 599 622 633 prohibitos,
639 603 667 627 et
684 607 717 627 ex
741 600 826 628 tribus
844 601 967 635 perscrtis

175 642 207 669 de
223 643 321 677 quibus
335 643 473 671 decretum
490 643 591 672 factum
610 650 663 678 est,
679 646 798 680 optimus
815 646 965 674 ordinetur.

175 687 329 722 Adjiciatur
349 694 480 724 praeterea
496 690 601 726 judicio
623 691 792 726 designanlis
805 712 812 725 ,
829 697 858 719 ut
875 693 966 720 libello

176 734 211 762 ab
223 734 281 769 ipso
300 734 372 764 facto
384 743 445 764 cum
455 738 563 772 propria
580 738 792 774 subscriptione,
808 739 966 767 continente

178 781 364 808 testimonium
383 782 416 809 dc
440 786 513 810 recta
530 783 589 817 ejus
606 784 670 817 ﬁde,
694 784 841 812 denuntiet
852 789 879 813 et
895 786 966 813 divi-

176 833 239 852 num
265 827 410 854 adventum
438 827 466 854 in
491 835 568 855 sacra
584 829 778 857 communione
795 829 908 861 factum.
938 834 966 857 et

1015 223 1116 250 όῖίονδε
1136 223 1255 250 διάδοσιν
1329 223 1392 249 οὔτε
1409 223 1438 249 δὲ
1464 223 1509 250 διὰ
1525 222 1623 259 δόσιν],
1652 222 1714 249 οὔτε
1743 223 1814 250 ὑπό-

1019 270 1147 305 σχεσιν,ῆ
1163 270 1266 304 φιλίαν,
1281 270 1297 305 ἢ
1309 271 1399 306 χάριν,
1412 270 1428 306 ἢ
1441 270 1524 305 ἀλλην
1537 271 1596 297 οἷαν
1609 270 1710 305 δήποτε
1725 279 1816 306 προσ-

1015 316 1142 349 πάθειαν,
1161 316 1219 342 ἀλλ’
1237 316 1339 347 εἰδότες
1368 316 1468 348 αὐτοὺς
1499 316 1548 351 τῆς
1565 316 1650 352 ὀρθῆς
1666 316 1715 343 καὶ
1738 317 1817 343 καθ-

1020 363 1115 398 ολικῆς
1129 362 1247 395 πίστεως
1259 362 1309 389 καὶ·
1319 362 1420 397 σεμνοῦ
1434 363 1502 398 βίου,
1515 363 1563 389 καὶ
1575 363 1644 399 ὑπὲρ
1656 363 1685 389 το
1700 371 1816 398 τριακο-

1018 409 1080 436 στὸν
1103 409 1164 441 ἔτος
1188 409 1302 441 τούτους
1324 407 1396 435 εῖναι
1421 409 1596 441 ἐπελέξαντο,
1614 411 1662 435 καὶ
1688 409 1729 435 ὅτι
1751 408 1816 435 οὐδὲ

1017 455 1139 491 γαμετᾶς
1155 456 1216 482 οὐδὲ
1240 455 1337 487 παῖδας
1355 454 1526 487 ἴσασίλτινας
1544 455 1574 487 ἐξ
1588 455 1677 481 αὐτῶν
1698 455 1780 490 ἔχειν,
1797 454 1814 489 ἢ

1019 501 1164 537 παλλακὴν
1182 502 1198 537 ἢ
1225 501 1326 533 παῖδας
1342 501 1486 536 φυσικοὺς,
1500 501 1558 528 ἀλλ’
1576 501 1599 527 εἰ
1614 500 1661 527 καὶ
1680 501 1816 535 πρᾶτερξν

1017 556 1059 580 τις
1069 548 1099 581 ἐξ
1111 548 1200 575 αὐτῶν
1213 547 1347 584 γαμετὴν
1361 546 1434 583 εἶχεν
1446 548 1492 575 καὶ
1503 547 1588 582 αὐτὴν
1599 547 1676 581 μίαν,
1689 548 1736 573 καὶ
1752 546 1815 573 οὐδὲ

1017 594 1117 629 χήραν,
1134 593 1196 621 οὐδὲ
1213 594 1310 630 ἀνδρὸς
1333 593 1562 628 ἀποζευχθεῖσαν,
1580 593 1641 620 οὐδὲ
1656 593 1711 624 τοῖς
1730 593 1816 628 ἱεροῖς

1018 639 1129 666 κανόσιν
1150 640 1407 676 ἀπηγορευμένους,
1424 640 1472 666 καὶ
1487 639 1519 666 ἐκ
1534 639 1589 666 τῶν
1619 639 1704 675 τριῶν
1732 647 1817 673 προσ-

1021 685 1110 712 ώπων
1130 687 1185 714 τῶν
1197 686 1403 722 ψηφιζομένων,
1424 687 1439 712 ὁ
1452 686 1565 721 βελτίων
1592 685 1814 721 χειροτονείσθω,

1019 729 1133 765 ὲπιλογῇ
1147 730 1195 757 καὶ
1206 731 1246 766 τῷ
1259 730 1374 766 κρίματι
1388 730 1434 758 τοῦ
1448 730 1676 766 χειροτονοῦντος,
1689 729 1814 756 λιϐέλλου

1018 776 1084 811 παρ’
1100 776 1184 803 αὐτοῦ
1198 777 1342 813 γινομένου
1364 777 1423 812 μεθ’
1436 775 1600 812 ὑπογραφῆς
1617 776 1697 808 ἰδίας,
1734 785 1817 812 περι-

1020 823 1135 857 έχοντος
1149 823 1273 858 περὶτῆς
1285 823 1369 859 ὀρθῆς
1387 822 1468 850 αὐτοῦ
1484 823 1614 856 πίστεως,
1630 822 1816 857 ἀπαγγέλλειν

175 871 359 906 precationem
377 872 404 899 in
430 880 509 900 sacro
526 874 698 909 baptismate,
718 875 891 911 reliquasque
904 884 967 911 pre-

1022 869 1050 896 δὲ
1067 869 1174 902 τοῦτον,
1196 871 1244 897 καὶ
1259 870 1309 905 τὴν
1336 870 1412 897 θείαν
1438 870 1636 906 προσκομιδὴν,
1651 870 1700 905 τὴν
1715 869 1761 896 ἐπὶ
1780 871 1815 904 τῇ

175 917 306 946 cationes.
325 918 376 946 Sed
393 923 420 947 et
435 919 493 954 ipse
512 920 669 956 designatus
684 922 792 958 propria
811 931 892 950 tnanu
905 924 968 950 sub-

174 964 286 998 scribat,
306 965 377 1000 quod
392 973 479 1001 neque
495 975 543 1001 per
558 975 587 995 se
612 967 700 1003 ipsum
722 977 810 1004 neque
826 977 874 1004 per
888 970 967 996 aliam

174 1018 319 1045 personam
334 1011 439 1039 dederit
454 1017 500 1040 aut
515 1014 682 1048 promiserit,
696 1019 741 1041 aut
759 1018 871 1050 posthac
888 1016 969 1042 datu-

175 1064 222 1084 rus
234 1057 282 1091 sit,
295 1057 336 1085 vel
353 1058 389 1085 illi
405 1059 450 1093 qni
467 1066 529 1087 eum
545 1060 710 1095 designavit,
725 1061 766 1088 vel
783 1061 835 1089 illis
850 1061 895 1096 qui
911 1061 968 1089 suf-

175 1101 264 1137 fragio
279 1110 328 1131 suo
343 1111 404 1131 eum
420 1104 560 1139 juverunt,
578 1111 625 1133 aut
641 1107 759 1141 dentque
783 1108 895 1135 omnino
910 1108 968 1135 eui-

177 1156 271 1184 quam,
289 1157 339 1184 pro
355 1149 546 1186 designatione
563 1152 590 1181 in
606 1153 693 1188 ipsum
707 1153 789 1181 faeta.

210 1293 237 1321 4.
263 1294 394 1323 Jubemus
420 1296 562 1332 episcopos
588 1303 707 1333 creatos,
732 1300 755 1328 si
771 1309 851 1336 quem
869 1301 966 1330 laicutn

175 1342 304 1375 pratdieta
320 1343 453 1371 electione
477 1345 588 1380 dignum
613 1348 784 1380 censuerint,
802 1349 874 1377 hunc
887 1349 966 1377 talem

175 1395 229 1414 una
242 1396 302 1415 cum
316 1389 376 1416 aliis
390 1390 476 1417 tribus
488 1391 596 1419 clericis
611 1399 658 1420 aut
674 1394 816 1422 monachis
829 1395 946 1431 allegcre
959 1405 966 1423 :

175 1435 213 1461 ita
229 1434 338 1468 quidem
356 1439 384 1462 ut
411 1435 496 1463 laicus
518 1436 569 1464 hac
583 1438 688 1465 ratione
709 1439 735 1466 in
752 1441 906 1475 episcopum
920 1442 968 1470 ad-

175 1479 261 1506 iectus
282 1488 334 1507 non
357 1481 467 1515 quidem
484 1481 628 1518 episcopus
646 1489 766 1518 creetur,
788 1486 835 1513 sed
852 1487 967 1522 primum

176 1525 285 1553 clericis
310 1534 365 1554 non
388 1528 479 1555 minus
501 1536 583 1562 quam
613 1530 693 1557 trium
722 1532 854 1559 tnensium
879 1534 966 1568 spatio

178 1571 383 1606 adnumeratur,
407 1578 434 1601 et
457 1574 497 1601 sic
521 1579 631 1603 sanctos
651 1583 770 1604 canones
803 1584 968 1614 sanctasque

178 1615 308 1645 Ecclesia‘
318 1617 443 1653 liturgias
458 1621 570 1650 edoctus
583 1622 727 1657 episcopus
745 1623 886 1652 ordinetur
901 1633 907 1651 :
925 1625 970 1660 qui

177 1663 250 1690 enim
269 1663 337 1692 alios
358 1665 489 1694 docturus
513 1671 565 1700 est,
589 1675 641 1695 non
664 1670 794 1697 convenit
820 1678 886 1698 eum
911 1677 971 1706 post

177 1709 392 1744 designationem
408 1712 442 1739 ab
454 1712 514 1740 aliis
527 1713 641 1742 discere.
660 1714 712 1742 Sed
728 1715 751 1743 si
766 1716 875 1750 quidem
888 1718 970 1745 etiam

177 1756 240 1783 dum
260 1757 335 1785 laicis
355 1765 608 1793 connumeraretur,
627 1762 684 1796 jam
703 1763 869 1792 suﬂicienter
880 1767 970 1794 omnia

177 1802 291 1830 edoctus
312 1803 405 1837 l'uerit,
431 1806 464 1833 ad
487 1806 602 1835 aliorum
631 1808 841 1844 institutionem,
872 1811 899 1838 in
925 1812 971 1839 tali

177 1852 287 1884 tempus
311 1851 472 1884 praeﬁnitum
494 1859 546 1880 non
568 1854 693 1887 servari,
715 1851 972 1891 experientia'sine

177 1895 299 1929 periculo
318 1896 420 1925 docuit.

211 1989 239 2017 5.
253 1988 282 2017 Si
296 1989 318 2017 is
330 1989 376 2025 qui
388 1990 572 2027 designandus
582 1998 634 2026 est,
649 1997 778 2029 tanquam
792 2003 845 2023 non
858 1995 973 2024 idoneus

175 2039 330 2070 accusetur,
349 2035 492 2065 differatur
506 2039 659 2074 designatio
682 2046 709 2068 et
731 2042 861 2076 procedat
881 2042 972 2077 inqui-

174 2081 238 2109 sitio
261 2089 310 2110 seu
332 2087 467 2118 praesente
494 2092 542 2112 seu
559 2086 674 2114 absente
698 2087 868 2122 adversario,
888 2089 971 2124 idque

176 2127 246 2154 intra
274 2133 328 2156 tres
352 2137 480 2165 menses;
508 2135 536 2158 et
559 2132 582 2159 si
604 2132 788 2167 designandus
812 2133 970 2163 inveniatur

175 2174 310 2202 obnoxius
333 2175 430 2211 culpae,
450 2176 494 2204 vel
517 2185 552 2205 ex
577 2178 684 2213 legibus
708 2179 749 2207 vel
764 2187 797 2207 ex
820 2181 972 2210 canonibus

1021 915 1089 951 ἁγία
1106 916 1236 952 κοινωνίᾳ
1256 917 1415 952 γινομένην,
1436 917 1485 944 καὶ
1501 917 1551 952 τὴν
1567 917 1614 944 ἐπὶ
1629 916 1668 952 τῷ
1681 916 1752 952 ἁγίῳ
1768 916 1818 952 βα-

1021 961 1154 997 πτίσματι
1172 962 1255 997 εὐχὴν
1269 963 1316 989 καὶ
1329 962 1379 995 τὰς
1401 963 1499 995 λοιπὰς
1515 962 1612 999 εὒχὰς,
1625 963 1771 998 ίδιόχειρον
1787 962 1817 989 δὲ

1021 1007 1144 1043 ὑπέχειν,
1161 1009 1209 1034 καὶ
1234 1008 1316 1035 αὑτὸν
1343 1008 1389 1036 τὸν
1413 1009 1662 1045 χειροτονούμενον.
1688 1008 1727 1041 ὡς
1752 1008 1817 1036 οὔτε

1020 1055 1054 1081 δι’
1081 1054 1191 1087 ἑαυτοῦ,
1220 1054 1282 1082 οὔτε
1304 1055 1339 1082 δι’
1364 1055 1459 1091 ἐτέρου
1486 1055 1633 1091 προσώπου
1656 1055 1774 1082 δέδωκεν
1798 1055 1815 1091 ἢ

1020 1100 1165 1136 ὑπέσχετο,
1181 1101 1242 1128 οὐδὲ
1261 1100 1331 1136 μετὰ
1347 1101 1435 1128 ταῦτα
1451 1101 1543 1134 δώσει,
1558 1102 1574 1138 ἢ
1594 1102 1670 1138 αὐτῷ
1695 1101 1735 1137 τῷ
1757 1110 1817 1137 χει-

1021 1146 1175 1182 ροτονοῦντι
1195 1147 1287 1178 αὑτὸν,
1303 1147 1319 1183 ἢ
1335 1149 1392 1180 τοῖς
1417 1147 1451 1174 τὰ
1474 1148 1640 1184 ψηφίσματα
1659 1149 1817 1184 ποιησαμέ-

1019 1201 1085 1225 νοις,
1108 1192 1124 1228 ἢ
1143 1193 1228 1229 ἑτέρῳ
1243 1193 1298 1221 τῶν
1323 1194 1434 1222 πάντων
1444 1194 1498 1222 τινὶ
1519 1195 1590 1231 ὑπὲρ
1608 1195 1657 1231 τῆς
1676 1196 1716 1228 εἰς
1732 1196 1817 1223 αὑτὸν

1019 1239 1167 1275 γινομένης
1186 1241 1364 1276 χειροτονίας.

1055 1296 1085 1324 δ’.
1103 1297 1260 1333 Κελεύομεν
1273 1298 1337 1330 τοὺς
1354 1299 1571 1335 ψηφιζομένους,
1585 1300 1612 1327 εἴ
1627 1309 1691 1327 τινα
1717 1309 1818 1336 κοσμι-

1021 1344 1070 1371 κὸν
1098 1344 1173 1378 ἄξιον
1199 1345 1249 1380 τῆς
1280 1347 1487 1383 προειρημένης
1504 1347 1635 1382 ἑπιλογῆς
1652 1344 1724 1374 εἶναι
1738 1347 1818 1382 νομί-

1020 1400 1099 1425 σωσι,
1113 1392 1158 1419 τὸν
1170 1392 1293 1419 τοιοῦτον
1306 1393 1364 1428 ἅμα
1379 1393 1471 1425 ἄλλοις
1487 1394 1560 1430 τρισὶ
1573 1394 1717 1430 κληρικοῖς
1732 1395 1750 1431 ἢ
1771 1403 1818 1430 μοι

1020 1439 1110 1473 ναχοῖς
1143 1438 1328 1471 ἐπιλέξασθαι,
1357 1438 1429 1466 οὓτω
1463 1439 1629 1474 μέντοι,ἱ¹να
1654 1441 1668 1467 ὁ
1684 1439 1817 1476 κοσμικδς

1021 1484 1110 1519 τούτῳ
1128 1484 1168 1520 τῷ
1188 1484 1281 1520 τρόπῳ
1297 1485 1338 1516 εἰς
1359 1485 1510 1512 ἐπίσκοπον
1533 1485 1684 1520 ὲπιλεγεὶς,
1703 1485 1741 1521 μὴ
1755 1486 1818 1512 ὲπὶ-

1020 1538 1121 1562 σκοπος
1145 1531 1336 1566 χειροτονηθῇ,
1362 1531 1431 1559 ἀλλὰ
1463 1532 1574 1567 πρῶτον
1599 1533 1655 1564 τοῖς
1674 1533 1818 1568 κληρικοῖς

1019 1576 1071 1602 οὐκ
1096 1576 1207 1604 ἔλαττον
1235 1577 1320 1613 τριῶν
1345 1577 1438 1613 μηνῶν
1457 1578 1661 1614 συναριθμηθῇ·
1680 1579 1727 1605 καὶ
1742 1578 1817 1605 οὕτω

1019 1622 1084 1653 τοὺς
1103 1621 1198 1655 ἁγίους
1221 1623 1338 1654 κανόνας
1355 1623 1402 1650 καὶ
1417 1623 1468 1659 τὴν
1485 1623 1563 1658 ἱερὰν
1575 1623 1626 1658 τῆς
1649 1623 1818 1658 Ἐκκλησίας

1020 1667 1195 1703 λειτουργίαν
1222 1668 1368 1704 διδαχθεὶς,
1397 1669 1547 1701 ἐπίσκοπος
1578 1669 1767 1705 χειροτονηθῇ.
1786 1669 1818 1696 '0

1021 1712 1076 1746 γὰρ
1091 1712 1189 1744 ἄλλους
1202 1713 1319 1747 ὀφείλων
1334 1713 1472 1740 διδάσκειν
1484 1713 1549 1750 παρ’
1566 1714 1667 1749 ἑτέρων
1682 1713 1751 1748 μετὰ
1766 1713 1817 1749 τὴν

1021 1759 1200 1794 χειροτονίαν,
1217 1759 1393 1787 διδάσκεσθαι
1406 1760 1456 1787 οὐκ
1472 1760 1587 1795 ὀφείλει.
1609 1760 1641 1787 Ei
1665 1760 1758 1795 μέντοι
1784 1769 1817 1793 γε

1022 1805 1072 1840 ἤδη
1093 1805 1249 1837 διδακτικός
1263 1806 1322 1832 ἐστι
1338 1806 1386 1832 καὶ
1408 1807 1437 1832 ἐν
1457 1805 1496 1841 τῷ
1517 1805 1605 1841 λαῖκῷ
1615 1806 1818 1841 ἀριθμούμενος

1021 1851 1163 1886 τάγματι,
1197 1851 1244 1878 καὶ
1270 1851 1354 1887 μηδὲν
1370 1852 1505 1880 ἐλλείπων
1526 1852 1577 1879 ὃσα
1596 1861 1628 1887 γε
1642 1853 1691 1886 ,εἰς
1715 1853 1819 1888 ἐτέρων

1024 1895 1160 1930 ὠφέλειαν
1172 1896 1219 1922 καὶ
1232 1897 1431 1932 καταρτισμὸν,
1447 1896 1491 1924 ἐπ’
1501 1897 1583 1924 αὑτοῦ
1591 1897 1636 1924 τὸν
1645 1896 1765 1924 τοιοῦτον
1778 1897 1819 1933 μὴ

1021 1942 1241 1980 παρατηρεῖσθαι
1251 1942 1358 1978 χρόνον,
1371 1944 1387 1978 ὴ
1407 1944 1490 1978 πεῖρα
1503 1943 1642 1978 παρέσχεν
1660 1943 1816 1970 ἀκίνδυνον.

1056 2000 1088 2024 ε’.
1115 1997 1179 2024 Ἐὰν
1193 1997 1372 2033 κατηγορηθῇ
1389 1998 1404 2025 ό
1422 1997 1527 2033 μέλλων
1542 1997 1760 2033 χειροτονεῖσθαι
1778 1997 1819 2029 ὡς

1021 2044 1219 2079 ἀνεπιτήδειος,
1236 2043 1430 2071 ἀναὸαλλέσθω
1447 2044 1516 2075 τέως
1543 2045 1561 2079 ἡ
1588 2044 1745 2079 χειροτονία
1770 2044 1819 2070 καὶ

1023 2088 1194 2124 προϐαινέτω
1214 2090 1230 2124 ἠ
1255 2089 1380 2122 ἐξέτασις
1406 2089 1543 2125 παρόντος
1571 2089 1620 2116 τοῦ
1647 2089 1784 2116 ἀντιδίκου
1799 2089 1816 2124 ἦ

1023 2135 1150 2169 ἀπόντος,
1172 2135 1246 2167 ἐντὸς
1260 2135 1346 2170 τριῶν
1365 2135 1468 2171 μηνῶν,
1486 2136 1533 2162 καὶ
1556 2135 1703 2162 κωλυέσθω
1719 2137 1736 2171 ή
1758 2144 1818 2170 χει-

1025 2181 1149 2217 ροτονία·
1163 2181 1210 2208 καὶ
1224 2181 1247 2208 εί
1266 2181 1365 2217 εὑρεθῇ
1392 2181 1406 2208 ὸ
1434 2181 1675 2216 χειροτονούμενος
1691 2181 1817 2213 ὑπαίτιος

175 2221 313 2256 designari
342 2222 531 2258 prohibeatur,
560 2225 584 2252 si
605 2232 670 2253 vero
693 2225 824 2254 innocens
843 2227 967 2256 inventus

1022 2228 1093 2254 κατὰ
1107 2227 1207 2264 νόμους
1222 2227 1239 2263 ἢ
1255 2227 1326 2254 κατὰ
1338 2226 1465 2260 κανόνας,
1479 2226 1629 2254 κωλυέσθω
1639 2235 1646 2242 -
1663 2228 1688 2253 εἰ
1701 2227 1723 2254 δ’
1736 2227 1817 2253 ἀνεύ-

174 2269 220 2300 sit,
233 2269 400 2304 designetur.
417 2269 494 2303 Quod
511 2269 533 2297 si
552 2275 646 2298 contra
663 2272 792 2305 przedicta
808 2273 969 2307 designatus

175 2315 267 2348 fuerit,
284 2320 311 2343 et
327 2316 394 2350 ipse,
413 2320 439 2343 et
453 2316 498 2351 qui
522 2324 584 2344 eum
604 2317 766 2353 designarit,
780 2323 858 2346 extra
873 2319 969 2348 Eccle-

173 2362 243 2389 siam
264 2362 422 2397 ejiciuntur.
440 2361 469 2390 Si
495 2370 558 2391 vero
580 2363 752 2392 adversarius
776 2373 896 2399 praesens
913 2374 967 2394 non

173 2409 326 2436 ostenderit
338 2416 399 2444 qua:
413 2408 575 2444 aliirmahat,
595 2414 641 2437 aut
659 2411 842 2445 deprelrertSus
865 2412 966 2447 l‘nerit;

176 2453 199 2480 si
213 2453 322 2488 quidem
339 2454 455 2482 clericus
470 2459 522 2488 est,
539 2462 570 2482 ex
597 2455 718 2483 Ecclesia
733 2455 852 2490 eiicitur,
868 2457 892 2486 si
905 2465 968 2486 vero

176 2499 272 2532 laicus,
288 2505 474 2536 competenter
485 2495 646 2537 castigatur.

211 2547 239 2575 6.
256 2548 283 2575 Si
299 2549 360 2582 quis
379 2547 581 2583 episcoporum,
603 2549 645 2576 vel
670 2553 744 2582 ante,
760 2549 802 2577 vel
821 2556 881 2584 post
898 2551 969 2579 desi-

176 2593 332 2628 gnationem
359 2602 448 2627 suam,
475 2596 591 2623 voluerit
621 2596 691 2624 bona
720 2604 769 2623 sua
793 2597 837 2625 vel
863 2602 969 2632 partem

177 2647 284 2672 eorum,
310 2641 430 2675 adjicere
454 2641 584 2670 Ecclesiae
608 2642 685 2677 cujus
707 2643 890 2678 episcopatum
921 2652 969 2671 sn-

175 2685 274 2719 scipit;
290 2693 342 2713 non
358 2686 445 2714 solum
470 2695 522 2715 non
533 2688 719 2723 prohibemus,
742 2688 912 2724 liberumque
925 2689 969 2723 ju-

177 2731 272 2759 bemus
284 2739 344 2760 esse
356 2732 390 2760 ab
407 2733 482 2760 omni
498 2734 676 2762 accusatione
692 2739 718 2762 et
735 2742 814 2770 poena
827 2735 970 2771 praesentis

176 2776 256 2810 legis,
272 2778 320 2805 sed
331 2783 360 2805 et
376 2779 462 2813 ipsum
481 2781 555 2808 omni
573 2781 653 2808 laude
666 2781 776 2816 dignum
789 2780 945 2815 iudicamus
961 2790 967 2808 :

179 2824 307 2860 quoniam
325 2824 384 2853 haec
404 2833 457 2854 non
473 2831 515 2855 est
532 2827 703 2862 nundinatio,
720 2829 768 2856 sed
785 2828 896 2856 oblatio.

1023 2272 1102 2305 θυνος
1131 2273 1248 2309 εὑρεθῇ,
1276 2271 1500 2308 χειροτονείσθω·
1528 2273 1553 2298 εί
1581 2272 1610 2299 δὲ
1637 2272 1814 2308 χειροτονηθῇ

1023 2319 1099 2354 παρὰ
1117 2318 1152 2346 τὰ
1168 2318 1314 2354 εἰρημένα,
1333 2318 1382 2345 καὶ
1401 2317 1482 2349 αὐτὸς
1498 2317 1546 2344 καὶ
1563 2318 1578 2343 ὁ
1592 2317 1755 2352 χειροτονῶν
1769 2317 1818 2343 αὐ-

1021 2365 1078 2398 τὸν,
1102 2367 1153 2402 τῆς
1175 2364 1340 2400 Ἐκκλησίας
1362 2364 1552 2392 ἐκϐάλλονται.
1575 2364 1638 2390 Ἐὰν
1652 2363 1680 2390 δὲ
1697 2363 1711 2389 ό
1752 2371 1818 2390 κατ-

1022 2411 1122 2447 ήγορος
1146 2411 1253 2445 παρὼν,
1279 2410 1317 2447 μὴ
1342 2410 1418 2446 δείξη
1442 2409 1698 2438 ἃδιεΰεὸαιώσατο,
1713 2408 1729 2443 ἢ
1747 2408 1818 2434 ἀπο-

1021 2457 1130 2493 λειφθῇ,
1145 2458 1170 2484 εἱ
1188 2457 1238 2492 μὲν
1266 2457 1398 2493 κληρικός
1417 2457 1488 2488 ἐστι,
1512 2456 1562 2491 τῆς
1587 2456 1756 2490 Ἐκκλησίας
1770 2455 1818 2481 ὲκ-

1020 2504 1147 2532 6άλλεται
1157 2513 1165 2521 ε
1183 2505 1207 2530 εἰ
1222 2504 1250 2531 δὲ
1265 2504 1359 2535 λαῖκὺς
1374 2504 1428 2538 εἴη,
1445 2502 1560 2533 δεόντως
1584 2502 1793 2537 σωφρονίζεται.

1055 2553 1092 2583 ς’.
1114 2550 1149 2577 Εἴ
1173 2558 1215 2582 τις
1241 2550 1298 2577 τῶν
1319 2549 1489 2582 ἐπισκόπων,
1508 2549 1563 2575 εἴτε
1587 2548 1642 2584 πρὸ
1669 2548 1720 2582 τῆς
1748 2547 1818 2579 ἰδίας

1020 2595 1266 2632 χειροτονίας,εῑτε
1287 2595 1358 2630 μετὰ
1378 2594 1429 2631 τὴν
1451 2594 1621 2631 χειροτονίαν
1651 2593 1769 2629 βουληθῇ
1782 2594 1817 2620 τὰ

1021 2643 1075 2669 ἴδια
1097 2638 1250 2677 πράγματα
1275 2641 1291 2677 ἣ
1319 2642 1401 2677 μέρος
1424 2641 1454 2675 ἐξ
1472 2641 1564 2668 αὐτῶν
1581 2642 1769 2676 προσαγαγεῖν
1782 2642 1815 2675 τῇ

1027 2688 1177 2724 Ἐκκλησία
1188 2685 1222 2724 ἧς
1246 2688 1296 2724 τὴν
1315 2688 1459 2724 ἱεροσύνην
1478 2687 1622 2723 λαμϐάνει,
1642 2687 1672 2714 οὺ
1687 2687 1767 2721 μόνον
1785 2687 1816 2714 οὐ

1023 2733 1195 2769 κωλυόμενον
1207 2733 1238 2769 [Γ.
1256 2732 1422 2769 κωλύομεν],
1434 2734 1482 2761 καὶ
1495 2732 1586 2768 πάσης
1602 2732 1753 2767 καταδίκης
1768 2732 1818 2759 καὶ

1023 2781 1119 2816 ποινῆς
1137 2780 1185 2807 τοῦ
1214 2779 1350 2814 παρόντος
1372 2780 1456 2815 νόμου
1480 2779 1627 2815 ἐλεύθερον
1641 2778 1723 2805 αὑτὸν
1746 2776 1818 2805 εἶναι

1027 2826 1203 2862 θεσπίζομεν,
1223 2826 1292 2855 ἀλλὰ
1316 2826 1364 2853 καὶ
1385 2827 1485 2858 παντὸς
1499 2825 1613 2853 ἐπαίνου
1627 2825 1702 2858 ἄξιον
1727 2824 1818 2860 κρίνε-

1017 2880 1075 2908 μεν·
1086 2872 1178 2909 ἐπειδὴ
1188 2872 1266 2900 τοῦτο
1280 2872 1330 2900 οὐκ
1340 2871 1413 2899 ἔστιν
1423 2871 1648 2908 ἀγορασίαλὰλλᾶι
1661 2871 1816 2906 προσᾳορά.
