1938 3070
63 156 121 188 481

694 153 887 184 DELECTUS
907 154 1050 184 LEGUM.

1649 150 1703 182 482

106 215 143 247 ζ’.
164 213 354 250 Πρεσϐύτερος
387 211 604 248 χειροτονείσοω,
629 210 667 246 μὴ
699 210 789 246 ἥττων
812 219 864 245 τρι·

925 220 935 237 ;
954 210 981 238 7.
996 210 1111 246 (Novell.
1130 210 1191 242 125,
1209 218 1266 244 cap.
1285 209 1340 244 l5.)
1357 208 1501 244 Presbyter
1516 208 1631 244 eligatur
1649 218 1701 237 non

67 261 177 287 ἁκοντα
187 259 292 295 χρόνων
303 260 332 285 ὲν
347 259 480 294 παρθενίᾳ
497 256 784 293 μεμαρτυρημένος,ἧ
802 257 867 291 μιᾶς

65 306 204 340 γυναικὸς
222 306 294 340 ἀνὴρ
323 305 360 331 ὢν
378 305 393 340 ἢ
409 304 538 339 γεγονὼς,
553 303 601 331 καὶ
616 303 720 338 ταύτης
736 303 868 338 σεμνοτά-

64 361 134 387 της,
151 353 199 378 καὶ
219 352 274 378 τῶν
299 351 388 378 ἄλλων
414 350 649 385 ἀπηγορευμένων
674 348 764 384 ἔργων
788 348 867 383 ὴλευ-

66 397 241 433 θερωμὲνος,
258 398 305 424 καὶ
321 398 354 432 τῇ
379 397 511 432 κανονικῇ
539 395 738 431 ἀδωροδοκήτῳ
760 402 865 430 μαρτυο

67 443 121 479 ρίᾳ
133 443 399 478 κατησφαλισμένος.

107 493 147 524 η’.
176 489 305 519 Διάκονος
329 489 433 524 ὀφείλει
461 487 687 523 χειροτονεῖσθαι,
710 486 747 522 μὴ
777 487 866 521 ἥττων

68 535 127 562 τῶν
146 535 315 562 εἰκοσιπέντε
331 535 436 570 χρόνων
448 535 495 561 καὶ
508 535 590 566 αὐτὸς
609 535 638 560 ἐν
654 532 803 568 παρθενείᾳ
815 541 864 567 με-

69 581 299 616 μαρτυρημένος,
311 581 328 616 ἢ
343 581 407 616 μιᾶς
418 581 548 614 γυναικὸς
573 579 640 615 ἀνὴρ
655 578 692 606 ὢν
703 579 719 614 ἢ
731 578 863 613 γεγονὼς,

67 628 120 654 καὶ
133 628 237 662 ταύτης
254 628 433 663 σεμνοτάτης,
452 627 500 654 καὶ
520 627 575 654 τῶν
594 627 684 654 άλλων
703 626 863 661 ἀπηγορευα

70 674 166 708 μένων
191 673 280 708 ἔργων
294 672 530 708 ἡλευθερωμένος,
549 672 596 698 καὶ
610 673 643 707 τῇ
661 672 792 706 κανονικῇ
818 671 866 698 καὶ

68 716 272 752 ἀδωροδοκήτῳ
293 716 432 752 μαρτυρίᾳ
447 715 713 751 κατησφαλισμένος.

108 761 144 789 0'.
171 762 366 793 Ὑποδιάκονος
394 761 602 796 χειροτονείσθω
627 761 664 796 μὴ
691 761 781 797 ἥττων
810 761 865 788 τῶν

73 807 168 834 εἴκοσι
197 808 313 843 χρόνων.
338 807 411 834 κατὰ
433 807 484 838 τὰς
511 806 713 842 προειρημένας
731 805 866 833 διατινιτώ⁴

73 860 148 884 σεις.
175 852 400 887 Ἀπαγορεύομεν
423 851 453 878 δὲ
475 851 524 878 τοῦ
545 851 639 878 λοιποῦ
673 850 722 883 τὰς
746 850 799 877 ὑπὸ
820 850 865 877 τὸν

920 255 1008 282 minor
1022 255 1130 291 triginta
1150 257 1238 286 annis,
1263 259 1368 281 testatae
1393 253 1567 288 virginitatis,
1595 261 1702 289 quoque

919 302 999 329 unius
1017 307 1123 328 tantum
1146 301 1267 328 mulieris
1283 301 1334 332 vir,
1354 305 1400 327 aut
1416 300 1451 327 sit
1466 304 1512 326 aut
1526 299 1616 332 tuerit,
1629 299 1702 333 ejus-

917 354 971 382 que
986 347 1166 382 integerrimze
1182 346 1440 379 modestissimchue
1452 354 1459 372 :
1473 345 1561 379 sitque
1575 345 1703 372 immunis

917 400 931 418 a
949 392 1066 420 crimine
1087 392 1176 419 omnis
1202 391 1264 418 facti
1280 391 1420 426 prohibiti,
1439 391 1591 425 integrique
1610 395 1637 418 et
1662 392 1703 418 in-

917 438 1037 471 corrupti
1053 437 1174 472 pecuniis
1188 437 1270 464 animi
1288 437 1441 464 testimonio
1455 438 1585 464 munitus.

951 483 978 510 8.
991 482 1125 510 Diaconus
1137 482 1199 516 eligi
1213 483 1293 509 debet
1306 490 1358 510 non
1373 482 1462 509 minor
1474 482 1568 517 viginti
1582 483 1701 518 quinque

916 529 1005 560 annis,
1032 534 1059 555 et
1079 528 1137 562 ipse
1162 532 1290 562 spectatae
1312 527 1482 562 virginitatis,
1508 527 1607 562 quique
1623 529 1701 556 unius

917 579 1020 601 tantum
1039 574 1170 606 mulieris,
1185 574 1298 608 ejusque
1315 574 1533 606 modestissimae,
1549 574 1590 601 vir
1605 575 1640 602 sit
1655 579 1702 602 aut

916 620 998 647 fuerit
1025 629 1033 648 :
1059 621 1148 655 sitque
1173 620 1302 648 immunis
1325 628 1339 647 α
1362 620 1440 656 culpa
1460 621 1550 648 omnis
1574 621 1700 656 prohibiti

916 665 992 698 facti,
1008 666 1106 701 integri
1124 671 1257 701 prmterea
1271 671 1299 694 et
1312 666 1462 701 incorrupti
1479 667 1601 702 pecuniis
1616 667 1699 695 animi

917 712 1070 739 testimonio
1084 712 1216 742 munitus.

953 757 979 784 9.
997 755 1184 786 Subdiaconus
1198 758 1313 792 eligatur
1329 766 1382 786 non
1401 759 1490 786 minor
1503 759 1595 795 viginti
1612 760 1698 793 annis,

917 803 1066 831 secundum
1097 805 1238 838 praedictas
1271 805 1490 837 constitutiones;
1524 806 1699 841 prohibemus

916 857 980 877 vero
994 851 1019 877 in
1034 850 1165 885 reliquum
1178 852 1377 887 designationes
1389 853 1459 880 intra
1471 853 1541 880 hunc
1554 853 1700 881 terminum

70 899 139 934 ὅρον
154 898 251 925 τοῦτον
269 895 451 934 χειροτονίαςο
471 897 571 924 ἄτοπον
583 897 639 933 γὰρ
657 897 726 932 μετὰ
738 897 788 932 τὴν
806 905 864 932 χει-

922 896 1002 924 iactas
1016 907 1022 924 :
1037 897 1183 924 absurdum
1198 898 1270 925 enim
1294 897 1376 925 fuerit
1399 902 1461 933 post
1482 898 1698 934 designationem

72 944 211 979 ροτονίαν,
227 944 296 980 πρὸς
315 944 437 979 γαμικὰς
453 943 583 979 ἔρχεσθαι
600 943 758 977 συναφείας.

112 988 140 1016 ι¹ζ
171 988 363 1023 Ἀναγνὼστης
401 987 619 1024 χειροτονείσοω,
651 988 697 1021 ἀφ’
727 988 788 1014 ὅτου
816 987 863 1014 οῦν

71 1035 172 1071 χρόνου
186 1035 299 1062 δύναται
316 1034 364 1061 καὶ
379 1034 526 1061 ἐπίσταται
543 1033 756 1067 ἀναγινώσκειν.

107 1080 158 1108 ια’.
174 1081 287 1115 Ψάλτης
315 1079 523 1115 χειροτονείσθω
544 1078 592 1113 ἀφ’
613 1079 675 1105 ὅτου
700 1077 746 1105 οὖν
766 1078 862 1114 χρόνου

73 1126 124 1153 καὶ
138 1125 219 1157 αὐτὸς
234 1125 345 1152 δύναται
361 1124 483 1159 ψάλλειν.

113 1182 159 1216 ιβ’.
177 1181 209 1208 Εἰ
228 1180 405 1216 ἁναγνώστης
428 1180 560 1214 δευτέραν
576 1179 698 1215 γαμετὴν
714 1179 862 1214 ἀγάγηται,

71 1229 92 1263 ἢ
114 1227 227 1263 πρώτην
250 1227 310 1262 μὲν,
330 1227 416 1262 χήραν
435 1226 476 1258 δὲ,
496 1226 513 1261 ἢ
530 1225 734 1261 διαζευχθείσαν
756 1226 863 1260 ἀνδρὸς,

74 1275 92 1308 ἢ
113 1275 170 1305 τοῖς
184 1273 288 1309 νόμοις,
302 1273 320 1309 ἢ
336 1274 393 1304 τοῖς
403 1273 487 1308 ιεροῖς
503 1272 613 1299 κανόσιν
623 1271 863 1307 άπηγορευμένην,

77 1320 179 1354 μηκέτι
204 1320 244 1351 είς
270 1319 350 1347 ἄλλον
374 1317 603 1354 ἐκκλησιαστικὸν
627 1317 730 1353 βαθμὸν
752 1317 865 1354 προϐαι-

75 1365 156 1394 νέτω.

112 1463 159 1498 ιγ’.
172 1464 280 1500 Ὥσπερ
293 1464 425 1500 κληρικδν
435 1464 492 1491 οἴου
500 1465 601 1500 δήποτε
609 1464 727 1500 βαθμοῦ,
741 1465 786 1490 ἐπὶ
794 1465 863 1499 χρή-

76 1518 143 1545 μασι
153 1510 354 1546 προϐάλλεσθαι
364 1510 414 1537 οὔκ
425 1510 589 1546 ἀνεχόμεθα,
599 1510 684 1542 οὕτως
693 1511 752 1537 οὐδὲ
764 1510 864 1543 ξενοδό-

917 942 1008 969 venire
1022 942 1055 969 ad
1068 942 1178 976 copulas
1189 942 1331 976 nuptiales.

950 987 993 1014 to.
1009 987 1106 1014 Lector
1127 988 1284 1023 designetur
1300 988 1335 1015 ab
1351 995 1384 1016 eo
1407 993 1538 1024 tempore,
1554 996 1608 1024 quo
1626 989 1700 1017 novit

914 1037 941 1059 et
956 1036 1041 1066 potest
1058 1032 1158 1067 legere.

950 1077 993 1104 tl.
1010 1076 1113 1105 Psaltes
1125 1077 1280 1113 designetur
1291 1078 1325 1106 ab
1340 1085 1373 1106 eo
1388 1082 1518 1113 tempore,
1534 1085 1587 1113 quo
1604 1084 1700 1105 canere

915 1122 1031 1149 noverit.

950 1178 996 1205 12.
1006 1177 1083 1211 Quod
1099 1179 1121 1206 si
1135 1179 1220 1207 lector
1237 1179 1382 1207 secundam
1397 1186 1508 1207 uxorem
1522 1180 1639 1213 duxerit,
1651 1184 1697 1207 aut

915 1223 1029 1258 primam
1047 1224 1166 1258 quidem,
1181 1225 1228 1252 sed
1240 1230 1286 1252 aut
1300 1225 1408 1253 viduam
1424 1231 1470 1252 aut
1485 1233 1499 1253 s
1515 1225 1573 1253 viro
1586 1233 1697 1261 separa-

917 1273 982 1302 tam,
996 1274 1042 1296 aut
1056 1269 1173 1303 aliquam
1186 1270 1301 1305 denique
1312 1270 1390 1304 cujus
1405 1272 1504 1306 nuptiae
1520 1271 1632 1306 legibus,
1651 1277 1698 1299 aut

917 1314 1020 1342 sanctis
1035 1315 1184 1342 canonibus
1200 1315 1341 1349 prohibiue
1359 1320 1432 1348 sunt,
1451 1323 1586 1350 nunquam
1605 1321 1697 1350 postea

915 1359 948 1387 ad
963 1359 1044 1387 alium
1057 1359 1172 1395 aliquem
1187 1360 1399 1388 ecclesiasticum
1415 1361 1526 1395 gradum
1542 1369 1699 1396 promovea-

917 1409 969 1432 llll’.

951 1464 993 1490 15.
1007 1463 1239 1497 Quemadmodum
1254 1465 1381 1492 clericum
1395 1465 1587 1500 cnjuscumque
1600 1465 1698 1500 gradus

915 1509 951 1537 sit
974 1517 1028 1537 non
1052 1510 1234 1545 permittimus
1260 1511 1372 1545 pecunia
1399 1511 1459 1538 data
1483 1511 1634 1546 designari;
1659 1513 1698 1538 sic

76 1564 134 1590 χον,
142 1555 159 1590 ἢ
168 1556 372 1591 πτωχοτρόφον,
381 1555 398 1591 ἢ
408 1556 566 1591 νοσοκόμον,
578 1556 594 1591 ἢ
604 1556 684 1584 ἄλλου
697 1556 753 1582 οἴου
763 1557 863 1592 δήποτε

922 1563 1002 1591 teque
1025 1555 1223 1589 xenodochum,
1245 1560 1291 1582 aut
1307 1556 1543 1591 ptochotrophum,
1561 1561 1606 1583 aut
1620 1564 1699 1583 noso-

77 1601 193 1636 εὐαγοῦς
209 1602 284 1629 οἴκου
303 1602 452 1638 διοικητὴν,
463 1602 480 1638 ἢ
490 1599 545 1629 οἷον
559 1603 659 1638 δήποτε
669 1603 862 1638 ἐκκλησιαστιο

77 1645 126 1672 κδν
137 1646 291 1682 φρόντισμα
304 1645 471 1682 χειρίζοντα.
484 1647 515 1673 Et
529 1647 558 1673 δὲ
572 1647 650 1674 τοῦτο
662 1648 774 1683 γένηταί
787 1656 861 1681 ποτε,

79 1691 127 1718 καὶ
136 1692 150 1718 ό
161 1691 314 1724 διδοὺς,καὶ
324 1693 338 1719 ὁ
353 1692 511 1727 λαμϐάνων,
522 1693 570 1719 καὶ
581 1694 595 1719 ὁ
605 1693 717 1728 μεσίτης
726 1693 777 1728 τῆς
792 1694 863 1729 tepo-

80 1737 173 1773 σύνης,
188 1739 247 1773 ἦτοι
271 1738 319 1773 τῆς
339 1738 571 1774 ὲμπιστευθείσης
592 1739 667 1774 αὐτῷ
684 1739 742 1770 οἵας
761 1739 862 1774 δήποτε

78 1783 237 1819 διοικήσεως
244 1792 279 1818 γυ
283 1783 522 1820 μνωθήσεται,τῶν
528 1785 556 1812 δὲ
563 1784 652 1820 δόμων
660 1784 695 1821 [Γ.
701 1785 863 1821 δεδομένων]

79 1828 278 1864 ἑκδικουμὲνων
291 1828 330 1863 τῷ
350 1828 446 1862 εὐαγεϊ
470 1827 556 1863 τόπῳ,
582 1824 686 1860 οὗτινος
705 1828 736 1855 τὸ
759 1827 864 1854 τοιοῦτο

81 1873 225 1909 πρόσωπον
239 1874 288 1908 τὴν
308 1873 513 1909 χειροτονίαν,ῆ
537 1873 675 1908 φροντίδα,
693 1873 710 1909 ἢ
730 1873 864 1908 διοίκησιν

81 1920 102 1945 ἐι
111 1919 257 1946 αὕτνῶίδδ
269 1919 401 1953 κοσμικὸς
453 1919 468 1945 6
482 1918 583 1950 λαϐὼν,
594 1919 611 1954 ἢ
624 1918 737 1954 μεσίτης
749 1919 863 1954 γενόμε-

82 1974 136 1999 νος,
151 1965 182 1992 τὸ
197 1965 273 1992 δοθὲν
287 1964 399 1991 διπλοῦν
412 1964 643 1999 ἁπαιτηθήσεται,
662 1965 710 1992 καὶ
724 1965 864 1992 ἀποκατα-

83 2011 245 2046 σταθήσεται
258 2010 296 2046 τῷ
313 2010 407 2044 εὐαγεϊ
418 2010 493 2045 τόπῳ
508 2006 540 2036 οῦ
554 2009 584 2036 τὸ
597 2009 704 2037 τοιοῦτο
719 2010 865 2046 πρόσωπον

82 2057 130 2093 τὴν
144 2055 311 2092 χειροτονίαν
324 2056 342 2091 ἢ
362 2056 411 2091 τὴν
428 2055 557 2092 φροντίδα
576 2055 681 2083 ἔλασεν.

117 2153 157 2181 ιδ’.
172 2152 206 2179 Εἰ
212 2161 252 2184 τις
261 2151 389 2187 κληρικὺς
399 2150 556 2186 οίουδήποτε
564 2149 682 2186 βαθμοῦ,
695 2150 712 2186 ἢ
726 2150 866 2186 διοικητὴς

82 2195 286 2233 εὐαγοῦςττόπου
293 2193 403 2233 πρὸτῆς
416 2195 584 2232 χειροτονίας
593 2196 783 2231 πιστευθείσης
790 2196 865 2231 αὐτῷ

83 2245 242 2282 οἰασδήποιε
260 2244 422 2280 διοικήσεως
451 2243 468 2278 ἢ
487 2242 639 2278 φροντίδος,
656 2241 673 2276 ἢ
691 2242 760 2277 μετὰ
779 2242 865 2269 ταῦτα

82 2293 197 2329 βουληθῇ
207 2301 232 2319 τι
243 2292 298 2319 τῶν
312 2291 383 2320 ἰδίων
398 2290 569 2327 πραγμάτων
578 2290 764 2325 προσαγαγεῖν
771 2290 803 2325 τῇ
820 2289 866 2315 ὲκ-

83 2341 178 2376 κλησίᾳ
200 2341 231 2367 ὲν
251 2336 268 2377 ᾖ
291 2338 527 2376 χειροτονεῖται,ἢ
546 2337 586 2372 τῷ
609 2336 684 2372 τόπῳ
698 2333 802 2368 οὗτινος
817 2335 866 2370 τὴν

83 2387 212 2421 διοίκησιν
241 2385 257 2420 ἢ
273 2385 322 2420 τὴν
348 2383 478 2420 φροντίδα
498 2382 672 2418 ἀναδέχεται,
687 2381 718 2408 οὐ
744 2381 824 2417 μόνον
835 2381 865 2408 οὐ

85 2431 224 2467 κωλύομεν
238 2430 319 2457 τοῦτο
332 2429 470 2465 γίνεσθαι,
487 2429 557 2457 ἀλλὰ
573 2428 621 2456 καὶ
642 2428 743 2464 μᾶλλον
759 2427 868 2463 ἐπιτρέ-

83 2487 176 2513 πομεν.

118 2538 157 2561 ιε’.
187 2532 359 2567 Θεσπίζομεν
396 2532 443 2559 ἐὰν
475 2532 625 2563 ἐπίσκοπος
667 2531 866 2566 μεσιτευόντων

85 2578 160 2605 τινῶν
189 2578 218 2604 εν
244 2577 356 2612 χρυσίου
380 2577 517 2612 καταϐολῇ
545 2577 734 2613 χειροτονηθῇ,
751 2577 797 2604 καὶ
820 2577 866 2604 τον

86 2624 186 2651 διδόντα
208 2622 316 2649 καὶτὸν
338 2622 524 2657 λαμϐάνοντα,
549 2623 596 2649 καὶ
618 2623 663 2649 τὸν
687 2622 867 2657 μεσιτεύοντα

85 2672 131 2705 τῆς
157 2668 298 2704 ίεροσύνης
323 2669 340 2704 ἢ
363 2670 414 2704 τῇς
434 2668 482 2695 τοῦ
496 2668 596 2703 κλήρου
619 2669 702 2704 τιμῆς
719 2669 789 2695 κατὰ
803 2669 867 2700 τοὺς

87 2716 172 2751 ἱεροὺς
184 2714 301 2747 κανόνας
315 2713 516 2746 άποκινεῖσθαι,
534 2713 564 2740 τὸ
577 2714 605 2741 δὲ
621 2714 690 2749 ὑπὲρ
705 2714 806 2748 ταύτης
819 2714 867 2748 τῆς

86 2761 168 2792 αἰτίας
179 2760 256 2787 δοθὲν
267 2761 301 2795 τῇ
314 2759 466 2795 Ἐκκλησία
475 2759 567 2795 ἐκείνῃ
577 2759 736 2786 ἐκδικείσθω
744 2756 777 2794 ἧς
787 2759 868 2794 1360:;-

86 2805 149 2840 λήθη
170 2804 220 2839 τὴν
245 2804 388 2839 ίεροσύνην
401 2803 576 2840 ὠνήσασθαι’
590 2804 615 2830 εί
634 2803 662 2830 δὲ
679 2804 810 2838 κοσμικὺς
824 2804 867 2839 εἴη

87 2851 182 2887 όύπὲρ
204 2851 306 2886 ταύτης
325 2850 376 2886 τῆς
398 2851 488 2883 αἰτίας
509 2859 535 2877 τι
556 2849 655 2883 λαϐὼν,
683 2851 698 2886 ἢ
725 2850 805 2884 μέσος
830 2850 868 2885 τῷ

913 1610 1030 1636 comum,
1046 1607 1093 1630 aut
1111 1602 1226 1637 alicujus
1246 1602 1362 1638 denique
1385 1603 1548 1631 venerabilis
1564 1603 1615 1631 loci
1630 1611 1698 1638 prae-

914 1648 1025 1682 fectum,
1043 1654 1092 1677 aut
1108 1650 1287 1684 quodcunque
1302 1649 1514 1677 ecclesiasticum
1528 1657 1626 1677 munus
1639 1657 1699 1677 sus-

914 1684 1058 1722 tinentem.
1077 1695 1153 1728 Quod
1169 1695 1191 1723 si
1213 1703 1277 1722 vero
1293 1695 1318 1722 id
1343 1695 1497 1731 contigerit,
1515 1699 1542 1722 et
1564 1694 1609 1729 qui
1627 1695 1698 1722 dedit

914 1740 938 1768 ei
955 1741 1000 1775 qui
1013 1741 1118 1775 accepit
1131 1741 1281 1774 pecuniam,
1294 1745 1321 1768 et
1338 1740 1469 1768 mediator
1485 1740 1639 1773 sacerdotii,
1652 1745 1698 1767 aut

914 1785 1008 1819 quavis
1031 1784 1082 1812 alia
1099 1784 1334 1812 administratione
1358 1784 1408 1819 ipsi
1433 1783 1588 1812 concredita
1604 1783 1694 1818 priva-

915 1830 997 1862 bitur,
1013 1830 1046 1857 iis
1060 1838 1118 1865 quae
1134 1830 1197 1857 data
1217 1834 1279 1857 sunt
1300 1829 1444 1857 venerabili
1470 1829 1528 1857 loco
1545 1829 1697 1862 vindicatis,

915 1875 991 1910 cujus
1007 1876 1066 1904 telis
1081 1884 1206 1911 persona,
1224 1880 1270 1903 aut
1291 1876 1517 1911 designationem,
1531 1879 1577 1902 aut
1592 1883 1696 1907 curam,

915 1925 962 1948 aut
986 1921 1248 1948 administrationem
1274 1920 1389 1955 accepit.
1416 1919 1445 1946 Si
1470 1927 1536 1946 vero
1556 1919 1639 1945 laicus
1664 1921 1699 1946 sit

915 1972 1041 2002 acceptor
1058 1971 1105 1994 aut
1124 1970 1264 2000 sequester
1287 1966 1420 2000 pecunia},
1443 1965 1502 1999 ejus
1523 1964 1592 1999 quod
1607 1964 1698 1991 datum

915 2012 968 2040 erit
979 2011 1088 2047 duplqu
1101 2015 1248 2046 repetetur;
1261 2015 1288 2038 et
1299 2011 1456 2038 restituetur
1471 2009 1615 2037 venerabili
1630 2009 1698 2041 loco,

917 2055 993 2091 cujus
1013 2056 1076 2084 talis
1097 2063 1212 2091 persona
1239 2055 1453 2090 designationem
1477 2059 1628 2082 autcuram
1651 2061 1696 2082 ac—

917 2108 998 2137 cepit.

956 2158 1040 2194 μηδι
1054 2159 1115 2194 quis
1129 2158 1245 2186 clericus
1265 2158 1448 2194 cujuscunque
1461 2158 1573 2193 gradus,
1586 2158 1642 2186 sive
1655 2159 1700 2186 ad.

882 2218 903 2246 ο
918 2205 1087 2232 ministratur
1100 2204 1262 2232 venerabilis
1279 2203 1341 2236 loci,
1356 2203 1398 2231 vel
1410 2208 1473 2230 ante
1487 2203 1700 2238 designationem

918 2250 960 2279 vel
985 2249 1168 2278 concreditam
1185 2249 1234 2284 ipsi
1252 2249 1467 2284 qualemcunque
1487 2249 1700 2277 administratio-

918 2303 979 2323 nem
996 2301 1043 2323 aut
1055 2303 1161 2329 curam,
1177 2295 1220 2323 vel
1236 2299 1328 2330 postea
1342 2295 1457 2323 voluerit
1471 2296 1572 2331 aliquid
1588 2303 1620 2323 ex
1639 2304 1700 2331 pro-

917 2342 983 2377 priis
1002 2341 1175 2370 facultatibus
1189 2341 1315 2370 conferre
1334 2341 1362 2368 in
1376 2341 1521 2369 ecclesiam
1542 2342 1568 2368 in
1586 2350 1638 2376 qua
1652 2342 1699 2369 de-

918 2387 1041 2421 signatus
1064 2390 1122 2419 est,
1148 2391 1195 2413 aut
1218 2386 1308 2414 locum
1337 2385 1414 2421 cujus
1438 2385 1699 2413 administrationem

918 2437 965 2459 aut
979 2439 1071 2459 curam
1090 2431 1226 2465 suscepit;
1243 2438 1296 2458 non
1312 2430 1399 2458 solum
1418 2438 1470 2458 non
1484 2430 1658 2465 prohibemus
1674 2430 1701 2457 id

918 2469 985 2511 ﬁeri,
1001 2477 1049 2505 sed
1064 2478 1146 2504 etiam
1161 2476 1347 2504 adhortantur.

957 2532 1000 2560 l5.
1015 2531 1145 2560 Jubentus
1160 2536 1189 2558 ut
1207 2531 1230 2559 si
1245 2531 1388 2566 episcopus
1402 2530 1583 2558 mcdiautibus
1601 2530 1700 2564 aliqui-

918 2579 968 2606 bus
983 2579 1015 2605 ad
1028 2578 1150 2612 pecuniae
1164 2577 1324 2612 pensionem
1339 2577 1497 2611 designatus
1515 2576 1561 2608 sit,
1577 2581 1606 2603 et
1620 2576 1643 2603 is
1656 2576 1700 2610 qui

918 2623 1003 2656 dedit,
1021 2627 1048 2650 et
1063 2623 1087 2650 is
1101 2623 1146 2658 qui
1168 2623 1284 2658 accepit,
1308 2627 1336 2650 et
1353 2627 1494 2656 sequester
1513 2625 1702 2649 removeantur

917 2678 932 2696 a
945 2669 1107 2703 sacerdotio,
1128 2669 1169 2697 vel
1184 2678 1199 2696 a
1216 2669 1282 2697 cleri
1300 2669 1415 2701 honore,
1431 2667 1578 2695 secundum
1595 2672 1702 2695 sanctos

919 2721 1045 2742 canones.
1063 2715 1137 2748 Quod
1154 2719 1244 2742 autem
1269 2714 1348 2742 talem
1364 2714 1399 2742 ob
1413 2721 1523 2741 causam
1541 2713 1632 2741 datum
1650 2718 1700 2745 est,

919 2760 1041 2788 ecclesiae
1063 2761 1100 2788 illi
1117 2760 1286 2793 vendicetur,
1300 2759 1377 2794 cujus
1390 2759 1571 2788 sacerdotium
1587 2758 1702 2786 mercari

919 2805 1015 2833 voluit.
1033 2806 1061 2833 Si
1081 2814 1146 2834 vero
1160 2806 1245 2834 laicus
1259 2807 1304 2839 sit,
1319 2806 1366 2841 qui
1383 2806 1464 2834 talem
1479 2806 1514 2834 ob
1530 2813 1639 2833 causam
1654 2805 1702 2832 ali.

919 2851 983 2884 quid
1000 2851 1116 2885 accepit,
1133 2856 1179 2878 aut
1197 2851 1242 2886 qui
1256 2851 1388 2879 mediator
1406 2850 1434 2879 in
1447 2850 1497 2878 hoc
1513 2850 1622 2886 negotio
1640 2848 1702 2882 iuit,
