1938 3070
211 129 267 160 483

714 124 783 154 (1οΧ
789 124 966 154 ΒΤᾹΧἹῚΝΙ
993 125 1219 154 l‘Olli‘llYilOG
1226 125 1330 155 ENlTl

1791 128 1805 155 4
1812 130 1848 156 Si

211 184 332 220 pecunia:
359 183 428 211 datae
453 181 478 208 in
507 181 617 216 duplum
646 181 839 215 repetitionem
865 188 926 207 esse
955 187 987 207 vo

1071 180 1196 216 ῑρσὶγματι
1209 182 1364 216 γενᾶμενος,
1377 181 1410 208 τὰ
1423 181 1535 208 δοθέντι
1551 182 1703 217 πράγματα
1719 183 1746 209 ἓν
1760 183 1847 219 6.πίιῇ

211 231 309 258 lautus.

496 285 647 313 TlTULllS
667 285 712 312 IX.

211 331 250 359 De
257 331 339 367 ofﬁcio
350 331 542 366 episcoporum,
556 332 777 366 presbyterorum,
789 332 1002 364 diurnum-ungat

246 368 274 393 in
301 374 394 400 genere
414 367 529 394 euntium
555 367 792 393 ecclesiasticarum
813 373 836 394 et
859 367 1002 394 monacha-

248 410 319 428 rum.

252 458 278 486 ι.
307 457 362 486 Deo
394 457 601 486 amantissimos
627 459 770 493 episcopos
799 458 869 485 nulla
900 458 1004 485 ratione

215 509 320 532 tutores
341 508 387 531 aut
410 508 551 532 curatores
572 504 770 539 qualiscunque
797 511 920 539 persona:
946 505 1003 532 fieri

214 550 407 585 permittimus.

250 596 278 625 Ξ,
294 596 480 631 Presbyteros.
492 601 520 624 et
535 596 675 629 diaconos,
693 601 719 624 et
735 597 934 632 ltypodiaconos
947 597 1005 625 solo

219 642 374 678 agnationis
398 643 461 678 jure
484 642 517 670 ad
532 643 644 670 tutelam
669 648 715 670 aut
732 643 879 670 cttratelatn
895 647 1005 671 vocatos

217 689 352 725 liturgiam
366 689 506 724 suscipere
523 689 716 724 permittimus.

253 777 280 805 5.
309 776 471 811 Episcopum
492 781 539 804 aut
557 784 740 811 mconomutn,
765 783 811 804 aut
826 778 909 806 alium
925 779 1006 807 cleri-

217 832 279 852 cum
293 824 479 859 cujuscunque
499 823 611 859 gradus,
630 828 678 851 aut
699 825 872 856 monachum,
888 826 1006 853 conduc-

217 876 302 898 torem
337 875 528 899 exactorcmt‘e
557 870 726 905 publicorum
754 872 938 907 vectigalium,
960 877 1007 900 aut

217 917 366 944 alienarum
382 916 542 943 facultatum
555 921 582 944 et
597 917 693 944 domus
708 922 874 952 curatorem,
887 924 1007 954 autpro-

215 970 369 991 curatorem
390 962 418 990 in
441 963 528 996 litem,
552 967 582 990 ut
601 970 762 998 sponsorem
789 963 847 991 ﬁeri
871 972 924 992 non
948 973 1009 1000 per-

219 1010 362 1037 mittimus.

253 1056 281 1082 4.
300 1055 511 1083 Amantissimos
532 1054 589 1082 Deo
609 1055 763 1090 episcopos,
785 1055 910 1090 proprias
925 1055 1010 1082 relin-

218 1109 301 1135 quere
318 1101 458 1134 ecclesias,
473 1105 501 1128 et
523 1100 551 1127 in
572 1101 687 1128 aliorum
705 1100 858 1134 provinrias
871 1101 947 1128 abire
960 1109 1008 1128 ve-

220 1152 319 1173 lamus.
336 1146 364 1173 Si
384 1153 449 1174 vero
467 1145 618 1173 necessitas
641 1145 730 1180 aliqua
755 1146 780 1172 id
808 1146 940 1180 exegerit,
955 1153 1009 1172 nmt

221 1193 301 1220 aliter
313 1200 394 1227 quam
406 1200 466 1220 cum
480 1192 577 1220 litteris
593 1192 743 1219 beatissimi
759 1192 878 1227 ipsorum
895 1193 1011 1227 patriar-

221 1239 279 1266 chm
297 1243 344 1265 aut
360 1238 539 1273 metropolitze
554 1243 601 1265 aut
619 1238 761 1273 principali
782 1239 909 1265 mandato
927 1239 951 1265 id
973 1239 1012 1266 l'a-

222 1287 307 1317 ciant.
331 1285 367 1312 ita
393 1286 515 1319 quidem,
531 1290 562 1312 ut
582 1293 633 1312 nec
655 1284 708 1312 illis
730 1284 874 1319 episcopis,
895 1286 940 1317 qui
962 1285 1012 1312 sub

221 1330 382 1358 beatissimo
398 1330 701 1365 Constantinopolitano
714 1331 843 1366 episcopo
855 1334 881 1357 et
896 1331 1012 1365 patriar-

221 1376 272 1403 cha
286 1380 361 1409 sunt,
386 1376 466 1404 lit-eat
493 1377 553 1404 sine
575 1376 663 1412 ipsius
684 1377 818 1411 permissu
849 1381 895 1402 aut
920 1381 1014 1403 noslto

218 1423 296 1458 jussu
319 1423 345 1449 in
367 1424 469 1457 regiam
488 1422 582 1449 urbctn
601 1423 692 1449 ι·ρηὶιύ
709 1430 715 1448 :
735 1430 795 1448 nam
821 1422 844 1449 si
866 1422 945 1449 etiam
964 1423 1014 1448 hoc

223 1469 303 1496 modo
314 1469 458 1504 cpiscopus
474 1469 670 1504 qualiscunque
685 1468 777 1501 fuerit,
790 1469 949 1501 excesserit,
962 1477 1013 1496 non

1053 226 1228 253 ἀπαιτεῖσθαι
1242 227 1323 255 αὐτὸν
1337 227 1496 262 κελεύομεν.

1356 284 1483 311 ΤΙΤΛΟΣ
1501 284 1540 311 3'.

1052 330 1122 364 Περὶ
1142 330 1202 357 τῶν
1221 329 1410 364 ἁρμοζόντων
1429 330 1620 364 ἐπισκόποις,
1641 330 1691 358 καί
1713 333 1848 365 πρεσϐυ-

1089 365 1197 398 τέροις,
1209 366 1259 392 καὶ
1269 365 1434 398 διακόνοις.
1448 366 1497 392 καὶ
1509 365 1610 398 ἁπλῶς
1623 366 1719 394 πᾶσιν
1732 367 1848 401 ἐκκλη-

1090 401 1260 433 σιαστικοῑς
1273 401 1323 428 καί
1336 401 1493 436 ιιοναχοῖς.

1090 457 1124 486 α’.
1146 458 1215 490 Τοὺς
1242 458 1467 493 θεοφιλεστάτους
1486 458 1654 491 ἐπισκόπους
1676 460 1708 486 ἐκ
1731 459 1847 495 μηδενὸς

1055 503 1139 538 νόμου
1156 503 1322 538 ἐπιτρόπους
1346 503 1363 539 ἢ
1378 503 1548 539 κουράτορας
1572 504 1629 530 οἵου
1649 504 1750 540 δήποτε
1764 513 1847 540 προσ-

1055 549 1131 576 ώπου
1148 550 1271 584 γίνεσθαι
1284 549 1490 585 συγχωροῦμεν.

1092 595 1125 631 β’.
1142 596 1212 627 Τοὺς
1225 595 1429 631 πρεσϐυτέρους
1445 596 1493 622 καὶ
1511 596 1653 628 διακόνους
1667 596 1715 623 καὶ
1731 597 1846 624 ὑποδια-

1056 642 1152 673 κόνους
1167 641 1207 677 τῷ
1222 641 1320 677 δικαίῳ
1337 642 1384 668 καὶ
1403 642 1476 678 μόνῳ
1494 643 1544 676 τῆς
1561 643 1722 677 συγγενείας
1736 645 1776 675 εἰς
1787 645 1850 670 ἑπι-

1055 687 1160 723 τροπὴν
1176 687 1193 723 ἢ
1212 687 1394 724 κουρατορίαν
1410 687 1597 724 καλουμένους
1610 689 1659 724 τὴν
1675 689 1849 725 λειτουργίαν

1058 733 1239 769 ὑποδέχεσθαι
1256 734 1398 770 συγχωροῦ
1404 742 1464 769 μεν.

1092 779 1127 814 γ’.
1150 779 1316 807 Ἐπίσκοπον
1342 780 1358 814 ἢ
1382 780 1535 815 οἰκονόμον,
1565 780 1581 815 ἦ
1608 780 1688 808 ἄλλον
1717 781 1851 816 κληρικ³.ν

1057 826 1113 853 οἵου
1127 826 1228 862 δήποτε
1248 826 1353 861 βαθμοῦ
1369 826 1386 862 ἦ
1402 826 1532 862 μοναχὸν,
1561 827 1748 864 ὲκλήπτοραῆ
1765 828 1852 854 ἁπτι-

1058 872 1144 908 τητὴν
1167 872 1305 908 δημοσίων
1330 872 1536 908 συντελειῶν,ἣ
1562 873 1702 909 μισθωτῇν
1720 873 1816 904 τελῶν,
1834 874 1851 908 ἦ
1891 883 1898 887 ·

1059 918 1209 954 ἀλλοτρίων
1229 919 1354 953 κτήσεων
1375 918 1529 954 κουράτορα
1545 919 1592 945 καὶ
1613 918 1689 946 οἴκου
1706 919 1722 954 ἦ
1740 919 1852 945 ἐντολζα

1060 964 1148 1000 δίκης,
1163 964 1180 1000 ἢ
1196 964 1334 1000 ἐγγυητὴν
1348 963 1475 998 γίνεσθαι
1489 964 1519 990 οὗ
1534 965 1744 1000 συγχωροῦμεν.

1097 1053 1127 1082 δ’.
1152 1054 1215 1086 Tol;
1236 1053 1454 1089 Θεοφιλεστάτοις
1477 1054 1641 1086 ἐπισκόποις
1669 1054 1719 1086 τὰς
1747 1054 1854 1086 οἰκείας

1062 1100 1279 1136 καταλιμπάνειν
1299 1101 1461 1136 ἐκκλησίας,
1476 1101 1523 1128 καὶ
1545 1101 1585 1133 είς
1610 1101 1698 1128 ἄλλων
1720 1101 1856 1136 ἐπαρχίας

1064 1147 1265 1182 παραγίνεσθαι
1279 1146 1488 1182 ἀπαγορεύομεν
1498 1155 1506 1162 ·
1521 1147 1545 1173 εί
1555 1147 1583 1174 δὲ
1596 1147 1702 1182 ἀνάγκη
1716 1156 1756 1178 τις
1770 1147 1857 1173 ἀπαι-

1062 1195 1114 1226 τεῖ,
1131 1193 1168 1228 μὴ
1185 1193 1272 1225 ἄλλως
1288 1193 1305 1228 ἢ
1324 1193 1393 1228 μετὰ
1410 1193 1584 1228 γραμμάτων
1607 1192 1655 1219 τοῦ
1676 1193 1858 1227 μακαριωτὰ-

1066 1249 1113 1266 του
1126 1239 1216 1267 αὐτῶν
1231 1239 1430 1275 πατριάρχουῆ
1446 1239 1643 1275 μητροπολίτου
1660 1239 1675 1274 ἦ
1693 1238 1762 1266 κατὰ
1776 1239 1855 1273 βασι-

1063 1284 1142 1320 λικὴν
1159 1284 1261 1319 δηλαδὴ
1273 1284 1407 1317 κέλευσιν,
1419 1284 1499 1311 τοῦτο
1518 1285 1691 1316 ποιείτωσαν,
1703 1283 1773 1310 οὕτω
1792 1284 1855 1318 μὲν-

1063 1340 1104 1358 τοι
1122 1340 1165 1365 γε,
1190 1331 1233 1358 ἶνα
1258 1331 1324 1366 μηδέ
1341 1332 1456 1362 ἐκεί-μοις
1478 1332 1534 1362 τοῖς
1557 1331 1728 1362 ἐπισκόποις,
1753 1330 1855 1362 οἵτινες

1064 1377 1117 1404 ὑπὸ
1131 1377 1176 1404 τὸν
1200 1376 1412 1412 μακαριώτατον
1427 1377 1577 1403 ἐπίσκοπον
1597 1376 1856 1402 Κωνσταντινουπι-

1065 1423 1135 1454 λεως
1162 1423 1209 1450 καὶ
1233 1422 1407 1458 πατριάρχην
1429 1423 1508 1455 εἰσὶν,
1524 1422 1599 1457 ὲξείη
1623 1422 1684 1457 δίχα
1708 1423 1860 1458 ἐπιτροπῆς

1066 1468 1149 1495 αὖτοῦ
1173 1468 1189 1503 ἢ
1217 1467 1357 1503 ἡμετέρας
1387 1467 1540 1499 κελεύσεως
1566 1468 1636 1495 κατὰ
1661 1468 1710 1503 τὴν
1736 1468 1860 1503 βασιλίδα.

223 1514 338 1549 amplius
353 1522 407 1541 uno
422 1522 494 1542 anno
517 1515 662 1542 ecclesiam
690 1521 767 1541 suam
792 1515 938 1549 relinquat,
956 1515 1013 1549 cpi-

1071 1513 1145 1540 πόλιν
1160 1513 1263 1540 ἐλθεῖν·
1285 1515 1309 1540 εί
1326 1514 1381 1548 γὰρ
1402 1514 1450 1540 καὶ
1478 1514 1548 1541 κατὰ
1574 1514 1619 1540 τὶν
1645 1515 1745 1550 clo/mw
1764 1515 1861 1541 τοῦτον

224 1568 321 1595 St-upos
334 1567 398 1587 vero
411 1561 459 1595 qui
474 1561 500 1588 in
516 1561 617 1594 regiam
632 1561 727 1588 urbem
744 1561 790 1595 (ita
803 1565 832 1587 ut
846 1561 947 1588 dictttm
961 1561 1012 1596 cs!)

225 1607 361 1639 venerint,
372 1613 404 1633 ex
419 1613 581 1641 quacunque
598 1607 698 1634 fuerint
711 1607 831 1637 dioecesi.
849 1614 911 1634 ante
924 1608 1014 1635 omnia

225 1652 301 1680 abire
325 1651 452 1687 jubetnus
477 1653 512 1680 ad
538 1653 724 1682 beatissimum
742 1653 1015 1688 Constantinopoleos

225 1699 457 1734 archiepiscopum
475 1703 502 1726 et
525 1699 728 1734 patriarcham,
747 1704 828 1734 atque
854 1699 890 1727 ita
914 1700 946 1727 ad
965 1707 1014 1728 no-

225 1749 309 1772 stram
328 1743 421 1771 venire
436 1744 623 1773 serenitatem.
640 1744 909 1780 Quicumquejautem
921 1751 1015 1774 comra

226 1790 447 1818 constitutionem
463 1790 535 1819 hanc
546 1795 670 1818 nostram
685 1791 863 1825 excesserint,
875 1797 921 1819 aut
934 1799 1016 1826 supra

226 1837 369 1864 delinitum
386 1836 449 1864 anni
469 1837 600 1872 spatium,
616 1841 724 1873 tempus
740 1837 849 1872 aliquod
863 1842 939 1866 extra
955 1846 1018 1874 pro-

225 1883 312 1918 priatn
327 1882 476 1910 Ecclesiam
492 1882 617 1916 fecerint,
633 1883 750 1918 primum
763 1883 872 1917 quidem
887 1891 939 1911 non
953 1883 1018 1910 sub-

226 1928 377 1955 ministrari
390 1931 514 1963 sumplus
526 1928 559 1955 ah
571 1928 722 1956 ceconomis
740 1928 800 1964 ejus
812 1928 940 1956 Ecclesize
952 1928 1017 1963 ipsis

226 1973 363 2004 volumus.
377 1972 476 2000 deinde
489 1973 639 2007 signiﬁcari
657 1974 723 2009 ipsis
741 1981 790 2009 per
806 1973 909 2001 litteras
925 1981 1016 2002 sacer-

226 2020 318 2046 dotum
341 2019 438 2053 quibus
457 2010 565 2054 parent,
585 2023 614 2046 ut
628 2020 661 2047 ad
678 2020 803 2055 proprias
817 2019 952 2047 Ecclesias
973 2027 1017 2047 re~

227 2064 326 2098 deant;
340 2068 368 2091 et
381 2065 432 2100 ipsi
445 2065 554 2100 quidem
569 2067 728 2101 episcopatu
743 2071 944 2100 removeantur,
958 2073 1019 2094 sen-

228 2110 313 2138 tentia
329 2115 356 2138 et
369 2111 473 2146 judicio
493 2112 595 2146 proprii
614 2112 822 2148 archiepiscopi.
842 2112 894 2140 Alii
911 2120 975 2140 vero
991 2113 1018 2140 in

228 2155 347 2190 ipsorum
369 2156 458 2183 locum
478 2164 511 2184 ex
536 2157 679 2191 praesentis
702 2158 769 2192 legis
790 2159 816 2184 vi
834 2163 862 2185 et
885 2163 1019 2193 potestate

1067 1561 1215 1592 ἐπίσκοπος
1234 1558 1290 1592 οἷος
1313 1560 1413 1595 δήποτε
1437 1561 1620 1596 ἁποῖημήσει,
1642 1561 1680 1596 μὴ
1702 1561 1782 1587 πλέον
1801 1561 1862 1593 sua;

1068 1605 1193 1632 ἐνιαυτοῦ
1206 1605 1256 1641 τὴν
1267 1605 1334 1632 ἰδίαν
1351 1605 1581 1640 καταλιμπανέτω
1595 1606 1772 1641 Ἐκκλησίαν,
1790 1607 1861 1637 Τοίς

1068 1654 1097 1681 δὲ
1114 1653 1281 1686 ἐπισκόπους
1307 1653 1371 1684 τοὺς
1389 1653 1460 1680 κατὰ
1485 1653 1534 1688 τὴν
1563 1653 1686 1688 βασιλίδα
1712 1654 1800 1685 πόλιν,
1823 1655 1862 1685 ὡς

1070 1699 1188 1736 είρηται,
1203 1698 1515 1735 παραγενομένους,οῖις
1525 1699 1624 1734 δήποτε
1635 1697 1689 1726 εἶεν
1700 1699 1862 1734 διοικήσεως

1069 1746 1123 1781 πρὸ
1136 1745 1246 1772 πάντων
1266 1744 1376 1771 ἀπιέναι
1395 1745 1463 1780 πρὶς
1477 1744 1522 1771 τὸν
1539 1744 1750 1779 μακαριώτατον
1781 1746 1863 1780 ἀρχι-

1071 1791 1223 1818 επίσκοπον
1234 1790 1545 1821 Κωνσταντινουπόλεως
1565 1790 1611 1816 καὶ
1619 1790 1800 1825 πατριάρχην,
1815 1791 1864 1817 καὶ

1070 1838 1158 1870 οὕτως
1171 1837 1204 1864 δι’
1221 1836 1304 1863 αὐτοῦ
1323 1836 1392 1872 πρὸς
1413 1837 1464 1870 τὴν
1487 1836 1626 1871 ἡμετέραν
1643 1837 1758 1863 είσιέναι
1776 1837 1864 1872 γαλη-

1071 1884 1182 1918 νὸτητα.
1199 1883 1262 1914 Τοῖς
1277 1882 1305 1909 δέ
1324 1882 1398 1918 παρὰ
1413 1881 1515 1917 ταύτην
1535 1882 1615 1917 ἡμῶν
1629 1882 1678 1917 τὴν
1690 1882 1861 1910 διατύπωσιν

1071 1928 1269 1965 ἀποδημοῦσιν,
1284 1928 1300 1963 ἢ
1317 1928 1387 1964 ὑπὲρ
1402 1927 1449 1954 τὸν
1464 1928 1578 1964 ὁρισμὸν
1593 1927 1641 1954 τοῦ
1656 1929 1781 1955 ἐνιαυτοῦ
1796 1929 1861 1963 χρό-

1071 1985 1118 2003 νου
1141 1977 1193 2010 ἔξω
1207 1976 1257 2010 τῆς
1281 1975 1349 2006 ἰδίας
1361 1974 1527 2010 Ἐκκλησίας
1542 1974 1677 2007 ποιοῦσιν,
1695 1975 1803 2010 πρῶτον
1814 1976 1864 2010 μὲν

1073 2022 1111 2057 μὴ
1126 2021 1305 2058 χορηγεῖσθαι
1323 2021 1398 2056 παρὰ
1413 2021 1466 2047 τῶν
1485 2021 1636 2057 οἰκονόμων
1650 2021 1699 2057 τῆς
1718 2022 1786 2053 ἰδίας
1801 2023 1864 2049 Ἐκ-

1072 2067 1187 2103 κλησίας
1206 2067 1340 2099 δαπάνας,
1361 2066 1457 2093 ἔπειτα
1483 2067 1511 2093 δὲ
1535 2067 1793 2103 ὐπομιμνὴσκεσθαι
1814 2069 1864 2095 αὐ-

1073 2115 1137 2146 τοὺς
1153 2113 1198 2140 διὰ
1215 2112 1388 2149 γραμμάτων
1415 2112 1468 2140 τῶν
1494 2113 1589 2148 ἱερέων
1604 2113 1649 2148 ὑςῖ
1667 2113 1714 2145 οὓς
1728 2114 1861 2145 τελοῦσιν,

1074 2159 1145 2186 ὥστε
1165 2158 1324 2186 ἐπανελθεῖν
1347 2158 1387 2188 είς
1408 2158 1457 2188 τὰς
1481 2157 1549 2190 ἰδίας
1570 2158 1729 2193 ἐκκλησίας,
1751 2160 1863 2191 ἑαυτοὺς

228 2206 356 2229 creentur
373 2208 380 2228 :
396 2202 491 2229 eadem
514 2202 566 2230 hac
587 2201 646 2237 lege
666 2203 806 2230 obtinente
820 2208 846 2231 et
868 2203 894 2230 in
908 2204 1013 2231 clerico:

1075 2206 1124 2242 μὲν
1149 2207 1198 2241 τῆς
1220 2204 1374 2239 ἐπισκοπῆς
1396 2203 1558 2235 ἐξωθεῖσθαι
1582 2205 1680 2241 γνώμῃ
1702 2206 1750 2232 καὶ
1773 2207 1862 2241 κρίσει

228 2247 418 2282 cujuscunque
433 2248 534 2284 gradus
546 2248 646 2276 fuerint
659 2253 704 2275 aut
721 2249 874 2276 ministerii.

1073 2252 1120 2279 καὶ
1137 2250 1285 2287 δοκιμασίᾳ
1304 2250 1352 2277 τοῦ
1377 2249 1478 2277 οἰκείου
1503 2251 1654 2286 ἀρχιερέως
1675 2260 1682 2267 ο
1702 2252 1812 2286 ἐτέρους
1835 2252 1863 2278 δὲ

228 2294 286 2320 ἀντ’
301 2293 392 2320 αὐτῶν
411 2292 543 2329 ἀμείνους
568 2294 785 2329 χειροτονεῖσθαι
806 2294 879 2321 κατὰ
902 2295 952 2330 τὴν
974 2296 1022 2323 τοῦ
1043 2296 1177 2332 παρόντος
1199 2299 1283 2332 νόμου
1297 2295 1424 2331 δύναμιν,
1440 2295 1536 2323 τούτου
1552 2296 1633 2323 αὐτοῦ
1667 2298 1714 2324 καὶ
1731 2298 1778 2324 ἐπὶ
1809 2297 1863 2324 τῶν

229 2341 368 2377 κληρικῶν
396 2341 562 2376 κρατοῦντος
584 2341 742 2377 οίουδήποτε
765 2342 870 2378 βαθμοῦ
893 2341 948 2370 εἷεν
976 2344 993 2380 ἢ
1015 2344 1047 2380 [Ῑ.
1061 2344 1099 2380 ot]
1113 2345 1142 2372 ὲν
1155 2345 1309 2380 ὑπηρεσίᾳ.

266 2390 293 2417 5.
313 2388 460 2424 Episcopus
487 2392 515 2415 et
534 2388 708 2423 presbyteros
732 2389 919 2423 prohibemus,
944 2398 978 2418 ne
1004 2399 1018 2418 a

229 2441 325 2463 sancta
340 2434 530 2462 communione
547 2434 701 2469 quempiam
718 2435 872 2467 excludant,
888 2443 941 2463 non
956 2443 1020 2470 pro-

230 2483 293 2510 bata
307 2488 389 2509 causa
403 2485 515 2516 propter
527 2488 609 2516 quant
624 2473 802 2510 ecclesiastici
820 2489 938 2510 canones
956 2483 1020 2510 illud

232 2528 291 2556 ﬁeri
303 2528 410 2564 jubent.
425 2528 454 2555 Si
469 2530 532 2563 quis
547 2532 637 2555 autem
651 2533 746 2556 contra
762 2528 902 2564 przcdicta,
915 2537 929 2556 a
943 2537 1020 2557 sacra

230 2574 422 2603 communione
437 2581 593 2610 quempiam
611 2574 748 2607 excludat,
766 2574 811 2602 ille
827 2575 936 2610 quidem
953 2583 1021 2610 quo-

231 2620 304 2648 niam
323 2619 422 2654 injuste
443 2627 458 2647 a
483 2620 676 2648 communione
696 2620 823 2648 exclusus
844 2626 896 2655 est,
916 2621 1021 2649 solutus

232 2667 512 2695 excommunicatione
528 2675 543 2695 a
558 2667 699 2703 superiore
717 2667 876 2700 sacerdote,
892 2675 1021 2696 comunt—

233 2712 316 2739 nione
330 2712 428 2747 dignus
443 2713 589 2741 habebitur
605 2721 612 2740 :
626 2713 671 2749 qui
684 2720 748 2741 vero
761 2721 821 2741 eum
834 2713 1021 2741 excommuni-

233 2765 296 2786 care
309 2765 390 2797 ausus
406 2755 468 2792 fuit,
481 2760 608 2788 omnilms
621 2760 709 2788 modis
730 2768 744 2787 a
761 2761 902 2788 secerdotc
917 2761 962 2787 cui
976 2769 1020 2787 su-

234 2802 305 2835 best,
322 2803 481 2831 excludetur
494 2812 508 2833 a
521 2805 712 2832 communione
724 2809 827 2840 quanto
837 2809 956 2840 tempore
970 2805 1020 2839 ipsi

233 2847 320 2875 visum
334 2847 424 2883 fuerit,
435 2853 464 2876 ut
475 2856 535 2884 qua:
551 2849 651 2884 injuste
664 2849 738 2882 fecit,
752 2849 824 2884 juste
836 2857 898 2885 erga
916 2857 944 2877 se
960 2850 1017 2878 ﬁeri

1111 2389 1142 2417 ε’.
1164 2391 1233 2422 Τοὺς
1254 2390 1421 2423 ἐπισκόπους
1445 2391 1492 2418 καὶ
1519 2389 1733 2425 πρεσϐυτέρους,
1761 2391 1864 2425 ἀπαγο·

1076 2436 1201 2472 ρεύομεν,
1222 2436 1259 2472 μὴ
1284 2437 1411 2473 χωρίζειν
1443 2437 1518 2468 τινὰς
1534 2437 1583 2472 τῆς
1611 2436 1692 2469 ἁγίας
1722 2438 1863 2468 κοινωνίας

1075 2483 1141 2518 πρὶν
1157 2483 1173 2518 ἡ
1190 2483 1265 2509 αίτία
1277 2483 1395 2519 δειχθείη
1411 2483 1445 2510 δι’
1460 2483 1493 2518 ἣν
1510 2483 1535 2509 οἱ
1548 2482 1770 2517 ἐκκλησ.αστικοὶ
1785 2483 1860 2508 κανόσ

1074 2537 1118 2560 νες
1134 2529 1212 2555 τοῦτο
1226 2528 1354 2563 γενέσθαι
1370 2528 1536 2555 κελεύουσιν.
1553 2528 1585 2555 Εἰ
1595 2528 1623 2555 δέ
1636 2536 1676 2559 τις
1689 2529 1765 2563 παρὰ
1778 2527 1863 2554 ταῦτα

1074 2575 1124 2609 τῆς
1142 2574 1222 2608 ἁγίας
1245 2573 1392 2605 κοινωνίας
1411 2574 1473 2601 τινὰ
1498 2573 1622 2609 χωρίσοι,
1638 2574 1741 2605 ἐκεῖνος
1756 2574 1806 2608 μὲν
1826 2574 1863 2606 ὡς

1074 2619 1165 2651 ἄδικος
1189 2619 1226 2656 [Ῑ.
1253 2619 1372 2656 ἀδίκως]
1394 2620 1449 2646 ἀπο
1468 2619 1518 2654 τῆς
1544 2619 1688 2651 κοινωνίας
1717 2619 1861 2655 ἐχωρίσθη,

1074 2664 1204 2700 λυόμενος
1218 2665 1265 2692 τοῦ
1281 2665 1423 2701 χωρισμοῦ
1435 2665 1488 2692 ὑπὸ
1502 2665 1549 2692 τοῦ
1569 2665 1692 2701 μείζονος
1707 2665 1801 2700 ίερέως
1815 2665 1864 2698 τῆς

1074 2710 1157 2744 ἁγίας
1171 2710 1306 2743 ἀξιούσθω
1319 2711 1462 2743 κοινωνίας
1472 2719 1478 2726 ·
1495 2711 1509 2738 ὁ
1524 2711 1552 2737 δέ
1569 2711 1688 2746 χωρίσαι
1712 2711 1861 2746 τολμήσας.

1075 2757 1142 2783 πᾶσι
1155 2757 1264 2792 τρόποις
1274 2757 1326 2783 ὑπὸ
1335 2757 1382 2784 τοῦ
1391 2758 1514 2792 μείζονος
1522 2757 1617 2792 ἱερέως
1627 2757 1676 2791 τῆς
1689 2757 1769 2791 ἁγίας
1777 2756 1860 2789 ἀξιούξ

1076 2804 1132 2830 σθω
1139 2805 1292 2838 κοινωνίας,
1302 2805 1345 2840 ἐφ’
1355 2805 1416 2832 ὅσον
1423 2805 1519 2840 χρόνον
1527 2805 1629 2835 ἐκεῖνος
1639 2804 1738 2831 συνίδοι
1747 2803 1790 2831 ἵνα
1799 2803 1863 2837 ὅπερ

1080 2851 1179 2883 ἀδίκως
1195 2851 1333 2887 ἐποίησεν,
1351 2851 1462 2884 δικαίως
1475 2851 1620 2886 ὑπομείνῃ.
1633 2849 1805 2886 Θεσπίζομεν
1819 2851 1864 2876 καὶ
