1938 3070
87 146 147 180 485

742 149 936 179 DELECTUS
957 149 1099 179 LEGUM.

1673 148 1727 179 486

87 207 154 239 τοὺς
172 206 320 242 κληρικοῦς
339 207 401 239 τοὺς
418 207 462 242 ὑφ’
477 206 559 242 ἑτέρᾳ
576 206 668 241 ὲνςρίᾳ
693 207 878 241 τεταγμένους

942 207 1070 241 patiatur.
1086 205 1216 234 .lubcmus
1231 207 1325 238 etiam.
1348 215 1381 235 ne
1401 207 1493 236 clerici
1507 208 1558 236 sub
1580 206 1634 236 alio
1650 211 1727 236 terri-

90 253 226 288 μηδαμῶς
241 252 317 289 παρὰ
328 252 441 288 γνώμην
456 253 503 280 τοῦ
516 253 617 279 οἰκείου
631 252 781 279 ἐπισκόπου
797 252 813 288 ἦ
832 261 885 287 μη·-

90 299 255 334 τροπολίτου
279 300 320 331 εἰς
341 299 440 332 ἑτέραν
452 299 562 334 ἐνορίαν
577 298 812 334 μεταπίπτοντας,
826 298 843 333 ἢ
857 299 886 325 ἐν

88 345 243 381 Ἐκκλησία
253 344 464 379 καταλέγεσθαι,
481 345 497 380 ἢ
509 346 680 381 χειροτονίαν
690 345 883 380 ἀναδέχεσθαι.

94 393 144 420 Ἐκ
158 393 214 428 γὰρ
230 390 278 419 τοῦ
295 391 333 428 μὴ
347 392 383 419 τὰ
401 391 515 419 τοιαῦτα
534 392 809 428 παραφυλάττεσθαι,
822 392 886 419 πολ-

87 439 139 474 λῆς
151 437 264 471 ἀταξίας
274 439 321 465 καὶ
331 438 435 474 πλάνης
445 439 543 466 πολλαὶ
555 438 609 466 τῶν
620 439 791 475 Ἐκκλησιῶν
801 439 885 475 ἐπλη-

90 485 230 521 ρώθησαν.
244 485 276 512 El
287 485 316 513 δέ
330 494 372 518 τις
383 485 527 521 φωραθείη
543 485 593 521 τὴν
607 485 750 522 παροῦσαν
761 486 884 519 διάταξιν

87 531 205 565 ἀθετῶν,
221 532 247 558 si
266 532 315 567 μὲν
325 531 374 567 τὴν
390 531 494 559 οἰκείαν
506 532 613 567 ἑνορίαν
624 531 765 559 ἀπολιπὼν
778 533 807 560 ὲν
823 532 885 559 ἑτέ-

80 585 124 612 νρᾳ
140 576 220 611 μόνον
236 576 377 612 καταλεγῇ
394 576 548 613 Ἐκκλησία
560 576 662 612 μηδένα
677 576 782 612 βαθμὸν
799 585 885 613 χειρο-

87 622 179 654 τονίας
196 622 371 658 προσλαϐὼν,
387 622 644 658 ὲπαναστρέφεσθαι
658 622 752 650 τοῦτον
775 624 816 655 είς
837 623 883 650 τὸν

87 668 190 695 οἰκεῖον
220 668 382 702 ἐπίσκοπον,
403 669 453 704 τῆς
473 669 621 705 ὑπερορίου
637 669 804 705 Ἐκκλησίας
820 670 849 697 ὲν

88 714 138 740 καὶ
152 714 202 741 ἀπ’
214 715 303 750 ἀρχης
320 714 456 751 κατελέγη
469 714 665 751 ἐλαυνόμενονο
681 715 705 742 εί
720 715 748 743 δὲ
763 717 810 743 καὶ
826 724 884 751 χει-

90 759 215 795 ροτονίαν
230 759 397 795 προσείληφε
408 779 416 793 ,
442 759 539 787 τοῦτον
555 760 603 787 ἐπὶ
625 760 747 796 τριετίας
763 761 812 796 τῆς
827 761 884 788 λει-

83 806 223 842 τουργίας
239 805 377 842 ἀργοῦντα
393 806 497 843 μένειν,
512 806 544 833 τδ
557 805 652 833 λοιπὸν
667 807 713 834 ἐπὶ
738 807 771 843 τῇ
792 807 884 843 κρίσει

88 851 138 878 τοῦ
156 852 258 879 οἰκείου
274 852 426 880 ἐπισκόπου
444 851 495 887 τὴν
509 851 593 879 αὑτοῦ
611 851 776 889 συγγνώμην
795 861 883 880 κατα-

88 897 285 933 λιμπάνεσθαι.

125 943 163 976 ς’.
180 944 252 970 Ὅσα
275 944 428 980 πράγματα
448 944 527 980 ἔσχεν
552 945 566 972 ό
590 945 741 976 ἐπίσκοπος
757 945 810 980 πρὸ
833 945 883 981 τῆς

87 991 251 1025 ἐπισκοπῆς,
263 989 391 1025 δωρεῖται
406 990 452 1017 καὶ
472 991 624 1018 ὲκποιεῖται
636 991 674 1022 ὡς
691 990 773 1024 θέλει,
784 991 814 1017 οὐ
828 990 882 1026 μὴν

85 1035 158 1062 ἀλλὰ
189 1035 237 1062 καὶ⁸
252 1035 404 1062 διατίθεται
424 1035 466 1067 είς
490 1035 571 1063 αὑτά.
592 1035 664 1062 Ὅσα
690 1036 719 1062 δὲ
746 1035 881 1073 ἐκτήσατο

92 1081 161 1117 μετὰ
176 1081 225 1116 τὴν
249 1081 413 1117 ἐπισκοπὴν,
425 1082 459 1117 τῇ
471 1081 623 1117 Ἐκκλησία
647 1081 730 1108 αὐτοῦ
745 1081 880 1117 διαφέρει,

87 1127 136 1154 καὶ
161 1127 223 1153 οὐδὲ
242 1126 392 1153 διατίθεται
419 1127 460 1158 είς
481 1126 561 1159 αὐτὰ,
577 1127 602 1153 εί
623 1126 673 1162 μὲν
695 1127 748 1162 ἄρα
765 1127 818 1154 ἀπὸ
833 1135 880 1161 γο-

87 1172 156 1199 νέων
169 1172 185 1208 ἢ
202 1172 282 1199 θείων
296 1172 313 1207 ἦ
329 1171 452 1207 ἀδελφῶν
466 1171 549 1198 αὐτοῦ
566 1172 606 1203 εἰς
622 1172 703 1199 αὐτὸν
723 1172 880 1208 περιῆλθον.

123 1218 155 1251 ζ’.
170 1218 239 1249 Τοὺς
251 1216 454 1252 πρεσϐυτέρους
470 1217 517 1244 καὶ
531 1217 672 1249 διακόνους
688 1217 736 1244 καὶ
748 1217 873 1251 ἀναγνώ-

87 1272 165 1296 στας,
178 1263 228 1290 καὶ
250 1263 355 1298 eam;
377 1262 425 1295 οὒς
451 1262 556 1294 πάντας
573 1263 721 1298 κληρικοῦς
734 1262 881 1298 καλοῦμεν,

86 1308 240 1344 animum
255 1308 304 1343 οἴῳ
319 1308 419 1343 δήποτε
431 1308 526 1343 τρόπῳ
543 1308 583 1339 εἰς
599 1307 648 1343 τὴν
664 1307 754 1334 αὐτῶν
781 1307 881 1335 δεσπο-

87 1355 165 1382 τείαν
194 1353 382 1390 περιελθόντα,
401 1353 474 1389 ἔχειν
501 1353 554 1381 ὑπὸ
583 1353 632 1388 τὴν
668 1353 737 1380 ἰδίαν
753 1353 880 1386 ἐξουσίαν

88 1398 292 1434 προστάττομεν
305 1397 368 1424 καθ’
379 1397 528 1433 ὁμοιότητα
541 1397 595 1424 τῶν
607 1397 767 1432 ίδιοκτήτων
781 1405 881 1424 πεκου-

87 1446 162 1477 λίων,
178 1445 225 1472 καὶ
234 1444 378 1480 δωρεῖσθαι
396 1443 467 1471 κατὰ
482 1444 545 1476 τοὺς
557 1444 656 1479 νόμους
670 1445 718 1471 καὶ
731 1443 774 1470 ἐπ’
787 1444 880 1476 αὐτοῖς

83 1491 264 1523 διατίθεσθαι,
281 1490 331 1518 κᾶν
348 1490 401 1518 ὑπὸ
412 1491 462 1527 τὴν
473 1490 528 1517 τῶν
542 1490 645 1525 γονέων
659 1490 729 1517 εἰσὶν
744 1489 879 1523 ἐξουσίαν,

87 1537 159 1565 οὕτω
186 1537 290 1573 μέντοι,
320 1537 391 1563 ὥστε
405 1537 468 1568 τοὺς
488 1535 592 1563 τούτων
609 1536 719 1569 παῖδας,
736 1535 753 1571 ῆ
776 1533 880 1563 τούτων

89 1584 127 1619 μὴ
143 1583 277 1615 ὑπόντων,
301 1582 364 1613 τοὺς
381 1582 470 1616 γονεῖς
493 1581 594 1614 αὐτῶν,
612 1580 643 1608 τὸ
659 1580 775 1616 νόμιμον
794 1581 878 1618 μέρος

89 1628 262 1665 κομίζεσθαι.

123 1684 157 1721 η’.
179 1684 208 1711 '0
223 1684 329 1720 μέλλων
344 1683 457 1710 εἰσιέναι
473 1683 501 1710 ὲν
519 1682 704 1718 μοναστηρίῳ,
718 1682 879 1710 διατιθέσθω

87 1731 121 1759 τὰ
137 1730 198 1759 καθ’
209 1730 306 1758 ἑαυτὸν
319 1729 372 1766 πρὸ
389 1730 440 1765 τῆς
452 1728 556 1755 εἰσόδου
567 1727 662 1761 αὐτοῦ,
680 1728 742 1754 ἐπεὶ
759 1737 879 1764 προςκυ-¹

89 1777 182 1814 ρεῦται
209 1776 249 1812 τῷ
272 1775 447 1813 μοναστηρίῳ
466 1774 556 1802 πάντα
579 1773 615 1800 τὰ
642 1773 738 1807 αὑτοῦ,
766 1774 819 1801 κᾶν
840 1775 878 1811 μὴ

86 1823 179 1859 ῥητῶς
192 1824 303 1860 φήσειεν
318 1822 440 1857 είσάγειν
451 1819 532 1853 αὐτὰ,
544 1819 592 1846 καὶ
609 1819 659 1846 οὐκ
674 1819 715 1846 ἐτι
731 1819 877 1848 ἐσταικατ*

88 1870 182 1897 οὐδένα
193 1869 295 1905 τρόπον
306 1868 401 1903 κύριος
419 1867 519 1894 αὐτῶν.

124 1926 156 1953 θ’.
185 1925 214 1954 '0
242 1925 288 1952 ἐπὶ
305 1925 385 1952 παισὶ
408 1926 538 1960 μονάσας,
559 1925 671 1952 δύναται
688 1925 736 1952 καὶ
761 1923 831 1960 μετὰ
847 1924 878 1951 τὸ

89 1971 215 2009 μονάσαι,
233 1970 331 1997 διελεῖν
345 1970 393 2005 τὴν
407 1970 500 1997 οὐσίαν
525 1970 608 1997 αὐτοῦ
626 1971 682 2002 τοῖς
696 1969 771 2002 ἰδίοις
786 1970 876 2003 παισὶ,

87 2017 231 2052 φυλάττων
247 2016 336 2052 ἐαυτῷ
364 2016 394 2042 ἓν
423 2016 516 2052 μέρος,
541 2016 555 2042 ὃ
579 2016 626 2042 καὶ
642 2015 682 2052 τῷ
702 2016 878 2052 μοναστηρίῳ

87 2063 204 2099 ἁρμόζει
217 2071 225 2079 ·
247 2062 294 2089 ἐὰν
311 2062 340 2089 δὲ
354 2062 494 2094 ἀδιάθετος
515 2062 677 2097 τελευτήσῃ,
703 2062 764 2088 τότε
779 2063 803 2088 oi
828 2062 878 2097 μὲν

87 2109 182 2141 παῖδες
201 2107 285 2135 αὑτοῦ
304 2107 434 2143 λήψονται
460 2107 490 2134 τὸ
506 2107 535 2141 ἐξ
563 2107 717 2140 ἁδιαθέτου,
732 2107 805 2134 τοῦτ’
818 2107 877 2134 ἔστι

87 2156 117 2184 το
140 2155 293 2188 Φαλκίδιον,
317 2155 364 2181 καὶ
383 2154 413 2181 τὸ
434 2154 528 2181 λοιπον
551 2154 653 2181 δίδοται
675 2154 714 2189 τῷ
738 2162 879 2190 μοναστη-

89 2202 150 2238 ρίῳ.

125 2260 151 2288 ι’.
177 2259 240 2287 Ἐὰν
253 2258 369 2296 μοναχὺς
383 2258 535 2294 καταλείψει
559 2258 590 2285 τὸ
614 2258 680 2285 ῐδιον
695 2258 876 2294 μοναστήριον

87 2307 135 2333 ml.
157 2307 196 2338 εἰς
222 2305 286 2332 ἄλλο
299 2305 375 2341 ἔλθῃ,
391 2304 419 2331 εἴ
431 2312 492 2331 τινα
519 2302 671 2339 πράγματα
683 2304 712 2330 ὲν
726 2302 766 2338 τῷ
787 2302 877 2338 καιρῷ

88 2352 149 2379 καθ’
164 2351 193 2378 ὃν
205 2351 238 2378 τὸ
260 2351 444 2386 μοναστήριον
460 2350 658 2377 καταλέλοιπεν
679 2348 752 2384 ἔχειν
767 2349 876 2384 φανείη,

87 2397 126 2433 τῷ
143 2397 243 2433 πρώτῳ
256 2396 296 2432 τῷ
329 2395 502 2432 μοναστηρίῳ
525 2396 553 2422 ὲν
571 2392 593 2429 ᾦ
616 2394 734 2430 ὲξαρχῆς
756 2394 877 2430 εἰσῆλθε,

88 2444 172 2471 ταῦτα
187 2443 326 2478 διαφέρειν
336 2442 494 2478 κελεύομεν.

127 2500 171 2528 ια’.
205 2500 267 2531 Τοῖς
283 2499 491 2531 εὐλαϐεστάτοις
510 2499 708 2535 πρεσϐυτέροις
725 2499 772 2526 καὶ
786 2499 878 2526 διακό-

88 2556 154 2580 νοις,
171 2547 195 2574 εἰ
220 2546 318 2582 εὑρεθῆ
333 2547 363 2573 ὲν
389 2545 420 2581 [Γ.
441 2546 589 2583 εὑρεθεῖεν]
609 2547 680 2582 ὑπὲρ
702 2546 878 2581 χρηματικῆς

88 2594 177 2625 αἰτίας
195 2592 518 2628 ψευδομαρτυρήσαντες,
539 2593 577 2627 μὴ
605 2593 742 2628 μέντοιγε
757 2593 832 2628 ὅρκῳ
847 2592 878 2618 τὸ

88 2639 185 2675 ψεῦδος
203 2637 430 2673 βεϐαιωσάμενοι,
453 2637 567 2669 τούτους
581 2638 696 2673 ἀρκέσει
715 2639 776 2667 ἀντὶ
791 2631 878 2674 βασάα

94 2694 152 2718 1ρων,
168 2685 214 2710 ἐπὶ
229 2684 303 2718 τρεῖς
318 2683 458 2714 ἐνιαυτοὺς
473 2683 638 2719 χωρίζεσθαι
660 2686 709 2719 τῆς
728 2684 804 2716 θείας
824 2684 878 2711 ὑπι

91 2730 218 2766 ηρεσίας.
235 2729 283 2755 καὶ
307 2728 501 2764 μοναστηρίοις
517 2728 728 2764 παραδίδοσθαι·
747 2730 771 2756 εί
783 2730 813 2756 δὲ
831 2730 879 2756 καὶ

91 2777 152 2807 τοὺς
176 2775 263 2812 ψεύδη
283 2774 316 2812 [ί.
339 2774 379 2810 τῷ
392 2773 495 2810 ψεύδει]
510 2774 557 2802 τὸν
576 2775 658 2810 ὅρκον
672 2776 852 2810 προσέθεσαν,
865 2777 880 2802 ό

92 2821 180 2850 κανὼν
198 2822 298 2854 αὐτοὺς
313 2820 482 2857 προεξέκοψε
495 2821 545 2856 τῆς
559 2821 699 2857 ἱεροσύνης
712 2829 718 2836 ’
733 2822 790 2849 ἀλλ’
806 2822 879 2849 οὕτω

93 2869 141 2903 μὲν
152 2868 327 2904 χρηματικῆς
343 2868 422 2904 δίκης
434 2867 629 2904 προκειμένης.
639 2867 724 2903 ’Υπὲρ
739 2868 766 2895 δὲ
778 2868 879 2904 ἐγκλη-

939 254 1008 280 torio
1024 253 1145 280 collocati
1170 258 1265 280 contra
1289 253 1456 282 voluntatem
1478 254 1581 290 proprii
1606 255 1726 290 episcopi

937 304 984 326 aut
996 299 1176 333 metropolitze
1194 299 1220 326 in
1241 299 1314 326 aliud
1332 301 1499 328 territorium
1514 300 1665 331 venientes.
1682 305 1727 327 ant

937 344 963 372 in
988 344 1137 372 Ecclesium
1164 345 1326 380 allcgantur,
1353 350 1400 373 aut
1427 345 1555 381 suffragia
1580 347 1726 382 accipiant.

935 390 1058 426 Namque
1070 395 1190 425 propter,
1207 391 1265 419 hmc
1277 399 1329 419 non
1341 392 1484 419 observata
1500 392 1590 420 multa:
1600 392 1728 420 Ecclesia:

936 437 1141 465 confusionibus
1151 438 1326 466 etcrroribus
1335 438 1531 473 impletrcsunt.
1549 439 1577 467 Si
1588 440 1649 474 quis
1664 448 1728 468 vero

936 483 1122 518 deprehensus
1147 483 1230 511 fuerit
1253 483 1326 512 hanc
1351 485 1574 513 constitutionem
1597 485 1726 518 violassm

935 529 1069 563 siquidem
1082 530 1222 565 proprium
1239 530 1408 558 territorium
1421 530 1589 565 relinquens,
1605 531 1632 559 in
1646 532 1726 558 aliam

936 579 1040 603 tantum
1052 576 1201 604 Ecclesiam
1215 577 1326 605 allectus
1343 577 1437 608 fuerit,
1451 577 1554 604 nullum
1568 577 1655 604 adhuc
1669 585 1728 612 gra-

936 620 998 648 dum
1013 620 1151 656 suffragiis
1164 621 1287 656 adeptus,
1302 622 1335 649 ad
1351 622 1491 657 proprium
1506 622 1664 657 episcopum
1680 630 1726 650 rc-

934 666 993 694 dire
1009 667 1128 700 debebit,
1152 667 1282 702 expulsus
1306 672 1332 695 et
1356 667 1475 696 Ecclesia
1502 667 1529 695 in
1553 675 1634 704 quam
1650 668 1727 696 initio

936 712 1049 741 allectus
1065 713 1162 741 fuerat.
1178 713 1206 741 Si
1223 721 1287 742 vero
1302 718 1331 741 et
1347 713 1507 749 suffragium
1527 714 1636 749 aliquod
1648 722 1727 742 acce-

935 759 986 794 pit,
1009 759 1082 787 hunc
1099 767 1147 794 per
1168 760 1315 788 triennium
1341 768 1355 787 a
1385 761 1495 796 lilurgia
1517 768 1625 795 vacare,
1649 765 1676 788 et
1698 761 1725 789 in

937 805 1072 840 reliquum
1095 813 1144 840 pro
1166 805 1271 839 judicio
1298 806 1418 842 episcooi
1439 807 1481 836 sui
1509 807 1594 843 ipsius
1618 808 1725 836 veniam

935 855 1095 886 exspectare
1104 850 1239 886 jubemus.

971 941 998 968 6.
1014 940 1182 975 Quacunque
1197 941 1307 976 quidem
1322 942 1391 970 bona
1403 942 1546 978 episcopus
1558 943 1651 971 habuit
1662 949 1725 972 ante

935 986 1135 1021 episcopatum,
1149 993 1181 1014 ea
1199 991 1226 1014 et
1242 987 1356 1021 donare,
1368 992 1395 1015 cl
1407 989 1535 1021 alienare,
1549 993 1577 1016 et
1588 989 1621 1016 de
1635 990 1667 1016 iis
1675 991 1726 1017 dis-

932 1038 1044 1065 ponere,
1060 1036 1140 1066 prout
1157 1031 1220 1058 relit
1231 1036 1331 1067 potest.
1345 1033 1513 1069 Quacunque
1528 1039 1618 1062 autent
1633 1036 1726 1070 acqui-

932 1077 995 1104 sivit
1024 1081 1085 1112 post
1101 1078 1298 1114 episcopatum,
1326 1087 1356 1106 ea
1382 1079 1407 1106 in
1428 1079 1578 1108 Ecclesium
1609 1081 1724 1114 confert,

932 1130 1021 1158 neque
1038 1124 1182 1159 disponere
1196 1129 1298 1160 potest,
1314 1125 1447 1160 siquidem
1462 1133 1477 1154 a
1503 1127 1662 1161 parentibus
1677 1133 1724 1154 aut

931 1169 1017 1204 patris
1033 1174 1079 1196 aut
1097 1169 1227 1198 fratribus
1247 1171 1332 1206 ipsius
1350 1171 1383 1198 ad
1400 1172 1487 1206 ipsum
1503 1172 1632 1200 devoluta
1648 1179 1722 1200 sunt.

967 1215 994 1242 7.
1009 1214 1201 1251 Presbyteros,
1217 1220 1244 1243 et
1261 1217 1401 1251 diaconos,
1419 1222 1446 1245 et
1462 1218 1590 1252 lectores,
1603 1223 1631 1246 et
1649 1219 1723 1254 psal-

933 1265 985 1293 tas,
1005 1268 1074 1294 quos
1088 1269 1184 1288 omnes
1199 1262 1315 1290 clericos
1329 1271 1470 1297 vocamus,
1492 1265 1563 1293 bono
1581 1273 1641 1300 qua:
1655 1273 1724 1301 qua-

934 1305 1058 1340 licunque
1072 1306 1151 1333 modo
1173 1307 1207 1334 ad
1224 1307 1343 1342 ipsorum
1360 1308 1508 1336 dominium
1530 1315 1723 1344 pervenerunt,

933 1350 1034 1378 habere
1048 1351 1121 1386 ipsos
1137 1352 1163 1378 in
1176 1352 1285 1387 propria
1304 1357 1441 1388 potestate
1454 1354 1625 1382 decernimus
1640 1356 1671 1382 ad
1685 1357 1718 1383 si-

904 1427 913 1435 .
933 1396 1112 1424 militudinem
1129 1398 1296 1432 privatorum
1315 1399 1499 1434 pcculiorum,
1520 1407 1608 1435 eaque
1623 1401 1726 1429 donare

932 1443 1085 1470 secundum
1109 1442 1192 1478 leges,
1219 1447 1246 1471 et
1268 1444 1301 1471 de
1322 1444 1356 1472 iis
1380 1445 1538 1480 disponere,
1555 1447 1682 1481 quamvis
1698 1447 1724 1474 in

933 1493 1077 1522 parentum
1103 1493 1238 1523 potestate
1259 1490 1324 1522 sint,
1353 1490 1481 1525 possint:
1499 1491 1535 1518 ita
1563 1491 1672 1526 quidem
1696 1497 1725 1520 ut

933 1533 1052 1567 ipsorqu
1076 1533 1163 1567 liberi,
1179 1539 1227 1561 aut
1242 1534 1296 1561 illis
1319 1543 1372 1562 non
1390 1536 1576 1569 exstantibus,
1597 1541 1725 1572 parentes

931 1579 1037 1606 illorum
1055 1578 1204 1614 legitimam
1218 1584 1322 1614 partem
1339 1580 1475 1609 auferant.

965 1680 991 1707 8.
1023 1678 1214 1707 Monasterium
1236 1680 1400 1713 intraturus,
1426 1682 1459 1708 de
1485 1681 1613 1710 omnibus
1642 1682 1723 1711 rebus

930 1727 987 1754 suis
1002 1731 1065 1753 ante
1087 1727 1227 1753 introitum
1246 1727 1384 1762 disponat,
1405 1727 1467 1762 quia
1490 1729 1657 1756 monasterio
1671 1730 1718 1756 dc-

930 1772 1037 1800 dicatus
1051 1772 1142 1799 omnia
1161 1780 1219 1804 sua,
1237 1773 1343 1800 tametsi
1366 1774 1392 1800 id
1414 1774 1504 1801 verbis
1526 1782 1579 1802 nou
1607 1782 1720 1810 expres-

929 1825 989 1845 sum
1003 1817 1095 1850 fuerit,
1109 1825 1201 1845 secum
1213 1818 1306 1852 infert,
1319 1826 1407 1854 neque
1421 1819 1537 1854 amplius
1549 1820 1602 1848 ulla
1616 1821 1722 1849 ratione

929 1862 1036 1891 exsistit
1052 1863 1178 1891 dominus
1194 1864 1314 1892 illorum.

965 1918 992 1947 9.
1017 1919 1165 1949 Monachus
1188 1921 1286 1955 factus,
1314 1922 1361 1957 qui
1387 1923 1488 1951 liberos
1513 1924 1605 1957 habet,
1631 1930 1721 1959 potest

929 1966 1010 1994 etiam
1026 1971 1169 2002 postquam
1185 1967 1272 1996 factus
1287 1972 1339 2002 est,
1356 1968 1501 1997 facultates
1518 1977 1582 1998 suas
1598 1971 1719 1998 dividere

929 2012 993 2040 ﬁliis
1006 2013 1073 2046 suis,
1091 2020 1235 2041 reservans
1247 2013 1297 2041 sibi
1310 2021 1391 2041 unam
1413 2019 1529 2048 partem,
1547 2023 1606 2050 qum
1619 2019 1645 2043 et
1662 2025 1721 2044 mo-

930 2060 1050 2087 nasterio
1062 2059 1203 2094 competit.
1215 2059 1244 2087 Si
1256 2067 1320 2088 vero
1330 2060 1474 2087 intestatus
1485 2060 1643 2095 decesserit,
1656 2066 1720 2091 tunc

929 2105 1040 2141 quidem
1066 2105 1144 2133 liberi
1171 2105 1230 2139 ejus
1250 2105 1286 2133 ab
1312 2105 1443 2133 intestato
1465 2106 1572 2141 capient
1593 2108 1719 2136 nimirum

929 2150 1091 2185 Falcidiam,
1107 2155 1133 2179 et
1147 2151 1279 2187 reliquum
1296 2151 1406 2180 dabitur
1422 2154 1598 2182 monasterio.

966 2257 1009 2285 lo.
1029 2257 1058 2285 Si
1082 2256 1232 2285 monachus
1256 2256 1351 2284 relicto
1375 2257 1486 2293 proprio
1508 2257 1675 2286 monasterio
1693 2259 1718 2286 in

928 2304 1001 2332 aliud
1016 2311 1045 2332 se
1062 2303 1218 2336 contulerit,
1239 2303 1261 2331 si
1280 2310 1340 2338 qua:
1358 2303 1427 2331 bona
1447 2303 1492 2331 illo
1516 2308 1646 2340 tempore,
1666 2312 1720 2339 quo

929 2351 1125 2379 monasterium
1149 2350 1301 2386 reliquerit,
1325 2350 1452 2379 habuisse
1471 2356 1627 2386 compertus
1659 2351 1720 2379 fue-

930 2397 976 2430 rit,
988 2403 1019 2424 ea
1037 2396 1202 2425 monasterio
1214 2415 1222 2428 ,
1240 2396 1267 2424 in
1285 2403 1338 2431 quo
1369 2396 1447 2424 initio
1471 2394 1523 2423 fuit
1547 2396 1616 2424 tradi
1639 2396 1721 2430 jube-

929 2451 1000 2471 ITlllS.

966 2500 1010 2528 ‘ll.
1036 2498 1260 2535 Religiosissimis
1287 2497 1512 2534 presbyterorum
1539 2491 1568 2526 οἶ
1592 2498 1720 2526 diacono-

931 2554 1003 2580 rum,
1018 2546 1153 2581 siquidem
1176 2544 1280 2572 inventi
1302 2543 1404 2571 fuerint
1418 2544 1445 2572 in
1463 2544 1622 2580 pecuniaria
1639 2553 1719 2572 causa

930 2592 1030 2620 falsum
1055 2590 1241 2619 testimonium
1260 2590 1378 2626 (dixisse,
1398 2590 1568 2618 mendacium
1580 2590 1721 2623 tamenjn-

931 2636 1075 2673 rcjurando
1090 2644 1142 2663 non
1163 2636 1367 2668 conﬁrmantes,
1383 2641 1431 2669 pro
1451 2641 1531 2669 ptena
1548 2634 1673 2668 suﬂiciet,
1692 2635 1719 2661 in

931 2684 1079 2711 triennium
1091 2682 1182 2710 divino
1202 2681 1354 2710 ministerio
1368 2680 1515 2716 prohiberi,
1531 2685 1558 2708 et
1574 2681 1600 2708 in
1629 2688 1720 2709 mona-

934 2729 1159 2759 steriumincludi
1180 2737 1187 2756 :
1209 2728 1281 2763 quod
1302 2728 1324 2755 si
1352 2728 1493 2755 mendacio
1512 2727 1718 2763 jurejurandum

931 2775 1118 2811 adiunxerint,
1143 2782 1230 2802 canon
1248 2774 1322 2809 ipsos
1343 2773 1496 2801 sacerdotio
1519 2774 1617 2808 privat,
1640 2773 1721 2809 idque

931 2823 954 2851 si
971 2822 1109 2857 proposita
1135 2828 1217 2848 causa
1236 2820 1396 2855 pecuniaria
1410 2819 1505 2853 fuerit,
1527 2820 1670 2848 obtinebit.
1691 2820 1720 2848 Si

931 2876 995 2897 vero
1021 2869 1048 2896 in
1074 2867 1262 2897 criminalibus
1291 2865 1381 2896 causis
1409 2866 1508 2896 falsum
1533 2867 1719 2896 testimonium
