1938 3070
198 119 251 151 487

705 114 845 144 CONSTA
851 113 912 143 N'l'l
919 114 960 143 NI
977 112 1103 142 PORPH
1109 111 1258 141 YROGEN
1265 110 1315 140 lTI

1772 107 1836 139 433

200 175 330 208 dixerint,
347 172 519 201 manifestum
534 174 577 199 est
591 178 649 204 eos,
668 171 706 198 uti
724 171 824 198 divinis
835 171 985 198 eanonibus

1055 169 1162 196 ,ατικῶν
1190 167 1286 194 αἰτιῶν
1308 167 1332 193 εἰ
1348 164 1588 201 ψευῶμαρτυρὶαν
1604 164 1706 192 εἴποιεν
1722 167 1834 202 ἑγγρεμ

198 221 338 249 deﬁnitum
357 223 407 254 est,
427 218 537 247 omnino
554 225 570 246 ο
587 217 659 246 clero
673 217 790 246 excludi.

233 313 278 340 12.
293 311 424 344 Gentiles,
441 311 539 344 Judaei,
555 315 582 339 et
597 310 732 344 luereticl,
747 317 836 345 neque
855 309 984 343 militare,

197 367 287 394 neque
301 359 384 386 ullum
398 358 425 385 in
442 357 579 392 republica
596 364 693 385 munus
706 356 783 384 obire
795 361 926 391 possunt;
938 356 986 383 sed

199 411 323 433 extrema
340 403 451 431 infamia
469 403 634 431 alliciuntur.

237 452 281 479 15.
298 451 326 478 1η
343 451 445 479 clerum
464 450 565 482 allecti,
586 455 614 478 et
637 449 798 477 monachico
822 449 916 476 habitu
944 455 988 475 as-

201 502 320 533 sumpto,
334 499 356 525 si
373 502 468 533 postea
482 497 606 525 ordinem
623 504 700 524 suum
718 496 898 527 deserverint.
913 501 941 523 et
958 502 988 523 se

203 543 230 570 in
248 543 333 570 laicos
347 542 574 576 reformaverint;
589 548 676 576 neque
696 541 822 574 militare,
836 547 922 574 neque
939 547 989 574 pu-

203 588 304 616 blicum
320 588 397 616 obire
408 591 530 622 possunt,
548 587 594 615 sed
610 587 692 615 simili
706 594 766 614 cum
780 586 916 622 praedictis
928 593 990 613 com

204 634 314 660 tumelia
332 632 496 660 alliciuntur.

241 691 285 718 Η.
298 689 505 723 Quisolitariam
517 693 544 716 et
555 689 733 716 monasticam
746 688 827 715 vitam
838 688 988 723 elegerunt,

209 743 296 771 neque
312 735 422 763 tutelam
439 739 545 770 gerunt,
562 741 648 768 neque
659 741 754 761 causas
768 733 883 760 aliorum
895 738 988 767 agunt,

206 789 240 808 ne
249 781 356 816 quidem
372 781 393 807 si
408 780 554 807 necessarii
569 779 677 811 fuerint,
688 786 774 813 neque
786 779 836 806 nisi
854 780 989 813 propriam

206 833 316 853 causam
333 833 446 860 eamque
467 825 573 852 unicam
592 832 672 860 agere
692 829 814 859 possunt,
832 825 911 857 idque
925 832 990 852 con-

206 880 288 899 sensu
304 872 361 906 ejus
376 871 419 898 cui
432 870 556 898 subsunt.

242 926 287 954 t5.
309 925 472 953 Monasteria
496 929 523 952 et
547 924 677 958 fecclesizn
696 929 871 961 acprzrterca
892 930 992 952 metro-

206 973 280 1008 polcs
297 978 323 1001 et
337 973 519 1008 episcopatus,
533 980 585 1000 non
600 972 740 1005 subiacent
755 977 801 998 aut
812 972 922 1006 prima:
937 979 994 998 scr-

208 1020 284 1046 vituti
299 1024 346 1046 aut
362 1019 476 1054 publica:
492 1027 498 1045 :
519 1023 583 1045 sunt
602 1019 673 1045 enim
696 1025 729 1045 cx
750 1018 877 1044 omnibus
901 1017 992 1044 selecti

208 1065 275 1096 Deo,
297 1062 526 1098 quemadmodum
551 1063 672 1090 Levitica
699 1063 784 1090 tribus
803 1063 879 1097 juxta
908 1063 993 1095 legem

210 1109 356 1136 mosaicatu
374 1109 406 1135 ab
420 1108 494 1135 omni
512 1109 663 1135 ministerio
677 1114 798 1142 exelnpta
810 1113 877 1135 eral.
896 1108 923 1134 Si
938 1115 995 1141 qua:

211 1163 275 1182 vero
300 1154 465 1181 inevitabilis
487 1158 515 1180 et
540 1154 645 1188 publice
669 1154 825 1181 conducens
847 1155 995 1180 necessitas

212 1200 341 1235 coegerit,
357 1206 416 1233 qua:
430 1203 457 1225 et
472 1199 520 1226 ltos
534 1199 650 1233 propriae
664 1199 759 1226 salutis
773 1207 852 1225 causa
865 1201 897 1225 ad
915 1199 994 1225 titini-

211 1245 322 1272 sterium
334 1243 441 1278 aliquod
452 1248 543 1276 vocet;
555 1251 603 1278 per
612 1244 669 1279 ejus
680 1244 729 1272 luci
742 1245 892 1279 episcopus,
906 1250 995 1271 etnon

210 1298 259 1326 per
278 1290 363 1317 laicos
383 1290 494 1318 omnino
513 1289 564 1317 hoc
580 1289 761 1318 ministerium
780 1290 872 1317 subire
898 1297 997 1325 cogun-

211 1342 265 1364 tur.

247 1391 291 1419 l6.
315 1392 392 1426 Quod
416 1392 438 1420 si
461 1392 522 1427 quis
535 1391 598 1419 dum
623 1391 713 1419 divina
743 1392 872 1427 mysteria
893 1391 999 1427 aliaque

211 1445 290 1465 sacra
306 1438 457 1465 ministeria
475 1437 658 1469 celebrantur,
683 1442 805 1464 sanctam
828 1437 931 1464 intrans
953 1445 998 1465 cc-

212 1484 325 1511 clesiam
347 1483 389 1510 vel
404 1482 541 1517 episcopis
561 1482 603 1509 τοι
616 1481 723 1509 clericis
738 1482 852 1517 aliisque
868 1483 999 1510 ministris

212 1528 334 1555 ecclesiae
356 1513 456 1561 aliquid
467 1513 566 1554 inierat
580 1525 699 1559 injuriae,
711 1513 835 1560 iubemus
847 1528 931 1562 ipsum
945 1533 999 1555 lor-
1013 1513 1035 1543 Ο

215 1571 314 1599 mentis
335 1571 434 1605 subjici
450 1575 477 1597 et
496 1570 521 1597 in
538 1569 661 1596 exsilium
676 1570 746 1597 mitti
762 1578 768 1595 :
784 1570 805 1597 si
827 1578 890 1597 vero
902 1575 927 1597 ct
944 1571 999 1605 ipsa

216 1617 308 1645 divina
322 1616 451 1652 mysteria
466 1616 625 1650 cultumque
638 1616 798 1649 turbaverit,
811 1616 852 1643 vel
863 1617 1001 1644 celebrare

217 1661 398 1697 prohibuerit,
412 1662 500 1696 capite
515 1662 652 1696 puniatur.
663 1661 734 1688 ldem
745 1667 788 1689 est
804 1667 829 1689 et
846 1662 872 1689 in
888 1662 998 1696 litaniis,

217 1709 242 1736 in
255 1707 352 1742 quibus
366 1708 487 1742 episcopi
508 1712 554 1735 aut
569 1707 660 1736 clerici
680 1708 853 1735 inveniuntur
875 1718 882 1736 :
900 1717 962 1736 nant
977 1710 1000 1737 si

217 1753 343 1786 injuriam
355 1757 458 1780 tantum
472 1752 577 1785 fecerit,
590 1752 748 1780 verberatus
759 1752 1001 1781 exsiliotradatur:

215 1798 237 1824 si
257 1805 321 1825 vero
334 1805 381 1826 eas
396 1797 573 1830 concusserit,
586 1797 674 1832 capite
687 1797 828 1832 plectatur.

1034 215 1162 250 φάμενοι,
1179 213 1258 247 δῆλον
1276 213 1328 244 ὅτι,
1349 213 1385 243 ὡς
1399 213 1456 243 τοῖς
1478 211 1562 242 θείοις
1577 211 1693 246 ὥρισται
1720 213 1834 245 κανόσι,

1034 259 1082 286 τοῦ
1098 260 1200 294 κλήρου
1218 258 1451 293 ἁπογυμνοῦνται.

1072 304 1115 341 ιβ’.
1135 305 1276 339 Ἕλληνες,
1308 305 1355 331 καὶ
1373 304 1508 337 Ἰουδαῖοι,
1533 303 1582 330 καὶ
1605 304 1750 339 αἱρετικοί,
1765 304 1842 331 οὔτε

1037 352 1242 387 στρατεύονται,
1261 350 1323 377 οὗτε
1342 349 1540 383 πολιτεύονται,
1556 350 1614 376 ἀλλ’
1630 351 1752 385 ἐσχάτως
1767 351 1836 377 ἀτι-

1041 398 1167 433 μοῦνται.

1075 447 1119 478 ιγ’.
1139 444 1170 470 Οῑ
1187 443 1226 478 τῷ
1242 443 1335 478 κλήρῳ
1344 442 1563 477 κατειλεγμένοι,
1580 443 1626 470 καὶ
1640 443 1679 478 τῷ
1689 444 1836 478 μοναχικῷ

1039 491 1160 525 σχήματι
1188 489 1389 522 τελειωθέντες,
1417 487 1477 516 εἶτα
1496 489 1548 524 τὴν
1573 489 1678 516 οἰκείαν
1693 490 1770 522 τάξιν
1791 490 1836 516 λι-

1039 536 1147 567 πόντες,
1165 535 1212 561 καὶ
1231 535 1271 565 εἰς
1287 534 1397 566 λαῖκοὺς
1425 534 1739 569 μετασχηματισθέντες,
1765 534 1835 561 οὔτε

1040 581 1232 616 στρατεύονται
1251 579 1313 606 οὔτε
1328 580 1527 613 πολιτεύονται,
1543 579 1612 606 ἀλλὰ
1627 581 1683 612 τοῖς
1697 588 1837 616 προειρη-

1041 625 1132 660 μένοις
1150 625 1250 660 ὁμοίως
1265 624 1438 660 ἀτιμοῦνται.
1618 633 1620 635 ’

1077 682 1118 709 ιδ’.
1143 683 1173 709 Οἱ
1190 682 1236 709 τὸν
1252 682 1356 716 μονήρη
1382 681 1439 716 βίον
1455 680 1669 716 ἐπανῃρημένοι,
1685 680 1746 708 οὔτε
1769 682 1836 707 ἐπι-

1041 728 1232 764 τροπεύουσιν,
1254 727 1315 754 οὔτε
1344 727 1423 757 δίκας
1445 726 1548 762 ἐτέρων
1571 727 1706 760 λέγουσιν,
1729 726 1784 753 οὐδ’
1801 727 1837 752 ἂν

1042 775 1184 808 συγγενεῖς
1199 771 1264 806 εἶεν,
1283 773 1308 800 οἱ
1323 773 1373 804 τὰς
1386 773 1462 804 δίκας
1474 773 1592 807 ἔχοντες.
1610 773 1680 807 πλὴν
1696 773 1766 807 ὑπὲρ
1781 773 1836 806 τῆς

1045 819 1114 850 ἰδίας
1137 820 1183 845 καὶ
1199 818 1280 853 μόνον
1297 819 1392 853 μονῆς,
1410 818 1457 844 καὶ
1475 818 1536 844 τότε
1553 817 1660 844 συνέσει
1679 817 1727 844 τοῦ
1744 820 1833 852 ήγου‹

1046 864 1079 896 μέ
1083 872 1126 890 νου
1131 883 1138 890 .

1079 917 1120 945 ιε’.
1137 919 1178 945 Τὰ
1196 919 1366 954 μοναστήρια
1394 918 1441 945 καὶ
1467 919 1495 945 αἰ
1515 918 1658 953 ἐκκλησίαι
1689 919 1736 945 καὶ
1764 919 1836 954 πρὸς

1043 964 1146 991 τούτων
1158 965 1185 991 αἰ
1197 965 1377 999 μητροπόλεις
1386 965 1433 990 καὶ
1446 964 1603 997 ὲπισκοπαί,
1615 965 1663 999 οὑχ
1676 965 1838 991 ὑπόκεινται

1043 1010 1105 1037 οὒτε
1118 1010 1237 1046 ἰδιωτικῇ
1250 1011 1395 1045 ἀγγαρείᾳ,
1410 1011 1468 1045 ἦτοι
1484 1010 1602 1046 δουλείᾳ,
1619 1010 1679 1036 οὗτε
1694 1011 1814 1046 δημοσίᾳ
1829 1017 1837 1027 ⁸

1044 1058 1189 1092 ἀφαίρημα
1200 1057 1253 1092 γάρ
1268 1058 1336 1083 εἰσιν
1351 1058 1383 1083 ὲκ
1400 1057 1509 1083 πάντων
1525 1053 1597 1083 οὗτοι
1608 1056 1645 1091 τῷ
1663 1056 1734 1091 Θεῷ,
1749 1057 1839 1083 καθά-

1045 1113 1098 1139 περ
1130 1105 1145 1138 ἡ
1171 1105 1280 1136 Λευῖτις
1310 1103 1380 1139 φυλὴ
1412 1103 1481 1130 κατὰ
1503 1104 1548 1130 τὸν
1569 1103 1717 1130 Μωσαῖκδν
1742 1103 1838 1138 νόμον,

1046 1151 1135 1185 πάσης
1149 1150 1247 1185 ἀτελὴς
1259 1148 1293 1185 ἦν
1304 1149 1485 1184 λειτουργίας.
1501 1150 1533 1176 Εἰ
1552 1149 1580 1175 δέ
1592 1157 1634 1180 τις
1647 1148 1838 1184 ἀπαραίτητος

1048 1197 1095 1222 καὶ
1114 1195 1283 1231 κοινωφελὴς
1300 1195 1380 1230 χρεία
1407 1195 1570 1231 κατεπείγῃ,
1594 1194 1641 1221 καὶ
1659 1193 1772 1225 τούτους
1792 1193 1839 1219 διὰ

1045 1242 1095 1277 τὴν
1105 1243 1208 1268 οἰκείαν
1220 1242 1356 1277 σωτηρίαν
1372 1241 1439 1276 πρὸς
1450 1241 1621 1275 λειτουργίαν
1635 1240 1695 1267 τινὰ
1706 1240 1840 1272 καλοῦσα,

1047 1288 1090 1314 διὰ
1116 1288 1170 1314 τῶν
1187 1287 1258 1314 κατὰ
1276 1287 1321 1314 τὸν
1338 1287 1423 1313 τόπον
1450 1286 1619 1319 ἐπισκόπων,
1647 1286 1703 1312 ἀλλ’
1729 1286 1760 1312 οὐ
1787 1286 1833 1312 διὰ

1048 1335 1150 1362 λαῖκῶν
1168 1335 1236 1366 ὅλως
1247 1334 1294 1369 τὴν
1310 1335 1439 1369 τοιαύτην
1457 1334 1580 1361 δουλείαν
1594 1334 1762 1362 τελέσουσιν.

1085 1395 1133 1423 ις’.
1147 1391 1182 1418 EE
1204 1400 1246 1423 τις
1268 1391 1322 1418 τῶν
1338 1391 1417 1418 θείων
1434 1391 1601 1426 μυστηρίων,
1623 1392 1639 1425 ἢ
1660 1391 1714 1417 τῶν
1741 1390 1831 1417 ἄλλων

1050 1437 1134 1471 ἁγίων
1147 1437 1322 1472 λειτουργιῶν
1337 1436 1565 1471 ἐπιτελουμένων,
1588 1437 1616 1462 ἐν
1630 1436 1696 1471 ἁγίᾳ
1707 1436 1839 1463 εἰσελθὼν

1052 1481 1196 1517 ἐκκλησίᾳ,
1213 1481 1229 1517 ή
1247 1481 1286 1516 τῷ
1312 1481 1454 1516 ὲπιτκόπῳ
1470 1480 1486 1515 ἢ
1503 1481 1559 1512 τοῖς
1584 1480 1734 1516 κληρικοίς,
1753 1481 1769 1516 ἢ
1783 1482 1841 1511 τοῖς

1052 1528 1141 1559 ἄλλοις
1161 1527 1311 1563 ὑπηρέταις
1330 1529 1380 1563 τῆς
1397 1527 1545 1560 ἐκκλησίας
1560 1526 1665 1562 ὕϐρεώς
1684 1535 1711 1554 τι
1728 1527 1839 1560 ὲπὰγοι,

1053 1574 1199 1609 κελεύομεν
1214 1575 1308 1601 τοῦτον
1334 1574 1468 1610 βασάνους
1495 1574 1651 1608 ὑπομεῖναι,
1677 1574 1724 1600 καὶ
1738 1575 1781 1604 εἰς
1795 1573 1842 1604 ἐξ-

1053 1621 1132 1655 ορίαν
1158 1620 1326 1655 πεμφθῆναι.
1339 1621 1370 1646 Εἰ
1385 1620 1414 1647 δὲ
1429 1620 1475 1647 καὶ
1495 1620 1563 1646 αὐτὰ
1577 1621 1610 1646 τὰ
1627 1619 1686 1646 Beia.
1706 1619 1842 1654 μυστήρια

1053 1666 1099 1692 καὶ
1118 1666 1167 1697 τὰς
1189 1665 1262 1696 θείας
1278 1666 1450 1701 λειτουργίας
1468 1665 1595 1699 ταράξοι,
1613 1665 1629 1700 ἦ
1656 1665 1841 1692 ἐπιτελεῖσθαι

1053 1710 1180 1742 κωλύσοι,
1193 1709 1349 1745 κεφαλικῶς
1371 1710 1561 1745 τιμωρείσθω·
1579 1710 1674 1737 τούτου
1695 1710 1777 1737 αὐτοῦ
1795 1710 1842 1736 καὶ

1057 1756 1100 1782 ἐπὶ
1116 1757 1175 1786 ταῖς
1187 1755 1284 1788 λιταῖς,
1305 1756 1334 1782 ὲν
1345 1752 1388 1787 αἷς
1409 1755 1552 1782 ἐπίσκοποι
1582 1756 1598 1791 ἣ
1627 1755 1752 1790 κληρικοὶ
1770 1755 1843 1789 εὑρί-

1060 1808 1182 1833 σκονται,
1201 1800 1420 1836 φυλαττομένου·
1440 1800 1484 1828 ῐνα
1497 1801 1522 1826 εἰ
1537 1801 1586 1835 μὲν
1611 1800 1688 1835 ὕϐριν
1707 1809 1747 1829 τις
1764 1800 1843 1834 μόνον

216 1844 335 1878 ποιήσει,
347 1843 475 1878 βασάνοις
487 1843 534 1870 καὶ
548 1842 640 1878 ὲξορίᾳ
651 1842 807 1878 παραδοθῇ·
822 1843 846 1870 εί
877 1843 962 1871 δὲκαὶ
986 1844 1032 1871 τὸν
1050 1845 1123 1872 λίτον
1159 1845 1191 1881 [1⁵.
1220 1845 1315 1881 λιτὴν]
1342 1845 1515 1872 διασκεδάσει
1545 1845 1690 1880 κεφαλικὺν
1720 1845 1842 1872 κίνδυνον

217 1888 362 1924 ὑπομείνῃ.

252 1933 295 1959 17.
321 1932 453 1959 Omnibus
476 1931 553 1960 laicis
571 1931 757 1960 interdicimus
783 1932 890 1960 litanias
914 1933 1005 1961 faccre

215 1979 276 2006 sine
301 1977 482 2005 sanctissimis
503 1977 648 2013 episcopis,
671 1982 699 2005 et
717 1978 930 2013 religiosissimis
949 1979 1004 2007 cle-

218 2026 292 2053 iicis.
313 2024 406 2057 Qualis
433 2024 507 2052 enim
529 2028 572 2051 est
595 2023 702 2056 litania,
726 2024 753 2051 in
772 2032 823 2059 qua
849 2025 1004 2052 sacerdotes

218 2076 269 2097 non
288 2069 472 2101 inveniuntur,
504 2075 593 2103 neque
611 2073 755 2096 consuetas
772 2076 868 2104 preces
889 2068 1002 2096 faciunt.

219 2115 273 2142 Sed
298 2119 324 2142 et
348 2114 517 2141 vcnerandas
540 2121 646 2147 cruces,
663 2122 725 2142 cum
748 2115 845 2149 quibus
862 2114 887 2141 in
902 2114 1002 2142 litaniis

221 2160 397 2194 egrediuntur
421 2166 474 2186 non
495 2159 559 2185 alibi
574 2166 654 2192 quam
679 2159 706 2186 in
720 2159 921 2187 venerabilibus
937 2159 1003 2188 locis
1019 2155 1041 2182 Ῑ)

219 2206 317 2238 deponi
334 2204 468 2236 volumus,
491 2208 519 2231 et
540 2203 562 2231 si
578 2204 687 2238 quando
710 2205 858 2232 necessitas
873 2206 1003 2242 exegerit,

219 2255 249 2276 ut
266 2249 365 2276 litanias
379 2249 567 2284 perﬁciantur,
582 2254 645 2277 tunc
658 2250 745 2276 solum
761 2250 822 2276 illas
837 2250 1005 2278 venerabiles

217 2302 314 2322 cruces
340 2302 438 2329 capere
459 2301 506 2321 eos
530 2295 575 2328 qui
598 2295 687 2322 solent
714 2295 774 2322 illas
795 2295 877 2328 ferre,
902 2300 929 2322 et
946 2303 1005 2322 cum

219 2341 345 2376 episcopo
361 2348 393 2368 ac
408 2340 517 2368 clericis
531 2340 640 2368 litanias
654 2341 784 2376 perlicere
797 2340 935 2376 jubemus.

255 2443 299 2471 t9.
314 2443 494 2476 (Economos,
511 2443 696 2476 xcnodoclios,
713 2449 885 2475 nosocomos,
900 2448 926 2471 et
949 2448 1008 2478 pto-

219 2489 387 2523 cltotrophos
402 2489 523 2524 aliosque
535 2489 728 2517 venerabilium
745 2489 866 2517 locorum
891 2490 1013 2517 adminix

219 2539 362 2568 strntores,
377 2535 499 2570 aliosque
507 2542 603 2563 omnes
613 2535 870 2570 clericos,jubemus
881 2537 913 2564 de
921 2536 1008 2564 admio

219 2579 425 2607 nistrationibus
442 2579 509 2615 ipsis
523 2579 648 2613 creditis,
663 2581 732 2614 apud
752 2581 887 2615 proprium
902 2581 1006 2615 episco-

221 2631 283 2657 pum
303 2624 345 2651 rui
362 2625 515 2660 subjacent,
532 2625 713 2659 respondere,
729 2625 904 2661 rationesque
920 2627 1006 2654 admi-

221 2669 390 2697 nistrationis
409 2678 465 2698 sua:
482 2678 516 2699 ex
534 2671 616 2699 animi
640 2671 682 2699 sui
701 2671 835 2699 sententia
859 2672 1003 2706 c0nlicerc,

222 2718 302 2748 prout
315 2714 470 2750 exiguntur.

1095 1934 1138 1966 ιζ’.
1153 1935 1225 1962 nam
1240 1936 1295 1967 τοῖς
1309 1934 1413 1967 λαῖκοῖς
1429 1935 1647 1970 ἅπαγορεύομεν,
1659 1936 1734 1967 λιτὰς
1745 1937 1840 1965 ποιεῖν.

1058 1981 1119 2016 δίχα.
1133 1981 1187 2008 τῶν
1204 1981 1359 2008 ὁσιωτάτων
1377 1981 1536 2008 ἐπισκόπων
1551 1981 1598 2007 καὶ
1612 1981 1667 2007 τῶν
1682 1982 1728 2007 ὑπ’
1741 1981 1840 2012 αὐτοὺς

1057 2027 1263 2054 εὐλαϐεστάτων
1281 2027 1431 2062 κληρικῶν.
1450 2027 1518 2054 Ποία
1539 2027 1594 2062 γάρ
1619 2028 1677 2053 ἐστι
1694 2027 1754 2061 λιτὴ
1780 2028 1807 2053 ὲν

1057 2073 1141 2107 ἱερεῖς
1164 2073 1213 2107 οὐχ
1228 2072 1411 2107 εὑρίσκονται,
1428 2072 1533 2103 καὶτὰς
1549 2071 1674 2106 συνήθεις
1683 2072 1713 2098 οὗ
1723 2072 1841 2098 τελοῦσιν

1056 2119 1147 2154 εὐχὰς,
1170 2119 1238 2145 ἀλλὰ
1263 2119 1311 2145 καὶ
1330 2119 1393 2150 τοὺς
1411 2118 1520 2153 τιμίους
1542 2119 1675 2152 σταυροὺς
1690 2118 1750 2152 μεθ’
1763 2115 1799 2145 ὧν
1814 2119 1840 2143 ἐν

1055 2166 1114 2196 ταῖς
1129 2165 1215 2195 λιταῖς
1229 2163 1397 2199 ἐξέρχονται,
1412 2163 1448 2199 μὴ
1463 2163 1595 2198 ἀλλαχόσε
1612 2163 1680 2199 πλὴν
1692 2164 1715 2190 εἰ
1741 2163 1777 2198 μὴ
1799 2165 1841 2189 εὐ-

1046 2210 1136 2244 ¹αγέσι
1165 2210 1258 2241 τόποις
1273 2209 1460 2242 ἀποτίθεσθαι,
1477 2211 1523 2236 καὶ
1540 2209 1630 2236 εἴποτε
1643 2210 1721 2244 χρεία
1737 2209 1841 2236 καλέσει

1056 2255 1134 2287 λιτὰς
1162 2255 1355 2287 ἐπιτελεῖσθαι,
1374 2255 1435 2282 τότε
1453 2255 1532 2290 μόνον
1549 2256 1612 2286 τοὺς
1625 2255 1724 2287 αὐτοὺς
1737 2255 1840 2290 τιμίους

1058 2302 1191 2337 σταυροὺς
1203 2301 1350 2336 λαμϐάνειν
1365 2302 1427 2333 τοὺς
1438 2300 1567 2333 εἰωθότας
1576 2300 1670 2336 φέρειν
1680 2300 1787 2331 αὐτοὺς,
1797 2300 1840 2326 καὶ

1060 2348 1130 2381 μετὰ
1145 2346 1192 2373 τοῦ
1208 2346 1358 2374 ἐπισκόπου
1385 2346 1432 2373 καὶ
1453 2346 1508 2373 τῶν
1533 2345 1675 2382 κληρικῶν
1702 2346 1751 2378 τὰς
1767 2345 1839 2376 λιτὰς

1058 2391 1248 2418 ἐπιτελεῖσθαι.

1096 2450 1141 2482 ιη’.
1159 2447 1229 2479 Τοὺς
1248 2447 1418 2482 οἰκονόμους,
1433 2446 1480 2473 καὶ
1495 2446 1659 2481 ξενοδόχους,
1677 2445 1724 2472 καὶ
1735 2444 1840 2471 νοσοκό-

1060 2501 1127 2528 μους
1143 2493 1191 2519 καὶ
1209 2492 1430 2528 πτωχοτρόφους,
1443 2492 1490 2519 καὶ
1505 2492 1569 2523 τοὺς
1579 2491 1634 2518 τῶν
1643 2491 1732 2519 ἄλλων
1739 2491 1840 2524 εὐαγῶν

1059 2539 1141 2565 οἴκων
1153 2538 1302 2573 διοικητὰς,
1314 2538 1361 2565 καὶ
1373 2537 1436 2569 τοὺς
1445 2537 1541 2569 ἀλλους
1555 2537 1679 2568 ἅπαντας
1689 2537 1839 2572 κληρικούς,

1060 2583 1209 2618 κελεύομεν
1226 2583 1296 2619 ὑπὲρ
1315 2584 1370 2610 τῶν
1384 2582 1619 2618 ὲμπιστευθεισῶν
1633 2582 1724 2614 αὐτοῖς
1742 2582 1839 2617 διοική-

1060 2638 1141 2661 σεων,
1156 2629 1230 2664 παρὰ
1247 2630 1286 2664 τῷ
1302 2629 1358 2665 ἰδίῳ
1372 2629 1514 2664 ὲπισκόπῳ
1531 2625 1554 2662 ᾦ
1578 2628 1748 2659 ὑπόκεινται,
1777 2627 1840 2653 ἀπο-

1059 2675 1214 2711 κρίνεσθαι,
1237 2675 1285 2701 καὶ
1302 2675 1365 2707 τοὺς
1382 2675 1529 2709 λογισμοὺς
1558 2674 1607 2708 τῆς
1621 2673 1739 2708 ,καρδίας
1759 2673 1789 2708 [Ῑ.
1804 2673 1842 2699 οἰ-

1058 2718 1146 2755 κείας]
1180 2719 1340 2756 διοικήσεως
1384 2718 1555 2755 πληροῦσθαι
1590 2719 1636 2745 καὶ
1683 2718 1840 2754 εἰσπράττε-

1059 2764 1130 2792 σθαι.
