1938 3070
121 171 174 204 489

431 222 554 251 ΤΙΤΛΟΣ
574 222 602 250 Ι’.

285 271 353 305 Περὶ
372 270 483 303 τάξεως
497 269 545 295 καὶ
565 266 732 301 κριτηρῖων.

151 319 187 348 α’.
200 317 373 353 Θεσπίζομεν
390 316 460 343 κατὰ
483 315 558 348 τάξιν
573 314 607 340 τὰ
631 313 761 348 κριτήρια
774 308 904 345 γνωρίζε-

117 367 178 394 σθαι
194 366 241 392 καὶ
255 363 299 391 διὰ
313 362 417 396 τάξεως
436 359 624 388 συνίστασθαι.
641 358 746 392 Ὥσπερ
761 356 815 391 γὰρ
828 353 905 381 οὐδέν

117 413 191 438 ἑστιν
207 411 271 438 ἄλλο
283 410 312 435 ὲν
326 407 466 442 αἰσθητοῖς
481 406 528 432 καὶ
541 403 696 439 ὲγκοσμίοις
710 403 774 430 ἄνευ
788 401 906 436 ποσότη-

116 466 162 488 τος
175 456 222 483 καὶ
237 455 390 489 ποιότητος,
406 452 493 483 οὕτως
508 450 569 477 οὐδὲ
584 449 726 485 κριτήριόν
743 449 817 474 ἐστιν
840 446 906 473 ἄνευ

117 502 220 530 τούτων
236 501 290 528 τῶν
301 499 347 526 δύο
358 499 455 533 γενῶν.
469 497 509 532 Τῇ
520 496 575 531 γὰρ
587 495 717 530 ποσότητι
731 494 747 528 ἡ
763 492 839 524 τάξις
853 491 907 517 τῶν

119 548 288 585 προσώπων·
308 547 324 581 ἡ
342 546 370 572 δὲ
387 544 499 579 ποιότης
516 543 566 578 τὴν
578 542 660 577 άλλην
685 540 732 567 τοῦ
742 539 848 567 δικαίου
862 539 909 573 Ep.-

118 594 227 630 φανίζει
243 593 369 626 δύναμιν.
388 591 474 617 Ὅταν
489 590 517 616 δὲ
531 588 610 622 τάξις
620 588 667 615 καὶ
680 585 842 630 δικαιοτόνη
857 585 909 630 ήρ-

121 648 220 675 μοσται
234 638 281 664 καὶ
296 637 326 669 ὲξ
354 636 455 670 ἀμφοῖν
471 632 611 668 περαιωθῇ
631 632 648 666 ἡ
659 631 782 664 ἀλήθεια,
798 629 910 675 δικαίως

119 673 231 719 λέγεται
242 684 272 710 τὸ
281 682 383 709 δίκαιον
398 678 663 714 ἀποδοθῆναι.”οταν
673 677 701 704 δὲ
714 676 797 711 χωρὶς
807 673 911 706 τάξεως

127 730 179 759 κᾶν
194 731 242 765 τῆς
271 728 401 763 ἀληθείας
425 725 554 760 ἐπιτύχῃ,
570 725 600 751 οὐ
622 723 736 755 δικαίως
750 722 782 748 τὸ
808 721 912 748 δίκαιον

121 776 232 809 λέγεται
247 773 422 808 ἀποδοθῆναι.

162 820 194 856 β’.
218 820 274 846 Πᾶν
291 818 433 854 κριτήριον
467 816 624 844 συνίσταται
654 814 686 841 ἐκ
701 822 732 840 τε
746 809 914 847 προκαθεζο·

124 855 213 902 μένων
228 865 274 892 καὶ
287 863 542 898 συγκαθεζομένων,
564 861 611 888 καὶ
626 861 659 887 ἐκ
673 858 728 885 τῶν
746 855 914 893 προϊσταμέ-

122 920 187 943 νων,
204 910 252 937 καὶ
269 909 323 936 τῶν
336 908 534 944 δικαζομένων,
546 907 563 942 ἢ
582 907 617 933 δι’
639 904 747 932 ἑαυτῶν
759 903 776 938 ἢ
793 902 827 930 δι’
842 903 916 928 ἐντοο

128 956 208 987 λέων,
223 952 264 986 οἷς
279 955 292 980 ό
306 953 387 988 νόμος
399 953 489 979 δίδωσι
504 953 553 987 τὴν
570 950 705 984 ἐξουσίαν.

163 1001 198 1035 γ’.
212 1000 343 1035 Διαφοραὶ
356 999 385 1026 δὲ
407 998 461 1024 τῶν
474 997 626 1033 κριτηρίων
652 995 698 1022 δύο
711 1003 718 1010 ·
746 993 778 1021 τὸ
797 992 846 1028 μὲν
862 993 917 1027 γὰρ

124 1046 168 1073 διὰ
183 1046 272 1081 μόνων
285 1045 339 1071 τῶν
369 1044 460 1079 νόμων
485 1043 605 1078 πρόεισι,
622 1041 653 1068 τδ
666 1040 696 1067 δὲ
716 1039 761 1066 διὰ
777 1039 915 1066 κανόνων·

124 1093 184 1120 ῑστι
197 1093 226 1119 ὁὶ
239 1092 285 1119 καὶ
303 1091 382 1126 τρίτη
392 1089 519 1125 διαφορὰ,
539 1089 570 1116 τὸ
587 1088 616 1122 ἐξ
630 1088 742 1123 ἀμφοῖν,
758 1086 790 1112 ἐκ
815 1093 845 1111 τε
870 1082 917 1110 τοῦ

126 1138 209 1173 νόμου
225 1138 272 1164 καὶ
285 1137 332 1163 τοῦ
355 1136 478 1168 κανόνος,
498 1134 569 1170 φημὶ
582 1153 590 1166 ,
603 1132 759 1160 συνιστῦσα
771 1131 818 1158 καὶ
835 1130 918 1165 διορί-

127 1182 174 1215 ζου
179 1190 222 1210 σα.

167 1229 198 1255 6'.
208 1226 356 1262 Ἐκκλητός
379 1225 453 1251 ἔστιν
467 1224 595 1260 ἐγκλησίς
609 1231 681 1255 τινος
693 1221 748 1249 τῶν
759 1220 919 1256 κριθέντων,

128 1273 203 1300 κιτά
227 1281 300 1304 τινος
330 1272 470 1308 κρίνοντος
489 1270 526 1300 ὡς
543 1272 581 1304 μὴ
598 1267 688 1299 καλῶς
705 1266 859 1302 κριθέντος,
874 1265 921 1291 καὶ

130 1319 207 1346 nam
219 1318 268 1354 μὲν
283 1317 427 1353 ἔκκλητος,
441 1316 489 1343 καὶ
499 1315 639 1350 ἔγκλησις,
653 1313 684 1340 οὐ
693 1314 767 1339 πᾶσα
783 1311 812 1339 δὲ
821 1307 920 1346 E72117-

131 1372 174 1394 σις
186 1363 234 1389 καὶ
246 1361 387 1396 ἒκκλητος.
412 1360 563 1395 Διαιρεῖται
577 1357 631 1393 γὰρ
654 1357 685 1383 τὸ
699 1358 747 1392 τῆς
763 1355 921 1390 ὲγχλήσεως

131 1408 228 1442 ὄνομα,
242 1407 282 1439 τίς
296 1414 326 1433 τε
349 1406 398 1441 τὴν
417 1405 568 1440 λεγομένην
587 1403 730 1438 ἔκκλητον,
756 1402 802 1428 καὶ
817 1402 856 1432 εις
871 1401 921 1435 τὴν

133 1456 151 1481 ά
158 1454 224 1490 ρχὴν
238 1453 351 1489 ἔχουσαν
361 1452 504 1487 ἔγχλησιν.

749 161 943 193 DELECTUS
964 159 1105 191 LEGUM.

1684 153 1737 185 L00

1249 211 1398 241 TITULUS
1417 211 1450 239 X.

1100 259 1307 295 Dejudiciorum
1325 259 1427 290 ordine,
1442 262 1465 284 el
1479 256 1598 292 judiciis.

993 306 1017 332 l.
1040 305 1215 332 Decerniums
1241 308 1269 330 ιιι
1293 303 1389 331 ordine
1410 302 1512 338 judicia
1541 301 1689 336 procedant
1716 305 1744 328 et

958 351 1158 378 constituantur
1175 359 1182 377 ε
1203 357 1317 384 namque
1333 354 1361 376 ut
1376 349 1402 375 in
1421 349 1503 376 rebus
1517 347 1689 375 sensibilibus
1703 347 1744 374 ui-

959 397 997 424 hil
1013 398 1072 424 sine
1085 397 1236 431 quantitate
1247 400 1274 423 et
1287 395 1419 430 qualitate
1433 399 1555 422 creatum
1575 399 1627 426 est,
1642 393 1681 421 sic
1697 401 1745 420 ne-

959 450 1014 478 que
1028 441 1161 477 judicium
1181 442 1240 469 sine
1259 441 1362 468 duobus
1385 440 1427 467 his
1443 439 1583 472 consistit;
1599 439 1745 475 quantitati

959 489 1031 516 enim
1056 488 1182 515 tribuitur
1196 487 1263 515 ordo
1283 494 1474 522 personarum;
1492 486 1610 520 qualitas
1626 492 1689 513 vero
1704 484 1748 520 ju-

963 535 1045 562 stitia:
1057 533 1205 568 potentiam
1222 533 1350 562 ostendit.
1365 532 1586 565 Quotiescunque
1602 535 1692 557 autem
1705 529 1748 565 ju-

963 581 1038 609 stitia
1053 589 1114 608 cum
1128 580 1225 608 ordine
1240 579 1384 613 conjuncta
1401 583 1454 611 est,
1474 581 1501 605 et
1517 585 1550 605 ex
1567 577 1690 611 utrisque
1702 583 1749 604 ve-

962 627 1030 655 ritas
1043 627 1182 659 delinitur,
1199 627 1296 653 merito
1316 624 1444 659 justejus
1462 623 1598 651 redditum
1619 623 1725 650 dicetur
1740 631 1747 649 ε

963 674 986 700 si
1011 680 1074 700 vero
1091 673 1148 700 sine
1167 672 1262 699 Ordine
1283 672 1458 706 processerit,
1478 670 1583 697 tametsi
1607 677 1620 695 a
1636 669 1751 696 veritate

964 726 1017 746 non
1034 718 1211 750 aberraverit,
1228 724 1280 744 non
1297 717 1403 745 dicetur
1415 716 1487 750 justo
1501 715 1546 750 jus
1561 715 1708 743 redditum.

999 809 1026 836 2.
1037 808 1262 843 Omnejudicium
1276 814 1382 837 conStat
1396 816 1430 836 ex
1443 808 1615 843 praesidibus,
1629 814 1750 835 assesso-

967 854 1053 887 ribus,
1072 854 1314 882 circumstantibus
1332 859 1359 881 et
1385 853 1561 888 litigantibus,
1590 853 1630 879 vel
1657 861 1705 887 per
1722 859 1751 879 ac

969 900 1011 927 vel
1030 908 1078 935 per
1097 904 1287 935 procuratores
1311 900 1409 934 quibus
1432 898 1547 926 facultas
1570 898 1631 932 jure
1654 900 1751 926 tributa

967 950 1020 974 est.

1003 990 1214 1018 3.1udiciorum
1239 990 1400 1018 dill‘erentize
1422 991 1483 1018 dum
1498 995 1561 1018 ιιιιιι
1590 999 1596 1017 :
1618 990 1753 1024 quoddam

969 1037 1041 1065 enim
1054 1037 1120 1065 solis
1135 1037 1239 1072 legibus
1255 1037 1366 1072 regitur,
1380 1038 1514 1072 quoddam
1529 1038 1679 1064 canor-ibus
1692 1046 1698 1062 ι
1714 1041 1755 1063 est

969 1088 996 1111 et
1011 1083 1120 1110 tertium
1137 1090 1222 1118 genus
1237 1083 1309 1117 quod
1321 1090 1353 1111 ex
1371 1083 1494 1117 utrisque
1508 1087 1535 1110 et
1547 1082 1652 1116 legibus
1669 1087 1695 1108 ι·ι
1708 1088 1755 1108 ca-

970 1130 1086 1158 nonibus
1100 1128 1284 1157 constituitur.

1007 1222 1033 1248 ι.
1048 1221 1199 1257 Appellatio
1209 1226 1251 1249 est
1268 1221 1423 1256 provocatio
1437 1221 1506 1249 alius
1517 1221 1551 1248 de
1564 1220 1757 1256 quojndicium

973 1268 1056 1295 latum
1083 1273 1125 1296 est
1146 1271 1240 1295 contra
1261 1267 1377 1302 aliquem
1399 1267 1532 1301 iudicum,
1554 1261 1681 1300 tanquam
1704 1274 1757 1293 nou

972 1313 1042 1340 bene
1057 1312 1234 1347 iudicaverit.
1257 1311 1290 1339 Et
1312 1312 1401 1340 omnis
1423 1312 1531 1346 quidem
1557 1311 1701 1346 appellatio
1716 1315 1759 1338 est

972 1359 1140 1392 provocatio,
1156 1366 1208 1386 non
1223 1358 1312 1386 omnis
1326 1365 1392 1385 vero
1406 1358 1561 1392 provocatio
1576 1361 1618 1385 est
1640 1358 1760 1392 appella-

973 1404 1022 1430 tio.
1041 1402 1175 1430 Dividitur
1190 1403 1262 1430 enim
1289 1403 1492 1438 provocationis
1507 1402 1665 1430 vocabulum
1691 1407 1718 1428 et
1733 1402 1760 1428 in

973 1449 1046 1476 illam
1062 1456 1122 1484 quae
1134 1449 1236 1476 dicitur
1249 1449 1404 1484 appellatio,
1422 1452 1450 1476 et
1466 1449 1493 1476 in
1511 1449 1699 1484 magistratum
1713 1449 1761 1475 Ita-

973 1493 1080 1521 bentem
1098 1494 1326 1529 provocationem.

169 1547 201 1571 ε’.
232 1543 270 1569 Τὸ
302 1540 533 1577 αὑτοκρατορικδν
549 1539 596 1566 καὶ
618 1537 755 1574 βασιλικὸν
779 1537 920 1573 κριτήριον

1009 1538 1034 1586 5.
1051 1538 1094 1574 (L.
1115 1547 1135 1567 ι.
1162 1539 1176 1576 ι
1198 1548 1218 1568 ι.
1233 1539 1260 1567 α.
1283 1547 1309 1568 a.
1326 1540 1401 1574 quib.
1420 1547 1483 1575 app.
1500 1547 1553 1567 non
1571 1539 1657 1570 licet.)
1676 1538 1760 1574 lmpe-

142 1589 268 1625 ἐκκλήτῳ
296 1588 346 1623 οὐχ
373 1587 527 1619 ὑπόκειται,
551 1586 611 1613 οὐδὲ
635 1584 847 1619 ἀναψηλαφᾶται
868 1583 920 1610 ὑπὸ

979 1585 1047 1613 rlalis
1060 1590 1089 1613 et
1105 1586 1262 1621 principalis
1276 1587 1409 1614 sententia
1432 1585 1605 1621 appellationi
1624 1593 1676 1612 non
1696 1584 1762 1612 sub-

137 1636 231 1670 ὲτέρου
244 1633 302 1661 ἀλλ’
318 1634 363 1668 ὑφ’
375 1632 472 1659 ἑαυτοῦ
487 1632 531 1658 ἀεὶ
545 1631 769 1666 ιπανακρίνεται,
784 1629 855 1656 καθὰ
874 1629 920 1656 καὶ

979 1638 1053 1665 iacet,
1073 1640 1161 1668 neque
1184 1633 1218 1660 ab
1240 1632 1292 1660 alio
1315 1637 1479 1661 retractatur
1500 1632 1553 1660 nisi
1577 1639 1592 1659 a
1623 1638 1652 1658 se
1677 1631 1761 1666 ipso:

135 1682 149 1708 ό
163 1681 280 1714 θεόπτης
296 1678 415 1714 Μωῦσῆς
427 1677 458 1704 τὸ
476 1676 668 1712 ιπανακρίνειν
683 1675 732 1708 τὰς
754 1675 859 1711 κρίσεις
882 1675 920 1707 είς

979 1676 1198 1714 quemadmodum
1212 1683 1240 1707 et
1259 1687 1336 1708 sacer
1359 1679 1459 1714 Moses,
1478 1678 1644 1707 retractandi
1658 1678 1763 1713 judicia

135 1727 216 1761 νόμον
229 1725 315 1752 ἔθετο.

979 1729 1136 1760 potestatem
1151 1725 1184 1753 ad
1197 1725 1282 1761 legem
1298 1726 1398 1754 retulit.
1599 1723 1601 1725 ’

171 1774 210 1804 ς’.
225 1771 262 1797 Τό
287 1770 334 1797 τοῦ
360 1769 533 1804 πατριάρχου
558 1769 702 1804 κριτήριον
724 1767 850 1803 ἐκκλήτῳ
874 1767 920 1802 οὐχ

1010 1769 1037 1798 6.
1051 1770 1216 1798 Patriarchae
1227 1773 1362 1799 sententia
1376 1771 1550 1808 appellationi
1563 1779 1615 1800 non
1629 1771 1761 1806 subjacet.

136 1817 292 1848 ὑπόκειται,
308 1816 368 1843 οὒδδ
382 1815 597 1850 ἁναψηλαφᾶται
619 1814 665 1849 ὑφ’
684 1814 777 1849 ἑτέρου
793 1814 831 1844 ὼς
852 1814 920 1849 ἁρχὴ

979 1824 1064 1852 neque
1094 1820 1260 1845 retractatur
1287 1819 1320 1845 ab
1347 1818 1417 1851 alio;
1447 1823 1539 1854 utpote
1577 1817 1763 1845 Ecclesiastici

136 1864 186 1890 καὶ
197 1862 264 1889 αὺτδ
277 1861 335 1889 τῶν
351 1860 584 1896 ὲκκλησιαστικῶν
601 1859 763 1895 κριτηρίων.
790 1859 835 1893 Ἐξ
843 1859 920 1886 αὐτοί

979 1861 1070 1897 iudicii
1083 1863 1212 1898 princeps
1231 1871 1284 1891 :ex
1303 1864 1360 1898 ipsa
1378 1864 1450 1891 enim
1471 1864 1561 1892 omnia
1577 1863 1763 1891 ecclesiastica

138 1908 195 1943 γὰρ
212 1907 302 1934 πάντα
318 1907 352 1934 τὰ
362 1905 579 1941 ὲκκλησιαστικὰ
591 1906 722 1940 κριτήρια
744 1905 791 1932 καὶ
808 1906 849 1936 είς
860 1904 920 1931 αὐτῖ

979 1907 1086 1943 iudicia,
1109 1912 1136 1936 et
1156 1908 1183 1936 in
1206 1909 1292 1944 ipsam
1318 1910 1492 1937 resolvuntur
1514 1913 1541 1936 et
1564 1913 1764 1936 revertuntur:

138 1952 251 1979 ἀναλύει
274 1952 321 1978 καὶ
340 1951 558 1987 άναστρέφεται’
575 1951 640 1977 αὐτὸ
662 1950 691 1977 δὲ
715 1950 776 1977 οὔτε
793 1950 825 1977 Et:
843 1959 926 1993 τινος.

138 1996 201 2025 οὔτε
220 1998 289 2033 πρὸς
300 1996 394 2032 ἕτερον
407 2003 413 2011 ·
433 1995 554 2022 τοιοῦτον
569 1996 623 2030 γὰρ
637 1996 654 2030 ή
680 1995 762 2030 ἁρχὴ,
779 1996 928 2030 ἑπανακρί-

139 2050 215 2069 νεται
231 2042 260 2068 δὲ
278 2041 473 2077 πνευματικῶς
488 2041 538 2068 καὶ
545 2041 612 2067 αὐτὸ
627 2040 673 2075 ὑφ’
689 2040 798 2067 ἑαυτοῦ.

179 2088 211 2119 ζ’.
230 2087 263 2114 Ἦ
276 2087 322 2115 τοῦ
339 2087 459 2121 ἐπάρχου
486 2087 575 2121 ψῆφος
601 2085 727 2121 δκκλήτῳ
747 2086 797 2121 οὐχ
817 2085 929 2112 ὑπόκει-

139 2142 197 2167 ται,
214 2133 285 2169 πλὴν
302 2133 356 2160 ὐπὺ
372 2133 453 2168 μόνου
463 2132 512 2159 τοῦ
531 2131 674 2167 βασιλέως.

979 1954 1035 1988 ipsa
1051 1961 1116 1982 vero
1135 1961 1223 1989 neque
1246 1955 1280 1982 ab
1302 1955 1403 1989 aliquo,
1422 1961 1509 1989 neque
1525 1953 1559 1981 ad
1579 1952 1696 1987 aliquem
1721 1959 1765 1979 re-

979 1998 1074 2031 fertur,
1099 1998 1157 2033 ipsa
1185 2003 1227 2026 est
1251 1999 1323 2026 enim
1344 1999 1487 2033 princeps;
1508 2000 1674 2025 retractatur
1700 2002 1766 2023 vero

980 2044 1157 2079 spiritualiter
1174 2044 1231 2079 ipsa
1250 2052 1264 2071 a
1279 2052 1309 2072 se
1323 2044 1390 2079 ipsa.

1016 2091 1042 2118 7.
1060 2090 1102 2127 (L.
1123 2099 1169 2118 un.
1192 2090 1220 2118 θ’.
1239 2091 1271 2118 de
1286 2090 1331 2118 oll'.
1351 2091 1426 2124 praef.
1440 2094 1514 2125 praet.
1535 2094 1563 2117 et
1574 2089 1590 2116 l.
1609 2097 1668 2117 vni.
1686 2089 1717 2117 Ο.
1733 2089 1767 2117 de

981 2138 1067 2172 episc.
1085 2137 1245 2172 audientia.)
1258 2137 1282 2166 A
1294 2136 1413 2172 praefecti
1429 2137 1554 2172 praetorio
1569 2136 1702 2164 sententia
1714 2143 1766 2163 non

982 2183 1143 2218 appellatur.
1160 2183 1211 2211 nisi
1229 2183 1260 2209 ad
1277 2183 1363 2211 solum
1382 2183 1541 2218 principem.

176 2228 212 2261 η’.
232 2224 264 2251 Ἢ
279 2223 327 2251 τοῦ
339 2223 520 2259 κοιαίστωρος
533 2223 633 2258 ψῆφος,
650 2223 776 2259 ἐκκλήτῳ
797 2224 847 2259 οὐχ
859 2224 920 2251 ὑπό-

1015 2227 1041 2254 8.
1056 2226 1204 2259 Qtuestoris
1219 2227 1354 2254 sententia
1369 2226 1540 2261 appellationi
1566 2233 1619 2254 non
1632 2225 1765 2260 suhjacel.

142 2278 241 2302 κειται,
273 2269 342 2296 ἀλλὰ
367 2268 414 2295 καὶ
442 2268 511 2304 αὑτὴ
540 2267 593 2294 ὑπὸ
618 2268 666 2294 τοῦ
692 2267 826 2303 βασιλέως
847 2269 928 2304 μόνου

143 2318 301 2344 σκοπεῑται·
326 2317 350 2342 εί
367 2315 422 2352 γὰρ
454 2316 502 2342 καὶ
527 2317 561 2352 τῇ
587 2314 664 2347 τάξει
686 2315 817 2351 πρότερον
834 2316 864 2342 τὸ
881 2315 929 2343 τοῦ

144 2363 265 2399 ἐπάρχου
289 2362 444 2398 κριτήριον,
468 2361 525 2388 ἀλλ’
547 2361 624 2388 οὐδὲν
651 2361 751 2388 ἄτοπον
767 2362 801 2388 τὰ
816 2362 848 2389 ὲκ
864 2363 930 2396 μιᾶς

145 2410 231 2444 ἀρχῆς
256 2408 457 2444 προερχόμενα,
475 2407 551 2441 τάξει
575 2407 625 2443 μὲν
645 2407 768 2443 ἀλλήλων
791 2408 929 2443 προέχειν,

146 2455 185 2490 μὴ
201 2454 306 2481 δεῖσθαι
318 2455 347 2481 δὲ
358 2454 451 2490 ἕτερον
460 2454 556 2490 ἑτέρου
571 2453 639 2489 πρὸς
652 2453 805 2489 διόρθωσιν.

180 2499 213 2527 θ’.
223 2500 263 2526 Τὰ
275 2502 328 2534 γὰρ
341 2500 489 2535 άρχοντικὰ
499 2500 629 2535 κριτήρια
640 2500 765 2536 ἐκκλήτῳ
776 2500 931 2532 ὑπόκειται,

145 2546 193 2574 καὶ
207 2546 417 2581 ἀναψηλαφᾶται
432 2546 485 2572 ὑπὸ
500 2554 530 2572 τε
544 2546 591 2573 τοῦ
614 2546 757 2581 βασιλέως,
775 2547 827 2573 ὑπό
838 2555 866 2574 τε
883 2547 931 2574 τοῦ

145 2591 326 2627 πατριάρχου,
336 2591 402 2618 ἀλλὰ
413 2591 460 2617 καὶ
468 2591 520 2618 ὑπὸ
531 2591 577 2618 τοῦ
589 2592 710 2626 ἐπάρχου
723 2593 769 2618 καὶ
785 2592 832 2618 τοῦ
844 2593 932 2619 κοιαί-

147 2645 266 2672 στωρος·
285 2638 347 2663 ὅσον
378 2637 431 2672 γὰρ
463 2637 557 2672 πόρρω
582 2637 744 2670 ἀφίστανται
768 2639 817 2673 τῆς
834 2639 931 2673 ἀρχῆς.

146 2683 273 2710 τοσοῦτον
294 2683 416 2714 πλείονος
440 2683 487 2710 καὶ
500 2683 550 2717 τῆς
574 2682 710 2717 βοηθείας,
726 2684 774 2710 καὶ
803 2683 932 2710 πλειόνων

145 2730 199 2757 τῶν
211 2729 409 2765 διορθουμένων
423 2730 469 2755 καὶ
483 2727 725 2763 ἀναψηλαφώντων
741 2729 857 2755 δέονται.

182 2774 210 2803 ι’.
228 2775 398 2810 Θεσπίζομεν
419 2775 482 2806 τοὺς
496 2773 748 2808 περιφανεστάτους
772 2773 852 2808 ἡμῶν
879 2782 933 2800 πα-

146 2821 279 2857 τρικίους,
295 2822 341 2848 καὶ
355 2820 386 2855 δὴ
398 2821 446 2847 καὶ
462 2820 524 2852 τοὺς
537 2819 757 2854 μεγαλοπρεπεῖς
768 2827 933 2853 πρωτοσπα-

148 2867 271 2902 θαρίους,
285 2866 319 2893 δι’
335 2865 463 2896 ἑντολέως
477 2864 527 2896 τὰς
549 2864 724 2900 χρηματικὰς
752 2864 934 2899 ἀγωνίζεσθαι

320 2916 455 2946 ΡΑτιιοι.
477 2914 536 2945 Gn.
558 2913 662 2944 CXIII.

981 2272 1029 2301 sed
1041 2277 1069 2301 et
1085 2273 1142 2307 ipsa
1157 2279 1172 2300 a
1187 2272 1246 2300 solo
1261 2273 1425 2307 imperatore
1445 2272 1618 2300 examinatur
1634 2281 1640 2299 :
1658 2277 1766 2300 ιιιιιιιξιδι

980 2319 1052 2346 enim
1071 2318 1165 2346 ordine
1187 2319 1263 2353 prior
1284 2317 1405 2353 prafecti
1425 2318 1570 2350 sententia,
1589 2317 1657 2345 nihil
1675 2322 1767 2344 tamen

981 2364 1089 2392 absurdi
1109 2363 1200 2397 fuerit,
1213 2371 1244 2391 ea
1257 2371 1317 2398 qua:
1331 2363 1366 2391 ab
1381 2371 1435 2391 uno
1446 2364 1579 2398 principio
1591 2363 1769 2398 proﬁciscunt-

982 2415 1035 2444 tur,
1054 2410 1150 2438 ordine
1163 2410 1272 2444 quidem
1290 2409 1404 2436 alterunt
1421 2409 1456 2436 ab
1473 2408 1558 2436 altero
1575 2408 1698 2442 procedi,
1715 2416 1768 2436 non

981 2455 1103 2491 indigere
1122 2460 1211 2482 autem
1226 2455 1341 2482 alterum
1357 2455 1470 2482 alterius
1488 2455 1671 2482 correctione.

1018 2501 1045 2529 9.
1071 2501 1230 2529 Pmsidales
1251 2501 1393 2528 sententiae
1421 2499 1594 2535 appellationi
1616 2499 1769 2533 subjaceut.

983 2551 1220 2581 retractanturque
1233 2550 1260 2574 et
1275 2554 1289 2573 a
1313 2546 1445 2580 principe,
1460 2550 1488 2572 et
1504 2553 1520 2572 a
1535 2546 1701 2580 patriarcha,
1723 2546 1769 2572 sed

982 2599 1009 2621 et
1030 2600 1045 2620 a
1059 2592 1186 2628 praefecto
1208 2597 1236 2619 et
1259 2597 1394 2627 quaestore
1416 2602 1422 2620 :
1440 2597 1542 2627 quanto
1566 2592 1637 2619 enim
1664 2592 1770 2627 iungitis

983 2639 1082 2666 absunt
1099 2647 1113 2665 a
1130 2638 1263 2673 principe,
1280 2642 1356 2665 tanto
1372 2637 1476 2673 majore
1495 2637 1597 2665 auxilio
1611 2641 1637 2665 et
1652 2638 1769 2672 plnriutn

984 2684 1153 2712 correctione
1169 2683 1388 2718 retractioneque
1406 2683 1539 2718 indigent.

1021 2775 1063 2802 l0.
1080 2774 1255 2802 Decernimus
1274 2777 1302 2800 et
1319 2773 1487 2801 clan'ssimos
1506 2777 1614 2800 nostros
1628 2773 1769 2807 patricios,

985 2823 1012 2845 et
1033 2817 1191 2853 magniﬁcos
1216 2817 1458 2852 protospatharios,
1484 2825 1532 2853 per
1565 2823 1770 2852 procuratorem

987 2864 1159 2901 pecuniarias
1172 2863 1282 2899 quidem
1305 2870 1403 2892 causas
1418 2870 1498 2899 agere
1509 2871 1599 2900 posse.
1613 2871 1664 2892 non
1677 2869 1769 2892 autem

1550 2911 1584 2942 16
