  <div class='ocr_page' id='page_1' title='image "/cluster/home/n/w/nwhite01/storage/ocr_20150623/113/njp.32101077772968/271.png"; bbox 0 0 1938 3070; ppageno 0'>
   <div class='ocr_carea' id='block_1_1' title="bbox 158 106 211 139">
    <p class='ocr_par' dir='ltr' id='par_1_1' title="bbox 158 106 211 139">
     <span class='ocr_line' id='line_1_1' title="bbox 158 106 211 139; baseline 0.038 -2"><span class='ocrx_word' id='word_1_1' title='bbox 158 106 211 139; x_wconf 71' lang='grc'><strong>491</strong></span> 
     </span>
    </p>
   </div>
   <div class='ocr_carea' id='block_1_2' title="bbox 673 99 1297 132">
    <p class='ocr_par' dir='ltr' id='par_1_2' title="bbox 673 99 1297 132">
     <span class='ocr_line' id='line_1_2' title="bbox 673 99 1297 132; baseline -0.005 0"><span class='ocrx_word' id='word_1_2' title='bbox 673 101 934 132; x_wconf 81' lang='lat' dir='ltr'><strong>CONSTANTINI</strong></span> <span class='ocrx_word' id='word_1_3' title='bbox 954 99 1297 130; x_wconf 79' lang='lat' dir='ltr'><strong>PORPHYROGENITI</strong></span> 
     </span>
    </p>
   </div>
   <div class='ocr_carea' id='block_1_3' title="bbox 1730 98 1787 132">
    <p class='ocr_par' dir='ltr' id='par_1_3' title="bbox 1730 98 1787 132">
     <span class='ocr_line' id='line_1_3' title="bbox 1730 98 1787 132; baseline 0 -1"><span class='ocrx_word' id='word_1_4' title='bbox 1730 98 1787 132; x_wconf 73' lang='grc'><strong>492</strong></span> 
     </span>
    </p>
   </div>
   <div class='ocr_carea' id='block_1_4' title="bbox 158 154 952 194">
    <p class='ocr_par' dir='ltr' id='par_1_4' title="bbox 158 158 939 194">
     <span class='ocr_line' id='line_1_4' title="bbox 158 158 939 194; baseline -0.009 -3"><span class='ocrx_word' id='word_1_5' title='bbox 158 162 325 194; x_wconf 83' lang='lat' dir='ltr'><strong>criminales,</strong></span> <span class='ocrx_word' id='word_1_6' title='bbox 342 161 399 188; x_wconf 85' lang='lat' dir='ltr'><strong>sive</strong></span> <span class='ocrx_word' id='word_1_7' title='bbox 419 159 469 194; x_wconf 86' lang='lat' dir='ltr'><strong>ipsi</strong></span> <span class='ocrx_word' id='word_1_8' title='bbox 485 158 545 186; x_wconf 79' lang='lat' dir='ltr'><strong>aliis</strong></span> <span class='ocrx_word' id='word_1_9' title='bbox 559 159 616 187; x_wconf 90' lang='lat' dir='ltr'><strong>sive</strong></span> <span class='ocrx_word' id='word_1_10' title='bbox 633 158 678 185; x_wconf 87' lang='lat' dir='ltr'><strong>alii</strong></span> <span class='ocrx_word' id='word_1_11' title='bbox 693 159 759 193; x_wconf 85' lang='lat' dir='ltr'><strong>ipsis</strong></span> <span class='ocrx_word' id='word_1_12' title='bbox 781 162 939 186; x_wconf 79' lang='lat' dir='ltr'><strong>controver-</strong></span> 
     </span>
    </p>
   </div>
   <div class='ocr_carea' id='block_1_5' title="bbox 1008 154 1787 194">
    <p class='ocr_par' dir='ltr' id='par_1_5' title="bbox 1009 154 1787 190">
     <span class='ocr_line' id='line_1_5' title="bbox 1009 154 1787 190; baseline 0.001 -9"><span class='ocrx_word' id='word_1_13' title='bbox 1009 155 1080 187; x_wconf 77' lang='grc' dir='ltr'>ίκας,</span> <span class='ocrx_word' id='word_1_14' title='bbox 1097 155 1154 182; x_wconf 85' lang='grc' dir='ltr'>ἀλλ’</span> <span class='ocrx_word' id='word_1_15' title='bbox 1171 155 1230 190; x_wconf 65' lang='grc' dir='ltr'>οὐχὶ</span> <span class='ocrx_word' id='word_1_16' title='bbox 1241 154 1289 187; x_wconf 79' lang='grc' dir='ltr'><strong>τὰς</strong></span> <span class='ocrx_word' id='word_1_17' title='bbox 1299 154 1518 190; x_wconf 66' lang='grc' dir='ltr'>ὲγκληματικᾶις.</span> <span class='ocrx_word' id='word_1_18' title='bbox 1537 154 1591 181; x_wconf 78' lang='grc' dir='ltr'>εἴτε</span> <span class='ocrx_word' id='word_1_19' title='bbox 1609 155 1669 181; x_wconf 82' lang='grc' dir='ltr'>κατ’</span> <span class='ocrx_word' id='word_1_20' title='bbox 1682 155 1787 188; x_wconf 74' lang='grc' dir='ltr'>αὐτῶν,</span> 
     </span>
    </p>
   </div>
   <div class='ocr_carea' id='block_1_6' title="bbox 158 203 942 238">
    <p class='ocr_par' dir='ltr' id='par_1_6' title="bbox 158 203 942 238">
     <span class='ocr_line' id='line_1_6' title="bbox 158 203 942 238; baseline -0.009 -3"><span class='ocrx_word' id='word_1_21' title='bbox 158 208 225 235; x_wconf 82' lang='lat' dir='ltr'><strong>siam</strong></span> <span class='ocrx_word' id='word_1_22' title='bbox 246 213 354 234; x_wconf 83' lang='lat' dir='ltr'><strong>m0verc</strong></span> <span class='ocrx_word' id='word_1_23' title='bbox 376 204 469 232; x_wconf 90' lang='lat' dir='ltr'><strong>velint.</strong></span> <span class='ocrx_word' id='word_1_24' title='bbox 495 204 582 238; x_wconf 83' lang='lat' dir='ltr'><strong>Atque</strong></span> <span class='ocrx_word' id='word_1_25' title='bbox 606 203 672 230; x_wconf 85' lang='lat' dir='ltr'><strong>illud</strong></span> <span class='ocrx_word' id='word_1_26' title='bbox 688 203 770 230; x_wconf 81' lang='lat' dir='ltr'><strong>etiam</strong></span> <span class='ocrx_word' id='word_1_27' title='bbox 786 203 942 234; x_wconf 78' lang='lat' dir='ltr'><strong>deﬁnimus.</strong></span> 
     </span>
    </p>
   </div>
   <div class='ocr_carea' id='block_1_7' title="bbox 159 249 944 284">
    <p class='ocr_par' dir='ltr' id='par_1_7' title="bbox 159 249 944 284">
     <span class='ocr_line' id='line_1_7' title="bbox 159 249 944 284; baseline -0.006 -4"><span class='ocrx_word' id='word_1_28' title='bbox 159 260 212 280; x_wconf 92' lang='lat' dir='ltr'><strong>non</strong></span> <span class='ocrx_word' id='word_1_29' title='bbox 234 251 318 280; x_wconf 85' lang='lat' dir='ltr'><strong>solum</strong></span> <span class='ocrx_word' id='word_1_30' title='bbox 341 257 374 277; x_wconf 90' lang='lat' dir='ltr'><strong>ne</strong></span> <span class='ocrx_word' id='word_1_31' title='bbox 390 257 450 276; x_wconf 91' lang='lat' dir='ltr'><strong>cum</strong></span> <span class='ocrx_word' id='word_1_32' title='bbox 464 249 651 284; x_wconf 86' lang='lat' dir='ltr'><strong>judicautibus</strong></span> <span class='ocrx_word' id='word_1_33' title='bbox 668 249 828 283; x_wconf 62' lang='lat' dir='ltr'><strong>praesidibus</strong></span> <span class='ocrx_word' id='word_1_34' title='bbox 847 249 944 276; x_wconf 85' lang='lat' dir='ltr'><strong>sedere</strong></span> 
     </span>
    </p>
   </div>
   <div class='ocr_carea' id='block_1_8' title="bbox 159 291 944 331">
    <p class='ocr_par' dir='ltr' id='par_1_8' title="bbox 159 291 944 331">
     <span class='ocr_line' id='line_1_8' title="bbox 159 291 944 331; baseline -0.006 -8"><span class='ocrx_word' id='word_1_35' title='bbox 159 296 225 331; x_wconf 82' lang='lat' dir='ltr'><strong>ipsis</strong></span> <span class='ocrx_word' id='word_1_36' title='bbox 245 295 333 327; x_wconf 87' lang='lat' dir='ltr'><strong>liceat,</strong></span> <span class='ocrx_word' id='word_1_37' title='bbox 344 293 453 327; x_wconf 86' lang='lat' dir='ltr'><strong>quando</strong></span> <span class='ocrx_word' id='word_1_38' title='bbox 470 293 589 327; x_wconf 89' lang='lat' dir='ltr'><strong>ipsorqu</strong></span> <span class='ocrx_word' id='word_1_39' title='bbox 603 299 685 320; x_wconf 91' lang='lat' dir='ltr'><strong>causa</strong></span> <span class='ocrx_word' id='word_1_40' title='bbox 698 292 882 324; x_wconf 61' lang='lat' dir='ltr'><strong>examini-tur,</strong></span> <span class='ocrx_word' id='word_1_41' title='bbox 896 291 944 318; x_wconf 88' lang='lat' dir='ltr'><strong>sed</strong></span> 
     </span>
    </p>
   </div>
   <div class='ocr_carea' id='block_1_9' title="bbox 158 337 944 376">
    <p class='ocr_par' dir='ltr' id='par_1_9' title="bbox 158 337 944 376">
     <span class='ocr_line' id='line_1_9' title="bbox 158 337 944 376; baseline -0.006 -8"><span class='ocrx_word' id='word_1_42' title='bbox 158 350 191 369; x_wconf 87' lang='lat' dir='ltr'><strong>ne</strong></span> <span class='ocrx_word' id='word_1_43' title='bbox 205 341 311 376; x_wconf 82' lang='lat' dir='ltr'><strong>quidem</strong></span> <span class='ocrx_word' id='word_1_44' title='bbox 327 345 416 367; x_wconf 84' lang='lat' dir='ltr'><strong>astare</strong></span> <span class='ocrx_word' id='word_1_45' title='bbox 431 347 438 366; x_wconf 88' lang='lat'><strong>:</strong></span> <span class='ocrx_word' id='word_1_46' title='bbox 454 339 580 372; x_wconf 90' lang='lat' dir='ltr'><strong>utrinque</strong></span> <span class='ocrx_word' id='word_1_47' title='bbox 592 338 664 365; x_wconf 92' lang='lat' dir='ltr'><strong>enim</strong></span> <span class='ocrx_word' id='word_1_48' title='bbox 678 337 830 372; x_wconf 81' lang='lat' dir='ltr'><strong>periculosa</strong></span> <span class='ocrx_word' id='word_1_49' title='bbox 840 344 883 364; x_wconf 87' lang='lat' dir='ltr'><strong>res</strong></span> <span class='ocrx_word' id='word_1_50' title='bbox 892 341 944 368; x_wconf 86' lang='lat' dir='ltr'><strong>est,</strong></span> 
     </span>
    </p>
   </div>
   <div class='ocr_carea' id='block_1_10' title="bbox 158 383 946 420">
    <p class='ocr_par' dir='ltr' id='par_1_10' title="bbox 158 383 946 420">
     <span class='ocr_line' id='line_1_10' title="bbox 158 383 946 420; baseline -0.008 -5"><span class='ocrx_word' id='word_1_51' title='bbox 158 388 192 415; x_wconf 87' lang='lat' dir='ltr'><strong>ab</strong></span> <span class='ocrx_word' id='word_1_52' title='bbox 207 386 294 414; x_wconf 88' lang='lat' dir='ltr'><strong>altera</strong></span> <span class='ocrx_word' id='word_1_53' title='bbox 311 385 422 420; x_wconf 86' lang='lat' dir='ltr'><strong>quidem</strong></span> <span class='ocrx_word' id='word_1_54' title='bbox 438 389 515 419; x_wconf 85' lang='lat' dir='ltr'><strong>parte</strong></span> <span class='ocrx_word' id='word_1_55' title='bbox 531 384 683 411; x_wconf 89' lang='lat' dir='ltr'><strong>sublimitas</strong></span> <span class='ocrx_word' id='word_1_56' title='bbox 697 383 836 418; x_wconf 76' lang='lat' dir='ltr'><strong>dignitatis</strong></span> <span class='ocrx_word' id='word_1_57' title='bbox 850 387 946 410; x_wconf 89' lang='lat' dir='ltr'><strong>contu-</strong></span> 
     </span>
    </p>
   </div>
   <div class='ocr_carea' id='block_1_11' title="bbox 160 429 946 464">
    <p class='ocr_par' dir='ltr' id='par_1_11' title="bbox 160 429 946 464">
     <span class='ocr_line' id='line_1_11' title="bbox 160 429 946 464; baseline -0.009 -3"><span class='ocrx_word' id='word_1_58' title='bbox 160 433 238 461; x_wconf 87' lang='lat' dir='ltr'><strong>melia</strong></span> <span class='ocrx_word' id='word_1_59' title='bbox 257 432 384 464; x_wconf 81' lang='lat' dir='ltr'><strong>allicitur,</strong></span> <span class='ocrx_word' id='word_1_60' title='bbox 406 431 440 458; x_wconf 85' lang='lat' dir='ltr'><strong>ab</strong></span> <span class='ocrx_word' id='word_1_61' title='bbox 461 430 546 457; x_wconf 85' lang='lat' dir='ltr'><strong>altera</strong></span> <span class='ocrx_word' id='word_1_62' title='bbox 560 434 649 458; x_wconf 83' lang='lat' dir='ltr'><strong>autem</strong></span> <span class='ocrx_word' id='word_1_63' title='bbox 663 429 880 464; x_wconf 87' lang='lat' dir='ltr'><strong>partejudicium</strong></span> <span class='ocrx_word' id='word_1_64' title='bbox 898 435 946 462; x_wconf 77' lang='lat' dir='ltr'><strong>p.1-</strong></span> 
     </span>
    </p>
   </div>
   <div class='ocr_carea' id='block_1_12' title="bbox 160 473 945 510">
    <p class='ocr_par' dir='ltr' id='par_1_12' title="bbox 160 473 945 510">
     <span class='ocr_line' id='line_1_12' title="bbox 160 473 945 510; baseline -0.006 -4"><span class='ocrx_word' id='word_1_65' title='bbox 160 486 219 507; x_wconf 85' lang='lat' dir='ltr'><strong>rum</strong></span> <span class='ocrx_word' id='word_1_66' title='bbox 255 478 354 504; x_wconf 87' lang='lat' dir='ltr'><strong>decora</strong></span> <span class='ocrx_word' id='word_1_67' title='bbox 391 475 573 510; x_wconf 67' lang='lat' dir='ltr'><strong>inaequalitate</strong></span> <span class='ocrx_word' id='word_1_68' title='bbox 604 474 833 502; x_wconf 73' lang='lat' dir='ltr'><strong>conlaminubitur</strong></span> <span class='ocrx_word' id='word_1_69' title='bbox 866 480 873 499; x_wconf 89' lang='lat'><strong>:</strong></span> <span class='ocrx_word' id='word_1_70' title='bbox 905 473 945 501; x_wconf 83' lang='lat' dir='ltr'><strong>vel</strong></span> 
     </span>
    </p>
   </div>
   <div class='ocr_carea' id='block_1_13' title="bbox 161 519 948 557">
    <p class='ocr_par' dir='ltr' id='par_1_13' title="bbox 161 519 948 557">
     <span class='ocr_line' id='line_1_13' title="bbox 161 519 948 557; baseline -0.008 -5"><span class='ocrx_word' id='word_1_71' title='bbox 161 529 268 552; x_wconf 89' lang='lat' dir='ltr'><strong>astante</strong></span> <span class='ocrx_word' id='word_1_72' title='bbox 280 523 325 550; x_wconf 88' lang='lat' dir='ltr'><strong>illa</strong></span> <span class='ocrx_word' id='word_1_73' title='bbox 340 522 417 557; x_wconf 80' lang='lat' dir='ltr'><strong>cujus</strong></span> <span class='ocrx_word' id='word_1_74' title='bbox 432 529 513 549; x_wconf 78' lang='lat' dir='ltr'><strong>causa</strong></span> <span class='ocrx_word' id='word_1_75' title='bbox 525 522 624 556; x_wconf 84' lang='lat' dir='ltr'><strong>agitur,</strong></span> <span class='ocrx_word' id='word_1_76' title='bbox 636 521 677 547; x_wconf 91' lang='lat' dir='ltr'><strong>vcl</strong></span> <span class='ocrx_word' id='word_1_77' title='bbox 692 521 717 547; x_wconf 91' lang='lat' dir='ltr'><strong>in</strong></span> <span class='ocrx_word' id='word_1_78' title='bbox 732 526 861 547; x_wconf 90' lang='lat' dir='ltr'><strong>consessu</strong></span> <span class='ocrx_word' id='word_1_79' title='bbox 875 519 948 554; x_wconf 92' lang='lat' dir='ltr'><strong>judi-</strong></span> 
     </span>
    </p>
   </div>
   <div class='ocr_carea' id='block_1_14' title="bbox 162 563 946 602">
    <p class='ocr_par' dir='ltr' id='par_1_14' title="bbox 162 563 946 602">
     <span class='ocr_line' id='line_1_14' title="bbox 162 563 946 602; baseline -0.009 -5"><span class='ocrx_word' id='word_1_80' title='bbox 162 577 222 598; x_wconf 87' lang='lat' dir='ltr'><strong>cum</strong></span> <span class='ocrx_word' id='word_1_81' title='bbox 240 569 361 601; x_wconf 85' lang='lat' dir='ltr'><strong>sedente,</strong></span> <span class='ocrx_word' id='word_1_82' title='bbox 380 573 409 594; x_wconf 92' lang='lat' dir='ltr'><strong>ut</strong></span> <span class='ocrx_word' id='word_1_83' title='bbox 423 567 511 602; x_wconf 85' lang='lat' dir='ltr'><strong>potior</strong></span> <span class='ocrx_word' id='word_1_84' title='bbox 524 573 585 594; x_wconf 87' lang='lat' dir='ltr'><strong>esse</strong></span> <span class='ocrx_word' id='word_1_85' title='bbox 597 566 729 593; x_wconf 80' lang='lat' dir='ltr'><strong>videatur.</strong></span> <span class='ocrx_word' id='word_1_86' title='bbox 744 564 810 592; x_wconf 81' lang='lat' dir='ltr'><strong>Post</strong></span> <span class='ocrx_word' id='word_1_87' title='bbox 822 563 946 600; x_wconf 73' lang='lat' dir='ltr'><strong>magniﬁ—</strong></span> 
     </span>
    </p>
   </div>
   <div class='ocr_carea' id='block_1_15' title="bbox 162 611 949 648">
    <p class='ocr_par' dir='ltr' id='par_1_15' title="bbox 162 611 949 648">
     <span class='ocr_line' id='line_1_15' title="bbox 162 611 949 648; baseline -0.005 -5"><span class='ocrx_word' id='word_1_88' title='bbox 162 615 335 643; x_wconf 86' lang='lat' dir='ltr'><strong>centissimos</strong></span> <span class='ocrx_word' id='word_1_89' title='bbox 361 618 450 641; x_wconf 85' lang='lat' dir='ltr'><strong>autem</strong></span> <span class='ocrx_word' id='word_1_90' title='bbox 482 612 738 648; x_wconf 77' lang='lat' dir='ltr'><strong>protospntharios,</strong></span> <span class='ocrx_word' id='word_1_91' title='bbox 767 611 875 639; x_wconf 79' lang='lat' dir='ltr'><strong>licentia</strong></span> <span class='ocrx_word' id='word_1_92' title='bbox 911 611 949 639; x_wconf 87' lang='lat' dir='ltr'><strong>sit</strong></span> 
     </span>
    </p>
   </div>
   <div class='ocr_carea' id='block_1_16' title="bbox 164 659 949 695">
    <p class='ocr_par' dir='ltr' id='par_1_16' title="bbox 164 659 949 695">
     <span class='ocr_line' id='line_1_16' title="bbox 164 659 949 695; baseline -0.004 -6"><span class='ocrx_word' id='word_1_93' title='bbox 164 662 289 689; x_wconf 83' lang='lat' dir='ltr'><strong>omnibus</strong></span> <span class='ocrx_word' id='word_1_94' title='bbox 303 660 344 687; x_wconf 91' lang='lat' dir='ltr'><strong>vel</strong></span> <span class='ocrx_word' id='word_1_95' title='bbox 357 668 405 695; x_wconf 90' lang='lat' dir='ltr'><strong>per</strong></span> <span class='ocrx_word' id='word_1_96' title='bbox 417 666 446 687; x_wconf 86' lang='lat' dir='ltr'><strong>se</strong></span> <span class='ocrx_word' id='word_1_97' title='bbox 461 660 544 694; x_wconf 87' lang='lat' dir='ltr'><strong>ipsos,</strong></span> <span class='ocrx_word' id='word_1_98' title='bbox 562 659 604 686; x_wconf 92' lang='lat' dir='ltr'><strong>vel</strong></span> <span class='ocrx_word' id='word_1_99' title='bbox 619 665 667 694; x_wconf 84' lang='lat' dir='ltr'><strong>per</strong></span> <span class='ocrx_word' id='word_1_100' title='bbox 682 663 873 694; x_wconf 76' lang='lat' dir='ltr'><strong>procuratores</strong></span> <span class='ocrx_word' id='word_1_101' title='bbox 885 665 949 686; x_wconf 85' lang='lat' dir='ltr'><strong>cau-</strong></span> 
     </span>
    </p>
   </div>
   <div class='ocr_carea' id='block_1_17' title="bbox 163 711 418 739">
    <p class='ocr_par' dir='ltr' id='par_1_17' title="bbox 163 711 418 739">
     <span class='ocr_line' id='line_1_17' title="bbox 163 711 418 739; baseline -0.004 -7"><span class='ocrx_word' id='word_1_102' title='bbox 163 713 221 732; x_wconf 85' lang='lat' dir='ltr'><strong>sam</strong></span> <span class='ocrx_word' id='word_1_103' title='bbox 237 711 313 732; x_wconf 87' lang='lat' dir='ltr'><strong>suam</strong></span> <span class='ocrx_word' id='word_1_104' title='bbox 329 711 418 739; x_wconf 83' lang='lat' dir='ltr'><strong>agere.</strong></span> 
     </span>
    </p>
   </div>
   <div class='ocr_carea' id='block_1_18' title="bbox 200 795 947 831">
    <p class='ocr_par' dir='ltr' id='par_1_18' title="bbox 200 795 947 831">
     <span class='ocr_line' id='line_1_18' title="bbox 200 795 947 831; baseline 0.003 -9"><span class='ocrx_word' id='word_1_105' title='bbox 200 796 243 822; x_wconf 91' lang='grc'><strong>11.</strong></span> <span class='ocrx_word' id='word_1_106' title='bbox 268 795 408 823; x_wconf 81' lang='lat' dir='ltr'><strong>Neminem</strong></span> <span class='ocrx_word' id='word_1_107' title='bbox 424 795 450 822; x_wconf 93' lang='lat' dir='ltr'><strong>in</strong></span> <span class='ocrx_word' id='word_1_108' title='bbox 475 795 660 823; x_wconf 80' lang='lat' dir='ltr'><strong>ecclesiastico</strong></span> <span class='ocrx_word' id='word_1_109' title='bbox 671 795 762 830; x_wconf 83' lang='lat' dir='ltr'><strong>aliquo</strong></span> <span class='ocrx_word' id='word_1_110' title='bbox 777 796 861 831; x_wconf 76' lang='lat' dir='ltr'><strong>gradu</strong></span> <span class='ocrx_word' id='word_1_111' title='bbox 882 803 947 824; x_wconf 88' lang='lat' dir='ltr'><strong>con-</strong></span> 
     </span>
    </p>
   </div>
   <div class='ocr_carea' id='block_1_19' title="bbox 997 200 1789 236">
    <p class='ocr_par' dir='ltr' id='par_1_19' title="bbox 997 200 1789 236">
     <span class='ocr_line' id='line_1_19' title="bbox 997 200 1789 236; baseline 0.003 -9"><span class='ocrx_word' id='word_1_112' title='bbox 997 201 1062 236; x_wconf 81' lang='grc' dir='ltr'>παρ¹</span> <span class='ocrx_word' id='word_1_113' title='bbox 1080 201 1180 234; x_wconf 80' lang='grc' dir='ltr'>ἑτέρων</span> <span class='ocrx_word' id='word_1_114' title='bbox 1208 202 1332 234; x_wconf 76' lang='grc' dir='ltr'><strong>ἄγονται,</strong></span> <span class='ocrx_word' id='word_1_115' title='bbox 1355 201 1410 227; x_wconf 74' lang='grc' dir='ltr'>εἴτε</span> <span class='ocrx_word' id='word_1_116' title='bbox 1426 201 1473 226; x_wconf 76' lang='grc' dir='ltr'>καὶ</span> <span class='ocrx_word' id='word_1_117' title='bbox 1497 200 1559 226; x_wconf 77' lang='grc' dir='ltr'>καθ’</span> <span class='ocrx_word' id='word_1_118' title='bbox 1584 201 1685 235; x_wconf 79' lang='grc' dir='ltr'>ἐτέρων</span> <span class='ocrx_word' id='word_1_119' title='bbox 1711 203 1789 229; x_wconf 71' lang='grc' dir='ltr'>αὐτοὶ</span> 
     </span>
    </p>
   </div>
   <div class='ocr_carea' id='block_1_20' title="bbox 993 245 1788 281">
    <p class='ocr_par' dir='ltr' id='par_1_20' title="bbox 993 245 1788 281">
     <span class='ocr_line' id='line_1_20' title="bbox 993 245 1788 281; baseline 0.003 -10"><span class='ocrx_word' id='word_1_120' title='bbox 993 246 1079 272; x_wconf 88' lang='grc' dir='ltr'>κινεῖν</span> <span class='ocrx_word' id='word_1_121' title='bbox 1094 245 1245 280; x_wconf 84' lang='grc' dir='ltr'>βούλονται,</span> <span class='ocrx_word' id='word_1_122' title='bbox 1264 245 1310 271; x_wconf 72' lang='grc' dir='ltr'>καὶ</span> <span class='ocrx_word' id='word_1_123' title='bbox 1325 245 1404 271; x_wconf 86' lang='grc' dir='ltr'>τοῦτο</span> <span class='ocrx_word' id='word_1_124' title='bbox 1419 245 1448 272; x_wconf 77' lang='grc' dir='ltr'><strong>δὲ</strong></span> <span class='ocrx_word' id='word_1_125' title='bbox 1461 245 1555 276; x_wconf 82' lang='grc' dir='ltr'>αὐτοῖς</span> <span class='ocrx_word' id='word_1_126' title='bbox 1567 245 1746 281; x_wconf 75' lang='grc' dir='ltr'><strong>ἀφορίζομεν,</strong></span> <span class='ocrx_word' id='word_1_127' title='bbox 1757 247 1788 274; x_wconf 84' lang='grc' dir='ltr'>τὸ</span> 
     </span>
    </p>
   </div>
   <div class='ocr_carea' id='block_1_21' title="bbox 997 290 1788 327">
    <p class='ocr_par' dir='ltr' id='par_1_21' title="bbox 997 290 1788 327">
     <span class='ocr_line' id='line_1_21' title="bbox 997 290 1788 327; baseline 0.004 -10"><span class='ocrx_word' id='word_1_128' title='bbox 997 291 1065 326; x_wconf 85' lang='grc' dir='ltr'>μήτε</span> <span class='ocrx_word' id='word_1_129' title='bbox 1083 291 1271 325; x_wconf 82' lang='grc' dir='ltr'>συγκαθῆσθαι</span> <span class='ocrx_word' id='word_1_130' title='bbox 1284 291 1340 322; x_wconf 81' lang='grc' dir='ltr'>τοῖς</span> <span class='ocrx_word' id='word_1_131' title='bbox 1360 290 1517 323; x_wconf 79' lang='grc' dir='ltr'><strong>δικάζουσιν</strong></span> <span class='ocrx_word' id='word_1_132' title='bbox 1545 291 1686 327; x_wconf 79' lang='grc' dir='ltr'>ἄρχουσιν,</span> <span class='ocrx_word' id='word_1_133' title='bbox 1705 293 1788 327; x_wconf 80' lang='grc' dir='ltr'><strong>ἡνίκα</strong></span> 
     </span>
    </p>
   </div>
   <div class='ocr_carea' id='block_1_22' title="bbox 995 336 1789 374">
    <p class='ocr_par' dir='ltr' id='par_1_22' title="bbox 995 336 1789 374">
     <span class='ocr_line' id='line_1_22' title="bbox 995 336 1789 374; baseline 0.003 -11"><span class='ocrx_word' id='word_1_134' title='bbox 995 337 1012 372; x_wconf 86' lang='grc' dir='ltr'><strong>ἡ</strong></span> <span class='ocrx_word' id='word_1_135' title='bbox 1042 336 1133 363; x_wconf 78' lang='grc' dir='ltr'>αὐτῶν</span> <span class='ocrx_word' id='word_1_136' title='bbox 1161 337 1319 369; x_wconf 72' lang='grc' dir='ltr'><strong>ἐξετάζεται</strong></span> <span class='ocrx_word' id='word_1_137' title='bbox 1355 336 1429 371; x_wconf 87' lang='grc' dir='ltr'>δίκη,</span> <span class='ocrx_word' id='word_1_138' title='bbox 1452 337 1599 372; x_wconf 81' lang='grc' dir='ltr'>ἀλλάμηδὲ</span> <span class='ocrx_word' id='word_1_139' title='bbox 1615 339 1789 374; x_wconf 70' lang='grc' dir='ltr'><strong>παρεστάναι</strong></span> 
     </span>
    </p>
   </div>
   <div class='ocr_carea' id='block_1_23' title="bbox 996 382 1786 418">
    <p class='ocr_par' dir='ltr' id='par_1_23' title="bbox 996 382 1786 418">
     <span class='ocr_line' id='line_1_23' title="bbox 996 382 1786 418; baseline 0.005 -10"><span class='ocrx_word' id='word_1_140' title='bbox 996 382 1078 409; x_wconf 67' lang='grc' dir='ltr'>πάλιν</span> <span class='ocrx_word' id='word_1_141' title='bbox 1088 390 1095 396; x_wconf 89' lang='grc'><strong>·</strong></span> <span class='ocrx_word' id='word_1_142' title='bbox 1110 382 1282 418; x_wconf 79' lang='grc' dir='ltr'>ἑκατέρωθεν</span> <span class='ocrx_word' id='word_1_143' title='bbox 1295 382 1350 417; x_wconf 78' lang='grc' dir='ltr'><strong>γὰρ</strong></span> <span class='ocrx_word' id='word_1_144' title='bbox 1365 382 1395 409; x_wconf 80' lang='grc' dir='ltr'>τὸ</span> <span class='ocrx_word' id='word_1_145' title='bbox 1408 383 1525 418; x_wconf 77' lang='grc' dir='ltr'>πρᾶγμά.</span> <span class='ocrx_word' id='word_1_146' title='bbox 1539 383 1613 409; x_wconf 74' lang='grc' dir='ltr'>ἐστιν</span> <span class='ocrx_word' id='word_1_147' title='bbox 1623 384 1786 418; x_wconf 77' lang='grc' dir='ltr'>ἐπισφαλὲς.</span> 
     </span>
    </p>
   </div>
   <div class='ocr_carea' id='block_1_24' title="bbox 996 427 1788 464">
    <p class='ocr_par' dir='ltr' id='par_1_24' title="bbox 996 427 1788 464">
     <span class='ocr_line' id='line_1_24' title="bbox 996 427 1788 464; baseline 0.003 -10"><span class='ocrx_word' id='word_1_148' title='bbox 996 427 1046 454; x_wconf 73' lang='grc' dir='ltr'>Διὰ</span> <span class='ocrx_word' id='word_1_149' title='bbox 1057 427 1105 462; x_wconf 87' lang='grc' dir='ltr'>μὲν</span> <span class='ocrx_word' id='word_1_150' title='bbox 1119 427 1173 462; x_wconf 78' lang='grc' dir='ltr'><strong>γὰρ</strong></span> <span class='ocrx_word' id='word_1_151' title='bbox 1182 427 1308 464; x_wconf 76' lang='grc' dir='ltr'><strong>θατέρου,</strong></span> <span class='ocrx_word' id='word_1_152' title='bbox 1319 427 1350 454; x_wconf 81' lang='grc' dir='ltr'>τὸ</span> <span class='ocrx_word' id='word_1_153' title='bbox 1366 427 1467 463; x_wconf 61' lang='grc' dir='ltr'>ὐψηλδν</span> <span class='ocrx_word' id='word_1_154' title='bbox 1481 428 1592 463; x_wconf 80' lang='grc' dir='ltr'>ἀξίωμα</span> <span class='ocrx_word' id='word_1_155' title='bbox 1603 429 1788 464; x_wconf 75' lang='grc' dir='ltr'>ὲνυϐρίζεται,</span> 
     </span>
    </p>
   </div>
   <div class='ocr_carea' id='block_1_25' title="bbox 996 473 1788 511">
    <p class='ocr_par' dir='ltr' id='par_1_25' title="bbox 996 473 1788 511">
     <span class='ocr_line' id='line_1_25' title="bbox 996 473 1788 511; baseline 0.003 -11"><span class='ocrx_word' id='word_1_156' title='bbox 996 473 1040 500; x_wconf 79' lang='grc' dir='ltr'>διὰ</span> <span class='ocrx_word' id='word_1_157' title='bbox 1054 473 1082 500; x_wconf 81' lang='grc' dir='ltr'><strong>δὲ</strong></span> <span class='ocrx_word' id='word_1_158' title='bbox 1105 473 1152 500; x_wconf 83' lang='grc' dir='ltr'><strong>τοῦ</strong></span> <span class='ocrx_word' id='word_1_159' title='bbox 1176 474 1282 509; x_wconf 79' lang='grc' dir='ltr'>ἑτέρου,</span> <span class='ocrx_word' id='word_1_160' title='bbox 1301 473 1332 500; x_wconf 82' lang='grc' dir='ltr'>τὸ</span> <span class='ocrx_word' id='word_1_161' title='bbox 1349 474 1524 510; x_wconf 79' lang='grc' dir='ltr'>δικαστήριον</span> <span class='ocrx_word' id='word_1_162' title='bbox 1537 476 1577 506; x_wconf 82' lang='grc' dir='ltr'>εἰς</span> <span class='ocrx_word' id='word_1_163' title='bbox 1593 475 1788 511; x_wconf 80' lang='grc' dir='ltr'>ἀσχημοσύνην</span> 
     </span>
    </p>
   </div>
   <div class='ocr_carea' id='block_1_26' title="bbox 998 518 1789 556">
    <p class='ocr_par' dir='ltr' id='par_1_26' title="bbox 998 518 1789 556">
     <span class='ocr_line' id='line_1_26' title="bbox 998 518 1789 556; baseline 0.004 -12"><span class='ocrx_word' id='word_1_164' title='bbox 998 518 1158 554; x_wconf 81' lang='grc' dir='ltr'>ἀνισότητος</span> <span class='ocrx_word' id='word_1_165' title='bbox 1183 519 1374 554; x_wconf 86' lang='grc' dir='ltr'>περιίσταται,</span> <span class='ocrx_word' id='word_1_166' title='bbox 1390 519 1436 546; x_wconf 83' lang='grc' dir='ltr'><strong>τοῦ</strong></span> <span class='ocrx_word' id='word_1_167' title='bbox 1465 519 1514 554; x_wconf 82' lang='grc' dir='ltr'>μὲν</span> <span class='ocrx_word' id='word_1_168' title='bbox 1535 520 1589 546; x_wconf 87' lang='grc' dir='ltr'><strong>τῶν</strong></span> <span class='ocrx_word' id='word_1_169' title='bbox 1602 520 1789 556; x_wconf 77' lang='grc' dir='ltr'>δικαζομένων</span> 
     </span>
    </p>
   </div>
   <div class='ocr_carea' id='block_1_27' title="bbox 997 565 1790 602">
    <p class='ocr_par' dir='ltr' id='par_1_27' title="bbox 997 565 1790 602">
     <span class='ocr_line' id='line_1_27' title="bbox 997 565 1790 602; baseline 0.004 -11"><span class='ocrx_word' id='word_1_170' title='bbox 997 565 1185 601; x_wconf 75' lang='grc' dir='ltr'><strong>παρεστῶτος,</strong></span> <span class='ocrx_word' id='word_1_171' title='bbox 1200 565 1247 592; x_wconf 85' lang='grc' dir='ltr'><strong>τοῦ</strong></span> <span class='ocrx_word' id='word_1_172' title='bbox 1260 565 1288 592; x_wconf 86' lang='grc' dir='ltr'><strong>δὲ</strong></span> <span class='ocrx_word' id='word_1_173' title='bbox 1302 566 1335 601; x_wconf 77' lang='grc' dir='ltr'>τῇ</span> <span class='ocrx_word' id='word_1_174' title='bbox 1347 565 1400 593; x_wconf 85' lang='grc' dir='ltr'><strong>τῶν</strong></span> <span class='ocrx_word' id='word_1_175' title='bbox 1416 566 1518 600; x_wconf 84' lang='grc' dir='ltr'>κριτῶν</span> <span class='ocrx_word' id='word_1_176' title='bbox 1532 567 1658 602; x_wconf 68' lang='grc' dir='ltr'>συνεδρία</span> <span class='ocrx_word' id='word_1_177' title='bbox 1670 567 1701 593; x_wconf 79' lang='grc' dir='ltr'>τὸ</span> <span class='ocrx_word' id='word_1_178' title='bbox 1708 567 1790 594; x_wconf 83' lang='grc' dir='ltr'>πλέον</span> 
     </span>
    </p>
   </div>
   <div class='ocr_carea' id='block_1_28' title="bbox 999 611 1791 648">
    <p class='ocr_par' dir='ltr' id='par_1_28' title="bbox 999 611 1791 648">
     <span class='ocr_line' id='line_1_28' title="bbox 999 611 1791 648; baseline 0.003 -11"><span class='ocrx_word' id='word_1_179' title='bbox 999 611 1069 646; x_wconf 78' lang='grc' dir='ltr'>ἔχειν</span> <span class='ocrx_word' id='word_1_180' title='bbox 1082 611 1298 647; x_wconf 76' lang='grc' dir='ltr'>ἐνδεικνυμένου,</span> <span class='ocrx_word' id='word_1_181' title='bbox 1321 611 1390 647; x_wconf 79' lang='grc' dir='ltr'>μετὰ</span> <span class='ocrx_word' id='word_1_182' title='bbox 1402 612 1431 638; x_wconf 82' lang='grc' dir='ltr'>δὲ</span> <span class='ocrx_word' id='word_1_183' title='bbox 1449 612 1511 644; x_wconf 71' lang='grc' dir='ltr'>τοὺς</span> <span class='ocrx_word' id='word_1_184' title='bbox 1529 612 1791 648; x_wconf 83' lang='grc' dir='ltr'>μεγαλοπρεπεστά-</span> 
     </span>
    </p>
   </div>
   <div class='ocr_carea' id='block_1_29' title="bbox 998 657 1788 693">
    <p class='ocr_par' dir='ltr' id='par_1_29' title="bbox 998 657 1788 693">
     <span class='ocr_line' id='line_1_29' title="bbox 998 657 1788 693; baseline 0.003 -11"><span class='ocrx_word' id='word_1_185' title='bbox 998 664 1062 688; x_wconf 83' lang='grc' dir='ltr'>τους</span> <span class='ocrx_word' id='word_1_186' title='bbox 1087 657 1365 693; x_wconf 85' lang='grc' dir='ltr'>πρωτοσπαθαρίους,</span> <span class='ocrx_word' id='word_1_187' title='bbox 1382 657 1484 684; x_wconf 79' lang='grc' dir='ltr'>ἅπασιν</span> <span class='ocrx_word' id='word_1_188' title='bbox 1500 657 1575 684; x_wconf 79' lang='grc' dir='ltr'>ἄδεια</span> <span class='ocrx_word' id='word_1_189' title='bbox 1602 657 1672 684; x_wconf 74' lang='grc' dir='ltr'>ἔστω</span> <span class='ocrx_word' id='word_1_190' title='bbox 1693 658 1788 692; x_wconf 81' lang='grc' dir='ltr'>βουλο-</span> 
     </span>
    </p>
   </div>
   <div class='ocr_carea' id='block_1_30' title="bbox 1001 701 1782 739">
    <p class='ocr_par' dir='ltr' id='par_1_30' title="bbox 1001 701 1782 739">
     <span class='ocr_line' id='line_1_30' title="bbox 1001 701 1782 739; baseline 0.003 -11"><span class='ocrx_word' id='word_1_191' title='bbox 1001 701 1092 736; x_wconf 81' lang='grc' dir='ltr'>μένοις</span> <span class='ocrx_word' id='word_1_192' title='bbox 1110 702 1156 729; x_wconf 77' lang='grc' dir='ltr'>καὶ</span> <span class='ocrx_word' id='word_1_193' title='bbox 1171 702 1204 729; x_wconf 86' lang='grc' dir='ltr'>δι’</span> <span class='ocrx_word' id='word_1_194' title='bbox 1216 702 1320 729; x_wconf 78' lang='grc' dir='ltr'><strong>ἑαυτῶν</strong></span> <span class='ocrx_word' id='word_1_195' title='bbox 1331 701 1499 735; x_wconf 79' lang='grc' dir='ltr'><strong>δικάζεσθαι,</strong></span> <span class='ocrx_word' id='word_1_196' title='bbox 1513 703 1560 729; x_wconf 72' lang='grc' dir='ltr'><strong>καὶ</strong></span> <span class='ocrx_word' id='word_1_197' title='bbox 1575 703 1699 735; x_wconf 80' lang='grc' dir='ltr'>ὲντολέας</span> <span class='ocrx_word' id='word_1_198' title='bbox 1713 712 1782 739; x_wconf 86' lang='grc' dir='ltr'>προ-</span> 
     </span>
    </p>
   </div>
   <div class='ocr_carea' id='block_1_31' title="bbox 1000 746 1157 774">
    <p class='ocr_par' dir='ltr' id='par_1_31' title="bbox 1000 746 1157 774">
     <span class='ocr_line' id='line_1_31' title="bbox 1000 746 1157 774; baseline 0.013 -2"><span class='ocrx_word' id='word_1_199' title='bbox 1000 746 1157 774; x_wconf 80' lang='grc' dir='ltr'>ὃάλλεσθαι.</span> 
     </span>
    </p>
   </div>
   <div class='ocr_carea' id='block_1_32' title="bbox 1038 791 1791 829">
    <p class='ocr_par' dir='ltr' id='par_1_32' title="bbox 1038 791 1791 829">
     <span class='ocr_line' id='line_1_32' title="bbox 1038 791 1791 829; baseline 0.001 -11"><span class='ocrx_word' id='word_1_200' title='bbox 1038 795 1082 819; x_wconf 88' lang='grc' dir='ltr'>ια’.</span> <span class='ocrx_word' id='word_1_201' title='bbox 1094 791 1197 819; x_wconf 79' lang='grc' dir='ltr'><strong>Οὐδένα</strong></span> <span class='ocrx_word' id='word_1_202' title='bbox 1206 791 1262 819; x_wconf 83' lang='grc' dir='ltr'><strong>τῶν</strong></span> <span class='ocrx_word' id='word_1_203' title='bbox 1273 792 1507 828; x_wconf 80' lang='grc' dir='ltr'>ὲκκλησιαστικῶν</span> <span class='ocrx_word' id='word_1_204' title='bbox 1518 793 1640 829; x_wconf 77' lang='grc' dir='ltr'>βαθμῶν,</span> <span class='ocrx_word' id='word_1_205' title='bbox 1651 794 1667 829; x_wconf 85' lang='grc' dir='ltr'>ἣ</span> <span class='ocrx_word' id='word_1_206' title='bbox 1679 793 1791 820; x_wconf 81' lang='grc' dir='ltr'>ἐπίσκο-</span> 
     </span>
    </p>
   </div>
   <div class='ocr_carea' id='block_1_33' title="bbox 165 829 952 876">
    <p class='ocr_par' dir='ltr' id='par_1_33' title="bbox 165 829 948 876">
     <span class='ocr_line' id='line_1_33' title="bbox 165 829 948 876; baseline 0.001 -8"><span class='ocrx_word' id='word_1_207' title='bbox 165 841 298 873; x_wconf 88' lang='lat' dir='ltr'><strong>stitutum,</strong></span> <span class='ocrx_word' id='word_1_208' title='bbox 315 841 357 867; x_wconf 88' lang='lat' dir='ltr'><strong>vel</strong></span> <span class='ocrx_word' id='word_1_209' title='bbox 377 840 545 875; x_wconf 88' lang='lat' dir='ltr'><strong>episcopum,</strong></span> <span class='ocrx_word' id='word_1_210' title='bbox 561 840 601 867; x_wconf 87' lang='lat' dir='ltr'><strong>vel</strong></span> <span class='ocrx_word' id='word_1_211' title='bbox 618 829 816 876; x_wconf 74' lang='lat' dir='ltr'><strong>presbyterum,</strong></span> <span class='ocrx_word' id='word_1_212' title='bbox 833 841 874 869; x_wconf 88' lang='lat' dir='ltr'><strong>vel</strong></span> <span class='ocrx_word' id='word_1_213' title='bbox 890 841 948 869; x_wconf 85' lang='lat' dir='ltr'><strong>dia-</strong></span> 
     </span>
    </p>
   </div>
   <div class='ocr_carea' id='block_1_34' title="bbox 1008 829 1791 876">
    <p class='ocr_par' dir='ltr' id='par_1_34' title="bbox 1008 837 1791 875">
     <span class='ocr_line' id='line_1_34' title="bbox 1008 837 1791 875; baseline 0.003 -11"><span class='ocrx_word' id='word_1_214' title='bbox 1008 837 1084 873; x_wconf 80' lang='grc' dir='ltr'>τον,ῆ</span> <span class='ocrx_word' id='word_1_215' title='bbox 1094 838 1290 875; x_wconf 76' lang='grc' dir='ltr'>πρεσϐύτερον,</span> <span class='ocrx_word' id='word_1_216' title='bbox 1303 839 1320 874; x_wconf 82' lang='grc' dir='ltr'>ἢ</span> <span class='ocrx_word' id='word_1_217' title='bbox 1336 839 1469 872; x_wconf 80' lang='grc' dir='ltr'>διάκονον,</span> <span class='ocrx_word' id='word_1_218' title='bbox 1478 840 1594 875; x_wconf 75' lang='grc' dir='ltr'>ῆὰπλῶς</span> <span class='ocrx_word' id='word_1_219' title='bbox 1603 849 1664 867; x_wconf 85' lang='grc' dir='ltr'>τινα</span> <span class='ocrx_word' id='word_1_220' title='bbox 1679 839 1724 867; x_wconf 85' lang='grc' dir='ltr'><strong>τοῦ</strong></span> <span class='ocrx_word' id='word_1_221' title='bbox 1739 849 1791 867; x_wconf 83' lang='grc' dir='ltr'>κα-</span> 
     </span>
    </p>
   </div>
   <div class='ocr_carea' id='block_1_35' title="bbox 162 885 949 920">
    <p class='ocr_par' dir='ltr' id='par_1_35' title="bbox 162 885 949 920">
     <span class='ocr_line' id='line_1_35' title="bbox 162 885 949 920; baseline 0 -6"><span class='ocrx_word' id='word_1_222' title='bbox 162 894 272 918; x_wconf 73' lang='lat' dir='ltr'><strong>conum,</strong></span> <span class='ocrx_word' id='word_1_223' title='bbox 291 885 331 913; x_wconf 91' lang='lat' dir='ltr'><strong>vel</strong></span> <span class='ocrx_word' id='word_1_224' title='bbox 346 886 467 920; x_wconf 84' lang='lat' dir='ltr'><strong>quemvis</strong></span> <span class='ocrx_word' id='word_1_225' title='bbox 483 885 565 913; x_wconf 88' lang='lat' dir='ltr'><strong>alium</strong></span> <span class='ocrx_word' id='word_1_226' title='bbox 590 893 622 913; x_wconf 83' lang='lat' dir='ltr'><strong>ex</strong></span> <span class='ocrx_word' id='word_1_227' title='bbox 637 886 762 920; x_wconf 79' lang='lat' dir='ltr'><strong>catalogo</strong></span> <span class='ocrx_word' id='word_1_228' title='bbox 787 886 949 914; x_wconf 81' lang='lat' dir='ltr'><strong>sacerdotali</strong></span> 
     </span>
    </p>
   </div>
   <div class='ocr_carea' id='block_1_36' title="bbox 165 932 952 966">
    <p class='ocr_par' dir='ltr' id='par_1_36' title="bbox 165 932 952 966">
     <span class='ocr_line' id='line_1_36' title="bbox 165 932 952 966; baseline 0 -6"><span class='ocrx_word' id='word_1_229' title='bbox 165 932 298 960; x_wconf 85' lang='lat' dir='ltr'><strong>volentem</strong></span> <span class='ocrx_word' id='word_1_230' title='bbox 315 933 357 959; x_wconf 87' lang='lat' dir='ltr'><strong>vel</strong></span> <span class='ocrx_word' id='word_1_231' title='bbox 370 932 493 964; x_wconf 88' lang='lat' dir='ltr'><strong>invitum,</strong></span> <span class='ocrx_word' id='word_1_232' title='bbox 511 932 809 966; x_wconf 71' lang='lat' dir='ltr'><strong>smcularibusjudiciis</strong></span> <span class='ocrx_word' id='word_1_233' title='bbox 822 933 881 960; x_wconf 86' lang='lat' dir='ltr'><strong>sisti</strong></span> <span class='ocrx_word' id='word_1_234' title='bbox 894 940 952 960; x_wconf 88' lang='lat' dir='ltr'><strong>sus-</strong></span> 
     </span>
    </p>
   </div>
   <div class='ocr_carea' id='block_1_37' title="bbox 165 977 950 1014">
    <p class='ocr_par' dir='ltr' id='par_1_37' title="bbox 165 977 950 1014">
     <span class='ocr_line' id='line_1_37' title="bbox 165 977 950 1014; baseline 0.001 -9"><span class='ocrx_word' id='word_1_235' title='bbox 165 977 293 1006; x_wconf 87' lang='lat' dir='ltr'><strong>tinemus.</strong></span> <span class='ocrx_word' id='word_1_236' title='bbox 322 977 350 1005; x_wconf 89' lang='lat' dir='ltr'><strong>Si</strong></span> <span class='ocrx_word' id='word_1_237' title='bbox 376 979 448 1005; x_wconf 89' lang='lat' dir='ltr'><strong>enim</strong></span> <span class='ocrx_word' id='word_1_238' title='bbox 479 979 541 1013; x_wconf 89' lang='lat' dir='ltr'><strong>quis</strong></span> <span class='ocrx_word' id='word_1_239' title='bbox 566 979 683 1014; x_wconf 83' lang='lat' dir='ltr'><strong>aliquem</strong></span> <span class='ocrx_word' id='word_1_240' title='bbox 702 979 950 1007; x_wconf 79' lang='lat' dir='ltr'><strong>ecclesiasticarum</strong></span> 
     </span>
    </p>
   </div>
   <div class='ocr_carea' id='block_1_38' title="bbox 163 1024 952 1058">
    <p class='ocr_par' dir='ltr' id='par_1_38' title="bbox 163 1024 952 1058">
     <span class='ocr_line' id='line_1_38' title="bbox 163 1024 952 1058; baseline 0.003 -8"><span class='ocrx_word' id='word_1_241' title='bbox 163 1024 279 1051; x_wconf 81' lang='lat' dir='ltr'><strong>invitum</strong></span> <span class='ocrx_word' id='word_1_242' title='bbox 293 1024 327 1051; x_wconf 89' lang='lat' dir='ltr'><strong>ad</strong></span> <span class='ocrx_word' id='word_1_243' title='bbox 338 1024 468 1051; x_wconf 67' lang='lat' dir='ltr'><strong>saeculare</strong></span> <span class='ocrx_word' id='word_1_244' title='bbox 480 1024 612 1058; x_wconf 83' lang='lat' dir='ltr'><strong>judicium</strong></span> <span class='ocrx_word' id='word_1_245' title='bbox 626 1024 725 1056; x_wconf 80' lang='lat' dir='ltr'><strong>trahat.</strong></span> <span class='ocrx_word' id='word_1_246' title='bbox 738 1032 753 1051; x_wconf 84' lang='lat' dir='ltr'><strong>a</strong></span> <span class='ocrx_word' id='word_1_247' title='bbox 768 1029 860 1052; x_wconf 85' lang='lat' dir='ltr'><strong>nostra</strong></span> <span class='ocrx_word' id='word_1_248' title='bbox 877 1033 952 1052; x_wconf 89' lang='lat' dir='ltr'><strong>sere-</strong></span> 
     </span>
    </p>
   </div>
   <div class='ocr_carea' id='block_1_39' title="bbox 164 1068 952 1102">
    <p class='ocr_par' dir='ltr' id='par_1_39' title="bbox 164 1068 952 1102">
     <span class='ocr_line' id='line_1_39' title="bbox 164 1068 952 1102; baseline 0.003 -7"><span class='ocrx_word' id='word_1_249' title='bbox 164 1069 249 1095; x_wconf 82' lang='lat' dir='ltr'><strong>nitate</strong></span> <span class='ocrx_word' id='word_1_250' title='bbox 262 1073 460 1102; x_wconf 88' lang='lat' dir='ltr'><strong>competentem</strong></span> <span class='ocrx_word' id='word_1_251' title='bbox 476 1068 620 1095; x_wconf 85' lang='lat' dir='ltr'><strong>sustinebit</strong></span> <span class='ocrx_word' id='word_1_252' title='bbox 631 1068 835 1096; x_wconf 88' lang='lat' dir='ltr'><strong>coercitionem.</strong></span> <span class='ocrx_word' id='word_1_253' title='bbox 847 1068 874 1096; x_wconf 89' lang='lat' dir='ltr'><strong>Si</strong></span> <span class='ocrx_word' id='word_1_254' title='bbox 888 1077 952 1097; x_wconf 87' lang='lat' dir='ltr'><strong>vero</strong></span> 
     </span>
    </p>
   </div>
   <div class='ocr_carea' id='block_1_40' title="bbox 165 1113 953 1149">
    <p class='ocr_par' dir='ltr' id='par_1_40' title="bbox 165 1113 953 1149">
     <span class='ocr_line' id='line_1_40' title="bbox 165 1113 953 1149; baseline 0.004 -9"><span class='ocrx_word' id='word_1_255' title='bbox 165 1113 264 1149; x_wconf 81' lang='lat' dir='ltr'><strong>aliquis</strong></span> <span class='ocrx_word' id='word_1_256' title='bbox 279 1113 451 1141; x_wconf 86' lang='lat' dir='ltr'><strong>sacerdotum</strong></span> <span class='ocrx_word' id='word_1_257' title='bbox 470 1113 593 1141; x_wconf 65' lang='lat' dir='ltr'><strong>seculari</strong></span> <span class='ocrx_word' id='word_1_258' title='bbox 617 1113 720 1148; x_wconf 88' lang='lat' dir='ltr'><strong>judicio</strong></span> <span class='ocrx_word' id='word_1_259' title='bbox 734 1122 764 1142; x_wconf 89' lang='lat' dir='ltr'><strong>se</strong></span> <span class='ocrx_word' id='word_1_260' title='bbox 782 1114 892 1148; x_wconf 84' lang='lat' dir='ltr'><strong>stiterit,</strong></span> <span class='ocrx_word' id='word_1_261' title='bbox 906 1120 953 1143; x_wconf 78' lang='lat' dir='ltr'><strong>aut</strong></span> 
     </span>
    </p>
   </div>
   <div class='ocr_carea' id='block_1_41' title="bbox 166 1158 952 1194">
    <p class='ocr_par' dir='ltr' id='par_1_41' title="bbox 166 1158 952 1194">
     <span class='ocr_line' id='line_1_41' title="bbox 166 1158 952 1194; baseline 0.003 -7"><span class='ocrx_word' id='word_1_262' title='bbox 166 1159 249 1187; x_wconf 88' lang='lat' dir='ltr'><strong>etiam</strong></span> <span class='ocrx_word' id='word_1_263' title='bbox 263 1159 336 1194; x_wconf 92' lang='lat' dir='ltr'><strong>prior</strong></span> <span class='ocrx_word' id='word_1_264' title='bbox 354 1158 411 1193; x_wconf 90' lang='lat' dir='ltr'><strong>ipse</strong></span> <span class='ocrx_word' id='word_1_265' title='bbox 425 1159 586 1186; x_wconf 88' lang='lat' dir='ltr'><strong>sententiam</strong></span> <span class='ocrx_word' id='word_1_266' title='bbox 601 1159 656 1187; x_wconf 89' lang='lat' dir='ltr'><strong>illic</strong></span> <span class='ocrx_word' id='word_1_267' title='bbox 674 1159 753 1187; x_wconf 83' lang='lat' dir='ltr'><strong>latam</strong></span> <span class='ocrx_word' id='word_1_268' title='bbox 767 1160 952 1189; x_wconf 83' lang='lat' dir='ltr'><strong>ecclesiastico</strong></span> 
     </span>
    </p>
   </div>
   <div class='ocr_carea' id='block_1_42' title="bbox 167 1204 952 1242">
    <p class='ocr_par' dir='ltr' id='par_1_42' title="bbox 167 1204 952 1242">
     <span class='ocr_line' id='line_1_42' title="bbox 167 1204 952 1242; baseline 0.004 -9"><span class='ocrx_word' id='word_1_269' title='bbox 167 1205 303 1233; x_wconf 86' lang='lat' dir='ltr'><strong>auditorio</strong></span> <span class='ocrx_word' id='word_1_270' title='bbox 321 1204 484 1240; x_wconf 56' lang='lat' dir='ltr'><strong>praetulerit;</strong></span> <span class='ocrx_word' id='word_1_271' title='bbox 517 1206 624 1233; x_wconf 87' lang='lat' dir='ltr'><strong>tametsi</strong></span> <span class='ocrx_word' id='word_1_272' title='bbox 648 1206 699 1233; x_wconf 82' lang='lat' dir='ltr'><strong>sibi</strong></span> <span class='ocrx_word' id='word_1_273' title='bbox 716 1208 760 1242; x_wconf 80' lang='lat' dir='ltr'><strong>jus</strong></span> <span class='ocrx_word' id='word_1_274' title='bbox 783 1207 848 1236; x_wconf 85' lang='lat' dir='ltr'><strong>inde</strong></span> <span class='ocrx_word' id='word_1_275' title='bbox 874 1208 952 1236; x_wconf 86' lang='lat' dir='ltr'><strong>reddi</strong></span> 
     </span>
    </p>
   </div>
   <div class='ocr_carea' id='block_1_43' title="bbox 166 1250 951 1286">
    <p class='ocr_par' dir='ltr' id='par_1_43' title="bbox 166 1250 951 1286">
     <span class='ocr_line' id='line_1_43' title="bbox 166 1250 951 1286; baseline 0.003 -9"><span class='ocrx_word' id='word_1_276' title='bbox 166 1255 252 1286; x_wconf 84' lang='lat' dir='ltr'><strong>putet,</strong></span> <span class='ocrx_word' id='word_1_277' title='bbox 274 1257 289 1277; x_wconf 89' lang='lat' dir='ltr'><strong>a</strong></span> <span class='ocrx_word' id='word_1_278' title='bbox 310 1250 395 1278; x_wconf 83' lang='lat' dir='ltr'><strong>sacris</strong></span> <span class='ocrx_word' id='word_1_279' title='bbox 408 1250 558 1278; x_wconf 86' lang='lat' dir='ltr'><strong>canonibus</strong></span> <span class='ocrx_word' id='word_1_280' title='bbox 577 1251 773 1278; x_wconf 88' lang='lat' dir='ltr'><strong>condemnatur</strong></span> <span class='ocrx_word' id='word_1_281' title='bbox 790 1260 796 1278; x_wconf 93' lang='lat'><strong>:</strong></span> <span class='ocrx_word' id='word_1_282' title='bbox 817 1251 861 1279; x_wconf 86' lang='lat' dir='ltr'><strong>ubi</strong></span> <span class='ocrx_word' id='word_1_283' title='bbox 879 1253 951 1280; x_wconf 86' lang='lat' dir='ltr'><strong>enim</strong></span> 
     </span>
    </p>
   </div>
   <div class='ocr_carea' id='block_1_44' title="bbox 166 1296 953 1333">
    <p class='ocr_par' dir='ltr' id='par_1_44' title="bbox 166 1296 953 1333">
     <span class='ocr_line' id='line_1_44' title="bbox 166 1296 953 1333; baseline 0.001 -9"><span class='ocrx_word' id='word_1_284' title='bbox 166 1297 264 1331; x_wconf 78' lang='lat' dir='ltr'><strong>dignus</strong></span> <span class='ocrx_word' id='word_1_285' title='bbox 276 1301 351 1325; x_wconf 83' lang='lat' dir='ltr'><strong>esset</strong></span> <span class='ocrx_word' id='word_1_286' title='bbox 375 1296 503 1331; x_wconf 89' lang='lat' dir='ltr'><strong>consequi</strong></span> <span class='ocrx_word' id='word_1_287' title='bbox 520 1303 579 1331; x_wconf 66' lang='lat' dir='ltr'><strong>qum</strong></span> <span class='ocrx_word' id='word_1_288' title='bbox 592 1296 737 1331; x_wconf 74' lang='lat' dir='ltr'><strong>desiderat,</strong></span> <span class='ocrx_word' id='word_1_289' title='bbox 754 1298 799 1333; x_wconf 89' lang='lat' dir='ltr'><strong>qui</strong></span> <span class='ocrx_word' id='word_1_290' title='bbox 822 1299 856 1327; x_wconf 85' lang='lat' dir='ltr'><strong>ab</strong></span> <span class='ocrx_word' id='word_1_291' title='bbox 875 1299 953 1326; x_wconf 90' lang='lat' dir='ltr'><strong>initio</strong></span> 
     </span>
    </p>
   </div>
   <div class='ocr_carea' id='block_1_45' title="bbox 170 1342 954 1379">
    <p class='ocr_par' dir='ltr' id='par_1_45' title="bbox 170 1342 954 1379">
     <span class='ocr_line' id='line_1_45' title="bbox 170 1342 954 1379; baseline 0.003 -10"><span class='ocrx_word' id='word_1_292' title='bbox 170 1342 364 1370; x_wconf 62' lang='lat' dir='ltr'><strong>controversia</strong></span> <span class='ocrx_word' id='word_1_293' title='bbox 378 1349 393 1369; x_wconf 87' lang='lat' dir='ltr'><strong>a</strong></span> <span class='ocrx_word' id='word_1_294' title='bbox 417 1342 518 1370; x_wconf 85' lang='lat' dir='ltr'><strong>divinis</strong></span> <span class='ocrx_word' id='word_1_295' title='bbox 537 1342 654 1370; x_wconf 84' lang='lat' dir='ltr'><strong>decretis</strong></span> <span class='ocrx_word' id='word_1_296' title='bbox 675 1343 837 1371; x_wconf 85' lang='lat' dir='ltr'><strong>contumelia</strong></span> <span class='ocrx_word' id='word_1_297' title='bbox 856 1344 954 1379; x_wconf 76' lang='lat' dir='ltr'><strong>dignus</strong></span> 
     </span>
    </p>
   </div>
   <div class='ocr_carea' id='block_1_46' title="bbox 163 1387 666 1423">
    <p class='ocr_par' dir='ltr' id='par_1_46' title="bbox 163 1387 666 1423">
     <span class='ocr_line' id='line_1_46' title="bbox 163 1387 666 1423; baseline 0.002 -8"><span class='ocrx_word' id='word_1_298' title='bbox 163 1387 298 1423; x_wconf 77' lang='lat' dir='ltr'><strong>judicatus</strong></span> <span class='ocrx_word' id='word_1_299' title='bbox 311 1388 355 1416; x_wconf 88' lang='lat' dir='ltr'><strong>sit.</strong></span> <span class='ocrx_word' id='word_1_300' title='bbox 662 1398 666 1399; x_wconf 50' lang='grc' dir='ltr'><em>ν</em></span> 
     </span>
    </p>
   </div>
   <div class='ocr_carea' id='block_1_47' title="bbox 203 1433 953 1470">
    <p class='ocr_par' dir='ltr' id='par_1_47' title="bbox 203 1433 953 1470">
     <span class='ocr_line' id='line_1_47' title="bbox 203 1433 953 1470; baseline 0.003 -9"><span class='ocrx_word' id='word_1_301' title='bbox 203 1433 247 1461; x_wconf 70' lang='grc'><strong>12.</strong></span> <span class='ocrx_word' id='word_1_302' title='bbox 262 1434 470 1462; x_wconf 83' lang='lat' dir='ltr'><strong>Amantissimos</strong></span> <span class='ocrx_word' id='word_1_303' title='bbox 487 1434 545 1462; x_wconf 84' lang='lat' dir='ltr'><strong>Deo</strong></span> <span class='ocrx_word' id='word_1_304' title='bbox 556 1435 698 1470; x_wconf 88' lang='lat' dir='ltr'><strong>episcopos</strong></span> <span class='ocrx_word' id='word_1_305' title='bbox 712 1443 792 1463; x_wconf 88' lang='lat' dir='ltr'><strong>nemo</strong></span> <span class='ocrx_word' id='word_1_306' title='bbox 809 1436 953 1470; x_wconf 69' lang='lat' dir='ltr'><strong>prmsidum</strong></span> 
     </span>
    </p>
   </div>
   <div class='ocr_carea' id='block_1_48' title="bbox 166 1480 951 1515">
    <p class='ocr_par' dir='ltr' id='par_1_48' title="bbox 166 1480 951 1515">
     <span class='ocr_line' id='line_1_48' title="bbox 166 1480 951 1515; baseline 0.003 -7"><span class='ocrx_word' id='word_1_307' title='bbox 166 1485 247 1515; x_wconf 81' lang='lat' dir='ltr'><strong>cogat</strong></span> <span class='ocrx_word' id='word_1_308' title='bbox 269 1480 302 1507; x_wconf 83' lang='lat' dir='ltr'><strong>ad</strong></span> <span class='ocrx_word' id='word_1_309' title='bbox 318 1480 448 1515; x_wconf 82' lang='lat' dir='ltr'><strong>judicium</strong></span> <span class='ocrx_word' id='word_1_310' title='bbox 471 1481 575 1513; x_wconf 85' lang='lat' dir='ltr'><strong>venire,</strong></span> <span class='ocrx_word' id='word_1_311' title='bbox 591 1487 620 1508; x_wconf 94' lang='lat' dir='ltr'><strong>ut</strong></span> <span class='ocrx_word' id='word_1_312' title='bbox 635 1481 818 1509; x_wconf 84' lang='lat' dir='ltr'><strong>testimonium</strong></span> <span class='ocrx_word' id='word_1_313' title='bbox 840 1483 951 1510; x_wconf 76' lang='lat' dir='ltr'><strong>dicunt:</strong></span> 
     </span>
    </p>
   </div>
   <div class='ocr_carea' id='block_1_49' title="bbox 167 1525 953 1564">
    <p class='ocr_par' dir='ltr' id='par_1_49' title="bbox 167 1525 953 1564">
     <span class='ocr_line' id='line_1_49' title="bbox 167 1525 953 1564; baseline 0.004 -11"><span class='ocrx_word' id='word_1_314' title='bbox 167 1525 216 1553; x_wconf 78' lang='lat' dir='ltr'><strong>sed</strong></span> <span class='ocrx_word' id='word_1_315' title='bbox 230 1525 315 1559; x_wconf 81' lang='lat' dir='ltr'><strong>judex</strong></span> <span class='ocrx_word' id='word_1_316' title='bbox 333 1526 423 1553; x_wconf 82' lang='lat' dir='ltr'><strong>mittat</strong></span> <span class='ocrx_word' id='word_1_317' title='bbox 445 1526 479 1554; x_wconf 85' lang='lat' dir='ltr'><strong>ad</strong></span> <span class='ocrx_word' id='word_1_318' title='bbox 500 1526 573 1561; x_wconf 86' lang='lat' dir='ltr'><strong>ipsos</strong></span> <span class='ocrx_word' id='word_1_319' title='bbox 596 1527 700 1562; x_wconf 88' lang='lat' dir='ltr'><strong>aliquos</strong></span> <span class='ocrx_word' id='word_1_320' title='bbox 715 1534 748 1555; x_wconf 80' lang='lat' dir='ltr'><strong>ex</strong></span> <span class='ocrx_word' id='word_1_321' title='bbox 770 1529 893 1562; x_wconf 86' lang='lat' dir='ltr'><strong>personis</strong></span> <span class='ocrx_word' id='word_1_322' title='bbox 907 1531 953 1564; x_wconf 92' lang='lat' dir='ltr'><strong>qui</strong></span> 
     </span>
    </p>
   </div>
   <div class='ocr_carea' id='block_1_50' title="bbox 168 1570 952 1608">
    <p class='ocr_par' dir='ltr' id='par_1_50' title="bbox 168 1570 952 1608">
     <span class='ocr_line' id='line_1_50' title="bbox 168 1570 952 1608; baseline 0.005 -10"><span class='ocrx_word' id='word_1_323' title='bbox 168 1570 196 1598; x_wconf 84' lang='lat' dir='ltr'><strong>in</strong></span> <span class='ocrx_word' id='word_1_324' title='bbox 207 1571 290 1605; x_wconf 85' lang='lat' dir='ltr'><strong>ipsius</strong></span> <span class='ocrx_word' id='word_1_325' title='bbox 301 1571 451 1599; x_wconf 85' lang='lat' dir='ltr'><strong>ministerio</strong></span> <span class='ocrx_word' id='word_1_326' title='bbox 463 1576 538 1604; x_wconf 83' lang='lat' dir='ltr'><strong>sunt,</strong></span> <span class='ocrx_word' id='word_1_327' title='bbox 552 1576 590 1604; x_wconf 89' lang='lat' dir='ltr'><strong>ut,</strong></span> <span class='ocrx_word' id='word_1_328' title='bbox 602 1577 682 1606; x_wconf 86' lang='lat' dir='ltr'><strong>prout</strong></span> <span class='ocrx_word' id='word_1_329' title='bbox 698 1573 855 1601; x_wconf 87' lang='lat' dir='ltr'><strong>sacerdotes</strong></span> <span class='ocrx_word' id='word_1_330' title='bbox 866 1576 952 1608; x_wconf 85' lang='lat' dir='ltr'><strong>decet,</strong></span> 
     </span>
    </p>
   </div>
   <div class='ocr_carea' id='block_1_51' title="bbox 169 1615 669 1652">
    <p class='ocr_par' dir='ltr' id='par_1_51' title="bbox 169 1615 669 1652">
     <span class='ocr_line' id='line_1_51' title="bbox 169 1615 669 1652; baseline 0.004 -9"><span class='ocrx_word' id='word_1_331' title='bbox 169 1623 260 1644; x_wconf 87' lang='lat' dir='ltr'><strong>coram</strong></span> <span class='ocrx_word' id='word_1_332' title='bbox 278 1615 333 1644; x_wconf 86' lang='lat' dir='ltr'><strong>Deo</strong></span> <span class='ocrx_word' id='word_1_333' title='bbox 351 1617 441 1644; x_wconf 84' lang='lat' dir='ltr'><strong>dicant</strong></span> <span class='ocrx_word' id='word_1_334' title='bbox 457 1624 517 1652; x_wconf 70' lang='lat' dir='ltr'><strong>qute</strong></span> <span class='ocrx_word' id='word_1_335' title='bbox 528 1623 669 1646; x_wconf 83' lang='lat' dir='ltr'><strong>noverunt.</strong></span> 
     </span>
    </p>
   </div>
   <div class='ocr_carea' id='block_1_52' title="bbox 205 1707 955 1746">
    <p class='ocr_par' dir='ltr' id='par_1_52' title="bbox 205 1707 955 1746">
     <span class='ocr_line' id='line_1_52' title="bbox 205 1707 955 1746; baseline 0.007 -12"><span class='ocrx_word' id='word_1_336' title='bbox 205 1708 251 1735; x_wconf 83' lang='grc'><strong>15.</strong></span> <span class='ocrx_word' id='word_1_337' title='bbox 277 1707 489 1736; x_wconf 80' lang='lat' dir='ltr'><strong>Amantissimos</strong></span> <span class='ocrx_word' id='word_1_338' title='bbox 511 1707 566 1736; x_wconf 86' lang='lat' dir='ltr'><strong>Deo</strong></span> <span class='ocrx_word' id='word_1_339' title='bbox 580 1708 723 1744; x_wconf 85' lang='lat' dir='ltr'><strong>episcopos</strong></span> <span class='ocrx_word' id='word_1_340' title='bbox 738 1710 764 1737; x_wconf 95' lang='lat' dir='ltr'><strong>in</strong></span> <span class='ocrx_word' id='word_1_341' title='bbox 780 1710 853 1738; x_wconf 85' lang='lat' dir='ltr'><strong>nulla</strong></span> <span class='ocrx_word' id='word_1_342' title='bbox 871 1719 955 1746; x_wconf 71' lang='lat' dir='ltr'><strong>pccu~</strong></span> 
     </span>
    </p>
   </div>
   <div class='ocr_carea' id='block_1_53' title="bbox 171 1754 954 1790">
    <p class='ocr_par' dir='ltr' id='par_1_53' title="bbox 171 1754 954 1790">
     <span class='ocr_line' id='line_1_53' title="bbox 171 1754 954 1790; baseline 0.006 -9"><span class='ocrx_word' id='word_1_343' title='bbox 171 1755 259 1782; x_wconf 82' lang='lat' dir='ltr'><strong>niaria</strong></span> <span class='ocrx_word' id='word_1_344' title='bbox 289 1761 370 1782; x_wconf 76' lang='lat' dir='ltr'><strong>causa</strong></span> <span class='ocrx_word' id='word_1_345' title='bbox 396 1754 429 1782; x_wconf 88' lang='lat' dir='ltr'><strong>ad</strong></span> <span class='ocrx_word' id='word_1_346' title='bbox 448 1754 554 1781; x_wconf 90' lang='lat' dir='ltr'><strong>civilem</strong></span> <span class='ocrx_word' id='word_1_347' title='bbox 577 1755 720 1790; x_wconf 68' lang='lat' dir='ltr'><strong>praesidem</strong></span> <span class='ocrx_word' id='word_1_348' title='bbox 741 1761 787 1784; x_wconf 88' lang='lat' dir='ltr'><strong>aut</strong></span> <span class='ocrx_word' id='word_1_349' title='bbox 811 1758 954 1786; x_wconf 83' lang='lat' dir='ltr'><strong>militarem</strong></span> 
     </span>
    </p>
   </div>
   <div class='ocr_carea' id='block_1_54' title="bbox 170 1799 956 1835">
    <p class='ocr_par' dir='ltr' id='par_1_54' title="bbox 170 1799 956 1835">
     <span class='ocr_line' id='line_1_54' title="bbox 170 1799 956 1835; baseline 0.005 -8"><span class='ocrx_word' id='word_1_350' title='bbox 170 1799 272 1827; x_wconf 86' lang='lat' dir='ltr'><strong>invitos</strong></span> <span class='ocrx_word' id='word_1_351' title='bbox 294 1799 386 1827; x_wconf 89' lang='lat' dir='ltr'><strong>venire</strong></span> <span class='ocrx_word' id='word_1_352' title='bbox 400 1799 540 1834; x_wconf 85' lang='lat' dir='ltr'><strong>principali</strong></span> <span class='ocrx_word' id='word_1_353' title='bbox 561 1800 685 1835; x_wconf 86' lang='lat' dir='ltr'><strong>jussione</strong></span> <span class='ocrx_word' id='word_1_354' title='bbox 700 1803 882 1830; x_wconf 84' lang='lat' dir='ltr'><strong>concedimus.</strong></span> <span class='ocrx_word' id='word_1_355' title='bbox 903 1803 956 1831; x_wconf 82' lang='lat' dir='ltr'><strong>Sed</strong></span> 
     </span>
    </p>
   </div>
   <div class='ocr_carea' id='block_1_55' title="bbox 169 1847 955 1883">
    <p class='ocr_par' dir='ltr' id='par_1_55' title="bbox 169 1847 955 1883">
     <span class='ocr_line' id='line_1_55' title="bbox 169 1847 955 1883; baseline 0.001 -9"><span class='ocrx_word' id='word_1_356' title='bbox 169 1847 312 1882; x_wconf 67' lang='lat' dir='ltr'><strong>praesidem</strong></span> <span class='ocrx_word' id='word_1_357' title='bbox 333 1847 378 1882; x_wconf 86' lang='lat' dir='ltr'><strong>qui</strong></span> <span class='ocrx_word' id='word_1_358' title='bbox 400 1847 427 1874; x_wconf 88' lang='lat' dir='ltr'><strong>id</strong></span> <span class='ocrx_word' id='word_1_359' title='bbox 449 1847 490 1874; x_wconf 91' lang='lat' dir='ltr'><strong>vel</strong></span> <span class='ocrx_word' id='word_1_360' title='bbox 503 1848 603 1882; x_wconf 88' lang='lat' dir='ltr'><strong>scripto</strong></span> <span class='ocrx_word' id='word_1_361' title='bbox 625 1848 666 1876; x_wconf 89' lang='lat' dir='ltr'><strong>vel</strong></span> <span class='ocrx_word' id='word_1_362' title='bbox 684 1849 745 1876; x_wconf 88' lang='lat' dir='ltr'><strong>sine</strong></span> <span class='ocrx_word' id='word_1_363' title='bbox 761 1849 863 1883; x_wconf 88' lang='lat' dir='ltr'><strong>scripto</strong></span> <span class='ocrx_word' id='word_1_364' title='bbox 879 1857 955 1876; x_wconf 91' lang='lat' dir='ltr'><strong>man-</strong></span> 
     </span>
    </p>
   </div>
   <div class='ocr_carea' id='block_1_56' title="bbox 170 1893 957 1930">
    <p class='ocr_par' dir='ltr' id='par_1_56' title="bbox 170 1893 957 1930">
     <span class='ocr_line' id='line_1_56' title="bbox 170 1893 957 1930; baseline 0.003 -10"><span class='ocrx_word' id='word_1_365' title='bbox 170 1893 236 1920; x_wconf 88' lang='lat' dir='ltr'><strong>dare</strong></span> <span class='ocrx_word' id='word_1_366' title='bbox 251 1900 333 1920; x_wconf 86' lang='lat' dir='ltr'><strong>ausus</strong></span> <span class='ocrx_word' id='word_1_367' title='bbox 347 1893 429 1920; x_wconf 81' lang='lat' dir='ltr'><strong>fuerit</strong></span> <span class='ocrx_word' id='word_1_368' title='bbox 442 1899 503 1928; x_wconf 87' lang='lat' dir='ltr'><strong>post</strong></span> <span class='ocrx_word' id='word_1_369' title='bbox 523 1893 622 1928; x_wconf 77' lang='lat' dir='ltr'><strong>cinguli</strong></span> <span class='ocrx_word' id='word_1_370' title='bbox 641 1899 687 1921; x_wconf 90' lang='lat' dir='ltr'><strong>aut</strong></span> <span class='ocrx_word' id='word_1_371' title='bbox 708 1894 846 1929; x_wconf 85' lang='lat' dir='ltr'><strong>dignitatis</strong></span> <span class='ocrx_word' id='word_1_372' title='bbox 863 1895 957 1930; x_wconf 90' lang='lat' dir='ltr'><strong>utique</strong></span> 
     </span>
    </p>
   </div>
   <div class='ocr_carea' id='block_1_57' title="bbox 169 1939 957 1976">
    <p class='ocr_par' dir='ltr' id='par_1_57' title="bbox 169 1939 957 1976">
     <span class='ocr_line' id='line_1_57' title="bbox 169 1939 957 1976; baseline 0.003 -10"><span class='ocrx_word' id='word_1_373' title='bbox 169 1939 348 1974; x_wconf 81' lang='lat' dir='ltr'><strong>privationem</strong></span> <span class='ocrx_word' id='word_1_374' title='bbox 364 1939 460 1974; x_wconf 77' lang='lat' dir='ltr'><strong>viginti</strong></span> <span class='ocrx_word' id='word_1_375' title='bbox 481 1939 539 1966; x_wconf 81' lang='lat' dir='ltr'><strong>auri</strong></span> <span class='ocrx_word' id='word_1_376' title='bbox 559 1939 668 1967; x_wconf 91' lang='lat' dir='ltr'><strong>multari</strong></span> <span class='ocrx_word' id='word_1_377' title='bbox 689 1939 828 1975; x_wconf 89' lang='lat' dir='ltr'><strong>jubcmus,</strong></span> <span class='ocrx_word' id='word_1_378' title='bbox 844 1940 957 1976; x_wconf 81' lang='lat' dir='ltr'><strong>darique</strong></span> 
     </span>
    </p>
   </div>
   <div class='ocr_carea' id='block_1_58' title="bbox 169 1985 957 2022">
    <p class='ocr_par' dir='ltr' id='par_1_58' title="bbox 169 1985 957 2022">
     <span class='ocr_line' id='line_1_58' title="bbox 169 1985 957 2022; baseline 0.003 -10"><span class='ocrx_word' id='word_1_379' title='bbox 169 1992 217 2013; x_wconf 86' lang='lat' dir='ltr'><strong>eas</strong></span> <span class='ocrx_word' id='word_1_380' title='bbox 231 1985 368 2018; x_wconf 62' lang='lat' dir='ltr'><strong>Ecclesiae,</strong></span> <span class='ocrx_word' id='word_1_381' title='bbox 381 1985 458 2020; x_wconf 88' lang='lat' dir='ltr'><strong>cujus</strong></span> <span class='ocrx_word' id='word_1_382' title='bbox 475 1986 618 2022; x_wconf 86' lang='lat' dir='ltr'><strong>episcopus</strong></span> <span class='ocrx_word' id='word_1_383' title='bbox 635 1987 668 2014; x_wconf 86' lang='lat' dir='ltr'><strong>ad</strong></span> <span class='ocrx_word' id='word_1_384' title='bbox 685 1986 771 2021; x_wconf 90' lang='lat' dir='ltr'><strong>ipsum</strong></span> <span class='ocrx_word' id='word_1_385' title='bbox 785 1987 879 2014; x_wconf 88' lang='lat' dir='ltr'><strong>vcnirc</strong></span> <span class='ocrx_word' id='word_1_386' title='bbox 895 1994 957 2014; x_wconf 86' lang='lat' dir='ltr'><strong>coa-</strong></span> 
     </span>
    </p>
   </div>
   <div class='ocr_carea' id='block_1_59' title="bbox 170 2030 309 2058">
    <p class='ocr_par' dir='ltr' id='par_1_59' title="bbox 170 2030 309 2058">
     <span class='ocr_line' id='line_1_59' title="bbox 170 2030 309 2058; baseline -0.007 0"><span class='ocrx_word' id='word_1_387' title='bbox 170 2034 230 2058; x_wconf 86' lang='lat' dir='ltr'><strong>ctus</strong></span> <span class='ocrx_word' id='word_1_388' title='bbox 249 2030 309 2058; x_wconf 75' lang='lat' dir='ltr'><strong>fuit.</strong></span> 
     </span>
    </p>
   </div>
   <div class='ocr_carea' id='block_1_60' title="bbox 208 2122 958 2162">
    <p class='ocr_par' dir='ltr' id='par_1_60' title="bbox 208 2122 958 2162">
     <span class='ocr_line' id='line_1_60' title="bbox 208 2122 958 2162; baseline 0.007 -13"><span class='ocrx_word' id='word_1_389' title='bbox 208 2122 252 2150; x_wconf 74' lang='grc'><strong>11.</strong></span> <span class='ocrx_word' id='word_1_390' title='bbox 269 2123 476 2151; x_wconf 84' lang='lat' dir='ltr'><strong>Accusationem</strong></span> <span class='ocrx_word' id='word_1_391' title='bbox 491 2124 641 2153; x_wconf 83' lang='lat' dir='ltr'><strong>sacerdotis</strong></span> <span class='ocrx_word' id='word_1_392' title='bbox 656 2132 734 2153; x_wconf 90' lang='lat' dir='ltr'><strong>nemo</strong></span> <span class='ocrx_word' id='word_1_393' title='bbox 746 2125 875 2154; x_wconf 77' lang='lat' dir='ltr'><strong>laicorum</strong></span> <span class='ocrx_word' id='word_1_394' title='bbox 891 2134 958 2162; x_wconf 82' lang='lat' dir='ltr'><strong>prae-</strong></span> 
     </span>
    </p>
   </div>
   <div class='ocr_carea' id='block_1_61' title="bbox 1000 884 1790 921">
    <p class='ocr_par' dir='ltr' id='par_1_61' title="bbox 1000 884 1790 921">
     <span class='ocr_line' id='line_1_61' title="bbox 1000 884 1790 921; baseline 0.001 -11"><span class='ocrx_word' id='word_1_395' title='bbox 1000 884 1115 919; x_wconf 77' lang='grc' dir='ltr'>ταλόγου</span> <span class='ocrx_word' id='word_1_396' title='bbox 1140 885 1188 912; x_wconf 82' lang='grc' dir='ltr'><strong>τοῦ</strong></span> <span class='ocrx_word' id='word_1_397' title='bbox 1212 885 1362 921; x_wconf 74' lang='grc' dir='ltr'>ἱερατικοῦ,</span> <span class='ocrx_word' id='word_1_398' title='bbox 1384 885 1510 921; x_wconf 78' lang='grc' dir='ltr'>ἄκονταῆ</span> <span class='ocrx_word' id='word_1_399' title='bbox 1528 886 1625 913; x_wconf 76' lang='grc' dir='ltr'>ἑκόντα</span> <span class='ocrx_word' id='word_1_400' title='bbox 1637 886 1790 921; x_wconf 77' lang='grc' dir='ltr'>κριτηρίοις</span> 
     </span>
    </p>
   </div>
   <div class='ocr_carea' id='block_1_62' title="bbox 1001 931 1791 968">
    <p class='ocr_par' dir='ltr' id='par_1_62' title="bbox 1001 931 1791 968">
     <span class='ocr_line' id='line_1_62' title="bbox 1001 931 1791 968; baseline 0.001 -11"><span class='ocrx_word' id='word_1_401' title='bbox 1001 932 1145 965; x_wconf 81' lang='grc' dir='ltr'>κοσμικοῖς</span> <span class='ocrx_word' id='word_1_402' title='bbox 1170 931 1356 967; x_wconf 80' lang='grc' dir='ltr'>παρίστασθαι</span> <span class='ocrx_word' id='word_1_403' title='bbox 1372 932 1536 968; x_wconf 83' lang='grc' dir='ltr'>ἀνεχόμεθα.</span> <span class='ocrx_word' id='word_1_404' title='bbox 1553 933 1584 959; x_wconf 81' lang='grc' dir='ltr'><strong>Εἰ</strong></span> <span class='ocrx_word' id='word_1_405' title='bbox 1607 932 1662 968; x_wconf 75' lang='grc' dir='ltr'>γὰρ</span> <span class='ocrx_word' id='word_1_406' title='bbox 1688 932 1791 959; x_wconf 73' lang='grc' dir='ltr'>ἄκοντά</span> 
     </span>
    </p>
   </div>
   <div class='ocr_carea' id='block_1_63' title="bbox 1001 977 1790 1014">
    <p class='ocr_par' dir='ltr' id='par_1_63' title="bbox 1001 977 1790 1014">
     <span class='ocr_line' id='line_1_63' title="bbox 1001 977 1790 1014; baseline 0.003 -12"><span class='ocrx_word' id='word_1_407' title='bbox 1001 984 1043 1008; x_wconf 88' lang='grc' dir='ltr'><strong>τις</strong></span> <span class='ocrx_word' id='word_1_408' title='bbox 1059 977 1121 1011; x_wconf 84' lang='grc' dir='ltr'>ἄγοι</span> <span class='ocrx_word' id='word_1_409' title='bbox 1139 977 1201 1004; x_wconf 83' lang='grc' dir='ltr'>τινὰ</span> <span class='ocrx_word' id='word_1_410' title='bbox 1229 977 1283 1004; x_wconf 83' lang='grc' dir='ltr'><strong>τῶν</strong></span> <span class='ocrx_word' id='word_1_411' title='bbox 1298 978 1535 1012; x_wconf 85' lang='grc' dir='ltr'>ὲκκλησιαστικῶν</span> <span class='ocrx_word' id='word_1_412' title='bbox 1562 978 1629 1014; x_wconf 81' lang='grc' dir='ltr'>πρὸς</span> <span class='ocrx_word' id='word_1_413' title='bbox 1647 978 1790 1013; x_wconf 81' lang='grc' dir='ltr'>κριτήριον</span> 
     </span>
    </p>
   </div>
   <div class='ocr_carea' id='block_1_64' title="bbox 1002 1023 1791 1059">
    <p class='ocr_par' dir='ltr' id='par_1_64' title="bbox 1002 1023 1791 1059">
     <span class='ocr_line' id='line_1_64' title="bbox 1002 1023 1791 1059; baseline 0.001 -11"><span class='ocrx_word' id='word_1_414' title='bbox 1002 1023 1146 1057; x_wconf 82' lang='grc' dir='ltr'>κοσμικδν,</span> <span class='ocrx_word' id='word_1_415' title='bbox 1157 1023 1232 1058; x_wconf 81' lang='grc' dir='ltr'>παρὰ</span> <span class='ocrx_word' id='word_1_416' title='bbox 1248 1024 1297 1058; x_wconf 76' lang='grc' dir='ltr'>τῆς</span> <span class='ocrx_word' id='word_1_417' title='bbox 1312 1024 1450 1059; x_wconf 82' lang='grc' dir='ltr'>ἡμετέρας</span> <span class='ocrx_word' id='word_1_418' title='bbox 1459 1023 1642 1059; x_wconf 78' lang='grc' dir='ltr'>γαληνότητος</span> <span class='ocrx_word' id='word_1_419' title='bbox 1656 1024 1705 1059; x_wconf 81' lang='grc' dir='ltr'>τὴν</span> <span class='ocrx_word' id='word_1_420' title='bbox 1722 1024 1791 1058; x_wconf 79' lang='grc' dir='ltr'>πρέ-</span> 
     </span>
    </p>
   </div>
   <div class='ocr_carea' id='block_1_65' title="bbox 1003 1067 1791 1104">
    <p class='ocr_par' dir='ltr' id='par_1_65' title="bbox 1003 1067 1791 1104">
     <span class='ocr_line' id='line_1_65' title="bbox 1003 1067 1791 1104; baseline 0.001 -10"><span class='ocrx_word' id='word_1_421' title='bbox 1003 1076 1106 1095; x_wconf 81' lang='grc' dir='ltr'>πουσαν</span> <span class='ocrx_word' id='word_1_422' title='bbox 1123 1068 1306 1103; x_wconf 80' lang='grc' dir='ltr'>ὑποστήσεται</span> <span class='ocrx_word' id='word_1_423' title='bbox 1326 1068 1485 1095; x_wconf 69' lang='grc' dir='ltr'>παίδευσινι</span> <span class='ocrx_word' id='word_1_424' title='bbox 1503 1070 1527 1095; x_wconf 79' lang='grc' dir='ltr'>εἰ</span> <span class='ocrx_word' id='word_1_425' title='bbox 1549 1069 1576 1095; x_wconf 77' lang='grc' dir='ltr'><strong>δὲ</strong></span> <span class='ocrx_word' id='word_1_426' title='bbox 1592 1067 1662 1095; x_wconf 78' lang='grc' dir='ltr'>ἑκὼν</span> <span class='ocrx_word' id='word_1_427' title='bbox 1681 1070 1695 1095; x_wconf 81' lang='grc' dir='ltr'><strong><em>ὁ</em></strong></span> <span class='ocrx_word' id='word_1_428' title='bbox 1713 1069 1791 1104; x_wconf 69' lang='grc' dir='ltr'>ἱερα-</span> 
     </span>
    </p>
   </div>
   <div class='ocr_carea' id='block_1_66' title="bbox 1002 1113 1790 1150">
    <p class='ocr_par' dir='ltr' id='par_1_66' title="bbox 1002 1113 1790 1150">
     <span class='ocr_line' id='line_1_66' title="bbox 1002 1113 1790 1150; baseline 0.004 -11"><span class='ocrx_word' id='word_1_429' title='bbox 1002 1113 1077 1145; x_wconf 83' lang='grc' dir='ltr'>τικδς</span> <span class='ocrx_word' id='word_1_430' title='bbox 1090 1113 1128 1149; x_wconf 81' lang='grc' dir='ltr'>τῷ</span> <span class='ocrx_word' id='word_1_431' title='bbox 1141 1113 1264 1149; x_wconf 84' lang='grc' dir='ltr'>κοσμικῷ</span> <span class='ocrx_word' id='word_1_432' title='bbox 1276 1114 1411 1150; x_wconf 84' lang='grc' dir='ltr'>κριτηρίῳ</span> <span class='ocrx_word' id='word_1_433' title='bbox 1432 1116 1570 1150; x_wconf 84' lang='grc' dir='ltr'>παραστῇ,</span> <span class='ocrx_word' id='word_1_434' title='bbox 1592 1115 1608 1150; x_wconf 82' lang='grc' dir='ltr'>ἢ</span> <span class='ocrx_word' id='word_1_435' title='bbox 1622 1115 1670 1142; x_wconf 71' lang='grc' dir='ltr'>καὶ</span> <span class='ocrx_word' id='word_1_436' title='bbox 1682 1115 1790 1150; x_wconf 79' lang='grc' dir='ltr'>πρῶτος</span> 
     </span>
    </p>
   </div>
   <div class='ocr_carea' id='block_1_67' title="bbox 1003 1158 1790 1196">
    <p class='ocr_par' dir='ltr' id='par_1_67' title="bbox 1003 1158 1790 1196">
     <span class='ocr_line' id='line_1_67' title="bbox 1003 1158 1790 1196; baseline 0.004 -12"><span class='ocrx_word' id='word_1_437' title='bbox 1003 1158 1052 1194; x_wconf 80' lang='grc' dir='ltr'>τὴν</span> <span class='ocrx_word' id='word_1_438' title='bbox 1064 1158 1168 1186; x_wconf 74' lang='grc' dir='ltr'>ἐκεῖθεν</span> <span class='ocrx_word' id='word_1_439' title='bbox 1180 1159 1272 1195; x_wconf 87' lang='grc' dir='ltr'>κρίσιν</span> <span class='ocrx_word' id='word_1_440' title='bbox 1297 1159 1344 1186; x_wconf 87' lang='grc' dir='ltr'><strong>τοῦ</strong></span> <span class='ocrx_word' id='word_1_441' title='bbox 1360 1160 1589 1195; x_wconf 79' lang='grc' dir='ltr'>ὲκκλησιαστικοῦ</span> <span class='ocrx_word' id='word_1_442' title='bbox 1606 1161 1790 1196; x_wconf 76' lang='grc' dir='ltr'>ἀκροατηρίου</span> 
     </span>
    </p>
   </div>
   <div class='ocr_carea' id='block_1_68' title="bbox 1003 1202 1791 1243">
    <p class='ocr_par' dir='ltr' id='par_1_68' title="bbox 1003 1202 1791 1243">
     <span class='ocr_line' id='line_1_68' title="bbox 1003 1202 1791 1243; baseline 0.004 -12"><span class='ocrx_word' id='word_1_443' title='bbox 1003 1207 1214 1241; x_wconf 82' lang='grc' dir='ltr'>προτιμήσαιτο,</span> <span class='ocrx_word' id='word_1_444' title='bbox 1232 1202 1311 1239; x_wconf 72' lang='grc' dir='ltr'>οὗτος</span> <span class='ocrx_word' id='word_1_445' title='bbox 1336 1206 1388 1233; x_wconf 82' lang='grc' dir='ltr'>κᾶν</span> <span class='ocrx_word' id='word_1_446' title='bbox 1411 1206 1516 1233; x_wconf 83' lang='grc' dir='ltr'>ἐκεῖθεν</span> <span class='ocrx_word' id='word_1_447' title='bbox 1532 1208 1628 1243; x_wconf 77' lang='grc' dir='ltr'>νομίσῃ</span> <span class='ocrx_word' id='word_1_448' title='bbox 1643 1208 1673 1234; x_wconf 82' lang='grc' dir='ltr'>τὸ</span> <span class='ocrx_word' id='word_1_449' title='bbox 1687 1207 1791 1234; x_wconf 77' lang='grc' dir='ltr'>δίκαιον</span> 
     </span>
    </p>
   </div>
   <div class='ocr_carea' id='block_1_69' title="bbox 1003 1245 1791 1286">
    <p class='ocr_par' dir='ltr' id='par_1_69' title="bbox 1003 1245 1791 1286">
     <span class='ocr_line' id='line_1_69' title="bbox 1003 1245 1791 1286; baseline 0.004 -10"><span class='ocrx_word' id='word_1_450' title='bbox 1003 1249 1106 1282; x_wconf 80' lang='grc' dir='ltr'>λαϐεῖν,</span> <span class='ocrx_word' id='word_1_451' title='bbox 1124 1250 1175 1277; x_wconf 77' lang='grc' dir='ltr'><strong>ὑπὸ</strong></span> <span class='ocrx_word' id='word_1_452' title='bbox 1186 1250 1240 1277; x_wconf 83' lang='grc' dir='ltr'><strong>τῶν</strong></span> <span class='ocrx_word' id='word_1_453' title='bbox 1258 1251 1338 1286; x_wconf 71' lang='grc' dir='ltr'>ἱερῶν</span> <span class='ocrx_word' id='word_1_454' title='bbox 1352 1245 1472 1278; x_wconf 65' lang='grc' dir='ltr'>κανόνων</span> <span class='ocrx_word' id='word_1_455' title='bbox 1496 1251 1723 1285; x_wconf 73' lang='grc' dir='ltr'>καταδικάζεται·</span> <span class='ocrx_word' id='word_1_456' title='bbox 1737 1252 1791 1279; x_wconf 87' lang='grc' dir='ltr'><strong>ποῦ</strong></span> 
     </span>
    </p>
   </div>
   <div class='ocr_carea' id='block_1_70' title="bbox 1003 1293 1792 1333">
    <p class='ocr_par' dir='ltr' id='par_1_70' title="bbox 1003 1293 1792 1333">
     <span class='ocr_line' id='line_1_70' title="bbox 1003 1293 1792 1333; baseline 0.004 -11"><span class='ocrx_word' id='word_1_457' title='bbox 1003 1296 1057 1331; x_wconf 81' lang='grc' dir='ltr'><strong>γὰρ</strong></span> <span class='ocrx_word' id='word_1_458' title='bbox 1073 1296 1147 1328; x_wconf 76' lang='grc' dir='ltr'>ἄξιος</span> <span class='ocrx_word' id='word_1_459' title='bbox 1167 1298 1258 1332; x_wconf 84' lang='grc' dir='ltr'>τυχεῖν</span> <span class='ocrx_word' id='word_1_460' title='bbox 1273 1293 1310 1323; x_wconf 81' lang='grc' dir='ltr'>ὧν</span> <span class='ocrx_word' id='word_1_461' title='bbox 1325 1296 1412 1332; x_wconf 79' lang='grc' dir='ltr'>ζητεῖ,</span> <span class='ocrx_word' id='word_1_462' title='bbox 1438 1297 1453 1324; x_wconf 85' lang='grc' dir='ltr'><strong>ὁ</strong></span> <span class='ocrx_word' id='word_1_463' title='bbox 1474 1297 1523 1333; x_wconf 82' lang='grc' dir='ltr'>τὴν</span> <span class='ocrx_word' id='word_1_464' title='bbox 1548 1298 1635 1333; x_wconf 82' lang='grc' dir='ltr'>ἀρχὴν</span> <span class='ocrx_word' id='word_1_465' title='bbox 1650 1297 1696 1324; x_wconf 86' lang='grc' dir='ltr'><strong>τοῦ</strong></span> <span class='ocrx_word' id='word_1_466' title='bbox 1718 1298 1792 1332; x_wconf 77' lang='grc' dir='ltr'>ἀγῶ-</span> 
     </span>
    </p>
   </div>
   <div class='ocr_carea' id='block_1_71' title="bbox 1004 1342 1833 1380">
    <p class='ocr_par' dir='ltr' id='par_1_71' title="bbox 1004 1342 1833 1380">
     <span class='ocr_line' id='line_1_71' title="bbox 1004 1342 1833 1380; baseline 0.004 -12"><span class='ocrx_word' id='word_1_467' title='bbox 1004 1350 1049 1374; x_wconf 85' lang='grc' dir='ltr'><strong>νος</strong></span> <span class='ocrx_word' id='word_1_468' title='bbox 1072 1342 1126 1368; x_wconf 66' lang='grc' dir='ltr'><strong>ἀπο</strong></span> <span class='ocrx_word' id='word_1_469' title='bbox 1148 1343 1197 1378; x_wconf 75' lang='grc' dir='ltr'>τῆς</span> <span class='ocrx_word' id='word_1_470' title='bbox 1226 1343 1280 1370; x_wconf 82' lang='grc' dir='ltr'><strong>τῶν</strong></span> <span class='ocrx_word' id='word_1_471' title='bbox 1310 1343 1391 1371; x_wconf 80' lang='grc' dir='ltr'>θείων</span> <span class='ocrx_word' id='word_1_472' title='bbox 1413 1343 1522 1379; x_wconf 83' lang='grc' dir='ltr'>θεσμῶν</span> <span class='ocrx_word' id='word_1_473' title='bbox 1550 1343 1788 1380; x_wconf 78' lang='grc' dir='ltr'>καταῦαλλόμενος</span> <span class='ocrx_word' id='word_1_474' title='bbox 1827 1343 1833 1349; x_wconf 87' lang='grc'><em>’</em></span> 
     </span>
    </p>
   </div>
   <div class='ocr_carea' id='block_1_72' title="bbox 1005 1387 1121 1423">
    <p class='ocr_par' dir='ltr' id='par_1_72' title="bbox 1005 1387 1121 1423">
     <span class='ocr_line' id='line_1_72' title="bbox 1005 1387 1121 1423; baseline 0 -9"><span class='ocrx_word' id='word_1_475' title='bbox 1005 1387 1121 1423; x_wconf 79' lang='grc' dir='ltr'>ὕϐρεως.</span> 
     </span>
    </p>
   </div>
   <div class='ocr_carea' id='block_1_73' title="bbox 1042 1434 1794 1471">
    <p class='ocr_par' dir='ltr' id='par_1_73' title="bbox 1042 1434 1794 1471">
     <span class='ocr_line' id='line_1_73' title="bbox 1042 1434 1794 1471; baseline 0.001 -10"><span class='ocrx_word' id='word_1_476' title='bbox 1042 1434 1084 1469; x_wconf 79' lang='grc' dir='ltr'><strong>ιβ’.</strong></span> <span class='ocrx_word' id='word_1_477' title='bbox 1111 1435 1180 1466; x_wconf 84' lang='grc' dir='ltr'>Τοὺς</span> <span class='ocrx_word' id='word_1_478' title='bbox 1206 1434 1439 1470; x_wconf 80' lang='grc' dir='ltr'>θεοφιλεστάτους,</span> <span class='ocrx_word' id='word_1_479' title='bbox 1459 1435 1547 1467; x_wconf 80' lang='grc' dir='ltr'>οὐδεὶς</span> <span class='ocrx_word' id='word_1_480' title='bbox 1570 1436 1624 1462; x_wconf 87' lang='grc' dir='ltr'><strong>τῶν</strong></span> <span class='ocrx_word' id='word_1_481' title='bbox 1652 1435 1794 1471; x_wconf 83' lang='grc' dir='ltr'>ἀρχόντων</span> 
     </span>
    </p>
   </div>
   <div class='ocr_carea' id='block_1_74' title="bbox 1005 1480 1786 1515">
    <p class='ocr_par' dir='ltr' id='par_1_74' title="bbox 1005 1480 1786 1515">
     <span class='ocr_line' id='line_1_74' title="bbox 1005 1480 1786 1515; baseline 0 -9"><span class='ocrx_word' id='word_1_482' title='bbox 1005 1480 1156 1514; x_wconf 78' lang='grc' dir='ltr'>ἀναγκάσει</span> <span class='ocrx_word' id='word_1_483' title='bbox 1182 1481 1221 1511; x_wconf 76' lang='grc' dir='ltr'>εἰς</span> <span class='ocrx_word' id='word_1_484' title='bbox 1246 1480 1422 1515; x_wconf 74' lang='grc' dir='ltr'>δικαστήριον</span> <span class='ocrx_word' id='word_1_485' title='bbox 1451 1480 1665 1514; x_wconf 63' lang='grc' dir='ltr'>παραγενέσθαι,</span> <span class='ocrx_word' id='word_1_486' title='bbox 1692 1480 1786 1507; x_wconf 80' lang='grc' dir='ltr'>δοῦναι</span> 
     </span>
    </p>
   </div>
   <div class='ocr_carea' id='block_1_75' title="bbox 1006 1525 1789 1561">
    <p class='ocr_par' dir='ltr' id='par_1_75' title="bbox 1006 1525 1789 1561">
     <span class='ocr_line' id='line_1_75' title="bbox 1006 1525 1789 1561; baseline 0.001 -10"><span class='ocrx_word' id='word_1_487' title='bbox 1006 1525 1171 1560; x_wconf 84' lang='grc' dir='ltr'>μαρτυρίαν,</span> <span class='ocrx_word' id='word_1_488' title='bbox 1199 1525 1256 1551; x_wconf 81' lang='grc' dir='ltr'>ἀλλ’</span> <span class='ocrx_word' id='word_1_489' title='bbox 1277 1526 1290 1552; x_wconf 83' lang='grc' dir='ltr'>ὁ</span> <span class='ocrx_word' id='word_1_490' title='bbox 1302 1525 1431 1560; x_wconf 85' lang='grc' dir='ltr'>δικαστὴς</span> <span class='ocrx_word' id='word_1_491' title='bbox 1450 1526 1582 1561; x_wconf 78' lang='grc' dir='ltr'>πεμπέτω</span> <span class='ocrx_word' id='word_1_492' title='bbox 1607 1526 1674 1561; x_wconf 82' lang='grc' dir='ltr'>πρὸς</span> <span class='ocrx_word' id='word_1_493' title='bbox 1689 1525 1789 1557; x_wconf 74' lang='grc' dir='ltr'>αὐτοὺς</span> 
     </span>
    </p>
   </div>
   <div class='ocr_carea' id='block_1_76' title="bbox 1004 1563 1792 1606">
    <p class='ocr_par' dir='ltr' id='par_1_76' title="bbox 1004 1563 1792 1606">
     <span class='ocr_line' id='line_1_76' title="bbox 1004 1563 1792 1606; baseline 0 -9"><span class='ocrx_word' id='word_1_494' title='bbox 1004 1571 1080 1602; x_wconf 77' lang='grc' dir='ltr'>τινὰς</span> <span class='ocrx_word' id='word_1_495' title='bbox 1101 1572 1133 1597; x_wconf 79' lang='grc' dir='ltr'>ὲκ</span> <span class='ocrx_word' id='word_1_496' title='bbox 1150 1571 1204 1597; x_wconf 82' lang='grc' dir='ltr'><strong>τῶν</strong></span> <span class='ocrx_word' id='word_1_497' title='bbox 1222 1570 1374 1606; x_wconf 84' lang='grc' dir='ltr'>προσώπων</span> <span class='ocrx_word' id='word_1_498' title='bbox 1390 1571 1444 1598; x_wconf 83' lang='grc' dir='ltr'><strong>τῶν</strong></span> <span class='ocrx_word' id='word_1_499' title='bbox 1459 1563 1691 1606; x_wconf 80' lang='grc' dir='ltr'>ὑπηρετουμένων</span> <span class='ocrx_word' id='word_1_500' title='bbox 1704 1571 1792 1606; x_wconf 67' lang='grc' dir='ltr'>αὐτῷ,</span> 
     </span>
    </p>
   </div>
   <div class='ocr_carea' id='block_1_77' title="bbox 1005 1616 1791 1653">
    <p class='ocr_par' dir='ltr' id='par_1_77' title="bbox 1005 1616 1791 1653">
     <span class='ocr_line' id='line_1_77' title="bbox 1005 1616 1791 1653; baseline 0 -10"><span class='ocrx_word' id='word_1_501' title='bbox 1005 1616 1049 1643; x_wconf 79' lang='grc' dir='ltr'>ἵνα</span> <span class='ocrx_word' id='word_1_502' title='bbox 1064 1618 1134 1643; x_wconf 85' lang='grc' dir='ltr'><strong>κατά</strong></span> <span class='ocrx_word' id='word_1_503' title='bbox 1146 1617 1175 1644; x_wconf 78' lang='grc' dir='ltr'>τὸ</span> <span class='ocrx_word' id='word_1_504' title='bbox 1200 1617 1306 1653; x_wconf 84' lang='grc' dir='ltr'>πρέπον</span> <span class='ocrx_word' id='word_1_505' title='bbox 1328 1617 1446 1653; x_wconf 76' lang='grc' dir='ltr'>ἱερεῦσιν</span> <span class='ocrx_word' id='word_1_506' title='bbox 1459 1618 1574 1645; x_wconf 75' lang='grc' dir='ltr'>ἐνώπιον</span> <span class='ocrx_word' id='word_1_507' title='bbox 1588 1617 1655 1644; x_wconf 72' lang='grc' dir='ltr'>Θεοῦ</span> <span class='ocrx_word' id='word_1_508' title='bbox 1677 1617 1791 1644; x_wconf 81' lang='grc' dir='ltr'>εἴπωσιν</span> 
     </span>
    </p>
   </div>
   <div class='ocr_carea' id='block_1_78' title="bbox 967 1661 1230 1696">
    <p class='ocr_par' dir='ltr' id='par_1_78' title="bbox 967 1661 1230 1696">
     <span class='ocr_line' id='line_1_78' title="bbox 967 1661 1230 1696; baseline 0 -8"><span class='ocrx_word' id='word_1_509' title='bbox 967 1670 970 1673; x_wconf 95' lang='grc'>·</span> <span class='ocrx_word' id='word_1_510' title='bbox 1005 1661 1023 1689; x_wconf 80' lang='grc' dir='ltr'>ἂ</span> <span class='ocrx_word' id='word_1_511' title='bbox 1038 1662 1230 1696; x_wconf 86' lang='grc' dir='ltr'>γινώσκουσιν.</span> 
     </span>
    </p>
   </div>
   <div class='ocr_carea' id='block_1_79' title="bbox 1043 1708 1790 1744">
    <p class='ocr_par' dir='ltr' id='par_1_79' title="bbox 1043 1708 1790 1744">
     <span class='ocr_line' id='line_1_79' title="bbox 1043 1708 1790 1744; baseline 0 -9"><span class='ocrx_word' id='word_1_512' title='bbox 1043 1712 1087 1743; x_wconf 91' lang='grc' dir='ltr'>ιγ’.</span> <span class='ocrx_word' id='word_1_513' title='bbox 1116 1709 1185 1741; x_wconf 80' lang='grc' dir='ltr'>Τοὺς</span> <span class='ocrx_word' id='word_1_514' title='bbox 1198 1709 1420 1744; x_wconf 80' lang='grc' dir='ltr'>θεοφιλεστάτους</span> <span class='ocrx_word' id='word_1_515' title='bbox 1442 1708 1608 1741; x_wconf 74' lang='grc' dir='ltr'>ἐπισκόπους</span> <span class='ocrx_word' id='word_1_516' title='bbox 1627 1709 1698 1744; x_wconf 83' lang='grc' dir='ltr'>ὑπὲρ</span> <span class='ocrx_word' id='word_1_517' title='bbox 1713 1709 1790 1736; x_wconf 81' lang='grc' dir='ltr'>οὐδε-</span> 
     </span>
    </p>
   </div>
   <div class='ocr_carea' id='block_1_80' title="bbox 1009 1754 1794 1791">
    <p class='ocr_par' dir='ltr' id='par_1_80' title="bbox 1009 1754 1794 1791">
     <span class='ocr_line' id='line_1_80' title="bbox 1009 1754 1794 1791; baseline 0.003 -11"><span class='ocrx_word' id='word_1_518' title='bbox 1009 1755 1074 1789; x_wconf 77' lang='grc' dir='ltr'>μιᾶς</span> <span class='ocrx_word' id='word_1_519' title='bbox 1097 1755 1273 1790; x_wconf 77' lang='grc' dir='ltr'>χρηματικῆς</span> <span class='ocrx_word' id='word_1_520' title='bbox 1299 1755 1389 1786; x_wconf 84' lang='grc' dir='ltr'>αίτίας</span> <span class='ocrx_word' id='word_1_521' title='bbox 1402 1754 1472 1791; x_wconf 74' lang='grc' dir='ltr'>πρὸς</span> <span class='ocrx_word' id='word_1_522' title='bbox 1489 1755 1606 1790; x_wconf 85' lang='grc' dir='ltr'>ἄρχοντα</span> <span class='ocrx_word' id='word_1_523' title='bbox 1621 1755 1760 1782; x_wconf 78' lang='grc' dir='ltr'>πολιτικὸν</span> <span class='ocrx_word' id='word_1_524' title='bbox 1775 1755 1794 1790; x_wconf 77' lang='grc' dir='ltr'>ἢ</span> 
     </span>
    </p>
   </div>
   <div class='ocr_carea' id='block_1_81' title="bbox 1008 1800 1791 1836">
    <p class='ocr_par' dir='ltr' id='par_1_81' title="bbox 1008 1800 1791 1836">
     <span class='ocr_line' id='line_1_81' title="bbox 1008 1800 1791 1836; baseline 0.001 -10"><span class='ocrx_word' id='word_1_525' title='bbox 1008 1801 1204 1835; x_wconf 80' lang='grc' dir='ltr'>στρατιωτικὸν</span> <span class='ocrx_word' id='word_1_526' title='bbox 1224 1801 1325 1827; x_wconf 80' lang='grc' dir='ltr'>ἄκοντα</span> <span class='ocrx_word' id='word_1_527' title='bbox 1349 1800 1551 1836; x_wconf 79' lang='grc' dir='ltr'>παραγενέσθαι</span> <span class='ocrx_word' id='word_1_528' title='bbox 1572 1800 1791 1836; x_wconf 84' lang='grc' dir='ltr'>ἢπαρίστασθαι</span> 
     </span>
    </p>
   </div>
   <div class='ocr_carea' id='block_1_82' title="bbox 1007 1845 1791 1881">
    <p class='ocr_par' dir='ltr' id='par_1_82' title="bbox 1007 1845 1791 1881">
     <span class='ocr_line' id='line_1_82' title="bbox 1007 1845 1791 1881; baseline 0.001 -11"><span class='ocrx_word' id='word_1_529' title='bbox 1007 1845 1068 1880; x_wconf 81' lang='grc' dir='ltr'>δίχα</span> <span class='ocrx_word' id='word_1_530' title='bbox 1091 1845 1234 1880; x_wconf 75' lang='grc' dir='ltr'>βασιλικῆς</span> <span class='ocrx_word' id='word_1_531' title='bbox 1257 1845 1408 1877; x_wconf 82' lang='grc' dir='ltr'>κελεύσεως</span> <span class='ocrx_word' id='word_1_532' title='bbox 1426 1845 1638 1881; x_wconf 62' lang='grc' dir='ltr'>συγχωροῦμεν</span> <span class='ocrx_word' id='word_1_533' title='bbox 1662 1845 1729 1873; x_wconf 82' lang='grc' dir='ltr'>ἀλλὰ</span> <span class='ocrx_word' id='word_1_534' title='bbox 1745 1845 1791 1871; x_wconf 76' lang='grc' dir='ltr'>τὸν</span> 
     </span>
    </p>
   </div>
   <div class='ocr_carea' id='block_1_83' title="bbox 1008 1891 1795 1928">
    <p class='ocr_par' dir='ltr' id='par_1_83' title="bbox 1008 1891 1795 1928">
     <span class='ocr_line' id='line_1_83' title="bbox 1008 1891 1795 1928; baseline 0 -9"><span class='ocrx_word' id='word_1_535' title='bbox 1008 1892 1124 1928; x_wconf 79' lang='grc' dir='ltr'>ἄρχοντα</span> <span class='ocrx_word' id='word_1_536' title='bbox 1133 1892 1178 1919; x_wconf 76' lang='grc' dir='ltr'><strong>τὸν</strong></span> <span class='ocrx_word' id='word_1_537' title='bbox 1186 1893 1240 1919; x_wconf 79' lang='grc' dir='ltr'>εἴτε</span> <span class='ocrx_word' id='word_1_538' title='bbox 1253 1893 1399 1927; x_wconf 69' lang='grc' dir='ltr'>ἐγγράφως</span> <span class='ocrx_word' id='word_1_539' title='bbox 1409 1892 1462 1919; x_wconf 83' lang='grc' dir='ltr'>εῐτε</span> <span class='ocrx_word' id='word_1_540' title='bbox 1475 1893 1606 1928; x_wconf 73' lang='grc' dir='ltr'>ἀγράφως</span> <span class='ocrx_word' id='word_1_541' title='bbox 1619 1891 1698 1920; x_wconf 86' lang='grc' dir='ltr'>τοῦτο</span> <span class='ocrx_word' id='word_1_542' title='bbox 1709 1901 1795 1928; x_wconf 73' lang='grc' dir='ltr'>προσ-</span> 
     </span>
    </p>
   </div>
   <div class='ocr_carea' id='block_1_84' title="bbox 1008 1937 1794 1974">
    <p class='ocr_par' dir='ltr' id='par_1_84' title="bbox 1008 1937 1794 1974">
     <span class='ocr_line' id='line_1_84' title="bbox 1008 1937 1794 1974; baseline 0.001 -10"><span class='ocrx_word' id='word_1_543' title='bbox 1008 1938 1088 1971; x_wconf 80' lang='grc' dir='ltr'>τάξαι</span> <span class='ocrx_word' id='word_1_544' title='bbox 1115 1937 1290 1974; x_wconf 81' lang='grc' dir='ltr'>τολμήσαντα</span> <span class='ocrx_word' id='word_1_545' title='bbox 1311 1938 1380 1973; x_wconf 81' lang='grc' dir='ltr'>μετὰ</span> <span class='ocrx_word' id='word_1_546' title='bbox 1406 1938 1454 1974; x_wconf 87' lang='grc' dir='ltr'><strong>τὴν</strong></span> <span class='ocrx_word' id='word_1_547' title='bbox 1479 1938 1528 1973; x_wconf 87' lang='grc' dir='ltr'>τῆς</span> <span class='ocrx_word' id='word_1_548' title='bbox 1550 1938 1639 1974; x_wconf 80' lang='grc' dir='ltr'><strong>ζώνης</strong></span> <span class='ocrx_word' id='word_1_549' title='bbox 1660 1938 1719 1974; x_wconf 76' lang='grc' dir='ltr'>ἦτοι</span> <span class='ocrx_word' id='word_1_550' title='bbox 1746 1938 1794 1966; x_wconf 83' lang='grc' dir='ltr'><strong>τοῦ</strong></span> 
     </span>
    </p>
   </div>
   <div class='ocr_carea' id='block_1_85' title="bbox 1008 1985 1794 2021">
    <p class='ocr_par' dir='ltr' id='par_1_85' title="bbox 1008 1985 1794 2021">
     <span class='ocr_line' id='line_1_85' title="bbox 1008 1985 1794 2021; baseline 0 -9"><span class='ocrx_word' id='word_1_551' title='bbox 1008 1985 1162 2021; x_wconf 79' lang='grc' dir='ltr'>ἀξιώματος</span> <span class='ocrx_word' id='word_1_552' title='bbox 1191 1985 1240 2020; x_wconf 81' lang='grc' dir='ltr'>τὴν</span> <span class='ocrx_word' id='word_1_553' title='bbox 1268 1985 1412 2021; x_wconf 83' lang='grc' dir='ltr'>ἀφαίρεσιν</span> <span class='ocrx_word' id='word_1_554' title='bbox 1441 1986 1527 2012; x_wconf 74' lang='grc' dir='ltr'>εἰκοσι</span> <span class='ocrx_word' id='word_1_555' title='bbox 1550 1985 1664 2021; x_wconf 82' lang='grc' dir='ltr'>χρυσίου</span> <span class='ocrx_word' id='word_1_556' title='bbox 1694 1985 1794 2021; x_wconf 82' lang='grc' dir='ltr'>λιτρῶν</span> 
     </span>
    </p>
   </div>
   <div class='ocr_carea' id='block_1_86' title="bbox 1009 2029 1795 2067">
    <p class='ocr_par' dir='ltr' id='par_1_86' title="bbox 1009 2029 1795 2067">
     <span class='ocr_line' id='line_1_86' title="bbox 1009 2029 1795 2067; baseline -0.001 -9"><span class='ocrx_word' id='word_1_557' title='bbox 1009 2031 1105 2067; x_wconf 83' lang='grc' dir='ltr'>ποινὴν</span> <span class='ocrx_word' id='word_1_558' title='bbox 1133 2031 1314 2059; x_wconf 75' lang='grc' dir='ltr'>καταϐάλλειν</span> <span class='ocrx_word' id='word_1_559' title='bbox 1344 2031 1492 2067; x_wconf 85' lang='grc' dir='ltr'>κελεύομεν</span> <span class='ocrx_word' id='word_1_560' title='bbox 1522 2033 1555 2067; x_wconf 83' lang='grc' dir='ltr'>τῇ</span> <span class='ocrx_word' id='word_1_561' title='bbox 1592 2031 1740 2067; x_wconf 66' lang='grc' dir='ltr'>Ἐκκλησία</span> <span class='ocrx_word' id='word_1_562' title='bbox 1761 2029 1795 2067; x_wconf 84' lang='grc' dir='ltr'>ἦς</span> 
     </span>
    </p>
   </div>
   <div class='ocr_carea' id='block_1_87' title="bbox 1009 2069 1794 2114">
    <p class='ocr_par' dir='ltr' id='par_1_87' title="bbox 1009 2069 1794 2114">
     <span class='ocr_line' id='line_1_87' title="bbox 1009 2069 1794 2114; baseline 0.001 -9"><span class='ocrx_word' id='word_1_563' title='bbox 1009 2079 1022 2105; x_wconf 79' lang='grc' dir='ltr'><strong>ὁ</strong></span> <span class='ocrx_word' id='word_1_564' title='bbox 1037 2078 1197 2110; x_wconf 68' lang='grc' dir='ltr'>ἐπίσκοπος,</span> <span class='ocrx_word' id='word_1_565' title='bbox 1214 2078 1328 2114; x_wconf 78' lang='grc' dir='ltr'>ἀχθῆναι</span> <span class='ocrx_word' id='word_1_566' title='bbox 1343 2078 1361 2113; x_wconf 84' lang='grc' dir='ltr'>ἢ</span> <span class='ocrx_word' id='word_1_567' title='bbox 1388 2069 1562 2113; x_wconf 81' lang='grc' dir='ltr'>παραστῆναι</span> <span class='ocrx_word' id='word_1_568' title='bbox 1590 2078 1794 2114; x_wconf 80' lang='grc' dir='ltr'>προστετάχθη.</span> 
     </span>
    </p>
   </div>
   <div class='ocr_carea' id='block_1_88' title="bbox 1047 2124 1796 2159">
    <p class='ocr_par' dir='ltr' id='par_1_88' title="bbox 1047 2124 1796 2159">
     <span class='ocr_line' id='line_1_88' title="bbox 1047 2124 1796 2159; baseline 0 -9"><span class='ocrx_word' id='word_1_569' title='bbox 1047 2124 1088 2152; x_wconf 84' lang='grc' dir='ltr'><strong>ιδ’.</strong></span> <span class='ocrx_word' id='word_1_570' title='bbox 1107 2124 1282 2159; x_wconf 82' lang='grc' dir='ltr'>Κατηγορίαν</span> <span class='ocrx_word' id='word_1_571' title='bbox 1302 2124 1397 2159; x_wconf 78' lang='grc' dir='ltr'>ἱερέως</span> <span class='ocrx_word' id='word_1_572' title='bbox 1424 2124 1512 2156; x_wconf 83' lang='grc' dir='ltr'>οὐδεὶς</span> <span class='ocrx_word' id='word_1_573' title='bbox 1536 2124 1591 2151; x_wconf 89' lang='grc' dir='ltr'><strong>τῶν</strong></span> <span class='ocrx_word' id='word_1_574' title='bbox 1612 2125 1641 2151; x_wconf 82' lang='grc' dir='ltr'>ὲν</span> <span class='ocrx_word' id='word_1_575' title='bbox 1656 2124 1694 2159; x_wconf 83' lang='grc' dir='ltr'>τῷ</span> <span class='ocrx_word' id='word_1_576' title='bbox 1708 2124 1796 2159; x_wconf 81' lang='grc' dir='ltr'>λαῖκῷ</span> 
     </span>
    </p>
   </div>
   <div class='ocr_carea' id='block_1_89' title="bbox 171 2167 952 2208">
    <p class='ocr_par' dir='ltr' id='par_1_89' title="bbox 171 2167 952 2205">
     <span class='ocr_line' id='line_1_89' title="bbox 171 2167 952 2205; baseline 0.005 -9"><span class='ocrx_word' id='word_1_577' title='bbox 171 2167 261 2196; x_wconf 86' lang='lat' dir='ltr'><strong>sidum</strong></span> <span class='ocrx_word' id='word_1_578' title='bbox 287 2169 428 2204; x_wconf 86' lang='lat' dir='ltr'><strong>instituat,</strong></span> <span class='ocrx_word' id='word_1_579' title='bbox 447 2170 499 2197; x_wconf 88' lang='lat' dir='ltr'><strong>nisi</strong></span> <span class='ocrx_word' id='word_1_580' title='bbox 522 2170 673 2205; x_wconf 81' lang='lat' dir='ltr'><strong>majestatis</strong></span> <span class='ocrx_word' id='word_1_581' title='bbox 695 2172 797 2199; x_wconf 85' lang='lat' dir='ltr'><strong>crimen</strong></span> <span class='ocrx_word' id='word_1_582' title='bbox 819 2173 952 2200; x_wconf 81' lang='lat' dir='ltr'><strong>accusatio</strong></span> 
     </span>
    </p>
   </div>
   <div class='ocr_carea' id='block_1_90' title="bbox 1008 2167 1795 2208">
    <p class='ocr_par' dir='ltr' id='par_1_90' title="bbox 1011 2167 1795 2205">
     <span class='ocr_line' id='line_1_90' title="bbox 1011 2167 1795 2205; baseline 0.001 -11"><span class='ocrx_word' id='word_1_583' title='bbox 1011 2167 1229 2205; x_wconf 84' lang='grc' dir='ltr'>κατειλεγμένων</span> <span class='ocrx_word' id='word_1_584' title='bbox 1252 2168 1390 2203; x_wconf 82' lang='grc' dir='ltr'>ἀρχόντων</span> <span class='ocrx_word' id='word_1_585' title='bbox 1416 2168 1545 2204; x_wconf 81' lang='grc' dir='ltr'>οὐδεμίαν</span> <span class='ocrx_word' id='word_1_586' title='bbox 1575 2168 1696 2201; x_wconf 78' lang='grc' dir='ltr'>δικάζειν</span> <span class='ocrx_word' id='word_1_587' title='bbox 1725 2169 1795 2204; x_wconf 80' lang='grc' dir='ltr'>πλὴν</span> 
     </span>
    </p>
   </div>
   <div class='ocr_carea' id='block_1_91' title="bbox 173 2214 322 2242">
    <p class='ocr_par' dir='ltr' id='par_1_91' title="bbox 173 2214 322 2242">
     <span class='ocr_line' id='line_1_91' title="bbox 173 2214 322 2242; baseline 0.007 -1"><span class='ocrx_word' id='word_1_588' title='bbox 173 2214 322 2242; x_wconf 82' lang='lat' dir='ltr'><strong>contineat.</strong></span> 
     </span>
    </p>
   </div>
   <div class='ocr_carea' id='block_1_92' title="bbox 456 2269 670 2298">
    <p class='ocr_par' dir='ltr' id='par_1_92' title="bbox 456 2269 670 2298">
     <span class='ocr_line' id='line_1_92' title="bbox 456 2269 670 2298; baseline 0 0"><span class='ocrx_word' id='word_1_589' title='bbox 456 2269 606 2298; x_wconf 84' lang='lat' dir='ltr'><strong>TITULUS</strong></span> <span class='ocrx_word' id='word_1_590' title='bbox 624 2270 670 2298; x_wconf 85' lang='grc' dir='ltr'><strong>ΧΙ.</strong></span> 
     </span>
    </p>
   </div>
   <div class='ocr_carea' id='block_1_93' title="bbox 171 2314 958 2352">
    <p class='ocr_par' dir='ltr' id='par_1_93' title="bbox 171 2314 958 2352">
     <span class='ocr_line' id='line_1_93' title="bbox 171 2314 958 2352; baseline 0.004 -12"><span class='ocrx_word' id='word_1_591' title='bbox 171 2314 210 2341; x_wconf 83' lang='lat' dir='ltr'><strong>De</strong></span> <span class='ocrx_word' id='word_1_592' title='bbox 232 2314 417 2352; x_wconf 66' lang='lat' dir='ltr'><strong>contrahendis</strong></span> <span class='ocrx_word' id='word_1_593' title='bbox 430 2320 465 2352; x_wconf 48' lang='lat' dir='ltr'><strong>et</strong></span> <span class='ocrx_word' id='word_1_594' title='bbox 489 2315 657 2352; x_wconf 57' lang='lat' dir='ltr'><strong>dirimendis</strong></span> <span class='ocrx_word' id='word_1_595' title='bbox 675 2316 853 2349; x_wconf 66' lang='lat' dir='ltr'><strong>sponsalibus.</strong></span> <span class='ocrx_word' id='word_1_596' title='bbox 877 2318 958 2352; x_wconf 75' lang='lat' dir='ltr'><strong>deque</strong></span> 
     </span>
    </p>
   </div>
   <div class='ocr_carea' id='block_1_94' title="bbox 206 2349 958 2412">
    <p class='ocr_par' dir='ltr' id='par_1_94' title="bbox 206 2349 958 2412">
     <span class='ocr_line' id='line_1_94' title="bbox 206 2349 958 2412; baseline 0.003 -36"><span class='ocrx_word' id='word_1_597' title='bbox 206 2350 314 2412; x_wconf 52' lang='grc' dir='ltr'>ρυιέίῗὶι</span> <span class='ocrx_word' id='word_1_598' title='bbox 327 2349 462 2384; x_wconf 66' lang='lat' dir='ltr'><strong>sponsalia</strong></span> <span class='ocrx_word' id='word_1_599' title='bbox 481 2350 709 2382; x_wconf 78' lang='lat' dir='ltr'><strong>contrahentibus.</strong></span> <span class='ocrx_word' id='word_1_600' title='bbox 727 2359 758 2378; x_wconf 82' lang='lat' dir='ltr'><strong>ac</strong></span> <span class='ocrx_word' id='word_1_601' title='bbox 774 2352 861 2378; x_wconf 68' lang='lat' dir='ltr'><strong>1431!th</strong></span> <span class='ocrx_word' id='word_1_602' title='bbox 873 2349 958 2387; x_wconf 71' lang='lat' dir='ltr'><strong>paeni-</strong></span> 
     </span>
     <span class='ocr_line' id='line_1_95' title="bbox 218 2393 332 2412; baseline 0 -1"><span class='ocrx_word' id='word_1_603' title='bbox 218 2393 249 2412; x_wconf 81' lang='lat' dir='ltr'><strong>en</strong></span> <span class='ocrx_word' id='word_1_604' title='bbox 264 2393 272 2411; x_wconf 82' lang='grc' dir='ltr'><strong>ι</strong></span> <span class='ocrx_word' id='word_1_605' title='bbox 292 2393 332 2412; x_wconf 75' lang='grc' dir='ltr'><strong>ιη.</strong></span> 
     </span>
    </p>
   </div>
   <div class='ocr_carea' id='block_1_95' title="bbox 208 2429 960 2466">
    <p class='ocr_par' dir='ltr' id='par_1_95' title="bbox 208 2429 960 2466">
     <span class='ocr_line' id='line_1_96' title="bbox 208 2429 960 2466; baseline 0.003 -8"><span class='ocrx_word' id='word_1_606' title='bbox 208 2431 235 2458; x_wconf 87' lang='grc'><strong>1.</strong></span> <span class='ocrx_word' id='word_1_607' title='bbox 250 2430 391 2466; x_wconf 85' lang='lat' dir='ltr'><strong>Sponsalia</strong></span> <span class='ocrx_word' id='word_1_608' title='bbox 410 2429 627 2459; x_wconf 86' lang='lat' dir='ltr'><strong>Christianorum</strong></span> <span class='ocrx_word' id='word_1_609' title='bbox 650 2431 850 2459; x_wconf 86' lang='lat' dir='ltr'><strong>contrahuntur</strong></span> <span class='ocrx_word' id='word_1_610' title='bbox 870 2433 904 2460; x_wconf 84' lang='lat' dir='ltr'><strong>ab</strong></span> <span class='ocrx_word' id='word_1_611' title='bbox 926 2434 960 2460; x_wconf 82' lang='lat' dir='ltr'><strong>iis</strong></span> 
     </span>
    </p>
   </div>
   <div class='ocr_carea' id='block_1_96' title="bbox 171 2478 961 2512">
    <p class='ocr_par' dir='ltr' id='par_1_96' title="bbox 171 2478 961 2512">
     <span class='ocr_line' id='line_1_97' title="bbox 171 2478 961 2512; baseline 0.001 -8"><span class='ocrx_word' id='word_1_612' title='bbox 171 2478 217 2512; x_wconf 87' lang='lat' dir='ltr'><strong>qui</strong></span> <span class='ocrx_word' id='word_1_613' title='bbox 243 2478 336 2512; x_wconf 61' lang='lat' dir='ltr'><strong>prima</strong></span> <span class='ocrx_word' id='word_1_614' title='bbox 358 2482 422 2504; x_wconf 86' lang='lat' dir='ltr'><strong>sunt</strong></span> <span class='ocrx_word' id='word_1_615' title='bbox 439 2478 537 2510; x_wconf 54' lang='lat' dir='ltr'><strong>aetatis,</strong></span> <span class='ocrx_word' id='word_1_616' title='bbox 564 2483 625 2511; x_wconf 88' lang='lat' dir='ltr'><strong>post</strong></span> <span class='ocrx_word' id='word_1_617' title='bbox 646 2485 748 2504; x_wconf 93' lang='lat' dir='ltr'><strong>annum</strong></span> <span class='ocrx_word' id='word_1_618' title='bbox 763 2478 919 2512; x_wconf 88' lang='lat' dir='ltr'><strong>septimmn,</strong></span> <span class='ocrx_word' id='word_1_619' title='bbox 935 2484 961 2506; x_wconf 85' lang='lat' dir='ltr'><strong>et</strong></span> 
     </span>
    </p>
   </div>
   <div class='ocr_carea' id='block_1_97' title="bbox 172 2520 960 2560">
    <p class='ocr_par' dir='ltr' id='par_1_97' title="bbox 172 2520 960 2560">
     <span class='ocr_line' id='line_1_98' title="bbox 172 2520 960 2560; baseline 0.001 -9"><span class='ocrx_word' id='word_1_620' title='bbox 172 2524 319 2559; x_wconf 86' lang='lat' dir='ltr'><strong>deinceps;</strong></span> <span class='ocrx_word' id='word_1_621' title='bbox 339 2528 393 2551; x_wconf 83' lang='lat' dir='ltr'><strong>tam</strong></span> <span class='ocrx_word' id='word_1_622' title='bbox 414 2520 632 2551; x_wconf 67' lang='lat' dir='ltr'><strong>contrahendum</strong></span> <span class='ocrx_word' id='word_1_623' title='bbox 651 2524 799 2557; x_wconf 78' lang='lat' dir='ltr'><strong>voluntate,</strong></span> <span class='ocrx_word' id='word_1_624' title='bbox 818 2532 898 2560; x_wconf 84' lang='lat' dir='ltr'><strong>quam</strong></span> <span class='ocrx_word' id='word_1_625' title='bbox 912 2533 960 2559; x_wconf 84' lang='lat' dir='ltr'><strong>pa-</strong></span> 
     </span>
    </p>
   </div>
   <div class='ocr_carea' id='block_1_98' title="bbox 171 2569 960 2605">
    <p class='ocr_par' dir='ltr' id='par_1_98' title="bbox 171 2569 960 2605">
     <span class='ocr_line' id='line_1_99' title="bbox 171 2569 960 2605; baseline 0.001 -9"><span class='ocrx_word' id='word_1_626' title='bbox 171 2574 278 2598; x_wconf 88' lang='lat' dir='ltr'><strong>rentum</strong></span> <span class='ocrx_word' id='word_1_627' title='bbox 291 2574 320 2597; x_wconf 90' lang='lat' dir='ltr'><strong>ct</strong></span> <span class='ocrx_word' id='word_1_628' title='bbox 334 2569 546 2605; x_wconf 91' lang='lat' dir='ltr'><strong>propinquorum</strong></span> <span class='ocrx_word' id='word_1_629' title='bbox 567 2576 701 2598; x_wconf 80' lang='lat' dir='ltr'><strong>censetisu</strong></span> <span class='ocrx_word' id='word_1_630' title='bbox 719 2578 726 2596; x_wconf 88' lang='lat'><strong>:</strong></span> <span class='ocrx_word' id='word_1_631' title='bbox 742 2570 875 2604; x_wconf 85' lang='lat' dir='ltr'><strong>siquidem</strong></span> <span class='ocrx_word' id='word_1_632' title='bbox 893 2571 960 2605; x_wconf 74' lang='lat' dir='ltr'><strong>legi-</strong></span> 
     </span>
    </p>
   </div>
   <div class='ocr_carea' id='block_1_99' title="bbox 173 2617 957 2651">
    <p class='ocr_par' dir='ltr' id='par_1_99' title="bbox 173 2617 957 2651">
     <span class='ocr_line' id='line_1_100' title="bbox 173 2617 957 2651; baseline -0.001 -7"><span class='ocrx_word' id='word_1_633' title='bbox 173 2617 239 2644; x_wconf 88' lang='lat' dir='ltr'><strong>time</strong></span> <span class='ocrx_word' id='word_1_634' title='bbox 261 2617 458 2650; x_wconf 79' lang='lat' dir='ltr'><strong>contraxerint,</strong></span> <span class='ocrx_word' id='word_1_635' title='bbox 475 2624 524 2644; x_wconf 88' lang='lat' dir='ltr'><strong>nec</strong></span> <span class='ocrx_word' id='word_1_636' title='bbox 544 2617 599 2644; x_wconf 88' lang='lat' dir='ltr'><strong>sint</strong></span> <span class='ocrx_word' id='word_1_637' title='bbox 618 2624 651 2644; x_wconf 64' lang='lat' dir='ltr'><strong>ex</strong></span> <span class='ocrx_word' id='word_1_638' title='bbox 671 2624 763 2644; x_wconf 89' lang='lat' dir='ltr'><strong>earum</strong></span> <span class='ocrx_word' id='word_1_639' title='bbox 778 2624 957 2651; x_wconf 86' lang='lat' dir='ltr'><strong>personarum</strong></span> 
     </span>
    </p>
   </div>
   <div class='ocr_carea' id='block_1_100' title="bbox 173 2663 959 2698">
    <p class='ocr_par' dir='ltr' id='par_1_100' title="bbox 173 2663 959 2698">
     <span class='ocr_line' id='line_1_101' title="bbox 173 2663 959 2698; baseline -0.001 -8"><span class='ocrx_word' id='word_1_640' title='bbox 173 2670 303 2697; x_wconf 78' lang='lat' dir='ltr'><strong>numero,</strong></span> <span class='ocrx_word' id='word_1_641' title='bbox 321 2671 382 2698; x_wconf 66' lang='lat' dir='ltr'><strong>quae</strong></span> <span class='ocrx_word' id='word_1_642' title='bbox 398 2663 538 2697; x_wconf 70' lang='lat' dir='ltr'><strong>prohibita:</strong></span> <span class='ocrx_word' id='word_1_643' title='bbox 553 2667 617 2691; x_wconf 85' lang='lat' dir='ltr'><strong>sunt</strong></span> <span class='ocrx_word' id='word_1_644' title='bbox 635 2671 641 2690; x_wconf 92' lang='lat'><strong>:</strong></span> <span class='ocrx_word' id='word_1_645' title='bbox 661 2663 711 2690; x_wconf 89' lang='lat' dir='ltr'><strong>hoc</strong></span> <span class='ocrx_word' id='word_1_646' title='bbox 722 2667 773 2695; x_wconf 84' lang='lat' dir='ltr'><strong>cst,</strong></span> <span class='ocrx_word' id='word_1_647' title='bbox 791 2665 959 2690; x_wconf 82' lang='lat' dir='ltr'><strong>contrahun-</strong></span> 
     </span>
    </p>
   </div>
   <div class='ocr_carea' id='block_1_101' title="bbox 172 2708 960 2747">
    <p class='ocr_par' dir='ltr' id='par_1_101' title="bbox 172 2708 960 2747">
     <span class='ocr_line' id='line_1_102' title="bbox 172 2708 960 2747; baseline 0 -11"><span class='ocrx_word' id='word_1_648' title='bbox 172 2713 217 2736; x_wconf 93' lang='lat' dir='ltr'><strong>tur</strong></span> <span class='ocrx_word' id='word_1_649' title='bbox 233 2715 280 2743; x_wconf 87' lang='lat' dir='ltr'><strong>per</strong></span> <span class='ocrx_word' id='word_1_650' title='bbox 292 2708 401 2742; x_wconf 82' lang='lat' dir='ltr'><strong>arrhas,</strong></span> <span class='ocrx_word' id='word_1_651' title='bbox 414 2709 471 2736; x_wconf 88' lang='lat' dir='ltr'><strong>sive</strong></span> <span class='ocrx_word' id='word_1_652' title='bbox 482 2716 530 2744; x_wconf 89' lang='lat' dir='ltr'><strong>per</strong></span> <span class='ocrx_word' id='word_1_653' title='bbox 545 2709 675 2744; x_wconf 86' lang='lat' dir='ltr'><strong>hypobola</strong></span> <span class='ocrx_word' id='word_1_654' title='bbox 687 2708 735 2744; x_wconf 85' lang='grc'><strong>(1),</strong></span> <span class='ocrx_word' id='word_1_655' title='bbox 747 2709 802 2747; x_wconf 69' lang='lat' dir='ltr'><strong>sive</strong></span> <span class='ocrx_word' id='word_1_656' title='bbox 819 2716 866 2744; x_wconf 87' lang='lat' dir='ltr'><strong>per</strong></span> <span class='ocrx_word' id='word_1_657' title='bbox 892 2708 960 2736; x_wconf 89' lang='lat' dir='ltr'><strong>scri-</strong></span> 
     </span>
    </p>
   </div>
   <div class='ocr_carea' id='block_1_102' title="bbox 172 2758 277 2789">
    <p class='ocr_par' dir='ltr' id='par_1_102' title="bbox 172 2758 277 2789">
     <span class='ocr_line' id='line_1_103' title="bbox 172 2758 277 2789; baseline -0.01 -7"><span class='ocrx_word' id='word_1_658' title='bbox 172 2758 277 2789; x_wconf 84' lang='lat' dir='ltr'><strong>pluras.</strong></span> 
     </span>
    </p>
   </div>
   <div class='ocr_carea' id='block_1_103' title="bbox 1009 2213 1740 2250">
    <p class='ocr_par' dir='ltr' id='par_1_103' title="bbox 1009 2213 1740 2250">
     <span class='ocr_line' id='line_1_104' title="bbox 1009 2213 1740 2250; baseline 0.003 -10"><span class='ocrx_word' id='word_1_659' title='bbox 1009 2215 1032 2240; x_wconf 90' lang='grc' dir='ltr'>εἰ</span> <span class='ocrx_word' id='word_1_660' title='bbox 1048 2213 1236 2245; x_wconf 77' lang='grc' dir='ltr'>καθοσιώσεως</span> <span class='ocrx_word' id='word_1_661' title='bbox 1250 2213 1375 2249; x_wconf 71' lang='grc' dir='ltr'>ἔγκλημα</span> <span class='ocrx_word' id='word_1_662' title='bbox 1392 2213 1409 2249; x_wconf 80' lang='grc' dir='ltr'>ἢ</span> <span class='ocrx_word' id='word_1_663' title='bbox 1424 2215 1592 2250; x_wconf 81' lang='grc' dir='ltr'>κατηγορίαν</span> <span class='ocrx_word' id='word_1_664' title='bbox 1605 2215 1740 2250; x_wconf 83' lang='grc' dir='ltr'>περιέχει.</span> 
     </span>
    </p>
   </div>
   <div class='ocr_carea' id='block_1_104' title="bbox 1304 2268 1499 2297">
    <p class='ocr_par' dir='ltr' id='par_1_104' title="bbox 1304 2268 1499 2297">
     <span class='ocr_line' id='line_1_105' title="bbox 1304 2268 1499 2297; baseline 0.01 -2"><span class='ocrx_word' id='word_1_665' title='bbox 1304 2269 1428 2295; x_wconf 83' lang='grc' dir='ltr'><strong>ΤΙΤΛΟΣ</strong></span> <span class='ocrx_word' id='word_1_666' title='bbox 1446 2268 1499 2297; x_wconf 76' lang='lat' dir='ltr'><strong>IA’.</strong></span> 
     </span>
    </p>
   </div>
   <div class='ocr_carea' id='block_1_105' title="bbox 1008 2315 1796 2351">
    <p class='ocr_par' dir='ltr' id='par_1_105' title="bbox 1008 2315 1796 2351">
     <span class='ocr_line' id='line_1_106' title="bbox 1008 2315 1796 2351; baseline 0.003 -9"><span class='ocrx_word' id='word_1_667' title='bbox 1008 2315 1077 2349; x_wconf 77' lang='grc' dir='ltr'>Περὶ</span> <span class='ocrx_word' id='word_1_668' title='bbox 1101 2315 1280 2348; x_wconf 78' lang='grc' dir='ltr'>συστάσεως</span> <span class='ocrx_word' id='word_1_669' title='bbox 1290 2317 1473 2351; x_wconf 73' lang='grc' dir='ltr'>μνηστείας,</span> <span class='ocrx_word' id='word_1_670' title='bbox 1489 2316 1537 2342; x_wconf 82' lang='grc' dir='ltr'>καὶ</span> <span class='ocrx_word' id='word_1_671' title='bbox 1552 2316 1670 2349; x_wconf 75' lang='grc' dir='ltr'>λύσεως</span> <span class='ocrx_word' id='word_1_672' title='bbox 1688 2317 1796 2351; x_wconf 72' lang='grc' dir='ltr'>αὐτῆς,</span> 
     </span>
    </p>
   </div>
   <div class='ocr_carea' id='block_1_106' title="bbox 1044 2350 1796 2418">
    <p class='ocr_par' dir='ltr' id='par_1_106' title="bbox 1044 2350 1796 2418">
     <span class='ocr_line' id='line_1_107' title="bbox 1044 2350 1796 2387; baseline 0.003 -10"><span class='ocrx_word' id='word_1_673' title='bbox 1044 2351 1092 2377; x_wconf 73' lang='grc' dir='ltr'><strong>καὶ</strong></span> <span class='ocrx_word' id='word_1_674' title='bbox 1105 2351 1170 2384; x_wconf 74' lang='grc' dir='ltr'>περὶ</span> <span class='ocrx_word' id='word_1_675' title='bbox 1186 2350 1324 2385; x_wconf 62' lang='grc' dir='ltr'>ὀρφανῶν</span> <span class='ocrx_word' id='word_1_676' title='bbox 1331 2351 1596 2386; x_wconf 64' lang='grc' dir='ltr'>μνηστευομένων,</span> <span class='ocrx_word' id='word_1_677' title='bbox 1612 2353 1660 2379; x_wconf 75' lang='grc' dir='ltr'>καὶ</span> <span class='ocrx_word' id='word_1_678' title='bbox 1669 2361 1796 2387; x_wconf 79' lang='grc' dir='ltr'>μεταμε-</span> 
     </span>
     <span class='ocr_line' id='line_1_108' title="bbox 1047 2385 1211 2418; baseline 0 -6"><span class='ocrx_word' id='word_1_679' title='bbox 1047 2385 1211 2418; x_wconf 74' lang='grc' dir='ltr'>λουμένων.</span> 
     </span>
    </p>
   </div>
   <div class='ocr_carea' id='block_1_107' title="bbox 1050 2430 1797 2466">
    <p class='ocr_par' dir='ltr' id='par_1_107' title="bbox 1050 2430 1797 2466">
     <span class='ocr_line' id='line_1_109' title="bbox 1050 2430 1797 2466; baseline -0.001 -8"><span class='ocrx_word' id='word_1_680' title='bbox 1050 2433 1085 2458; x_wconf 87' lang='grc' dir='ltr'><strong>α’.</strong></span> <span class='ocrx_word' id='word_1_681' title='bbox 1101 2430 1263 2457; x_wconf 80' lang='grc' dir='ltr'>Συνίσταται</span> <span class='ocrx_word' id='word_1_682' title='bbox 1281 2430 1412 2465; x_wconf 80' lang='grc' dir='ltr'>μνηστεία</span> <span class='ocrx_word' id='word_1_683' title='bbox 1440 2430 1611 2466; x_wconf 85' lang='grc' dir='ltr'>Χριστιανῶν</span> <span class='ocrx_word' id='word_1_684' title='bbox 1625 2431 1671 2457; x_wconf 77' lang='grc' dir='ltr'><strong>ἐπὶ</strong></span> <span class='ocrx_word' id='word_1_685' title='bbox 1689 2432 1745 2462; x_wconf 80' lang='grc' dir='ltr'>τοῖς</span> <span class='ocrx_word' id='word_1_686' title='bbox 1768 2440 1797 2457; x_wconf 88' lang='grc' dir='ltr'><strong>εν</strong></span> 
     </span>
    </p>
   </div>
   <div class='ocr_carea' id='block_1_108' title="bbox 1013 2475 1798 2512">
    <p class='ocr_par' dir='ltr' id='par_1_108' title="bbox 1013 2475 1798 2512">
     <span class='ocr_line' id='line_1_110' title="bbox 1013 2475 1798 2512; baseline 0 -10"><span class='ocrx_word' id='word_1_687' title='bbox 1013 2476 1108 2512; x_wconf 77' lang='grc' dir='ltr'>πρώτῃ</span> <span class='ocrx_word' id='word_1_688' title='bbox 1119 2476 1210 2511; x_wconf 77' lang='grc' dir='ltr'>ἡλικίᾳ</span> <span class='ocrx_word' id='word_1_689' title='bbox 1222 2476 1274 2502; x_wconf 77' lang='grc' dir='ltr'>ἀπὸ</span> <span class='ocrx_word' id='word_1_690' title='bbox 1286 2475 1433 2507; x_wconf 77' lang='grc' dir='ltr'>ἑπταετοῦς</span> <span class='ocrx_word' id='word_1_691' title='bbox 1445 2475 1551 2511; x_wconf 86' lang='grc' dir='ltr'>χρόνου,</span> <span class='ocrx_word' id='word_1_692' title='bbox 1561 2476 1607 2502; x_wconf 74' lang='grc' dir='ltr'>καὶ</span> <span class='ocrx_word' id='word_1_693' title='bbox 1622 2476 1660 2507; x_wconf 78' lang='grc' dir='ltr'><strong>εἰς</strong></span> <span class='ocrx_word' id='word_1_694' title='bbox 1669 2476 1713 2502; x_wconf 84' lang='grc' dir='ltr'>τὸν</span> <span class='ocrx_word' id='word_1_695' title='bbox 1722 2476 1798 2510; x_wconf 79' lang='grc' dir='ltr'>ἑξῆς,</span> 
     </span>
    </p>
   </div>
   <div class='ocr_carea' id='block_1_109' title="bbox 1012 2522 1798 2557">
    <p class='ocr_par' dir='ltr' id='par_1_109' title="bbox 1012 2522 1798 2557">
     <span class='ocr_line' id='line_1_111' title="bbox 1012 2522 1798 2557; baseline -0.001 -8"><span class='ocrx_word' id='word_1_696' title='bbox 1012 2522 1044 2549; x_wconf 75' lang='grc' dir='ltr'>ἐκ</span> <span class='ocrx_word' id='word_1_697' title='bbox 1060 2531 1086 2548; x_wconf 85' lang='grc' dir='ltr'><strong>τε</strong></span> <span class='ocrx_word' id='word_1_698' title='bbox 1099 2522 1146 2557; x_wconf 82' lang='grc' dir='ltr'>τῆς</span> <span class='ocrx_word' id='word_1_699' title='bbox 1158 2522 1211 2548; x_wconf 88' lang='grc' dir='ltr'><strong>τῶν</strong></span> <span class='ocrx_word' id='word_1_700' title='bbox 1228 2522 1453 2557; x_wconf 84' lang='grc' dir='ltr'>μνηστευομένων</span> <span class='ocrx_word' id='word_1_701' title='bbox 1464 2522 1620 2557; x_wconf 81' lang='grc' dir='ltr'>ἀρεσκείας,</span> <span class='ocrx_word' id='word_1_702' title='bbox 1636 2522 1684 2549; x_wconf 71' lang='grc' dir='ltr'>καὶ</span> <span class='ocrx_word' id='word_1_703' title='bbox 1704 2523 1753 2557; x_wconf 67' lang='grc' dir='ltr'>τῆς</span> <span class='ocrx_word' id='word_1_704' title='bbox 1767 2524 1798 2548; x_wconf 76' lang='grc' dir='ltr'>ἐκ</span> 
     </span>
    </p>
   </div>
   <div class='ocr_carea' id='block_1_110' title="bbox 1013 2567 1798 2602">
    <p class='ocr_par' dir='ltr' id='par_1_110' title="bbox 1013 2567 1798 2602">
     <span class='ocr_line' id='line_1_112' title="bbox 1013 2567 1798 2602; baseline 0.001 -9"><span class='ocrx_word' id='word_1_705' title='bbox 1013 2568 1114 2602; x_wconf 81' lang='grc' dir='ltr'>γονέων</span> <span class='ocrx_word' id='word_1_706' title='bbox 1137 2567 1184 2593; x_wconf 72' lang='grc' dir='ltr'>καὶ</span> <span class='ocrx_word' id='word_1_707' title='bbox 1209 2567 1346 2601; x_wconf 76' lang='grc' dir='ltr'>συγγενῶν</span> <span class='ocrx_word' id='word_1_708' title='bbox 1370 2567 1460 2594; x_wconf 79' lang='grc' dir='ltr'>αὐτῶν</span> <span class='ocrx_word' id='word_1_709' title='bbox 1484 2569 1672 2601; x_wconf 82' lang='grc' dir='ltr'>συναινέσεως,</span> <span class='ocrx_word' id='word_1_710' title='bbox 1704 2569 1751 2594; x_wconf 77' lang='grc' dir='ltr'><strong>ἐὰν</strong></span> <span class='ocrx_word' id='word_1_711' title='bbox 1774 2569 1798 2594; x_wconf 77' lang='grc' dir='ltr'>οἱ</span> 
     </span>
    </p>
   </div>
   <div class='ocr_carea' id='block_1_111' title="bbox 1015 2611 1799 2649">
    <p class='ocr_par' dir='ltr' id='par_1_111' title="bbox 1015 2611 1799 2649">
     <span class='ocr_line' id='line_1_113' title="bbox 1015 2611 1799 2649; baseline 0 -9"><span class='ocrx_word' id='word_1_712' title='bbox 1015 2613 1245 2645; x_wconf 83' lang='grc' dir='ltr'>συναλλάσσοντες</span> <span class='ocrx_word' id='word_1_713' title='bbox 1263 2613 1387 2648; x_wconf 81' lang='grc' dir='ltr'>νομίμως</span> <span class='ocrx_word' id='word_1_714' title='bbox 1399 2613 1611 2647; x_wconf 79' lang='grc' dir='ltr'>συναλλάσσωσι,</span> <span class='ocrx_word' id='word_1_715' title='bbox 1623 2615 1670 2641; x_wconf 69' lang='grc' dir='ltr'>καὶ</span> <span class='ocrx_word' id='word_1_716' title='bbox 1685 2614 1722 2649; x_wconf 78' lang='grc' dir='ltr'>μὴ</span> <span class='ocrx_word' id='word_1_717' title='bbox 1732 2611 1799 2640; x_wconf 73' lang='grc' dir='ltr'>ὦσιν</span> 
     </span>
    </p>
   </div>
   <div class='ocr_carea' id='block_1_112' title="bbox 1013 2659 1799 2696">
    <p class='ocr_par' dir='ltr' id='par_1_112' title="bbox 1013 2659 1799 2696">
     <span class='ocr_line' id='line_1_114' title="bbox 1013 2659 1799 2696; baseline 0 -9"><span class='ocrx_word' id='word_1_718' title='bbox 1013 2661 1045 2687; x_wconf 83' lang='grc' dir='ltr'>ὲκ</span> <span class='ocrx_word' id='word_1_719' title='bbox 1074 2660 1126 2686; x_wconf 80' lang='grc' dir='ltr'><strong>τῶν</strong></span> <span class='ocrx_word' id='word_1_720' title='bbox 1155 2660 1353 2695; x_wconf 85' lang='grc' dir='ltr'>κεκωλυμένων</span> <span class='ocrx_word' id='word_1_721' title='bbox 1367 2680 1373 2691; x_wconf 89' lang='grc'><strong>,</strong></span> <span class='ocrx_word' id='word_1_722' title='bbox 1390 2660 1532 2693; x_wconf 75' lang='grc' dir='ltr'>τουτέστι,</span> <span class='ocrx_word' id='word_1_723' title='bbox 1557 2660 1590 2687; x_wconf 77' lang='grc' dir='ltr'><strong>δι’</strong></span> <span class='ocrx_word' id='word_1_724' title='bbox 1610 2659 1775 2696; x_wconf 70' lang='grc' dir='ltr'>ἀρραϐώνων</span> <span class='ocrx_word' id='word_1_725' title='bbox 1791 2679 1799 2693; x_wconf 86' lang='grc'>,</span> 
     </span>
    </p>
   </div>
   <div class='ocr_carea' id='block_1_113' title="bbox 1013 2707 1512 2744">
    <p class='ocr_par' dir='ltr' id='par_1_113' title="bbox 1013 2707 1512 2744">
     <span class='ocr_line' id='line_1_115' title="bbox 1013 2707 1512 2744; baseline 0.014 -11"><span class='ocrx_word' id='word_1_726' title='bbox 1013 2708 1098 2743; x_wconf 76' lang='grc' dir='ltr'>ἤγουν</span> <span class='ocrx_word' id='word_1_727' title='bbox 1114 2708 1261 2742; x_wconf 70' lang='grc' dir='ltr'>ὑποϐάλων,</span> <span class='ocrx_word' id='word_1_728' title='bbox 1274 2708 1290 2743; x_wconf 87' lang='grc' dir='ltr'>ἢ</span> <span class='ocrx_word' id='word_1_729' title='bbox 1306 2707 1340 2735; x_wconf 83' lang='grc' dir='ltr'><strong>δι’</strong></span> <span class='ocrx_word' id='word_1_730' title='bbox 1355 2707 1512 2744; x_wconf 66' lang='grc' dir='ltr'>ἐγγράφων-</span> 
     </span>
    </p>
   </div>
   <div class='ocr_carea' id='block_1_114' title="bbox 209 2810 1042 2848">
    <p class='ocr_par' dir='ltr' id='par_1_114' title="bbox 209 2810 1042 2848">
     <span class='ocr_line' id='line_1_116' title="bbox 209 2810 1042 2848; baseline 0 -9"><span class='ocrx_word' id='word_1_731' title='bbox 209 2810 247 2847; x_wconf 92' lang='grc'><strong>(1)</strong></span> <span class='ocrx_word' id='word_1_732' title='bbox 264 2811 293 2839; x_wconf 88' lang='lat' dir='ltr'><strong>ld</strong></span> <span class='ocrx_word' id='word_1_733' title='bbox 317 2815 368 2844; x_wconf 85' lang='lat' dir='ltr'><strong>est,</strong></span> <span class='ocrx_word' id='word_1_734' title='bbox 394 2810 560 2838; x_wconf 64' lang='lat' dir='ltr'><strong>incrementa</strong></span> <span class='ocrx_word' id='word_1_735' title='bbox 578 2811 660 2844; x_wconf 91' lang='lat' dir='ltr'><strong>dotis,</strong></span> <span class='ocrx_word' id='word_1_736' title='bbox 685 2815 748 2839; x_wconf 78' lang='lat' dir='ltr'><strong>ante</strong></span> <span class='ocrx_word' id='word_1_737' title='bbox 772 2813 881 2847; x_wconf 84' lang='lat' dir='ltr'><strong>nuptias</strong></span> <span class='ocrx_word' id='word_1_738' title='bbox 897 2813 1042 2848; x_wconf 76' lang='lat' dir='ltr'><strong>promissa.</strong></span> 
     </span>
    </p>
   </div>
  </div>
