1938 3070
139 155 193 188 493

773 153 967 184 DELECTUS
985 153 1128 185 LEGUM.

1703 155 1756 188 494

173 212 205 248 β’.
225 210 295 237 Εῑδὲ
314 210 378 246 δόξῃ
389 209 433 236 τὸν
448 209 553 236 διδόντα
570 208 615 236 τὸν
631 208 779 245 ἀρραϐῶνα
797 209 921 244 διαστρέ-

1007 208 1033 236 2.
1049 209 1125 242 Quod
1140 210 1162 236 si
1180 210 1266 237 visunt
1287 209 1369 237 fuerit
1390 211 1424 244 ei,
1440 211 1484 245 qui
1501 211 1608 239 arrham
1621 212 1704 246 dedit,
1717 213 1759 241 di-

139 258 200 292 tm,
216 257 262 283 καὶ
276 256 314 291 μὴ
330 254 504 287 συναλλάξαι,
528 254 656 281 ἀπόλλειν
670 255 751 281 αὑτὸν
773 254 820 281 τὸν
834 254 920 290 ἀρρα-

139 303 222 330 ὕῶνα.

173 347 209 382 γ’.
227 348 257 375 Ei
268 347 296 374 δὲ
314 347 345 374 τδ
359 346 440 382 μέρος
455 346 505 381 τῆς
528 346 614 381 κόρης
626 345 725 381 θελήσῃ
748 345 921 382 διαστρέψαι,

138 397 185 422 καὶ
205 395 243 431 μὴ
275 393 448 425 συναλλάξαι,
478 392 622 426 παρεχέτω
643 392 753 419 διπλοῦν
768 393 813 419 τὸν
836 393 923 428 ἀρρα-

139 441 222 473 ϐῶνα,
254 439 393 466 τουτέστιν
419 438 501 465 αὑτὸν
528 438 574 464 τὸν
600 439 758 474 ἀρραϐῶνα,
787 440 835 466 καὶ
859 438 930 466 ἄλλο

138 486 274 513 τοσοῦτον.
332 518 334 521 ι

173 532 204 560 δ’.
217 533 249 560 Εἰ
262 532 290 559 δὲ
302 533 450 569 ἐγγράφοις
461 534 583 569 στιχήσει
595 541 648 564 τις,
664 533 709 559 καὶ
718 532 787 565 δόξει
800 531 923 567 διαστρέ-

137 579 205 613 ψαι,
235 579 304 606 κατὰ
330 579 360 606 τὸ
386 580 524 615 ἔγγραφον
552 579 636 607 αὒτοῦ
665 578 864 614 ἀπολογήσεται
887 579 920 615 τῇ

139 625 216 660 κόρῃ.

174 671 204 699 ε’.
224 672 255 698 Εἰ
268 671 297 698 δὲ
311 672 341 698 τὸ
355 671 437 706 μέρος
463 671 514 707 τῆς
528 671 612 708 κόρης
637 671 721 706 χωρίς
736 669 824 702 αιτίας
848 669 923 704 νόμῳ

139 718 344 754 γνωριζομένης
357 718 498 752 δοκιμάζει
513 717 684 752 διαπρέψαι,
693 717 723 743 τὺ
738 716 803 742 αὐτὸ
814 717 921 750 μέτρον,

140 764 208 799 ὅπερ
230 763 376 799 ἐγγράφοις
403 764 506 795 ἐκεῖνος
529 763 700 798 ὡμολόγησε,
720 761 863 796 παρεχέτω
885 759 924 796 τῷ

142 809 385 843 μνηστευσαμένῳ,
402 808 472 843 μετὰ
482 809 530 836 καὶ
540 808 590 843 τῆς
601 808 666 844 παρ’
678 807 760 836 αὐτοῦ
776 807 924 842 γενομένης

140 854 296 889 ὁμολογίας,
313 855 360 881 καὶ
372 855 582 882 ἀπαλλασσέτω.

977 259 1094 288 vertere,
1124 262 1173 282 nec
1210 256 1341 289 perﬁcere
1366 262 1545 289 contractum,
1569 258 1678 286 arrham
1704 260 1759 295 ipse

977 299 1093 327 amittat.

1012 346 1039 373 3.
1057 344 1104 372 Sin
1115 345 1209 380 puellae
1229 353 1291 381 pars
1307 347 1452 381 divertere,
1469 356 1519 377 nec
1537 351 1698 378 contrahere
1711 359 1758 379 vo-

977 389 1068 421 luerit,
1094 390 1204 417 arrham
1216 390 1324 426 duplam
1336 397 1456 428 praestet,
1466 392 1575 427 hocest,
1592 395 1700 423 arrham
1717 396 1759 431 ip-

976 443 1045 470 sam,
1059 441 1087 464 et
1099 436 1213 464 alterum
1230 442 1344 466 tantum.

1012 527 1036 555 4.
1055 527 1132 561 Quod
1147 529 1168 555 si
1183 529 1245 564 quis
1259 529 1455 558 interveniente
1481 532 1616 566 scriptura
1630 540 1685 560 rem
1699 541 1760 569 per-

976 574 1073 608 egerit,
1085 578 1112 601 et
1125 574 1260 602 divertere
1270 575 1359 603 visunt
1371 574 1470 603 fuerit:
1487 578 1635 605 secundum
1648 579 1673 606 id
1689 580 1760 614 quod

977 619 1110 654 scriptura
1131 620 1297 654 continetur,
1314 620 1409 656 puella:
1424 621 1583 649 satisfaciet.

1012 665 1039 691 5.
1059 665 1094 692 At
1111 665 1132 692 si
1155 666 1251 701 puella:
1272 673 1334 701 pars
1358 667 1460 702 absque
1482 675 1563 696 causa
1582 669 1639 704 lege
1653 670 1761 704 cognita

978 710 1165 739 diverteuduut
1189 713 1296 745 statuit,
1316 713 1439 741 eamdem
1452 722 1596 748 sumtnam,
1619 716 1694 750 cujus
1717 717 1762 744 ille

979 756 1089 783 nomine
1111 764 1158 791 per
1176 758 1340 792 scripturam
1358 759 1439 792 cavit,
1453 767 1553 794 sponso
1564 767 1685 795 praestet,
1709 770 1762 791 uua

979 809 1041 828 cum
1061 803 1188 830 cautione
1205 803 1239 830 ab
1255 804 1312 838 ipso
1325 805 1458 840 exposita,
1478 811 1505 834 et
1520 815 1534 834 a
1552 812 1693 836 contractu
1708 809 1763 836 dis-

978 846 1067 873 cedat.

177 899 214 932 g’.
230 887 260 926 Εἰ
276 900 304 926 δέ
315 908 356 931 τις
367 900 522 936 όρμάσηται
536 900 630 935 κόρην,
641 899 689 926 καὶ
701 899 765 931 ἴσως
780 899 825 926 διὰ
835 899 924 934 μῖσος,

1014 891 1041 920 6.
1057 892 1085 919 Si
1102 893 1162 927 quis
1180 898 1269 921 autem
1286 895 1401 929 puellam
1417 897 1535 931 petierit,
1552 901 1578 924 et
1594 898 1716 926 fortassis
1728 906 1759 926 ex

140 946 157 980 ἦ
178 945 277 981 τρόπον
294 946 338 972 τὸν
359 946 525 981 οίονδήποτε,
546 945 721 981 ὑπερτίθεται
742 945 854 980 ποιῆσαι
879 945 925 971 τὸν

140 992 239 1027 γάμον,
253 992 305 1024 ἕως
319 992 365 1019 δύο
377 992 445 1019 ὲτῶν
466 992 626 1019 ὑποκεῖσθαι
649 992 698 1027 τὴν
711 992 796 1027 κόρην
814 992 923 1027 “ﬂxe-

141 1037 203 1064 σθαι
214 1038 304 1070 αὐτὸν,
321 1038 369 1065 καὶ
384 1039 453 1073 μετὰ
466 1038 545 1065 τοῦτο
559 1038 603 1064 ἶνα
619 1037 838 1073 διαμαρτύρηται
851 1036 926 1073 αὑτῷ

141 1082 171 1108 τὸ
186 1082 268 1117 μέρος
279 1083 328 1117 τῆς
344 1082 437 1119 κόρης,
453 1083 566 1116 ποιῆσαι
579 1083 625 1110 τδν
638 1083 736 1118 γάμον.
753 1083 809 1109 Καὶ
831 1083 855 1109 εἰ
876 1082 926 1117 μὲν

142 1127 332 1159 καταδέξεται·
347 1128 483 1162 ὲπείτοιγε
506 1128 599 1155 ἄδειαν
614 1127 684 1163 ἔχειν
701 1128 750 1163 τὴν
767 1127 851 1163 κόρην
863 1128 925 1160 ζευ-

142 1172 240 1207 χθῆναι
252 1170 326 1206 ᾧτινι
340 1173 474 1208 βούλεται,
489 1174 676 1210 ὲγκρατοῦσαν
691 1174 737 1200 καὶ
753 1173 926 1208 ἆπερέλαϐεν

143 1218 175 1242 ἑκ
184 1217 230 1243 τοῦ
241 1217 452 1252 μνηστευοέντος
467 1219 547 1254 αὐτῇ.

179 1262 211 1293 ζ’.
225 1263 255 1288 Et
273 1262 302 1288 δὲ
313 1263 367 1289 sisi.
377 1263 471 1295 παῖδες
487 1263 525 1298 μὴ
540 1263 647 1299 ἔχοντες
661 1265 759 1298 γονεῖς,
774 1263 827 1290 εἴτε
848 1264 927 1291 παλι-

144 1307 250 1342 κάριον,
263 1308 317 1334 εἴτε
332 1308 468 1344 κοράσιον,
481 1309 527 1336 καὶ
541 1308 572 1342 ἐξ
585 1308 721 1344 ὑποϐολῆς
740 1318 821 1336 τινων
832 1311 927 1345 ἐποίη-

146 1362 195 1380 σαν
209 1355 368 1390 μνηστείαν,
384 1355 432 1382 καὶ
455 1355 567 1392 ὕστερον
591 1357 770 1392 μετενόησαν,
799 1357 852 1388 ἕως
880 1356 928 1384 τοῦ

144 1400 389 1426 πεντεκαιδεκάτου
424 1401 521 1436 χρόνου
541 1401 633 1429 ἄδειαν
654 1401 726 1437 ἔχειν
748 1402 880 1428 ἀναλῦσαι
897 1402 928 1429 τδ

146 1446 321 1481 συνάλλαγμα
338 1446 473 1482 ἀζημίως,
498 1448 536 1479 ὠς
565 1448 692 1484 ὀρφανῶν
714 1448 803 1475 αὐτῶν
830 1449 926 1480 ὄντων,

145 1491 194 1518 καὶ
220 1492 257 1527 μὴ
285 1493 474 1526 γινωσκόντων
500 1493 535 1520 τὰ
560 1494 735 1528 συμφέροντα
762 1493 863 1524 αὐτοῖς.
896 1493 927 1520 El

145 1536 174 1562 as
198 1537 237 1568 si;
253 1537 360 1572 ἠλικίαν
384 1537 508 1572 ἔλθωσιν,
530 1538 568 1571 ὥς
597 1540 727 1576 φρόνησιν
753 1539 873 1575 ἔχοντες,
901 1540 928 1566 ετ

144 1590 171 1608 τι
181 1584 340 1617 ποιήσωσιν,
353 1583 402 1611 οὐκ
416 1583 522 1620 ἔχουσιν
531 1584 622 1612 ἄδειαν
637 1585 682 1612 τοῦ
698 1585 792 1612 λοιποῦ
805 1585 929 1622 διαστρέ.

146 1628 204 1662 eat.

443 1720 568 1748 ΤΙΤΛΟΣ
582 1721 630 1749 lB’.

147 1772 221 1814 Περὶ,
236 1772 340 1814 γάμων-
356 1774 613 1814 ξπιτςῑραμμρνωιτ
636 1777 684 1805 καὶ
705 1781 930 1814 κεκωλυμένων.

165 1806 280 1841 πρῶτοι)
293 1809 342 1835 καὶ
356 1806 676 1846 δευτέρούίέττράφου
699 1814 749 1840 καὶ
764 1806 911 1849 ὰγρῖἱέροῦλ

181 1903 217 1926 α’.
233 1899 393 1927 Συνίσταται
407 1901 496 1937 γάμος
506 1903 677 1937 Χριστιανῶν
698 1905 754 1932 εἴτε
772 1907 929 1942 ἐγγράφως,

148 1945 205 1971 εἴτε
234 1945 377 1980 ἀγράφως,
403 1947 504 1981 μεταξὺ
529 1948 626 1984 ἀνδρὸς
648 1950 695 1978 καὶ
721 1953 860 1985 γυναικὸς,
882 1953 929 1980 τοῦ

148 1990 218 2017 εἶναι
234 1991 283 2026 τὴν
299 1991 406 2026 ἠλικίαν
422 1992 488 2028 πρὸς
516 1994 663 2029 συνάφειαν
676 1997 863 2033 ἡρμοσμένην,
882 1999 929 2026 τοῦ

149 2037 199 2071 μὲν
214 2037 320 2072 ἀνδρὸς,
337 2038 392 2065 ἀπὸ
407 2041 677 2074 πεντεκαιδεκαετοῦς
706 2043 802 2078 χρόνου
813 2053 819 2060 ·
834 2046 883 2080 τῆς
901 2046 930 2073 δὲ

149 2081 289 2115 γυναικὸς,
306 2083 360 2109 ἀπὸ
376 2085 633 2118 τρισκαιδεκαετοῦς
648 2088 755 2123 χρόνου,
769 2090 931 2125 ἀμφοτέρων

148 2127 289 2161 ίλελόντων,
304 2129 410 2164 καὶτῆς
422 2129 476 2157 τῶν
488 2131 588 2165 γονέων
601 2135 779 2166 συναινέσεως
795 2143 931 2170 προηγου-

149 2174 242 2209 μένης.

977 937 1051 969 odio,
1066 937 1108 965 vel
1126 939 1179 966 alio
1193 947 1353 974 quocunque
1375 942 1454 968 modo
1468 943 1576 976 nuptias
1591 944 1701 978 exsequi
1716 952 1762 971 stt-

977 984 1149 1018 persederit:
1166 985 1200 1012 ad
1222 985 1360 1013 biennium
1382 987 1469 1021 puella
1492 993 1609 1020 leuetur,
1626 989 1762 1016 hominem

977 1037 1006 1060 ut
1020 1037 1172 1069 exspectet,
1187 1041 1241 1070 quo
1256 1034 1382 1067 decurso,
1401 1036 1572 1064 testationem
1592 1038 1686 1072 puellae
1699 1046 1762 1073 pars

977 1080 1142 1114 interponat,
1157 1084 1186 1107 ut
1202 1080 1309 1115 nuptias
1322 1086 1495 1115 exsequatur.
1510 1082 1549 1110 Ac
1561 1083 1694 1116 siquidem
1712 1091 1761 1117 pa-

977 1126 1075 1158 ruerit,
1093 1130 1167 1154 recte
1180 1131 1221 1153 est
1244 1134 1251 1152 :
1275 1126 1317 1154 sin
1341 1131 1443 1159 autem,
1460 1127 1555 1162 puella:
1577 1129 1691 1156 facultas
1705 1134 1762 1156 esto

978 1171 1094 1199 nubendi
1108 1172 1150 1199 cui
1159 1171 1242 1205 volet,
1253 1179 1284 1200 ea
1297 1180 1406 1208 quoque
1418 1174 1554 1207 retinenti,
1566 1181 1626 1209 qua:
1637 1182 1651 1202 a
1663 1182 1762 1210 sponso

977 1221 1120 1244 consecuta
1139 1217 1198 1244 fuit.

1015 1262 1040 1288 7.
1057 1261 1132 1296 Quod
1158 1263 1180 1291 si
1202 1264 1277 1298 pueri
1311 1270 1373 1292 sunt
1398 1266 1557 1300 parentibus
1577 1266 1683 1299 orbati,
1706 1267 1764 1294 sive

979 1309 1127 1342 masculus,
1152 1310 1210 1338 sive
1231 1311 1332 1346 puella,
1353 1317 1379 1339 et
1404 1313 1511 1341 hortatu
1535 1321 1567 1342 ac
1591 1315 1764 1350 suggestione

979 1355 1157 1389 quorumdam
1181 1358 1318 1392 sponsalia
1341 1363 1545 1393 contraxerunt,
1563 1368 1676 1396 quorum
1689 1367 1762 1396 post-

980 1408 1011 1429 ea
1033 1403 1181 1436 pmnituit:
1203 1403 1236 1431 ad
1256 1404 1390 1432 decimutu
1413 1406 1536 1440 quintum
1560 1414 1659 1434 aunum
1680 1415 1764 1442 usque

979 1448 1116 1478 licentiam
1130 1443 1246 1477 habeant
1257 1450 1323 1477 citra
1338 1458 1444 1485 poenam
1465 1453 1635 1480 rescindendi
1657 1459 1765 1481 contra-

980 1498 1065 1526 ctum,
1082 1497 1111 1520 ut
1132 1494 1177 1528 qui
1202 1494 1294 1529 pupilli
1315 1495 1382 1528 sint,
1397 1503 1447 1523 nec
1461 1497 1524 1531 quid
1550 1497 1614 1532 ipsis
1628 1498 1764 1533 expediat,

943 1553 965 1583 ο
983 1538 1145 1574 intelligant.
1168 1539 1208 1567 Ad
1229 1541 1398 1575 pubertatem
1415 1549 1478 1569 vero
1495 1543 1516 1570 si
1538 1544 1720 1577 pervenerint.
1738 1550 1765 1572 et

982 1583 1084 1618 aliquid
1101 1585 1283 1620 peregeriut':
1306 1590 1434 1621 tanquam
1457 1587 1631 1622 intelligentia
1648 1589 1763 1623 pnediti,

983 1629 1084 1657 nullam
1112 1637 1144 1658 ex
1172 1637 1205 1658 eo
1231 1634 1352 1666 tempore
1375 1633 1524 1660 diverteudi
1541 1633 1693 1662 facultatem
1718 1635 1765 1662 ba-

981 1675 1074 1703 beant.
1099 1673 1101 1675 ’

1255 1723 1405 1752 TITULUS
1426 1725 1483 1753 XII.

982 1777 1134 1816 De-nuptiis
1149 1780 1279 1816 concessis
1292 1785 1316 1806 et
1336 1780 1485 1815 prohibitis,
1505 1782 1598 1816 primis
1621 1790 1654 1809 ne
1672 1791 1765 1810 urun-

1017 1813 1071 1844 dis,
1085 1814 1267 1855 interveniente
1281 1813 1424 1850 scriptura,
1448 1817 1488 1844 vel
1505 1813 1563 1844 ἠοη
1581 1818 1764 1857 interveniente

1017 1850 1168 1877 contractis.

1018 1903 1151 1939 LNuptite
1159 1904 1372 1934 Christianorum
1380 1907 1421 1934 vel
1430 1907 1624 1936 interveniente
1631 1910 1763 1944 scriptura

982 1950 1024 1977 vel
1045 1951 1112 1978 citra
1138 1953 1301 1987 scripturam
1322 1955 1522 1981 contrahuntur
1542 1955 1612 1982 inter
1629 1956 1716 1983 virum
1737 1963 1766 1984 et.

982 1997 1135 2030 mulierem,
1155 1998 1192 2025 ita
1214 2004 1245 2026 ut
1273 2005 1338 2027 aztas
1357 2005 1418 2034 apta
1438 2001 1474 2028 sit
1493 2001 1526 2027 ad
1547 2001 1762 2036 copulationem;

982 2043 1031 2070 viri
1049 2044 1168 2077 quidem,
1184 2045 1217 2072 al)
1233 2053 1304 2072 anno
1318 2046 1536 2080 quintodecimo;
1563 2047 1686 2075 mulieris
1713 2055 1762 2075 att-

983 2092 1049 2119 tem,
1075 2088 1107 2114 ah
1125 2096 1196 2116 anno
1219 2089 1430 2118 decimolertio:
1456 2091 1578 2125 utrisque
1604 2091 1762 2124 volentibus.

981 2137 1007 2159 ct
1023 2139 1162 2167 parentum
1180 2142 1311 2162 consensu
1328 2137 1503 2170 praecedente.

185 2219 217 2254 β’.
239 2220 416 2248 Κεκὼλυνται
430 2222 470 2255 δὲ,
487 2223 543 2250 ὅσοι
567 2224 598 2250 ἐκ
613 2225 660 2251 τοῦ
684 2226 762 2259 ἁγίου
782 2228 829 2253 καὶ
842 2235 926 2263 σωτη-

1017 2223 1045 2251 2.
1068 2224 1233 2252 Contrahere
1255 2226 1380 2260 prohibiti
1398 2232 1471 2260 sunt,
1490 2234 1619 2264 quotquot
1637 2238 1670 2258 ex
1687 2239 1764 2259 sacro

148 2264 261 2299 ριώδους
271 2266 457 2302 βαπτίσματος
465 2268 589 2304 ἀλληλοις
602 2268 818 2308 προσηνώθησαν
827 2281 833 2287 ·
850 2282 929 2300 τουτ-

147 2311 230 2344 έστιν,
248 2312 375 2348 ἁνάδοχος
392 2315 424 2341 ὲκ
439 2315 489 2350 τῆς
512 2315 640 2350 τοιαύτης
657 2316 789 2354 θυγατρὸς
802 2339 810 2352 ,
821 2320 867 2345 καὶ
882 2321 930 2356 τῆς

146 2356 248 2392 ταύτης
275 2359 387 2394 μητρός.
407 2360 544 2392 Ὡσαύτως
561 2361 589 2388 δὲ
613 2363 686 2390 καὶὸ
703 2364 786 2391 αὐτοῦ
808 2365 875 2398 υίὸς,
900 2367 930 2393 ὲκ

147 2402 195 2434 τῆς
206 2404 333 2439 τοιαύτης
351 2406 464 2441 μητρός.
480 2407 534 2433 Καὶ
551 2407 608 2434 ὅσοι
621 2408 650 2441 ἐξ
662 2409 778 2444 αἳματος
789 2413 930 2445 συγγενεῖς

147 2445 197 2481 [πί.
213 2449 383 2485 συγγενείας]
400 2450 525 2486 ἀλλήλοις
543 2453 732 2488 γνωρίζονται,
748 2456 871 2482 τουτέστι
884 2465 930 2490 γο-

146 2493 201 2522 νεῖς
215 2494 284 2527 πρὸς
295 2496 389 2527 τέκνα,
401 2497 512 2532 ἁδελφοὶ
526 2498 594 2533 πρὸς
613 2499 742 2534 ἀδελφὰς,
759 2501 805 2528 καὶ
819 2502 854 2529 τὰ
866 2503 929 2530 τού-

147 2544 201 2562 των
214 2537 307 2569 τέκνα,
327 2540 351 2565 οἱ
370 2539 511 2576 λεγόμενοι
527 2543 678 2578 ὲξὰδελφοι,
695 2549 741 2572 καὶ
755 2547 780 2572 οῑ
796 2547 825 2579 ἐξ
840 2547 930 2574 αὐτῶν

151 2581 300 2616 τικτόμενοι
314 2585 406 2616 παῖδες
420 2587 466 2612 καὶ
485 2587 576 2621 μόνον.
588 2589 642 2615 Καὶ
659 2590 715 2616 ὅσοι
731 2591 761 2623 ἐξ
778 2592 929 2627 ἐπιγαμίας

151 2627 341 2673 γνωριζόμενοι
354 2633 505 2664 συγγενεῖς,
517 2634 642 2668 πατρωὸς
654 2636 692 2667 είς
706 2637 855 2673 προγόνην,
866 2646 931 2665 πεν-

148 2671 226 2719 θερὸς
238 2672 305 2708 πρὸς
319 2674 438 2710 νύμφην,
457 2677 587 2712 πρόγονος
598 2680 638 2711 είς
654 2683 799 2716 μητρυιὰν,
816 2671 930 2719 ἀδελφὸς

149 2717 217 2752 πρὸς
243 2719 363 2755 νύμφην,
392 2721 476 2757 ἤγουν
504 2726 621 2757 γυναῖκα
651 2726 776 2761 ἀδελφοῦ.
814 2717 930 2764 Ὁμοίως

148 2764 239 2798 πατὴρ
262 2766 310 2791 καὶ
335 2766 392 2797 υίὸς
418 2768 486 2802 πρὸς
505 2770 610 2805 μητέρα
635 2773 682 2797 καὶ
714 2772 862 2809 Θυγατέρα,
883 2774 930 2801 δύο

148 2808 256 2843 ἀδελφοὶ
278 2812 318 2842 είς
337 2811 383 2838 δύο
402 2812 529 2848 ἀδελφάς.
544 2815 604 2841 Ἔτι
630 2816 657 2842 δὲ
681 2817 728 2844 καὶ
754 2808 854 2852 ὃσοινὲξ
872 2821 931 2851 ἑνὸς

148 2852 275 2889 ἂναδόχου
288 2855 332 2882 διὰ
348 2856 392 2883 τοῦ
406 2857 484 2891 ἁγίου
501 2858 687 2894 βαπτίσματος
712 2862 929 2898 ἀνεγεννήθησαν

983 2275 1010 2299 ct
1024 2271 1134 2298 salutari
1154 2271 1313 2306 baptismate
1327 2274 1376 2300 sibi
1395 2274 1508 2302 invicem
1527 2277 1660 2311 conjuncti
1678 2283 1740 2304 sunt
1756 2287 1764 2305 :

984 2316 1035 2345 hoc
1054 2322 1106 2349 est,
1122 2322 1262 2352 susceptor
1276 2324 1385 2346 arcetur
1399 2320 1433 2348 ab
1447 2321 1577 2356 ejusmodi
1594 2323 1648 2350 filia
1669 2328 1696 2351 et
1723 2323 1763 2357 ip-

983 2365 1039 2392 sius
1055 2370 1151 2392 matre.
1170 2364 1300 2393 Similiter
1320 2371 1348 2393 et
1370 2366 1441 2394 illius
1464 2368 1559 2402 ipsius,
1573 2369 1608 2397 ab
1632 2369 1763 2404 ejusmodi

984 2417 1079 2439 matre.
1096 2411 1162 2440 Tum
1185 2418 1317 2447 quotquot
1339 2415 1444 2442 ratione
1459 2417 1598 2451 sanguinis
1620 2424 1680 2445 esse
1695 2419 1764 2445 inter

984 2465 1014 2485 se
1037 2458 1180 2493 propinqui
1202 2464 1395 2494 agnoscuntur,
1415 2461 1466 2488 hoc
1483 2467 1534 2494 est,
1550 2468 1676 2496 parentes
1701 2471 1763 2491 cum

983 2503 1086 2535 liberis,
1102 2504 1200 2532 fratres
1217 2512 1278 2532 cum
1296 2506 1444 2539 sororibus,
1460 2511 1488 2534 et
1500 2507 1595 2535 horum
1612 2507 1702 2541 liberi,
1718 2510 1763 2543 qui

983 2549 1097 2577 fratrum
1114 2551 1190 2578 liberi
1206 2551 1344 2584 dicuntur,
1357 2558 1384 2580 et
1400 2554 1445 2588 qui
1461 2560 1493 2581 ex
1512 2554 1554 2581 his
1569 2555 1708 2582 dumtaxat
1722 2557 1764 2591 gi-

983 2599 1102 2630 gnuntur
1123 2595 1202 2624 liberi
1217 2604 1224 2630 ;
1248 2602 1303 2624 tum
1320 2603 1450 2633 quotquot
1464 2605 1497 2626 es
1514 2598 1642 2628 aliiuitate
1656 2602 1763 2636 cognati

983 2645 1166 2675 agnoscuntur
1191 2651 1199 2668 ι
1221 2642 1331 2670 vitricus
1355 2650 1414 2669 cum
1447 2644 1578 2678 privigua,
1604 2652 1682 2672 socer
1703 2653 1764 2673 cum

984 2692 1064 2717 nuru,
1077 2686 1216 2720 privignus
1232 2694 1292 2714 cum
1309 2695 1435 2720 noverca,
1450 2688 1534 2717 frater
1545 2697 1608 2718 cum
1621 2691 1724 2724 fratria.
1737 2693 1763 2720 id

982 2733 1033 2761 est,
1050 2737 1133 2757 uxore
1145 2731 1247 2759 fratris.
1259 2731 1388 2761 Similiter
1399 2738 1475 2768 pater
1484 2738 1511 2762 et
1521 2735 1592 2763 ﬁlius
1605 2744 1666 2763 cum
1679 2743 1764 2765 matre

984 2783 1015 2803 ac
1027 2776 1090 2809 tilia,
1106 2777 1159 2804 duo
1170 2777 1268 2806 fratres
1280 2786 1340 2806 cum
1353 2780 1455 2808 duabus
1470 2783 1615 2810 sororibus.
1630 2782 1763 2812 Praeterea

982 2822 1028 2855 qui
1054 2830 1101 2856 por
1124 2831 1205 2850 unum
1230 2830 1413 2859 susceptorem
1438 2834 1471 2854 ex
1492 2833 1587 2856 sancto
1603 2829 1764 2862 baptismate

985 2867 1072 2894 renati
1099 2873 1160 2896 sunt
1184 2868 1284 2898 fratres
1306 2871 1470 2907 spirituales,
1489 2874 1538 2902 hoc
1561 2880 1612 2908 est,
1630 2876 1765 2903 tttasvulus
