1938 3070
135 96 189 129 495

648 87 902 120 CONSTANTINI
923 84 1263 117 PORPHYROGENITI

1713 81 1773 114 £96

136 158 165 181 et
189 151 286 188 puella.
310 150 338 178 ln
365 147 491 177 omnibus
515 146 589 175 hisce
609 145 696 174 modis
711 152 762 173 nec
785 143 921 179 sponsalia

991 142 1083 177 δελφοὶ
1100 140 1291 176 πνευματικοὶ,
1308 140 1432 167 τουτέστι
1465 139 1632 176 παλικάριον
1652 140 1700 167 καὶ
1719 149 1771 168 κο-

137 198 344 226 contrahantur.

165 289 201 317 3.
217 287 418 316 lnterveniente
437 285 573 321 scriptura
598 284 698 319 nuptiae
713 283 924 315 contrahuntur,

136 343 184 371 per
209 334 436 369 comprehensum
453 331 556 366 scripto
587 329 677 358 dotale
701 330 924 361 instrumentum,

137 381 238 408 factum
262 379 312 407 sub
335 379 423 405 tribus
443 377 495 405 [ide
512 376 601 412 dignis
624 375 756 407 testibus,
774 373 925 402 secundum

137 434 181 460 ea,
207 433 268 461 quae
284 432 381 453 recens
404 431 419 451 a
436 423 513 451 nobis
528 422 570 458 pie
593 422 754 449 sanciuntur
773 428 780 447 :
799 420 835 448 ita
855 424 883 447 ιιι
900 419 926 447 in

136 480 169 500 eo
183 472 300 500 maritus
324 471 358 498 de
380 473 491 504 accepta
508 468 571 495 dote
595 468 699 502 integra
717 470 822 498 caveat,
841 466 928 500 deque

137 522 213 545 certa
231 520 258 543 et
273 515 363 543 omnis
377 513 576 542 imtninutionis
593 517 702 547 experte
718 511 789 538 dotis
805 511 928 539 custodia

139 563 198 591 sive
207 561 426 594 conservatione;
436 568 489 586 una
503 566 564 586 cum
573 566 605 586 ea
617 565 734 589 summa,
745 565 804 592 quae
814 557 882 584 forte
890 556 928 583 illi

139 609 212 637 dotis
238 607 369 643 augenda:
394 606 504 633 nomine
524 605 558 631 ab
576 604 635 639 ipso
658 604 720 630 data
745 606 787 630 est
812 609 818 628 :
843 602 928 629 ascri-

140 654 228 682 ltelldt)
247 653 363 687 denique
378 652 405 679 in
420 651 473 678 hoc
488 650 682 681 instrumento,
698 647 770 682 quod
788 647 821 675 ab
835 654 867 675 eo
880 654 928 674 ex-

139 701 260 736 ponitur,
277 699 424 727 liberorum
446 704 499 724 non
516 695 679 723 exstantium
695 701 769 721 casu.

468 750 594 779 Scolium.

175 809 262 837 Casus
274 815 329 845 non
345 805 510 845 exstantium
521 803 685 845 liberorum,
690 806 740 845 rest
752 808 814 845 pars
831 804 928 845 quarta
944 817 965 845 Β

141 836 239 873 dotalis
253 843 395 879 hypoboli‘,
409 839 555 879 sit’e‘dotis
576 842 673 879 auctae.
687 836 810 879 Exempli
835 843 928 879 causa.

143 872 197 907 Dos
222 872 345 906 mulieris
364 872 457 910 viginti
476 873 551 901 libra:
576 878 666 910 sunto.
687 872 932 910 Promissum_m_u-

141 905 201 942 fieri
222 905 241 940 τι
263 913 361 940 marito
381 905 541 946 li’ypobolum
565 908 607 946 vel
629 905 930 946 incrementumdctis,

134 941 217 976 librae
231 949 334 975 decem.
351 941 471 979 Utraque
488 943 616 979 permista
634 942 702 970 ﬁunt
719 941 930 979 librastriginla.

134 984 243 1011 .llarum
257 982 366 1016 triginta
381 977 508 1009 librarum
519 986 582 1016 pars
593 977 857 1016 quarta‘suntdibrze
871 983 933 1016 sep-

143 1025 196 1047 tem
224 1011 317 1054 semis.
340 1015 423 1052 Igitur
439 1023 453 1041 a
466 1011 566 1054 marito
585 1011 682 1053 praeter
696 1011 872 1047 hypobolum,
892 1011 933 1038 hae

140 1061 249 1089 quoque
261 1053 337 1080 librae
351 1056 456 1086 septem
469 1053 552 1076 semis
563 1053 720 1083 extguntur.

179 1111 239 1143 Quo
255 1110 311 1141 ﬁet,
327 1113 356 1135 ut
372 1107 442 1134 inter
456 1112 504 1133 eos
521 1104 702 1132 instrumenta
718 1103 769 1130 tria
785 1102 933 1130 conﬁcian-

144 1161 197 1184 tur:
214 1155 268 1183 duo
282 1153 392 1190 quidem
407 1159 456 1186 pro
470 1151 542 1178 dotis
554 1149 725 1186 syngraphis,
744 1148 844 1177 tenoris
860 1147 934 1182 ejus-

144 1203 204 1230 dem
221 1211 229 1234 ;
243 1200 353 1228 tertium
367 1205 441 1232 vero,
457 1196 528 1232 quod
544 1196 622 1224 uxori
635 1204 650 1223 a
665 1196 763 1223 marito
777 1195 931 1230 exponitur.

144 1247 200 1275 Nec
214 1246 342 1281 stipulato
356 1245 527 1279 promittetur
542 1249 590 1272 aut
604 1244 791 1272 conscribetur
808 1250 824 1271 a
835 1243 933 1270 marito

143 1291 254 1320 donatio
275 1295 385 1325 propter
398 1289 518 1325 nuptias,
534 1297 596 1324 quae
612 1289 683 1317 dotis
697 1289 730 1316 ad
744 1289 831 1324 ipsum
844 1288 933 1316 allata:

141 1344 276 1366 summam
290 1341 388 1371 aequet.

179 1385 206 1412 4.
222 1382 300 1417 Quod
315 1383 340 1410 si
354 1382 411 1410 fato
436 1382 534 1410 mulier
549 1382 652 1417 absque
667 1381 759 1410 liberis
776 1385 839 1408 ante
852 1380 935 1408 mari-

143 1434 201 1457 tum
213 1429 341 1456 defuncta
357 1427 450 1460 fuerit,
466 1433 591 1462 quartam
607 1427 651 1454 ille
674 1427 815 1454 dumtaxat
826 1431 933 1461 partem

145 1473 228 1501 totius
247 1472 289 1507 (ut
311 1472 413 1500 dictum
437 1472 489 1507 est)
507 1472 542 1499 ab
565 1479 594 1499 se
615 1475 703 1498 cautae
723 1471 795 1499 dotis
809 1471 876 1498 lucri
892 1471 932 1498 sui
947 1484 968 1513 ο

143 1518 255 1545 nomine
272 1517 428 1549 retinet,.ac
445 1516 576 1551 reliquam
594 1515 725 1553 ejusmodi
741 1514 812 1543 dotis
829 1519 934 1551 partem

145 1567 271 1598 quartam
295 1570 356 1590 cum
381 1561 497 1588 semisse
519 1561 560 1589 vel
586 1568 620 1589 ex
647 1568 773 1596 suprema
794 1561 935 1590 voluntate

146 1608 269 1636 mulieris
284 1606 438 1635 lrmredibus
461 1606 595 1641 restituat,
608 1606 650 1634 vel
670 1606 731 1634 aliis
744 1606 803 1642 ejus
818 1605 934 1634 haeredi-

145 1653 208 1685 bus,
227 1653 272 1688 qui
298 1653 331 1680 ad
359 1651 559 1680 successionem
585 1652 619 1680 ab
642 1652 769 1680 intestato
790 1656 933 1684 vocantur,

139 1698 252 1726 reddat.

176 1745 209 1772 ,5.
226 1745 275 1772 Sin
297 1744 413 1772 maritus
428 1747 493 1771 ante
509 1742 652 1778 conjugem
670 1751 746 1771 suam
765 1743 825 1771 sine
842 1743 935 1770 liberis

147 1790 304 1822 decesserit,
327 1789 510 1817 consimiliter
527 1789 571 1816 illa
588 1794 686 1825 praeter
701 1789 833 1824 integram
849 1793 936 1816 cautae

146 1835 198 1863 sibi
213 1835 286 1862 dotis
301 1834 513 1867 restitutionem,
530 1834 611 1861 etiam
629 1839 734 1869 partem
748 1838 871 1869 quartam
887 1834 935 1862 do-

141 1881 183 1909 tis
196 1881 281 1916 ipsius
295 1888 329 1908 ex
346 1880 447 1908 relictis
462 1888 476 1906 ιι
489 1879 586 1907 marito
599 1886 650 1907 suo
665 1879 755 1908 omnis
770 1880 876 1915 generis
892 1887 936 1908 re-

147 1927 198 1954 bus
212 1927 270 1954 sive
285 1926 365 1954 bonis
377 1926 486 1954 nomine
500 1933 578 1953 casus
592 1933 645 1953 non
659 1926 824 1953 exstantium
838 1926 936 1954 libero-

143 1979 207 1998 .ruin
223 1979 272 2007 pro
292 1971 367 1999 lucro
383 1979 433 1999 suo
458 1970 546 2006 capiet
568 1980 575 1998 :
598 1975 625 1998 et
646 1978 737 2003 omne,
756 1972 936 2007 quodcunque

147 2022 284 2052 superest,
296 2018 492 2052 patrimonium
508 2017 577 2051 ejus,
595 2016 637 2044 vel
650 2016 684 2044 ad
705 2017 826 2045 hmredes
841 2025 874 2045 ex
890 2025 936 2045 su-

144 2070 243 2099 prema
257 2063 341 2098 ipsius
359 2063 507 2095 voluntate,
521 2062 563 2090 vel
578 2063 611 2089 ad
622 2069 683 2096 eos,
702 2062 747 2097 qui
759 2063 793 2090 ab
809 2062 937 2091 intestato

148 2110 171 2136 ei
189 2110 347 2142 succedunt,
359 2109 508 2144 perveniet.

178 2203 210 2230 ~6.
230 2202 306 2236 Quod
330 2202 352 2229 si
376 2201 468 2230 liberis
493 2202 679 2235 chtantibus,
704 2206 768 2230 ante
795 2203 936 2238 coniugem

150 2255 226 2276 suam
245 2247 360 2275 maritus
379 2247 530 2275 decesserit
545 2256 552 2273 :
571 2254 657 2280 uxor,
673 2247 699 2275 id
714 2252 766 2280 est,
781 2250 937 2277 eorumdem

150 2294 297 2321 liberorum
310 2296 406 2323 mater,
419 2291 446 2318 in
462 2295 598 2326 potestate
613 2298 660 2318 sua
670 2295 724 2318 tam
736 2291 825 2319 dotem
839 2292 936 2327 ipsam,

149 2346 231 2374 quam
251 2337 408 2365 universum
431 2337 522 2365 mariti
545 2337 740 2372 patrimonium
766 2338 893 2371 retineat,
911 2343 939 2366 et

150 2384 307 2412 universam
325 2384 422 2411 domus
442 2383 499 2417 ipsa
518 2390 613 2410 curam
635 2387 663 2410 et
673 2383 938 2411 administrationem

150 2435 241 2466 gerat.
265 2430 310 2458 ubi
332 2430 419 2466 palam
444 2429 655 2464 descriptionem
673 2429 808 2464 publicam
833 2429 937 2463 fecerit,

151 2478 204 2506 hoc
218 2483 272 2511 est,
289 2476 472 2505 inventarium
489 2476 584 2508 totius,
601 2476 672 2511 quod
684 2483 699 2503 a
717 2476 814 2504 marito
832 2484 881 2504 suo
895 2484 937 2504 re-

151 2523 295 2558 linquitur,
306 2522 481 2558 patrimonii;
500 2527 526 2549 et
540 2522 629 2550 omnis
642 2522 749 2558 generis
766 2521 939 2554 facultatum,

151 2568 266 2603 adjectis
289 2568 377 2596 eidem
401 2568 575 2602 dcscriptioni
603 2568 644 2594 vel
667 2568 820 2595 iuventario
834 2569 941 2596 cunctis

153 2614 236 2642 etiam
253 2614 332 2641 bonis
351 2613 406 2641 suis
421 2613 565 2646 dotalibus,
581 2619 608 2640 et
623 2613 665 2646 iis,
681 2621 740 2648 qnze
752 2614 781 2640 in
797 2615 876 2642 rebus
892 2622 940 2642 ex-

154 2664 195 2686 tra
218 2659 308 2686 dotetn
331 2659 485 2686 constitutis
498 2659 579 2686 habet
595 2667 602 2685 :
621 2667 681 2694 quae
695 2659 802 2693 quidem
815 2661 941 2687 extrado-

154 2704 221 2731 talia
243 2704 431 2732 demonstrare
452 2712 500 2739 per
515 2705 639 2732 ellicaces
663 2705 837 2739 probationes
851 2705 941 2737 debet,

153 2756 186 2777 ea
204 2755 235 2775 se
254 2747 356 2775 scilicet
379 2749 406 2775 in
428 2749 478 2776 viri
504 2749 546 2776 sui
562 2750 671 2778 domum
685 2750 819 2782 attulisse,
832 2750 943 2785 jamque

153 2800 214 2829 post
229 2797 344 2821 mortem
357 2794 428 2822 illius
444 2800 568 2828 exstare;
585 2803 639 2823 non
657 2795 820 2824 habentibus
834 2795 893 2830 ejus
909 2796 943 2824 li-

978 188 1081 224 ράσιον.
1104 187 1168 215 Ἐπὶ
1179 186 1285 219 τούτοις
1300 186 1367 212 πᾶσι
1377 185 1490 221 τρόποις
1505 185 1555 223 [αι.
1573 184 1678 221 τόποις]
1699 185 1771 221 μηδὲ

977 232 1112 269 μνηστεία
1126 232 1257 267 γενέσθω.

1010 277 1045 312 γ’.
1064 278 1223 313 Ἐγγραφος
1238 276 1288 312 [aL
1318 274 1478 312 ἐγγράφως]
1505 275 1595 310 γάμος
1609 275 1772 301 συνίσταται

976 323 1010 350 δι’
1019 323 1160 359 ἐγγράφου
1178 322 1316 359 προικῴου
1328 322 1505 358 συμὸολαίου,
1523 321 1576 348 ὑπὸ
1594 321 1679 356 τριῶν
1693 320 1772 354 ἀξιο-

977 370 1081 397 πίστων
1103 368 1262 405 μαρτύρων,
1278 368 1350 396 κατὰ
1365 368 1400 395 τὰ
1421 368 1487 403 παρ’
1500 367 1578 402 ήμῶν
1597 367 1699 403 ἀρτίως
1724 367 1773 393 εὑ-

979 415 1067 447 σεδῶς
1083 414 1314 450 νομοθετούμενα·
1343 413 1412 440 ὥστε
1426 414 1456 440 ὲν
1478 414 1553 449 αὐτῷ
1566 413 1710 448 ὁμολογεῖν
1719 404 1772 439 ⁵τὸν

978 461 1063 496 ἄνδρα
1078 461 1127 496 τήν
1152 469 1182 487 τε
1210 459 1305 495 ιντελῆ
1334 460 1384 495 τῆς
1406 459 1518 496 προικὸς
1548 459 1698 491 οἱκείωσιν,
1721 458 1772 486 xl

978 507 1150 535 ἀδιάπτωτον
1164 506 1211 533 καὶ
1237 506 1375 541 άμεῑωτον
1390 505 1475 541 αὐτῆς
1500 505 1702 541 παραφυλακὴν
1721 505 1772 532 καὶ

980 553 1156 588 συντήρησιν,
1176 552 1246 587 μετὰ
1263 552 1310 579 καὶ
1325 552 1387 587 τῆς,
1406 551 1442 584 ὡς
1462 551 1546 585 εἰκὸς,
1560 551 1625 586 παρ’
1641 550 1724 578 αὑτοῦ
1741 551 1772 577 ὲν

980 598 1134 633 έπαυξήσει
1148 598 1384 634 ἁποχαρισθείσης
1399 598 1466 633 αὐτῇ
1484 597 1645 633 ποσότητος,
1666 598 1771 632 ἔγγρα-

980 645 1099 680 φομένου
1114 646 1143 671 ὲν
1166 644 1206 679 τῷ
1229 645 1296 680 παρ’
1316 644 1398 671 αὑτοῦ
1419 643 1587 679 ὲκτιθεμένῳ
1615 643 1772 679 συμϐολαίῳ

980 692 1082 719 κάσσου
1099 691 1130 724 ὲξ
1149 691 1289 723 ἀπαιδίας.

1296 747 1444 781 Σχόλιον.

1015 801 1054 828 To
1067 800 1098 833 ἐξ
1112 801 1240 833 ἀπαιδίας
1258 801 1370 830 κάσσον.
1385 800 1518 836 τέταρτον
1531 800 1614 836 μέρος
1631 799 1678 836 τοῦ
1690 808 1773 835 προι-

982 836 1056 869 κῴου
1087 836 1220 863 ὐποεόλου
1253 836 1338 863 ἐστίν.
1363 836 1407 867 Ὠς
1432 835 1461 862 ὲν
1491 835 1618 862 ὑποθέσει
1638 835 1772 869 λέγομεν·
1801 856 1805 863 ι

985 870 1079 898 Ἔστιν
1094 871 1111 906 ή
1127 871 1211 906 προὶξ
1225 871 1276 906 τῆς
1290 870 1430 905 γυναικὸς,
1446 870 1535 906 λίτραι
1551 873 1590 906 κ¹ξ
1609 870 1646 906 τὸ
1664 870 1693 906 δὲ
1703 870 1775 906 rimo-

984 905 1079 942 σχεθὲν
1092 905 1166 942 παρᾶ
1177 907 1223 933 τοῦ
1236 905 1332 942 ἀνδρὸς
1355 907 1388 942 τῇ
1401 907 1510 942 γυναικὶ
1523 905 1663 942 ὐπρβολον,
1677 905 1775 942 λίτραι

984 940 1015 969 ι’;⁷
1040 940 1196 976 Ἀμφότερα
1223 940 1387 976 μιγνύμενα
1405 941 1527 976 γίνονται
1558 941 1648 976 λίτραι
1676 940 1707 968 λ’.
1734 940 1774 967 Th

982 975 1111 1010 τέταρτον
1123 975 1176 1002 τῶν
1184 975 1333 1011 τριάκοντα
1351 976 1470 1011 γίνονται
1483 975 1572 1010 λίτραι
1587 975 1657 1002 ἑπτὰ
1671 976 1772 1011 ἥμισυ.

989 1009 1162 1038 ’Δπαιτεῖται
1178 1013 1192 1038 ὸ
1203 1009 1276 1046 ’ἀνὴρ
1291 1011 1391 1043 ἔξωθεν
1404 1009 1451 1038 τοῦ
1464 1009 1597 1037 ὑποϐόλου
1612 1011 1660 1038 καὶ
1670 1009 1774 1041 ταύτας

983 1046 1033 1077 τὰς
1048 1046 1119 1073 ἑπτὰ
1132 1047 1217 1081 ἥμισυ
1230 1046 1335 1081 λίτρας.

1019 1103 1109 1138 Τριῶν
1126 1102 1247 1138 δηλονότι
1263 1103 1435 1138 συμῦολαίων
1445 1103 1547 1138 μεταξὺ
1564 1102 1655 1129 αὐτῶν
1669 1109 1775 1137 προερ-

984 1149 1125 1185 χομένων·
1144 1148 1190 1175 δύο
1223 1147 1273 1183 μὲν
1295 1148 1357 1175 ἀντὶ
1386 1148 1551 1184 συγγράφων
1576 1148 1626 1183 τῆς
1658 1147 1774 1183 προικὸς

986 1193 1152 1228 ἰσοδυνάμων
1164 1202 1170 1209 ·
1187 1193 1236 1220 τοῦ
1249 1193 1277 1220 δὲ
1293 1194 1389 1229 ἐτέρου
1410 1193 1487 1229 παρὰ
1515 1193 1563 1220 τοῦ
1579 1193 1677 1229 ἀνδρὸς
1702 1193 1773 1228 πρὸς

983 1238 1033 1274 τὴν
1057 1239 1174 1273 γυναῖκα
1191 1237 1380 1272 ἑκτιθεμένου.
1405 1238 1461 1264 καὶ
1483 1238 1521 1273 μὴ
1539 1236 1730 1273 ἐπερωτᾶσθαι
1754 1237 1773 1271 ἢ

984 1283 1214 1321 καταγράφεσθαι
1237 1283 1312 1319 παρὰ
1338 1283 1385 1310 τοῦ
1420 1284 1518 1319 ἀνδρὸς
1551 1284 1695 1319 ἰσόμετρον
1722 1282 1774 1317 τῆς

984 1333 1168 1368 εἰσαγομένης
1184 1331 1259 1366 αὐτῷ
1270 1331 1382 1367 προικὸς
1397 1332 1587 1367 προγαμιαίαν
1602 1331 1718 1366 δωρεάν.

1019 1378 1049 1406 δ’.
1069 1379 1123 1405 Καὶ
1145 1379 1169 1405 εἰ
1186 1378 1278 1414 δεήσει
1297 1377 1347 1413 τήν
1377 1379 1493 1412 γυναῖκα
1513 1378 1617 1405 παίδων
1642 1377 1706 1404 ἄνευ
1719 1376 1774 1412 πρδ

983 1424 1031 1451 τοῦ
1045 1423 1141 1459 ἀνδρὸς
1152 1423 1327 1458 τελευτῆσαι,
1343 1422 1476 1458 τετάρτην
1503 1423 1600 1458 μοῖραν
1613 1423 1660 1449 καὶ
1692 1422 1773 1457 μόνον

985 1471 1018 1497 ἐκ
1038 1469 1139 1504 πάσης,
1163 1469 1201 1501 ὡς
1229 1469 1347 1504 εἴρηται,
1363 1468 1577 1504 ὁμολογηθείσης
1606 1468 1672 1504 παρ’
1688 1467 1772 1495 αὑτοῦ

985 1515 1099 1551 προικὸς
1112 1515 1154 1547 εις
1187 1515 1252 1542 ῐδιον
1279 1514 1375 1550 κέρδος
1395 1515 1541 1550 ὲγκρατείν
1565 1514 1657 1547 αὐτὸν,
1679 1514 1726 1541 καὶ
1742 1514 1772 1541 τὸ

985 1563 1133 1589 ὑπόλοιπον
1149 1561 1367 1597 ήμισυτέταρτον
1388 1562 1470 1596 μέρος
1484 1561 1532 1596 τῆς
1545 1561 1674 1596 τοιαύτης
1693 1569 1773 1596 προι-

985 1608 1031 1640 κὸς
1048 1609 1114 1644 ῆεὶς
1129 1608 1192 1640 τοὺς
1208 1609 1241 1634 ὲκ
1257 1607 1418 1639 τελευταίας
1429 1607 1514 1642 αὐτῆς
1535 1606 1692 1641 βουλήσεως
1705 1605 1772 1641 κλη-

985 1653 1117 1689 ρονόμους
1140 1652 1387 1685 ἀποκαθίστασθαι,
1403 1652 1420 1688 ἢ
1450 1652 1490 1684 είς
1509 1654 1573 1684 τοὺς
1586 1652 1616 1684 ἐξ
1631 1651 1773 1679 scissem

985 1699 1168 1734 καλουμένους
1180 1699 1265 1736 αὐτῆς
1279 1698 1465 1735 κληρονόμους
1480 1698 1665 1725 ἀποδίδοσθαι.

1021 1749 1051 1773 ε’.
1068 1746 1098 1773 Εί
1115 1745 1144 1773 δὲ
1161 1747 1175 1773 ὸ
1197 1747 1267 1782 ἀνὴρ
1292 1745 1346 1781 πρὸ
1369 1746 1419 1780 τῆς
1442 1744 1510 1776 ιδίας
1531 1744 1659 1778 γυναικὸς
1672 1743 1775 1770 παίδων

985 1792 1064 1824 me;
1077 1792 1236 1824 ἀποϐιώσει,
1258 1791 1358 1827 ὁμοίως
1380 1791 1448 1826 πρὸς
1462 1792 1495 1826 τῇ
1512 1790 1614 1817 ὲντελεῖ
1633 1791 1774 1817 ἀποκαταο

986 1838 1079 1865 στάσει
1090 1839 1139 1873 τῆς
1149 1837 1363 1873 ὸμολογηθείσης
1373 1836 1440 1872 αὐτῇ
1453 1835 1575 1871 προικὸς,
1588 1835 1634 1862 καὶ
1645 1835 1773 1870 τέταρτον

988 1883 1070 1919 μέρος
1089 1883 1141 1918 τῆς
1158 1882 1286 1917 τοιαύτης
1301 1882 1413 1916 προικὸς
1434 1883 1466 1908 ὲκ
1479 1881 1533 1909 τῶν
1549 1881 1776 1916 ἐγκαταλειφθέν-

985 1938 1040 1956 των
1065 1928 1112 1955 τοῦ
1137 1929 1233 1964 ἀνδρὸς
1253 1928 1339 1963 αὐτῆς
1366 1928 1501 1955 παντοίων
1529 1928 1700 1963 πραγμάτων
1730 1926 1774 1953 ἐπ’

986 1976 1099 2010 ὀνόματι
1113 1976 1214 2002 κάσσου
1227 1976 1267 2008 είς
1282 1975 1377 2010 κέρδος
1391 1976 1489 2006 οἰκεῖον
1509 1975 1659 2010 λαμϐάνειν
1676 1975 1772 2010 αὐτὴν,

987 2022 1034 2048 καὶ
1057 2021 1106 2057 τὴν
1119 2021 1351 2057 περιττευομένην
1373 2021 1495 2057 ἀνδρῴαν
1512 2021 1561 2057 [σί.
1585 2020 1681 2057 αὑτοῦ]
1698 2021 1775 2055 ,ᾶπα-

988 2076 1037 2094 σαν
1054 2066 1171 2103 ὓπαρξιν
1184 2067 1201 2102 ἢ
1217 2068 1257 2099 είς
1273 2067 1336 2098 τοὺς
1349 2068 1380 2094 ὲκ
1394 2067 1551 2098 τελευταίας
1567 2066 1648 2093 αὑτοῦ
1677 2065 1774 2101 βουλή-

989 2122 1067 2147 σεως,
1083 2113 1100 2148 ἦ
1120 2115 1160 2144 είς
1183 2113 1245 2145 τοὺς
1261 2113 1291 2146 ἐξ
1316 2113 1460 2139 ἁδιαῡέτου
1485 2112 1568 2139 αὑτοῦ
1589 2111 1775 2148 κληρονόμους

951 2161 973 2189 D
988 2157 1193 2194 περιέρχεσθαι.

1024 2203 1061 2236 ς’.
1077 2203 1108 2230 Εἰ
1126 2203 1154 2230 δὲ
1169 2203 1272 2230 παίδων
1284 2203 1407 2230 ὺπᾶντων
1420 2203 1434 2230 δ
1445 2202 1515 2239 ἀνὴρ
1528 2203 1581 2239 πρὸ
1595 2203 1647 2239 τῆς
1672 2203 1776 2234 οἰκείας

988 2250 1110 2286 γαμετῆς
1127 2249 1294 2285 τελευτήσει,
1310 2248 1359 2284 τὴν
1385 2250 1521 2283 γυναῖκα,
1536 2250 1620 2285 ήγουν
1648 2248 1697 2284 τὴν
1722 2248 1775 2275 τῶν

989 2296 1078 2323 αὐτῶν
1098 2296 1200 2323 τέκνων
1221 2295 1339 2331 μητέρα,
1366 2296 1514 2331 ὲγκάτοχον
1540 2296 1589 2330 τῆς
1609 2304 1640 2322 τε
1664 2295 1776 2330 προικὸς

989 2343 1074 2377 αὐτῆς
1090 2343 1136 2369 uel.
1152 2342 1276 2377 ἁνδρῲας
1290 2341 1401 2376 ἀπάσης
1416 2340 1558 2377 ὑπάρξεως
1573 2339 1653 2374 εἷναι,
1667 2342 1714 2369 καὶ
1730 2342 1778 2368 αὺ‹

990 2389 1039 2424 τὴν
1051 2389 1099 2423 τὴν
1114 2389 1207 2416 πᾶσαν
1219 2387 1267 2414 τοῦ
1280 2387 1356 2415 οἴκου
1371 2389 1505 2414 ποιεῖσθαι
1525 2388 1654 2423 φροντίδα
1675 2396 1705 2415 τε
1732 2388 1776 2414 καὶ

990 2434 1132 2470 διοίκησιν,
1149 2434 1290 2470 προδήλως
1301 2434 1433 2469 δημοσίαν
1445 2434 1606 2469 ἀναγραφὴν
1614 2434 1776 2469 ποιουμένης

991 2481 1086 2516 αὐτῆς,
1103 2480 1162 2516 ἦτοι
1178 2480 1305 2516 ίμϐέντον
1328 2480 1421 2515 πάσης
1433 2481 1482 2515 τῆς
1498 2479 1777 2515 καταλιμπανομένης

992 2526 1043 2552 ὑπὸ
1068 2525 1115 2551 τοῦ
1138 2525 1233 2560 ἀνδρὸς
1259 2525 1345 2560 αὐτῆς
1360 2525 1492 2556 παντοίας
1517 2524 1662 2560 ὐπάρξεώς
1678 2533 1708 2551 τε
1731 2525 1777 2551 καὶ

992 2571 1161 2606 περιουσίας,
1187 2572 1375 2606 συγκειμένων
1394 2571 1422 2597 ὲν
1437 2572 1470 2606 τῇ
1497 2571 1609 2607 τοιαύτῃ
1633 2571 1776 2605 ἀναγραφῇ

992 2616 1040 2642 καὶ
1071 2617 1123 2642 τῶν
1151 2616 1340 2651 προικιμαίων
1365 2615 1451 2650 αὐτῆς
1478 2617 1661 2652 πραγμάτων,
1690 2617 1737 2642 καὶ
1761 2616 1777 2643 ἃ.

993 2662 1102 2688 ὕπεισιν
1115 2662 1184 2697 αὐτῇ
1200 2663 1246 2688 καὶ
1264 2663 1293 2688 ἐν
1309 2661 1502 2696 ἐξωπροίκοις,
1518 2662 1680 2696 ὀφειλούσης
1697 2662 1777 2697 αὐτῆς

993 2707 1027 2733 τὰ
1049 2706 1204 2742 ἐξώπροικα
1224 2707 1309 2739 δεῖξαι
1336 2707 1370 2734 δι’
1390 2707 1510 2743 ἐνεργῶν
1542 2707 1713 2740 συστάσεων,
1742 2707 1777 2738 ὡς

994 2752 1080 2779 ταῦτα
1093 2753 1242 2788 εἰσήγαγεν
1260 2755 1290 2781 ὲν
1305 2753 1343 2790 τῷ
1355 2753 1423 2789 οἴκῳ
1437 2754 1484 2780 τοῦ
1509 2754 1605 2789 ἀνδρὸς
1622 2754 1716 2788 αὺτῆ·,
1734 2752 1779 2779 καὶ

996 2796 1135 2831 φαίνονται
1155 2798 1224 2833 μετὰ
1238 2798 1287 2834 τὴν
1302 2798 1386 2826 αὐτοῦ
1407 2799 1546 2834 τελευτὴν,
1573 2799 1610 2834 μὴ
1626 2798 1780 2833 δυναμένων
