  <div class='ocr_page' id='page_1' title='image "/cluster/home/n/w/nwhite01/storage/ocr_20150623/113/njp.32101077772968/274.png"; bbox 0 0 1938 3070; ppageno 0'>
   <div class='ocr_carea' id='block_1_1' title="bbox 151 173 205 206">
    <p class='ocr_par' dir='ltr' id='par_1_1' title="bbox 151 173 205 206">
     <span class='ocr_line' id='line_1_1' title="bbox 151 173 205 206; baseline 0.019 -1"><span class='ocrx_word' id='word_1_1' title='bbox 151 173 205 206; x_wconf 75' lang='grc'><strong>497</strong></span> 
     </span>
    </p>
   </div>
   <div class='ocr_carea' id='block_1_2' title="bbox 785 191 1141 230">
    <p class='ocr_par' dir='ltr' id='par_1_2' title="bbox 785 191 1141 230">
     <span class='ocr_line' id='line_1_2' title="bbox 785 191 1141 230; baseline 0.025 -9"><span class='ocrx_word' id='word_1_2' title='bbox 785 191 981 226; x_wconf 86' lang='lat' dir='ltr'><strong>DELECTUS</strong></span> <span class='ocrx_word' id='word_1_3' title='bbox 999 197 1141 230; x_wconf 87' lang='lat' dir='ltr'>LEGUM.</span> 
     </span>
    </p>
   </div>
   <div class='ocr_carea' id='block_1_3' title="bbox 1719 213 1773 246">
    <p class='ocr_par' dir='ltr' id='par_1_3' title="bbox 1719 213 1773 246">
     <span class='ocr_line' id='line_1_3' title="bbox 1719 213 1773 246; baseline 0.037 -2"><span class='ocrx_word' id='word_1_4' title='bbox 1719 213 1773 246; x_wconf 69' lang='grc'><strong>498</strong></span> 
     </span>
    </p>
   </div>
   <div class='ocr_carea' id='block_1_4' title="bbox 149 232 914 298">
    <p class='ocr_par' dir='ltr' id='par_1_4' title="bbox 149 232 914 298">
     <span class='ocr_line' id='line_1_4' title="bbox 149 232 914 286; baseline 0.021 -27"><span class='ocrx_word' id='word_1_5' title='bbox 149 232 206 260; x_wconf 78' lang='grc' dir='ltr'><strong>τῶν</strong></span> <span class='ocrx_word' id='word_1_6' title='bbox 213 234 299 269; x_wconf 80' lang='grc' dir='ltr'>αὐτῆς</span> <span class='ocrx_word' id='word_1_7' title='bbox 308 235 411 263; x_wconf 79' lang='grc' dir='ltr'>τέκνων</span> <span class='ocrx_word' id='word_1_8' title='bbox 421 237 662 270; x_wconf 74' lang='grc' dir='ltr'><strong>ἀντικαθίστασθαι</strong></span> <span class='ocrx_word' id='word_1_9' title='bbox 676 245 782 282; x_wconf 81' lang='grc' dir='ltr'>αὐτῇ,ῆ</span> <span class='ocrx_word' id='word_1_10' title='bbox 796 249 914 286; x_wconf 78' lang='grc' dir='ltr'>ἐπιζητεῖ</span> 
     </span>
     <span class='ocr_line' id='line_1_5' title="bbox 149 278 914 298; baseline 0 0"><span class='ocrx_word' id='word_1_11' title='bbox 149 278 216 298; x_wconf 69' lang='grc' dir='ltr'><strong>πηην</strong></span> <span class='ocrx_word' id='word_1_12' title='bbox 229 280 315 298; x_wconf 53' lang='lat' dir='ltr'><strong>animi.</strong></span> <span class='ocrx_word' id='word_1_13' title='bbox 329 282 460 298; x_wconf 65' lang='grc' dir='ltr'><strong>ο---,ξ.-..</strong></span> <span class='ocrx_word' id='word_1_14' title='bbox 474 284 577 298; x_wconf 64' lang='grc' dir='ltr'>,ιι-ιμ-</span> <span class='ocrx_word' id='word_1_15' title='bbox 584 295 623 298; x_wconf 66' lang='lat'><strong>_.,_</strong></span> <span class='ocrx_word' id='word_1_16' title='bbox 633 296 639 298; x_wconf 90' lang='lat'>_</span> <span class='ocrx_word' id='word_1_17' title='bbox 662 297 667 298; x_wconf 61' lang='lat'><strong><em>,</em></strong></span> <span class='ocrx_word' id='word_1_18' title='bbox 693 290 700 298; x_wconf 73' lang='grc' dir='ltr'><strong>ο</strong></span> <span class='ocrx_word' id='word_1_19' title='bbox 776 292 782 298; x_wconf 97' lang='grc'>.</span> <span class='ocrx_word' id='word_1_20' title='bbox 850 295 855 298; x_wconf 93' lang='grc'>.</span> <span class='ocrx_word' id='word_1_21' title='bbox 905 295 914 298; x_wconf 84' lang='grc'><strong>-</strong></span> 
     </span>
    </p>
   </div>
   <div class='ocr_carea' id='block_1_5' title="bbox 968 232 1771 298">
    <p class='ocr_par' dir='ltr' id='par_1_5' title="bbox 968 232 1771 298">
     <span class='ocr_line' id='line_1_6' title="bbox 1719 232 1771 246; baseline 0.038 -2"><span class='ocrx_word' id='word_1_22' title='bbox 1719 232 1771 246; x_wconf 73' lang='grc' dir='ltr'>-ιειυ</span> 
     </span>
     <span class='ocr_line' id='line_1_7' title="bbox 968 254 1771 298; baseline 0.021 -17"><span class='ocrx_word' id='word_1_23' title='bbox 968 276 972 284; x_wconf 64' lang='grc'><strong>,</strong></span> <span class='ocrx_word' id='word_1_24' title='bbox 987 254 1068 288; x_wconf 81' lang='lat' dir='ltr'><strong>beris,</strong></span> <span class='ocrx_word' id='word_1_25' title='bbox 1086 256 1113 282; x_wconf 90' lang='lat' dir='ltr'><strong>in</strong></span> <span class='ocrx_word' id='word_1_26' title='bbox 1125 263 1178 291; x_wconf 91' lang='lat' dir='ltr'><strong>quo</strong></span> <span class='ocrx_word' id='word_1_27' title='bbox 1193 258 1330 293; x_wconf 87' lang='lat' dir='ltr'><strong>resistant,</strong></span> <span class='ocrx_word' id='word_1_28' title='bbox 1346 261 1388 289; x_wconf 81' lang='lat' dir='ltr'><strong>vel</strong></span> <span class='ocrx_word' id='word_1_29' title='bbox 1401 266 1494 296; x_wconf 81' lang='lat' dir='ltr'><strong>patern</strong></span> <span class='ocrx_word' id='word_1_30' title='bbox 1515 272 1539 292; x_wconf 94' lang='lat' dir='ltr'><strong>m</strong></span> <span class='ocrx_word' id='word_1_31' title='bbox 1552 266 1586 294; x_wconf 76' lang='lat' dir='ltr'><strong>ab</strong></span> <span class='ocrx_word' id='word_1_32' title='bbox 1597 274 1628 294; x_wconf 84' lang='lat' dir='ltr'><strong>ea</strong></span> <span class='ocrx_word' id='word_1_33' title='bbox 1641 268 1771 298; x_wconf 88' lang='lat' dir='ltr'><strong>substan-</strong></span> 
     </span>
    </p>
   </div>
   <div class='ocr_carea' id='block_1_6' title="bbox 148 278 936 329">
    <p class='ocr_par' dir='ltr' id='par_1_6' title="bbox 148 278 936 329">
     <span class='ocr_line' id='line_1_8' title="bbox 148 278 936 329; baseline 0.025 -26"><span class='ocrx_word' id='word_1_34' title='bbox 148 278 216 313; x_wconf 81' lang='grc' dir='ltr'>παρ’</span> <span class='ocrx_word' id='word_1_35' title='bbox 229 280 315 315; x_wconf 78' lang='grc' dir='ltr'>αὐτῆς</span> <span class='ocrx_word' id='word_1_36' title='bbox 329 282 460 318; x_wconf 80' lang='grc' dir='ltr'>πατρῴαν</span> <span class='ocrx_word' id='word_1_37' title='bbox 474 284 623 314; x_wconf 83' lang='grc' dir='ltr'>ὑπόστασιν</span> <span class='ocrx_word' id='word_1_38' title='bbox 632 296 640 304; x_wconf 79' lang='grc' dir='ltr'><strong>ο</strong></span> <span class='ocrx_word' id='word_1_39' title='bbox 657 290 812 319; x_wconf 78' lang='grc' dir='ltr'>τούναντίον</span> <span class='ocrx_word' id='word_1_40' title='bbox 828 295 876 329; x_wconf 85' lang='grc' dir='ltr'>μὲν</span> <span class='ocrx_word' id='word_1_41' title='bbox 889 295 936 323; x_wconf 82' lang='grc' dir='ltr'>οὖν</span> 
     </span>
    </p>
   </div>
   <div class='ocr_carea' id='block_1_7' title="bbox 148 325 935 373">
    <p class='ocr_par' dir='ltr' id='par_1_7' title="bbox 148 325 935 373">
     <span class='ocr_line' id='line_1_9' title="bbox 148 325 935 373; baseline 0.024 -23"><span class='ocrx_word' id='word_1_42' title='bbox 148 325 197 351; x_wconf 72' lang='grc' dir='ltr'><strong>καὶ</strong></span> <span class='ocrx_word' id='word_1_43' title='bbox 213 327 304 354; x_wconf 82' lang='grc' dir='ltr'>πᾶσαν</span> <span class='ocrx_word' id='word_1_44' title='bbox 318 328 412 364; x_wconf 81' lang='grc' dir='ltr'>τιμὴν,</span> <span class='ocrx_word' id='word_1_45' title='bbox 426 329 474 357; x_wconf 73' lang='grc' dir='ltr'>καὶ</span> <span class='ocrx_word' id='word_1_46' title='bbox 487 330 621 369; x_wconf 83' lang='grc' dir='ltr'>ὑπακοὴν,</span> <span class='ocrx_word' id='word_1_47' title='bbox 641 336 713 363; x_wconf 83' lang='grc' dir='ltr'>κατὰ</span> <span class='ocrx_word' id='word_1_48' title='bbox 737 337 788 373; x_wconf 81' lang='grc' dir='ltr'><strong>τὴν</strong></span> <span class='ocrx_word' id='word_1_49' title='bbox 803 339 851 366; x_wconf 79' lang='grc' dir='ltr'>τοῦ</span> <span class='ocrx_word' id='word_1_50' title='bbox 867 341 935 369; x_wconf 84' lang='grc' dir='ltr'>Θεοῦ</span> 
     </span>
    </p>
   </div>
   <div class='ocr_carea' id='block_1_8' title="bbox 146 370 934 421">
    <p class='ocr_par' dir='ltr' id='par_1_8' title="bbox 146 370 934 421">
     <span class='ocr_line' id='line_1_10' title="bbox 146 370 934 421; baseline 0.023 -25"><span class='ocrx_word' id='word_1_51' title='bbox 146 370 268 406; x_wconf 71' lang='grc' dir='ltr'>ιντολὴν,</span> <span class='ocrx_word' id='word_1_52' title='bbox 298 374 494 408; x_wconf 81' lang='grc' dir='ltr'><strong>προσαγόντων</strong></span> <span class='ocrx_word' id='word_1_53' title='bbox 514 377 584 413; x_wconf 77' lang='grc' dir='ltr'>αὐτῇ</span> <span class='ocrx_word' id='word_1_54' title='bbox 601 379 639 411; x_wconf 84' lang='grc' dir='ltr'>ὡς</span> <span class='ocrx_word' id='word_1_55' title='bbox 657 382 742 417; x_wconf 83' lang='grc' dir='ltr'>μητρί</span> <span class='ocrx_word' id='word_1_56' title='bbox 753 370 771 399; x_wconf 33' lang='grc'><strong>’1</strong></span> <span class='ocrx_word' id='word_1_57' title='bbox 792 385 934 421; x_wconf 81' lang='grc' dir='ltr'><strong>προδήλως</strong></span> 
     </span>
    </p>
   </div>
   <div class='ocr_carea' id='block_1_9' title="bbox 146 415 932 464">
    <p class='ocr_par' dir='ltr' id='par_1_9' title="bbox 146 415 932 464">
     <span class='ocr_line' id='line_1_11' title="bbox 146 415 932 464; baseline 0.023 -23"><span class='ocrx_word' id='word_1_58' title='bbox 146 415 313 453; x_wconf 83' lang='grc' dir='ltr'>ὀφειλούσης</span> <span class='ocrx_word' id='word_1_59' title='bbox 325 419 421 455; x_wconf 79' lang='grc' dir='ltr'>αὐτῆς,</span> <span class='ocrx_word' id='word_1_60' title='bbox 437 421 529 454; x_wconf 83' lang='grc' dir='ltr'>καθὼς</span> <span class='ocrx_word' id='word_1_61' title='bbox 542 424 642 459; x_wconf 80' lang='grc' dir='ltr'>πρέπει</span> <span class='ocrx_word' id='word_1_62' title='bbox 657 415 776 460; x_wconf 74' lang='grc' dir='ltr'>γονεῦσι.</span> <span class='ocrx_word' id='word_1_63' title='bbox 794 415 828 456; x_wconf 60' lang='grc' dir='ltr'>τά</span> <span class='ocrx_word' id='word_1_64' title='bbox 839 415 932 464; x_wconf 45' lang='grc' dir='ltr'>τέλναλ</span> 
     </span>
    </p>
   </div>
   <div class='ocr_carea' id='block_1_10' title="bbox 145 463 932 510">
    <p class='ocr_par' dir='ltr' id='par_1_10' title="bbox 145 463 932 510">
     <span class='ocr_line' id='line_1_12' title="bbox 145 463 932 510; baseline 0.02 -21"><span class='ocrx_word' id='word_1_65' title='bbox 145 463 318 492; x_wconf 79' lang='grc' dir='ltr'>ἐκπαιδεύειν</span> <span class='ocrx_word' id='word_1_66' title='bbox 332 474 373 499; x_wconf 83' lang='grc' dir='ltr'><strong>τε,</strong></span> <span class='ocrx_word' id='word_1_67' title='bbox 392 466 441 494; x_wconf 81' lang='grc' dir='ltr'>καὶ</span> <span class='ocrx_word' id='word_1_68' title='bbox 454 470 643 504; x_wconf 84' lang='grc' dir='ltr'>γαμοστολεῖν,</span> <span class='ocrx_word' id='word_1_69' title='bbox 661 472 708 500; x_wconf 84' lang='grc' dir='ltr'><strong>καὶ</strong></span> <span class='ocrx_word' id='word_1_70' title='bbox 722 475 824 510; x_wconf 84' lang='grc' dir='ltr'>προῖκα</span> <span class='ocrx_word' id='word_1_71' title='bbox 845 477 932 505; x_wconf 78' lang='grc' dir='ltr'>ἐπιδι-</span> 
     </span>
    </p>
   </div>
   <div class='ocr_carea' id='block_1_11' title="bbox 144 509 561 551">
    <p class='ocr_par' dir='ltr' id='par_1_11' title="bbox 144 509 561 551">
     <span class='ocr_line' id='line_1_13' title="bbox 144 509 561 551; baseline 0.019 -16"><span class='ocrx_word' id='word_1_72' title='bbox 144 509 233 542; x_wconf 82' lang='grc' dir='ltr'>δόναι,</span> <span class='ocrx_word' id='word_1_73' title='bbox 245 511 339 544; x_wconf 82' lang='grc' dir='ltr'>καθὼς</span> <span class='ocrx_word' id='word_1_74' title='bbox 355 512 388 539; x_wconf 85' lang='grc' dir='ltr'><strong>ἃν</strong></span> <span class='ocrx_word' id='word_1_75' title='bbox 407 512 561 551; x_wconf 82' lang='grc' dir='ltr'>βουληθείη.</span> 
     </span>
    </p>
   </div>
   <div class='ocr_carea' id='block_1_12' title="bbox 178 553 931 601">
    <p class='ocr_par' dir='ltr' id='par_1_12' title="bbox 178 553 931 601">
     <span class='ocr_line' id='line_1_14' title="bbox 178 553 931 601; baseline 0.023 -21"><span class='ocrx_word' id='word_1_76' title='bbox 178 553 211 586; x_wconf 76' lang='grc' dir='ltr'><strong>ζ’.</strong></span> <span class='ocrx_word' id='word_1_77' title='bbox 227 555 259 582; x_wconf 85' lang='grc' dir='ltr'><strong>Εἰ</strong></span> <span class='ocrx_word' id='word_1_78' title='bbox 285 555 314 583; x_wconf 85' lang='grc' dir='ltr'>δὲ</span> <span class='ocrx_word' id='word_1_79' title='bbox 331 557 422 593; x_wconf 76' lang='grc' dir='ltr'>συμϐῇ</span> <span class='ocrx_word' id='word_1_80' title='bbox 439 559 525 594; x_wconf 82' lang='grc' dir='ltr'>αὐτὴν</span> <span class='ocrx_word' id='word_1_81' title='bbox 539 561 579 593; x_wconf 84' lang='grc' dir='ltr'><strong>εἰς</strong></span> <span class='ocrx_word' id='word_1_82' title='bbox 595 562 689 598; x_wconf 74' lang='grc' dir='ltr'>ἕτερον</span> <span class='ocrx_word' id='word_1_83' title='bbox 706 566 859 601; x_wconf 75' lang='grc' dir='ltr'><strong>περιελθεῖν</strong></span> <span class='ocrx_word' id='word_1_84' title='bbox 872 578 931 596; x_wconf 85' lang='grc' dir='ltr'>συν-</span> 
     </span>
    </p>
   </div>
   <div class='ocr_carea' id='block_1_13' title="bbox 141 599 929 647">
    <p class='ocr_par' dir='ltr' id='par_1_13' title="bbox 141 599 929 647">
     <span class='ocr_line' id='line_1_15' title="bbox 141 599 929 647; baseline 0.019 -22"><span class='ocrx_word' id='word_1_85' title='bbox 141 599 269 633; x_wconf 70' lang='grc' dir='ltr'>οικέσιον,</span> <span class='ocrx_word' id='word_1_86' title='bbox 281 602 373 628; x_wconf 69' lang='grc' dir='ltr'>ἄδειαν</span> <span class='ocrx_word' id='word_1_87' title='bbox 391 602 464 638; x_wconf 83' lang='grc' dir='ltr'>ἔχειν</span> <span class='ocrx_word' id='word_1_88' title='bbox 482 605 516 631; x_wconf 77' lang='grc' dir='ltr'><strong>τὰ</strong></span> <span class='ocrx_word' id='word_1_89' title='bbox 531 605 612 633; x_wconf 81' lang='grc' dir='ltr'>τέκνα</span> <span class='ocrx_word' id='word_1_90' title='bbox 621 608 706 643; x_wconf 83' lang='grc' dir='ltr'>αὐτῆς</span> <span class='ocrx_word' id='word_1_91' title='bbox 718 599 824 646; x_wconf 79' lang='grc' dir='ltr'>παρεᾷν</span> <span class='ocrx_word' id='word_1_92' title='bbox 833 613 929 647; x_wconf 80' lang='grc' dir='ltr'>αὐτὴν,</span> 
     </span>
    </p>
   </div>
   <div class='ocr_carea' id='block_1_14' title="bbox 142 645 928 691">
    <p class='ocr_par' dir='ltr' id='par_1_14' title="bbox 142 645 928 691">
     <span class='ocr_line' id='line_1_16' title="bbox 142 645 928 691; baseline 0.02 -21"><span class='ocrx_word' id='word_1_93' title='bbox 142 645 188 670; x_wconf 78' lang='grc' dir='ltr'>καὶ</span> <span class='ocrx_word' id='word_1_94' title='bbox 206 645 297 673; x_wconf 82' lang='grc' dir='ltr'>πάντα</span> <span class='ocrx_word' id='word_1_95' title='bbox 321 647 355 674; x_wconf 68' lang='grc' dir='ltr'><strong>τὰ</strong></span> <span class='ocrx_word' id='word_1_96' title='bbox 370 649 485 684; x_wconf 74' lang='grc' dir='ltr'>πατρῷα</span> <span class='ocrx_word' id='word_1_97' title='bbox 498 650 588 678; x_wconf 83' lang='grc' dir='ltr'>αὐτῶν</span> <span class='ocrx_word' id='word_1_98' title='bbox 601 645 763 689; x_wconf 67' lang='grc' dir='ltr'>πράγματα</span> <span class='ocrx_word' id='word_1_99' title='bbox 774 645 928 691; x_wconf 58' lang='grc' dir='ltr'>ἀνελλιπιὺξ</span> 
     </span>
    </p>
   </div>
   <div class='ocr_carea' id='block_1_15' title="bbox 143 689 930 740">
    <p class='ocr_par' dir='ltr' id='par_1_15' title="bbox 143 689 930 740">
     <span class='ocr_line' id='line_1_17' title="bbox 143 689 930 740; baseline 0.02 -25"><span class='ocrx_word' id='word_1_100' title='bbox 143 689 313 724; x_wconf 78' lang='grc' dir='ltr'>κομίζεσθαι,</span> <span class='ocrx_word' id='word_1_101' title='bbox 325 692 375 728; x_wconf 80' lang='grc' dir='ltr'>τὴν</span> <span class='ocrx_word' id='word_1_102' title='bbox 387 694 587 737; x_wconf 45' lang='grc' dir='ltr'>είσρεχθεϊσαν</span> <span class='ocrx_word' id='word_1_103' title='bbox 604 699 669 731; x_wconf 84' lang='grc' dir='ltr'>παρ’</span> <span class='ocrx_word' id='word_1_104' title='bbox 689 700 774 736; x_wconf 83' lang='grc' dir='ltr'>αὐτῆς</span> <span class='ocrx_word' id='word_1_105' title='bbox 789 702 829 738; x_wconf 83' lang='grc' dir='ltr'>τῷ</span> <span class='ocrx_word' id='word_1_106' title='bbox 844 689 930 740; x_wconf 62' lang='grc' dir='ltr'>πατρλ</span> 
     </span>
    </p>
   </div>
   <div class='ocr_carea' id='block_1_16' title="bbox 140 736 927 786">
    <p class='ocr_par' dir='ltr' id='par_1_16' title="bbox 140 736 927 786">
     <span class='ocr_line' id='line_1_18' title="bbox 140 736 927 786; baseline 0.019 -25"><span class='ocrx_word' id='word_1_107' title='bbox 140 736 231 762; x_wconf 78' lang='grc' dir='ltr'>αὐτῶν</span> <span class='ocrx_word' id='word_1_108' title='bbox 246 739 347 772; x_wconf 83' lang='grc' dir='ltr'>προῖκα</span> <span class='ocrx_word' id='word_1_109' title='bbox 359 739 406 765; x_wconf 76' lang='grc' dir='ltr'><strong>καὶ</strong></span> <span class='ocrx_word' id='word_1_110' title='bbox 417 736 508 774; x_wconf 85' lang='grc' dir='ltr'>μόνον,</span> <span class='ocrx_word' id='word_1_111' title='bbox 524 742 572 768; x_wconf 81' lang='grc' dir='ltr'>σὺν</span> <span class='ocrx_word' id='word_1_112' title='bbox 584 744 616 778; x_wconf 82' lang='grc' dir='ltr'>τῇ</span> <span class='ocrx_word' id='word_1_113' title='bbox 629 736 847 784; x_wconf 77' lang='grc' dir='ltr'>ἁποχαρισθείσῃ</span> <span class='ocrx_word' id='word_1_114' title='bbox 861 736 927 786; x_wconf 75' lang='grc' dir='ltr'>παρ’</span> 
     </span>
    </p>
   </div>
   <div class='ocr_carea' id='block_1_17' title="bbox 140 781 927 832">
    <p class='ocr_par' dir='ltr' id='par_1_17' title="bbox 140 781 927 832">
     <span class='ocr_line' id='line_1_19' title="bbox 140 781 927 832; baseline 0.02 -25"><span class='ocrx_word' id='word_1_115' title='bbox 140 781 223 809; x_wconf 84' lang='grc' dir='ltr'>αὑτοῦ</span> <span class='ocrx_word' id='word_1_116' title='bbox 236 783 264 810; x_wconf 68' lang='grc' dir='ltr'>ὲν</span> <span class='ocrx_word' id='word_1_117' title='bbox 279 784 429 820; x_wconf 79' lang='grc' dir='ltr'>ὲπαυξήσει</span> <span class='ocrx_word' id='word_1_118' title='bbox 441 787 491 822; x_wconf 83' lang='grc' dir='ltr'>τῆς</span> <span class='ocrx_word' id='word_1_119' title='bbox 505 790 618 823; x_wconf 77' lang='grc' dir='ltr'>προικὸς</span> <span class='ocrx_word' id='word_1_120' title='bbox 633 791 720 827; x_wconf 75' lang='grc' dir='ltr'>αὐτῆς</span> <span class='ocrx_word' id='word_1_121' title='bbox 737 781 927 832; x_wconf 37' lang='grc' dir='ltr'>δωρεᾷξπαρ-</span> 
     </span>
    </p>
   </div>
   <div class='ocr_carea' id='block_1_18' title="bbox 139 827 349 866">
    <p class='ocr_par' dir='ltr' id='par_1_18' title="bbox 139 827 349 866">
     <span class='ocr_line' id='line_1_20' title="bbox 139 827 349 866; baseline 0.019 -14"><span class='ocrx_word' id='word_1_122' title='bbox 139 827 252 861; x_wconf 68' lang='grc' dir='ltr'>έχοντας</span> <span class='ocrx_word' id='word_1_123' title='bbox 269 829 349 866; x_wconf 81' lang='grc' dir='ltr'>αὐτῇ.</span> 
     </span>
    </p>
   </div>
   <div class='ocr_carea' id='block_1_19' title="bbox 173 875 925 920">
    <p class='ocr_par' dir='ltr' id='par_1_19' title="bbox 173 875 925 920">
     <span class='ocr_line' id='line_1_21' title="bbox 173 875 925 920; baseline 0.02 -20"><span class='ocrx_word' id='word_1_124' title='bbox 173 877 209 909; x_wconf 87' lang='grc' dir='ltr'><strong>η’.</strong></span> <span class='ocrx_word' id='word_1_125' title='bbox 225 875 256 902; x_wconf 87' lang='lat' dir='ltr'><strong>Ei</strong></span> <span class='ocrx_word' id='word_1_126' title='bbox 275 876 303 902; x_wconf 82' lang='grc' dir='ltr'>δὲ</span> <span class='ocrx_word' id='word_1_127' title='bbox 330 877 432 905; x_wconf 82' lang='grc' dir='ltr'>παίδων</span> <span class='ocrx_word' id='word_1_128' title='bbox 446 878 569 908; x_wconf 82' lang='grc' dir='ltr'>ὑπόντων</span> <span class='ocrx_word' id='word_1_129' title='bbox 586 882 602 918; x_wconf 77' lang='grc' dir='ltr'>ἡ</span> <span class='ocrx_word' id='word_1_130' title='bbox 628 883 698 918; x_wconf 86' lang='grc' dir='ltr'>γυνὴ</span> <span class='ocrx_word' id='word_1_131' title='bbox 715 885 768 920; x_wconf 71' lang='grc' dir='ltr'>πρὸ</span> <span class='ocrx_word' id='word_1_132' title='bbox 786 887 834 914; x_wconf 79' lang='grc' dir='ltr'><strong>τοῦ</strong></span> <span class='ocrx_word' id='word_1_133' title='bbox 859 887 925 915; x_wconf 89' lang='grc' dir='ltr'>ίδίου</span> 
     </span>
    </p>
   </div>
   <div class='ocr_carea' id='block_1_20' title="bbox 137 919 962 966">
    <p class='ocr_par' dir='ltr' id='par_1_20' title="bbox 137 919 962 966">
     <span class='ocr_line' id='line_1_22' title="bbox 137 919 962 966; baseline 0.021 -21"><span class='ocrx_word' id='word_1_134' title='bbox 137 919 233 954; x_wconf 78' lang='grc' dir='ltr'>ἀνδρὸς</span> <span class='ocrx_word' id='word_1_135' title='bbox 243 921 412 958; x_wconf 79' lang='grc' dir='ltr'><strong>τελευτήσει,</strong></span> <span class='ocrx_word' id='word_1_136' title='bbox 429 925 475 952; x_wconf 80' lang='grc' dir='ltr'>τὸν</span> <span class='ocrx_word' id='word_1_137' title='bbox 494 926 579 962; x_wconf 76' lang='grc' dir='ltr'>ἄνδρα</span> <span class='ocrx_word' id='word_1_138' title='bbox 590 929 685 964; x_wconf 77' lang='grc' dir='ltr'>αὐτῆς,</span> <span class='ocrx_word' id='word_1_139' title='bbox 703 919 790 966; x_wconf 71' lang='grc' dir='ltr'>ἤγουν</span> <span class='ocrx_word' id='word_1_140' title='bbox 807 933 854 960; x_wconf 80' lang='grc' dir='ltr'><strong>τὸν</strong></span> <span class='ocrx_word' id='word_1_141' title='bbox 869 942 922 961; x_wconf 84' lang='grc' dir='ltr'>πα-</span> <span class='ocrx_word' id='word_1_142' title='bbox 937 921 962 951; x_wconf 77' lang='grc' dir='ltr'><strong><em>Β</em></strong></span> 
     </span>
    </p>
   </div>
   <div class='ocr_carea' id='block_1_21' title="bbox 135 964 922 1014">
    <p class='ocr_par' dir='ltr' id='par_1_21' title="bbox 135 964 922 1014">
     <span class='ocr_line' id='line_1_23' title="bbox 135 964 922 1014; baseline 0.023 -24"><span class='ocrx_word' id='word_1_143' title='bbox 135 964 213 1000; x_wconf 80' lang='grc' dir='ltr'>τέρα,</span> <span class='ocrx_word' id='word_1_144' title='bbox 227 966 282 993; x_wconf 90' lang='grc' dir='ltr'>τῶν</span> <span class='ocrx_word' id='word_1_145' title='bbox 296 967 398 996; x_wconf 83' lang='grc' dir='ltr'>τέκνων</span> <span class='ocrx_word' id='word_1_146' title='bbox 417 971 516 1005; x_wconf 82' lang='grc' dir='ltr'>αὐτῶν,</span> <span class='ocrx_word' id='word_1_147' title='bbox 530 972 678 1010; x_wconf 80' lang='grc' dir='ltr'>ὲγκάτοχον</span> <span class='ocrx_word' id='word_1_148' title='bbox 758 986 788 1004; x_wconf 85' lang='grc' dir='ltr'><strong>τε</strong></span> <span class='ocrx_word' id='word_1_149' title='bbox 809 980 922 1014; x_wconf 79' lang='grc' dir='ltr'>προικὸς</span> 
     </span>
    </p>
   </div>
   <div class='ocr_carea' id='block_1_22' title="bbox 135 1011 921 1062">
    <p class='ocr_par' dir='ltr' id='par_1_22' title="bbox 135 1011 921 1062">
     <span class='ocr_line' id='line_1_24' title="bbox 135 1011 921 1062; baseline 0.022 -26"><span class='ocrx_word' id='word_1_150' title='bbox 135 1011 231 1047; x_wconf 84' lang='grc' dir='ltr'>αὐτῆς,</span> <span class='ocrx_word' id='word_1_151' title='bbox 250 1013 356 1050; x_wconf 74' lang='grc' dir='ltr'>καὶτῆς</span> <span class='ocrx_word' id='word_1_152' title='bbox 369 1015 399 1042; x_wconf 84' lang='grc' dir='ltr'>ὲν</span> <span class='ocrx_word' id='word_1_153' title='bbox 414 1016 593 1053; x_wconf 79' lang='grc' dir='ltr'>ἔξωπροίκοις</span> <span class='ocrx_word' id='word_1_154' title='bbox 621 1011 815 1059; x_wconf 18' lang='grc' dir='ltr'>πάσηςναίηῆς</span> <span class='ocrx_word' id='word_1_155' title='bbox 830 1011 921 1062; x_wconf 53' lang='grc' dir='ltr'><strong>ὑπάρζ</strong></span> 
     </span>
    </p>
   </div>
   <div class='ocr_carea' id='block_1_23' title="bbox 134 1056 920 1105">
    <p class='ocr_par' dir='ltr' id='par_1_23' title="bbox 134 1056 920 1105">
     <span class='ocr_line' id='line_1_25' title="bbox 134 1056 920 1105; baseline 0.023 -22"><span class='ocrx_word' id='word_1_156' title='bbox 134 1056 201 1090; x_wconf 79' lang='grc' dir='ltr'>ξεως</span> <span class='ocrx_word' id='word_1_157' title='bbox 221 1057 299 1091; x_wconf 75' lang='grc' dir='ltr'>εἷναι,</span> <span class='ocrx_word' id='word_1_158' title='bbox 319 1060 356 1093; x_wconf 85' lang='grc' dir='ltr'><strong>ὡς</strong></span> <span class='ocrx_word' id='word_1_159' title='bbox 371 1062 539 1095; x_wconf 80' lang='grc' dir='ltr'>ὑπεξυυσίων</span> <span class='ocrx_word' id='word_1_160' title='bbox 552 1066 642 1094; x_wconf 83' lang='grc' dir='ltr'>αὐτῶν</span> <span class='ocrx_word' id='word_1_161' title='bbox 655 1071 855 1105; x_wconf 82' lang='grc' dir='ltr'>τυγχανόντων,</span> <span class='ocrx_word' id='word_1_162' title='bbox 873 1074 920 1101; x_wconf 81' lang='grc' dir='ltr'>καὶ</span> 
     </span>
    </p>
   </div>
   <div class='ocr_carea' id='block_1_24' title="bbox 133 1103 919 1151">
    <p class='ocr_par' dir='ltr' id='par_1_24' title="bbox 133 1103 919 1151">
     <span class='ocr_line' id='line_1_26' title="bbox 133 1103 919 1151; baseline 0.022 -23"><span class='ocrx_word' id='word_1_163' title='bbox 133 1103 214 1130; x_wconf 79' lang='grc' dir='ltr'>αὐτὸν</span> <span class='ocrx_word' id='word_1_164' title='bbox 228 1104 279 1140; x_wconf 80' lang='grc' dir='ltr'>τὴν</span> <span class='ocrx_word' id='word_1_165' title='bbox 299 1106 389 1133; x_wconf 80' lang='grc' dir='ltr'>πᾶσαν</span> <span class='ocrx_word' id='word_1_166' title='bbox 406 1108 452 1135; x_wconf 82' lang='grc' dir='ltr'><strong>τοῦ</strong></span> <span class='ocrx_word' id='word_1_167' title='bbox 475 1110 551 1137; x_wconf 82' lang='grc' dir='ltr'>οῐκου</span> <span class='ocrx_word' id='word_1_168' title='bbox 575 1113 711 1141; x_wconf 84' lang='grc' dir='ltr'>ποιεῖσθαι</span> <span class='ocrx_word' id='word_1_169' title='bbox 736 1117 871 1151; x_wconf 71' lang='grc' dir='ltr'>φροντίδα</span> <span class='ocrx_word' id='word_1_170' title='bbox 890 1126 919 1145; x_wconf 87' lang='grc' dir='ltr'><strong>τε</strong></span> 
     </span>
    </p>
   </div>
   <div class='ocr_carea' id='block_1_25' title="bbox 133 1148 918 1190">
    <p class='ocr_par' dir='ltr' id='par_1_25' title="bbox 133 1148 918 1190">
     <span class='ocr_line' id='line_1_27' title="bbox 133 1148 918 1190; baseline 0.023 -17"><span class='ocrx_word' id='word_1_171' title='bbox 133 1148 180 1175; x_wconf 79' lang='grc' dir='ltr'>καὶ</span> <span class='ocrx_word' id='word_1_172' title='bbox 196 1149 340 1186; x_wconf 80' lang='grc' dir='ltr'>διοίκησιν,</span> <span class='ocrx_word' id='word_1_173' title='bbox 358 1152 396 1189; x_wconf 83' lang='grc' dir='ltr'><strong>μὴ</strong></span> <span class='ocrx_word' id='word_1_174' title='bbox 409 1153 565 1189; x_wconf 81' lang='grc' dir='ltr'>δυναμένων</span> <span class='ocrx_word' id='word_1_175' title='bbox 576 1157 630 1185; x_wconf 84' lang='grc' dir='ltr'><strong>τῶν</strong></span> <span class='ocrx_word' id='word_1_176' title='bbox 645 1148 853 1190; x_wconf 66' lang='grc' dir='ltr'>τέκνωνῗαὺτοῦ</span> <span class='ocrx_word' id='word_1_177' title='bbox 869 1163 918 1190; x_wconf 83' lang='grc' dir='ltr'><strong>ἀν-</strong></span> 
     </span>
    </p>
   </div>
   <div class='ocr_carea' id='block_1_26' title="bbox 134 1194 918 1243">
    <p class='ocr_par' dir='ltr' id='par_1_26' title="bbox 134 1194 918 1243">
     <span class='ocr_line' id='line_1_28' title="bbox 134 1194 918 1243; baseline 0.019 -23"><span class='ocrx_word' id='word_1_178' title='bbox 134 1194 344 1224; x_wconf 84' lang='grc' dir='ltr'>τικαθίστασθαι</span> <span class='ocrx_word' id='word_1_179' title='bbox 354 1198 439 1234; x_wconf 86' lang='grc' dir='ltr'>αὐτῷ,</span> <span class='ocrx_word' id='word_1_180' title='bbox 448 1199 464 1234; x_wconf 78' lang='grc' dir='ltr'>ἤ</span> <span class='ocrx_word' id='word_1_181' title='bbox 474 1200 613 1236; x_wconf 62' lang='grc' dir='ltr'>ἐπιζητεῖν</span> <span class='ocrx_word' id='word_1_182' title='bbox 622 1203 687 1239; x_wconf 88' lang='grc' dir='ltr'>παρ’</span> <span class='ocrx_word' id='word_1_183' title='bbox 697 1204 780 1232; x_wconf 82' lang='grc' dir='ltr'>αὐτοῦ</span> <span class='ocrx_word' id='word_1_184' title='bbox 788 1207 918 1243; x_wconf 71' lang='grc' dir='ltr'>μητρῴαν</span> 
     </span>
    </p>
   </div>
   <div class='ocr_carea' id='block_1_27' title="bbox 132 1241 916 1288">
    <p class='ocr_par' dir='ltr' id='par_1_27' title="bbox 132 1241 916 1288">
     <span class='ocr_line' id='line_1_29' title="bbox 132 1241 916 1288; baseline 0.018 -22"><span class='ocrx_word' id='word_1_185' title='bbox 132 1241 298 1268; x_wconf 81' lang='grc' dir='ltr'>ὑπόστασιν·</span> <span class='ocrx_word' id='word_1_186' title='bbox 315 1244 470 1272; x_wconf 85' lang='grc' dir='ltr'>τούναντίον</span> <span class='ocrx_word' id='word_1_187' title='bbox 496 1246 546 1281; x_wconf 76' lang='grc' dir='ltr'>μὲν</span> <span class='ocrx_word' id='word_1_188' title='bbox 561 1245 608 1274; x_wconf 78' lang='grc' dir='ltr'>οὖν</span> <span class='ocrx_word' id='word_1_189' title='bbox 640 1249 686 1275; x_wconf 78' lang='grc' dir='ltr'>καὶ</span> <span class='ocrx_word' id='word_1_190' title='bbox 711 1252 800 1278; x_wconf 79' lang='grc' dir='ltr'>πᾶσαν</span> <span class='ocrx_word' id='word_1_191' title='bbox 824 1254 916 1288; x_wconf 74' lang='grc' dir='ltr'><strong>τιμὴν⁹</strong></span> 
     </span>
    </p>
   </div>
   <div class='ocr_carea' id='block_1_28' title="bbox 131 1286 917 1332">
    <p class='ocr_par' dir='ltr' id='par_1_28' title="bbox 131 1286 917 1332">
     <span class='ocr_line' id='line_1_30' title="bbox 131 1286 917 1332; baseline 0.019 -21"><span class='ocrx_word' id='word_1_192' title='bbox 131 1286 179 1312; x_wconf 76' lang='grc' dir='ltr'>καὶ</span> <span class='ocrx_word' id='word_1_193' title='bbox 190 1286 322 1322; x_wconf 79' lang='grc' dir='ltr'>ὑπακοὴν,</span> <span class='ocrx_word' id='word_1_194' title='bbox 336 1289 426 1321; x_wconf 78' lang='grc' dir='ltr'>καθὼς</span> <span class='ocrx_word' id='word_1_195' title='bbox 438 1291 551 1326; x_wconf 72' lang='grc' dir='ltr'>ἁρμόζει</span> <span class='ocrx_word' id='word_1_196' title='bbox 559 1293 676 1327; x_wconf 77' lang='grc' dir='ltr'>γονεῦσι,</span> <span class='ocrx_word' id='word_1_197' title='bbox 687 1286 917 1332; x_wconf 74' lang='grc' dir='ltr'>προσαγαγόντων</span> 
     </span>
    </p>
   </div>
   <div class='ocr_carea' id='block_1_29' title="bbox 131 1331 917 1382">
    <p class='ocr_par' dir='ltr' id='par_1_29' title="bbox 131 1331 917 1382">
     <span class='ocr_line' id='line_1_31' title="bbox 131 1331 917 1382; baseline 0.02 -25"><span class='ocrx_word' id='word_1_198' title='bbox 131 1331 216 1367; x_wconf 83' lang='grc' dir='ltr'>αὐτῷ,</span> <span class='ocrx_word' id='word_1_199' title='bbox 237 1334 307 1360; x_wconf 83' lang='grc' dir='ltr'>κατὰ</span> <span class='ocrx_word' id='word_1_200' title='bbox 320 1335 351 1361; x_wconf 79' lang='grc' dir='ltr'>τὸ</span> <span class='ocrx_word' id='word_1_201' title='bbox 375 1338 581 1373; x_wconf 82' lang='grc' dir='ltr'>γεγραμμένον·</span> <span class='ocrx_word' id='word_1_202' title='bbox 600 1349 609 1366; x_wconf 83' lang='grc' dir='ltr'><strong>ι</strong></span> <span class='ocrx_word' id='word_1_203' title='bbox 633 1341 677 1368; x_wconf 85' lang='grc' dir='ltr'>Ἐν</span> <span class='ocrx_word' id='word_1_204' title='bbox 698 1341 771 1379; x_wconf 80' lang='grc' dir='ltr'>ἔργῳ</span> <span class='ocrx_word' id='word_1_205' title='bbox 785 1331 832 1371; x_wconf 64' lang='grc' dir='ltr'><strong>καλ</strong></span> <span class='ocrx_word' id='word_1_206' title='bbox 845 1345 917 1382; x_wconf 82' lang='grc' dir='ltr'>λόγῳ</span> 
     </span>
    </p>
   </div>
   <div class='ocr_carea' id='block_1_30' title="bbox 131 1375 916 1425">
    <p class='ocr_par' dir='ltr' id='par_1_30' title="bbox 131 1375 916 1425">
     <span class='ocr_line' id='line_1_32' title="bbox 131 1375 916 1425; baseline 0.023 -24"><span class='ocrx_word' id='word_1_207' title='bbox 131 1375 197 1411; x_wconf 85' lang='grc' dir='ltr'>τίμα</span> <span class='ocrx_word' id='word_1_208' title='bbox 221 1377 268 1404; x_wconf 78' lang='grc' dir='ltr'><strong>τὸν</strong></span> <span class='ocrx_word' id='word_1_209' title='bbox 292 1381 397 1415; x_wconf 81' lang='grc' dir='ltr'>πατέρα</span> <span class='ocrx_word' id='word_1_210' title='bbox 420 1390 468 1408; x_wconf 87' lang='grc' dir='ltr'><strong>σου</strong></span> <span class='ocrx_word' id='word_1_211' title='bbox 498 1384 545 1410; x_wconf 79' lang='grc' dir='ltr'>καὶ</span> <span class='ocrx_word' id='word_1_212' title='bbox 571 1385 621 1420; x_wconf 77' lang='grc' dir='ltr'>τὴν</span> <span class='ocrx_word' id='word_1_213' title='bbox 649 1375 762 1422; x_wconf 51' lang='grc' dir='ltr'>μητέρα</span> <span class='ocrx_word' id='word_1_214' title='bbox 785 1397 845 1425; x_wconf 88' lang='grc' dir='ltr'>σου,</span> <span class='ocrx_word' id='word_1_215' title='bbox 872 1375 916 1420; x_wconf 59' lang='grc' dir='ltr'><strong>ῖνᾶ</strong></span> 
     </span>
    </p>
   </div>
   <div class='ocr_carea' id='block_1_31' title="bbox 130 1422 914 1471">
    <p class='ocr_par' dir='ltr' id='par_1_31' title="bbox 130 1422 914 1471">
     <span class='ocr_line' id='line_1_33' title="bbox 130 1422 914 1471; baseline 0.022 -24"><span class='ocrx_word' id='word_1_216' title='bbox 130 1422 232 1458; x_wconf 67' lang='grc' dir='ltr'>ἐπέλθῃ</span> <span class='ocrx_word' id='word_1_217' title='bbox 255 1432 296 1451; x_wconf 88' lang='grc' dir='ltr'><strong>σοι</strong></span> <span class='ocrx_word' id='word_1_218' title='bbox 318 1426 383 1461; x_wconf 85' lang='grc' dir='ltr'>εὐχὴ</span> <span class='ocrx_word' id='word_1_219' title='bbox 401 1427 467 1463; x_wconf 75' lang='grc' dir='ltr'>παρ’</span> <span class='ocrx_word' id='word_1_220' title='bbox 480 1429 579 1457; x_wconf 84' lang='grc' dir='ltr'>αὐτῶν.</span> <span class='ocrx_word' id='word_1_221' title='bbox 598 1440 608 1457; x_wconf 77' lang='grc' dir='ltr'><strong>ι</strong></span> <span class='ocrx_word' id='word_1_222' title='bbox 636 1431 710 1468; x_wconf 77' lang='grc' dir='ltr'><strong>Εὺχὴ</strong></span> <span class='ocrx_word' id='word_1_223' title='bbox 728 1434 781 1470; x_wconf 77' lang='grc' dir='ltr'><strong>γὰρ</strong></span> <span class='ocrx_word' id='word_1_224' title='bbox 810 1422 914 1471; x_wconf 79' lang='grc' dir='ltr'>πατρὸς</span> 
     </span>
    </p>
   </div>
   <div class='ocr_carea' id='block_1_32' title="bbox 130 1468 914 1516">
    <p class='ocr_par' dir='ltr' id='par_1_32' title="bbox 130 1468 914 1516">
     <span class='ocr_line' id='line_1_34' title="bbox 130 1468 914 1516; baseline 0.02 -23"><span class='ocrx_word' id='word_1_225' title='bbox 130 1468 252 1504; x_wconf 71' lang='grc' dir='ltr'>στηρίξει</span> <span class='ocrx_word' id='word_1_226' title='bbox 283 1471 374 1504; x_wconf 77' lang='grc' dir='ltr'>οῑκους</span> <span class='ocrx_word' id='word_1_227' title='bbox 399 1473 518 1509; x_wconf 65' lang='grc' dir='ltr'>τὲκνωνξ,</span> <span class='ocrx_word' id='word_1_228' title='bbox 549 1476 655 1512; x_wconf 77' lang='grc' dir='ltr'>κατάρα</span> <span class='ocrx_word' id='word_1_229' title='bbox 682 1478 710 1505; x_wconf 76' lang='grc' dir='ltr'>δὲ</span> <span class='ocrx_word' id='word_1_230' title='bbox 739 1468 842 1516; x_wconf 78' lang='grc' dir='ltr'>μητρὸς</span> <span class='ocrx_word' id='word_1_231' title='bbox 866 1468 914 1509; x_wconf 45' lang='lat' dir='ltr'><strong>in;</strong></span> 
     </span>
    </p>
   </div>
   <div class='ocr_carea' id='block_1_33' title="bbox 131 1514 911 1562">
    <p class='ocr_par' dir='ltr' id='par_1_33' title="bbox 131 1514 911 1562">
     <span class='ocr_line' id='line_1_35' title="bbox 131 1514 911 1562; baseline 0.019 -22"><span class='ocrx_word' id='word_1_232' title='bbox 131 1514 204 1548; x_wconf 82' lang='grc' dir='ltr'><strong>ριζοί</strong></span> <span class='ocrx_word' id='word_1_233' title='bbox 233 1515 267 1542; x_wconf 69' lang='grc' dir='ltr'><strong>τὰ</strong></span> <span class='ocrx_word' id='word_1_234' title='bbox 294 1516 419 1561; x_wconf 70' lang='grc' dir='ltr'>θεμέλια.</span> <span class='ocrx_word' id='word_1_235' title='bbox 449 1520 488 1546; x_wconf 82' lang='grc' dir='ltr'><strong>Δι’</strong></span> <span class='ocrx_word' id='word_1_236' title='bbox 516 1521 605 1548; x_wconf 82' lang='grc' dir='ltr'>αὐτῶν</span> <span class='ocrx_word' id='word_1_237' title='bbox 634 1523 690 1559; x_wconf 81' lang='grc' dir='ltr'><strong>γὰρ</strong></span> <span class='ocrx_word' id='word_1_238' title='bbox 717 1514 911 1562; x_wconf 57' lang='grc' dir='ltr'>ἐγεννήθησαν,</span> 
     </span>
    </p>
   </div>
   <div class='ocr_carea' id='block_1_34' title="bbox 129 1558 912 1602">
    <p class='ocr_par' dir='ltr' id='par_1_34' title="bbox 129 1558 912 1602">
     <span class='ocr_line' id='line_1_36' title="bbox 129 1558 912 1602; baseline 0.02 -16"><span class='ocrx_word' id='word_1_239' title='bbox 129 1561 176 1586; x_wconf 76' lang='grc' dir='ltr'><strong>καὶ</strong></span> <span class='ocrx_word' id='word_1_240' title='bbox 192 1561 219 1588; x_wconf 87' lang='grc' dir='ltr'><strong>τί</strong></span> <span class='ocrx_word' id='word_1_241' title='bbox 237 1558 474 1592; x_wconf 67' lang='grc' dir='ltr'>ἀνταποδώσουσιν</span> <span class='ocrx_word' id='word_1_242' title='bbox 499 1567 601 1601; x_wconf 81' lang='grc' dir='ltr'>αὐτοῖς,</span> <span class='ocrx_word' id='word_1_243' title='bbox 627 1570 717 1602; x_wconf 79' lang='grc' dir='ltr'>καθὼς</span> <span class='ocrx_word' id='word_1_244' title='bbox 743 1572 820 1600; x_wconf 78' lang='grc' dir='ltr'>αὐτοὶ</span> <span class='ocrx_word' id='word_1_245' title='bbox 839 1574 912 1601; x_wconf 77' lang='grc' dir='ltr'>ὲκεί-</span> 
     </span>
    </p>
   </div>
   <div class='ocr_carea' id='block_1_35' title="bbox 130 1608 912 1655">
    <p class='ocr_par' dir='ltr' id='par_1_35' title="bbox 130 1608 912 1655">
     <span class='ocr_line' id='line_1_37' title="bbox 130 1608 912 1655; baseline 0.019 -23"><span class='ocrx_word' id='word_1_246' title='bbox 130 1614 187 1638; x_wconf 85' lang='grc' dir='ltr'>νοις</span> <span class='ocrx_word' id='word_1_247' title='bbox 209 1617 216 1640; x_wconf 88' lang='grc'>;</span> <span class='ocrx_word' id='word_1_248' title='bbox 244 1608 337 1636; x_wconf 82' lang='grc' dir='ltr'>Ταῦτα</span> <span class='ocrx_word' id='word_1_249' title='bbox 363 1611 418 1646; x_wconf 77' lang='grc' dir='ltr'>γὰρ</span> <span class='ocrx_word' id='word_1_250' title='bbox 444 1612 492 1639; x_wconf 71' lang='grc' dir='ltr'>καὶ</span> <span class='ocrx_word' id='word_1_251' title='bbox 526 1614 631 1646; x_wconf 82' lang='grc' dir='ltr'>Παῦλος</span> <span class='ocrx_word' id='word_1_252' title='bbox 663 1617 678 1643; x_wconf 85' lang='grc' dir='ltr'><strong>ό</strong></span> <span class='ocrx_word' id='word_1_253' title='bbox 699 1617 847 1651; x_wconf 81' lang='grc' dir='ltr'>ἀπόστολος</span> <span class='ocrx_word' id='word_1_254' title='bbox 867 1620 912 1655; x_wconf 81' lang='grc' dir='ltr'><strong>βε-</strong></span> 
     </span>
    </p>
   </div>
   <div class='ocr_carea' id='block_1_36' title="bbox 128 1652 913 1697">
    <p class='ocr_par' dir='ltr' id='par_1_36' title="bbox 128 1652 913 1697">
     <span class='ocr_line' id='line_1_38' title="bbox 128 1652 913 1697; baseline 0.019 -19"><span class='ocrx_word' id='word_1_255' title='bbox 128 1652 223 1686; x_wconf 80' lang='grc' dir='ltr'>ῦαιῶν,</span> <span class='ocrx_word' id='word_1_256' title='bbox 239 1653 308 1690; x_wconf 77' lang='grc' dir='ltr'>ἔφη’</span> <span class='ocrx_word' id='word_1_257' title='bbox 327 1665 337 1682; x_wconf 81' lang='grc' dir='ltr'><strong>ι</strong></span> <span class='ocrx_word' id='word_1_258' title='bbox 357 1656 398 1683; x_wconf 86' lang='grc' dir='ltr'><strong>Τὰ</strong></span> <span class='ocrx_word' id='word_1_259' title='bbox 415 1657 509 1690; x_wconf 82' lang='grc' dir='ltr'>τέκνα,</span> <span class='ocrx_word' id='word_1_260' title='bbox 532 1659 685 1688; x_wconf 75' lang='grc' dir='ltr'>ὑπακούετε</span> <span class='ocrx_word' id='word_1_261' title='bbox 707 1664 765 1695; x_wconf 76' lang='grc' dir='ltr'>τοῖς</span> <span class='ocrx_word' id='word_1_262' title='bbox 788 1652 913 1697; x_wconf 60' lang='grc' dir='ltr'>γονεῦσιν</span> 
     </span>
    </p>
   </div>
   <div class='ocr_carea' id='block_1_37' title="bbox 128 1698 913 1747">
    <p class='ocr_par' dir='ltr' id='par_1_37' title="bbox 128 1698 913 1747">
     <span class='ocr_line' id='line_1_39' title="bbox 128 1698 913 1747; baseline 0.019 -23"><span class='ocrx_word' id='word_1_263' title='bbox 128 1698 205 1733; x_wconf 83' lang='grc' dir='ltr'>ὑμῶν</span> <span class='ocrx_word' id='word_1_264' title='bbox 218 1707 226 1715; x_wconf 70' lang='grc'><strong><em>⁸</em></strong></span> <span class='ocrx_word' id='word_1_265' title='bbox 240 1700 320 1727; x_wconf 82' lang='grc' dir='ltr'>τοῦτο</span> <span class='ocrx_word' id='word_1_266' title='bbox 335 1702 391 1737; x_wconf 84' lang='grc' dir='ltr'><strong>γάρ</strong></span> <span class='ocrx_word' id='word_1_267' title='bbox 407 1704 588 1734; x_wconf 79' lang='grc' dir='ltr'>ὲστιδίκαιον,</span> <span class='ocrx_word' id='word_1_268' title='bbox 600 1707 632 1733; x_wconf 76' lang='lat' dir='ltr'><strong>Ol</strong></span> <span class='ocrx_word' id='word_1_269' title='bbox 644 1710 744 1742; x_wconf 78' lang='grc' dir='ltr'>γονεῖς.</span> <span class='ocrx_word' id='word_1_270' title='bbox 758 1711 795 1745; x_wconf 79' lang='grc' dir='ltr'>μὴ</span> <span class='ocrx_word' id='word_1_271' title='bbox 810 1720 913 1747; x_wconf 78' lang='grc' dir='ltr'>παρορ-</span> 
     </span>
    </p>
   </div>
   <div class='ocr_carea' id='block_1_38' title="bbox 126 1745 911 1789">
    <p class='ocr_par' dir='ltr' id='par_1_38' title="bbox 126 1745 911 1789">
     <span class='ocr_line' id='line_1_40' title="bbox 126 1745 911 1789; baseline 0.02 -19"><span class='ocrx_word' id='word_1_272' title='bbox 126 1745 216 1778; x_wconf 82' lang='grc' dir='ltr'>γίζετε</span> <span class='ocrx_word' id='word_1_273' title='bbox 232 1746 266 1773; x_wconf 82' lang='grc' dir='ltr'><strong>τὰ</strong></span> <span class='ocrx_word' id='word_1_274' title='bbox 279 1747 364 1774; x_wconf 82' lang='grc' dir='ltr'>τέκνα</span> <span class='ocrx_word' id='word_1_275' title='bbox 374 1748 461 1785; x_wconf 86' lang='grc' dir='ltr'>ὑμῶν,</span> <span class='ocrx_word' id='word_1_276' title='bbox 481 1751 540 1778; x_wconf 78' lang='grc' dir='ltr'>ἀλλ’</span> <span class='ocrx_word' id='word_1_277' title='bbox 554 1753 703 1789; x_wconf 72' lang='grc' dir='ltr'>ἐκτρέφετε</span> <span class='ocrx_word' id='word_1_278' title='bbox 717 1756 786 1784; x_wconf 77' lang='grc' dir='ltr'>αὐτὰ</span> <span class='ocrx_word' id='word_1_279' title='bbox 800 1757 830 1784; x_wconf 64' lang='grc' dir='ltr'>ὲν</span> <span class='ocrx_word' id='word_1_280' title='bbox 849 1745 911 1785; x_wconf 59' lang='grc' dir='ltr'><strong>4ταί-</strong></span> 
     </span>
    </p>
   </div>
   <div class='ocr_carea' id='block_1_39' title="bbox 125 1788 697 1834">
    <p class='ocr_par' dir='ltr' id='par_1_39' title="bbox 125 1788 697 1834">
     <span class='ocr_line' id='line_1_41' title="bbox 125 1788 697 1834; baseline 0.017 -18"><span class='ocrx_word' id='word_1_281' title='bbox 125 1788 184 1825; x_wconf 69' lang='grc' dir='ltr'>δείᾳ</span> <span class='ocrx_word' id='word_1_282' title='bbox 200 1790 246 1817; x_wconf 80' lang='grc' dir='ltr'>καὶ</span> <span class='ocrx_word' id='word_1_283' title='bbox 264 1791 339 1827; x_wconf 85' lang='grc' dir='ltr'>νόμῳ</span> <span class='ocrx_word' id='word_1_284' title='bbox 354 1791 541 1832; x_wconf 80' lang='grc' dir='ltr'>[αί.νουθεσίᾳ]</span> <span class='ocrx_word' id='word_1_285' title='bbox 557 1788 668 1834; x_wconf 81' lang='grc' dir='ltr'>Κυρίου.</span> <span class='ocrx_word' id='word_1_286' title='bbox 687 1809 697 1826; x_wconf 72' lang='grc' dir='ltr'><strong>ι</strong></span> 
     </span>
    </p>
   </div>
   <div class='ocr_carea' id='block_1_40' title="bbox 163 1916 909 1965">
    <p class='ocr_par' dir='ltr' id='par_1_40' title="bbox 163 1916 909 1965">
     <span class='ocr_line' id='line_1_42' title="bbox 163 1916 909 1965; baseline 0.021 -23"><span class='ocrx_word' id='word_1_287' title='bbox 163 1916 198 1946; x_wconf 82' lang='grc' dir='ltr'><strong>θ’.</strong></span> <span class='ocrx_word' id='word_1_288' title='bbox 217 1918 249 1944; x_wconf 84' lang='grc' dir='ltr'><strong>Εἰ</strong></span> <span class='ocrx_word' id='word_1_289' title='bbox 263 1918 292 1945; x_wconf 80' lang='grc' dir='ltr'>δὲ</span> <span class='ocrx_word' id='word_1_290' title='bbox 315 1920 408 1955; x_wconf 77' lang='grc' dir='ltr'>συμϐῇ</span> <span class='ocrx_word' id='word_1_291' title='bbox 422 1922 469 1948; x_wconf 79' lang='grc' dir='ltr'><strong>καὶ</strong></span> <span class='ocrx_word' id='word_1_292' title='bbox 480 1923 574 1951; x_wconf 66' lang='lat' dir='ltr'><strong>soi-rev</strong></span> <span class='ocrx_word' id='word_1_293' title='bbox 586 1925 626 1957; x_wconf 79' lang='grc' dir='ltr'>είς</span> <span class='ocrx_word' id='word_1_294' title='bbox 648 1925 742 1962; x_wconf 67' lang='grc' dir='ltr'>ἕτερον</span> <span class='ocrx_word' id='word_1_295' title='bbox 757 1930 909 1965; x_wconf 78' lang='grc' dir='ltr'>περιελθεῖν</span> 
     </span>
    </p>
   </div>
   <div class='ocr_carea' id='block_1_41' title="bbox 124 1959 908 2007">
    <p class='ocr_par' dir='ltr' id='par_1_41' title="bbox 124 1959 908 2007">
     <span class='ocr_line' id='line_1_43' title="bbox 124 1959 908 2007; baseline 0.022 -21"><span class='ocrx_word' id='word_1_296' title='bbox 124 1959 174 1996; x_wconf 74' lang='lat' dir='ltr'><strong>[aL</strong></span> <span class='ocrx_word' id='word_1_297' title='bbox 188 1962 277 1998; x_wconf 76' lang='grc' dir='ltr'>συμϐῇ</span> <span class='ocrx_word' id='word_1_298' title='bbox 297 1964 378 1991; x_wconf 82' lang='grc' dir='ltr'>αὑτὸν</span> <span class='ocrx_word' id='word_1_299' title='bbox 391 1966 431 1998; x_wconf 83' lang='grc' dir='ltr'><strong>είς</strong></span> <span class='ocrx_word' id='word_1_300' title='bbox 442 1966 535 2003; x_wconf 71' lang='grc' dir='ltr'>ἓτερον</span> <span class='ocrx_word' id='word_1_301' title='bbox 549 1969 648 2006; x_wconf 76' lang='grc' dir='ltr'>ἐλθεῖν]</span> <span class='ocrx_word' id='word_1_302' title='bbox 659 1959 839 2007; x_wconf 66' lang='grc' dir='ltr'>συνοικάσίον,</span> <span class='ocrx_word' id='word_1_303' title='bbox 852 1976 908 2002; x_wconf 84' lang='grc' dir='ltr'><strong>τῶν</strong></span> 
     </span>
    </p>
   </div>
   <div class='ocr_carea' id='block_1_42' title="bbox 70 2006 907 2058">
    <p class='ocr_par' dir='ltr' id='par_1_42' title="bbox 70 2006 907 2058">
     <span class='ocr_line' id='line_1_44' title="bbox 70 2006 907 2058; baseline 0.023 -28"><span class='ocrx_word' id='word_1_304' title='bbox 70 2016 73 2017; x_wconf 56' lang='grc' dir='ltr'><em>ν</em></span> <span class='ocrx_word' id='word_1_305' title='bbox 124 2006 224 2034; x_wconf 74' lang='grc' dir='ltr'>τέκνων</span> <span class='ocrx_word' id='word_1_306' title='bbox 241 2008 324 2037; x_wconf 76' lang='grc' dir='ltr'>αὑτοῦ</span> <span class='ocrx_word' id='word_1_307' title='bbox 339 2010 475 2046; x_wconf 80' lang='grc' dir='ltr'>ἁνηλίκων</span> <span class='ocrx_word' id='word_1_308' title='bbox 492 2016 692 2050; x_wconf 83' lang='grc' dir='ltr'>τυγχανόντων,</span> <span class='ocrx_word' id='word_1_309' title='bbox 705 2006 907 2058; x_wconf 18' lang='grc' dir='ltr'>ἀμείωτανπαᾷ</span> 
     </span>
    </p>
   </div>
   <div class='ocr_carea' id='block_1_43' title="bbox 123 2052 764 2098">
    <p class='ocr_par' dir='ltr' id='par_1_43' title="bbox 123 2052 764 2098">
     <span class='ocr_line' id='line_1_45' title="bbox 123 2052 764 2098; baseline 0.022 -20"><span class='ocrx_word' id='word_1_310' title='bbox 123 2052 205 2079; x_wconf 76' lang='grc' dir='ltr'>αὑτοῦ</span> <span class='ocrx_word' id='word_1_311' title='bbox 219 2055 253 2080; x_wconf 72' lang='grc' dir='ltr'><strong>τὰ</strong></span> <span class='ocrx_word' id='word_1_312' title='bbox 270 2055 394 2091; x_wconf 85' lang='grc' dir='ltr'>μητρῷα,</span> <span class='ocrx_word' id='word_1_313' title='bbox 408 2056 588 2092; x_wconf 81' lang='grc' dir='ltr'>φυλάττεσθαι</span> <span class='ocrx_word' id='word_1_314' title='bbox 604 2052 764 2098; x_wconf 84' lang='grc' dir='ltr'>πράγματα.</span> 
     </span>
    </p>
   </div>
   <div class='ocr_carea' id='block_1_44' title="bbox 159 2098 904 2148">
    <p class='ocr_par' dir='ltr' id='par_1_44' title="bbox 159 2098 904 2148">
     <span class='ocr_line' id='line_1_46' title="bbox 159 2098 904 2148; baseline 0.021 -23"><span class='ocrx_word' id='word_1_315' title='bbox 159 2098 186 2125; x_wconf 89' lang='grc' dir='ltr'><strong>ι’.</strong></span> <span class='ocrx_word' id='word_1_316' title='bbox 206 2099 238 2126; x_wconf 80' lang='lat' dir='ltr'><strong>Et</strong></span> <span class='ocrx_word' id='word_1_317' title='bbox 251 2100 279 2127; x_wconf 61' lang='grc' dir='ltr'>δὴ</span> <span class='ocrx_word' id='word_1_318' title='bbox 303 2102 353 2136; x_wconf 80' lang='grc' dir='ltr'><strong>τῆς</strong></span> <span class='ocrx_word' id='word_1_319' title='bbox 369 2102 482 2138; x_wconf 67' lang='grc' dir='ltr'>ἐννόμου</span> <span class='ocrx_word' id='word_1_320' title='bbox 499 2106 608 2140; x_wconf 80' lang='grc' dir='ltr'>ἡλικίας</span> <span class='ocrx_word' id='word_1_321' title='bbox 622 2109 711 2136; x_wconf 76' lang='grc' dir='ltr'>ταῦτα</span> <span class='ocrx_word' id='word_1_322' title='bbox 724 2111 904 2148; x_wconf 85' lang='grc' dir='ltr'>ὑπάρχουσιν,</span> 
     </span>
    </p>
   </div>
   <div class='ocr_carea' id='block_1_45' title="bbox 122 2144 906 2196">
    <p class='ocr_par' dir='ltr' id='par_1_45' title="bbox 122 2144 906 2196">
     <span class='ocr_line' id='line_1_47' title="bbox 122 2144 906 2196; baseline 0.023 -26"><span class='ocrx_word' id='word_1_323' title='bbox 122 2145 146 2171; x_wconf 85' lang='grc' dir='ltr'><strong>εί</strong></span> <span class='ocrx_word' id='word_1_324' title='bbox 173 2144 296 2179; x_wconf 80' lang='grc' dir='ltr'>θέλωσιν,</span> <span class='ocrx_word' id='word_1_325' title='bbox 316 2147 507 2182; x_wconf 78' lang='grc' dir='ltr'>ἀδιασκέπτως</span> <span class='ocrx_word' id='word_1_326' title='bbox 532 2152 567 2178; x_wconf 84' lang='grc' dir='ltr'><strong>τὰ</strong></span> <span class='ocrx_word' id='word_1_327' title='bbox 581 2153 692 2180; x_wconf 81' lang='grc' dir='ltr'>τοιαῦτα</span> <span class='ocrx_word' id='word_1_328' title='bbox 711 2144 816 2185; x_wconf 40' lang='grc' dir='ltr'><strong>αὐτό-έ-</strong></span> <span class='ocrx_word' id='word_1_329' title='bbox 835 2144 906 2196; x_wconf 59' lang='grc' dir='ltr'><strong>πρά-ἰ</strong></span> 
     </span>
    </p>
   </div>
   <div class='ocr_carea' id='block_1_46' title="bbox 121 2192 515 2229">
    <p class='ocr_par' dir='ltr' id='par_1_46' title="bbox 121 2192 515 2229">
     <span class='ocr_line' id='line_1_48' title="bbox 121 2192 515 2229; baseline 0.015 -12"><span class='ocrx_word' id='word_1_330' title='bbox 121 2199 214 2226; x_wconf 80' lang='grc' dir='ltr'>γματα</span> <span class='ocrx_word' id='word_1_331' title='bbox 228 2192 396 2228; x_wconf 79' lang='grc' dir='ltr'>παρέχεσθαι</span> <span class='ocrx_word' id='word_1_332' title='bbox 413 2195 515 2229; x_wconf 76' lang='grc' dir='ltr'>αὐτοῖς.</span> 
     </span>
    </p>
   </div>
   <div class='ocr_carea' id='block_1_47' title="bbox 987 299 1770 343">
    <p class='ocr_par' dir='ltr' id='par_1_47' title="bbox 987 299 1770 343">
     <span class='ocr_line' id='line_1_49' title="bbox 987 299 1770 343; baseline 0.023 -18"><span class='ocrx_word' id='word_1_333' title='bbox 987 299 1051 326; x_wconf 82' lang='lat' dir='ltr'><strong>tiam</strong></span> <span class='ocrx_word' id='word_1_334' title='bbox 1067 307 1208 336; x_wconf 87' lang='lat' dir='ltr'><strong>reposcant</strong></span> <span class='ocrx_word' id='word_1_335' title='bbox 1225 311 1233 330; x_wconf 87' lang='lat'><strong>:</strong></span> <span class='ocrx_word' id='word_1_336' title='bbox 1249 306 1297 332; x_wconf 88' lang='lat' dir='ltr'><strong>sed</strong></span> <span class='ocrx_word' id='word_1_337' title='bbox 1320 307 1409 341; x_wconf 77' lang='lat' dir='ltr'><strong>potius</strong></span> <span class='ocrx_word' id='word_1_338' title='bbox 1422 316 1437 336; x_wconf 93' lang='lat' dir='ltr'><strong>e</strong></span> <span class='ocrx_word' id='word_1_339' title='bbox 1452 312 1588 340; x_wconf 91' lang='lat' dir='ltr'><strong>contrario</strong></span> <span class='ocrx_word' id='word_1_340' title='bbox 1601 313 1701 341; x_wconf 91' lang='lat' dir='ltr'><strong>nullum</strong></span> <span class='ocrx_word' id='word_1_341' title='bbox 1718 323 1770 343; x_wconf 80' lang='lat' dir='ltr'><strong>non</strong></span> 
     </span>
    </p>
   </div>
   <div class='ocr_carea' id='block_1_48' title="bbox 986 343 1774 394">
    <p class='ocr_par' dir='ltr' id='par_1_48' title="bbox 986 343 1774 394">
     <span class='ocr_line' id='line_1_50' title="bbox 986 343 1774 394; baseline 0.023 -23"><span class='ocrx_word' id='word_1_342' title='bbox 986 343 1114 373; x_wconf 86' lang='lat' dir='ltr'><strong>honorem</strong></span> <span class='ocrx_word' id='word_1_343' title='bbox 1135 352 1162 374; x_wconf 92' lang='lat' dir='ltr'><strong>et</strong></span> <span class='ocrx_word' id='word_1_344' title='bbox 1184 348 1376 385; x_wconf 87' lang='lat' dir='ltr'><strong>obedientiam,</strong></span> <span class='ocrx_word' id='word_1_345' title='bbox 1392 353 1467 388; x_wconf 94' lang='lat' dir='ltr'><strong>juxta</strong></span> <span class='ocrx_word' id='word_1_346' title='bbox 1493 356 1538 383; x_wconf 87' lang='lat' dir='ltr'><strong>Dei</strong></span> <span class='ocrx_word' id='word_1_347' title='bbox 1557 365 1732 394; x_wconf 69' lang='lat' dir='ltr'><strong>pra-ceptum,</strong></span> <span class='ocrx_word' id='word_1_348' title='bbox 1745 362 1774 388; x_wconf 76' lang='lat' dir='ltr'><strong>ci</strong></span> 
     </span>
    </p>
   </div>
   <div class='ocr_carea' id='block_1_49' title="bbox 985 393 1770 434">
    <p class='ocr_par' dir='ltr' id='par_1_49' title="bbox 985 393 1770 434">
     <span class='ocr_line' id='line_1_51' title="bbox 985 393 1770 434; baseline 0.023 -18"><span class='ocrx_word' id='word_1_349' title='bbox 985 393 1112 424; x_wconf 91' lang='lat' dir='ltr'><strong>tanquam</strong></span> <span class='ocrx_word' id='word_1_350' title='bbox 1137 394 1215 421; x_wconf 89' lang='lat' dir='ltr'><strong>matri</strong></span> <span class='ocrx_word' id='word_1_351' title='bbox 1242 395 1428 426; x_wconf 79' lang='lat' dir='ltr'><strong>deferentibus</strong></span> <span class='ocrx_word' id='word_1_352' title='bbox 1445 407 1455 426; x_wconf 88' lang='lat'><strong><em>:</em></strong></span> <span class='ocrx_word' id='word_1_353' title='bbox 1474 408 1535 428; x_wconf 87' lang='lat' dir='ltr'><strong>cum</strong></span> <span class='ocrx_word' id='word_1_354' title='bbox 1563 403 1671 432; x_wconf 77' lang='lat' dir='ltr'><strong>inte-im</strong></span> <span class='ocrx_word' id='word_1_355' title='bbox 1697 405 1770 434; x_wconf 86' lang='lat' dir='ltr'><strong>haud</strong></span> 
     </span>
    </p>
   </div>
   <div class='ocr_carea' id='block_1_50' title="bbox 984 434 1770 482">
    <p class='ocr_par' dir='ltr' id='par_1_50' title="bbox 984 434 1770 482">
     <span class='ocr_line' id='line_1_52' title="bbox 984 434 1770 482; baseline 0.023 -21"><span class='ocrx_word' id='word_1_356' title='bbox 984 434 1065 464; x_wconf 86' lang='lat' dir='ltr'><strong>dubie</strong></span> <span class='ocrx_word' id='word_1_357' title='bbox 1085 437 1182 465; x_wconf 85' lang='lat' dir='ltr'><strong>debeat</strong></span> <span class='ocrx_word' id='word_1_358' title='bbox 1205 439 1273 473; x_wconf 68' lang='lat' dir='ltr'><strong>ipsa,</strong></span> <span class='ocrx_word' id='word_1_359' title='bbox 1297 442 1377 470; x_wconf 87' lang='lat' dir='ltr'><strong>veluti</strong></span> <span class='ocrx_word' id='word_1_360' title='bbox 1393 450 1521 478; x_wconf 84' lang='lat' dir='ltr'><strong>parentes</strong></span> <span class='ocrx_word' id='word_1_361' title='bbox 1540 447 1628 482; x_wconf 81' lang='lat' dir='ltr'><strong>decet,</strong></span> <span class='ocrx_word' id='word_1_362' title='bbox 1653 450 1770 479; x_wconf 80' lang='lat' dir='ltr'><strong>educare</strong></span> 
     </span>
    </p>
   </div>
   <div class='ocr_carea' id='block_1_51' title="bbox 983 480 1766 529">
    <p class='ocr_par' dir='ltr' id='par_1_51' title="bbox 983 480 1766 529">
     <span class='ocr_line' id='line_1_53' title="bbox 983 480 1766 529; baseline 0.024 -22"><span class='ocrx_word' id='word_1_363' title='bbox 983 480 1100 515; x_wconf 87' lang='lat' dir='ltr'><strong>liberos,</strong></span> <span class='ocrx_word' id='word_1_364' title='bbox 1114 489 1141 510; x_wconf 89' lang='lat' dir='ltr'><strong>et</strong></span> <span class='ocrx_word' id='word_1_365' title='bbox 1157 485 1290 515; x_wconf 81' lang='lat' dir='ltr'><strong>collocare</strong></span> <span class='ocrx_word' id='word_1_366' title='bbox 1306 493 1432 524; x_wconf 88' lang='lat' dir='ltr'><strong>nuptum,</strong></span> <span class='ocrx_word' id='word_1_367' title='bbox 1446 496 1474 519; x_wconf 90' lang='lat' dir='ltr'><strong>et</strong></span> <span class='ocrx_word' id='word_1_368' title='bbox 1488 492 1576 521; x_wconf 91' lang='lat' dir='ltr'><strong>dotem</strong></span> <span class='ocrx_word' id='word_1_369' title='bbox 1592 496 1766 529; x_wconf 82' lang='lat' dir='ltr'><strong>constituere.</strong></span> 
     </span>
    </p>
   </div>
   <div class='ocr_carea' id='block_1_52' title="bbox 982 527 1274 562">
    <p class='ocr_par' dir='ltr' id='par_1_52' title="bbox 982 527 1274 562">
     <span class='ocr_line' id='line_1_54' title="bbox 982 527 1274 562; baseline 0.027 -11"><span class='ocrx_word' id='word_1_370' title='bbox 982 531 1062 560; x_wconf 86' lang='lat' dir='ltr'><strong>prout</strong></span> <span class='ocrx_word' id='word_1_371' title='bbox 1078 527 1133 562; x_wconf 87' lang='lat' dir='ltr'><strong>ipsa</strong></span> <span class='ocrx_word' id='word_1_372' title='bbox 1148 529 1274 559; x_wconf 80' lang='lat' dir='ltr'><strong>voluerit.</strong></span> 
     </span>
    </p>
   </div>
   <div class='ocr_carea' id='block_1_53' title="bbox 1016 570 1764 614">
    <p class='ocr_par' dir='ltr' id='par_1_53' title="bbox 1016 570 1764 614">
     <span class='ocr_line' id='line_1_55' title="bbox 1016 570 1764 614; baseline 0.023 -17"><span class='ocrx_word' id='word_1_373' title='bbox 1016 570 1043 598; x_wconf 84' lang='lat'>7.</span> <span class='ocrx_word' id='word_1_374' title='bbox 1058 570 1118 599; x_wconf 76' lang='lat' dir='ltr'><strong>Jam</strong></span> <span class='ocrx_word' id='word_1_375' title='bbox 1134 575 1156 600; x_wconf 90' lang='lat' dir='ltr'><strong>si</strong></span> <span class='ocrx_word' id='word_1_376' title='bbox 1179 576 1324 611; x_wconf 80' lang='lat' dir='ltr'><strong>contigerit</strong></span> <span class='ocrx_word' id='word_1_377' title='bbox 1344 580 1378 606; x_wconf 93' lang='lat' dir='ltr'><strong>ad</strong></span> <span class='ocrx_word' id='word_1_378' title='bbox 1393 580 1466 608; x_wconf 86' lang='lat' dir='ltr'><strong>aliud</strong></span> <span class='ocrx_word' id='word_1_379' title='bbox 1487 589 1546 610; x_wconf 89' lang='lat' dir='ltr'><strong>eam</strong></span> <span class='ocrx_word' id='word_1_380' title='bbox 1564 585 1764 614; x_wconf 90' lang='lat' dir='ltr'><strong>matrimonium</strong></span> 
     </span>
    </p>
   </div>
   <div class='ocr_carea' id='block_1_54' title="bbox 982 615 1765 661">
    <p class='ocr_par' dir='ltr' id='par_1_54' title="bbox 982 615 1765 661">
     <span class='ocr_line' id='line_1_56' title="bbox 982 615 1765 661; baseline 0.022 -20"><span class='ocrx_word' id='word_1_381' title='bbox 982 615 1106 650; x_wconf 83' lang='lat' dir='ltr'><strong>transire,</strong></span> <span class='ocrx_word' id='word_1_382' title='bbox 1122 617 1276 648; x_wconf 80' lang='lat' dir='ltr'><strong>facultatem</strong></span> <span class='ocrx_word' id='word_1_383' title='bbox 1291 622 1369 650; x_wconf 85' lang='lat' dir='ltr'><strong>liberi</strong></span> <span class='ocrx_word' id='word_1_384' title='bbox 1384 624 1444 660; x_wconf 82' lang='lat' dir='ltr'><strong>ejus</strong></span> <span class='ocrx_word' id='word_1_385' title='bbox 1458 626 1583 661; x_wconf 81' lang='lat' dir='ltr'><strong>habeant,</strong></span> <span class='ocrx_word' id='word_1_386' title='bbox 1599 637 1657 656; x_wconf 83' lang='lat' dir='ltr'><strong>eam</strong></span> <span class='ocrx_word' id='word_1_387' title='bbox 1672 631 1765 658; x_wconf 87' lang='lat' dir='ltr'><strong>dimit-</strong></span> 
     </span>
    </p>
   </div>
   <div class='ocr_carea' id='block_1_55' title="bbox 981 661 1764 704">
    <p class='ocr_par' dir='ltr' id='par_1_55' title="bbox 981 661 1764 704">
     <span class='ocr_line' id='line_1_57' title="bbox 981 661 1764 704; baseline 0.023 -17"><span class='ocrx_word' id='word_1_388' title='bbox 981 661 1065 694; x_wconf 87' lang='lat' dir='ltr'><strong>tendi,</strong></span> <span class='ocrx_word' id='word_1_389' title='bbox 1080 667 1108 690; x_wconf 91' lang='lat' dir='ltr'><strong>et</strong></span> <span class='ocrx_word' id='word_1_390' title='bbox 1128 666 1218 692; x_wconf 88' lang='lat' dir='ltr'><strong>omnia</strong></span> <span class='ocrx_word' id='word_1_391' title='bbox 1237 672 1348 701; x_wconf 89' lang='lat' dir='ltr'><strong>paterna</strong></span> <span class='ocrx_word' id='word_1_392' title='bbox 1374 670 1441 698; x_wconf 90' lang='lat' dir='ltr'><strong>bona</strong></span> <span class='ocrx_word' id='word_1_393' title='bbox 1456 679 1517 704; x_wconf 85' lang='lat' dir='ltr'><strong>sua,</strong></span> <span class='ocrx_word' id='word_1_394' title='bbox 1540 674 1620 702; x_wconf 87' lang='lat' dir='ltr'><strong>nullis</strong></span> <span class='ocrx_word' id='word_1_395' title='bbox 1637 675 1764 704; x_wconf 82' lang='lat' dir='ltr'><strong>deﬁcien—</strong></span> 
     </span>
    </p>
   </div>
   <div class='ocr_carea' id='block_1_56' title="bbox 980 702 1763 755">
    <p class='ocr_par' dir='ltr' id='par_1_56' title="bbox 980 702 1763 755">
     <span class='ocr_line' id='line_1_58' title="bbox 980 702 1763 755; baseline 0.026 -27"><span class='ocrx_word' id='word_1_396' title='bbox 980 702 1062 736; x_wconf 83' lang='lat' dir='ltr'><strong>tibus,</strong></span> <span class='ocrx_word' id='word_1_397' title='bbox 1080 706 1229 741; x_wconf 89' lang='lat' dir='ltr'><strong>recipiendi</strong></span> <span class='ocrx_word' id='word_1_398' title='bbox 1247 719 1255 737; x_wconf 91' lang='lat'><strong>:</strong></span> <span class='ocrx_word' id='word_1_399' title='bbox 1271 713 1350 739; x_wconf 91' lang='lat' dir='ltr'><strong>modo</strong></span> <span class='ocrx_word' id='word_1_400' title='bbox 1365 713 1449 742; x_wconf 88' lang='lat' dir='ltr'><strong>solam</strong></span> <span class='ocrx_word' id='word_1_401' title='bbox 1469 702 1558 743; x_wconf 82' lang='lat' dir='ltr'><strong>dotem</strong></span> <span class='ocrx_word' id='word_1_402' title='bbox 1574 718 1607 746; x_wconf 89' lang='lat' dir='ltr'><strong>ab</strong></span> <span class='ocrx_word' id='word_1_403' title='bbox 1624 702 1763 755; x_wconf 86' lang='lat' dir='ltr'><strong>ipsa</strong></span> 
     </span>
    </p>
   </div>
   <div class='ocr_carea' id='block_1_57' title="bbox 978 751 1763 798">
    <p class='ocr_par' dir='ltr' id='par_1_57' title="bbox 978 751 1763 798">
     <span class='ocr_line' id='line_1_59' title="bbox 978 751 1763 798; baseline 0.027 -24"><span class='ocrx_word' id='word_1_404' title='bbox 978 755 1072 776; x_wconf 88' lang='lat' dir='ltr'><strong>eorum</strong></span> <span class='ocrx_word' id='word_1_405' title='bbox 1090 751 1208 786; x_wconf 87' lang='lat' dir='ltr'><strong>allatam,</strong></span> <span class='ocrx_word' id='word_1_406' title='bbox 1225 763 1278 783; x_wconf 83' lang='lat' dir='ltr'><strong>una</strong></span> <span class='ocrx_word' id='word_1_407' title='bbox 1300 764 1362 784; x_wconf 87' lang='lat' dir='ltr'><strong>cum</strong></span> <span class='ocrx_word' id='word_1_408' title='bbox 1386 759 1542 794; x_wconf 85' lang='lat' dir='ltr'><strong>donatione,</strong></span> <span class='ocrx_word' id='word_1_409' title='bbox 1564 771 1644 798; x_wconf 88' lang='lat' dir='ltr'><strong>quam</strong></span> <span class='ocrx_word' id='word_1_410' title='bbox 1662 766 1687 793; x_wconf 87' lang='lat' dir='ltr'><strong>in</strong></span> <span class='ocrx_word' id='word_1_411' title='bbox 1703 774 1763 794; x_wconf 87' lang='lat' dir='ltr'><strong>eam</strong></span> 
     </span>
    </p>
   </div>
   <div class='ocr_carea' id='block_1_58' title="bbox 978 792 1681 843">
    <p class='ocr_par' dir='ltr' id='par_1_58' title="bbox 978 792 1681 843">
     <span class='ocr_line' id='line_1_60' title="bbox 978 792 1681 843; baseline 0.027 -24"><span class='ocrx_word' id='word_1_412' title='bbox 978 792 1050 821; x_wconf 88' lang='lat' dir='ltr'><strong>dotis</strong></span> <span class='ocrx_word' id='word_1_413' title='bbox 1060 797 1190 831; x_wconf 62' lang='lat' dir='ltr'><strong>augenda</strong></span> <span class='ocrx_word' id='word_1_414' title='bbox 1203 807 1285 828; x_wconf 86' lang='lat' dir='ltr'><strong>causa</strong></span> <span class='ocrx_word' id='word_1_415' title='bbox 1305 804 1428 838; x_wconf 85' lang='lat' dir='ltr'><strong>contulit,</strong></span> <span class='ocrx_word' id='word_1_416' title='bbox 1445 808 1524 834; x_wconf 88' lang='lat' dir='ltr'><strong>matri</strong></span> <span class='ocrx_word' id='word_1_417' title='bbox 1536 792 1681 843; x_wconf 65' lang='lat' dir='ltr'><strong>priestent.</strong></span> 
     </span>
    </p>
   </div>
   <div class='ocr_carea' id='block_1_59' title="bbox 1012 882 1760 928">
    <p class='ocr_par' dir='ltr' id='par_1_59' title="bbox 1012 882 1760 928">
     <span class='ocr_line' id='line_1_61' title="bbox 1012 882 1760 928; baseline 0.025 -19"><span class='ocrx_word' id='word_1_418' title='bbox 1012 882 1039 910; x_wconf 88' lang='lat'><strong>8.</strong></span> <span class='ocrx_word' id='word_1_419' title='bbox 1051 882 1079 910; x_wconf 97' lang='lat' dir='ltr'><strong>Si</strong></span> <span class='ocrx_word' id='word_1_420' title='bbox 1094 892 1159 913; x_wconf 87' lang='lat' dir='ltr'><strong>vero</strong></span> <span class='ocrx_word' id='word_1_421' title='bbox 1173 887 1265 917; x_wconf 85' lang='lat' dir='ltr'><strong>liberis</strong></span> <span class='ocrx_word' id='word_1_422' title='bbox 1277 892 1455 927; x_wconf 89' lang='lat' dir='ltr'><strong>exstantibus,</strong></span> <span class='ocrx_word' id='word_1_423' title='bbox 1468 900 1532 923; x_wconf 91' lang='lat' dir='ltr'><strong>ante</strong></span> <span class='ocrx_word' id='word_1_424' title='bbox 1543 899 1669 926; x_wconf 84' lang='lat' dir='ltr'><strong>maritum</strong></span> <span class='ocrx_word' id='word_1_425' title='bbox 1682 908 1760 928; x_wconf 88' lang='lat' dir='ltr'><strong>suum</strong></span> 
     </span>
    </p>
   </div>
   <div class='ocr_carea' id='block_1_60' title="bbox 977 929 1760 980">
    <p class='ocr_par' dir='ltr' id='par_1_60' title="bbox 977 929 1760 980">
     <span class='ocr_line' id='line_1_62' title="bbox 977 929 1760 980; baseline 0.024 -25"><span class='ocrx_word' id='word_1_426' title='bbox 977 929 1074 957; x_wconf 89' lang='lat' dir='ltr'><strong>mulier</strong></span> <span class='ocrx_word' id='word_1_427' title='bbox 1089 932 1238 963; x_wconf 83' lang='lat' dir='ltr'><strong>decesserit</strong></span> <span class='ocrx_word' id='word_1_428' title='bbox 1255 945 1263 963; x_wconf 88' lang='lat'><strong>:</strong></span> <span class='ocrx_word' id='word_1_429' title='bbox 1284 938 1399 966; x_wconf 86' lang='lat' dir='ltr'><strong>maritus</strong></span> <span class='ocrx_word' id='word_1_430' title='bbox 1417 940 1486 975; x_wconf 85' lang='lat' dir='ltr'><strong>ejus,</strong></span> <span class='ocrx_word' id='word_1_431' title='bbox 1503 943 1553 971; x_wconf 88' lang='lat' dir='ltr'><strong>hoc</strong></span> <span class='ocrx_word' id='word_1_432' title='bbox 1571 949 1622 977; x_wconf 86' lang='lat' dir='ltr'><strong>est,</strong></span> <span class='ocrx_word' id='word_1_433' title='bbox 1640 945 1760 980; x_wconf 88' lang='lat' dir='ltr'><strong>ipsorum</strong></span> 
     </span>
    </p>
   </div>
   <div class='ocr_carea' id='block_1_61' title="bbox 973 972 1759 1019">
    <p class='ocr_par' dir='ltr' id='par_1_61' title="bbox 973 972 1759 1019">
     <span class='ocr_line' id='line_1_63' title="bbox 973 972 1759 1019; baseline 0.025 -21"><span class='ocrx_word' id='word_1_434' title='bbox 973 972 1121 1003; x_wconf 85' lang='lat' dir='ltr'><strong>liberorum</strong></span> <span class='ocrx_word' id='word_1_435' title='bbox 1139 982 1227 1012; x_wconf 87' lang='lat' dir='ltr'><strong>pater,</strong></span> <span class='ocrx_word' id='word_1_436' title='bbox 1244 984 1299 1008; x_wconf 90' lang='lat' dir='ltr'><strong>tam</strong></span> <span class='ocrx_word' id='word_1_437' title='bbox 1316 981 1405 1010; x_wconf 90' lang='lat' dir='ltr'><strong>dotem</strong></span> <span class='ocrx_word' id='word_1_438' title='bbox 1417 972 1524 1019; x_wconf 35' lang='lat' dir='ltr'><strong>,vquam</strong></span> <span class='ocrx_word' id='word_1_439' title='bbox 1541 989 1632 1015; x_wconf 82' lang='lat' dir='ltr'><strong>omnia</strong></span> <span class='ocrx_word' id='word_1_440' title='bbox 1648 972 1716 1016; x_wconf 70' lang='lat' dir='ltr'><strong>horia</strong></span> <span class='ocrx_word' id='word_1_441' title='bbox 1731 991 1759 1018; x_wconf 90' lang='lat' dir='ltr'><strong>in</strong></span> 
     </span>
    </p>
   </div>
   <div class='ocr_carea' id='block_1_62' title="bbox 973 1018 1757 1070">
    <p class='ocr_par' dir='ltr' id='par_1_62' title="bbox 973 1018 1757 1070">
     <span class='ocr_line' id='line_1_64' title="bbox 973 1018 1757 1070; baseline 0.024 -25"><span class='ocrx_word' id='word_1_442' title='bbox 973 1018 1053 1048; x_wconf 86' lang='lat' dir='ltr'><strong>rebus</strong></span> <span class='ocrx_word' id='word_1_443' title='bbox 1081 1027 1157 1050; x_wconf 88' lang='lat' dir='ltr'><strong>extra</strong></span> <span class='ocrx_word' id='word_1_444' title='bbox 1173 1024 1262 1053; x_wconf 88' lang='lat' dir='ltr'><strong>dotem</strong></span> <span class='ocrx_word' id='word_1_445' title='bbox 1277 1028 1374 1061; x_wconf 86' lang='lat' dir='ltr'><strong>positis</strong></span> <span class='ocrx_word' id='word_1_446' title='bbox 1394 1018 1552 1065; x_wconf 82' lang='lat' dir='ltr'><strong>constituta,</strong></span> <span class='ocrx_word' id='word_1_447' title='bbox 1569 1040 1618 1061; x_wconf 89' lang='lat' dir='ltr'><strong>sua</strong></span> <span class='ocrx_word' id='word_1_448' title='bbox 1635 1035 1662 1062; x_wconf 93' lang='lat' dir='ltr'><strong>in</strong></span> <span class='ocrx_word' id='word_1_449' title='bbox 1678 1041 1757 1070; x_wconf 86' lang='lat' dir='ltr'><strong>pote-</strong></span> 
     </span>
    </p>
   </div>
   <div class='ocr_carea' id='block_1_63' title="bbox 971 1068 1759 1116">
    <p class='ocr_par' dir='ltr' id='par_1_63' title="bbox 971 1068 1759 1116">
     <span class='ocr_line' id='line_1_65' title="bbox 971 1068 1759 1116; baseline 0.025 -26"><span class='ocrx_word' id='word_1_450' title='bbox 971 1068 1042 1092; x_wconf 83' lang='lat' dir='ltr'><strong>state</strong></span> <span class='ocrx_word' id='word_1_451' title='bbox 1070 1068 1210 1113; x_wconf 74' lang='lat' dir='ltr'><strong>retinebit,</strong></span> <span class='ocrx_word' id='word_1_452' title='bbox 1235 1079 1296 1099; x_wconf 85' lang='lat' dir='ltr'><strong>cum</strong></span> <span class='ocrx_word' id='word_1_453' title='bbox 1319 1078 1347 1101; x_wconf 87' lang='lat' dir='ltr'><strong>et</strong></span> <span class='ocrx_word' id='word_1_454' title='bbox 1364 1074 1401 1102; x_wconf 86' lang='lat' dir='ltr'><strong>illi</strong></span> <span class='ocrx_word' id='word_1_455' title='bbox 1423 1077 1507 1111; x_wconf 85' lang='lat' dir='ltr'><strong>patris</strong></span> <span class='ocrx_word' id='word_1_456' title='bbox 1529 1079 1617 1107; x_wconf 86' lang='lat' dir='ltr'><strong>adhuc</strong></span> <span class='ocrx_word' id='word_1_457' title='bbox 1632 1081 1658 1107; x_wconf 90' lang='lat' dir='ltr'><strong>in</strong></span> <span class='ocrx_word' id='word_1_458' title='bbox 1678 1068 1759 1116; x_wconf 74' lang='lat' dir='ltr'><strong>pote-</strong></span> 
     </span>
    </p>
   </div>
   <div class='ocr_carea' id='block_1_64' title="bbox 971 1110 1757 1155">
    <p class='ocr_par' dir='ltr' id='par_1_64' title="bbox 971 1110 1757 1155">
     <span class='ocr_line' id='line_1_66' title="bbox 971 1110 1757 1155; baseline 0.024 -18"><span class='ocrx_word' id='word_1_459' title='bbox 971 1115 1043 1139; x_wconf 86' lang='lat' dir='ltr'><strong>state</strong></span> <span class='ocrx_word' id='word_1_460' title='bbox 1066 1113 1120 1140; x_wconf 89' lang='lat' dir='ltr'><strong>sint</strong></span> <span class='ocrx_word' id='word_1_461' title='bbox 1136 1123 1144 1141; x_wconf 89' lang='lat'><strong>:</strong></span> <span class='ocrx_word' id='word_1_462' title='bbox 1165 1110 1210 1150; x_wconf 84' lang='lat' dir='ltr'><strong>qui</strong></span> <span class='ocrx_word' id='word_1_463' title='bbox 1224 1125 1317 1145; x_wconf 87' lang='lat' dir='ltr'><strong>curam</strong></span> <span class='ocrx_word' id='word_1_464' title='bbox 1334 1110 1440 1155; x_wconf 85' lang='lat' dir='ltr'><strong>domus,</strong></span> <span class='ocrx_word' id='word_1_465' title='bbox 1453 1127 1481 1150; x_wconf 90' lang='lat' dir='ltr'><strong>et</strong></span> <span class='ocrx_word' id='word_1_466' title='bbox 1495 1124 1757 1155; x_wconf 81' lang='lat' dir='ltr'><strong>administrationem</strong></span> 
     </span>
    </p>
   </div>
   <div class='ocr_carea' id='block_1_65' title="bbox 970 1157 1756 1201">
    <p class='ocr_par' dir='ltr' id='par_1_65' title="bbox 970 1157 1756 1201">
     <span class='ocr_line' id='line_1_67' title="bbox 970 1157 1756 1201; baseline 0.024 -18"><span class='ocrx_word' id='word_1_467' title='bbox 970 1157 1124 1186; x_wconf 81' lang='lat' dir='ltr'><strong>universam</strong></span> <span class='ocrx_word' id='word_1_468' title='bbox 1138 1166 1223 1195; x_wconf 77' lang='lat' dir='ltr'><strong>geret,</strong></span> <span class='ocrx_word' id='word_1_469' title='bbox 1248 1164 1348 1192; x_wconf 88' lang='lat' dir='ltr'><strong>nullam</strong></span> <span class='ocrx_word' id='word_1_470' title='bbox 1368 1165 1463 1196; x_wconf 86' lang='lat' dir='ltr'><strong>liberis</strong></span> <span class='ocrx_word' id='word_1_471' title='bbox 1479 1168 1634 1199; x_wconf 78' lang='lat' dir='ltr'><strong>facultatem</strong></span> <span class='ocrx_word' id='word_1_472' title='bbox 1651 1173 1756 1201; x_wconf 90' lang='lat' dir='ltr'><strong>haben-</strong></span> 
     </span>
    </p>
   </div>
   <div class='ocr_carea' id='block_1_66' title="bbox 969 1201 1755 1245">
    <p class='ocr_par' dir='ltr' id='par_1_66' title="bbox 969 1201 1755 1245">
     <span class='ocr_line' id='line_1_68' title="bbox 969 1201 1755 1245; baseline 0.024 -18"><span class='ocrx_word' id='word_1_473' title='bbox 969 1201 1043 1230; x_wconf 85' lang='lat' dir='ltr'><strong>tibus</strong></span> <span class='ocrx_word' id='word_1_474' title='bbox 1067 1205 1227 1234; x_wconf 78' lang='lat' dir='ltr'><strong>adversandi</strong></span> <span class='ocrx_word' id='word_1_475' title='bbox 1250 1209 1333 1243; x_wconf 86' lang='lat' dir='ltr'><strong>patri,</strong></span> <span class='ocrx_word' id='word_1_476' title='bbox 1359 1211 1402 1238; x_wconf 88' lang='lat' dir='ltr'><strong>vel</strong></span> <span class='ocrx_word' id='word_1_477' title='bbox 1421 1217 1570 1241; x_wconf 83' lang='lat' dir='ltr'><strong>maternam</strong></span> <span class='ocrx_word' id='word_1_478' title='bbox 1592 1216 1626 1244; x_wconf 85' lang='lat' dir='ltr'><strong>ab</strong></span> <span class='ocrx_word' id='word_1_479' title='bbox 1643 1224 1675 1244; x_wconf 93' lang='lat' dir='ltr'><strong>eo</strong></span> <span class='ocrx_word' id='word_1_480' title='bbox 1690 1218 1755 1245; x_wconf 80' lang='lat' dir='ltr'><strong>Sub-</strong></span> 
     </span>
    </p>
   </div>
   <div class='ocr_carea' id='block_1_67' title="bbox 969 1248 1754 1294">
    <p class='ocr_par' dir='ltr' id='par_1_67' title="bbox 969 1248 1754 1294">
     <span class='ocr_line' id='line_1_69' title="bbox 969 1248 1754 1294; baseline 0.023 -21"><span class='ocrx_word' id='word_1_481' title='bbox 969 1248 1097 1276; x_wconf 85' lang='lat' dir='ltr'><strong>stantiam</strong></span> <span class='ocrx_word' id='word_1_482' title='bbox 1113 1254 1272 1286; x_wconf 86' lang='lat' dir='ltr'><strong>reposcendi</strong></span> <span class='ocrx_word' id='word_1_483' title='bbox 1290 1256 1357 1283; x_wconf 88' lang='lat' dir='ltr'><strong>:sed</strong></span> <span class='ocrx_word' id='word_1_484' title='bbox 1372 1264 1387 1284; x_wconf 92' lang='lat' dir='ltr'><strong>e</strong></span> <span class='ocrx_word' id='word_1_485' title='bbox 1400 1259 1538 1287; x_wconf 87' lang='lat' dir='ltr'><strong>contrario</strong></span> <span class='ocrx_word' id='word_1_486' title='bbox 1552 1262 1640 1294; x_wconf 85' lang='lat' dir='ltr'><strong>potius</strong></span> <span class='ocrx_word' id='word_1_487' title='bbox 1648 1270 1754 1291; x_wconf 89' lang='lat' dir='ltr'><strong>omnem</strong></span> 
     </span>
    </p>
   </div>
   <div class='ocr_carea' id='block_1_68' title="bbox 969 1292 1755 1339">
    <p class='ocr_par' dir='ltr' id='par_1_68' title="bbox 969 1292 1755 1339">
     <span class='ocr_line' id='line_1_70' title="bbox 969 1292 1755 1339; baseline 0.023 -21"><span class='ocrx_word' id='word_1_488' title='bbox 969 1292 1097 1321; x_wconf 89' lang='lat' dir='ltr'><strong>honorem</strong></span> <span class='ocrx_word' id='word_1_489' title='bbox 1114 1301 1141 1323; x_wconf 87' lang='lat' dir='ltr'><strong>et</strong></span> <span class='ocrx_word' id='word_1_490' title='bbox 1157 1297 1350 1335; x_wconf 86' lang='lat' dir='ltr'><strong>obedientiam,</strong></span> <span class='ocrx_word' id='word_1_491' title='bbox 1374 1303 1453 1330; x_wconf 87' lang='lat' dir='ltr'><strong>sicuti</strong></span> <span class='ocrx_word' id='word_1_492' title='bbox 1475 1307 1632 1339; x_wconf 83' lang='lat' dir='ltr'><strong>parentibus</strong></span> <span class='ocrx_word' id='word_1_493' title='bbox 1654 1315 1755 1336; x_wconf 86' lang='lat' dir='ltr'><strong>conve-</strong></span> 
     </span>
    </p>
   </div>
   <div class='ocr_carea' id='block_1_69' title="bbox 967 1339 1754 1385">
    <p class='ocr_par' dir='ltr' id='par_1_69' title="bbox 967 1339 1754 1385">
     <span class='ocr_line' id='line_1_71' title="bbox 967 1339 1754 1385; baseline 0.024 -21"><span class='ocrx_word' id='word_1_494' title='bbox 967 1339 1018 1370; x_wconf 88' lang='lat' dir='ltr'><strong>nit,</strong></span> <span class='ocrx_word' id='word_1_495' title='bbox 1033 1340 1058 1367; x_wconf 89' lang='lat' dir='ltr'><strong>ei</strong></span> <span class='ocrx_word' id='word_1_496' title='bbox 1075 1343 1129 1368; x_wconf 85' lang='lat' dir='ltr'><strong>tam</strong></span> <span class='ocrx_word' id='word_1_497' title='bbox 1151 1344 1251 1377; x_wconf 80' lang='lat' dir='ltr'><strong>verbis,</strong></span> <span class='ocrx_word' id='word_1_498' title='bbox 1277 1353 1357 1381; x_wconf 87' lang='lat' dir='ltr'><strong>quam</strong></span> <span class='ocrx_word' id='word_1_499' title='bbox 1386 1348 1442 1382; x_wconf 88' lang='lat' dir='ltr'><strong>ipsa</strong></span> <span class='ocrx_word' id='word_1_500' title='bbox 1455 1357 1484 1377; x_wconf 94' lang='lat' dir='ltr'><strong>re</strong></span> <span class='ocrx_word' id='word_1_501' title='bbox 1501 1350 1694 1385; x_wconf 70' lang='lat' dir='ltr'><strong>deferentibus,</strong></span> <span class='ocrx_word' id='word_1_502' title='bbox 1709 1361 1754 1382; x_wconf 82' lang='lat' dir='ltr'><strong>se-</strong></span> 
     </span>
    </p>
   </div>
   <div class='ocr_carea' id='block_1_70' title="bbox 967 1386 1753 1431">
    <p class='ocr_par' dir='ltr' id='par_1_70' title="bbox 967 1386 1753 1431">
     <span class='ocr_line' id='line_1_72' title="bbox 967 1386 1753 1431; baseline 0.019 -20"><span class='ocrx_word' id='word_1_503' title='bbox 967 1386 1084 1414; x_wconf 86' lang='lat' dir='ltr'><strong>cundum</strong></span> <span class='ocrx_word' id='word_1_504' title='bbox 1100 1387 1215 1423; x_wconf 88' lang='lat' dir='ltr'><strong>id,quod</strong></span> <span class='ocrx_word' id='word_1_505' title='bbox 1225 1393 1405 1427; x_wconf 84' lang='lat' dir='ltr'><strong>perscriptum</strong></span> <span class='ocrx_word' id='word_1_506' title='bbox 1423 1394 1539 1429; x_wconf 77' lang='lat' dir='ltr'><strong>legimus</strong></span> <span class='ocrx_word' id='word_1_507' title='bbox 1554 1405 1576 1422; x_wconf 76' lang='grc' dir='ltr'><strong>ιι</strong></span> <span class='ocrx_word' id='word_1_508' title='bbox 1590 1397 1655 1424; x_wconf 93' lang='lat' dir='ltr'><strong>Tam</strong></span> <span class='ocrx_word' id='word_1_509' title='bbox 1669 1398 1753 1431; x_wconf 87' lang='lat' dir='ltr'><strong>facto,</strong></span> 
     </span>
    </p>
   </div>
   <div class='ocr_carea' id='block_1_71' title="bbox 966 1433 1753 1479">
    <p class='ocr_par' dir='ltr' id='par_1_71' title="bbox 966 1433 1753 1479">
     <span class='ocr_line' id='line_1_73' title="bbox 966 1433 1753 1479; baseline 0.022 -24"><span class='ocrx_word' id='word_1_510' title='bbox 966 1436 1047 1463; x_wconf 86' lang='lat' dir='ltr'><strong>quam</strong></span> <span class='ocrx_word' id='word_1_511' title='bbox 1073 1433 1163 1461; x_wconf 82' lang='lat' dir='ltr'><strong>verbis</strong></span> <span class='ocrx_word' id='word_1_512' title='bbox 1190 1435 1292 1464; x_wconf 87' lang='lat' dir='ltr'><strong>honora</strong></span> <span class='ocrx_word' id='word_1_513' title='bbox 1329 1443 1433 1473; x_wconf 87' lang='lat' dir='ltr'><strong>patrem</strong></span> <span class='ocrx_word' id='word_1_514' title='bbox 1458 1445 1545 1476; x_wconf 93' lang='lat' dir='ltr'><strong>tuum,</strong></span> <span class='ocrx_word' id='word_1_515' title='bbox 1582 1448 1753 1479; x_wconf 83' lang='lat' dir='ltr'><strong>matremque</strong></span> 
     </span>
    </p>
   </div>
   <div class='ocr_carea' id='block_1_72' title="bbox 967 1478 1752 1524">
    <p class='ocr_par' dir='ltr' id='par_1_72' title="bbox 967 1478 1752 1524">
     <span class='ocr_line' id='line_1_74' title="bbox 967 1478 1752 1524; baseline 0.019 -22"><span class='ocrx_word' id='word_1_516' title='bbox 967 1479 1038 1502; x_wconf 78' lang='lat' dir='ltr'><strong>tuam</strong></span> <span class='ocrx_word' id='word_1_517' title='bbox 1050 1487 1056 1504; x_wconf 89' lang='lat'><strong>:</strong></span> <span class='ocrx_word' id='word_1_518' title='bbox 1068 1483 1095 1505; x_wconf 91' lang='lat' dir='ltr'><strong>ut</strong></span> <span class='ocrx_word' id='word_1_519' title='bbox 1109 1478 1144 1506; x_wconf 92' lang='lat' dir='ltr'><strong>ab</strong></span> <span class='ocrx_word' id='word_1_520' title='bbox 1158 1480 1198 1507; x_wconf 87' lang='lat' dir='ltr'><strong>eis</strong></span> <span class='ocrx_word' id='word_1_521' title='bbox 1214 1486 1306 1509; x_wconf 84' lang='lat' dir='ltr'><strong>votum</strong></span> <span class='ocrx_word' id='word_1_522' title='bbox 1322 1491 1404 1520; x_wconf 87' lang='lat' dir='ltr'><strong>super</strong></span> <span class='ocrx_word' id='word_1_523' title='bbox 1419 1490 1445 1513; x_wconf 89' lang='lat' dir='ltr'><strong>te</strong></span> <span class='ocrx_word' id='word_1_524' title='bbox 1461 1487 1577 1515; x_wconf 66' lang='lat' dir='ltr'><strong>veniat.»</strong></span> <span class='ocrx_word' id='word_1_525' title='bbox 1587 1488 1691 1524; x_wconf 86' lang='lat' dir='ltr'><strong>Quippe</strong></span> <span class='ocrx_word' id='word_1_526' title='bbox 1704 1478 1752 1517; x_wconf 59' lang='grc' dir='ltr'><strong>νος</strong></span> 
     </span>
    </p>
   </div>
   <div class='ocr_carea' id='block_1_73' title="bbox 966 1524 1752 1566">
    <p class='ocr_par' dir='ltr' id='par_1_73' title="bbox 966 1524 1752 1566">
     <span class='ocr_line' id='line_1_75' title="bbox 966 1524 1752 1566; baseline 0.02 -19"><span class='ocrx_word' id='word_1_527' title='bbox 966 1525 1021 1548; x_wconf 90' lang='lat' dir='ltr'><strong>tum</strong></span> <span class='ocrx_word' id='word_1_528' title='bbox 1042 1524 1127 1556; x_wconf 86' lang='lat' dir='ltr'><strong>patris</strong></span> <span class='ocrx_word' id='word_1_529' title='bbox 1148 1524 1294 1555; x_wconf 87' lang='lat' dir='ltr'><strong>liberorum</strong></span> <span class='ocrx_word' id='word_1_530' title='bbox 1312 1529 1429 1558; x_wconf 86' lang='lat' dir='ltr'><strong>familias</strong></span> <span class='ocrx_word' id='word_1_531' title='bbox 1455 1531 1542 1566; x_wconf 82' lang='lat' dir='ltr'><strong>fulcit,</strong></span> <span class='ocrx_word' id='word_1_532' title='bbox 1557 1539 1583 1561; x_wconf 89' lang='lat' dir='ltr'><strong>et</strong></span> <span class='ocrx_word' id='word_1_533' title='bbox 1597 1536 1752 1563; x_wconf 87' lang='lat' dir='ltr'><strong>exsecratio</strong></span> 
     </span>
    </p>
   </div>
   <div class='ocr_carea' id='block_1_74' title="bbox 965 1567 1747 1608">
    <p class='ocr_par' dir='ltr' id='par_1_74' title="bbox 965 1567 1747 1608">
     <span class='ocr_line' id='line_1_76' title="bbox 965 1567 1747 1608; baseline 0.02 -16"><span class='ocrx_word' id='word_1_534' title='bbox 965 1567 1060 1595; x_wconf 85' lang='lat' dir='ltr'><strong>matris</strong></span> <span class='ocrx_word' id='word_1_535' title='bbox 1085 1567 1261 1600; x_wconf 83' lang='lat' dir='ltr'><strong>fundamenta</strong></span> <span class='ocrx_word' id='word_1_536' title='bbox 1285 1580 1376 1602; x_wconf 86' lang='lat' dir='ltr'><strong>earum</strong></span> <span class='ocrx_word' id='word_1_537' title='bbox 1398 1576 1529 1606; x_wconf 79' lang='lat' dir='ltr'><strong>radicitus</strong></span> <span class='ocrx_word' id='word_1_538' title='bbox 1557 1579 1665 1606; x_wconf 88' lang='lat' dir='ltr'><strong>evertit.</strong></span> <span class='ocrx_word' id='word_1_539' title='bbox 1679 1579 1747 1608; x_wconf 85' lang='lat' dir='ltr'><strong>Nam</strong></span> 
     </span>
    </p>
   </div>
   <div class='ocr_carea' id='block_1_75' title="bbox 965 1618 1750 1659">
    <p class='ocr_par' dir='ltr' id='par_1_75' title="bbox 965 1618 1750 1659">
     <span class='ocr_line' id='line_1_77' title="bbox 965 1618 1750 1659; baseline 0.022 -21"><span class='ocrx_word' id='word_1_540' title='bbox 965 1619 1058 1640; x_wconf 88' lang='lat' dir='ltr'><strong>eorum</strong></span> <span class='ocrx_word' id='word_1_541' title='bbox 1084 1618 1217 1650; x_wconf 86' lang='lat' dir='ltr'><strong>procreati</strong></span> <span class='ocrx_word' id='word_1_542' title='bbox 1246 1624 1310 1648; x_wconf 88' lang='lat' dir='ltr'><strong>sunt</strong></span> <span class='ocrx_word' id='word_1_543' title='bbox 1333 1627 1426 1656; x_wconf 84' lang='lat' dir='ltr'><strong>opera,</strong></span> <span class='ocrx_word' id='word_1_544' title='bbox 1448 1627 1476 1650; x_wconf 91' lang='lat' dir='ltr'><strong>et</strong></span> <span class='ocrx_word' id='word_1_545' title='bbox 1500 1624 1564 1659; x_wconf 92' lang='lat' dir='ltr'><strong>quid</strong></span> <span class='ocrx_word' id='word_1_546' title='bbox 1582 1626 1622 1653; x_wconf 85' lang='lat' dir='ltr'><strong>eis</strong></span> <span class='ocrx_word' id='word_1_547' title='bbox 1635 1627 1750 1654; x_wconf 87' lang='lat' dir='ltr'><strong>reddent</strong></span> 
     </span>
    </p>
   </div>
   <div class='ocr_carea' id='block_1_76' title="bbox 964 1657 1748 1704">
    <p class='ocr_par' dir='ltr' id='par_1_76' title="bbox 964 1657 1748 1704">
     <span class='ocr_line' id='line_1_78' title="bbox 964 1657 1748 1704; baseline 0.023 -21"><span class='ocrx_word' id='word_1_548' title='bbox 964 1657 1106 1692; x_wconf 71' lang='lat' dir='ltr'><strong>ejusmodi,</strong></span> <span class='ocrx_word' id='word_1_549' title='bbox 1120 1663 1200 1696; x_wconf 82' lang='lat' dir='ltr'><strong>quale</strong></span> <span class='ocrx_word' id='word_1_550' title='bbox 1211 1667 1351 1694; x_wconf 86' lang='lat' dir='ltr'><strong>consecuti</strong></span> <span class='ocrx_word' id='word_1_551' title='bbox 1377 1673 1440 1695; x_wconf 89' lang='lat' dir='ltr'><strong>sunt</strong></span> <span class='ocrx_word' id='word_1_552' title='bbox 1451 1669 1485 1696; x_wconf 89' lang='lat' dir='ltr'><strong>ab</strong></span> <span class='ocrx_word' id='word_1_553' title='bbox 1500 1657 1584 1704; x_wconf 72' lang='lat' dir='ltr'><strong>ipsis?</strong></span> <span class='ocrx_word' id='word_1_554' title='bbox 1602 1671 1664 1700; x_wconf 75' lang='lat' dir='ltr'><strong>lizec</strong></span> <span class='ocrx_word' id='word_1_555' title='bbox 1676 1673 1748 1700; x_wconf 90' lang='lat' dir='ltr'><strong>enim</strong></span> 
     </span>
    </p>
   </div>
   <div class='ocr_carea' id='block_1_77' title="bbox 963 1702 1748 1752">
    <p class='ocr_par' dir='ltr' id='par_1_77' title="bbox 963 1702 1748 1752">
     <span class='ocr_line' id='line_1_79' title="bbox 963 1702 1748 1752; baseline 0.022 -23"><span class='ocrx_word' id='word_1_556' title='bbox 963 1707 989 1729; x_wconf 89' lang='lat' dir='ltr'><strong>et</strong></span> <span class='ocrx_word' id='word_1_557' title='bbox 1012 1702 1112 1732; x_wconf 82' lang='lat' dir='ltr'><strong>Paulus</strong></span> <span class='ocrx_word' id='word_1_558' title='bbox 1124 1708 1264 1742; x_wconf 82' lang='lat' dir='ltr'><strong>apostolus</strong></span> <span class='ocrx_word' id='word_1_559' title='bbox 1281 1711 1457 1746; x_wconf 86' lang='lat' dir='ltr'><strong>confirmans,</strong></span> <span class='ocrx_word' id='word_1_560' title='bbox 1469 1702 1538 1742; x_wconf 72' lang='lat' dir='ltr'><strong>dixit</strong></span> <span class='ocrx_word' id='word_1_561' title='bbox 1552 1724 1559 1742; x_wconf 88' lang='lat'><strong>:</strong></span> <span class='ocrx_word' id='word_1_562' title='bbox 1576 1715 1640 1751; x_wconf 41' lang='lat' dir='ltr'><strong>Vos,</strong></span> <span class='ocrx_word' id='word_1_563' title='bbox 1659 1718 1748 1752; x_wconf 85' lang='lat' dir='ltr'><strong>liberi,</strong></span> 
     </span>
    </p>
   </div>
   <div class='ocr_carea' id='block_1_78' title="bbox 963 1752 1748 1796">
    <p class='ocr_par' dir='ltr' id='par_1_78' title="bbox 963 1752 1748 1796">
     <span class='ocr_line' id='line_1_80' title="bbox 963 1752 1748 1796; baseline 0.02 -21"><span class='ocrx_word' id='word_1_564' title='bbox 963 1752 1120 1783; x_wconf 83' lang='lat' dir='ltr'><strong>parentibus</strong></span> <span class='ocrx_word' id='word_1_565' title='bbox 1142 1755 1241 1783; x_wconf 86' lang='lat' dir='ltr'><strong>vostris</strong></span> <span class='ocrx_word' id='word_1_566' title='bbox 1266 1756 1382 1785; x_wconf 84' lang='lat' dir='ltr'><strong>obedite.</strong></span> <span class='ocrx_word' id='word_1_567' title='bbox 1407 1757 1474 1786; x_wconf 85' lang='lat' dir='ltr'><strong>Nam</strong></span> <span class='ocrx_word' id='word_1_568' title='bbox 1500 1761 1550 1788; x_wconf 91' lang='lat' dir='ltr'><strong>hoc</strong></span> <span class='ocrx_word' id='word_1_569' title='bbox 1572 1761 1630 1789; x_wconf 76' lang='lat' dir='ltr'><strong>fieri</strong></span> <span class='ocrx_word' id='word_1_570' title='bbox 1654 1770 1702 1796; x_wconf 88' lang='lat' dir='ltr'><strong>par</strong></span> <span class='ocrx_word' id='word_1_571' title='bbox 1721 1770 1748 1791; x_wconf 85' lang='lat' dir='ltr'><strong>et</strong></span> 
     </span>
    </p>
   </div>
   <div class='ocr_carea' id='block_1_79' title="bbox 961 1799 1749 1840">
    <p class='ocr_par' dir='ltr' id='par_1_79' title="bbox 961 1799 1749 1840">
     <span class='ocr_line' id='line_1_81' title="bbox 961 1799 1749 1840; baseline 0.018 -18"><span class='ocrx_word' id='word_1_572' title='bbox 961 1803 1068 1830; x_wconf 76' lang='lat' dir='ltr'><strong>:equum</strong></span> <span class='ocrx_word' id='word_1_573' title='bbox 1077 1803 1128 1826; x_wconf 86' lang='lat' dir='ltr'><strong>est.</strong></span> <span class='ocrx_word' id='word_1_574' title='bbox 1142 1799 1208 1834; x_wconf 85' lang='lat' dir='ltr'><strong>Vos,</strong></span> <span class='ocrx_word' id='word_1_575' title='bbox 1224 1807 1364 1837; x_wconf 84' lang='lat' dir='ltr'><strong>parentes,</strong></span> <span class='ocrx_word' id='word_1_576' title='bbox 1378 1811 1412 1832; x_wconf 93' lang='lat' dir='ltr'><strong>ne</strong></span> <span class='ocrx_word' id='word_1_577' title='bbox 1427 1811 1572 1840; x_wconf 82' lang='lat' dir='ltr'><strong>provocate</strong></span> <span class='ocrx_word' id='word_1_578' title='bbox 1589 1807 1689 1836; x_wconf 88' lang='lat' dir='ltr'><strong>liberos</strong></span> <span class='ocrx_word' id='word_1_579' title='bbox 1703 1817 1749 1836; x_wconf 83' lang='lat' dir='ltr'><strong>ve-</strong></span> 
     </span>
    </p>
   </div>
   <div class='ocr_carea' id='block_1_80' title="bbox 961 1843 1745 1890">
    <p class='ocr_par' dir='ltr' id='par_1_80' title="bbox 961 1843 1745 1890">
     <span class='ocr_line' id='line_1_82' title="bbox 961 1843 1745 1890; baseline 0.019 -23"><span class='ocrx_word' id='word_1_580' title='bbox 961 1845 1031 1869; x_wconf 88' lang='lat' dir='ltr'><strong>stros</strong></span> <span class='ocrx_word' id='word_1_581' title='bbox 1050 1843 1083 1870; x_wconf 84' lang='lat' dir='ltr'><strong>ad</strong></span> <span class='ocrx_word' id='word_1_582' title='bbox 1097 1844 1176 1877; x_wconf 88' lang='lat' dir='ltr'><strong>iram,</strong></span> <span class='ocrx_word' id='word_1_583' title='bbox 1194 1847 1240 1874; x_wconf 89' lang='lat' dir='ltr'><strong>sed</strong></span> <span class='ocrx_word' id='word_1_584' title='bbox 1252 1855 1301 1878; x_wconf 86' lang='lat' dir='ltr'><strong>eos</strong></span> <span class='ocrx_word' id='word_1_585' title='bbox 1325 1849 1352 1877; x_wconf 93' lang='lat' dir='ltr'><strong>in</strong></span> <span class='ocrx_word' id='word_1_586' title='bbox 1375 1850 1498 1879; x_wconf 83' lang='lat' dir='ltr'><strong>doctrina</strong></span> <span class='ocrx_word' id='word_1_587' title='bbox 1517 1857 1544 1880; x_wconf 91' lang='lat' dir='ltr'><strong>et</strong></span> <span class='ocrx_word' id='word_1_588' title='bbox 1556 1852 1615 1888; x_wconf 74' lang='lat' dir='ltr'><strong>lege</strong></span> <span class='ocrx_word' id='word_1_589' title='bbox 1629 1853 1677 1890; x_wconf 84' lang='lat' dir='ltr'><strong>[aL</strong></span> <span class='ocrx_word' id='word_1_590' title='bbox 1694 1864 1745 1882; x_wconf 89' lang='lat' dir='ltr'><strong>mo-</strong></span> 
     </span>
    </p>
   </div>
   <div class='ocr_carea' id='block_1_81' title="bbox 961 1886 1320 1923">
    <p class='ocr_par' dir='ltr' id='par_1_81' title="bbox 961 1886 1320 1923">
     <span class='ocr_line' id='line_1_83' title="bbox 961 1886 1320 1923; baseline 0.025 -11"><span class='ocrx_word' id='word_1_591' title='bbox 961 1886 1035 1923; x_wconf 69' lang='lat' dir='ltr'><strong>nitis]</strong></span> <span class='ocrx_word' id='word_1_592' title='bbox 1055 1888 1159 1918; x_wconf 90' lang='lat' dir='ltr'><strong>Domini</strong></span> <span class='ocrx_word' id='word_1_593' title='bbox 1173 1892 1298 1921; x_wconf 87' lang='lat' dir='ltr'><strong>educate.</strong></span> <span class='ocrx_word' id='word_1_594' title='bbox 1311 1903 1320 1920; x_wconf 79' lang='grc' dir='ltr'><strong>ι</strong></span> 
     </span>
    </p>
   </div>
   <div class='ocr_carea' id='block_1_82' title="bbox 995 1933 1744 1972">
    <p class='ocr_par' dir='ltr' id='par_1_82' title="bbox 995 1933 1744 1972">
     <span class='ocr_line' id='line_1_84' title="bbox 995 1933 1744 1972; baseline 0.013 -11"><span class='ocrx_word' id='word_1_595' title='bbox 995 1933 1021 1961; x_wconf 87' lang='grc'><strong>9.</strong></span> <span class='ocrx_word' id='word_1_596' title='bbox 1037 1933 1114 1968; x_wconf 84' lang='lat' dir='ltr'><strong>Quod</strong></span> <span class='ocrx_word' id='word_1_597' title='bbox 1130 1937 1152 1964; x_wconf 87' lang='lat' dir='ltr'><strong>si</strong></span> <span class='ocrx_word' id='word_1_598' title='bbox 1177 1940 1334 1968; x_wconf 89' lang='lat' dir='ltr'><strong>usuvenerit</strong></span> <span class='ocrx_word' id='word_1_599' title='bbox 1357 1945 1387 1968; x_wconf 90' lang='lat' dir='ltr'><strong>ut</strong></span> <span class='ocrx_word' id='word_1_600' title='bbox 1412 1941 1457 1970; x_wconf 89' lang='lat' dir='ltr'><strong>hic</strong></span> <span class='ocrx_word' id='word_1_601' title='bbox 1479 1945 1561 1970; x_wconf 85' lang='lat' dir='ltr'><strong>etiam</strong></span> <span class='ocrx_word' id='word_1_602' title='bbox 1584 1944 1617 1971; x_wconf 91' lang='lat' dir='ltr'><strong>ad</strong></span> <span class='ocrx_word' id='word_1_603' title='bbox 1631 1945 1744 1972; x_wconf 87' lang='lat' dir='ltr'><strong>alterum</strong></span> 
     </span>
    </p>
   </div>
   <div class='ocr_carea' id='block_1_83' title="bbox 958 1980 1745 2024">
    <p class='ocr_par' dir='ltr' id='par_1_83' title="bbox 958 1980 1745 2024">
     <span class='ocr_line' id='line_1_85' title="bbox 958 1980 1745 2024; baseline 0.017 -19"><span class='ocrx_word' id='word_1_604' title='bbox 958 1980 1162 2009; x_wconf 88' lang='lat' dir='ltr'><strong>matrimonium</strong></span> <span class='ocrx_word' id='word_1_605' title='bbox 1184 1985 1374 2020; x_wconf 71' lang='lat' dir='ltr'><strong>progrediatur</strong></span> <span class='ocrx_word' id='word_1_606' title='bbox 1396 1986 1490 2016; x_wconf 87' lang='lat' dir='ltr'><strong>liberis</strong></span> <span class='ocrx_word' id='word_1_607' title='bbox 1513 1989 1600 2016; x_wconf 86' lang='lat' dir='ltr'><strong>adhuc</strong></span> <span class='ocrx_word' id='word_1_608' title='bbox 1622 1990 1745 2024; x_wconf 86' lang='lat' dir='ltr'><strong>impube-</strong></span> 
     </span>
    </p>
   </div>
   <div class='ocr_carea' id='block_1_84' title="bbox 958 2025 1745 2065">
    <p class='ocr_par' dir='ltr' id='par_1_84' title="bbox 958 2025 1745 2065">
     <span class='ocr_line' id='line_1_86' title="bbox 958 2025 1745 2065; baseline 0.015 -13"><span class='ocrx_word' id='word_1_609' title='bbox 958 2025 1043 2057; x_wconf 84' lang='lat' dir='ltr'><strong>ribus,</strong></span> <span class='ocrx_word' id='word_1_610' title='bbox 1059 2033 1179 2056; x_wconf 87' lang='lat' dir='ltr'><strong>materna</strong></span> <span class='ocrx_word' id='word_1_611' title='bbox 1194 2030 1301 2058; x_wconf 92' lang='lat' dir='ltr'><strong>illorum</strong></span> <span class='ocrx_word' id='word_1_612' title='bbox 1319 2031 1387 2059; x_wconf 87' lang='lat' dir='ltr'><strong>bona</strong></span> <span class='ocrx_word' id='word_1_613' title='bbox 1404 2033 1473 2060; x_wconf 90' lang='lat' dir='ltr'><strong>citra</strong></span> <span class='ocrx_word' id='word_1_614' title='bbox 1489 2030 1693 2063; x_wconf 82' lang='lat' dir='ltr'><strong>décrementum</strong></span> <span class='ocrx_word' id='word_1_615' title='bbox 1717 2041 1745 2065; x_wconf 90' lang='lat' dir='ltr'><strong>et</strong></span> 
     </span>
    </p>
   </div>
   <div class='ocr_carea' id='block_1_85' title="bbox 957 2070 1489 2105">
    <p class='ocr_par' dir='ltr' id='par_1_85' title="bbox 957 2070 1489 2105">
     <span class='ocr_line' id='line_1_87' title="bbox 957 2070 1489 2105; baseline 0.017 -9"><span class='ocrx_word' id='word_1_616' title='bbox 957 2070 1171 2100; x_wconf 90' lang='lat' dir='ltr'><strong>imminutionem</strong></span> <span class='ocrx_word' id='word_1_617' title='bbox 1190 2074 1224 2102; x_wconf 88' lang='lat' dir='ltr'><strong>ab</strong></span> <span class='ocrx_word' id='word_1_618' title='bbox 1240 2082 1273 2102; x_wconf 85' lang='lat' dir='ltr'><strong>eo</strong></span> <span class='ocrx_word' id='word_1_619' title='bbox 1289 2077 1489 2105; x_wconf 88' lang='lat' dir='ltr'><strong>custodiantur.</strong></span> 
     </span>
    </p>
   </div>
   <div class='ocr_carea' id='block_1_86' title="bbox 992 2116 1742 2159">
    <p class='ocr_par' dir='ltr' id='par_1_86' title="bbox 992 2116 1742 2159">
     <span class='ocr_line' id='line_1_88' title="bbox 992 2116 1742 2159; baseline 0.015 -16"><span class='ocrx_word' id='word_1_620' title='bbox 992 2117 1036 2144; x_wconf 80' lang='grc'><strong>10.</strong></span> <span class='ocrx_word' id='word_1_621' title='bbox 1051 2116 1098 2144; x_wconf 92' lang='lat' dir='ltr'><strong>Sin</strong></span> <span class='ocrx_word' id='word_1_622' title='bbox 1113 2123 1219 2147; x_wconf 69' lang='lat' dir='ltr'><strong>aetatem</strong></span> <span class='ocrx_word' id='word_1_623' title='bbox 1242 2121 1390 2155; x_wconf 69' lang='lat' dir='ltr'><strong>legitimam</strong></span> <span class='ocrx_word' id='word_1_624' title='bbox 1405 2123 1554 2159; x_wconf 77' lang='lat' dir='ltr'><strong>attigerunt</strong></span> <span class='ocrx_word' id='word_1_625' title='bbox 1565 2145 1572 2158; x_wconf 88' lang='lat'><strong>,</strong></span> <span class='ocrx_word' id='word_1_626' title='bbox 1589 2126 1658 2153; x_wconf 83' lang='lat' dir='ltr'><strong>citra</strong></span> <span class='ocrx_word' id='word_1_627' title='bbox 1675 2127 1742 2154; x_wconf 87' lang='lat' dir='ltr'><strong>deli-</strong></span> 
     </span>
    </p>
   </div>
   <div class='ocr_carea' id='block_1_87' title="bbox 956 2161 1741 2206">
    <p class='ocr_par' dir='ltr' id='par_1_87' title="bbox 956 2161 1741 2206">
     <span class='ocr_line' id='line_1_89' title="bbox 956 2161 1741 2206; baseline 0.017 -18"><span class='ocrx_word' id='word_1_628' title='bbox 956 2161 1125 2191; x_wconf 84' lang='lat' dir='ltr'><strong>berationem</strong></span> <span class='ocrx_word' id='word_1_629' title='bbox 1150 2165 1215 2200; x_wconf 86' lang='lat' dir='ltr'><strong>ipsis</strong></span> <span class='ocrx_word' id='word_1_630' title='bbox 1228 2173 1261 2194; x_wconf 90' lang='lat' dir='ltr'><strong>ea</strong></span> <span class='ocrx_word' id='word_1_631' title='bbox 1280 2167 1362 2201; x_wconf 87' lang='lat' dir='ltr'><strong>bona,</strong></span> <span class='ocrx_word' id='word_1_632' title='bbox 1382 2168 1404 2196; x_wconf 88' lang='lat' dir='ltr'><strong>si</strong></span> <span class='ocrx_word' id='word_1_633' title='bbox 1419 2169 1529 2205; x_wconf 82' lang='lat' dir='ltr'><strong>quidem</strong></span> <span class='ocrx_word' id='word_1_634' title='bbox 1540 2170 1578 2199; x_wconf 78' lang='lat' dir='ltr'><strong>ita</strong></span> <span class='ocrx_word' id='word_1_635' title='bbox 1595 2171 1741 2206; x_wconf 84' lang='lat' dir='ltr'><strong>voluerint,</strong></span> 
     </span>
    </p>
   </div>
   <div class='ocr_carea' id='block_1_88' title="bbox 955 2208 1143 2238">
    <p class='ocr_par' dir='ltr' id='par_1_88' title="bbox 955 2208 1143 2238">
     <span class='ocr_line' id='line_1_90' title="bbox 955 2208 1143 2238; baseline 0.021 -4"><span class='ocrx_word' id='word_1_636' title='bbox 955 2208 1143 2238; x_wconf 89' lang='lat' dir='ltr'><strong>exhibeantur.</strong></span> 
     </span>
    </p>
   </div>
   <div class='ocr_carea' id='block_1_89' title="bbox 156 2237 914 2298">
    <p class='ocr_par' dir='ltr' id='par_1_89' title="bbox 156 2237 899 2298">
     <span class='ocr_line' id='line_1_91' title="bbox 156 2237 899 2287; baseline 0.019 -23"><span class='ocrx_word' id='word_1_637' title='bbox 156 2237 202 2266; x_wconf 85' lang='grc' dir='ltr'>ια’.</span> <span class='ocrx_word' id='word_1_638' title='bbox 221 2238 250 2265; x_wconf 83' lang='lat' dir='ltr'><strong>Ei</strong></span> <span class='ocrx_word' id='word_1_639' title='bbox 265 2239 293 2265; x_wconf 75' lang='grc' dir='ltr'>δὲ</span> <span class='ocrx_word' id='word_1_640' title='bbox 309 2239 418 2276; x_wconf 79' lang='grc' dir='ltr'>Θελήσει</span> <span class='ocrx_word' id='word_1_641' title='bbox 432 2241 464 2268; x_wconf 76' lang='grc' dir='ltr'>ὲκ</span> <span class='ocrx_word' id='word_1_642' title='bbox 479 2242 528 2270; x_wconf 79' lang='grc' dir='ltr'>τοῦ</span> <span class='ocrx_word' id='word_1_643' title='bbox 541 2244 706 2280; x_wconf 79' lang='grc' dir='ltr'>ἁνδρογὺνου</span> <span class='ocrx_word' id='word_1_644' title='bbox 720 2248 774 2276; x_wconf 82' lang='grc' dir='ltr'>εἴτε</span> <span class='ocrx_word' id='word_1_645' title='bbox 789 2250 803 2277; x_wconf 86' lang='grc' dir='ltr'><strong>ό</strong></span> <span class='ocrx_word' id='word_1_646' title='bbox 819 2251 899 2287; x_wconf 79' lang='grc' dir='ltr'>ἀνὴρ,</span> 
     </span>
     <span class='ocr_line' id='line_1_92' title="bbox 156 2284 861 2298; baseline 0 0"><span class='ocrx_word' id='word_1_647' title='bbox 156 2292 173 2298; x_wconf 74' lang='grc' dir='ltr'>ι-</span> <span class='ocrx_word' id='word_1_648' title='bbox 202 2284 218 2298; x_wconf 56' lang='grc' dir='ltr'><em>ἃ</em></span> <span class='ocrx_word' id='word_1_649' title='bbox 239 2285 305 2298; x_wconf 76' lang='grc'>.,.....1.</span> <span class='ocrx_word' id='word_1_650' title='bbox 347 2287 431 2298; x_wconf 70' lang='grc' dir='ltr'><strong>.....ὶ-</strong></span> <span class='ocrx_word' id='word_1_651' title='bbox 459 2289 483 2298; x_wconf 68' lang='grc' dir='ltr'><strong>ι-</strong></span> <span class='ocrx_word' id='word_1_652' title='bbox 508 2297 515 2298; x_wconf 35' lang='grc' dir='ltr'><em>κ</em></span> <span class='ocrx_word' id='word_1_653' title='bbox 631 2291 638 2298; x_wconf 73' lang='grc' dir='ltr'>ι</span> <span class='ocrx_word' id='word_1_654' title='bbox 706 2294 713 2298; x_wconf 85' lang='grc'>.</span> <span class='ocrx_word' id='word_1_655' title='bbox 773 2295 785 2298; x_wconf 88' lang='grc'><strong>-</strong></span> <span class='ocrx_word' id='word_1_656' title='bbox 829 2296 861 2298; x_wconf 44' lang='grc' dir='ltr'>ην</span> 
     </span>
    </p>
   </div>
   <div class='ocr_carea' id='block_1_90' title="bbox 968 2237 1738 2298">
    <p class='ocr_par' dir='ltr' id='par_1_90' title="bbox 992 2254 1738 2298">
     <span class='ocr_line' id='line_1_93' title="bbox 992 2254 1738 2298; baseline 0.016 -18"><span class='ocrx_word' id='word_1_657' title='bbox 992 2254 1036 2281; x_wconf 83' lang='grc' dir='ltr'>Η.</span> <span class='ocrx_word' id='word_1_658' title='bbox 1051 2255 1129 2288; x_wconf 82' lang='lat' dir='ltr'><strong>Quod</strong></span> <span class='ocrx_word' id='word_1_659' title='bbox 1152 2256 1174 2284; x_wconf 84' lang='lat' dir='ltr'><strong>si</strong></span> <span class='ocrx_word' id='word_1_660' title='bbox 1200 2257 1345 2294; x_wconf 78' lang='lat' dir='ltr'><strong>coniugum</strong></span> <span class='ocrx_word' id='word_1_661' title='bbox 1362 2259 1509 2298; x_wconf 76' lang='lat' dir='ltr'><strong>alteruter,</strong></span> <span class='ocrx_word' id='word_1_662' title='bbox 1535 2262 1592 2290; x_wconf 86' lang='lat' dir='ltr'><strong>sive</strong></span> <span class='ocrx_word' id='word_1_663' title='bbox 1613 2263 1738 2298; x_wconf 84' lang='lat' dir='ltr'><strong>maritus,</strong></span> 
     </span>
    </p>
   </div>
   <div class='ocr_carea' id='block_1_91' title="bbox 119 2282 902 2325">
    <p class='ocr_par' dir='ltr' id='par_1_91' title="bbox 119 2282 902 2325">
     <span class='ocr_line' id='line_1_94' title="bbox 119 2282 902 2325; baseline 0.02 -16"><span class='ocrx_word' id='word_1_664' title='bbox 119 2282 173 2310; x_wconf 78' lang='grc' dir='ltr'>εἴτε</span> <span class='ocrx_word' id='word_1_665' title='bbox 202 2284 218 2319; x_wconf 84' lang='grc' dir='ltr'>ἡ</span> <span class='ocrx_word' id='word_1_666' title='bbox 239 2285 317 2320; x_wconf 82' lang='grc' dir='ltr'>γυνὴ,</span> <span class='ocrx_word' id='word_1_667' title='bbox 347 2287 432 2322; x_wconf 79' lang='grc' dir='ltr'>χωρὶς</span> <span class='ocrx_word' id='word_1_668' title='bbox 457 2289 673 2325; x_wconf 77' lang='grc' dir='ltr'>δευτερογαμίας</span> <span class='ocrx_word' id='word_1_669' title='bbox 704 2294 737 2321; x_wconf 71' lang='lat' dir='ltr'><strong>lx</strong></span> <span class='ocrx_word' id='word_1_670' title='bbox 751 2295 806 2322; x_wconf 86' lang='grc' dir='ltr'>τῶν</span> <span class='ocrx_word' id='word_1_671' title='bbox 828 2282 902 2325; x_wconf 67' lang='grc' dir='ltr'><strong>ισιῶ</strong></span> 
     </span>
    </p>
   </div>
   <div class='ocr_carea' id='block_1_92' title="bbox 118 2329 902 2376">
    <p class='ocr_par' dir='ltr' id='par_1_92' title="bbox 118 2329 902 2376">
     <span class='ocr_line' id='line_1_95' title="bbox 118 2329 902 2376; baseline 0.022 -22"><span class='ocrx_word' id='word_1_672' title='bbox 118 2329 220 2356; x_wconf 82' lang='grc' dir='ltr'>τέκνων</span> <span class='ocrx_word' id='word_1_673' title='bbox 235 2330 464 2368; x_wconf 82' lang='grc' dir='ltr'>ἀπαναχωρῆσαι,</span> <span class='ocrx_word' id='word_1_674' title='bbox 491 2335 630 2371; x_wconf 84' lang='grc' dir='ltr'>ἀνηλίκων</span> <span class='ocrx_word' id='word_1_675' title='bbox 645 2338 736 2366; x_wconf 84' lang='grc' dir='ltr'>αὐτῶν</span> <span class='ocrx_word' id='word_1_676' title='bbox 755 2343 902 2376; x_wconf 83' lang='grc' dir='ltr'>τυγχανόν-</span> 
     </span>
    </p>
   </div>
   <div class='ocr_carea' id='block_1_93' title="bbox 118 2376 901 2425">
    <p class='ocr_par' dir='ltr' id='par_1_93' title="bbox 118 2376 901 2425">
     <span class='ocr_line' id='line_1_96' title="bbox 118 2376 901 2425; baseline 0.022 -25"><span class='ocrx_word' id='word_1_677' title='bbox 118 2383 184 2407; x_wconf 76' lang='grc' dir='ltr'>των,</span> <span class='ocrx_word' id='word_1_678' title='bbox 198 2376 236 2412; x_wconf 83' lang='grc' dir='ltr'>μὴ</span> <span class='ocrx_word' id='word_1_679' title='bbox 246 2376 318 2412; x_wconf 75' lang='grc' dir='ltr'>ἔχειν</span> <span class='ocrx_word' id='word_1_680' title='bbox 333 2378 430 2411; x_wconf 80' lang='grc' dir='ltr'>αὐτοὺς</span> <span class='ocrx_word' id='word_1_681' title='bbox 447 2380 540 2408; x_wconf 73' lang='grc' dir='ltr'>ἄδειαν</span> <span class='ocrx_word' id='word_1_682' title='bbox 552 2382 632 2410; x_wconf 83' lang='grc' dir='ltr'>τοῦτο</span> <span class='ocrx_word' id='word_1_683' title='bbox 643 2385 755 2420; x_wconf 77' lang='grc' dir='ltr'>πρᾶξαι,</span> <span class='ocrx_word' id='word_1_684' title='bbox 769 2387 838 2415; x_wconf 79' lang='grc' dir='ltr'><strong>ἀλλὰ</strong></span> <span class='ocrx_word' id='word_1_685' title='bbox 851 2389 901 2425; x_wconf 78' lang='grc' dir='ltr'>τὴν</span> 
     </span>
    </p>
   </div>
   <div class='ocr_carea' id='block_1_94' title="bbox 117 2420 901 2468">
    <p class='ocr_par' dir='ltr' id='par_1_94' title="bbox 117 2420 901 2468">
     <span class='ocr_line' id='line_1_97' title="bbox 117 2420 901 2468; baseline 0.02 -21"><span class='ocrx_word' id='word_1_686' title='bbox 117 2420 221 2449; x_wconf 80' lang='grc' dir='ltr'>τούτων</span> <span class='ocrx_word' id='word_1_687' title='bbox 236 2424 374 2451; x_wconf 80' lang='grc' dir='ltr'>ποιεῖσθαι</span> <span class='ocrx_word' id='word_1_688' title='bbox 389 2426 519 2461; x_wconf 85' lang='grc' dir='ltr'>φροντίδα</span> <span class='ocrx_word' id='word_1_689' title='bbox 532 2436 561 2455; x_wconf 82' lang='grc' dir='ltr'><strong>τε</strong></span> <span class='ocrx_word' id='word_1_690' title='bbox 577 2430 624 2456; x_wconf 79' lang='grc' dir='ltr'>καὶ</span> <span class='ocrx_word' id='word_1_691' title='bbox 648 2430 792 2467; x_wconf 79' lang='grc' dir='ltr'>διοίκησιν,</span> <span class='ocrx_word' id='word_1_692' title='bbox 808 2420 901 2468; x_wconf 64' lang='lat' dir='ltr'><strong>accedi;</strong></span> 
     </span>
    </p>
   </div>
   <div class='ocr_carea' id='block_1_95' title="bbox 117 2465 899 2518">
    <p class='ocr_par' dir='ltr' id='par_1_95' title="bbox 117 2465 899 2518">
     <span class='ocr_line' id='line_1_98' title="bbox 117 2465 899 2518; baseline 0.022 -26"><span class='ocrx_word' id='word_1_693' title='bbox 117 2465 194 2494; x_wconf 76' lang='grc' dir='ltr'>εἶπεν</span> <span class='ocrx_word' id='word_1_694' title='bbox 222 2468 236 2494; x_wconf 80' lang='grc' dir='ltr'><strong><em>ὁ</em></strong></span> <span class='ocrx_word' id='word_1_695' title='bbox 254 2468 426 2505; x_wconf 79' lang='grc' dir='ltr'>Ἀπόστολος,</span> <span class='ocrx_word' id='word_1_696' title='bbox 453 2472 494 2500; x_wconf 81' lang='grc' dir='ltr'>ὃτι</span> <span class='ocrx_word' id='word_1_697' title='bbox 514 2482 525 2500; x_wconf 75' lang='grc' dir='ltr'><strong>ι</strong></span> <span class='ocrx_word' id='word_1_698' title='bbox 543 2474 623 2510; x_wconf 80' lang='grc' dir='ltr'>Χήρα</span> <span class='ocrx_word' id='word_1_699' title='bbox 649 2465 749 2512; x_wconf 69' lang='grc' dir='ltr'>ἔχουσα</span> <span class='ocrx_word' id='word_1_700' title='bbox 775 2465 859 2508; x_wconf 67' lang='grc' dir='ltr'>τέκνα</span> 
     </span>
    </p>
   </div>
   <div class='ocr_carea' id='block_1_96' title="bbox 116 2509 897 2555">
    <p class='ocr_par' dir='ltr' id='par_1_96' title="bbox 116 2509 897 2555">
     <span class='ocr_line' id='line_1_99' title="bbox 116 2509 897 2555; baseline 0.024 -20"><span class='ocrx_word' id='word_1_701' title='bbox 116 2509 227 2544; x_wconf 78' lang='grc' dir='ltr'>ἔγγονα,</span> <span class='ocrx_word' id='word_1_702' title='bbox 242 2513 399 2547; x_wconf 84' lang='grc' dir='ltr'>μανθανέτω</span> <span class='ocrx_word' id='word_1_703' title='bbox 415 2517 524 2552; x_wconf 86' lang='grc' dir='ltr'>πρῶτον</span> <span class='ocrx_word' id='word_1_704' title='bbox 536 2509 752 2550; x_wconf 44' lang='lat' dir='ltr'><strong>etiametaim</strong></span> <span class='ocrx_word' id='word_1_705' title='bbox 765 2509 897 2555; x_wconf 60' lang='lat' dir='ltr'><strong>ebasGaIv:</strong></span> 
     </span>
    </p>
   </div>
   <div class='ocr_carea' id='block_1_97' title="bbox 117 2555 824 2597">
    <p class='ocr_par' dir='ltr' id='par_1_97' title="bbox 117 2555 824 2597">
     <span class='ocr_line' id='line_1_100' title="bbox 117 2555 824 2597; baseline 0.024 -16"><span class='ocrx_word' id='word_1_706' title='bbox 117 2555 202 2583; x_wconf 81' lang='grc' dir='ltr'>Τοῦτο</span> <span class='ocrx_word' id='word_1_707' title='bbox 214 2557 268 2592; x_wconf 83' lang='grc' dir='ltr'><strong>γάρ</strong></span> <span class='ocrx_word' id='word_1_708' title='bbox 281 2559 355 2586; x_wconf 73' lang='grc' dir='ltr'>ἐστιν</span> <span class='ocrx_word' id='word_1_709' title='bbox 374 2561 523 2590; x_wconf 82' lang='grc' dir='ltr'>ἀποδεκτὺν</span> <span class='ocrx_word' id='word_1_710' title='bbox 535 2565 650 2593; x_wconf 76' lang='grc' dir='ltr'>ἐνώπιον</span> <span class='ocrx_word' id='word_1_711' title='bbox 660 2568 707 2596; x_wconf 82' lang='grc' dir='ltr'>τοῦ</span> <span class='ocrx_word' id='word_1_712' title='bbox 717 2570 797 2597; x_wconf 86' lang='grc' dir='ltr'>Θεοῦ.</span> <span class='ocrx_word' id='word_1_713' title='bbox 814 2581 824 2597; x_wconf 75' lang='grc' dir='ltr'><strong>ι</strong></span> 
     </span>
    </p>
   </div>
   <div class='ocr_carea' id='block_1_98' title="bbox 151 2600 898 2653">
    <p class='ocr_par' dir='ltr' id='par_1_98' title="bbox 151 2600 898 2653">
     <span class='ocr_line' id='line_1_101' title="bbox 151 2600 898 2653; baseline 0.025 -26"><span class='ocrx_word' id='word_1_714' title='bbox 151 2600 196 2636; x_wconf 80' lang='grc' dir='ltr'>ιβ’.</span> <span class='ocrx_word' id='word_1_715' title='bbox 208 2602 240 2629; x_wconf 70' lang='lat' dir='ltr'><strong>Et</strong></span> <span class='ocrx_word' id='word_1_716' title='bbox 254 2603 283 2630; x_wconf 81' lang='grc' dir='ltr'>δὲ</span> <span class='ocrx_word' id='word_1_717' title='bbox 296 2604 351 2631; x_wconf 84' lang='grc' dir='ltr'><strong>τῶν</strong></span> <span class='ocrx_word' id='word_1_718' title='bbox 366 2607 481 2635; x_wconf 67' lang='grc' dir='ltr'>ἐντελῶν</span> <span class='ocrx_word' id='word_1_719' title='bbox 496 2610 549 2636; x_wconf 79' lang='grc' dir='ltr'>εἰσι</span> <span class='ocrx_word' id='word_1_720' title='bbox 568 2611 601 2638; x_wconf 80' lang='grc' dir='ltr'><strong>τὰ</strong></span> <span class='ocrx_word' id='word_1_721' title='bbox 613 2612 707 2646; x_wconf 76' lang='grc' dir='ltr'>τέκνα,</span> <span class='ocrx_word' id='word_1_722' title='bbox 723 2616 771 2642; x_wconf 78' lang='grc' dir='ltr'>καὶ</span> <span class='ocrx_word' id='word_1_723' title='bbox 786 2617 827 2649; x_wconf 84' lang='grc' dir='ltr'>είς</span> <span class='ocrx_word' id='word_1_724' title='bbox 839 2618 898 2653; x_wconf 88' lang='grc' dir='ltr'>βίον</span> 
     </span>
    </p>
   </div>
   <div class='ocr_carea' id='block_1_99' title="bbox 116 2648 895 2698">
    <p class='ocr_par' dir='ltr' id='par_1_99' title="bbox 116 2648 895 2698">
     <span class='ocr_line' id='line_1_102' title="bbox 116 2648 895 2698; baseline 0.026 -26"><span class='ocrx_word' id='word_1_725' title='bbox 116 2648 272 2683; x_wconf 82' lang='grc' dir='ltr'>περιῆλθον,</span> <span class='ocrx_word' id='word_1_726' title='bbox 284 2651 330 2677; x_wconf 79' lang='grc' dir='ltr'>καὶ</span> <span class='ocrx_word' id='word_1_727' title='bbox 344 2651 472 2680; x_wconf 87' lang='grc' dir='ltr'>δύνανται</span> <span class='ocrx_word' id='word_1_728' title='bbox 483 2655 532 2690; x_wconf 82' lang='grc' dir='ltr'>τὴν</span> <span class='ocrx_word' id='word_1_729' title='bbox 559 2657 627 2684; x_wconf 89' lang='grc' dir='ltr'>ιδίαν</span> <span class='ocrx_word' id='word_1_730' title='bbox 640 2659 774 2696; x_wconf 86' lang='grc' dir='ltr'>διοίκησιν</span> <span class='ocrx_word' id='word_1_731' title='bbox 797 2648 895 2698; x_wconf 68' lang='grc' dir='ltr'>ποιεῖν,</span> 
     </span>
    </p>
   </div>
   <div class='ocr_carea' id='block_1_100' title="bbox 116 2694 897 2745">
    <p class='ocr_par' dir='ltr' id='par_1_100' title="bbox 116 2694 897 2745">
     <span class='ocr_line' id='line_1_103' title="bbox 116 2694 897 2745; baseline 0.024 -26"><span class='ocrx_word' id='word_1_732' title='bbox 116 2694 163 2720; x_wconf 78' lang='grc' dir='ltr'>καὶ</span> <span class='ocrx_word' id='word_1_733' title='bbox 185 2694 293 2731; x_wconf 87' lang='grc' dir='ltr'>θελήσει</span> <span class='ocrx_word' id='word_1_734' title='bbox 318 2705 361 2730; x_wconf 80' lang='grc' dir='ltr'>τις</span> <span class='ocrx_word' id='word_1_735' title='bbox 380 2699 413 2725; x_wconf 78' lang='grc' dir='ltr'>ὲκ</span> <span class='ocrx_word' id='word_1_736' title='bbox 436 2700 491 2727; x_wconf 87' lang='grc' dir='ltr'><strong>τῶν</strong></span> <span class='ocrx_word' id='word_1_737' title='bbox 519 2702 621 2736; x_wconf 84' lang='grc' dir='ltr'>γονέων</span> <span class='ocrx_word' id='word_1_738' title='bbox 635 2694 850 2745; x_wconf 80' lang='grc' dir='ltr'>ἀπαναχωρῆσαι</span> <span class='ocrx_word' id='word_1_739' title='bbox 867 2694 897 2744; x_wconf 62' lang='grc' dir='ltr'>ὲέ</span> 
     </span>
    </p>
   </div>
   <div class='ocr_carea' id='block_1_101' title="bbox 114 2740 896 2791">
    <p class='ocr_par' dir='ltr' id='par_1_101' title="bbox 114 2740 896 2791">
     <span class='ocr_line' id='line_1_104' title="bbox 114 2740 896 2791; baseline 0.024 -25"><span class='ocrx_word' id='word_1_740' title='bbox 114 2740 215 2773; x_wconf 81' lang='grc' dir='ltr'>αὐτῶν,</span> <span class='ocrx_word' id='word_1_741' title='bbox 235 2742 279 2769; x_wconf 78' lang='grc' dir='ltr'><strong>ἐπ’</strong></span> <span class='ocrx_word' id='word_1_742' title='bbox 295 2743 387 2777; x_wconf 80' lang='grc' dir='ltr'>ἁδείας</span> <span class='ocrx_word' id='word_1_743' title='bbox 401 2745 475 2781; x_wconf 72' lang='grc' dir='ltr'>ἔχειν</span> <span class='ocrx_word' id='word_1_744' title='bbox 485 2747 515 2774; x_wconf 83' lang='grc' dir='ltr'>τὸ</span> <span class='ocrx_word' id='word_1_745' title='bbox 526 2749 646 2777; x_wconf 80' lang='grc' dir='ltr'>τοιοῦτον</span> <span class='ocrx_word' id='word_1_746' title='bbox 665 2754 811 2788; x_wconf 79' lang='grc' dir='ltr'>πρόσωπον</span> <span class='ocrx_word' id='word_1_747' title='bbox 827 2757 896 2791; x_wconf 81' lang='grc' dir='ltr'>μετὰ</span> 
     </span>
    </p>
   </div>
   <div class='ocr_carea' id='block_1_102' title="bbox 112 2785 896 2834">
    <p class='ocr_par' dir='ltr' id='par_1_102' title="bbox 112 2785 896 2834">
     <span class='ocr_line' id='line_1_105' title="bbox 112 2785 896 2834; baseline 0.023 -23"><span class='ocrx_word' id='word_1_748' title='bbox 112 2785 161 2821; x_wconf 78' lang='grc' dir='ltr'>τὴν</span> <span class='ocrx_word' id='word_1_749' title='bbox 187 2786 242 2814; x_wconf 83' lang='grc' dir='ltr'>τῶν</span> <span class='ocrx_word' id='word_1_750' title='bbox 266 2788 339 2816; x_wconf 79' lang='grc' dir='ltr'>ἰδίων</span> <span class='ocrx_word' id='word_1_751' title='bbox 361 2792 533 2826; x_wconf 83' lang='grc' dir='ltr'>πραγμάτων</span> <span class='ocrx_word' id='word_1_752' title='bbox 560 2785 736 2833; x_wconf 76' lang='grc' dir='ltr'>ὲγκράτησιν,</span> <span class='ocrx_word' id='word_1_753' title='bbox 764 2800 811 2827; x_wconf 78' lang='grc' dir='ltr'>καὶ</span> <span class='ocrx_word' id='word_1_754' title='bbox 827 2785 896 2834; x_wconf 81' lang='grc' dir='ltr'><strong>¹ἐνὸς</strong></span> 
     </span>
    </p>
   </div>
   <div class='ocr_carea' id='block_1_103' title="bbox 114 2833 895 2881">
    <p class='ocr_par' dir='ltr' id='par_1_103' title="bbox 114 2833 895 2881">
     <span class='ocr_line' id='line_1_106' title="bbox 114 2833 895 2881; baseline 0.022 -23"><span class='ocrx_word' id='word_1_755' title='bbox 114 2833 205 2866; x_wconf 74' lang='grc' dir='ltr'>παιδὸς</span> <span class='ocrx_word' id='word_1_756' title='bbox 227 2835 324 2870; x_wconf 73' lang='grc' dir='ltr'>μοῖραν</span> <span class='ocrx_word' id='word_1_757' title='bbox 337 2835 487 2873; x_wconf 77' lang='grc' dir='ltr'>λαμϐάνειν</span> <span class='ocrx_word' id='word_1_758' title='bbox 518 2840 607 2874; x_wconf 76' lang='grc' dir='ltr'>αὑτὸν,</span> <span class='ocrx_word' id='word_1_759' title='bbox 623 2843 690 2878; x_wconf 75' lang='grc' dir='ltr'>πρὸς</span> <span class='ocrx_word' id='word_1_760' title='bbox 713 2844 759 2872; x_wconf 72' lang='grc' dir='ltr'><strong>τὸν</strong></span> <span class='ocrx_word' id='word_1_761' title='bbox 779 2833 895 2881; x_wconf 77' lang='grc' dir='ltr'>ἀριθμὸν</span> 
     </span>
    </p>
   </div>
   <div class='ocr_carea' id='block_1_104' title="bbox 114 2874 292 2904">
    <p class='ocr_par' dir='ltr' id='par_1_104' title="bbox 114 2874 292 2904">
     <span class='ocr_line' id='line_1_107' title="bbox 114 2874 292 2904; baseline 0.017 -3"><span class='ocrx_word' id='word_1_762' title='bbox 114 2874 167 2902; x_wconf 81' lang='grc' dir='ltr'>τῶν</span> <span class='ocrx_word' id='word_1_763' title='bbox 181 2876 292 2904; x_wconf 79' lang='grc' dir='ltr'>τέκνων.</span> 
     </span>
    </p>
   </div>
   <div class='ocr_carea' id='block_1_105' title="bbox 953 2299 1739 2338">
    <p class='ocr_par' dir='ltr' id='par_1_105' title="bbox 953 2299 1739 2338">
     <span class='ocr_line' id='line_1_108' title="bbox 953 2299 1739 2338; baseline 0.014 -11"><span class='ocrx_word' id='word_1_764' title='bbox 953 2299 1011 2328; x_wconf 85' lang='lat' dir='ltr'><strong>sive</strong></span> <span class='ocrx_word' id='word_1_765' title='bbox 1022 2308 1100 2333; x_wconf 84' lang='lat' dir='ltr'><strong>uxor,</strong></span> <span class='ocrx_word' id='word_1_766' title='bbox 1114 2302 1216 2337; x_wconf 86' lang='lat' dir='ltr'><strong>absque</strong></span> <span class='ocrx_word' id='word_1_767' title='bbox 1228 2304 1348 2332; x_wconf 85' lang='lat' dir='ltr'><strong>secundo</strong></span> <span class='ocrx_word' id='word_1_768' title='bbox 1364 2306 1537 2335; x_wconf 88' lang='lat' dir='ltr'><strong>matrimonio</strong></span> <span class='ocrx_word' id='word_1_769' title='bbox 1550 2308 1607 2336; x_wconf 87' lang='lat' dir='ltr'><strong>suis</strong></span> <span class='ocrx_word' id='word_1_770' title='bbox 1620 2317 1634 2335; x_wconf 89' lang='lat' dir='ltr'><strong>a</strong></span> <span class='ocrx_word' id='word_1_771' title='bbox 1646 2309 1739 2338; x_wconf 90' lang='lat' dir='ltr'><strong>liberis</strong></span> 
     </span>
    </p>
   </div>
   <div class='ocr_carea' id='block_1_106' title="bbox 952 2347 1737 2383">
    <p class='ocr_par' dir='ltr' id='par_1_106' title="bbox 952 2347 1737 2383">
     <span class='ocr_line' id='line_1_109' title="bbox 952 2347 1737 2383; baseline 0.013 -10"><span class='ocrx_word' id='word_1_772' title='bbox 952 2347 1080 2375; x_wconf 84' lang='lat' dir='ltr'><strong>secedere</strong></span> <span class='ocrx_word' id='word_1_773' title='bbox 1105 2348 1230 2380; x_wconf 86' lang='lat' dir='ltr'><strong>voluerit,</strong></span> <span class='ocrx_word' id='word_1_774' title='bbox 1254 2351 1287 2378; x_wconf 90' lang='lat' dir='ltr'><strong>iis</strong></span> <span class='ocrx_word' id='word_1_775' title='bbox 1310 2352 1425 2379; x_wconf 86' lang='lat' dir='ltr'><strong>necdum</strong></span> <span class='ocrx_word' id='word_1_776' title='bbox 1448 2353 1570 2382; x_wconf 86' lang='lat' dir='ltr'><strong>adultis:</strong></span> <span class='ocrx_word' id='word_1_777' title='bbox 1587 2355 1687 2382; x_wconf 89' lang='lat' dir='ltr'><strong>nullam</strong></span> <span class='ocrx_word' id='word_1_778' title='bbox 1711 2356 1737 2383; x_wconf 93' lang='lat' dir='ltr'><strong>id</strong></span> 
     </span>
    </p>
   </div>
   <div class='ocr_carea' id='block_1_107' title="bbox 952 2393 1737 2431">
    <p class='ocr_par' dir='ltr' id='par_1_107' title="bbox 952 2393 1737 2431">
     <span class='ocr_line' id='line_1_110' title="bbox 952 2393 1737 2431; baseline 0.014 -13"><span class='ocrx_word' id='word_1_779' title='bbox 952 2393 1047 2427; x_wconf 81' lang='lat' dir='ltr'><strong>agendi</strong></span> <span class='ocrx_word' id='word_1_780' title='bbox 1063 2393 1200 2422; x_wconf 78' lang='lat' dir='ltr'><strong>licentiam</strong></span> <span class='ocrx_word' id='word_1_781' title='bbox 1218 2396 1328 2431; x_wconf 84' lang='lat' dir='ltr'><strong>habeat,</strong></span> <span class='ocrx_word' id='word_1_782' title='bbox 1350 2398 1397 2426; x_wconf 82' lang='lat' dir='ltr'><strong>sed</strong></span> <span class='ocrx_word' id='word_1_783' title='bbox 1420 2405 1515 2428; x_wconf 85' lang='lat' dir='ltr'><strong>eorum</strong></span> <span class='ocrx_word' id='word_1_784' title='bbox 1532 2407 1625 2429; x_wconf 87' lang='lat' dir='ltr'><strong>curam</strong></span> <span class='ocrx_word' id='word_1_785' title='bbox 1639 2405 1666 2428; x_wconf 92' lang='lat' dir='ltr'><strong>et</strong></span> <span class='ocrx_word' id='word_1_786' title='bbox 1689 2402 1737 2429; x_wconf 90' lang='lat' dir='ltr'><strong>ad-</strong></span> 
     </span>
    </p>
   </div>
   <div class='ocr_carea' id='block_1_108' title="bbox 952 2437 1736 2482">
    <p class='ocr_par' dir='ltr' id='par_1_108' title="bbox 952 2437 1736 2482">
     <span class='ocr_line' id='line_1_111' title="bbox 952 2437 1736 2482; baseline 0.014 -18"><span class='ocrx_word' id='word_1_787' title='bbox 952 2437 1178 2468; x_wconf 84' lang='lat' dir='ltr'><strong>ministrationem</strong></span> <span class='ocrx_word' id='word_1_788' title='bbox 1193 2442 1334 2477; x_wconf 85' lang='lat' dir='ltr'><strong>suscipiat,</strong></span> <span class='ocrx_word' id='word_1_789' title='bbox 1349 2445 1577 2478; x_wconf 80' lang='lat' dir='ltr'><strong>quemadmodum</strong></span> <span class='ocrx_word' id='word_1_790' title='bbox 1588 2447 1736 2482; x_wconf 85' lang='lat' dir='ltr'><strong>Apostolus</strong></span> 
     </span>
    </p>
   </div>
   <div class='ocr_carea' id='block_1_109' title="bbox 951 2482 1733 2526">
    <p class='ocr_par' dir='ltr' id='par_1_109' title="bbox 951 2482 1733 2526">
     <span class='ocr_line' id='line_1_112' title="bbox 951 2482 1733 2526; baseline 0.013 -16"><span class='ocrx_word' id='word_1_791' title='bbox 951 2482 997 2510; x_wconf 88' lang='lat' dir='ltr'><strong>ille</strong></span> <span class='ocrx_word' id='word_1_792' title='bbox 1009 2483 1078 2512; x_wconf 88' lang='lat' dir='ltr'><strong>dixit</strong></span> <span class='ocrx_word' id='word_1_793' title='bbox 1094 2493 1106 2512; x_wconf 68' lang='grc' dir='ltr'><strong>ι</strong></span> <span class='ocrx_word' id='word_1_794' title='bbox 1119 2495 1129 2511; x_wconf 74' lang='grc' dir='ltr'><strong>ι</strong></span> <span class='ocrx_word' id='word_1_795' title='bbox 1144 2486 1244 2520; x_wconf 79' lang='lat' dir='ltr'><strong>Vidua,</strong></span> <span class='ocrx_word' id='word_1_796' title='bbox 1262 2496 1322 2524; x_wconf 72' lang='lat' dir='ltr'><strong>qua:</strong></span> <span class='ocrx_word' id='word_1_797' title='bbox 1334 2489 1435 2518; x_wconf 87' lang='lat' dir='ltr'><strong>liberos</strong></span> <span class='ocrx_word' id='word_1_798' title='bbox 1456 2495 1502 2518; x_wconf 80' lang='lat' dir='ltr'><strong>aut</strong></span> <span class='ocrx_word' id='word_1_799' title='bbox 1516 2497 1629 2526; x_wconf 81' lang='lat' dir='ltr'><strong>nepotes</strong></span> <span class='ocrx_word' id='word_1_800' title='bbox 1643 2493 1733 2526; x_wconf 81' lang='lat' dir='ltr'><strong>habet,</strong></span> 
     </span>
    </p>
   </div>
   <div class='ocr_carea' id='block_1_110' title="bbox 950 2528 1734 2571">
    <p class='ocr_par' dir='ltr' id='par_1_110' title="bbox 950 2528 1734 2571">
     <span class='ocr_line' id='line_1_113' title="bbox 950 2528 1734 2571; baseline 0.014 -16"><span class='ocrx_word' id='word_1_801' title='bbox 950 2528 1068 2562; x_wconf 88' lang='lat' dir='ltr'><strong>primum</strong></span> <span class='ocrx_word' id='word_1_802' title='bbox 1082 2531 1169 2559; x_wconf 88' lang='lat' dir='ltr'><strong>discat</strong></span> <span class='ocrx_word' id='word_1_803' title='bbox 1182 2532 1209 2559; x_wconf 94' lang='lat' dir='ltr'><strong>in</strong></span> <span class='ocrx_word' id='word_1_804' title='bbox 1230 2534 1366 2568; x_wconf 85' lang='lat' dir='ltr'><strong>propriam</strong></span> <span class='ocrx_word' id='word_1_805' title='bbox 1380 2535 1489 2563; x_wconf 87' lang='lat' dir='ltr'><strong>domum</strong></span> <span class='ocrx_word' id='word_1_806' title='bbox 1505 2537 1633 2571; x_wconf 85' lang='lat' dir='ltr'><strong>pietatem</strong></span> <span class='ocrx_word' id='word_1_807' title='bbox 1652 2545 1734 2566; x_wconf 88' lang='lat' dir='ltr'><strong>exer-</strong></span> 
     </span>
    </p>
   </div>
   <div class='ocr_carea' id='block_1_111' title="bbox 950 2574 1574 2612">
    <p class='ocr_par' dir='ltr' id='par_1_111' title="bbox 950 2574 1574 2612">
     <span class='ocr_line' id='line_1_114' title="bbox 950 2574 1574 2612; baseline 0.013 -12"><span class='ocrx_word' id='word_1_808' title='bbox 950 2580 1021 2601; x_wconf 87' lang='lat' dir='ltr'><strong>cere.</strong></span> <span class='ocrx_word' id='word_1_809' title='bbox 1037 2574 1104 2602; x_wconf 82' lang='lat' dir='ltr'><strong>Nam</strong></span> <span class='ocrx_word' id='word_1_810' title='bbox 1121 2577 1148 2604; x_wconf 89' lang='lat' dir='ltr'><strong>id</strong></span> <span class='ocrx_word' id='word_1_811' title='bbox 1165 2583 1304 2612; x_wconf 88' lang='lat' dir='ltr'><strong>acceptum</strong></span> <span class='ocrx_word' id='word_1_812' title='bbox 1320 2584 1363 2607; x_wconf 89' lang='lat' dir='ltr'><strong>est</strong></span> <span class='ocrx_word' id='word_1_813' title='bbox 1378 2587 1469 2608; x_wconf 82' lang='lat' dir='ltr'><strong>coram</strong></span> <span class='ocrx_word' id='word_1_814' title='bbox 1487 2581 1552 2609; x_wconf 89' lang='lat' dir='ltr'><strong>Deo.</strong></span> <span class='ocrx_word' id='word_1_815' title='bbox 1564 2591 1574 2608; x_wconf 79' lang='grc' dir='ltr'><strong>ι</strong></span> 
     </span>
    </p>
   </div>
   <div class='ocr_carea' id='block_1_112' title="bbox 985 2619 1731 2661">
    <p class='ocr_par' dir='ltr' id='par_1_112' title="bbox 985 2619 1731 2661">
     <span class='ocr_line' id='line_1_115' title="bbox 985 2619 1731 2661; baseline 0.012 -14"><span class='ocrx_word' id='word_1_816' title='bbox 985 2619 1030 2648; x_wconf 73' lang='grc'><strong>12.</strong></span> <span class='ocrx_word' id='word_1_817' title='bbox 1040 2620 1070 2648; x_wconf 90' lang='lat' dir='ltr'><strong>Si</strong></span> <span class='ocrx_word' id='word_1_818' title='bbox 1082 2629 1145 2651; x_wconf 85' lang='lat' dir='ltr'><strong>vero</strong></span> <span class='ocrx_word' id='word_1_819' title='bbox 1158 2623 1237 2652; x_wconf 83' lang='lat' dir='ltr'><strong>liberi</strong></span> <span class='ocrx_word' id='word_1_820' title='bbox 1251 2624 1358 2659; x_wconf 88' lang='lat' dir='ltr'><strong>plenam</strong></span> <span class='ocrx_word' id='word_1_821' title='bbox 1372 2630 1400 2653; x_wconf 91' lang='lat' dir='ltr'><strong>et</strong></span> <span class='ocrx_word' id='word_1_822' title='bbox 1415 2626 1561 2661; x_wconf 89' lang='lat' dir='ltr'><strong>perfectam</strong></span> <span class='ocrx_word' id='word_1_823' title='bbox 1575 2628 1608 2655; x_wconf 84' lang='lat' dir='ltr'><strong>ad</strong></span> <span class='ocrx_word' id='word_1_824' title='bbox 1625 2632 1731 2656; x_wconf 66' lang='lat' dir='ltr'><strong>aetatem</strong></span> 
     </span>
    </p>
   </div>
   <div class='ocr_carea' id='block_1_113' title="bbox 948 2670 1730 2710">
    <p class='ocr_par' dir='ltr' id='par_1_113' title="bbox 948 2670 1730 2710">
     <span class='ocr_line' id='line_1_116' title="bbox 948 2670 1730 2710; baseline 0.013 -17"><span class='ocrx_word' id='word_1_825' title='bbox 948 2672 1139 2701; x_wconf 80' lang='lat' dir='ltr'><strong>pervenerunt,</strong></span> <span class='ocrx_word' id='word_1_826' title='bbox 1155 2674 1183 2697; x_wconf 91' lang='lat' dir='ltr'><strong>et</strong></span> <span class='ocrx_word' id='word_1_827' title='bbox 1198 2670 1232 2697; x_wconf 90' lang='lat' dir='ltr'><strong>ad</strong></span> <span class='ocrx_word' id='word_1_828' title='bbox 1245 2673 1383 2699; x_wconf 87' lang='lat' dir='ltr'><strong>tractanda</strong></span> <span class='ocrx_word' id='word_1_829' title='bbox 1395 2673 1456 2700; x_wconf 72' lang='lat' dir='ltr'><strong>vitae</strong></span> <span class='ocrx_word' id='word_1_830' title='bbox 1471 2674 1577 2710; x_wconf 72' lang='lat' dir='ltr'><strong>negotia</strong></span> <span class='ocrx_word' id='word_1_831' title='bbox 1592 2682 1622 2702; x_wconf 87' lang='lat' dir='ltr'><strong>se</strong></span> <span class='ocrx_word' id='word_1_832' title='bbox 1634 2680 1730 2703; x_wconf 75' lang='lat' dir='ltr'><strong>contu-</strong></span> 
     </span>
    </p>
   </div>
   <div class='ocr_carea' id='block_1_114' title="bbox 948 2712 1731 2750">
    <p class='ocr_par' dir='ltr' id='par_1_114' title="bbox 948 2712 1731 2750">
     <span class='ocr_line' id='line_1_117' title="bbox 948 2712 1731 2750; baseline 0.014 -11"><span class='ocrx_word' id='word_1_833' title='bbox 948 2712 1050 2746; x_wconf 89' lang='lat' dir='ltr'><strong>lerunt,</strong></span> <span class='ocrx_word' id='word_1_834' title='bbox 1063 2714 1175 2750; x_wconf 88' lang='lat' dir='ltr'><strong>jamque</strong></span> <span class='ocrx_word' id='word_1_835' title='bbox 1199 2723 1254 2744; x_wconf 65' lang='lat' dir='ltr'><strong>sua:</strong></span> <span class='ocrx_word' id='word_1_836' title='bbox 1279 2717 1507 2746; x_wconf 86' lang='lat' dir='ltr'><strong>administrationi</strong></span> <span class='ocrx_word' id='word_1_837' title='bbox 1527 2720 1657 2749; x_wconf 70' lang='lat' dir='ltr'><strong>obeundae</strong></span> <span class='ocrx_word' id='word_1_838' title='bbox 1673 2721 1731 2750; x_wconf 88' lang='lat' dir='ltr'><strong>suf-</strong></span> 
     </span>
    </p>
   </div>
   <div class='ocr_carea' id='block_1_115' title="bbox 949 2758 1731 2796">
    <p class='ocr_par' dir='ltr' id='par_1_115' title="bbox 949 2758 1731 2796">
     <span class='ocr_line' id='line_1_118' title="bbox 949 2758 1731 2796; baseline 0.013 -10"><span class='ocrx_word' id='word_1_839' title='bbox 949 2758 1054 2793; x_wconf 85' lang='lat' dir='ltr'><strong>ficiunt,</strong></span> <span class='ocrx_word' id='word_1_840' title='bbox 1079 2765 1108 2788; x_wconf 86' lang='lat' dir='ltr'><strong>et</strong></span> <span class='ocrx_word' id='word_1_841' title='bbox 1126 2766 1267 2796; x_wconf 87' lang='lat' dir='ltr'><strong>parentum</strong></span> <span class='ocrx_word' id='word_1_842' title='bbox 1284 2764 1416 2792; x_wconf 85' lang='lat' dir='ltr'><strong>alteruter</strong></span> <span class='ocrx_word' id='word_1_843' title='bbox 1430 2766 1463 2794; x_wconf 90' lang='lat' dir='ltr'><strong>ab</strong></span> <span class='ocrx_word' id='word_1_844' title='bbox 1486 2767 1526 2794; x_wconf 88' lang='lat' dir='ltr'><strong>eis</strong></span> <span class='ocrx_word' id='word_1_845' title='bbox 1540 2768 1668 2795; x_wconf 83' lang='lat' dir='ltr'><strong>secedere</strong></span> <span class='ocrx_word' id='word_1_846' title='bbox 1684 2772 1731 2795; x_wconf 85' lang='lat' dir='ltr'><strong>vo-</strong></span> 
     </span>
    </p>
   </div>
   <div class='ocr_carea' id='block_1_116' title="bbox 947 2803 1731 2848">
    <p class='ocr_par' dir='ltr' id='par_1_116' title="bbox 947 2803 1731 2848">
     <span class='ocr_line' id='line_1_119' title="bbox 947 2803 1731 2848; baseline 0.014 -18"><span class='ocrx_word' id='word_1_847' title='bbox 947 2803 1028 2831; x_wconf 88' lang='lat' dir='ltr'><strong>luerit</strong></span> <span class='ocrx_word' id='word_1_848' title='bbox 1041 2813 1048 2831; x_wconf 87' lang='lat'>:</span> <span class='ocrx_word' id='word_1_849' title='bbox 1063 2804 1194 2839; x_wconf 87' lang='lat' dir='ltr'><strong>ejusmodi</strong></span> <span class='ocrx_word' id='word_1_850' title='bbox 1211 2814 1326 2841; x_wconf 89' lang='lat' dir='ltr'><strong>persona</strong></span> <span class='ocrx_word' id='word_1_851' title='bbox 1342 2809 1484 2838; x_wconf 84' lang='lat' dir='ltr'><strong>licentiam</strong></span> <span class='ocrx_word' id='word_1_852' title='bbox 1497 2812 1604 2846; x_wconf 84' lang='lat' dir='ltr'><strong>habeat,</strong></span> <span class='ocrx_word' id='word_1_853' title='bbox 1621 2817 1649 2840; x_wconf 92' lang='lat' dir='ltr'><strong>ut</strong></span> <span class='ocrx_word' id='word_1_854' title='bbox 1663 2820 1731 2848; x_wconf 73' lang='lat' dir='ltr'><strong>pra:-</strong></span> 
     </span>
    </p>
   </div>
   <div class='ocr_carea' id='block_1_117' title="bbox 947 2852 1728 2890">
    <p class='ocr_par' dir='ltr' id='par_1_117' title="bbox 947 2852 1728 2890">
     <span class='ocr_line' id='line_1_120' title="bbox 947 2852 1728 2890; baseline 0.014 -15"><span class='ocrx_word' id='word_1_855' title='bbox 947 2852 989 2875; x_wconf 87' lang='lat' dir='ltr'><strong>ter</strong></span> <span class='ocrx_word' id='word_1_856' title='bbox 1017 2856 1106 2877; x_wconf 88' lang='lat' dir='ltr'><strong>rerum</strong></span> <span class='ocrx_word' id='word_1_857' title='bbox 1135 2859 1246 2879; x_wconf 88' lang='lat' dir='ltr'><strong>suarum</strong></span> <span class='ocrx_word' id='word_1_858' title='bbox 1274 2855 1465 2890; x_wconf 84' lang='lat' dir='ltr'><strong>retentionem,</strong></span> <span class='ocrx_word' id='word_1_859' title='bbox 1491 2857 1573 2884; x_wconf 86' lang='lat' dir='ltr'><strong>etiam</strong></span> <span class='ocrx_word' id='word_1_860' title='bbox 1600 2859 1679 2885; x_wconf 91' lang='lat' dir='ltr'><strong>unius</strong></span> <span class='ocrx_word' id='word_1_861' title='bbox 1695 2866 1728 2885; x_wconf 80' lang='lat' dir='ltr'><strong>ex</strong></span> 
     </span>
    </p>
   </div>
   <div class='ocr_carea' id='block_1_118' title="bbox 946 2893 1727 2936">
    <p class='ocr_par' dir='ltr' id='par_1_118' title="bbox 946 2893 1727 2936">
     <span class='ocr_line' id='line_1_121' title="bbox 946 2893 1727 2936; baseline 0.012 -16"><span class='ocrx_word' id='word_1_862' title='bbox 946 2893 1038 2922; x_wconf 77' lang='lat' dir='ltr'><strong>liberis</strong></span> <span class='ocrx_word' id='word_1_863' title='bbox 1051 2895 1213 2931; x_wconf 84' lang='lat' dir='ltr'><strong>portionem,</strong></span> <span class='ocrx_word' id='word_1_864' title='bbox 1231 2905 1279 2933; x_wconf 89' lang='lat' dir='ltr'><strong>pro</strong></span> <span class='ocrx_word' id='word_1_865' title='bbox 1293 2907 1407 2928; x_wconf 88' lang='lat' dir='ltr'><strong>numero</strong></span> <span class='ocrx_word' id='word_1_866' title='bbox 1427 2901 1584 2935; x_wconf 85' lang='lat' dir='ltr'><strong>liberorum,</strong></span> <span class='ocrx_word' id='word_1_867' title='bbox 1603 2903 1727 2936; x_wconf 69' lang='lat' dir='ltr'><strong>accipiat.</strong></span> 
     </span>
    </p>
   </div>
  </div>
