1938 3070
185 154 240 185 499

700 153 956 184 ΟΟΝΞΤΑΝΤΙΧΕ
975 153 1314 184 PORPHYROGENITI
1354 163 1356 165 '

1754 151 1808 183 500

225 213 268 238 l5.
285 211 312 237 Si
322 217 385 238 vero
399 210 458 244 quis
471 209 506 237 ob
520 214 624 237 arctam
639 217 728 237 renum
745 217 857 236 suarum
873 209 963 236 condi-

1056 213 1101 243 ιγ’.
1118 210 1148 236 El
1165 209 1193 236 δὲ
1204 209 1274 236 κατὰ
1291 208 1419 236 στένωσιν
1436 208 1452 244 ἦ
1469 207 1513 235 διὰ
1527 207 1691 235 ταπείνωσιν
1707 207 1746 243 μὴ
1760 209 1809 235 δυ-

186 257 297 287 tionem,
307 255 347 282 vel
358 255 547 287 humilitatem,
559 261 620 282 cum
632 254 831 282 existimatione
841 255 968 289 quadam,

184 308 211 330 ct
234 302 430 330 interveniente
461 301 614 336 scriptura,
646 302 755 337 nuptias
786 301 896 336 exsequi
922 308 971 329 ne-

183 352 265 382 queut
275 356 282 373 :
294 347 375 374 etiam
391 347 457 374 citra
469 347 631 381 scripturam
644 347 845 375 matrimonium
857 353 968 375 contra-

183 393 257 420 hitur
282 393 342 420 sine
366 392 426 419 dolo
448 393 529 425 malo,
553 393 772 421 contrahentium
791 401 967 429 personarum

182 444 209 464 et
224 443 369 473 parentum
387 446 480 466 earum
497 446 632 467 consensu
652 448 660 465 ι
676 440 734 467 sive
748 440 798 468 hoc
813 440 839 467 in
853 440 968 467 ecclesia

183 491 231 517 per
248 483 473 517 benedictionem,
489 484 547 512 sive
568 492 660 512 coram
674 486 792 520 quinque
813 486 908 513 amicis
921 493 969 514 no-

183 533 240 554 tum
259 527 315 555 ﬁat.
335 527 388 555 Sed
404 533 430 554 et
448 528 559 562 quilibet
582 529 724 557 mulierem
744 529 855 557 liberam
871 530 897 557 in
913 530 969 558 do-

143 573 147 578 '
183 581 256 600 mutn
274 581 350 600 suam
367 573 513 608 deducens,
528 578 556 602 et
572 574 833 603 administrationem
852 575 876 603 ei
891 576 968 604 fami-

183 619 225 646 lia:
247 626 303 646 sua:
326 619 509 653 committens,
534 621 601 648 etin
618 621 740 649 carnales
762 629 822 649 cum
846 629 876 649 ea
893 629 968 650 com-

182 664 277 698 plexus
295 666 415 698 veniens,
428 666 495 694 citra
509 666 671 702 scripturam
685 667 887 696 matrimonium
903 676 966 696 cum

181 718 212 738 ca
229 712 374 739 contrahit.

218 757 262 784 i4.
278 758 354 791 Quod
377 759 399 786 si
417 759 498 786 nullis
519 767 551 787 ex
575 767 607 787 ea
628 759 721 788 liberis
745 761 889 796 susceptis,
904 768 965 789 eam

182 803 319 838 expellere
341 810 454 833 conatus
477 804 558 833 fuerit
579 813 595 833 e
618 806 795 834 contubernio
818 814 884 840 suo,
907 808 967 835 sine

182 857 264 877 causa
284 850 389 884 legibus
405 850 552 885 approbata
567 859 573 878 :
586 856 682 886 praeter
699 852 898 880 restitutionem
917 860 964 880 ea-

181 903 240 922 rum
257 903 344 924 rerum
363 903 430 931 quas
453 896 521 932 ipsa,
544 905 592 925 ceu
619 897 692 926 credi
713 906 764 933 par
783 903 836 933 est,
855 899 889 926 ad
904 907 965 927 eum

179 943 286 978 attulit;
311 951 436 980 quartam
455 953 562 982 quoque
581 947 713 975 bonorum
730 955 841 976 suorum
861 953 964 982 partem

180 990 206 1017 ei
220 989 304 1018 dabit.

217 1036 261 1064 15.
280 1037 356 1070 Quod
376 1037 412 1066 si-
420 1039 482 1074 quis
497 1038 569 1074 inopi
588 1039 695 1067 mulieri
712 1041 884 1069 matrimonio
897 1041 964 1076 legi-

180 1083 246 1109 timo
263 1083 424 1118 coniunctus
438 1084 527 1118 luerit,
542 1089 570 1112 et
583 1086 696 1113 maritus
713 1086 817 1122 absque
833 1087 926 1116 liberis
937 1092 965 1116 et

180 1127 325 1156 intestatus
340 1129 492 1157 decesserit
510 1137 517 1156 :
536 1130 652 1165 accipiet
666 1139 734 1159 uxor
754 1133 788 1159 de
804 1133 894 1161 mariti
914 1133 964 1161 bo-

181 1173 233 1206 nis,
250 1174 359 1202 nomine
378 1182 458 1203 casus
476 1174 620 1202 liberorum
638 1184 691 1204 non
708 1177 882 1211 exstantium,
898 1186 963 1212 par-

181 1223 235 1245 tem
261 1223 396 1254 quartam.
416 1227 465 1254 pro
488 1221 578 1248 mariti
604 1221 789 1253 factdtatibua.
813 1224 846 1251 ad
868 1224 963 1252 decem

180 1272 265 1299 usque
289 1264 381 1292 libras.
399 1265 475 1299 Quod
497 1266 519 1294 si
537 1266 624 1294 mariti
645 1267 788 1295 facultates
807 1275 846 1296 ere
859 1269 915 1297 sint
934 1273 964 1297 ut

178 1315 273 1344 quarta
289 1317 351 1344 pars
364 1311 455 1340 decem
474 1311 558 1339 libras
576 1312 699 1346 excedat,
714 1313 815 1341 nullam
830 1321 861 1343 ea
877 1314 962 1343 licen-

178 1356 242 1383 tiam
267 1356 362 1386 habeat
387 1357 502 1392 amplius
521 1357 644 1393 capiendi
678 1367 758 1394 quam
785 1360 845 1388 illas
869 1361 962 1390 decem

177 1402 272 1434 libras.
287 1409 315 1430 ut
330 1408 393 1432 ante
405 1405 523 1433 diximus
536 1412 543 1429 :
555 1410 582 1433 et
593 1412 652 1439 qua
665 1406 769 1441 reliqua
779 1411 851 1440 sunt,
863 1408 896 1435 ad
909 1416 964 1436 ma-

177 1448 224 1476 riti
243 1449 363 1477 hatredes
378 1450 413 1476 ab
429 1450 576 1485 intestato;
592 1451 644 1484 vel,
664 1452 697 1479 iis
709 1459 763 1480 non
779 1454 961 1487 exstantibus,

177 1495 212 1523 ad
227 1494 322 1522 iiscum
339 1496 505 1529 pervenient.

215 1540 258 1567 i6.
275 1540 406 1568 Secundae
420 1542 521 1577 nuptite
534 1542 732 1571 contrahuntur
745 1551 760 1571 a
773 1545 894 1579 personis
910 1553 963 1574 non

179 1585 337 1619 prohibitis,
361 1587 419 1614 sive
441 1587 467 1614 in
483 1587 602 1621 scriptis,
625 1587 682 1616 sive
697 1589 766 1616 citra
787 1590 962 1625 scripturam,

178 1631 205 1659 in
233 1631 304 1658 lnmc
328 1631 449 1660 modum.
474 1632 614 1667 Siquidem
638 1633 731 1662 liberis
745 1640 867 1669 careant,
893 1637 962 1665 citra

178 1677 400 1711 disceptationem
414 1677 488 1714 iuxta
501 1679 595 1708 modos
610 1680 736 1715 superius
747 1682 885 1717 expositos
898 1690 963 1711 con-

177 1721 298 1750 trahant.

213 1768 259 1796 17.
287 1767 334 1796 Sin
357 1776 473 1804 persona
497 1771 632 1799 secundas
663 1773 771 1808 nuptias
788 1774 963 1808 eontnhens,

178 1813 281 1842 liberos
294 1815 392 1849 habet;
412 1824 465 1844 non
483 1816 562 1844 liceat
576 1818 600 1845 ei
616 1819 742 1846 secundat
756 1826 877 1854 pet-sonte
892 1820 962 1856 plus,

178 1868 259 1894 quant
280 1861 360 1889 ullius
384 1862 526 1897 exiliberis
542 1863 576 1891 de
596 1865 681 1900 priori
698 1865 871 1894 matrimonio
900 1874 963 1895 sus-

178 1907 250 1941 cepti
265 1907 427 1942 portionem,
440 1916 475 1937 ex
497 1909 574 1938 bonis
594 1910 651 1939 suis
667 1918 830 1948 quocunque
841 1912 962 1948 largitio-

176 1953 220 1980 nis
235 1953 326 1987 modo,
340 1953 450 1982 donare.
472 1955 657 1984 Consimiliter
671 1962 699 1985 et
717 1958 743 1985 in
762 1959 885 1993 muliere,
903 1967 963 1995 qute

177 1999 295 2027 secundo
308 2007 337 2027 se
355 2007 466 2036 nuptum
485 2001 608 2035 collocat,
629 2003 700 2032 idem
715 2004 767 2032 hoc
780 2005 960 2033 observetur:

177 2044 304 2072 nimirum
325 2053 357 2073 ea
378 2047 520 2075 duodecim
544 2049 678 2078 mensium
699 2054 824 2086 tempus,
845 2058 861 2078 a
876 2056 964 2080 morte

175 2090 278 2125 prioris
296 2092 398 2126 mariti,
411 2097 548 2122 servante.

213 2183 256 2211 l8.
273 2182 351 2216 Quod
367 2183 389 2210 si
413 2184 463 2212 hoc
477 2189 599 2220 tempOre
612 2187 725 2214 necdum
741 2186 817 2215 ﬁnito
828 2188 962 2217 secundas

177 2231 209 2257 a-l
228 2231 336 2264 nuptias
358 2231 506 2264 transierit,
529 2232 638 2261 infamis
659 2235 711 2261 erit
725 2243 733 2261 :
749 2241 799 2263 nec
822 2243 837 2262 a
863 2237 961 2264 marito

175 2276 261 2311 priori
282 2276 429 2311 quidquam
449 2275 503 2304 ullo
521 2277 601 2304 modo
626 2277 784 2305 lucrabitur.
804 2279 840 2306 At
855 2286 921 2307 vero
936 2280 960 2308 si

128 2314 132 2317 ’
173 2322 365 2357 restitutum,
377 2328 428 2349 cett
443 2321 573 2354 diximus,
584 2323 712 2357 temporis
723 2323 840 2358 spatium
851 2329 960 2352 servet:

175 2367 266 2394 dotem
290 2374 368 2394 suam
387 2366 512 2401 accipiet,
530 2374 581 2394 una
595 2374 656 2394 cum
672 2367 779 2396 donatis
793 2368 817 2396 ei
832 2369 902 2397 forte
916 2377 962 2397 re-

173 2412 226 2439 bus
250 2412 321 2441 dotis
345 2413 475 2447 augendae
498 2412 596 2447 gratia.
615 2411 714 2440 Eodem
743 2414 823 2441 modo
845 2415 963 2444 maritus

175 2465 283 2494 quoque
300 2458 433 2486 secundas
448 2457 484 2485 ad
507 2458 617 2492 nuptias
633 2465 695 2486 sese
714 2459 866 2494 conferens,
892 2460 961 2489 nihil

175 2503 210 2532 ab
225 2511 309 2531 uxore
324 2504 409 2539 priori
430 2510 620 2540 consequetur.
646 2505 724 2538 Quod
739 2505 761 2533 si
779 2511 887 2534 exstent
907 2507 960 2534 im-

175 2551 291 2584 puberes
304 2549 393 2581 liberi.
417 2550 552 2585 tantisper
564 2558 658 2580 eorum
681 2559 726 2581 res
741 2552 798 2587 ipse
814 2553 960 2586 custodiet,

176 2595 261 2624 donec
273 2596 359 2624 adniti
372 2595 439 2624 facti
451 2596 565 2626 fuerim.

212 2731 255 2759 59.
271 2731 319 2760 Sin
331 2733 386 2769 jam
404 2733 590 2768 adoleverunt,
603 2735 637 2764 ab
653 2742 685 2764 eo
701 2735 759 2770 ipso
773 2741 894 2772 tempore
906 2742 958 2765 sta-

176 2776 223 2804 tim
242 2779 282 2806 cis
302 2779 328 2806 in
344 2779 460 2807 solidum
474 2780 543 2809 bona
559 2786 683 2809 materna
698 2782 849 2810 tradantur.

211 2867 257 2898 20.
274 2868 349 2901 Quod
372 2868 393 2895 si
409 2868 529 2896 subolem
546 2875 578 2896 cx
599 2868 682 2896 altera
709 2870 814 2905 Culljllgl
835 2877 960 2900 suscepe-

1023 255 1091 290 νηθῇ
1101 263 1144 286 τις
1152 255 1349 290 εὐπρολήπτως
1362 255 1408 281 καὶ
1421 254 1567 289 ἐγγράφως
1578 255 1690 289 ποιῆσαι
1705 255 1806 289 γάμον,

1022 301 1069 328 καὶ
1079 301 1211 335 ἀγράφως
1220 300 1269 336 [αι.
1281 301 1416 336 ἄγραφος]
1426 300 1583 327 συνίσταται
1595 301 1684 335 γάμος
1693 301 1808 334 ἀδόλως,

1023 346 1174 373 συναινέσει
1187 346 1240 374 τῶν
1254 347 1491 374 συναλλασσόντων
1507 345 1671 382 προσώπων,
1694 346 1808 373 καὶτῶν

1020 391 1124 419 τούτων
1137 391 1251 426 γονέων,
1266 392 1322 419 εἴτε
1340 394 1368 419 ὲν
1385 392 1520 428 ἐκκλησίᾳ
1531 392 1609 420 τοῦτο
1623 392 1657 419 δι’
1668 392 1805 427 εὐλογίας,

1020 439 1037 474 ἢ
1056 439 1102 465 καὶ
1125 439 1172 465 ἐπὶ
1191 438 1276 473 φίλων
1293 439 1373 466 πέντε
1390 439 1554 474 γνωρισθείη
1571 437 1619 474 [ιιι.
1640 437 1804 474 γνωρισθῇι.

1026 483 1108 510 Ἀλλὰ
1125 484 1171 510 καὶ
1184 484 1341 519 οίοσδήποτε
1360 484 1575 519 είσοικιζόμενος
1593 485 1710 518 γυναῖκα
1729 484 1806 510 ἐλευ-

1020 528 1113 565 θέραν,
1129 529 1176 556 καὶ
1191 529 1400 556 καταπιστεύων
1414 530 1483 565 αὐτῇ
1510 529 1561 566 τὴν
1575 530 1623 556 τοῦ
1651 529 1716 556 ίδὶου
1740 530 1807 556 διοί-

1019 583 1111 610 κησιν,
1127 572 1174 601 καὶ
1186 574 1275 610 ταύτῃ
1283 574 1422 609 σαρκικῶς
1437 574 1663 611 συμπλεκόμενος
1673 575 1723 611 [αι.
1741 583 1806 609 συγ-

1019 620 1235 656 κοιταζόμενοςῖ,
1253 621 1379 657 ἄγραφον
1411 621 1591 649 συναλλάσσει
1620 622 1690 657 πρὸς
1717 621 1805 657 αὐτὴν

1017 668 1116 703 γάμον.

1056 757 1097 785 ιδ’.
1114 757 1176 785 Ἐὰν
1190 758 1219 785 δὲ
1243 758 1273 790 ἐξ
1285 758 1370 793 αὐτῆς
1385 758 1424 794 μὴ
1443 758 1641 792 παιδοποιήσας
1658 756 1803 791 πειραθείη

1017 803 1145 837 ἐκδιῶξαι
1164 804 1249 839 αὐτὴν
1261 805 1294 831 ἑκ
1309 804 1360 839 τῆς
1375 805 1444 840 πρὸς
1459 804 1539 831 αὑτὸν
1555 804 1735 839 συνοικήσεως
1752 801 1802 838 [aL

1019 849 1213 886 συνοικεσίας],
1226 851 1316 881 αιτίας
1326 851 1401 886 νόμῳ
1413 850 1588 885 ἐγνωσμένης
1599 849 1687 880 ἐκτὸς,
1704 848 1805 874 διδόναι

1023 895 1091 931 αὐτῇ
1118 895 1187 931 πρὸς
1213 896 1246 930 τῇ
1276 897 1498 934 ἀποκαταστάσει
1514 895 1578 927 τῶν,
1594 895 1632 926 ὡς
1650 893 1733 925 είκδς,
1749 893 1806 919 sia-

1019 940 1185 976 ενεχθέντων
1209 941 1274 976 παρ’
1290 942 1375 977 αὐτῆς
1389 942 1571 978 πραγμάτων,
1598 940 1645 967 καὶ
1671 939 1803 975 τέταρτον

1021 986 1105 1023 μέρος
1119 988 1168 1022 τῆς
1182 987 1265 1014 αὐτοῦ
1280 988 1450 1023 περιουσίας.

1055 1039 1096 1061 ιε’.
1122 1034 1197 1060 Είδὲ
1211 1035 1307 1070 ἀπόρῳ
1333 1034 1444 1068 γυναικὶ
1471 1033 1539 1070 πρὸς
1568 1032 1684 1068 νόμιμον
1714 1031 1806 1066 γάμον

1020 1079 1143 1115 συναφθῇ
1166 1087 1220 1113 τις,
1236 1079 1285 1107 καὶ
1301 1080 1458 1115 τελευτήσει
1485 1081 1500 1107 δ
1530 1079 1601 1114 ἀνὴρ
1626 1079 1730 1105 παίδων
1755 1078 1803 1104 καὶ

1019 1125 1151 1162 διαθήκης
1177 1127 1273 1163 χωρὶς,
1289 1126 1450 1161 κομίζεσθαι
1475 1126 1525 1161 τὴν
1552 1126 1670 1160 γυναῖκα
1698 1125 1730 1150 ἐκ
1753 1124 1804 1158 τῆς

1018 1171 1142 1207 ἀνδρῷας
1153 1171 1328 1204 ὑποστάσεως
1341 1171 1410 1206 ὑπὲρ
1420 1171 1451 1204 ἐξ
1464 1170 1591 1202 ἀπαιδίας
1603 1170 1705 1197 κάσσου
1720 1170 1803 1204 μέρος

1017 1217 1159 1252 τέταρτον,
1182 1218 1254 1245 κατά
1265 1217 1315 1253 τὴν
1331 1217 1462 1253 εὐπορίαν
1475 1216 1523 1244 τοῦ
1544 1215 1651 1251 ἀνδρὸς,
1680 1215 1732 1246 ἕως
1748 1213 1802 1240 τῶν

1017 1262 1084 1290 δέκα
1098 1263 1208 1298 λιτρῶν.
1221 1263 1253 1290 Εἰ
1267 1264 1295 1290 δὲ
1309 1264 1402 1290 ἐπάνω
1416 1263 1471 1290 τῶν
1500 1262 1567 1290 δέκα
1581 1261 1680 1297 λιτρῶν
1691 1259 1805 1294 εὐπορεί

1017 1311 1032 1336 ὸ
1043 1310 1123 1346 ἀνὴρ,
1137 1311 1174 1346 μὴ
1189 1310 1261 1345 ἔχειν
1275 1309 1360 1345 αὐτὴν
1372 1309 1477 1341 ἄδειαν,
1488 1308 1582 1344 ἕτερόν
1592 1315 1619 1334 τι
1629 1304 1803 1342 κομίζεσθαι,

1017 1356 1089 1392 πλὴν
1103 1356 1157 1383 τῶν
1180 1356 1248 1384 δέκα
1271 1356 1382 1391 λιτρῶν,
1401 1355 1439 1387 ὡς
1453 1355 1673 1392 προειρήκαμεν,
1701 1352 1749 1378 καὶ
1767 1349 1803 1376 τὰ

1018 1402 1152 1431 ὑπόλοιπα
1179 1402 1374 1438 περιέρχεσθαι
1389 1403 1429 1434 είς
1445 1402 1509 1433 τοὺς
1520 1400 1551 1433 ἐξ
1563 1399 1703 1427 ἀδιαθέτου
1719 1395 1802 1424 αὺτοῦ

1023 1448 1220 1483 κληρονόμους,
1246 1447 1263 1482 ἢ
1294 1447 1332 1483 μὴ
1348 1447 1471 1474 ὑπόντων
1502 1445 1686 1482 κληρονόμων,
1712 1444 1751 1475 είς
1773 1443 1805 1470 τὸ

1018 1493 1101 1529 μέρος
1114 1493 1161 1520 τοῦ
1176 1492 1317 1528 δημοσίου.

1054 1538 1104 1571 ις’.
1116 1539 1322 1575 Δευτερογαμία
1333 1539 1489 1566 συνίσταται
1499 1539 1546 1566 ἐπὶ
1558 1539 1616 1572 τοῖς
1630 1539 1668 1575 μὴ
1681 1537 1804 1566 κεκωλυ-

1017 1584 1110 1620 μένοις
1137 1585 1307 1621 προσώποις,
1328 1585 1384 1611 εἴτε
1414 1584 1571 1620 ἐγγράφως,
1585 1584 1640 1611 eiu
1656 1583 1799 1619 ἀγράφως,

1015 1631 1113 1664 οὕτως.
1129 1632 1163 1660 Εἰ
1179 1632 1229 1668 μὲν
1240 1632 1344 1659 παίδων
1360 1631 1458 1667 χωρὶς,
1470 1632 1643 1668 ἀπεριέργως
1652 1630 1803 1658 συναλλάσ-

1017 1686 1074 1705 σειν
1088 1678 1160 1706 κατὰ
1171 1679 1234 1710 τοὺς
1246 1677 1373 1714 ἀνωτέρω
1382 1677 1562 1713 δηλουμένους
1577 1677 1627 1714 [αι.
1643 1675 1803 1711 διειλημμέ-

1015 1724 1088 1760 νους]
1107 1724 1236 1760 τρόπους.

1053 1770 1095 1801 ιζ’.
1106 1769 1137 1796 Et
1145 1769 1173 1795 δὲ
1184 1769 1278 1802 παῖδες
1288 1769 1343 1796 εἰσὶ
1350 1769 1389 1806 τῷ
1395 1767 1642 1806 δευτερογαμοΰντι
1649 1767 1802 1804 προσώπῳ,

1018 1814 1056 1850 μὴ
1069 1813 1142 1850 ἔχειν
1151 1815 1231 1842 αὐτὸν
1241 1815 1333 1843 ἄδειαν
1347 1815 1504 1851 χαρίζεσθαι
1515 1817 1549 1852 τῇ
1564 1815 1678 1850 δευτέρᾳ
1692 1815 1801 1848 γυναικὶ

1016 1860 1102 1887 πλείω
1114 1861 1172 1893 ἐνδς
1185 1861 1281 1893 παιδὸς
1296 1863 1394 1897 μοῖραν
1406 1861 1540 1898 [μοίρας],
1552 1861 1598 1889 τοῦ
1611 1863 1643 1889 ὲκ
1658 1860 1800 1896 προτέρων

1015 1907 1099 1935 αὑτοῦ
1109 1908 1218 1943 γάμων,
1242 1909 1275 1935 ὲκ
1293 1908 1344 1943 τῆς
1366 1908 1436 1940 ιδίας
1454 1908 1622 1943 περιουσίας,
1647 1907 1710 1934 καθ’
1727 1908 1802 1934 οἱαν-

1013 1954 1113 1990 δήποτε
1132 1954 1300 1990 φιλοτιμίαν.
1321 1954 1437 1989 Ὁμοίως
1451 1955 1480 1982 δὶ
1498 1955 1530 1982 τὸ
1541 1955 1607 1981 αὗτὸ
1622 1954 1801 1989 παραφυλατ-

1015 1999 1103 2026 τέσθω
1124 1999 1412 2036 [παραφυλάττεσθαι]
1443 2000 1489 2027 καὶ
1504 2000 1551 2027 ἐπὶ
1564 2000 1615 2034 τῆς
1637 1999 1800 2034 διυτερογα-

1017 2045 1122 2080 μούσης
1136 2045 1277 2080 γυναικὸς,
1300 2045 1442 2081 προδήλως
1471 2045 1575 2080 ταύτης
1607 2045 1654 2072 τὸν
1678 2043 1733 2071 ἀπὸ
1751 2043 1801 2070 τοῦ

1015 2091 1112 2127 καιροῦ
1124 2091 1173 2126 τῆς
1186 2091 1315 2127 τελευτῆς
1324 2091 1371 2118 τοῦ
1385 2091 1495 2128 πρώτου
1508 2091 1605 2125 ἀνδρὸς
1621 2090 1801 2126 παραφυλατ-

1015 2139 1117 2174 τούσης
1128 2138 1360 2174 δωδεκαμηνιαῖον
1373 2138 1480 2174 χρόνον.

1053 2187 1099 2220 ιη’.
1118 2185 1150 2211 Et
1172 2185 1200 2211 δὲ
1218 2185 1256 2219 μὴ
1279 2184 1486 2219 περατωθέντος
1503 2184 1551 2212 τοῦ
1578 2183 1676 2219 καιροῦ
1701 2183 1799 2211 τούτου

976 2217 1003 2248 Ῑ)
1015 2217 1306 2266 δευτίερογαμήσσιῖαί.
1318 2217 1486 2266 ’διγαμήσῃι
1500 2229 1596 2265 ἄτιμος
1615 2217 1700 2261 ἔσται,
1716 2229 1800 2265 μηδὲν

1011 2276 1045 2303 ιχ
1063 2275 1110 2302 τοῦ
1131 2275 1266 2311 προτέρου
1285 2275 1334 2311 [οι.
1358 2275 1480 2311 πρώτου]
1495 2276 1593 2311 ἀνδρὸς
1618 2275 1800 2311 κερδαίνουσα

1013 2319 1074 2348 καθ’
1089 2320 1244 2355 οἱανδήποτε
1255 2321 1366 2356 τρόπον.
1377 2320 1643 2356 Παραφυλαττούσης
1660 2320 1689 2347 δὲ
1699 2320 1798 2355 αὐτῆς,

1012 2365 1050 2398 ὡς
1065 2366 1185 2402 εἴρηται,
1196 2366 1243 2394 τὸν
1257 2367 1409 2402 ὡρισμένον
1420 2367 1526 2402 χρόνον,
1539 2366 1701 2402 κομίζεσθαι
1712 2367 1799 2401 αὐτὴν

1012 2411 1063 2447 τὴν
1085 2411 1153 2438 ἰδίαν
1168 2413 1280 2447 προῖκα,
1312 2412 1381 2447 μιτὰ
1395 2413 1441 2439 καὶ
1451 2412 1516 2443 τῶν.
1541 2412 1579 2444 ὡς
1597 2412 1680 2445 om,
1694 2412 1799 2447 ἀποχα-

1013 2456 1161 2493 ρισθέντων
1188 2457 1257 2492 αὐτῇ
1275 2458 1305 2484 ὲν
1321 2457 1470 2493 ὲπαυξήσει
1498 2457 1549 2491 τῆς
1575 2458 1688 2494 προικὸς
1700 2457 1796 2492 αὐτῆς.

1019 2502 1190 2534 Ὠσαύτωςδι
1206 2503 1254 2530 καὶ
1268 2503 1314 2530 τὸν
1328 2503 1415 2539 ἄνδρα
1425 2504 1466 2535 εἰς
1478 2503 1572 2539 ἕτερον
1584 2504 1799 2539 πιριερχόμινον

1013 2548 1192 2579 συνοικέσιον,
1211 2548 1295 2583 μηδὲν
1311 2549 1344 2576 ὲκ
1359 2549 1409 2584 τῆς
1421 2549 1560 2584 προτέρας
1571 2549 1656 2576 αὑτοῦ
1668 2549 1798 2583 γυναικὸς

1012 2594 1173 2629 λαμϐάνειν.
1201 2595 1232 2621 Ei
1260 2595 1288 2622 δὲ
1302 2595 1472 2630 ὑπάρχουσιν
1495 2596 1622 2631 ἀνήλικοι
1642 2595 1748 2628 παῖδες,
1762 2596 1798 2623 τὰ

1011 2640 1116 2667 τούτων
1127 2640 1277 2675 πράγματα
1290 2641 1516 2676 παραφυλάττειν
1536 2640 1631 2673 αὑτὸν,
1647 2641 1743 2676 μέχρις
1763 2641 1798 2668 ἂν

1010 2686 1066 2713 τῶν
1081 2686 1195 2712 ἐντελῶν
1209 2686 1351 2720 γένωνται.

1048 2731 1091 2759 ιθ¹.
1109 2732 1140 2758 Ei
1151 2732 1180 2759 δὲ
1193 2731 1302 2759 καὶτῶν
1316 2731 1431 2759 ἐντελῶν
1441 2732 1507 2765 τίσι,
1522 2731 1690 2769 παρέχεσθαι
1703 2732 1797 2764 αὐτοῖς

1012 2777 1178 2804 dimittan
1206 2778 1257 2813 ήδη
1271 2777 1305 2804 τά
1324 2778 1440 2813 μητρῷα
1460 2778 1553 2805 αὐτῶν
1574 2778 1689 2810 ἐντελῶς
1708 2779 1799 2813 πράγ-

1013 2831 1098 2857 ματα.

1048 2872 1080 2895 κ’.
1097 2869 1126 2895 El
1144 2868 1171 2895 δὲ
1186 2869 1231 2896 καὶ
1245 2871 1433 2906 tem-instigati:
1453 2872 1484 2898 ἐκ
1495 2871 1543 2907 τῆς
1563 2871 1693 2908 δευτέρας
1703 2880 1798 2907 γυναι-
