1938 3070
153 144 206 177 501

785 153 979 186 DELECTUS
999 157 1140 188 LEGUM.

1718 165 1773 196 502

149 201 209 234 κὸς,
228 202 276 228 καὶ
293 203 383 240 συμῦᾕ
399 204 480 231 αὐτὸν
491 206 665 242 τελευτῆσαι,
685 207 778 235 ἄδειαν
794 209 866 244 ἔχειν
893 210 935 237 καὶ

992 213 1037 244 rit,
1051 218 1078 241 et
1092 214 1178 249 ipsum
1194 215 1326 244 decedere
1340 217 1498 253 contigerit:
1512 219 1627 249 facultas
1641 227 1700 250 esto
1717 228 1770 251 tam

149 248 184 274 τὰ
197 248 293 284 πρῶτα
306 250 353 277 καὶ
364 251 397 277 τὰ
405 251 519 287 δεύτερα
530 252 614 280 τέκνα
627 253 672 281 τὸν
682 254 748 282 ἴδιον
758 255 938 292 κληρονομεῖν

149 294 269 329 πατέρα,
286 295 387 330 ὁμοίως
401 296 448 323 καὶ
463 297 511 334 τὴν
528 299 645 335 μητέρα.

184 338 237 366 κα’.
255 339 286 366 Ἠ
294 340 533 377 δευτερογαμοῦσα
546 345 627 380 γυνὴ,
642 345 742 381 ἔχουσα
755 347 786 374 ὲκ
797 347 844 375 τοῦ
858 348 936 383 πρώ-

147 392 194 410 του
210 385 300 420 γάμου
317 387 426 420 παῖδας,
445 389 557 416 αίτείτω
573 391 626 426 πρὸ
639 392 686 419 τοῦ
712 394 937 429 συναλλάγματος

146 429 193 456 τοῦ
208 430 335 467 δευτέρου
350 432 442 468 γάμου
458 428 624 470 ἐπιτρόπους
640 439 697 470 τοῖς
724 439 818 465 παισὶν
839 428 936 475 αὐτῆς,

148 478 196 504 καὶ
206 478 294 511 οὕτως
310 481 530 511 συναλλασσέτω.
545 484 576 511 El
592 485 647 521 γὰρ
662 487 699 521 μὴ
714 487 794 514 τοῦτο
809 488 934 524 γένηται,

148 523 286 551 ὑπεύθυνα
310 525 345 552 τὰ
373 527 458 563 αὐτῆς
475 528 541 562 εἱσι,
565 530 673 557 καὶτοῦ
698 531 824 568 δευτέρου
849 534 936 569 αὐτῆς

146 568 243 603 ἀνδρὸς
258 570 411 606 πράγματα
425 575 586 609 γενήσονται
600 575 647 603 ἐπὶ
657 578 691 612 τῇ
709 568 934 606 ἀποκαταστάσει

147 612 201 640 τῶν
215 613 372 650 ἀνηκόντων
387 619 444 651 τοῖς
461 620 532 652 νέοις
546 621 688 657 πατρικῶν
701 623 791 650 αὐτῶν
807 624 937 660 πραγμά-

147 668 211 688 των.

444 733 569 761 ΤΙΤΛΟΣ
589 735 641 765 IF'.

313 789 383 823 Περί
394 788 451 824 τῆς
461 790 581 824 λύσεώς
592 791 647 819 τοῦ
663 793 771 827 γάμου.

184 842 217 870 α’.
231 843 287 880 Τῆς
296 844 440 872 ἀδιαλύτου
450 846 505 873 τῶν
516 847 641 882 γαμικῶς
653 849 681 875 ὲν
692 849 786 885 Κυρίῳ
794 849 938 885 συμϐιούν-

988 258 1093 293 primis,
1107 269 1186 294 quant
1199 263 1327 290 secundis
1340 264 1442 298 liberis,
1455 267 1525 300 patri
1534 274 1583 295 suo
1591 268 1770 303 succedendi;

988 305 1137 340 eodemque
1153 307 1232 334 modo
1248 313 1275 335 et
1293 310 1384 337 matri.

1023 351 1068 379 21.
1085 351 1181 380 Mulier
1194 355 1328 382 secundas
1344 356 1451 390 nuptias
1474 359 1652 393 contrahens,
1666 368 1726 395 qua:
1739 361 1772 388 de

988 397 1071 431 priori
1096 399 1220 433 conjugio
1238 400 1337 428 liberos
1353 402 1443 436 habet,
1460 408 1524 431 ante
1545 407 1657 434 secundi
1680 408 1774 434 matri-

987 444 1070 471 monii
1086 450 1260 473 contractutn
1284 447 1376 475 liberis
1399 450 1456 478 suis
1472 454 1572 478 tutores
1591 457 1674 486 petat,
1690 458 1717 480 et
1735 454 1771 481 ita

986 489 1140 517 contrahat.
1157 489 1262 526 Quippe
1276 492 1298 519 si
1314 493 1365 521 hoc
1377 494 1479 522 factum
1492 503 1545 523 non
1563 495 1654 530 fuerit,
1666 503 1693 524 et
1709 505 1773 526 sunt

986 534 1080 568 ipsius,
1097 540 1123 562 ct
1141 541 1221 564 erunt
1243 539 1354 567 secundi
1379 541 1468 569 mariti
1485 542 1555 570 bona
1581 543 1699 579 obligata
1722 553 1771 572 no-

987 581 1059 608 mine
1084 583 1264 613 restitutionis
1280 592 1376 613 earum
1401 594 1504 620 rerum,
1527 595 1588 624 quae
1606 589 1641 617 ad
1654 590 1771 618 minores

987 632 1020 652 ex
1034 628 1209 656 successione
1227 634 1340 663 paterna
1355 632 1501 666 pertinent,

1262 737 1414 767 TITULUS
1432 738 1500 768 XIII.

1199 789 1237 821 De
1245 794 1375 822 solutione
1389 796 1561 824 matrimonii.

1028 848 1050 875 I.
1067 848 1282 886 ludissoluhilem
1303 842 1408 885 eorum,
1426 853 1472 888 qui
1492 853 1542 881 sub
1556 853 1614 889 lege
1628 853 1770 881 matrimo-

147 895 202 915 των
225 888 381 925 ὲνώσεωςή
409 891 456 917 τοῦ
481 891 598 918 κτίστου
614 894 660 920 καὶ
677 894 850 930 Δημιουργοῦ
877 894 932 922 τῶν

990 893 1024 921 nii
1051 901 1104 921 una
1128 895 1222 922 vivunt
1244 884 1271 923 in
1294 896 1419 927 Domino.
1445 898 1662 932 coniunctionem
1686 907 1769 926 esse:

148 933 278 960 ἁπάντων
303 934 370 961 Θεοῦ
399 935 479 969 σοφία
507 937 626 972 ὑπάρχει
649 938 821 972 διδάσκαλος.
849 939 935 973 Αὐτὸς

147 978 202 1012 γὰρ
219 979 260 1010 είς
277 979 309 1006 τδ
323 977 392 1007 εἶναι
409 981 585 1016 παραγαγὼν
607 983 636 1016 εξ
660 984 709 1010 οὐκ
732 984 817 1012 ὅντων
829 986 874 1013 τὸν
889 986 936 1013 ἄν·

146 1023 267 1059 θρωπον,
278 1025 309 1052 οὐ
324 1026 370 1053 τὸν
385 1027 466 1054 αὑτὸν
480 1028 528 1054 καὶ
544 1028 596 1064 τὴν
613 1030 731 1063 γυναῖκα
756 1030 857 1058 πλάσαι
871 1031 936 1068 τρό-

147 1077 197 1095 πον
211 1068 338 1105 ἠθέλησε,
355 1072 457 1107 καίπερ
470 1072 628 1108 δυνάμενος,
645 1075 705 1101 ἀλλ’
722 1077 754 1102 ἐκ
781 1075 828 1103 τοῦ
838 1077 935 1113 ἀνδρὸς

147 1114 249 1150 ταύτην
275 1116 505 1154 ἐδημιούργησεν,
537 1119 580 1146 ἵνα
599 1120 653 1155 τῆς
675 1121 820 1157 ήνωμένης
844 1123 934 1158 σοφῶς

149 1162 213 1196 μιᾶς
228 1162 259 1188 ἐν
273 1162 350 1189 δυάδι
363 1164 518 1198 προσώπων
534 1166 635 1201 σαρκὸς
651 1167 702 1201 τῆς
715 1167 845 1203 συζυγίας
855 1179 936 1205 νομο-

147 1207 250 1243 θετήσῃ
263 1209 292 1234 τδ
315 1209 501 1241 ἀδιάζευκτον.
514 1211 596 1238 Ὅθεν
619 1212 678 1239 οὐδὲ
695 1213 744 1249 τὴν
767 1216 884 1248 γυναῖκα
901 1218 933 1252 τῇ

149 1252 275 1289 ὑποθήκῃ
289 1254 334 1280 τοῦ
345 1255 434 1290 ὄφεως
447 1256 494 1291 τῆς
507 1257 610 1292 πικρᾶς
620 1257 659 1293 τῷ
674 1257 750 1294 ἀνδρὶ
760 1259 934 1295 κατάρξασαν

149 1298 280 1333 γεύσεως,
296 1301 351 1328 ἀπὸ
365 1301 461 1329 τούτου
486 1302 619 1338 ἐχώρισεν
630 1311 637 1319 ·
669 1304 724 1331 οὐδ’
739 1303 771 1332 αὖ
789 1306 834 1333 τὸν
850 1307 935 1342 ἄνδρα

148 1345 199 1379 τῆς
215 1346 383 1382 Δεσποτικῆς
399 1347 508 1384 ἐντολῆς
528 1348 578 1385 τὴν
593 1350 749 1385 παράϐασιν
766 1354 800 1387 τῇ
808 1352 936 1388 ὁμοζύγῳ

150 1392 402 1428 συνεργασάμενον,
429 1394 531 1430 ταύτης
548 1395 700 1429 διέζευξεν·
716 1397 784 1423 ἀλλὰ
808 1398 857 1433 τὴν
882 1397 932 1433 μὲν

149 1437 287 1472 ἁμαρτίαν
299 1438 422 1471 ἐκόλασε,
435 1439 484 1476 τὴν
494 1441 521 1467 δὲ
529 1441 659 1476 συζυγίαν
676 1442 726 1469 οὐκ
738 1443 829 1471 ἔλυσε.
839 1444 934 1482 Ταύτῃ

148 1483 238 1510 τοίνυν
252 1485 284 1519 τῇ
305 1485 413 1520 ἐνεργεῖ
423 1486 570 1522 νομοθεσίᾳ
585 1485 663 1520 αὖθις
691 1489 738 1515 καὶ
754 1489 827 1525 λόγῳ
842 1499 934 1526 κυρω-

149 1527 227 1564 θείσῃ
238 1529 313 1564 παρὰ
323 1531 370 1557 τοῦ
382 1531 544 1564 Κτίσαντος,
562 1532 633 1560 κατὰ
647 1533 692 1561 τὸν
704 1535 798 1569 καιρὸν
811 1536 861 1570 τῆς
878 1536 932 1563 τῶν

147 1574 304 1609 Φαρισαίων
321 1576 390 1612 πρὸς
413 1577 493 1604 αὑτὸν
525 1579 696 1615 ἐρωτήσεως,
725 1580 750 1607 εἰ
764 1580 869 1613 ἔξεστιν
885 1582 934 1609 ἀν-

149 1620 253 1657 θρώπῳ
282 1622 354 1650 κατὰ
371 1624 461 1650 πᾶσαν
475 1624 566 1652 αἰτίαν
594 1626 725 1653 ἀπολύειν
750 1628 799 1663 τὴν
814 1630 934 1662 γυναῖκα.

149 1667 244 1700 αὑτοῦ,
260 1668 306 1695 καὶ
317 1669 525 1705 ἀποκριθέντος,
543 1670 605 1703 τοὺς
620 1671 672 1698 ύπὺ
687 1672 754 1698 θεοῦ
770 1671 934 1708 ζευχθέντας

151 1712 286 1748 μηδαμῶς
306 1714 359 1742 ὑπὸ
384 1715 530 1752 ἀνθρώπου
552 1717 689 1753 παρεκτὸς
706 1717 787 1751 λόγου
804 1719 934 1753 πορνείας

150 1759 327 1794 χωρίζεσθαι,
341 1761 584 1795 ἑξακολουθοῦντές
596 1772 626 1790 τε
638 1764 685 1790 καὶ
700 1764 868 1799 πειθόμενοι,
880 1765 936 1792 οὐδ’

150 1806 230 1840 ἡμεῖς
245 1806 338 1842 ἕτερον
356 1817 383 1835 τι
403 1809 561 1844 νομοθετεῖν
572 1810 642 1845 ὑπὲρ
657 1809 752 1837 τούτου
772 1810 934 1846 βουλόμεθα.

156 1852 229 1878 Ἀλλ’
244 1854 338 1889 ἐπειδὴ
354 1855 385 1881 τὺ
398 1856 448 1890 τῆς
463 1855 561 1887 κακίας
573 1854 642 1887 εἶδος
652 1857 790 1892 ἐπιμελῶς
803 1858 860 1888 τοῖς
873 1857 939 1883 πολ-

149 1896 204 1928 λοῖς
230 1899 284 1924 τῶν
307 1898 460 1935 ἀνθρώπων
491 1893 712 1936 ἒμποέξιτεύεται,
737 1901 785 1928 καὶ
808 1901 936 1928 ἐντεῦθεν

150 1944 330 1978 ὰγαπητικῶς
345 1945 414 1980 πρὸς
443 1945 574 1981 ἀλλήλους
601 1946 639 1982 μὴ
665 1946 844 1981 διακείμενοι,
865 1946 937 1974 κατὰ

151 1988 252 2019 πολλὰς
262 1989 362 2022 αίτίας,
375 1990 421 2017 καί
438 1999 502 2017 ποτε
519 1991 556 2027 μὴ
577 1991 661 2023 οὔσας
676 1991 814 2024 τοιαύτας,
829 1992 938 2019 ποιοῦν-

149 2042 196 2060 ται
208 2035 258 2070 τῆς
276 2035 379 2062 ἑαυτῶν
405 2037 583 2071 συμϐιώσεως
602 2038 650 2073 τὴν
669 2038 818 2071 διάζευσιν,
845 2038 935 2074 ῥητῶς

150 2079 267 2107 ἐνθεῖναι
277 2080 326 2117 [ιιι.
337 2082 385 2117 τὴν
394 2082 527 2116 διάταξιν,
537 2083 616 2115 ἐκτὸς
628 2083 757 2120 ἐνθεῖναι]
769 2086 801 2119 τῇ
811 2085 936 2120 παρούσῃ

151 2126 308 2163 νομοθεσίᾳ,
327 2127 360 2154 δι’
376 2125 414 2156 ὧν
434 2128 470 2155 τὰ
490 2129 646 2156 συνοικέσια
659 2129 780 2163 λύονται,
795 2129 850 2157 τῶν
865 2130 939 2157 δεόν-

151 2181 206 2199 των
219 2173 379 2209 ἐκρίναμεν.

988 937 1046 974 ipsa
1060 947 1109 967 nos
1125 940 1235 976 Opilicis
1253 946 1280 970 et
1297 942 1433 972 Creatoris
1444 945 1563 972 omnium
1578 944 1624 973 Dei
1639 945 1770 981 sapientia

988 983 1090 1013 docuit.
1112 984 1136 1013 Is
1154 986 1237 1020 enim,
1258 995 1343 1022 quum
1368 989 1504 1018 hominem
1522 991 1555 1018 de
1579 991 1664 1018 nihilo
1680 999 1770 1019 rerum

986 1029 1013 1057 in
1031 1036 1154 1058 naturam
1173 1034 1365 1067 produxisset:
1384 1042 1435 1062 non
1457 1036 1491 1063 ad
1513 1036 1637 1064 eumdem
1662 1037 1770 1063 modum

988 1081 1016 1103 et
1029 1076 1170 1105 mulierem
1195 1078 1298 1113 ﬁngere
1318 1079 1411 1114 voluit,
1423 1081 1546 1116 quamvis
1562 1081 1588 1109 id
1603 1081 1692 1110 facere
1708 1089 1772 1116 pos-

986 1127 1026 1149 set
1043 1130 1049 1149 :
1067 1130 1161 1151 verum
1178 1124 1247 1152 hanc
1266 1133 1281 1163 e
1295 1126 1353 1153 viro
1372 1127 1503 1159 condidit,
1522 1131 1551 1154 ut
1564 1127 1645 1156 unita
1663 1127 1772 1163 copula-

987 1171 1074 1202 taeque
1093 1170 1231 1204 sapienter
1255 1161 1335 1200 unius
1361 1172 1388 1200 in
1406 1173 1532 1208 personis
1558 1173 1663 1201 duabus
1681 1174 1772 1201 carnis

987 1214 1193 1250 inseparabilem
1211 1219 1429 1252 conjunctionem
1447 1221 1575 1248 sanciret.
1590 1220 1770 1254 Quamobrem

988 1268 1038 1288 nec
1066 1261 1221 1296 mulierem,
1245 1271 1304 1298 qua
1328 1265 1502 1301 suggestione
1530 1267 1675 1302 serpentis,
1699 1266 1773 1294 illius

987 1313 1087 1334 amarat
1115 1308 1174 1335 viro
1197 1308 1392 1345 degustationis
1418 1312 1586 1340 occasionem
1609 1311 1770 1347 prabuerat,

987 1353 1021 1379 ab
1042 1359 1076 1380 eo
1092 1354 1228 1388 separavit
1251 1363 1258 1381 :
1283 1363 1333 1383 nec
1357 1356 1478 1384 vicissim
1496 1356 1593 1390 virum,
1619 1358 1665 1393 qui
1684 1357 1771 1385 herile

990 1398 1147 1427 mandatum
1164 1399 1215 1427 uria
1238 1408 1299 1428 cum
1323 1402 1437 1437 cenjuge
1460 1402 1562 1431 violare
1578 1402 1666 1431 fuerat
1678 1410 1771 1437 ausus,

987 1443 1021 1471 ab
1035 1451 1066 1471 ea
1088 1444 1207 1480 sejunxit
1223 1447 1291 1474 :sed
1314 1452 1455 1482 peccatum
1478 1448 1593 1483 punivit,
1615 1449 1770 1484 coniugium

989 1489 1100 1517 minime
1113 1490 1248 1521 dissolvit.
1272 1491 1341 1520 Huic
1355 1501 1420 1529 ergo
1437 1501 1486 1522 nos
1504 1493 1617 1527 ellicaci,
1632 1500 1660 1522 et
1675 1502 1772 1522 rursus

988 1533 1072 1569 ipsius
1079 1535 1234 1564 Conditoris
1240 1538 1424 1572 pronuntiatio
1433 1539 1599 1567 conﬁrmata:
1613 1540 1676 1574 legi,
1687 1547 1770 1575 quum

986 1586 1001 1606 a
1022 1580 1166 1609 Pharisaais
1181 1581 1408 1618 interrogaretur,
1435 1591 1469 1611 an
1487 1584 1591 1612 homini
1606 1585 1725 1620 qualibet
1737 1592 1771 1613 ex

984 1634 1066 1654 causa
1078 1635 1153 1655 suam
1167 1636 1279 1657 uxorem
1293 1630 1437 1666 repudiare
1448 1631 1540 1666 liceat,
1550 1635 1577 1658 et
1588 1632 1645 1666 ipse
1658 1639 1771 1667 respon-
1816 1627 1827 1630 ”

984 1672 1072 1706 deret,
1086 1681 1100 1701 α
1117 1674 1173 1702 Deo
1193 1674 1353 1710 coniunctos
1374 1683 1543 1712 nequaquam
1566 1678 1600 1704 ab
1613 1672 1721 1705 homine
1732 1685 1771 1705 se-

984 1719 1130 1752 parandos,
1145 1724 1221 1748 extra
1235 1728 1344 1758 causam
1361 1723 1551 1754 scortationis:
1568 1723 1631 1751 huic
1643 1731 1708 1759 ergo
1719 1732 1770 1752 nos

985 1769 1013 1792 et
1032 1765 1199 1799 insistentes,
1216 1772 1242 1794 et
1256 1767 1487 1802 obtemperantes,
1505 1777 1675 1805 nequaquam
1696 1770 1770 1798 aliud

985 1810 1121 1845 quidpiam
1144 1811 1179 1839 de
1197 1813 1247 1840 hoc'
1263 1808 1383 1842 statuere
1399 1815 1533 1843 volumus.
1549 1815 1601 1843 Sed
1613 1816 1684 1843 enim
1708 1822 1769 1844 cum

986 1855 1044 1891 ipsa
1062 1857 1173 1885 malitiae
1189 1850 1296 1894 species,
1307 1860 1456 1895 nlmiopere
1469 1868 1499 1888 se
1516 1860 1637 1895 pluribus
1652 1862 1772 1890 homini-

988 1902 1039 1930 bus
1053 1903 1168 1938 ingerat,
1181 1912 1267 1940 eaque
1282 1905 1316 1933 de
1330 1913 1411 1934 causa
1433 1907 1540 1942 quoties
1558 1915 1653 1942 parum
1676 1915 1772 1934 aman-

987 1951 1028 1975 ter
1038 1955 1100 1983 erga
1121 1957 1152 1977 se
1172 1951 1286 1979 invicem
1304 1951 1393 1979 allecti
1417 1957 1494 1985 sunt,
1516 1959 1550 1980 ex
1567 1953 1649 1980 variis
1669 1953 1770 1987 causis,

986 2002 1046 2029 quae
1059 2003 1252 2031 nonnunquam
1275 1997 1313 2025 ita
1326 2003 1489 2033 comparata
1503 2006 1555 2027 non
1570 2003 1646 2032 sunt,
1661 2006 1774 2027 consue-

988 2040 1108 2068 tudinem
1124 2041 1186 2069 vitaa
1198 2047 1318 2069 mutuam
1328 2043 1459 2071 dirimant
1473 2051 1480 2070 :
1497 2043 1598 2072 diserte
1613 2043 1696 2072 inseri
1709 2045 1772 2073 huic

990 2085 1081 2120 legum
1107 2087 1326 2122 promulgationi,
1343 2088 1441 2123 quibus
1463 2095 1496 2116 ex
1517 2090 1607 2117 causis
1629 2089 1772 2119 matrimo-

987 2131 1031 2159 nia
1048 2131 1198 2166 solvantur,
1215 2134 1402 2162 necessarium
1418 2134 1559 2162 duximus.

188 2218 221 2253 β’.
251 2219 352 2246 Λύεται
371 2221 386 2247 ὁ
414 2220 483 2256 ἀνὴρ
502 2220 556 2248 ἀπὸ
580 2220 710 2255 γυναικὸς
734 2220 779 2248 διὰ
809 2221 935 2254 τοιαύτας

1023 2219 1050 2246 2.
1065 2219 1177 2248 Maritus
1194 2221 1229 2249 ab
1250 2228 1335 2249 uxore
1351 2226 1462 2257 propter
1484 2223 1569 2252 hasce
1590 2231 1687 2253 causas
1701 2225 1770 2253 diri-

151 2263 251 2296 αἰτίας·
275 2265 334 2291 Ἐὰν
349 2265 365 2301 ὴ
398 2264 466 2301 γυνὴ
479 2264 562 2291 αύτοῦ
574 2264 725 2300 πορνεύσῃ.
742 2265 807 2292 Ἐὰν
823 2266 936 2293 ἐπιϐου-

150 2309 236 2346 λεύσῃ
244 2311 393 2346 οίῳδήποτε
407 2311 500 2345 τρόπῳ
510 2311 543 2346 τῇ
554 2311 610 2346 ζωῇ
628 2310 721 2342 αὑτοῦ,
734 2311 750 2346 ἢ
765 2311 934 2347 ἐπισταμένη

152 2356 262 2391 ἐτέρους
278 2355 514 2390 ἐπιϐουλεύοντας,
530 2356 568 2392 μὴ
576 2356 758 2393 καταμηνύσῃ
770 2356 856 2393 αὐτῷ.
871 2357 935 2384 Ἐὰν

150 2400 225 2436 λωὸἠ
240 2402 325 2428 ἐστιν.

188 2451 221 2482 γ’.
245 2447 361 2483 Ὁμοίως
383 2447 412 2474 δὲ
440 2448 488 2476 καὶ
505 2448 523 2484 ἡ
555 2447 624 2483 γυνὴ
638 2447 692 2474 ἀπὸ
706 2447 753 2474 τοῦ
781 2447 877 2483 ἀνδρὸς
892 2447 936 2476 διὰ

152 2493 281 2525 τοιαύτας
300 2493 388 2525 αίτὶας
405 2493 567 2529 χωρίζεταιο
586 2493 652 2520 Ἐὰν
668 2493 821 2528 ἀδυνατήσῃ
839 2495 854 2520 ὁ
867 2494 937 2530 ἁνήρ

153 2539 200 2566 ἐπὶ
220 2539 325 2574 τριετίᾳ
341 2530 395 2565 ἀπὸ
413 2539 510 2574 καιροῦ
525 2539 573 2566 τοῦ
584 2538 704 2574 γαμικοῦ
716 2539 938 2575 συναλλάγματος

152 2587 185 2622 τῇ
201 2585 288 2622 οἰκείᾳ
312 2586 425 2620 μιγῆναι
440 2586 560 2620 γυναικί.
579 2585 643 2612 Ἐὰν
670 2585 852 2622 ἐπιϐουλεύσῃ
871 2586 936 2622 οίῳ-

153 2630 253 2666 δήποτε
269 2629 361 2665 τρόπῳ
375 2631 408 2664 τῇ
423 2630 479 2665 ζωῇ
493 2630 590 2664 αὐτῆς,
605 2630 622 2665 ἢ
636 2630 820 2665 ἐπιστάμενος
840 2630 939 2663 ἄλλους

154 2675 347 2707 ἐπιϐουλευτὰς
358 2675 407 2712 [αί.
432 2675 682 2712 ἐπιϐουλεύονταςῙ,
697 2675 735 2712 μὴ
756 2677 938 2714 καταμηνύσῃ

153 2722 234 2757 αὐτῇ.
253 2721 308 2748 Καὶ
322 2721 369 2748 ἐὰν
385 2721 470 2752 λωδός
486 2722 571 2748 ἐστιν.

189 2767 221 2795 δ’.
233 2767 265 2794 Εί
280 2767 308 2795 δὲ
325 2766 416 2802 ωμὸῇ
425 2767 455 2800 ἐξ
466 2766 555 2793 αὐτῶν
569 2765 617 2792 ἕνα
637 2764 706 2801 μετὰ
725 2765 770 2792 τδν
782 2765 872 2801 γάμον
884 2766 938 2793 ὑπὸ

154 2813 281 2848 δαίμονος
303 2813 481 2848 κυριευθῆναι
499 2811 548 2848 [αί.
572 2811 764 2848 κρουσθῆναι],
780 2813 828 2838 καὶ
843 2813 875 2840 ὲκ
887 2813 938 2848 τῆς

156 2859 282 2895 τοιαύτης
308 2859 397 2892 αἰτίας
409 2860 456 2887 ἀπ’
469 2859 592 2894 ἀλλήλων
609 2858 645 2894 μὴ
661 2858 835 2894 χωρίζεσθαι.
855 2859 937 2887 Ἀνευ

986 2266 1069 2293 mitur
1084 2274 1091 2293 :
1107 2266 1135 2294 Si
1155 2274 1224 2294 uxor
1237 2266 1296 2302 ejus
1314 2272 1432 2296 scortatu
1448 2269 1543 2297 luerit.
1561 2269 1589 2298 Si
1610 2277 1773 2306 quocunque

986 2311 1066 2339 modo
1091 2312 1216 2339 insidiata
1236 2312 1318 2340 fuerit
1340 2313 1399 2348 ejus
1413 2313 1486 2346 vitae,
1505 2314 1547 2342 vel
1560 2315 1631 2343 alios
1648 2315 1772 2343 insidiari

984 2357 1086 2392 sciens,
1102 2358 1219 2393 idipsum
1235 2358 1259 2386 ei
1276 2367 1329 2386 non
1347 2359 1490 2388 detexerit.
1507 2359 1536 2389 Si
1550 2361 1657 2397 Ieprosa
1673 2362 1721 2390 sit.

1022 2447 1049 2474 5.
1068 2447 1200 2476 Similiter
1211 2452 1238 2476 et
1256 2455 1325 2476 uxor
1339 2455 1354 2476 a
1371 2449 1469 2477 marito
1480 2454 1592 2485 propter
1612 2451 1694 2480 hasce
1710 2458 1774 2480 cau-

988 2499 1033 2520 sas
1046 2497 1188 2527 separatnr
1201 2501 1207 2520 :
1225 2494 1252 2521 Si
1268 2495 1381 2522 maritus
1395 2502 1410 2522 a
1425 2499 1545 2530 tempore
1559 2497 1767 2526 matrimonialis

987 2542 1143 2566 contractus
1155 2545 1217 2566 cum
1235 2546 1321 2567 uxore
1342 2547 1390 2568 sua
1418 2541 1535 2570 triennio
1551 2542 1625 2570 coire
1640 2543 1769 2578 nequive-

987 2583 1033 2611 rit.
1048 2583 1077 2611 Si
1088 2591 1252 2620 quocunque
1266 2586 1346 2614 modo
1359 2587 1422 2614 vitae
1433 2587 1527 2615 uxoris
1541 2587 1654 2616 insidias
1662 2595 1774 2618 struxeo

987 2630 1034 2664 rit,
1050 2630 1091 2658 vel
1110 2638 1193 2666 quum
1209 2631 1277 2660 alios
1289 2635 1397 2660 struere
1421 2633 1514 2668 Sciret,
1540 2634 1656 2670 idipsum
1677 2636 1701 2663 ei
1720 2644 1772 2665 non

988 2676 1160 2705 indicaverit.
1177 2676 1206 2705 Si
1218 2678 1335 2713 denique
1351 2679 1474 2713 leprosus
1486 2681 1531 2708 sit.

1025 2768 1051 2796 4.
1067 2769 1102 2795 At
1115 2767 1138 2795 si
1152 2767 1306 2802 contigerit,
1330 2772 1361 2794 ut
1382 2767 1511 2796 alteruter
1523 2776 1618 2796 eorum
1634 2774 1694 2804 post
1718 2769 1770 2798 ini-

990 2819 1048 2842 tum
1072 2813 1273 2841 matrimonium
1297 2817 1444 2848 occupetur
1465 2821 1479 2840 a
1498 2814 1568 2842 malo
1588 2815 1669 2850 genio
1691 2824 1698 2842 :
1719 2823 1773 2843 non

990 2864 1104 2896 possunt
1116 2866 1148 2887 ex
1163 2859 1316 2896 huiusmodi
1335 2867 1415 2889 causa
1431 2867 1446 2888 a
1464 2867 1492 2888 sc
1509 2860 1624 2890 invicem
1641 2863 1771 2897 separari.
