1938 3070
182 165 238 197 499

223 224 266 250 15.
282 223 310 249 Si
320 229 383 249 vero
396 221 456 255 quis
469 220 503 248 ob
519 225 622 247 arctam
637 227 725 247 rerum
743 227 855 246 suarum
870 218 966 245 condi-
981 221 1004 249 Λ

184 269 294 299 tionem,
305 266 345 294 vel
356 266 545 298 humilitatem,
557 272 618 292 cum
630 264 829 292 existimatione
838 264 966 299 quadam,

182 320 209 342 ct
232 313 428 341 interveniente
459 312 611 347 scriptura,
645 312 753 347 nuptias
783 311 894 346 exsequi
919 317 968 338 ne-

181 363 279 394 queat:
292 359 373 386 etiam
389 358 455 385 citra
467 358 629 392 scripturam
643 357 842 385 matrimonium
855 362 966 385 contra-

182 405 255 431 hitur
281 405 340 431 sine
364 403 425 431 dolo
447 404 527 436 malo,
552 404 770 432 contrahentium
789 411 966 438 personarutn

181 455 207 475 ct
222 455 368 485 parentum
386 457 479 477 earnm
496 457 631 477 consensu
651 458 658 476 :
675 450 731 477 sive
746 450 797 478 hoc
811 450 837 477 in
851 449 966 477 ecclesia

181 503 230 529 per
246 495 471 528 benedictionem,
488 495 545 523 slve
567 502 659 523 coram
673 496 791 530 quinque
811 495 906 522 amicis
919 503 967 523 no-

182 544 239 565 tum
258 538 314 566 ﬁat.
334 538 387 566 Sed
403 544 429 566 et
446 539 558 573 quilibet
581 539 722 567 mulierem
742 539 853 566 liberam
870 540 895 566 in
911 540 967 567 do-

142 584 146 589 ⁴
183 592 255 611 mum
274 591 349 612 suam
366 584 511 618 deducens,
527 589 555 612 et
572 585 832 613 administrationem
850 585 874 613 ei
889 585 966 613 fami-

182 631 224 657 lia:
246 638 302 658 sua:
325 630 508 663 committens,
533 631 600 658 etin
617 632 739 659 carnales
761 639 821 659 cum
845 639 875 659 ea
892 639 966 660 com-

182 675 277 709 plexns
295 677 415 709 veniens,
428 677 495 704 citra
508 677 670 713 scripturam
684 677 886 706 matrimonium
902 685 965 705 cum

181 730 212 749 ea
229 723 374 750 contrahit.

217 768 262 796 14.
278 769 354 802 Quod
376 769 399 796 si
417 769 498 797 nullis
519 777 551 797 ex
575 777 606 797 ea
627 769 720 798 liberis
744 771 888 805 susceptis,
904 778 964 798 eam

182 815 318 848 expellere
341 820 454 843 conatus
476 815 558 843 fuerit
579 823 595 842 e
618 816 794 843 contubernio
818 823 883 848 suo,
906 817 966 844 sine

181 868 264 888 causa
285 861 389 895 legibus
406 861 552 896 approbata
566 869 572 888 :
586 865 682 896 pmter
698 861 897 889 restitutionem
916 869 964 889 ea-

181 914 240 933 rum
257 914 345 935 rerutn
363 914 430 942 quas
453 907 521 942 ipsa,
544 914 592 935 ceu
618 907 691 936 credi
713 915 764 943 par
782 913 835 942 est,
856 908 889 936 ad
904 916 964 936 enm

179 954 287 989 attulit;
311 961 437 991 quartam
455 963 562 992 quoque
581 957 713 985 bonorum
730 964 841 985 suorum
861 961 963 992 partem

145 1007 148 1009 ‘
180 1001 206 1028 ei
220 1001 304 1029 dabit.

217 1047 261 1074 i5.
280 1047 356 1081 Quod
377 1048 413 1076 si-
421 1049 482 1084 quis
498 1049 569 1084 inopi
589 1048 696 1076 mulieri
712 1050 885 1078 matrimonio
897 1050 965 1085 legi-

180 1094 247 1120 timo
264 1094 425 1129 conjunctus
438 1095 528 1128 fuerit,
543 1099 570 1121 et
584 1096 697 1123 maritus
713 1096 817 1131 absque
833 1097 926 1125 liberis
937 1101 965 1125 et

180 1138 326 1167 intestatus
341 1140 492 1167 decesserit
511 1147 518 1166 :
537 1140 652 1175 accipiet
667 1148 735 1169 uxor
755 1142 788 1168 de
804 1142 895 1170 mariti
914 1143 964 1170 bo-

181 1185 234 1218 nis,
251 1181 360 1213 nomine
379 1192 459 1214 casus
476 1184 621 1212 liberorum
639 1194 691 1213 non
708 1187 883 1220 exstantium,
899 1195 964 1221 par-

182 1233 236 1256 tem
263 1233 397 1264 quartam,
417 1237 465 1264 pro
489 1230 579 1258 mariti
605 1231 790 1263 facultatibus.
813 1233 846 1260 ad
868 1233 963 1261 decem

182 1283 266 1310 usque
290 1275 382 1303 libras.
400 1276 475 1309 Quod
498 1275 520 1304 si
538 1275 625 1303 mariti
646 1276 788 1305 facultates
807 1284 847 1305 ea:
860 1278 916 1306 sint
935 1282 964 1306 ut

180 1325 275 1355 quarta
290 1327 352 1355 pars
366 1321 456 1349 decem
475 1321 559 1349 libras
577 1322 700 1356 excedat,
715 1323 816 1351 nullam
830 1331 862 1352 ea
878 1323 964 1352 licen-

179 1368 243 1394 tiam
269 1367 363 1396 habeat
387 1367 503 1402 amplius
522 1368 645 1403 capiendi
679 1377 760 1404 quam
785 1370 846 1398 illas
870 1370 963 1399 decem

179 1412 273 1444 libras.
288 1419 317 1441 ut
331 1419 394 1441 ante
406 1415 524 1443 diximus
537 1422 544 1439 :
556 1420 584 1443 et
594 1422 653 1449 qua:
665 1416 768 1451 reliqua
780 1421 853 1449 sunt,
864 1417 898 1444 ad
911 1425 965 1445 ma-

179 1459 225 1486 riti
244 1459 364 1488 hasredes
380 1460 414 1487 ab
431 1460 578 1495 intestato;
593 1461 646 1493 vel,
665 1462 698 1489 iis
711 1469 765 1489 non
780 1463 963 1496 exstantibus,

179 1506 214 1532 ait
229 1505 324 1533 ﬁscum
340 1506 507 1539 pervenient.

216 1550 260 1577 16.
277 1551 408 1578 Secunda:
422 1551 523 1587 nuptias
536 1552 733 1580 contrahuntur
747 1561 761 1580 a
774 1554 896 1588 personis
912 1562 964 1582 non

181 1596 339 1630 prohibitis,
364 1597 421 1624 sive
442 1597 469 1624 in
485 1597 604 1630 scriptis,
626 1597 685 1625 sive
699 1598 768 1626 citra
789 1599 964 1634 scripturam,

180 1642 207 1670 in
235 1642 307 1669 hunc
330 1642 451 1670 modum.
477 1642 616 1676 Siquidem
640 1643 733 1672 liberis
747 1649 869 1678 careant,
895 1646 964 1674 citra

180 1687 402 1722 disceptationum
416 1687 490 1724 juxta
503 1688 598 1717 modos
612 1689 738 1724 superius
749 1691 887 1726 expositos
900 1699 965 1720 oon-

180 1732 301 1760 trahant.

215 1779 261 1806 Π.
289 1778 337 1806 Sin
360 1787 476 1815 persona
500 1781 635 1808 secundas
665 1782 774 1817 nuptias
791 1783 966 1816 eontrahens,

181 1825 283 1853 liberos
297 1825 395 1859 habet;
415 1834 468 1854 non
485 1826 564 1854 liceat
579 1827 603 1855 ei
619 1828 744 1856 secundae
758 1835 880 1864 persona:
895 1829 965 1864 plus,

181 1879 262 1905 quam
283 1872 363 1899 unius
387 1872 529 1908 exlliberis
545 1873 578 1901 de
599 1874 685 1909 priori
701 1875 873 1903 matrimonio
902 1883 965 1904 sns-

181 1917 253 1952 cepti
267 1917 430 1953 portionem,
443 1926 478 1947 ex
499 1919 577 1947 bonis
597 1920 654 1948 suis
670 1928 833 1956 quocunque
844 1921 965 1957 largitio-

180 1963 223 1991 nis
238 1963 330 1997 modo,
343 1964 453 1992 donare.
475 1965 660 1994 Consimiliter
674 1971 702 1994 et
721 1967 746 1994 in
766 1968 888 2002 muliere,
906 1976 967 2003 quae

180 2009 299 2037 secundo
311 2017 340 2038 se
358 2016 469 2046 nuptum
488 2011 611 2045 collocat,
632 2012 704 2041 idem
719 2013 770 2041 hoc
784 2014 962 2042 observetur:

180 2055 307 2082 nimirum
329 2064 360 2083 ea
381 2057 523 2085 duodecim
547 2059 681 2088 mensium
702 2063 827 2095 tempus,
849 2067 864 2087 a
880 2065 967 2088 morte

179 2101 281 2136 prioris
299 2102 401 2136 mariti,
414 2107 551 2132 servante.

215 2194 259 2221 l8.
277 2193 354 2226 Quod
370 2193 393 2221 si
417 2195 467 2222 hoc
481 2199 602 2229 tempOre
615 2197 729 2223 necdum
745 2195 822 2224 ﬁnito
832 2198 966 2226 secundas

180 2242 213 2268 ad
231 2241 340 2274 nuptias
362 2241 510 2274 transierit,
532 2242 642 2270 infamis
662 2244 715 2271 erit
729 2253 737 2270 ι
753 2251 802 2272 nee
826 2252 841 2271 a
867 2246 966 2273 marito

178 2286 264 2322 priori
285 2286 433 2321 quidquam
453 2285 507 2314 alio
525 2287 604 2313 modo
629 2287 788 2314 lucrabitur.
808 2289 844 2315 At
859 2295 924 2315 vero
940 2289 964 2316 si

132 2325 136 2328 ’
177 2332 369 2368 praestitutum,
381 2338 431 2359 ceu
447 2331 577 2364 diximus,
588 2332 716 2366 temporis
727 2332 844 2367 spatium
856 2337 964 2361 servet:

179 2378 270 2405 dotem
294 2384 372 2405 suam
391 2376 516 2411 accipiet,
534 2383 585 2403 una
599 2383 660 2404 cum
676 2377 782 2405 donatis
797 2377 821 2405 ei
836 2378 906 2405 forte
920 2385 966 2405 res

178 2423 230 2450 bus
254 2423 325 2452 dotis
350 2423 479 2457 augenda
502 2422 600 2456 gratia.
619 2421 719 2450 Eodem
748 2422 827 2450 modo
850 2423 967 2451 maritus

179 2476 288 2505 quoque
304 2468 438 2496 secundas
453 2467 488 2495 ad
511 2468 621 2502 nuptias
637 2475 699 2495 sese
718 2467 870 2502 conferens,
896 2469 965 2497 nihil

179 2515 215 2543 ab
229 2522 314 2542 uxore
329 2514 413 2548 priori
435 2519 625 2549 consequetur.
650 2514 728 2547 Quod
743 2514 766 2542 si
783 2519 892 2542 exstent
912 2515 964 2542 ima

180 2561 296 2595 puberes
309 2560 397 2591 liberi.
422 2560 557 2595 tantisper
569 2567 663 2589 eorum
686 2567 730 2590 res
745 2561 803 2596 ipse
818 2561 964 2594 custodiet,

180 2607 266 2635 donec
279 2607 365 2634 adulti
377 2605 444 2634 facti
456 2606 570 2635 iuerint.

217 2741 261 2769 19.
276 2741 325 2770 Sin
336 2743 391 2778 jam
409 2743 595 2778 adoleverunt,
608 2745 642 2773 ab
657 2752 690 2774 eo
706 2744 765 2779 ipso
779 2749 899 2780 tempore
911 2751 963 2774 sta-

182 2787 229 2815 tim
248 2789 288 2815 cis
307 2789 334 2816 in
350 2790 466 2816 solidum
479 2790 548 2818 bona
565 2795 688 2819 materna
703 2791 855 2819 tradantur.

218 2876 263 2904 το.
281 2877 355 2910 Quod
378 2878 399 2905 si
415 2877 535 2905 subolcm
551 2885 584 2906 ex
605 2878 687 2907 altera
714 2879 819 2914 conjugc
840 2885 965 2909 susccpc-

697 163 954 194 CONSTANTINE
972 162 1252 193 ΡΟΒΡΗΥΒΟΘΕΧ
1258 162 1311 192 [TI
1350 170 1353 172 ‘

1751 157 1806 189 500

1053 222 1098 252 ιγ’.
1115 219 1146 244 Et
1162 218 1190 244 δὲ
1201 217 1271 245 κατὰ
1288 217 1416 244 στένωσιν
1433 216 1449 251 ἥ
1467 215 1510 242 διὰ
1524 214 1688 242 ταπείνωσιν
1704 213 1743 250 μὴ
1758 215 1806 241 δυ-

1020 263 1088 299 νηθῇ
1099 272 1141 295 τις
1149 263 1346 298 εὐπρολὴπτως
1359 263 1406 290 καὶ
1418 261 1565 297 ἐγγράφως
1575 262 1688 296 ποιῆσαι
1702 261 1804 296 γάμον,

1020 309 1067 337 καὶ
1077 310 1209 344 ἀγράφως
1218 308 1266 345 [ιιι.
1278 308 1413 344 ἄγραφος]
1424 308 1580 335 συνίσταται
1592 308 1681 342 γάμος
1691 307 1805 341 ἀδόλως,

1021 355 1172 382 συναινέσει
1184 355 1238 382 τῶν
1252 355 1489 382 συναλλασσόντων
1504 353 1668 389 προσώπων,
1691 353 1806 380 καὶτῶν

1018 400 1121 428 τούτων
1135 400 1249 435 γονέων,
1264 400 1320 427 εἴτε
1338 402 1366 427 ὲν
1383 400 1517 436 ἐκκλησίᾳ
1529 399 1607 427 τοῦτο
1621 399 1654 426 δι’
1665 399 1803 433 εὐλογίας,

1019 448 1035 482 ἢ
1054 447 1101 474 καὶ
1124 447 1170 474 ἐπὶ
1189 447 1274 482 φίλων
1291 447 1371 473 πέντε
1388 446 1552 481 γνωρισθειη
1569 445 1617 481 [αι.
1637 444 1803 481 γνωρισθῇ.

1025 492 1106 519 Ἀλλά
1123 493 1169 519 καὶ
1182 492 1339 527 οίοσδήποτε
1358 491 1572 527 είσοικιζόμενος
1591 492 1708 525 γυναῖκα
1727 491 1805 517 ἐλευ-

1019 537 1111 574 θέραν,
1127 537 1175 565 καὶ
1189 537 1398 564 καταπιστεύων
1412 537 1481 572 αὐτῇ
1508 537 1559 573 τὴν
1574 537 1621 564 τοῦ
1650 536 1714 562 ἰδίου
1738 536 1806 563 διοι-

1018 592 1109 619 κησιν,
1125 580 1172 610 καὶ
1185 582 1420 618 ταύτησαρκικῶς
1435 581 1661 618 συμπλεκόμενος
1671 581 1721 618 [aL
1739 589 1805 615 συγ-

1017 629 1233 665 κοιταζόμενοςῖ,
1252 629 1377 665 ἄγραφον
1409 629 1590 656 συναλλάσσει
1619 629 1688 664 πρὸς
1715 627 1804 664 αὐτὴν

1016 677 1115 712 γάμον.

1055 766 1095 794 ιδ’.
1113 766 1175 794 Ἐὰν
1189 766 1218 793 δὲ
1242 766 1272 799 ἐξ
1284 766 1369 801 αὐτῆς
1385 766 1423 802 μὴ
1442 765 1640 799 παιδοποιήσας
1657 762 1802 798 πειραθείη

1016 812 1144 846 ἐκδιῶξαι
1163 812 1248 848 αὐτὴν
1259 813 1292 839 ἑκ
1308 812 1359 847 τῆς
1374 813 1444 848 πρὸς
1458 811 1538 839 αὐτὸν
1554 811 1733 846 συνοικήσεως
1751 808 1802 844 [πί.

1018 858 1212 895 συνοικεσίας],
1225 859 1315 890 αἰτίας
1325 859 1400 894 νόμῳ
1412 857 1587 893 ἐγνωσμένης
1599 856 1686 887 ἐκτὸς,
1703 855 1804 881 διδόναι

1022 904 1091 940 αὐτῇ
1117 904 1186 940 πρὸς
1213 905 1246 938 τῇ
1275 904 1498 943 ἀποκαταστάσει
1513 903 1577 935 τῶν,
1593 901 1630 933 ὡς
1649 900 1732 932 εἰκδςι
1748 899 1805 925 εἶσ-

1019 949 1184 985 ενεχθέντων
1208 950 1274 985 παρ’
1290 950 1374 985 αὐτῆς
1388 950 1570 985 πραγμάτων,
1598 947 1644 975 καὶ
1671 946 1802 981 τέταρτον

1021 995 1104 1031 μέρος
1119 997 1168 1031 τῆς
1182 995 1265 1022 αὑτοῦ
1280 996 1450 1031 περιουσίας.

1055 1047 1097 1069 ιε’.
1122 1043 1153 1069 Et
1168 1042 1197 1068 δὲ
1211 1042 1307 1078 ἀπόρῳ
1333 1042 1444 1076 γυναικὶ
1470 1041 1539 1078 πρδς
1568 1039 1683 1075 νόμιμον
1713 1038 1806 1072 γάμον

1020 1087 1143 1123 συναφθῇ
1167 1096 1220 1121 τις,
1236 1087 1285 1114 καὶ
1301 1088 1458 1123 τελευτήσει
1485 1088 1500 1114 ὁ
1530 1086 1600 1122 ἀνὴρ
1626 1085 1730 1112 παίδων
1755 1084 1803 1111 καὶ

1019 1134 1151 1170 διαθήκης
1177 1134 1273 1170 χωρὶς,
1289 1134 1450 1169 κομίζεσθαι
1475 1133 1524 1169 τὴν
1552 1133 1669 1167 γυναῖκα
1698 1132 1730 1158 ἐκ
1754 1130 1804 1164 τῆς

1019 1179 1142 1215 ἀνδρῴας
1154 1179 1328 1211 ὑποστάσεως
1341 1179 1410 1214 ὑπὲρ
1421 1179 1451 1211 ἐξ
1464 1178 1591 1209 ἀπαιδίας
1603 1177 1705 1204 κάσσου
1720 1176 1804 1210 μέρος

1018 1226 1160 1260 τέταρτον,
1183 1226 1254 1253 κατά
1266 1225 1315 1261 τὴν
1331 1224 1462 1260 εὐπορίαν
1476 1223 1523 1251 τοῦ
1544 1223 1651 1258 ἀνδρὸς,
1680 1221 1732 1252 ἕως
1748 1220 1803 1246 τῶν

1017 1271 1085 1299 δέκα
1098 1271 1208 1307 λιτρῶν.
1222 1271 1253 1298 Ei
1268 1272 1295 1298 δὲ
1310 1271 1402 1298 ἐπάνω
1417 1271 1472 1298 τῶν
1500 1269 1567 1297 δέκα
1581 1267 1680 1303 λιτρῶν
1692 1265 1805 1301 εὐπορεῖ

1018 1319 1033 1345 ὁ
1044 1319 1123 1354 ἀνὴρ,
1137 1319 1175 1354 μὴ
1190 1318 1262 1353 ἔχειν
1275 1317 1360 1352 αὐτὴν
1373 1317 1478 1348 ἄδειαν,
1488 1315 1582 1351 ἕτερόν
1592 1323 1619 1340 τι
1630 1311 1804 1348 κομίζεσθαι,

1018 1364 1090 1400 πλὴν
1103 1364 1158 1391 τῶν
1181 1364 1248 1392 δέκα
1272 1364 1384 1399 λιτρῶν,
1401 1362 1439 1394 ὡς
1454 1362 1673 1399 προειρήκαμεν,
1701 1359 1750 1385 καὶ
1768 1356 1804 1383 τὰ

1019 1410 1154 1439 ὑπόλοιπα
1180 1409 1375 1446 περιέρχεσθαι
1390 1410 1430 1441 είς
1446 1409 1510 1440 τοὺς
1520 1407 1553 1440 ἐξ
1564 1405 1704 1434 ἀδιαθέτου
1719 1402 1803 1431 αὐτοῦ

1024 1456 1221 1491 κληρονόμους,
1247 1455 1264 1490 ἢ
1296 1455 1333 1491 μὴ
1349 1455 1472 1482 ὑπόντων
1503 1452 1687 1490 κληρονόμων,
1712 1451 1752 1482 είς
1774 1450 1805 1476 τὺ

1020 1501 1103 1537 μέρος
1115 1501 1162 1528 τοῦ
1178 1500 1318 1537 δημοσίου.

1056 1547 1105 1579 ις’.
1118 1547 1323 1583 Δευτερογαμία
1334 1546 1490 1574 συνίσταται
1500 1546 1547 1573 ἐπὶ
1560 1547 1617 1578 τοῖς
1631 1546 1669 1582 μὴ
1682 1544 1805 1572 κεκωλυο

1018 1592 1111 1628 μένοις
1139 1593 1308 1629 προσώποις,
1330 1593 1386 1619 εἶτε
1415 1591 1572 1628 ἐγγράφως,
1587 1591 1642 1618 εῐτι
1658 1590 1800 1626 ἀγράφως.

1016 1639 1114 1673 οὕτως.
1131 1640 1164 1669 Εἰ
1181 1640 1230 1676 μὲν
1241 1639 1346 1667 παίδων
1362 1639 1460 1674 χωρὶς,
1472 1639 1645 1675 ἀπεριέργως
1654 1637 1803 1665 συναλλάσ-

1019 1695 1076 1713 σειν
1090 1686 1161 1714 κατὰ
1173 1687 1236 1718 τοὺς
1247 1685 1375 1721 ἀνωτέρω
1384 1684 1563 1721 δηλουμένους
1579 1684 1629 1721 [αι.
1644 1682 1803 1718 διειλημμέ-

1017 1732 1090 1769 νους]
1109 1733 1238 1768 τρόπους.

1055 1778 1097 1810 ιζ’.
1108 1778 1139 1804 Et
1147 1777 1175 1804 δὲ
1186 1777 1280 1809 παῖδες
1290 1777 1345 1804 εἰσὶ
1352 1777 1391 1814 τῷ
1398 1775 1643 1813 δευτερογαμοῦντι
1651 1773 1803 1811 προσώπῳ,

1020 1822 1058 1858 μὴ
1071 1822 1144 1858 ἔχειν
1154 1822 1234 1850 αὐτὸν
1244 1823 1336 1851 ἀδειαν
1349 1823 1507 1859 χαρίζεσθαι
1517 1824 1551 1858 τῇ
1566 1821 1680 1857 δευτέρᾳ
1694 1821 1803 1855 γυναικὶ

1019 1868 1104 1896 πλείω
1116 1869 1175 1901 ένδς
1187 1869 1283 1901 παιδὸς
1298 1871 1396 1905 μοῖραν
1408 1868 1542 1905 [μοίρας],
1554 1868 1601 1896 τοῦ
1614 1870 1645 1896 ὲκ
1660 1867 1802 1903 προτέρων

1017 1916 1101 1944 αὐτοῦ
1112 1916 1219 1951 γάμων,
1244 1917 1277 1943 ὲκ
1296 1916 1347 1951 τῆς
1369 1916 1438 1948 ἰδίας
1456 1915 1624 1950 περιουσίας,
1650 1914 1712 1941 καθ’
1729 1914 1803 1940 οἱαν-

1016 1963 1116 1999 δήποτε
1135 1962 1302 1998 φιλοτιμίαν.
1324 1962 1440 1997 Ὁμοίως
1454 1963 1482 1989 δὲ
1501 1963 1532 1988 τὸ
1544 1962 1610 1988 αὐτὸ
1624 1961 1803 1996 παραφυλατ-

1018 2007 1107 2035 τέσθω
1127 2007 1415 2044 [παραφυλάττεσθαι]
1445 2007 1492 2034 καὶ
1507 2007 1554 2034 ἐπὶ
1567 2007 1617 2041 τῆς
1640 2006 1803 2042 διυτερογα-

1021 2053 1125 2089 μούσης
1139 2053 1279 2088 γυναικὸς,
1303 2053 1445 2089 προδήλως
1474 2053 1578 2087 ταύτης
1610 2051 1657 2079 τὸν
1681 2050 1736 2077 ἀπὸ
1754 2050 1802 2077 τοῦ

1019 2099 1115 2136 καιροῦ
1126 2100 1176 2134 τῆς
1189 2099 1318 2134 τελευτῆς
1327 2098 1375 2126 τοῦ
1389 2099 1498 2135 πρώτου
1512 2098 1608 2132 ἀνδρὸς
1624 2097 1804 2133 παραφυλατ-

1018 2147 1120 2182 τούσης
1131 2147 1363 2182 δωδεκαμηνιαῖον
1377 2146 1483 2181 χρόνον.

1057 2196 1102 2228 ιη’.
1121 2193 1153 2220 Εἰ
1175 2193 1203 2219 δὲ
1222 2192 1259 2228 μὴ
1282 2192 1490 2227 περατωθέντος
1507 2192 1555 2219 τοῦ
1581 2190 1679 2226 καιροῦ
1704 2190 1802 2217 τούτου

979 2226 1007 2257 D
1019 2226 1310 2274 δευτεραγαμήσειῖαί.
1322 2226 1489 2273 human],
1504 2237 1600 2272 ἄτιμος
1618 2236 1703 2268 ἔσται,
1719 2236 1803 2272 μηδὲν

1015 2285 1048 2311 ὲκ
1066 2283 1114 2310 τοῦ
1134 2283 1269 2318 προτέρου
1288 2282 1337 2318 [αι.
1361 2282 1484 2319 πρώτου]
1499 2283 1596 2318 ἀνδρὸς
1621 2282 1804 2317 κερδαίνουσα

1017 2328 1078 2355 καθ’
1092 2328 1247 2363 οἱανδήποτε
1259 2328 1370 2363 τρόπον.
1380 2327 1646 2363 Παραφυλαττούσης
1664 2327 1692 2354 δὲ
1703 2327 1801 2361 αὐτῆς,

1016 2373 1054 2406 ὡς
1068 2373 1188 2410 εῐρηται,
1199 2373 1246 2401 τὸν
1261 2374 1413 2409 ὡρισμένον
1424 2374 1530 2409 χρόνον,
1543 2373 1705 2408 κομίζεσθαι
1716 2373 1802 2407 αὐτὴν

1016 2419 1066 2455 τὴν
1089 2419 1157 2446 ιδίαν
1172 2420 1284 2454 προῖκα,
1316 2419 1384 2455 μιτά
1399 2419 1520 2451 καὶτῶν,
1545 2419 1583 2451 ὡς
1600 2419 1683 2451 εἰκὸς,
1697 2419 1803 2453 ἀποχα-

1018 2464 1165 2500 ρισθέντων
1193 2464 1261 2500 αὐτῇ
1279 2465 1309 2491 ὲν
1325 2464 1474 2500 ὲπαυξήσει
1502 2464 1553 2498 τῆς
1579 2464 1691 2501 προικὸς
1704 2464 1800 2499 αὐτῆς.

1023 2509 1195 2542 Ὡσαύτωςᾶ
1210 2510 1258 2537 καὶ
1272 2510 1318 2538 τὸν
1332 2510 1419 2546 ἄνδρα
1429 2512 1469 2542 εἰς
1482 2510 1576 2546 ἕτερον
1588 2510 1803 2546 περιερχόμενον

1018 2555 1196 2587 συνοικέοιιον.
1215 2555 1300 2591 μηδὲν
1316 2557 1349 2583 ὲκ
1364 2556 1413 2591 τῆς
1426 2556 1564 2592 προτέρας
1575 2556 1660 2582 αὐτοῦ
1672 2556 1802 2590 γυναικὸς

1017 2602 1178 2637 λαμϐάνειν.
1205 2603 1237 2629 Ei
1264 2602 1292 2630 δὲ
1306 2603 1476 2638 ὑπάρχουσιν
1499 2603 1626 2638 ἀνήλικοι
1646 2602 1752 2635 παῖδες,
1766 2603 1802 2629 τὰ

1016 2648 1121 2676 τούτων
1131 2648 1282 2683 πράγματα
1295 2649 1520 2684 παραφυλάττειν
1540 2647 1635 2680 αὐτὸν,
1652 2647 1748 2683 μέχρις
1767 2647 1803 2674 ἂν

1015 2695 1070 2722 τῶν
1085 2693 1199 2721 ἐντελῶν
1214 2694 1356 2728 γένωνται.

1052 2740 1095 2767 ιθ¹.
1114 2740 1144 2767 Ei
1155 2740 1185 2767 δὲ
1198 2741 1246 2767 καὶ
1253 2739 1308 2766 τῶν
1321 2739 1436 2767 ἐντελῶν
1446 2739 1511 2772 τίσι,
1527 2738 1694 2775 παρέχεσθαι
1707 2738 1802 2770 αὐτοῖς

1017 2786 1183 2814 ἀπεντεωεν
1211 2786 1262 2822 ἤδη
1276 2785 1310 2812 τά
1329 2785 1444 2820 μητρῷα
1464 2785 1557 2812 αὐτῶν
1578 2785 1693 2816 ἐντελῶς
1713 2785 1803 2820 πράγ-

1018 2840 1102 2866 ματα.

1053 2881 1085 2905 κ¹.
1102 2878 1131 2904 Εἰ
1149 2877 1176 2903 δὲ
1191 2878 1236 2904 καὶ
1250 2878 1438 2913 τεκνωποιὴσει
1458 2879 1548 2914 ἐκτῆς
1567 2877 1698 2915 δευτέρας
1708 2887 1804 2914 γυναι-
