1938 3070
143 160 194 193 501

774 165 968 196 DELECTUS
988 167 1130 197 LEGUM.

1707 170 1762 201 502

139 217 198 249 κδς,
218 217 265 244 καὶ
282 218 373 254 συμϐῇ
389 218 470 245 αὐτὸν
481 219 654 255 τελευτῆσαι,
674 219 767 247 ἄδειαν
783 220 855 255 ἔχειν
882 221 929 248 καὶ

989 222 1026 254 -ἰι,
1041 228 1067 251 et
1082 224 1168 259 ipsum
1184 223 1315 252 decedere
1330 225 1488 261 contigerit:
1502 225 1617 255 facultas
1631 232 1690 255 esto
1707 233 1760 256 tam

138 264 174 290 τὰ
188 264 283 300 πρῶτα
296 265 343 292 καὶ
354 266 387 291 τὰ
395 265 508 301 δεύτερα
520 266 604 293 τέκνα
617 266 662 294 τὸν
671 266 737 294 ἴδιον
747 267 928 303 κληρονομεῖν

139 310 259 344 πατέρα,
277 310 377 345 ὁμοίως
392 311 438 337 καὶ
452 311 502 348 τὴν
518 312 635 348 μητέρα.

175 354 228 380 κα”.
245 353 277 381 Ἦ
285 355 523 391 δευτερογαμοῡσα
536 358 617 393 γυνὴ,
632 357 732 394 ἔχουσα
745 359 777 385 ἐκ
788 358 835 386 τοῦ
848 358 926 394 πρώ-

137 408 185 426 του
201 401 291 436 γάμου
307 402 418 434 παῖδας,
437 403 548 430 αίτιίτω
564 404 617 439 πρὸ
629 404 677 432 τοῦ
703 405 928 440 συναλλάγματος

137 445 185 472 τοῦ
199 446 326 482 δευτέρου
341 447 433 482 γάμου
449 442 615 484 ἐπιτρόπους
631 452 688 482 τοῖς
715 451 809 477 παισὶν
830 451 927 486 αὐτῆς,

139 494 187 520 καὶ
197 493 286 526 οὕτως
301 495 522 524 συναλλασσὲτω.
536 497 568 524 Et
583 498 638 534 γὰρ
653 500 691 533 μὴ
705 498 786 526 τοῦτο
799 499 925 535 γένηται,

139 538 278 566 ὑπεύθυνα
302 540 337 567 τὰ
365 541 450 577 αὐτῆς
467 541 532 575 εισι,
557 542 665 570 καὶτοῦ
690 543 816 580 δευτέρου
841 545 928 580 αὐτῆς

138 584 235 619 ἀνδρὸς
251 585 403 620 πράγματα
417 588 578 623 γενήσονται
592 589 640 616 ἐπὶ
650 590 683 624 τῇ
701 590 926 617 ἀποκαταστάσει

139 628 194 655 τῶν
207 629 365 665 ἀνηκόντων
379 633 436 665 τοῖς
453 633 524 666 νέοις
538 634 680 670 πατρικῶν
693 634 784 662 αὐτῶν
799 635 930 671 πραγμά-

140 683 204 703 των.

437 747 562 775 ΤΙΤΔοΣῖ
583 748 634 778 ll".

306 803 377 837 Περὶ
388 802 444 838 τῆς
455 804 575 837 λύσεως
586 804 641 831 τοῦ
657 804 764 839 γάμου.

177 857 211 886 α’.
225 858 281 895 Τῆς
291 859 434 886 ἀδιαλύτου
444 860 499 886 τῶν
510 860 635 896 γαμικῶς
647 862 675 888 ἐν
686 861 780 897 Κυρίῳ
788 860 932 896 συμϐιούν-

142 911 196 931 των
219 894 343 936 ἐνώσεως
360 905 376 939 ὴ
403 905 450 932 τοῦ
475 894 592 931 κτίστου
608 906 655 932 καὶ.
672 894 844 941 Δημιουργδῦ
872 905 926 932 τῶν
942 894 965 926 Β

142 949 272 975 ἁπάντων
297 948 365 976 Θεοῦ
394 949 474 983 σοφία
502 950 620 985 ὑπάρχει
644 950 815 983 διδάσκαλος.
843 950 929 984 Λύτδς

141 994 196 1028 γὰρ
214 994 254 1026 είς
272 994 304 1021 τδ
318 992 387 1021 εἶναι
404 994 579 1030 παραγαγὼν
601 996 631 1029 ἐξ
654 996 705 1022 οὒκ
727 995 812 1023 ὄντων
824 997 869 1023 τον
884 997 931 1024 ἆν-

142 1039 262 1075 θρωπον,
273 1039 304 1066 ού
320 1041 365 1068 τὸν
380 1041 461 1067 αὑτὸν
475 1041 523 1068 καὶ
539 1041 591 1077 τὴν
608 1042 726 1075 γυναῖκα
751 1041 852 1069 πλάσαι
867 1042 931 1078 τρό-

143 1093 192 1112 πον
207 1084 334 1120 ἠθέλησε,
349 1086 453 1121 καίπερ
466 1086 623 1121 δυνάμενος,
641 1087 701 1114 ἀλλ’
717 1088 750 1114 ἐκ
777 1087 823 1114 τοῦ
834 1088 931 1124 ἁνδρδς

142 1130 245 1166 ταύτην
271 1131 502 1167 ἐδημιούργησεν,
532 1132 577 1159 ἵνα
595 1133 650 1167 τῆς
671 1133 816 1168 ήνωμὲνης
840 1134 930 1169 σοφῶς

145 1178 209 1211 μιᾶς
224 1178 255 1203 ἐν
270 1177 346 1204 δυάδι
359 1178 514 1212 προσώπων
530 1179 632 1214 σαρκδς
647 1179 698 1213 τῆς
711 1179 841 1214 συζυγίας
851 1189 933 1215 νομο-

144 1223 246 1258 θετήσῃ
259 1224 288 1249 τδ
311 1223 497 1255 ἀδιάζευκτον.
510 1224 593 1251 Ὅθεν
615 1225 675 1252 ούδέ
692 1225 741 1260 τὴν
764 1227 881 1259 γυναῖκα
897 1228 930 1263 τῇ

146 1267 272 1304 ὑποθήκῃ
286 1269 332 1295 τοῦ
342 1269 430 1304 ὄφεως
443 1269 491 1304 τῆς
504 1270 606 1305 πικρᾶς
617 1269 656 1305 τῷ
671 1270 747 1305 ἀνδρὶ
757 1271 931 1306 κατάρξασαν

146 1314 278 1348 γεύσεως,
294 1315 348 1342 ἀπὸ
363 1315 458 1342 τούτου
483 1315 616 1352 ἐχώρισεν
627 1324 634 1331 ·
666 1316 721 1343 οὐδ’
736 1315 769 1343 αὖ
786 1317 831 1344 τὸν
847 1317 932 1353 ἄνδρα

146 1361 196 1395 τῆς
212 1361 381 1396 Δεσποτικῆς
397 1361 506 1397 ἐντολῆς
526 1361 576 1398 τὴν
591 1362 747 1398 παράϐασιν
764 1365 797 1398 τῇ
805 1363 933 1398 ὂμοζύγῳ

147 1407 400 1442 συνεργασάμενον,
427 1407 529 1443 ταύτης
546 1407 698 1442 διέζευξεν·
714 1408 782 1435 ἀλλὰ
806 1409 855 1444 τὴν
880 1408 930 1444 μὲν

147 1452 285 1488 ἁμαρτίαν
297 1453 420 1485 ἐκόλασε,
433 1453 481 1489 τὴν
492 1454 520 1481 δὲ
528 1453 657 1488 συζυγίαν
674 1454 724 1481 οὐκ
737 1454 827 1482 ἔλυσε.
838 1454 932 1492 Ταύτῃ

146 1499 236 1525 τοίνυν
251 1500 283 1534 τῇ
303 1500 411 1535 ἐνεργεῖ
422 1499 569 1536 νομοθεσίᾳ
584 1498 662 1532 αὖθις
689 1500 736 1527 καὶ
753 1500 825 1536 λόγῳ
840 1509 932 1536 κυρω-

148 1543 226 1580 θείσῃ
237 1543 312 1579 παρὰ
322 1545 369 1571 τοῦ
381 1545 542 1577 κτίσαντος,
561 1545 633 1572 κατὰ
646 1545 690 1572 τὸν
703 1546 797 1581 καιρὸν
810 1547 860 1582 τῆς
877 1546 931 1573 τῶν
946 1565 968 1597 C

146 1590 302 1626 Φαρισαίων
320 1590 388 1627 πρὸς
412 1591 492 1618 αὑτὸν
525 1592 695 1627 ἐρωτήσεως,
725 1592 749 1618 εἰ
764 1591 869 1624 ἔξεστιν
884 1592 933 1620 ἀν-

149 1635 252 1672 θρώπῳ
281 1636 352 1664 κατὰ
370 1638 460 1664 πᾶσαν
475 1637 566 1665 αἰτίαν
594 1638 724 1665 ἀπολύειν
749 1639 799 1674 τὴν
813 1640 934 1673 γυναῖκα

149 1682 243 1715 αὑτοῦ,
259 1683 306 1709 καὶ
317 1683 524 1719 ἀποκριθέντος,
543 1684 605 1716 τοὺς
620 1683 672 1710 ύπὺ
687 1683 754 1710 Θεοῦ
769 1682 934 1719 ζευχθέντας

151 1727 286 1763 μηδαμῶς
306 1728 359 1756 ὑπὸ
384 1729 530 1766 ἀνθρώπου
553 1729 689 1766 παρεκτὸς
706 1729 787 1763 λόγου
804 1729 934 1764 πορνείας

150 1775 328 1809 χωρίζεσθαι,
342 1774 584 1808 ἑξακολουθοῦντές
597 1784 626 1802 τε
638 1776 685 1802 καὶ
700 1775 869 1810 πειθόμενοι,
880 1775 936 1802 οὐδ’

150 1822 230 1856 ἡμεῖς
245 1821 338 1857 ἕτερόν
357 1831 383 1848 τι
403 1823 561 1858 νομοθετεῖν
573 1822 642 1857 ὑπὲρ
658 1821 753 1849 τούτου
773 1821 935 1857 βουλόμεθα.

157 1867 230 1894 Ἀλλ’
245 1869 339 1904 ἐπειδὴ
355 1869 386 1895 τὺ
399 1870 448 1903 τῆς
463 1868 563 1900 κακίας
574 1866 644 1899 εἶδος
653 1868 791 1903 ἐπιμελῶς
804 1869 861 1899 τοῖς
874 1867 940 1894 πολ-

150 1912 206 1944 λοῖς
231 1914 285 1939 τῶν
309 1913 461 1949 ἀνθρώπων
492 1905 713 1948 ἐμποέξιτεύεται,
739 1912 786 1939 καὶ
810 1912 937 1939 ἐντεῦθεν

152 1959 331 1994 ἀγαπητικῶς
346 1959 415 1994 πρὸς
445 1959 576 1995 ἀλλήλους
603 1958 641 1994 μὴ
667 1958 845 1992 διακείμενοι,
867 1956 939 1984 κατὰ

153 2004 254 2034 πολλὰς
264 2004 363 2036 αίτίας,
377 2004 423 2031 καί
440 2013 504 2031 ποτε
520 2004 558 2040 μὴ
580 2003 663 2036 οὓσας
678 2003 816 2035 τοιαύτας,
831 2002 940 2030 ποιοῦν-

152 2058 198 2077 ται
210 2050 260 2086 τῆς
278 2050 380 2077 ἑαυτῶν
407 2050 585 2085 συμϐιώσεως
604 2050 652 2085 τὴν
672 2049 821 2082 διάξουσιν,
847 2048 938 2084 ῥητῶς

153 2095 270 2123 ἐνθεῖναι
279 2095 329 2132 [αι.
339 2096 388 2131 τὴν
396 2095 529 2129 διάταξιν,
540 2096 618 2127 ἐκτὸς
630 2095 760 2131 ἐνθεῖναι]
771 2097 804 2130 τῇ
814 2094 939 2130 παρούσῃ

154 2142 311 2178 νομοθεσίᾳ,
329 2142 362 2168 δι’
378 2139 416 2170 ὧν
437 2142 472 2169 τὰ
492 2142 649 2169 συνοικέσια
661 2141 782 2174 λύονται,
798 2140 853 2167 τῶν
868 2140 942 2167 δεόν-

154 2197 209 2215 των
222 2189 382 2224 ἐκρίναμεν.

978 268 1083 303 primis,
1097 278 1176 303 quam
1189 271 1318 298 secundis
1330 271 1432 305 liberis,
1445 273 1515 306 patri
1524 280 1573 302 suo
1581 273 1760 308 succedendi;

978 314 1128 350 eodemque
1143 316 1222 343 modo
1239 321 1266 343 et
1283 317 1374 344 matri.

1013 361 1059 389 2i.
1076 361 1171 389 Mulier
1185 363 1318 389 secundas
1334 363 1442 397 nuptias
1465 365 1642 398 contrahens,
1656 373 1716 400 quae
1729 366 1763 393 de

978 407 1062 442 priori
1087 408 1211 443 conjugio
1229 409 1328 436 liberos
1343 409 1434 444 habet,
1451 415 1514 438 ante
1536 412 1648 439 secundi
1671 413 1764 439 matri-

978 454 1061 480 monii
1077 459 1251 482 contractum
1275 455 1367 483 liberis
1391 457 1448 484 suis
1463 461 1563 485 tutores
1582 462 1665 491 petat,
1681 463 1708 485 et
1726 459 1762 485 ita

977 499 1131 526 contrahat.
1148 499 1253 535 Quippe
1267 500 1290 528 si
1305 501 1356 529 hoc
1368 502 1470 529 factum
1484 510 1536 530 non
1555 502 1646 535 fuerit,
1657 507 1684 529 et
1701 509 1764 531 sunt

978 544 1072 579 ipsius,
1089 549 1115 572 et
1132 550 1212 573 erunt
1235 547 1346 575 secundi
1371 548 1460 575 mariti
1477 548 1546 576 bona
1573 548 1691 584 obligata
1713 557 1762 577 no-

979 590 1051 618 mine
1075 592 1256 621 restitutionis
1272 600 1368 621 earum
1393 600 1496 627 rerum,
1519 602 1580 629 qua:
1598 595 1633 622 ad
1646 595 1764 623 minores

979 642 1012 663 ex
1026 637 1201 665 successione
1219 642 1332 671 paterna
1347 639 1493 674 pertinent,

1255 745 1407 774 TITULUS
1425 745 1494 774 XIII.

1193 798 1230 829 De
1238 802 1368 829 solutione
1382 802 1554 830 matrimonii.

1022 857 1045 884 l.
1060 857 1276 894 lndissolubilem
1297 849 1402 892 eorum,
1419 859 1466 894 qui
1486 859 1536 886 sub
1549 859 1608 894 lege
1622 858 1764 886 matrimo-

980 903 1018 931 nii
1045 910 1098 930 una
1122 903 1216 930 vivunt
1238 903 1265 931 in
1288 904 1414 934 Domino.
1439 903 1656 939 coniunctionem
1680 911 1763 931 esse:

982 947 1040 984 ipsa
1055 956 1103 976 nos
1119 949 1230 984 Opiﬁcis
1248 954 1274 977 ct
1292 949 1428 978 Creat0ris
1439 951 1558 978 omnium
1573 950 1619 978 Dei
1633 950 1764 986 sapientia

982 992 1084 1022 docuit.
1106 993 1131 1022 Is
1149 995 1232 1028 enim,
1253 1003 1338 1030 quum
1363 996 1499 1024 hominem
1517 996 1550 1024 de
1574 996 1659 1024 nihilo
1675 1003 1765 1024 rerum

981 1039 1008 1067 in
1026 1045 1149 1067 naturam
1169 1041 1360 1076 produxisset:
1379 1049 1430 1069 non
1452 1042 1486 1070 ad
1508 1041 1633 1070 eumdem
1658 1042 1765 1068 modum

983 1091 1011 1113 et
1024 1085 1166 1114 mulierem
1191 1087 1293 1122 ﬁngere
1313 1086 1407 1120 voluit,
1419 1088 1542 1123 quamvis
1557 1087 1583 1115 id
1598 1087 1687 1115 facere
1704 1093 1767 1121 pos-

982 1137 1022 1159 set
1039 1139 1045 1158 :
1063 1139 1157 1160 verum
1174 1133 1243 1160 hanc
1261 1140 1276 1160 ε
1291 1133 1349 1161 viro
1368 1133 1498 1166 condidit,
1517 1137 1547 1160 ut
1559 1133 1641 1161 unitae
1659 1132 1768 1168 copula-

983 1181 1070 1212 taeque
1089 1178 1227 1212 sapienter
1251 1169 1332 1207 u'nius
1357 1179 1384 1206 in
1402 1179 1528 1214 personis
1555 1179 1659 1206 duabus
1677 1178 1768 1206 carnis

984 1223 1190 1259 inseparabilem
1208 1226 1425 1260 conjunctionem
1443 1226 1571 1254 sanciret.
1586 1225 1766 1259 Quamobrem

985 1277 1035 1297 nec
1063 1270 1218 1304 mulierem,
1241 1279 1301 1306 quae
1325 1272 1499 1307 suggestione
1527 1273 1671 1307 serpentis,
1696 1271 1769 1299 illius

985 1323 1084 1343 amarae
1112 1317 1171 1344 viro
1194 1317 1389 1352 degustationis
1415 1318 1583 1345 occasionem
1606 1316 1768 1352 praebuerat,

985 1362 1018 1388 ab
1040 1369 1073 1390 eo
1089 1362 1226 1396 separavit
1248 1371 1256 1389 :
1280 1370 1330 1390 nec
1354 1363 1476 1390 vicissim
1494 1362 1591 1396 virum,
1617 1363 1663 1397 qui
1682 1362 1768 1390 herile

988 1407 1145 1435 mandatum
1162 1407 1213 1435 uria
1236 1416 1297 1436 cum
1321 1409 1435 1444 conjuge
1457 1409 1559 1437 violare
1576 1408 1769 1441 fueratausus,

985 1453 1019 1480 ab
1033 1460 1064 1480 ea
1086 1453 1205 1488 sejunxit
1221 1455 1289 1482 :sed
1312 1459 1453 1489 peccatum
1475 1454 1591 1489 punivit,
1613 1453 1769 1489 coniugium

987 1499 1098 1526 minime
1111 1499 1246 1528 dissolvit.
1270 1499 1339 1527 Huic
1354 1508 1418 1536 ergo
1436 1508 1484 1528 nos
1503 1500 1615 1533 eilicaei,
1631 1505 1658 1527 et
1673 1507 1770 1527 rursus

986 1543 1071 1578 ipsius
1077 1544 1233 1573 Conditoris
1239 1545 1423 1580 pronuntiatio
1431 1545 1598 1574 conﬁrmatae
1612 1545 1675 1580 legi,
1686 1552 1769 1580 quum

984 1596 1000 1616 a
1021 1589 1165 1618 Pbarisaais
1181 1590 1407 1625 interrogaretur,
1434 1598 1468 1618 an
1487 1590 1590 1618 homini
1605 1590 1724 1625 qualibet
1737 1597 1770 1617 ex

983 1643 1065 1664 causa
1077 1643 1152 1664 suam
1166 1644 1278 1666 uxorem
1292 1637 1436 1673 repudiare
1448 1637 1539 1671 liceat,
1550 1641 1576 1664 et
1588 1637 1645 1673 ipse
1657 1644 1771 1672 respon-
1815 1630 1827 1634 ”

984 1681 1072 1716 deret,
1086 1690 1100 1709 a
1117 1682 1173 1710 Deo
1193 1682 1353 1718 conjunctos
1374 1690 1543 1718 nequaquam
1566 1683 1599 1711 ab
1612 1678 1720 1710 homine
1731 1690 1771 1710 se-

984 1729 1130 1762 parandos,
1145 1732 1222 1756 extra
1235 1736 1345 1767 causam
1361 1729 1551 1761 scortationis:
1568 1729 1630 1757 huic
1643 1736 1707 1764 ergo
1719 1736 1769 1757 nos

986 1779 1013 1801 et
1032 1775 1199 1810 insistentes,
1216 1780 1243 1803 et
1257 1775 1487 1809 obtemperantes,
1506 1783 1675 1810 nequaquam
1696 1775 1771 1802 aliud

986 1820 1122 1855 quidpiam
1145 1820 1180 1848 de
1198 1821 1248 1848 hoc‘
1264 1816 1384 1849 statuere
1399 1821 1534 1849 volumus.
1549 1821 1602 1848 Sed
1613 1821 1684 1848 enim
1709 1828 1770 1848 cum

987 1865 1045 1900 ipsa
1063 1866 1174 1894 malitiae
1190 1858 1297 1902 species
1308 1867 1457 1902 nlmiopere
1471 1874 1500 1895 se
1517 1866 1638 1901 pluribus
1654 1867 1773 1895 homini-

989 1912 1040 1940 bus
1054 1912 1170 1947 ingerat,
1182 1921 1269 1948 eaqne
1284 1913 1318 1941 de
1331 1920 1413 1941 causa
1435 1913 1542 1948 quoties
1560 1920 1654 1948 parum
1677 1919 1773 1939 aman-

989 1961 1030 1985 ter
1040 1965 1102 1992 erga
1123 1965 1153 1986 se
1174 1959 1288 1986 invicem
1306 1958 1394 1986 aﬁ‘ecti
1419 1963 1495 1991 sunt,
1518 1965 1552 1985 ex
1569 1958 1651 1985 variis
1671 1957 1771 1991 causis,

988 2011 1048 2038 quae
1061 2011 1254 2039 nonnunquam
1277 2005 1315 2032 ita
1328 2009 1491 2040 comparatae
1505 2012 1557 2032 "0|!
1573 2008 1648 2037 sunt,
1663 2011 1776 2031 consue-

990 2049 1111 2077 tudinem
1126 2049 1189 2077 vitae
1201 2054 1321 2077 mutuam
1331 2050 1461 2077 dirimant
1476 2057 1483 2076 :
1499 2049 1601 2077 diserte
1615 2049 1698 2076 inseri
1712 2048 1775 2077 huic

992 2095 1084 2129 legum
1110 2095 1329 2130 promulgationi,
1345 2095 1444 2130 quibus
1466 2102 1499 2123 ex
1519 2095 1610 2123 causis
1631 2094 1774 2123 matrimo-

990 2141 1034 2168 nia
1051 2140 1201 2174 solvantur,
1219 2141 1405 2169 necessarium
1421 2140 1562 2168 duximus.

192 2233 225 2269 β’.
254 2234 356 2261 Λύεται
375 2236 389 2262 ὁ
417 2234 487 2270 ἀνὴρ
505 2233 559 2262 ἀπὸ
583 2232 713 2268 γυναικδς
738 2232 783 2260 διὰ
812 2232 935 2264 τοιαύτας

1026 2228 1054 2256 2.
1069 2228 1182 2256 Maritus
1199 2229 1233 2257 ab
1254 2236 1339 2257 uxore
1355 2233 1465 2264 propter
1488 2229 1572 2257 hasce
1594 2236 1691 2257 causas
1705 2229 1774 2257 diri-

154 2279 255 2312 αἰτίας·
278 2280 338 2306 Ἐὰν
353 2280 369 2315 ή
401 2279 469 2314 γυνή
483 2277 565 2305 αὑτοῦ
578 2277 729 2313 πορνεύσῃ.
746 2277 811 2304 Ἐὰν
827 2277 940 2304 ἐπιδου-

154 2325 239 2362 λεύσῃ
247 2326 397 2361 οίῳδήποτε
411 2325 503 2360 τρόπῳ
514 2325 547 2360 τῇ
557 2324 614 2360 ζωῇ
632 2322 724 2354 αὐτοῦ,
738 2323 754 2358 ἢ
769 2321 939 2357 ἐπισταμένη

156 2372 266 2407 ἐτέρους
282 2370 518 2404 ἐπιϐουλιύοντας,
534 2369 572 2406 μὴ
580 2368 763 2406 καταμηνύσῃ
775 2368 860 2404 αὐτῷ.
876 2367 939 2395 Ἐὰν

155 2416 230 2452 λωὸή
245 2418 330 2444 ἐστιν.

193 2467 227 2498 γ’.
249 2462 365 2498 ὀμοίως
388 2461 417 2489 δὲ
445 2461 527 2497 καὶὴ
559 2460 629 2496 γυνὴ
643 2460 696 2487 ἀπὸ
711 2459 758 2487 τοῦ
786 2458 882 2494 ἀνδρὸς
897 2458 941 2486 διὰ

157 2509 286 2541 τοιαύτας
305 2508 394 2540 αίτὶας
410 2507 572 2543 χωρίζεταιι
591 2506 656 2533 Ἐὰν
672 2505 826 2540 ἀδυνατήσῃ
845 2506 859 2532 ὁ
873 2504 943 2541 ἀνὴρ

159 2555 205 2582 ἐπὶ
226 2554 330 2589 τριετίᾳ
346 2545 400 2580 ante
419 2552 516 2588 καιροῦ
531 2552 578 2580 τοῦ
590 2551 709 2587 γαμικοῦ
721 2550 943 2586 συναλλάγματος

158 2603 191 2638 τῇ
207 2601 295 2637 οἰκείᾳ
319 2600 431 2635 μιγῆναι
446 2599 566 2634 γυναικί.
585 2598 648 2625 Ἐὰν
676 2597 858 2633 ἐπιϐουλεύσῃ
878 2597 943 2633 οίῳ-

159 2647 259 2681 δήποτε
275 2644 368 2680 τρόπῳ
381 2646 415 2679 τῇ
429 2644 485 2679 ζωῇ
499 2643 596 2677 αὐτῆς,
611 2643 628 2678 ἢ
643 2643 826 2678 ἐπιστάμενος
847 2641 945 2673 ἄλλους

161 2690 354 2722 ἐπιϐουλευτὰς
365 2689 414 2727 [σί.
439 2688 688 2724 ἐπιϐουλεύοντας],
704 2688 742 2724 μὴ
762 2687 946 2725 καταμηνύσῃ

161 2738 241 2772 αὐτῇ.
260 2736 315 2763 Καὶ
329 2735 377 2763 ἐὰν
392 2735 477 2766 λωῦός
494 2735 578 2761 ἐστιν.

197 2783 229 2811 δ’.
241 2783 272 2809 Et
287 2781 315 2809 δὲ
332 2781 423 2816 συμϐῇ
433 2780 462 2814 ἐξ
473 2779 563 2806 αὐτῶν
576 2778 624 2805 ἕνα
644 2776 713 2813 μετὰ
732 2777 777 2804 τον
789 2776 879 2813 γάμον
892 2777 945 2804 ὑπὸ

162 2829 289 2864 δαίμονος
310 2827 489 2863 κυριευθῆναι
507 2824 556 2861 [αι.
580 2822 772 2860 κρουσθῆναι],
788 2824 835 2850 καὶ¹
851 2824 883 2850 ἐκ
896 2823 946 2858 τῆς

164 2875 290 2910 τοιαύτης
315 2874 406 2906 αἰτίας
417 2874 463 2900 ἀπ’
477 2872 600 2908 ἀλλήλων
617 2871 654 2907 μὴ
669 2869 844 2906 χωρίζεσθαι.
863 2870 945 2897 Ἀνευ

990 2275 1073 2303 mitur
1088 2283 1095 2302 :
1111 2275 1140 2302 Si
1160 2282 1228 2303 uxor
1241 2274 1300 2309 ejus
1318 2279 1436 2303 scortata
1452 2275 1547 2303 luerit.
1566 2274 1593 2303 Si
1614 2282 1777 2310 quocunque

990 2321 1070 2348 modo
1095 2320 1220 2348 insidiata
1240 2319 1322 2348 fuerit
1345 2320 1403 2355 ejus
1418 2319 1490 2352 vitae,
1509 2320 1551 2348 vel
1564 2320 1636 2348 alios
1652 2320 1776 2348 insidiari

989 2366 1090 2401 sciens,
1107 2366 1224 2402 idipsum
1240 2366 1264 2394 ei
1280 2374 1333 2394 non
1352 2366 1494 2394 detexerit.
1511 2365 1540 2394 Si
1555 2366 1662 2402 leprosa
1678 2366 1726 2394 sit.

1028 2456 1055 2484 '5.
1073 2456 1205 2484 Similiter
1216 2459 1244 2484 et
1261 2463 1330 2483 uxor
1344 2462 1359 2483 a
1376 2455 1474 2484 marito
1485 2460 1598 2491 propter
1616 2456 1699 2485 hasce
1715 2463 1780 2484 cau-

994 2509 1038 2529 sas
1052 2506 1194 2536 separatur
1206 2510 1213 2528 :
1231 2502 1258 2529 Si
1274 2502 1387 2529 maritns
1401 2508 1416 2529 a
1430 2506 1551 2536 tempore
1565 2502 1773 2530 matrimonialis

993 2551 1149 2574 contractus
1161 2554 1223 2574 cum
1242 2554 1327 2575 uxore
1348 2554 1397 2575 sua
1424 2547 1542 2575 triennio
1557 2547 1631 2575 coire
1646 2548 1776 2582 nequive«

993 2593 1039 2621 rit.
1055 2593 1084 2620 Si
1094 2600 1258 2629 quocunque
1272 2593 1352 2621 modo
1366 2593 1429 2621 vitae
1439 2593 1534 2621 uxoris
1548 2593 1660 2621 insidias
1669 2599 1780 2622 struxe-

994 2640 1040 2673 rit,
1056 2639 1098 2667 vel
1117 2647 1200 2674 quum
1215 2639 1284 2668 alios
1296 2643 1404 2667 struere
1428 2639 1521 2674 sciret,
1547 2640 1663 2675 idipsum
1683 2640 1708 2668 ei
1727 2648 1778 2669 non

995 2685 1167 2714 iudicaverit.
1184 2685 1213 2713 Si
1225 2685 1342 2721 denique
1358 2686 1481 2720 leprosos
1493 2687 1538 2714 sit.

1032 2777 1059 2805 4.
1074 2777 1109 2804 At
1123 2775 1145 2804 si
1160 2774 1314 2810 contigerit,
1337 2779 1368 2802 ut
1389 2774 1518 2802 alteruter
1531 2781 1626 2802 eorum
1642 2778 1702 2809 past
1725 2774 1778 2802 ini-

998 2829 1056 2852 tum
1080 2820 1282 2849 matrimonium
1305 2824 1452 2855 occupetur
1472 2827 1487 2846 a
1506 2820 1576 2847 malo
1597 2820 1676 2855 genio
1699 2828 1706 2846 :
1727 2828 1781 2848 non

999 2872 1112 2905 possunt
1124 2875 1156 2896 ex
1172 2867 1325 2904 hujusmodi
1343 2875 1423 2896 causa
1439 2874 1454 2895 a
1472 2873 1501 2895 se
1518 2866 1632 2896 invicem
1649 2868 1780 2902 separari.
