1938 3070
176 120 231 151 503

681 118 934 149 CONSTANTINI
955 117 1297 149 PORPHYROGENITI

1742 111 1798 144 5οι

175 177 287 210 Absque
307 175 349 202 llis
371 181 435 201 vero
455 175 544 202 causis
566 174 692 209 cognitis,
713 174 762 201 viri
783 175 958 209 mulierisque

1023 173 1035 199 ὲ
1053 173 1108 199 τῶν
1130 166 1226 200 αἰτιῶν
1240 172 1343 198 τούτων
1367 170 1423 198 τῶν
1439 170 1660 206 γνωριζομένων,
1692 169 1729 205 μὴ
1752 169 1800 196 δύ-

175 220 341 247 consortium
357 219 447 247 dirimi
470 227 522 246 non
542 223 644 254 potest,
660 220 808 247 secundum
834 219 871 252 id,
887 217 959 254 quod

176 265 306 298 scriptum
321 268 362 291 est
379 272 386 290 :
405 273 415 290 ι
431 263 504 297 Quos
521 263 591 292 Deus
607 265 758 300 conjunxit,
777 265 857 293 homo
868 271 902 292 ne
913 271 958 292 se-

175 314 261 344 paret.
277 319 286 334 ι

448 355 600 384 TITULUS
620 355 690 383 XIV.

174 399 213 426 De
228 399 287 426 dote
302 399 412 434 scripta,
430 405 455 426 et
475 408 525 427 non
541 404 689 433 numerata,
708 400 789 435 deque
800 399 861 434 jure
880 399 958 426 dotis.

211 485 238 512 1.
250 483 302 517 Qui
314 489 390 512 cavet
407 485 433 512 in
449 485 570 520 scriptis,
580 485 622 512 vel
639 485 698 512 sine
712 485 856 520 scriptura,
869 491 898 511 se
912 485 961 512 do-

178 535 231 557 tem
246 531 395 565 accepisse,
420 531 442 558 si
459 538 490 558 ea
510 538 565 557 non
580 530 710 564 solvatur,
724 530 812 565 major
828 530 905 557 annis
921 529 962 556 vi-

178 576 245 611 ginti
260 576 380 611 quinque
395 577 531 604 licentiam
547 576 638 608 habet,
657 583 717 604 eam
734 581 793 611 post
806 576 912 611 nuptias
927 575 961 602 ad

178 621 392 656 quinquennium
409 629 495 657 usque
509 622 641 649 duntaxat
669 621 788 656 petendi,
804 625 832 648 et
851 621 877 648 in
894 621 961 648 soli-

177 668 240 695 dum
264 668 423 703 accipiendi,
450 675 531 702 quum
560 667 655 702 puellze
678 672 803 703 parentes
824 667 959 702 promissa

177 714 322 748 praestandi
339 714 493 742 tacultatem
509 713 619 741 habent.

213 760 241 786 2.
258 759 286 786 Si
300 759 351 786 hoc
366 766 417 786 non
434 758 539 792 iecerit,
562 763 589 786 et
605 758 708 794 impleri
722 758 855 793 promissa
870 758 961 793 negle-

179 805 261 838 xerit,
291 805 413 832 mulieris
428 805 496 840 parti
514 809 630 837 tenetttr,
651 805 728 840 juxta
748 805 801 832 vim
815 804 960 837 cautionis,

178 858 258 885 quam
273 851 408 885 exposuit.
431 850 508 883 Quod
529 851 551 878 si
566 851 654 878 minor
670 855 723 883 est,
739 855 799 886 post
813 850 959 884 completos
977 841 999 869 Β

177 897 271 932 viginti
287 897 406 932 quinque
417 905 514 930 annos,
529 903 556 925 et
573 897 646 925 aliud
662 902 792 933 prieterea
807 898 961 932 quinquen-

177 943 264 974 nium,
279 947 372 978 petere
392 943 554 977 promissam
572 943 622 971 sibi
641 943 730 970 dotem
749 947 849 977 potest,
863 950 961 970 secun-

177 990 239 1016 dum
257 989 411 1016 cautionem
427 989 523 1024 ipsius.
538 989 604 1016 Nam
626 989 731 1025 integre
746 989 822 1016 linito
836 989 881 1016 illo
894 993 962 1016 tem-

177 1034 252 1068 poris
265 1036 445 1063 determinato
456 1036 553 1070 spatio,
566 1035 703 1063 licentiam
714 1043 767 1062 non
777 1035 857 1063 habet
867 1035 963 1071 agendi

178 1081 212 1108 de
238 1088 291 1108 non
316 1086 456 1109 numerata
478 1081 550 1109 dotis
570 1081 642 1109 illius
658 1086 745 1109 cautae
759 1081 872 1116 pecunia
892 1082 963 1110 :sed

180 1131 299 1159 tenetur,
319 1127 359 1154 uti
381 1126 551 1157 dictum'est.
567 1127 638 1162 parti
660 1127 800 1160 mulieris,
816 1132 896 1163 prout
907 1127 964 1162 ipse

180 1173 263 1199 cavit.

215 1309 242 1336 5.
255 1307 342 1341 Quum
365 1308 462 1336 mulier
476 1309 575 1336 marito
590 1315 640 1336 suo
657 1308 747 1336 dotem
765 1307 853 1340 atteri.
880 1309 901 1336 si
918 1309 964 1335 ad-

180 1361 261 1382 verso
276 1354 391 1389 quodam
405 1362 469 1382 casu
484 1354 610 1388 accidat,
626 1358 656 1382 ut
670 1354 777 1382 damnis
791 1355 904 1382 maritus
924 1354 965 1381 ai“-

178 1399 297 1433 ﬁciatur,
309 1400 352 1427 vel
366 1407 402 1428 tes
415 1399 531 1428 alienum
545 1400 698 1433 contrahat,
711 1401 769 1428 sive
782 1408 844 1435 erga
858 1400 964 1434 iiscum,

179 1446 238 1474 sive
254 1446 335 1473 aliam
350 1454 414 1482 erga
428 1453 584 1481 personam,
600 1451 628 1473 at
645 1445 748 1473 vivendi
765 1446 844 1472 tinem
860 1445 964 1478 iaciat,

184 1498 237 1518 nec
261 1490 355 1523 ﬁscus,
377 1498 425 1518 nec
448 1491 592 1525 quisquam
617 1489 686 1517 alius
709 1489 845 1518 licentiam
869 1489 1001 1536 habeatc

185 1536 327 1563 invadendi
339 1537 448 1563 domum
460 1536 530 1570 ejus,
557 1539 585 1562 et
606 1535 705 1570 aliquid
721 1534 967 1568 auferendi,donec

181 1581 233 1616 ipsi
252 1581 358 1608 mulieri
374 1580 443 1608 dotis
458 1588 514 1608 suae
535 1581 644 1608 nomine
658 1579 827 1608 satisfactum
843 1579 889 1607 sit.
908 1579 966 1613 Qua

181 1627 279 1659 soluta,
294 1633 353 1664 quae
370 1631 525 1661 supersunt,
546 1633 595 1661 pro
609 1630 667 1653 rata
682 1625 834 1654 creditores
854 1625 925 1653 inter
938 1632 968 1653 se

182 1672 334 1708 partiantnr

465 1737 615 1768 TITULUS
634 1738 692 1767 XV.

182 1791 224 1819 De
243 1791 406 1826 simplicibus
430 1791 627 1824 donationibus,
649 1791 697 1818 Ιιοε
711 1796 765 1821 ut.
784 1799 845 1817 cum
876 1790 968 1817 statim

218 1835 283 1854 usus
300 1831 325 1853 et
343 1826 494 1862 proprietas
517 1834 615 1857 rerum,
640 1826 691 1862 vel“
707 1827 853 1862 proprietas
875 1833 967 1852 earum

216 1860 366 1893 duntaxat;
386 1860 433 1887 aut
455 1867 511 1894 pou
532 1865 638 1887 mortem
656 1860 736 1886 alicui
756 1860 941 1895 relinquuntur
957 1866 967 1886 :

218 1899 300 1930 deque
309 1897 396 1923 causis
409 1903 442 1923 ea;
455 1896 550 1930 quibus
577 1895 731 1922 donationes
746 1894 897 1930 hujusmodi
924 1902 967 1922 re-

217 1932 383 1959 scindantur.

220 1991 248 2018 i.
270 1989 346 2018 Citra
368 1989 530 2025 scripturam
557 1988 671 2024 simplex
693 1988 724 2016 ﬁt
753 1988 885 2021 donatio,
906 1995 967 2016 cum

181 2036 227 2071 qui
246 2039 379 2063 maturam
394 2039 500 2063 aetatem
525 2035 625 2070 attigit,
649 2035 720 2070 apud
735 2035 856 2070 quinque
873 2039 966 2068 testes,

182 2082 228 2109 vel
253 2082 324 2117 apud
349 2086 413 2114 tres,
430 2081 478 2109 tibi
495 2082 616 2116 quaedam
634 2082 691 2109 suis
705 2088 739 2108 ex
753 2082 833 2109 rebus
850 2082 968 2110 donave-

181 2128 228 2155 rit.
249 2127 374 2162 Quinque
399 2127 508 2162 quidem
535 2131 618 2155 testes
643 2132 734 2159 sunto,
759 2127 785 2155 in
812 2127 879 2155 locis
895 2132 968 2156 recte

1011 219 1108 246 νασθαι
1132 218 1295 253 ἀνδρόγυνον
1323 217 1497 250 διαλύεσθαι,
1522 217 1594 244 κατὰ
1620 216 1650 243 τδ
1672 224 1799 251 γεγραμ-

1012 265 1091 300 μένον
1103 273 1109 280 -
1127 273 1136 290 ι
1158 264 1219 290 ’Ότι
1243 263 1289 296 οὒς
1303 264 1316 290 ὀ
1330 263 1396 295 Θεὸς
1416 262 1587 296 συνέζευξεν,
1600 262 1745 298 ἄνθρωπος
1760 261 1800 296 μὴ

1010 309 1161 345 χωριζέτω.
1185 319 1195 335 ι

1309 355 1434 382 ΤΙΤΛΟΣ
1446 355 1494 382 ΙΔ’.

1011 401 1081 436 Περὶ
1104 401 1160 436 τῆς
1176 401 1417 436 καταγραφείσης
1432 400 1565 434 προικὸς,
1581 400 1631 436 καί
1650 398 1797 426 £11600“-

1159 444 1229 470 σης,
1241 435 1291 463 καί
1305 437 1372 471 περὶ
1382 436 1500 463 δικαίου
1517 435 1651 469 προικός.

1047 491 1081 515 α’.
1105 487 1134 514 '0
1151 487 1291 522 ὁμολογῶν
1305 487 1452 523 ἐγγράφως
1469 487 1486 522 ἢ
1509 486 1641 522 ἀγράφως
1664 486 1798 519 ὑποδέξα-

1013 533 1075 560 σθαι
1089 534 1201 568 προῖκα,
1221 533 1259 568 μὴ
1283 532 1477 568 πληρουμένης
1505 532 1601 568 αὐτῆς,
1628 532 1729 567 μείζων
1743 531 1800 557 τῶν

1012 579 1050 606 κε’
1063 579 1131 606 ἐτῶν
1146 579 1238 606 ἄδειαν
1254 578 1310 615 ἔχει
1335 579 1403 614 μετὰ
1422 579 1468 606 τὸν
1482 578 1570 614 γάμον
1588 579 1671 613 μέχρι
1697 586 1799 604 mna-

1012 625 1090 657 ετοῦς
1103 626 1199 660 χρόνου
1215 626 1263 652 καὶ
1291 625 1371 661 μόνον
1382 624 1484 659 ταύτην
1499 624 1650 659 ἐπιζητεῖν,
1663 624 1709 650 καὶ
1724 623 1800 650 ὲντε-

1011 671 1065 702 λῶς
1076 671 1249 706 κομίζεσθαι,
1266 670 1456 706 εὐπορούντων
1475 670 1530 697 τῶν
1543 669 1644 704 γονέων
1656 669 1705 705 τῆς
1715 669 1802 704 κόρης

1011 717 1045 744 τὰ
1060 717 1247 752 ὑποσχιθέντα
1261 716 1336 752 αὐτῷ
1346 717 1558 752 ἀποπληρῶσαι.

1048 762 1080 799 β’.
1099 764 1130 791 E!
1153 763 1182 790 δὲ
1197 763 1277 790 τοῦτο
1302 763 1341 798 μὴ
1366 763 1478 798 ποιήσῃ,
1501 763 1549 790 καὶ
1565 761 1691 798 ἀμελήσῃ
1712 761 1802 788 ταῦτα

1012 809 1264 846 ἀππληρωθῆναι,
1293 808 1453 835 ὑποκεῖσθαι
1476 808 1558 835 αὑτὸν
1588 807 1627 843 τῷ
1651 807 1727 843 μέρει
1750 807 1802 841 τῆς

1012 855 1151 889 γυναικὸς,
1172 854 1242 881 κατὰ
1253 855 1302 889 τὴν
1313 853 1427 889 δύναμιν
1439 854 1495 880 τῶν
1516 854 1583 889 παρ’
1596 853 1680 880 αὑτοῦ
1706 853 1802 888 δμολου

1012 900 1161 936 γηθέντων.
1173 900 1282 927 Ἦττων
1290 900 1318 926 δὲ
1331 900 1472 935 ὑπάρχων,
1486 899 1555 934 μετὰ
1564 899 1614 935 τὴν
1627 898 1802 934 ἐκπλήρωσιν

1012 946 1066 973 τῶν
1077 946 1116 973 κε’
1131 945 1272 978 ἐνιαυτῶν,
1284 946 1331 972 καὶ
1345 945 1445 982 ἐτέρων
1463 945 1545 972 πέντε
1559 945 1672 981 χρόνων,
1688 944 1802 972 δύναται

1013 992 1154 1027 ἐπιζητεῖν
1172 990 1222 1027 τὴν
1234 991 1430 1026 ὑποσχεθεῖσαν
1443 990 1518 1026 αὑτῷ
1535 991 1648 1026 προῖκα,
1665 989 1737 1017 κατὰ
1749 991 1801 1024 τὴν

1013 1037 1097 1065 αὑτοῦ
1110 1037 1264 1073 ὁμολογίαν.
1276 1036 1483 1073 Περαιουμένης
1495 1036 1550 1071 γάρ
1566 1036 1636 1063 κατὰ
1649 1035 1695 1062 τὸν
1706 1035 1802 1070 ἐντελῆ

1014 1083 1109 1118 χρόνον
1121 1082 1171 1118 τῆς
1188 1082 1344 1118 ὁρισθείσης
1357 1080 1536 1117 προθεσμίας,
1556 1081 1594 1116 μὴ
1617 1080 1689 1116 ἔχειν
1719 1080 1803 1107 αὑτὸν

1014 1128 1107 1155 ἄδειαν
1124 1129 1210 1154 κινεῖν
1229 1127 1294 1163 περὶ
1309 1127 1361 1162 τῆς
1374 1127 1542 1163 ἀναργυρίας
1561 1125 1638 1163 [περὶ
1649 1126 1698 1161 τὴν
1712 1126 1797 1159 ἀναρ‹

1013 1173 1125 1209 γυρίαν]
1137 1173 1187 1208 τῆς
1203 1172 1332 1207 τοιαύτης
1352 1172 1566 1206 ὀμολογηθείσης
1583 1171 1704 1207 προικός.
1720 1170 1802 1198 Ἀλλὰ

1014 1219 1172 1246 ὑποκεῖσθαι
1190 1218 1282 1250 αὑτὸν,
1297 1217 1370 1245 καθὰ
1379 1217 1496 1253 εἴρηται.
1509 1217 1546 1253 τῷ
1559 1217 1695 1252 μέρειτῆς
1705 1224 1802 1251 γυναι-

1014 1265 1072 1297 ·κδς,
1090 1265 1159 1292 κατὰ
1175 1265 1210 1292 τὰ
1224 1265 1288 1300 παρ’
1302 1264 1384 1291 αὑτοῦ
1396 1264 1606 1299 ὁμολογηθέντα.

1049 1314 1084 1346 γ’.
1104 1311 1136 1338 'H
1162 1310 1231 1346 γυνὴ
1250 1311 1399 1344 εἰσάγουσα
1415 1310 1515 1345 προῖκα
1543 1308 1676 1344 τῷθὰνδρὶ
1704 1308 1802 1343 αὐτῆς,

1016 1355 1141 1392 εἰσυμΰῇ
1167 1356 1221 1383 ἀπδ
1237 1355 1380 1390 συμφορᾶς
1395 1363 1467 1386 τινος
1485 1354 1531 1381 τὸν
1551 1353 1634 1390 ἄνδρα
1654 1354 1803 1380 ὑποπεσεῖν

1015 1403 1056 1432 εἰς
1071 1401 1182 1436 ζημίας,
1212 1400 1281 1436 ἢείς
1298 1400 1376 1435 χρέη,
1393 1399 1448 1427 εἴτε
1465 1399 1503 1434 τῷ
1532 1399 1665 1435 δημοσίῳ,
1680 1399 1697 1433 ἦ
1713 1398 1801 1434 έτέρρ

1016 1446 1165 1482 προσώπῳ,
1181 1446 1228 1473 καὶ
1239 1445 1413 1480 τελευτήσει·
1425 1445 1463 1480 μὴ
1474 1444 1546 1479 ἔχειν
1565 1444 1656 1472 ἄδειαν
1670 1445 1739 1480 μήτε
1755 1443 1802 1471 τὸν

1016 1492 1154 1527 δημόσιον,
1177 1491 1247 1526 μήτε
1275 1490 1368 1526 ἓτερον
1383 1490 1529 1526 ἄνθρωπον
1549 1490 1677 1526 ἐπιϐῆναι
1694 1491 1734 1521 εἰς
1754 1489 1801 1516 τὸν

1017 1535 1091 1563 οἷκον
1101 1536 1195 1569 αὑτοῦ,
1211 1536 1258 1562 καὶ
1273 1536 1374 1571 ἐπᾶραί
1382 1544 1418 1567 τι,
1436 1536 1533 1571 μέχρις
1551 1536 1613 1562 ὅτου
1637 1537 1653 1571 ἡ
1668 1536 1736 1571 γυνὴ
1752 1536 1803 1572 τὴν

1019 1583 1087 1610 ἰδίαν
1099 1582 1183 1616 αὑτῆς
1194 1582 1294 1617 προῖκα
1309 1581 1506 1617 ἁποπληρωθῇ.
1515 1581 1592 1608 Μετὰ
1603 1581 1631 1608 δὲ
1640 1582 1690 1617 τὴν
1700 1582 1804 1617 ταύτης

1017 1629 1167 1664 πλήρωσιν,
1185 1628 1219 1654 τὰ
1235 1627 1453 1663 περισσευόμενα
1473 1627 1543 1655 κατὰ
1560 1627 1707 1663 άνομορίαν
1723 1627 1803 1664 [ἀνα-

1017 1672 1122 1709 λογίαν]
1142 1673 1166 1699 οἱ
1179 1672 1376 1709 χρεωφειλέται
1391 1671 1605 1708 μεριζέσθωσαν.

1309 1737 1435 1765 ΤΙΤΛΟΣ
1451 1735 1503 1766 ΙΕ’.

1017 1791 1085 1825 Περὶ
1096 1790 1212 1824 δωρεῶν
1222 1789 1338 1822 ἁπλῶν.
1354 1790 1451 1825 ἤγουν
1460 1789 1645 1817 ἁπεντεῦθεν
1659 1789 1717 1824 ἤδη
1732 1789 1804 1824 χρή-

1053 1834 1131 1858 σεως
1140 1826 1188 1852 καί
1203 1825 1380 1858 δεσποτείας
1391 1825 1581 1859 πραγμάτων,
1591 1825 1610 1859 ἢ
1624 1825 1803 1857 δεσποτείας

1052 1860 1152 1888 αὐτῶν
1167 1861 1274 1894 μόνον,
1285 1860 1303 1893 ἢ
1312 1860 1388 1894 μετὰ
1402 1860 1531 1886 θάνατον
1545 1861 1603 1894 τίνι
1617 1861 1803 1894 καταλιμπα-

1053 1891 1201 1929 νομένωὶο·
1220 1891 1271 1921 καί
1288 1891 1354 1928 περὶ
1374 1895 1486 1927 αίτίων,
1511 1894 1546 1927 ἐξ
1557 1891 1601 1922 ὧν
1616 1896 1646 1922 αι
1670 1891 1803 1922 τοιαῦται

1053 1930 1157 1964 δωρεαί
1167 1930 1391 1964 ἀνατρέπονται.

1055 1993 1090 2017 α’.
1107 1990 1252 2025 ’Δγράφως
1270 1988 1417 2025 [ἄγραφος]
1441 1989 1512 2024 ἁπλῆ
1523 1989 1612 2025 δωρεὰ
1635 1989 1802 2021 συνίσταται,

1018 2037 1062 2064 ὅτε
1074 2045 1117 2069 τις
1129 2036 1185 2063 τῶν
1198 2037 1314 2064 ὲντελῶν
1330 2036 1462 2072 ὑπάρχων
1479 2036 1594 2071 χρόνων,
1610 2037 1657 2063 ἐπὶ
1677 2036 1768 2068 πέντε,
1785 2035 1802 2071 ἢ

1018 2084 1065 2110 καὶ
1077 2082 1160 2119 τριῶν
1170 2083 1327 2118 μαρτύρων,
1335 2082 1490 2118 δωρήσηταί
1504 2082 1546 2109 σοί
1570 2090 1632 2109 τινα
1641 2082 1695 2109 τῶν
1706 2081 1802 2109 ἑαυτοῦ

1018 2128 1207 2164 πραγμάτων·
1224 2128 1310 2155 ’πέντε
1328 2127 1378 2164 μὲν
1397 2128 1552 2163 μαρτύρων,
1564 2129 1602 2160 είς
1616 2127 1713 2159 τόπους
1739 2135 1803 2154 συν-

181 2174 348 2206 constitutis.
364 2178 391 2202 et
403 2173 447 2201 ubi
466 2173 640 2207 reperiuntur
656 2172 780 2201 homines
794 2181 801 2199 :
819 2178 874 2201 tres
890 2180 964 2206 vero,

1023 2174 1194 2209 ισταμένους,
1214 2174 1262 2200 καὶ
1271 2173 1475 2209 εὑρισκομένων
1487 2172 1638 2208 ἀνθρώπων
1648 2181 1654 2188 ·
1675 2172 1759 2208 τριῶν
1774 2172 1802 2198 δὲ

181 2229 209 2247 ιη
221 2220 287 2248 locis
301 2219 440 2252 solitariis,
456 2223 484 2247 et
499 2219 543 2246 ubi
555 2225 684 2246 numerus
695 2219 813 2253 quinque
825 2218 965 2247 hominum

181 2273 236 2295 non
252 2266 400 2294 invenitur.

216 2312 244 2340 2.
269 2312 323 2339 Per
338 2311 500 2346 scripturam
518 2310 632 2346 simplex
646 2309 756 2338 donatio
780 2309 819 2342 iit,
834 2316 918 2344 quum
934 2309 967 2338 ab

181 2366 225 2391 eo,
241 2358 288 2392 qui
307 2357 455 2392 perfectam
470 2361 576 2384 aetatem
594 2356 661 2391 agit,
680 2355 842 2389 subscriptio
856 2362 966 2390 compo-

180 2403 233 2430 sita
248 2402 346 2436 fuerit;
359 2402 508 2437 eademque
519 2402 595 2437 juxta
605 2401 763 2437 praedictum
777 2401 884 2429 modum
897 2401 966 2435 apud

180 2449 300 2484 quinque
328 2452 417 2476 tresve
440 2452 533 2481 testes,
550 2448 583 2476 ad
601 2448 654 2475 hoc
671 2451 791 2480 vocatos,
804 2447 967 2476 testimoniis

181 2495 367 2530 comprobata,
383 2499 411 2522 et
423 2493 555 2522 absoluta.

215 2542 242 2569 5.
259 2541 295 2568 At
309 2541 332 2568 si
351 2540 411 2575 quis
424 2540 596 2568 donationem
613 2540 639 2567 in
659 2540 775 2575 aliquem
791 2541 842 2569 hac
857 2540 915 2579 lege
927 2539 966 2568 le—

181 2587 259 2619 cerit,
276 2591 305 2613 ut
321 2587 344 2614 is
359 2590 421 2621 post
442 2586 545 2614 obitum
566 2586 649 2621 ipsius
664 2594 708 2614 res
721 2587 771 2614 sibi
784 2587 899 2615 donatas
913 2594 967 2614 csa

181 2634 252 2668 piat;
267 2638 294 2661 et
307 2633 449 2661 confestim
471 2632 663 2668 proprietatem
681 2632 823 2660 dumtaxat
838 2633 862 2660 ei
881 2633 966 2660 dona~

182 2679 253 2707 verit
269 2688 275 2706 :
289 2679 345 2706 haec
360 2686 466 2713 quoque
478 2678 599 2711 donatio,
609 2678 742 2712 scriptura
758 2677 966 2710 interveniente,

183 2724 255 2759 apud
271 2729 355 2751 testes
376 2724 506 2758 quinque,
524 2723 565 2751 vel
584 2728 639 2752 tres
654 2724 700 2751 iiat
717 2732 724 2751 :
748 2723 897 2752 secundum
919 2729 966 2750 eos

183 2770 289 2801 modos,
303 2769 348 2804 qui
363 2773 442 2796 antea
460 2773 524 2796 sunt
539 2769 665 2804 expositi.

222 2815 245 2842 ᾧ.
262 2813 325 2848 Qum
343 2817 452 2849 propter
473 2814 701 2848 exspectationem
717 2814 810 2842 mortis
837 2813 866 2841 iit
881 2813 964 2842 dona-

1019 2221 1060 2252 είς
1071 2221 1170 2251 τόπους
1177 2220 1226 2255 ὲρή
1231 2228 1309 2254 μους,
1321 2222 1368 2247 καὶ
1376 2220 1413 2255 μὴ
1426 2219 1620 2255 εὑρισκομένου
1628 2218 1674 2246 τοῦ
1685 2219 1803 2254 ἀριθμοῦ

1017 2266 1072 2292 τῶν
1086 2265 1178 2292 πέντε.

1055 2311 1087 2346 β’.
1104 2312 1261 2347 Ἔγγραφος
1275 2311 1349 2347 ἁπλῆ
1373 2311 1464 2347 δωρεὰ
1487 2310 1654 2342 συνίσταται,
1681 2311 1725 2337 ὅτε
1749 2310 1803 2337 ὑπὸ

1018 2355 1065 2382 τοῦ
1091 2356 1194 2383 τέλειον
1222 2355 1335 2391 ἄγοντος
1356 2355 1464 2391 ἡλικίαν
1493 2357 1612 2391 συνταγῇ
1643 2355 1801 2391 ὑπογραφὴ.

1018 2403 1065 2429 καὶ
1076 2402 1147 2429 κατὰ
1157 2402 1204 2429 τδν
1213 2402 1411 2438 προειρημένον
1421 2404 1531 2437 τρόπον,
1543 2403 1588 2429 ἐπὶ
1600 2401 1679 2429 πέντε
1690 2401 1706 2437 ἢ
1719 2402 1802 2437 τριῶν

1020 2448 1176 2484 μαρτύρων,
1189 2448 1319 2475 ἐπὶτοῦτο
1332 2447 1565 2485 προσκληθέντων,
1575 2448 1720 2484 ἐγγράφως
1733 2456 1801 2483 μαρ-

1017 2494 1122 2530 τυρηθῇ
1136 2495 1182 2521 καὶ
1198 2493 1330 2529 ἀπολυθῇ.

1055 2543 1090 2574 γ’.
1108 2540 1139 2566 El
1163 2539 1191 2566 δέ
1204 2548 1247 2571 τις
1270 2540 1378 2575 ποιήσει
1402 2540 1506 2576 δωρεὰν
1530 2540 1569 2571 εῐς
1587 2548 1656 2570 τινα,
1675 2540 1743 2574 πρὸς
1772 2540 1802 2568 τὸ

1020 2586 1090 2621 μετὰ
1107 2585 1157 2620 τὴν
1171 2585 1297 2621 τελευτὴν
1314 2586 1396 2612 αὑτοῦ
1410 2585 1501 2613 λαϐεῖν
1512 2586 1546 2612 τὰ
1560 2585 1715 2621 δωρηθέντα
1726 2586 1801 2621 αὑτῷ

1018 2630 1179 2666 πράγματα,
1195 2630 1241 2656 καὶ
1255 2630 1418 2658 ἀπεντεῦθεν
1434 2630 1484 2667 ἢδη
1508 2630 1558 2666 τὴν
1572 2630 1730 2658 δεσποτείαν
1754 2629 1802 2668 καὶ

1020 2676 1100 2712 μόνον
1122 2675 1279 2711 δωρήσηται
1305 2674 1398 2711 αὐτῷ’
1423 2675 1470 2702 καὶ
1492 2675 1541 2710 τὴν
1558 2674 1687 2709 τοιαύτην
1697 2673 1802 2709 δωρεὰν

1018 2721 1165 2757 ἐγγράφως
1191 2722 1238 2748 ἐπὶ
1253 2720 1335 2748 πέντε
1363 2721 1380 2757 ἢ
1397 2720 1480 2756 τριῶν
1504 2719 1652 2756 μαρτύρων
1663 2719 1799 2754 γίνεσθαι,

1018 2767 1089 2794 κατὰ
1099 2766 1161 2797 τοὺς
1172 2766 1388 2802 προειρημένους
1400 2767 1528 2801 τρόπους.

1052 2812 1082 2838 δ’.
1107 2811 1138 2838 'H
1152 2811 1197 2838 διὰ
1217 2811 1381 2847 προσδοκίαν
1396 2811 1512 2839 θανάτου
1535 2811 1634 2847 δωρεὰ,
1649 2811 1708 2846 ἦτοι
1727 2809 1799 2846 μετὰ
