1938 3070
81 153 138 188 505

713 154 910 187 DELECTUS
930 157 1073 189 LEGUM.

1651 158 1708 192 506

84 211 236 240 ἀποδιωσιν
244 211 291 238 τοῦ
304 211 474 247 δωρουμένου
494 212 545 247 τὴν
562 211 692 239 σύστασιν
706 211 817 247 ἔχουσα,
830 213 873 248 γί-

938 213 974 245 ἰο,
999 215 1056 241 sive
1071 221 1131 249 qum
1150 219 1210 250 post
1225 221 1369 243 excessum
1387 214 1512 242 donantis
1537 222 1570 243 ex
1595 214 1645 243 hac
1658 217 1713 243 vita

85 266 160 285 νεται
187 257 236 284 καὶ
262 257 343 293 αὑτὴ.
357 257 395 288 ὡς
408 257 538 292 ἀνωτέρω
559 257 720 292 δεδήλωται,
733 258 776 285 διά
787 267 817 285 τε
827 259 875 285 τοῦ

85 302 267 338 δωρουμένου,
282 303 329 330 καὶ
341 303 423 330 πέντε
433 303 540 339 ἢτριῶν
553 303 700 339 μαρτύρων
709 304 874 340 ὑπογραφῆς

84 349 261 384 πληρουμένη
266 369 273 376 .

120 393 152 422 ε’.
165 395 197 421 El
211 394 239 421 δὲ
248 393 328 426 αὐτὸς
346 394 360 420 ὁ
370 393 540 429 δωρούμενος
554 393 712 429 διατάξηται
728 394 876 430 ἐγγράφως

85 440 115 465 ἐν
133 441 166 474 τῇ
188 439 257 474 αὐτῇ
269 439 358 474 δωρεᾷ
377 439 460 466 αὐτοῦ
477 439 697 474 μεταμεληθῆναι
711 440 727 475 ἢ
743 440 870 475 διαστρές

85 484 134 518 ψαι
147 484 196 519 τὴν
217 483 346 518 τοιαύτην
370 485 491 520 δωρεάν·
507 485 610 519 ταύτην
624 483 696 511 εἶναι
712 485 874 520 κεκυρωμέ-

86 538 145 565 νην,
163 529 243 564 μόνον
260 530 302 556 ἵνα
318 529 426 565 δηλωθῇ
453 531 470 565 ἡ
482 529 605 562 διάταξις
627 530 711 556 αὐτοῦ
725 530 772 557 καὶ
791 531 821 558 ὲν
835 530 875 566 τῷ

87 575 159 610 ὕφει,
177 576 224 602 καὶ
237 576 305 610 ὲντῇ
322 575 468 611 ὑπογραφῇ
488 575 582 602 αὑτοῦ.

121 624 161 652 ς’.
174 621 253 647 Πᾶσα
266 621 357 656 δωρεὰ
372 621 554 656 ἀνατρέπεται
566 620 612 648 διὰ
625 620 754 652 τοιαύτας
766 620 869 652 αἰτίας⁶

87 665 119 692 Εἰ
131 665 146 691 ὸ
157 666 206 700 τὴν
217 665 322 700 δωρεὰν
334 665 424 692 λαϐὼν
438 666 584 701 ἀχάριστος
603 666 668 700 περὶ
692 665 738 692 τδν
749 664 876 701 δωρησά-

88 719 169 746 μενον
185 711 296 747 εὑρεθῇ.
315 711 345 738 Et
359 711 489 746 τραχείας
512 710 608 746 ὕϐρεις
634 711 765 747 ἐπαγάγῃ
782 710 875 745 αὐτῷ·

85 757 103 792 ἢ
121 757 192 792 τύψῃ
208 757 289 784 αὐτόν
301 765 308 772 ·
327 757 343 792 ἢ
361 757 495 792 μεγίστην
505 756 609 792 ζημίαν
623 757 762 792 ἐπενέγκῃ
779 755 855 791 αὐτῷ
867 763 874 771 ·

85 801 103 836 ῆ
130 801 360 836 ὲπιὸουλεὺσηται
385 803 418 837 τῇ
436 801 493 838 ζωῇ
514 801 615 828 αὑτοῦ*
630 801 647 837 ἢ
664 801 699 828 τὰ
726 808 877 836 συμφωνη-

86 846 179 880 θέντα,
192 847 234 882 ἐφ’
244 844 284 879 οἷς
297 848 314 883 ή
325 847 416 883 δωρεὰ
427 847 574 882 ιγγράφως
588 847 604 882 ἢ
617 847 748 882 ἀγράφως
755 846 874 880 ἐγένετο,

88 891 126 927 μὴ
143 892 286 929 πληρωθῇ.
301 893 375 925 Μιᾶς
399 893 452 928 γὰρ
466 893 499 920 εκ
518 892 622 920 τούτων
651 892 707 920 τῶν
722 891 819 918 αίτιῶν
845 892 875 918 ιν

85 936 255 972 δικαστηρίῳ
275 937 518 973 ἀποδεικνυμένης,
531 937 570 969 ὡς
586 938 705 974 εἴρηται,
722 937 875 973 ἀνατρέπε-

86 991 142 1010 ται.

371 1042 496 1069 ΤΙΤΛΟΣ
518 1041 579 1076 ις’.

86 1094 155 1128 Περί
173 1093 232 1121 τῶν
248 1094 464 1129 κεκωλυμένων
488 1093 671 1122 διατίθεσθαι
693 1095 874 1129 προσώπων,

121 1129 251 1164 καὶπερὶ
271 1129 423 1163 διαθηκῶν
447 1129 602 1164 ἐγγράφων
623 1129 673 1156 καί
687 1129 838 1164 ἀγράφων.

123 1191 157 1214 α’.
174 1188 333 1214 κωλύονται
348 1187 541 1223 [κεκώλυνται]
552 1187 731 1221 διατίθεσθαι,
746 1189 772 1215 οἱ
785 1189 818 1215 ὲκ
832 1197 877 1215 νο-

87 1234 210 1268 σήματός
223 1241 297 1265 τινος
319 1235 348 1260 ἐν
363 1233 511 1268 παραφορᾷ
525 1233 612 1266 ὄντες,
632 1233 681 1260 καὶ
694 1234 718 1259 ol.
732 1234 853 1269 ἁνὴλικοι
865 1242 873 1249 ·

88 1279 135 1304 καὶ
145 1278 170 1304 οί
181 1278 231 1313 μὲν
242 1279 356 1314 ἄρρενες
364 1279 475 1313 ἥττονες
487 1278 541 1305 τῶν
551 1278 699 1306 δεκαπέντε
713 1278 792 1313 ἑτῶν,
802 1279 830 1305 αι
843 1279 873 1305 δὲ

89 1323 196 1359 θήλειαι
215 1323 326 1358 ἥττονες
337 1323 390 1350 τῶν
403 1327 436 1358 ιγ’
451 1323 540 1351 οὖσαι.

127 1368 160 1404 β’.
184 1370 215 1396 Οί
233 1369 377 1401 διαπαντὸς
405 1369 575 1404 μαινόμενοι,
593 1369 641 1396 καὶ
655 1370 679 1397 οἱ
707 1369 875 1403 ὑπεξούσιοι,

89 1416 156 1443 ἄνευ
173 1415 226 1442 τῶν
241 1416 399 1450 ίδιοκτήτων
417 1416 602 1451 πραγμάτων.
618 1416 666 1448 Είς
682 1416 711 1443 δὲ
725 1417 760 1444 τὰ
777 1418 808 1444 ὲκ
820 1416 877 1443 τῶν

89 1461 191 1495 γονέων
202 1461 358 1488 ὲπιὸοθέντα
369 1461 461 1493 αὐτοῖς
475 1461 587 1497 ὀνόματι
603 1462 728 1498 προικὸς,
751 1462 789 1498 μὴ
805 1462 879 1497 ἔχειν

89 1506 187 1537 αὐτοὺς
198 1505 290 1533 ἄδειαν
300 1505 347 1532 τοῦ
360 1505 539 1533 διατίθεσθαι.

927 259 1010 286 robur
1026 259 1118 293 habet,
1134 261 1215 288 etiam
1231 261 1288 294 ipsa
1313 261 1423 294 perinde
1440 261 1479 292 lit.
1496 266 1523 288 ut
1537 261 1659 296 superius
1672 266 1714 289 est

926 303 1073 331 indicatum
1092 313 1100 332 :
1118 312 1220 339 perque
1235 305 1375 332 donatoris
1400 309 1426 332 et
1441 305 1561 340 quinque
1577 305 1618 333 vel
1630 305 1713 333 triunt

927 348 1036 375 testium
1052 348 1294 383 subscriptionem,
1307 349 1457 383 perﬁcitur.

962 392 987 420 5.
1004 393 1081 425 Quod
1098 395 1120 420 si
1135 393 1251 420 donator
1268 394 1326 428 ipse
1341 401 1388 428 per
1399 394 1561 428 scripturam
1575 394 1603 422 in
1619 395 1713 423 eadem

927 437 1144 466 donatione‘sua
1161 438 1326 473 disposuerit
1351 443 1380 465 ut
1409 440 1544 474 poenitere
1559 440 1655 474 possit,
1673 440 1715 467 vel

926 481 1058 516 ejusmodi
1081 483 1254 511 donationem
1279 491 1430 511 revocare:
1446 489 1503 511 rata
1525 485 1560 511 sit
1575 484 1632 520 ipsa
1649 493 1715 512 con-

930 529 1009 562 ditio,
1024 531 1210 557 tantummodo
1227 535 1256 557 ut
1276 530 1444 565 exprimatur
1457 530 1514 557 hac
1527 530 1586 564 eius
1602 530 1716 564 disposi-

927 575 965 602 tio
980 579 1033 601 tam
1051 575 1077 602 in
1094 579 1233 608 contextu,
1252 582 1333 609 quam
1351 575 1435 609 ipsius
1449 575 1643 609 susCriptione.

962 620 990 648 6.
1004 619 1098 648 Omnis
1126 620 1237 648 donatio
1253 625 1363 655 propter
1388 627 1485 647 causas
1501 619 1654 654 liujusmodi
1672 627 1715 648 re-

925 665 1078 692 scinditur:
1092 665 1120 693 Si
1135 665 1168 697 is,
1184 665 1228 693 cui
1243 665 1272 692 lit
1285 666 1405 698 donatio,
1419 657 1539 700 inﬁmus
1552 673 1617 700 erga
1630 666 1714 694 dona-

928 714 1014 737 torem
1032 705 1159 738 inVentus
1172 710 1276 745 fuerit;
1292 711 1314 738 si
1335 716 1441 739 atroces
1455 711 1493 738 illi
1511 710 1625 744 injurias
1642 712 1717 738 intu-

927 754 999 788 lerit,
1023 759 1071 783 aut
1091 763 1152 783 eum
1179 756 1372 789 verberaverit,
1396 761 1445 785 aut
1473 757 1591 784 maximo
1616 757 1716 785 damno

928 800 1062 836 ali‘ecerit,
1086 806 1133 830 aut
1154 803 1216 830 vitae
1239 803 1325 838 ipsius
1344 802 1426 831 fuerit
1453 803 1607 837 insidiatus,
1623 808 1671 831 aut
1692 804 1715 831 si

927 846 1015 880 pactis
1028 846 1178 880 conventis,
1190 848 1224 874 ob
1238 855 1298 882 qua:
1312 848 1432 880 donatio,
1448 848 1489 875 vel
1501 849 1528 875 in
1542 848 1661 883 scriptis,
1675 848 1716 875 vel

930 892 999 919 citra
1015 892 1190 927 scripturam,
1210 893 1281 920 facta
1303 894 1364 927 fuit,
1386 893 1556 921 satisfactum
1576 901 1628 921 non
1652 893 1715 921 erit.

929 936 997 965 Nam
1011 937 1032 964 si
1046 937 1141 965 harum
1157 946 1299 967 causarum
1312 939 1353 967 vel
1363 947 1414 966 una
1426 939 1453 966 in
1465 939 1568 974 judicio
1578 939 1716 974 probetur,

932 984 971 1010 uti
985 983 1087 1012 dictum
1102 989 1154 1018 est,
1169 985 1280 1012 donatio
1296 985 1469 1013 rescinditur.

1211 1043 1363 1073 TITULUS
1385 1043 1454 1072 XVI.

932 1096 971 1125 De
985 1098 1104 1132 personis
1122 1097 1213 1125 les/ari
1226 1097 1376 1132 Proltibilt's,
1392 1103 1416 1124 et
1439 1098 1471 1123 de
1489 1098 1654 1124 testamentis
1665 1103 1721 1125 tam

1033 1133 1061 1160 in
1074 1133 1188 1167 scriptis,
1203 1141 1280 1167 quam
1297 1133 1363 1159 citra
1379 1133 1539 1167 scripturum
1552 1132 1591 1167 (ἓ)
1601 1151 1609 1159 .

966 1191 994 1218 1.
1009 1190 1113 1219 Testari
1127 1191 1314 1226 prohibentur,
1329 1191 1376 1226 qui
1398 1199 1430 1219 es
1447 1191 1541 1218 morbo
1556 1191 1672 1226 quodam
1691 1191 1718 1218 itt

930 1235 1095 1263 alienatione
1108 1235 1208 1262 utentis
1219 1235 1356 1262 constituti
1371 1239 1446 1267 sunt,
1465 1241 1494 1262 et
1507 1234 1624 1262 nondum
1640 1235 1718 1262 adul-

932 1279 963 1309 ti.
978 1281 1016 1307 Λα
1031 1287 1120 1307 mares
1133 1280 1252 1315 quidem,
1266 1280 1312 1315 qui
1336 1280 1455 1308 minores
1468 1285 1530 1308 sunt
1547 1281 1626 1307 annis
1641 1281 1721 1315 quin-

932 1326 1019 1354 decim
1033 1344 1041 1358 ,
1056 1325 1162 1353 fetttinac
1175 1333 1250 1358 vero,
1264 1327 1395 1353 tredecim
1410 1326 1490 1353 annis
1506 1326 1636 1353 minores.

967 1371 993 1398 2.
1008 1371 1059 1404 Qui
1074 1378 1182 1405 semper
1195 1371 1286 1398 furiosi
1299 1375 1372 1403 sunt,
1383 1374 1410 1397 et
1424 1370 1450 1398 itt
1466 1374 1598 1405 potestate
1612 1369 1716 1397 consti-

934 1416 995 1448 tuti,
1015 1415 1111 1450 peculii
1130 1420 1219 1443 tamen
1233 1415 1314 1443 rebus
1328 1415 1457 1450 exceptis.
1478 1415 1515 1442 De
1527 1415 1560 1442 iis
1572 1422 1647 1447 vero,
1660 1422 1721 1449 quae

934 1462 996 1489 data
1012 1466 1075 1488 sunt
1089 1462 1156 1496 ipsis
1168 1469 1200 1489 ac
1213 1461 1371 1497 parentibus
1387 1461 1457 1489 dotis
1469 1461 1587 1493 nomine,
1602 1460 1720 1488 testandi

932 1507 1070 1535 licentiam
1087 1513 1139 1534 non
1157 1507 1268 1534 habent.

124 1555 159 1586 γ’.
176 1553 208 1579 Οἱ
224 1553 253 1578 ὲν
266 1551 441 1587 αἰχμαλωσίᾳ
456 1552 531 1584 θντες
540 1560 548 1567 ·
561 1552 576 1579 ὁ
594 1553 627 1579 ἐκ
638 1552 773 1588 γεννητῆς
785 1553 877 1588 κωφὸς

967 1555 992 1582 5.
1009 1554 1059 1588 Qui
1076 1560 1139 1582 sunt
1151 1555 1178 1582 in
1192 1554 1360 1589 captivitate,
1376 1554 1422 1590 qui
1438 1561 1453 1581 a
1470 1554 1611 1582 nativitate
1623 1553 1721 1581 surdus

89 1599 138 1625 καὶ
155 1598 262 1630 ἂλαλος.
281 1599 313 1626 οι
329 1598 357 1625 δὲ
368 1598 400 1626 ἐκ
412 1608 484 1630 τινος
494 1598 637 1631 ἀσθενείας
650 1598 781 1630 τοιούτοις
798 1599 878 1635 νοσή-

92 1652 160 1678 μασι
181 1643 406 1679 περιπίπτοντες,
428 1644 584 1679 γράμματα
605 1643 797 1679 γινώσκοντες,
813 1644 880 1671 ὑπο-

91 1690 243 1725 γράφοντες
258 1690 409 1726 ίδιοχείρως
423 1689 648 1718 διατιθέσθωσαν.

124 1734 157 1763 δ’.
172 1735 326 1770 Ἐγγραφος
340 1736 444 1770 γίνεται
460 1735 577 1772 διαθήκη
594 1736 622 1762 ὲν
632 1736 673 1763 ἐνὶ
685 1735 732 1764 καὶ
746 1735 785 1771 τῷ
803 1736 880 1771 αὺτῷ

90 1780 181 1816 καιρῷ
203 1781 255 1808 ὑπὸ
270 1782 342 1808 ἑπτὰ
365 1781 530 1814 ἀξιοπίστων
551 1781 710 1817 μαρτύρων,
726 1782 774 1808 ἐπὶ
788 1781 877 1817 τούτῳ

91 1827 327 1864 προσκληθέντων,
361 1828 408 1854 καὶ
440 1828 511 1855 κατὰ
539 1828 637 1855 ταυτὸν
668 1828 882 1863 ὑπογραφόντων

92 1875 140 1900 καὶ
175 1874 381 1909 σφραγιζόντων
398 1881 405 1888 ·
430 1874 478 1900 τοῦ
504 1873 695 1908 διατιθεμένου
727 1874 882 1908 ὀφείλοντος

91 1919 137 1946 διὰ
150 1919 199 1953 τῆς
217 1919 286 1951 ἰδίας
312 1918 487 1955 ὑπογραφῆς,
511 1919 528 1954 ἢ
554 1919 599 1946 διὰ
631 1919 832 1955 χειροχρίστου,
851 1919 883 1946 τὸ

93 1965 181 1999 ὖνομα
195 1963 241 1991 τοῦ
255 1964 427 2000 κληρονόμου
452 1965 482 1992 ιν
505 1965 573 2000 αὐτῇ
589 1963 827 2000 ἁποδηλώσασθαι,
845 1965 882 2001 μὴ

92 2012 275 2047 ἐμφαίνοντος
291 2013 348 2043 τοῖς
366 2013 514 2047 μάρτυσιν,
532 2013 557 2039 εἰ
580 2012 628 2038 καὶ
651 2011 774 2047 βούλεται
790 2011 820 2048 [ἃ
836 2012 884 2039 καὶ⁸

94 2054 242 2091 βούλεταιι
258 2056 293 2082 τὰ
308 2056 358 2091 τῆς
371 2055 564 2088 διατυπώσιως
576 2057 669 2084 αὑτοῦ.

129 2101 161 2128 ε’.
179 2101 320 2137 Ἀγραφος
346 2101 504 2129 συνίσταται
527 2101 656 2138 διαθήκη,
675 2102 719 2129 ὅτε
745 2102 792 2129 ἐπὶ
814 2101 884 2129 ἑπτὰ

95 2147 245 2184 μαρτύρων
261 2148 318 2183 ἅμα
332 2147 536 2183 εὑρισκομένων
558 2148 607 2184 τὴν
633 2148 715 2176 αὐτοῦ
738 2149 753 2176 ὁ
768 2148 885 2175 διατιθέ-

97 2202 178 2229 μενος
191 2193 340 2228 πεποίηται
355 2192 493 2229 βούλησιν.

930 1604 958 1628 et
975 1605 1066 1628 mutus
1081 1605 1133 1628 est.
1151 1600 1186 1628 At
1204 1601 1250 1635 qui
1266 1607 1299 1627 ex
1315 1601 1474 1628 inﬁrmitate
1487 1601 1605 1636 quadarn
1624 1602 1650 1627 in
1672 1601 1721 1628 bos

931 1645 1042 1674 morbos
1058 1645 1190 1679 incidunt,
1206 1646 1229 1673 si
1255 1645 1360 1673 litteras
1383 1646 1485 1679 norint,
1512 1653 1594 1674 mauu
1609 1645 1720 1682 propria

930 1690 1126 1719 subscribendo
1143 1695 1333 1719 testamentutn
1346 1692 1475 1719 condant.

966 1737 995 1765 4.
1005 1736 1211 1764 Testamentum
1223 1736 1250 1764 in
1260 1737 1370 1771 scriptis
1383 1737 1412 1764 iit
1425 1744 1479 1764 uno
1493 1736 1644 1771 eodemque
1655 1741 1722 1764 tem-

932 1788 1013 1816 pore,
1022 1788 1115 1809 coram
1131 1785 1236 1816 septem
1256 1781 1307 1808 llde
1319 1781 1408 1815 dignis
1419 1782 1546 1814 testibus,
1560 1781 1593 1809 ad
1606 1782 1656 1808 hoc
1666 1788 1716 1808 vo-

933 1827 1011 1860 catis,
1027 1832 1055 1854 et
1067 1828 1161 1854 eodem
1179 1832 1300 1861 tempore
1323 1827 1556 1854 subscribentibus
1576 1830 1604 1854 et
1629 1826 1721 1854 subsi-

934 1873 1078 1909 gnantibus
1090 1881 1098 1906 ;
1111 1880 1172 1901 cum
1182 1873 1291 1900 interim
1306 1877 1420 1900 testator
1432 1880 1479 1906 per
1489 1872 1720 1908 subscriptionem

934 1924 1081 1951 suam,aut
1102 1926 1152 1954 per
1170 1919 1277 1954 signum
1288 1918 1379 1946 crucis
1401 1918 1502 1945 Christi
1520 1924 1601 1944 manu
1610 1924 1720 1952 expres-

934 1966 1130 2000 sum,h:eredis
1144 1966 1171 1993 in
1181 1972 1214 1992 eo
1226 1972 1323 1992 nomen
1342 1964 1464 1991 indicare
1487 1964 1596 1995 debeat.
1613 1971 1665 1990 non
1680 1967 1721 1989 ta-

934 2020 995 2040 men
1016 2013 1131 2040 testibus
1152 2011 1310 2044 ostendens,
1341 2018 1401 2045 qua:
1426 2009 1613 2045 dispositionis
1637 2009 1722 2044 ipsius

933 2058 1067 2087 sententia
1082 2058 1128 2085 sit.

969 2103 996 2131 5.
1015 2104 1222 2131 Testamentum
1239 2102 1312 2130 circa
1331 2102 1493 2137 scripturam
1511 2101 1719 2133 conditur.cum

935 2157 1027 2178 coram
1045 2153 1150 2184 septem
1164 2148 1291 2181 testibus,
1305 2155 1358 2176 una
1371 2147 1536 2180 constitutis,
1551 2151 1664 2174 testator
1675 2154 1722 2174 vo-

936 2196 1065 2223 Iuntateut
1078 2202 1155 2222 suam
1167 2195 1288 2222 coniicit.

131 2219 177 2273 ἐξ..
233 2219 262 2267 δέ
353 2219 396 2272 τις
412 2219 560 2267 δίατίθεται
575 2239 679 2276 τρόπῳ,
694 2240 711 2275 ἦ
724 2240 877 2276 ἐγγράφως,

1320 2245 1373 2273 quo
1389 2238 1450 2266 loco
1472 2238 1533 2274 quis
1552 2239 1636 2265 autin
1651 2238 1720 2266 scri-

95 2287 112 2322 ἢ
128 2287 269 2323 ἀγράφως,
292 2287 363 2314 ἑπτὰ
392 2287 431 2322 μὴ
457 2286 632 2322 εὑρίσκονται
660 2287 809 2322 μάρτυρες,
836 2287 884 2314 καὶ

95 2333 143 2359 ἐπὶ
157 2332 249 2365 πέντε,
276 2332 323 2359 καὶ
351 2332 399 2359 ἐπὶ
416 2332 500 2367 τριῶν
529 2332 742 2359 διατιθέσθωσαν
764 2333 799 2359 τὰ
820 2332 883 2359 καθ’

96 2378 221 2410 ἑαυτούς.
241 2378 273 2404 Εί
298 2378 327 2404 δὲ
357 2377 405 2404 καὶ
429 2377 507 2413 παρὰ
524 2377 579 2404 τῶν
605 2377 691 2414 τριῶν
714 2377 883 2412 εὑρεθῶσιν.

96 2424 197 2459 ἄκυρον
215 2423 263 2450 τοῦ
289 2423 476 2458 διατιθεμένου
492 2423 626 2459 ὑπάρχειν
641 2423 692 2459 τὴν
709 2423 846 2458 βούλησιν.

132 2469 165 2501 ζ’.
183 2469 239 2504 Τῆς
255 2468 398 2504 διαθήκης,
419 2469 491 2496 καθὰ
508 2469 627 2505 εἴρηται,
640 2469 753 2501 ἐντελῶς
767 2469 883 2504 γενομέ-

97 2523 157 2550 νης,
175 2515 199 2540 εί
218 2515 242 2540 οἱ
263 2515 351 2547 γονεῖς
366 2515 400 2541 τὰ
418 2515 522 2542 ἑαυτῶν
538 2515 630 2547 τέκνα,
647 2516 664 2551 ἢ
681 2515 728 2542 καὶ
750 2515 780 2542 ἓν
794 2515 884 2542 αὐτῶν

97 2560 215 2587 ἐάσωσιν
240 2560 466 2594 ἀμνημόνευτον
491 2561 654 2596 τηρήτωσαν
680 2562 704 2588 οἱ
732 2561 882 2596 ἀκροαταί·

98 2606 146 2632 καὶ
162 2606 186 2631 εί
207 2604 337 2637 πολλάκις
350 2605 499 2641 εὑρεθῶσιν
513 2607 695 2643 ἐνυϐρίσαντα
707 2607 771 2638 τοὺς
781 2608 882 2641 γονεῖς,

98 2652 115 2686 ἢ
135 2652 182 2677 καὶ
199 2650 293 2686 ἔτερόν
310 2659 337 2677 τι
371 2651 438 2686 πρὸς
460 2652 558 2688 πλῆξιν
581 2653 671 2680 αὐτῶν
695 2653 883 2688 ἑνδειξάμενα,

101 2696 205 2732 μενέτω
219 2696 442 2730 ἀπαρασάλευτος
461 2697 515 2724 τῶν
530 2698 632 2732 γονέων
642 2699 659 2734 ἡ
672 2698 847 2730 διατύπωσις.

134 2743 170 2780 η’.
192 2743 224 2770 El
238 2743 267 2770 δὲ
284 2744 332 2769 καὶ
340 2743 409 2778 μετὰ
425 2744 475 2780 τὴν
489 2745 538 2779 τῆς
549 2745 682 2781 διαθήκης
697 2745 805 2780 ποίησιν
825 2747 884 2773 ὲπι-

100 2790 219 2825 γεννηθῇ
248 2788 340 2820 αὐτοῖς
374 2788 474 2824 βρέφος
501 2789 746 2826 ὲγκυμονούμενον,
776 2790 804 2818 αἱ
836 2789 886 2825 μὲν

137 2857 174 2891 (-2)
191 2856 376 2892 Nuncupativs
391 2856 474 2884 uestri
493 2861 598 2884 vocant.

933 2286 988 2322 ptis
1005 2290 1129 2318 testatur,
1155 2288 1201 2312 aut
1224 2285 1297 2312 circa
1315 2285 1491 2319 scripturam,
1512 2289 1595 2313 testes
1614 2289 1718 2319 septem

935 2339 987 2360 non
1001 2331 1174 2359 inveniantur
1191 2340 1199 2358 :
1214 2330 1298 2359 etiam
1317 2338 1410 2358 coram
1428 2331 1558 2365 quinque,
1574 2338 1606 2358 ac
1622 2331 1720 2363 tribus.

934 2382 1076 2405 testantor.
1088 2375 1135 2404 Sin
1147 2377 1289 2411 pauciores
1301 2376 1388 2405 tribus
1403 2377 1503 2404 inventi
1518 2375 1630 2410 fuerint,
1644 2375 1721 2404 irrita

935 2424 1072 2451 testatoris
1086 2423 1210 2451 voluntas
1220 2427 1290 2451 esto.
1461 2433 1481 2447 -ι

970 2469 996 2496 7.
1014 2468 1199 2501 Testamento,
1224 2476 1273 2496 ceu
1295 2468 1399 2496 dictum
1414 2472 1465 2501 est,
1493 2467 1570 2503 plene
1590 2466 1661 2494 l‘acto
1676 2474 1684 2500 ;
1699 2466 1722 2494 si

934 2520 1062 2550 parentes
1072 2514 1171 2542 liberos
1179 2521 1255 2545 suos.
1271 2519 1318 2541 aut
1330 2521 1412 2541 unum
1424 2520 1455 2541 ex
1468 2514 1520 2545 eis,
1532 2513 1721 2548 praeterierint:

935 2559 1055 2587 anitnnm
1063 2561 1207 2588 advertant
1216 2559 1337 2594 lodices;
1349 2566 1382 2587 ac
1395 2559 1528 2594 siquidem
1537 2558 1614 2586 liberi
1625 2559 1723 2594 saepius

936 2605 1096 2639 deprehensi
1125 2609 1190 2633 sunt
1211 2605 1356 2633 conviciati
1382 2605 1558 2640 parentibus,
1583 2605 1625 2632 vel
1649 2605 1723 2634 aliud

939 2651 1077 2686 quidpiam
1088 2651 1123 2679 ad
1140 2651 1258 2686 ipsorum
1286 2656 1418 2679 terrorem
1436 2650 1590 2685 designasse
1608 2659 1615 2678 :
1631 2651 1724 2678 incon-

939 2704 1017 2726 cussa
1031 2702 1138 2725 maneat
1151 2701 1294 2732 parentum
1312 2696 1465 2731 dispositio.

976 2743 1002 2770 8.
1020 2743 1068 2770 Sin
1085 2743 1166 2771 etiam
1188 2747 1250 2776 post
1275 2742 1429 2770 testamenti
1443 2741 1586 2769 factionem
1610 2747 1724 2777 agitatus

940 2789 980 2817 eis
994 2788 1073 2816 fuerit
1091 2789 1261 2824 postliumus,
1274 2788 1410 2816 libertates
1420 2787 1528 2824 quidem
1543 2791 1570 2815 et
1582 2787 1668 2823 legata
1678 2794 1723 2816 se-
