1938 3070
220 116 272 148 501

705 96 956 150 CONSTANTINl
983 118 1207 150 POBPHYROG
1213 120 1260 150 EN
1265 120 1318 150 lTl

1807 121 1869 154 508

221 174 339 201 (murium
356 174 468 209 hujusce
491 174 645 202 testamenti
672 174 726 202 vim
743 172 801 202 rata
815 180 913 203 sunto:
931 184 1013 210 agna.

1072 175 1218 211 ἑλευθερίαι
1245 177 1291 203 καὶ
1307 176 1341 203 τὰ
1371 175 1473 210 λεγάτα
1497 176 1567 204 κατὰ
1583 177 1634 212 τὴν
1651 177 1701 212 τῆς
1727 177 1866 211 τοιαύτης

222 225 264 247 tus
278 228 341 247 vero
351 221 520 254 postlmmus,
531 229 591 249 cum
602 221 715 257 reliquis
724 222 1010 258 bareditatemadeat,

220 273 246 293 et
259 273 309 292 una
325 267 462 294 succedat.

255 313 283 340 9.
303 312 331 339 Si
346 314 408 347 quis
420 321 504 341 unum
529 314 630 342 habent
654 315 774 342 nativum
799 315 895 348 ﬁlium.
909 315 955 350 qui
977 315 1011 342 ad

221 362 353 385 terrorem
374 365 515 392 parentum
541 361 662 395 quaedam
683 361 787 394 fecerit,
805 366 832 389 et
846 362 918 396 ipsos
931 363 957 389 itt
970 369 1013 390 se-

223 409 331 431 nectute
348 412 412 432 cura
438 408 502 433 sua'
522 406 667 434 destitutos
694 407 830 442 relinquat
846 415 854 434 :
868 407 920 434 alia
938 414 1003 434 vero

224 457 338 484 persona
356 451 456 485 qumvis
468 457 607 485 accurrat,
622 457 650 480 et
666 453 733 487 ipsis
750 453 908 486 ministret;
931 453 1009 480 ideo-

224 503 277 530 que
291 496 362 523 vclut
377 497 410 523 ab
431 492 482 524 hoc
497 498 637 525 beneﬁciis
662 498 762 530 affecti,
790 505 850 526 eum
875 499 1009 526 hatredem

225 541 381 576 relinquere
408 542 540 570 bonorum
567 551 677 571 suorum
711 544 865 572 voluerint:
900 549 958 571 rata
979 549 1006 571 et

225 588 303 615 tirma
321 589 448 616 voluntas
459 589 578 623 ipsorum
599 594 668 617 esto.

261 634 305 661 lO.
323 633 417 662 Omnis
435 635 523 662 ltteres
535 643 569 663 ex
586 640 746 663 testamento
773 636 814 664 vel
835 636 946 671 scripto,
971 636 1012 664 vel

226 687 279 706 non
297 681 409 714 scripto,
425 681 470 714 qui
490 681 645 708 dilationem
659 681 806 716 interponit
820 683 946 716 usquead
962 690 1012 710 an-

226 725 252 751 ni
265 725 392 758 spatium,
401 731 427 752 et
436 733 588 760 supremam
602 726 765 753 voluntatem
779 734 831 753 non
843 726 1011 761 exsequitur,

227 770 249 797 si
265 769 381 798 defuncti
398 771 470 798 titius
481 777 526 798 aut
544 778 628 806 nepos
642 776 693 805 est,
710 772 828 799 debitam
846 772 897 799 sibi
921 772 1011 807 legiti-

226 825 297 844 mam
310 818 460 852 portionem
479 819 612 846 duntaxat
624 819 732 853 accipit.
743 818 771 846 Si
789 819 907 854 legitima
921 819 1009 854 portio

1064 221 1197 257 διαθήκης
1211 223 1400 257 κρατείτωσαν
1429 222 1554 257 δύναμιν·
1580 223 1610 249 τὺ
1634 223 1663 250 δὲ
1684 223 1863 258 γεννώμενον

1065 267 1284 303 συνεισερχὲσθω
1307 269 1363 300 τοῖς
1380 268 1484 300 λοιποῖς
1497 289 1504 299 ,
1520 268 1569 294 καὶ
1586 268 1862 304 συγκληρονομείτω.

1057 309 1063 313 ”
1101 313 1135 340 θ’.
1162 313 1224 340 Ἐάν
1256 322 1298 345 τις
1324 313 1394 349 ἔχων
1423 313 1453 340 ἒν
1486 314 1599 349 γνήσιον
1625 315 1731 347 τέκνον,
1750 314 1764 341 δ
1788 313 1865 349 πρὸς

1063 357 1163 392 πλῆξιν
1190 357 1244 384 τῶν
1274 359 1377 392 γονέων
1401 358 1574 394 ἐργάσηται,
1594 359 1641 386 καὶ
1666 360 1695 386 ὲν
1711 359 1750 394 τῷ
1774 361 1864 394 γήρει

1063 402 1251 438 ἀπρονοήτους
1280 403 1334 430 ἑῶν
1358 405 1478 436 αὐτοὺς,
1511 405 1674 440 προσδράμῃ
1706 404 1733 431 δὲ
1761 405 1864 437 ἕτερον

1065 450 1211 484 πρόσωπον
1231 450 1346 483 οίονοῦν,
1367 450 1521 486 ὑπηρετοῦν
1539 451 1642 483 αὐτοῖς,
1667 451 1714 477 καὶ
1745 451 1784 481 ὡς
1809 450 1862 476 ὑπ’

1063 494 1146 521 αὒτοῦ
1187 494 1415 530 εὐεργετηθέντες
1454 495 1626 531 κληρονόμον
1661 496 1862 530 ἐγκαταλιπεῖν

1065 541 1131 567 αὐτὸ
1144 541 1193 575 τῆς
1215 541 1319 573 οἰκείας
1333 542 1483 577 θελήσωσιν
1498 542 1674 574 ὑποστάσεως
1690 542 1859 577 ἐρρωμένην

1064 585 1155 612 αὐτῶν
1170 586 1304 621 ὑπάρχειν
1317 586 1368 622 τὴν
1384 587 1522 622 βούλησιν.

1099 630 1124 658 ι’.
1138 631 1195 662 Πᾶς
1206 630 1374 667 κληρονόμος
1385 632 1414 664 ἐξ
1425 633 1563 668 ἐγγράφου
1574 633 1590 670 ἢ
1601 632 1650 660 καὶ
1661 633 1787 668 ἀγράφου
1799 633 1862 660 δια-

1064 677 1212 709 τυπώσεως
1223 677 1370 713 ὑπέρθεσιν
1393 678 1489 714 μέχρις
1505 678 1630 706 ἐνιαυτοῦ
1643 679 1739 711 ποιῶν.
1759 680 1808 706 καὶ
1823 679 1862 706 τὰ

1064 722 1113 759 τῆς
1122 723 1275 760 βουλήσεως
1285 724 1322 759 μὴ
1331 724 1455 759 πληρῶν,
1465 725 1489 751 ει
1500 725 1549 760 μὲν
1558 725 1652 752 τέκνον
1661 723 1677 760 ἢ
1687 724 1799 759 ἔγγονον
1808 725 1859 751 τοῦ

1065 770 1291 805 τετελευτηκότος
1312 771 1431 806 ὑπάρχει
1450 791 1457 804 ,
1479 771 1530 806 τὴν
1555 771 1767 806 έποφειλομένην
1782 771 1862 806 αὐτῷ

1064 817 1180 852 νόμιμον
1195 818 1242 844 καὶ
1259 818 1340 853 μόνον
1355 817 1499 852 κομίζεται
1518 818 1626 853 μοῖραν.
1640 819 1671 845 Εἰ
1687 817 1716 845 δὲ
1736 818 1858 853 νόμιμος

226 863 259 890 ad
273 868 389 897 quatuor
417 871 502 900 usque
528 864 629 892 liberos
653 865 819 897 extenditur,
847 869 949 899 partem
973 865 1011 893 illi

1072 863 1149 897 μοῖρα
1161 861 1213 892 ἓως
1227 862 1370 896 τεσσάρων
1391 862 1494 889 παίδων
1509 881 1516 894 ,
1539 862 1570 889 τὸ
1590 862 1683 897 τρίτον
1709 862 1790 898 μέρος
1808 862 1861 897 τῆς

225 909 334 942 capiunt
346 910 500 943 patrimonii
518 915 640 944 quartam
656 919 663 938 :
681 911 800 946 quinque
815 911 893 938 liberi
905 916 931 938 et
950 912 1015 938 ulte-

225 954 294 986 rius,
308 956 449 983 semissem
462 957 609 990 accipiunt.

261 999 305 1026 ll.
319 999 366 1027 Sin
387 1001 457 1028 alius
472 1002 607 1037 quispiam
628 1003 796 1038 propinquus
810 1007 861 1036 est,
878 1003 1016 1031 testatoris

225 1046 336 1073 omnino
350 1046 428 1073 bonis
440 1047 559 1079 excidat,
576 1054 662 1082 eaque
682 1049 707 1074 iu
733 1048 842 1075 relictos
857 1049 906 1083 ipsi
925 1049 1015 1076 cobe-

226 1091 315 1124 redes,
334 1092 489 1127 legatarios,
504 1093 545 1120 vel
561 1093 629 1121 alios
657 1093 822 1129 propinquos
847 1095 1015 1129 perveniant.

263 1179 307 1206 l2.
320 1179 367 1207 Sin
383 1180 472 1208 lueres
486 1186 614 1208 extranea
633 1187 747 1216 persona
766 1185 817 1213 est,
831 1181 876 1216 qui
892 1182 1016 1209 volunta-

228 1229 280 1251 tem
296 1224 481 1259 dispositionis
495 1226 567 1254 illius
582 1234 636 1254 non
654 1227 758 1262 implet,
790 1227 917 1255 universa
932 1235 946 1255 a
958 1236 1016 1262 pos-

227 1271 347 1298 sessione
356 1272 500 1306 spolietur.

261 1315 304 1341 l5.
317 1313 344 1341 Si
358 1316 417 1349 quis
428 1316 455 1342 in
464 1323 552 1351 pugna
562 1317 729 1350 vulneratus,
743 1316 784 1346 vel
796 1317 846 1346 iter
856 1318 1015 1352 conﬁciens,

226 1368 240 1386 a
254 1365 341 1389 morte
367 1369 419 1389 non
436 1363 529 1398 procul
544 1363 624 1396 absit,
643 1371 733 1399 neque
759 1365 841 1392 rebus
857 1365 914 1392 suis
925 1365 1017 1400 dispu-

225 1414 291 1434 nere
306 1407 441 1442 voluerit;
458 1416 551 1436 verum
565 1413 680 1445 utroque
697 1418 762 1438 casu
774 1410 862 1438 nullus
871 1410 1017 1446 iurisperi-

225 1456 280 1485 tus,
299 1453 340 1480 vel
361 1453 429 1481 alius
442 1454 580 1489 quispiam
597 1455 751 1490 reperiatur
769 1456 815 1491 qui
843 1456 951 1485 litteras
965 1465 1016 1485 no-

226 1498 279 1524 rit:
294 1504 341 1532 per
366 1503 482 1532 septem,
497 1503 544 1526 aut
558 1499 688 1535 quinque,
705 1504 795 1528 tresve
817 1505 911 1535 testes,
923 1502 1017 1530 volun~

228 1548 311 1570 tatem
329 1550 405 1571 suam
417 1544 535 1572 condat:
551 1549 631 1580 atque
647 1546 729 1574 etiam
747 1553 837 1574 coram
860 1546 974 1580 duobus.
992 1550 1015 1576 si

227 1589 397 1623 reperiantur
415 1597 530 1624 quorum
557 1591 661 1619 scilicet
683 1600 698 1620 a
715 1591 852 1628 judicibus
867 1594 1015 1629 approbata

227 1635 262 1662 sit
275 1635 450 1664 existimatio.

494 1691 644 1721 TITULUS
658 1693 740 1721 XVII.

228 1742 267 1770 De
283 1743 356 1770 battis
383 1746 561 1784 acquisilt'liis,
578 1745 611 1772 de
626 1746 733 1784 quibus»
745 1748 839 1784 tutari
860 1748 918 1784 quis
932 1754 1016 1784 potest

406 1785 453 1807 aut
468 1781 546 1807 etiam
563 1782 654 1808 testari
674 1781 838 1815 prohibetur.

264 1832 289 1859 Ι.
299 1832 468 1867 Acqnisititia
479 1833 549 1860 bona
560 1834 710 1861 castrensia
722 1840 797 1868 sunt,
808 1843 867 1870 qum
875 1837 976 1866 milites
989 1839 1015 1867 in

227 1878 313 1912 patris
321 1882 349 1905 et
361 1878 403 1904 avi
416 1881 551 1913 potestate
563 1879 714 1911 constituti,
730 1887 763 1907 ex
778 1887 808 1908 re
822 1889 869 1909 sua
884 1876 1016 1911 castrensi

227 1923 431 1958 acquisiverint,
447 1929 475 1952 et
498 1924 530 1951 tle
551 1925 649 1959 quibus
672 1926 765 1953 testari
783 1932 906 1962 possunt,
934 1928 1015 1956 etiam

224 1979 289 1999 cum
306 1971 363 1999 suis
373 1972 400 1999 in
413 1973 577 2001 stationibus
591 1973 700 2011 degunt,
716 1973 841 2002 videlicet
857 1982 917 2002 cum
940 1975 1016 2010 prius

227 2017 315 2044 relata
331 2017 364 2044 de
380 2018 508 2052 perfectis
525 2020 696 2047 testamentis
709 2020 912 2048 observatione.
936 2020 1016 2054 Quod

227 2063 251 2090 si
260 2063 293 2090 de
303 2063 398 2091 horum
412 2064 528 2091 militum
536 2064 677 2092 voluntate
687 2072 732 2092 res
743 2065 838 2093 isthtec
848 2065 1016 2102 acquisititia

228 2109 406 2143 expendatur,
416 2109 538 2138 bmredes
548 2110 608 2144 ejus
624 2111 686 2138 inde
700 2111 846 2147 legitimam
860 2112 1014 2146 portionem

227 2160 319 2188 petere
337 2160 493 2190 nequeunt':
505 2156 553 2183 sed
567 2156 594 2183 in
606 2157 727 2191 ipsorum
741 2161 782 2185 est
795 2162 940 2192 potestate,
953 2158 1017 2186 huic

1067 907 1251 939 ὑποστάσεως
1277 908 1331 935 ἀπὸ
1345 907 1374 935 δὲ
1390 907 1470 935 πέντε
1493 907 1626 941 statim,
1641 908 1691 944 τῆς
1707 908 1806 943 ἥμισυ.

1104 997 1149 1024 ια’.
1167 998 1199 1024 Ei
1214 997 1242 1024 δὲ
1259 997 1354 1034 ἕτερός
1375 1005 1418 1030 τις
1435 998 1570 1033 συγγενής
1584 998 1653 1030 ἐστι,
1667 999 1717 1033 τῆς
1731 997 1778 1024 τοῦ
1796 998 1860 1024 δια-

1067 1044 1211 1079 τιθεμένου
1240 1044 1381 1075 παντελῶς
1420 1044 1576 1071 ικπιπτέτω
1604 1044 1764 1080 περιουσίας
1780 1064 1787 1076 ,
1810 1044 1861 1070 καὶ

1067 1088 1151 1115 ταῦτα
1166 1089 1205 1121 εἰς
1218 1089 1281 1121 τοὺς
1298 1089 1428 1120 ὲαθέντας
1443 1089 1517 1124 αὐτῷ
1534 1089 1766 1124 συγκληρονόμοις
1782 1108 1789 1119 ,
1812 1089 1860 1114 λε-

1067 1135 1227 1170 γαταρίους,
1248 1135 1265 1170 ἦ
1282 1135 1327 1162 καὶ
1347 1135 1458 1170 ἑτέρους
1488 1136 1629 1169 συγγενεῖς
1655 1134 1858 1169 περιερχέσθω.

1105 1179 1149 1214 ιβ’.
1166 1181 1196 1207 Εἰ
1210 1181 1237 1207 δὲ
1261 1181 1336 1214 ξένον
1359 1180 1507 1216 πρόσωπόν
1527 1182 1601 1207 ἑστιν
1615 1182 1628 1207 ὁ
1655 1180 1834 1215 κληρονόμος,
1847 1181 1862 1206 ὁ

1066 1227 1101 1253 τὰ
1124 1227 1173 1261 τῆς
1203 1226 1333 1262 ⁴τοιαύτης
1357 1226 1551 1258 διατυπώσεως
1581 1226 1620 1262 μὴ
1651 1226 1775 1262 πληρῶν,
1808 1226 1860 1262 τῆς

1068 1272 1178 1307 ἀπάσης
1193 1272 1358 1308 διακατοχῆς
1375 1273 1492 1307 γινέσθω
1514 1273 1664 1308 ἀλλότριος.

1105 1317 1149 1352 ιγ’.
1172 1318 1236 1345 Ἐάν
1253 1327 1295 1350 τις
1309 1319 1340 1346 ὲν
1365 1318 1476 1354 πολέμῳ
1496 1318 1624 1354 πληγεὶς,
1649 1319 1666 1354 ἢ
1690 1319 1738 1346 καὶ
1759 1319 1789 1346 ἐν
1804 1319 1859 1354 ὀδῷ

1068 1365 1238 1400 περιπατῶν,
1265 1364 1334 1400 πρὸς
1363 1365 1394 1391 τὸ
1419 1365 1510 1391 θανεῖν
1534 1365 1654 1401 ἐγγίσειι
1669 1365 1715 1391 καὶ
1735 1365 1769 1392 τὰ
1796 1366 1860 1392 καθ’

1068 1410 1163 1437 ἑαυτὸν
1189 1409 1306 1445 βουληθῇ
1341 1410 1530 1437 διατυπῶσαι·
1555 1410 1598 1437 ἐπ’
1629 1409 1802 1446 ἀμφοτέρους
1829 1413 1858 1439 δὲ

1068 1455 1192 1490 νομικὸς,
1205 1455 1220 1490 ἢ
1237 1455 1331 1490 ἕτερός
1346 1464 1387 1487 τις
1400 1455 1436 1491 μὴ
1448 1455 1559 1492 εὑρεθῇ,
1572 1456 1754 1491 ἐπιστάμενος
1768 1457 1860 1493 τράμ-

1070 1509 1151 1536 ματα’
1181 1501 1214 1527 δι’
1240 1501 1321 1534 έπτά,
1337 1501 1353 1536 ἢ
1372 1501 1452 1528 πέντε
1466 1521 1475 1534 ,
1494 1502 1510 1538 ἢ
1527 1501 1610 1537 τριῶν
1635 1503 1783 1538 μαρτύρων
1803 1503 1854 1538 τὴν

1070 1545 1174 1573 οἰκείαν
1195 1546 1307 1573 ποιείτω
1336 1546 1474 1582 βούλησιν·
1493 1547 1540 1573 ἐπὶ
1563 1547 1612 1574 καὶ
1635 1548 1698 1580 δύο,
1720 1548 1768 1575 ἐὰν
1782 1549 1860 1583 εὗρε-

1067 1592 1150 1619 θῶσιν
1162 1601 1169 1608 ·
1196 1593 1246 1628 τῆς
1262 1592 1366 1620 τούτων
1383 1592 1506 1628 δηλονότι
1523 1593 1576 1620 ὑπὸ
1591 1594 1737 1629 ἀκροατῶν
1749 1594 1856 1621 62607.1.-

1072 1637 1216 1673 μασμένης
1234 1638 1406 1674 προλήψεως.

1370 1692 1494 1720 ΤΙΤΛΟΣ
1512 1694 1562 1721 lZ'.

1070 1748 1142 1783 Περὶ
1168 1746 1343 1783 tamenin)?
1357 1747 1553 1783 πραγμάτων.
1577 1748 1621 1780 εις
1634 1745 1653 1774 ἆ
1675 1746 1860 1776 διατίθεσθαι

1232 1781 1361 1809 δύναται
1372 1790 1428 1815 τις.
1441 1782 1460 1816 ἢ
1478 1782 1528 1809 καὶ
1544 1783 1700 1809 κωλύεται.

1104 1835 1138 1864 α’.
1154 1834 1342 1871 Στρατιωτικά
1360 1834 1497 1870 ίδιόκτητα
1513 1833 1665 1869 πράγματά
1684 1835 1763 1866 εἰσιν,
1781 1835 1853 1870 ἅπερ

1071 1881 1096 1908 οἱ
1119 1879 1284 1917 στρατιῶται
1298 1878 1453 1913 negotiator
1469 1879 1546 1910 ὄντες
1557 1879 1643 1914 πατρί
1654 1886 1684 1905 τε
1694 1879 1742 1905 καὶ
1752 1879 1859 1915 πάππῳ

1070 1925 1103 1951 ἐκ
1123 1925 1170 1951 τοῦ
1185 1923 1381 1959 στρατιωτικοῦ
1404 1922 1493 1950 αὐτῶν
1511 1923 1674 1958 πράγματος
1689 1924 1858 1958 ἐπικτήσων-

1070 1977 1128 2001 ται,
1161 1969 1202 2000 εἰς
1223 1968 1241 1995 ἃ
1263 1967 1431 1995 διατίθεσθαι
1452 1967 1589 2001 δύνανται,
1620 1968 1667 1994 καὶ
1696 1969 1727 1995 ὲν
1743 1969 1860 2002 σεδέτοις

1071 2013 1233 2048 διάγοντες,
1260 2013 1381 2048 δηλονότι
1415 2013 1485 2048 μετά
1513 2013 1564 2048 τῆς
1597 2014 1859 2051 προαναφερομένης

1071 2059 1136 2095 περὶ
1155 2059 1210 2086 τῶν
1225 2059 1340 2086 ἐντελῶν
1354 2059 1492 2094 διαθηκῶν
1515 2059 1749 2095 παρατηρήσεως.
1767 2061 1861 2088 Δαπα-

1071 2106 1194 2142 νωμένου
1207 2105 1235 2133 δὲ
1247 2106 1292 2133 διὰ
1305 2106 1356 2140 τῆς
1374 2104 1529 2141 βουλήσεως
1546 2105 1636 2132 αὐτῶν
1662 2105 1709 2132 τοῦ
1737 2106 1857 2134 τοιούτου

1072 2152 1222 2185 ίδιοκτήτου
1247 2152 1422 2187 πράγματος,
1441 2151 1480 2186 μὴ
1495 2150 1626 2178 δύνασθαι
1647 2153 1711 2184 τοὺς
1728 2151 1858 2188 κληρονό-

227 2206 274 2227 aut
284 2201 319 2228 illi
334 2203 445 2235 donare,
464 2202 505 2229 vel
516 2209 565 2237 per
583 2210 737 2237 supremam
751 2203 917 2231 voluntatem
933 2211 1011 2232 suam

1072 2207 1135 2233 anu;
1147 2197 1230 2224 αὑτοῦ
1251 2197 1282 2230 ἐξ
1294 2196 1377 2224 αὑτοῦ
1398 2196 1448 2231 τὴν
1467 2196 1584 2231 νόμιμον
1600 2197 1697 2232 μοῖραν
1716 2197 1856 2225 ἀπαιτεῖν·

227 2248 256 2275 in
272 2248 388 2276 solidum
400 2257 455 2277 rem
465 2249 659 2284 aequisititiam
673 2250 836 2286 relinquere.
847 2251 916 2284 Quin
931 2252 1014 2279 etiam

226 2299 287 2329 post
303 2300 418 2322 mortem
436 2301 590 2330 parentum,
611 2304 664 2324 non
679 2296 760 2324 veluti
775 2297 844 2325 bona
859 2302 971 2332 paterna
987 2299 1016 2326 in

226 2340 400 2368 collationem
415 2341 537 2374 veniunt,
557 2346 604 2369 aut
614 2342 771 2370 dividuntur
789 2352 797 2371 :
813 2343 861 2371 sed
876 2348 1015 2379 exempta,

225 2387 384 2421 specialiter
408 2391 593 2422 agnoscuntur
611 2388 644 2416 ad
663 2388 749 2423 ipsius
770 2389 865 2417 militis
880 2389 1017 2425 pertinere

226 2439 384 2468 personam.

261 2522 289 2550 2.
302 2522 379 2557 Quod
401 2523 423 2551 si
447 2522 532 2551 relicti
548 2523 648 2552 fuerint
662 2524 759 2554 fratres
775 2531 836 2561 post
851 2526 954 2555 obitum
969 2535 1017 2563 pa-

227 2574 333 2597 rentum
346 2571 477 2606 ipsorum,
491 2575 519 2598 et
533 2578 565 2598 ex
576 2570 617 2598 eis
628 2571 760 2607 quispiam
772 2572 937 2606 militaverit,
949 2573 1017 2601 alter

226 2616 299 2644 domi
316 2617 457 2650 manserit,
485 2617 507 2645 si
530 2621 607 2653 pacta
624 2618 746 2652 quaedam
764 2618 834 2646 inter
849 2627 879 2647 se
890 2618 1014 2653 fecerint,

229 2667 287 2690 rata
304 2669 382 2691 sunto
395 2664 428 2692 de
443 2663 540 2699 quibus
553 2664 623 2692 inter
636 2664 710 2699 ipsos
723 2665 890 2693 convenerit.

263 2751 290 2779 5.
307 2751 354 2779 Sin
383 2753 436 2780 hoc
456 2752 558 2787 absque
583 2752 635 2780 ulla
653 2753 832 2781 conventione
852 2753 975 2786 fecerint,
990 2757 1019 2781 et

228 2801 316 2830 usque
326 2797 359 2825 ad
375 2797 535 2825 decennium
545 2798 580 2825 ab
594 2804 627 2824 eo
641 2802 771 2832 tempore,
786 2805 839 2832 quo
854 2805 922 2825 unus
936 2805 968 2824 ex
977 2798 1017 2826 eis

231 2840 333 2869 militiae
347 2849 376 2871 se
394 2841 477 2872 dedit,
495 2842 522 2869 in
537 2849 567 2870 ea
595 2843 724 2870 societate
747 2843 881 2870 vixerint:
914 2842 1015 2874 omnia.

1065 2243 1134 2270 ἀλλὰ
1151 2243 1180 2270 ὲν
1197 2242 1308 2278 ἐξουσίᾳ
1324 2241 1417 2269 αὐτῶν
1436 2238 1507 2268 εἶναι
1525 2241 1563 2276 τῷ
1574 2241 1688 2276 τοιούτῳ
1702 2242 1856 2278 δωρεῖσθαι,

1064 2289 1084 2324 ἢ
1099 2289 1147 2316 καὶ
1168 2288 1213 2315 διὰ
1229 2288 1385 2324 βουλήσεως
1403 2286 1488 2316 αὐτοῦ
1506 2287 1728 2322 καταλιμπάνειν
1741 2288 1856 2321 ἐντελῶς

1068 2333 1221 2368 ίδιόκτητον
1251 2333 1379 2368 πρᾶγμα.
1409 2331 1465 2359 Καὶ
1494 2331 1563 2367 μετὰ
1585 2331 1714 2368 τελευτὴν
1741 2333 1769 2360 δὲ
1799 2334 1853 2361 τῶν

1067 2377 1151 2405 αὐτοῦ
1167 2377 1268 2412 γονέων
1287 2378 1324 2413 μὴ
1342 2377 1380 2409 ὡς
1403 2377 1520 2413 πατρῷα
1533 2377 1616 2405 αὑτοῦ
1632 2379 1853 2413 συνεπάγεσθαι,

1066 2426 1084 2462 ᾗ
1099 2424 1273 2460 διαιρεῖσθαι’
1303 2423 1361 2450 ἀλλ’
1383 2423 1531 2459 ἐξαιρέτως
1553 2423 1593 2459 τῷ
1618 2424 1694 2460 ιδικῷ
1709 2425 1791 2452 αὑτοῦ
1811 2427 1856 2453 καὶ

1068 2469 1141 2505 μόνῳ
1154 2468 1337 2505 γνωρίζεσθαι
1351 2467 1503 2504 προσώπῳ.

1104 2516 1136 2551 β’.
1167 2516 1199 2543 Εἰ
1222 2515 1250 2542 δὲ
1265 2515 1484 2550 καταλειφθῶσιν
1501 2515 1612 2549 ἀδελφοὶ
1634 2515 1706 2542 κατὰ
1729 2515 1855 2553 τελευτὴν

1065 2562 1120 2590 τῶν
1134 2562 1235 2596 γονέων
1253 2561 1355 2594 αὐτῶν,
1373 2560 1420 2588 καί
1444 2569 1487 2592 τις
1514 2560 1544 2594 ἑξ
1559 2560 1649 2587 αὐτῶν
1665 2562 1828 2597 στρατευθῇ.
1841 2563 1855 2589 ὁ

1066 2609 1095 2636 δὲ
1116 2608 1210 2643 ἕτερος
1240 2608 1320 2644 μείνῃ
1349 2607 1378 2634 έν
1400 2606 1440 2642 τῷ
1478 2607 1545 2642 οῐκῳ
1561 2614 1567 2621 ·
1588 2608 1612 2633 εἰ
1641 2607 1690 2642 μὲν
1723 2607 1854 2643 σύμφωνα

1067 2655 1202 2690 ποιήσωσι
1225 2652 1285 2689 μετ’
1308 2651 1445 2688 ἀλλήλων,
1461 2651 1497 2678 τὰ
1518 2652 1621 2687 μεταξὺ
1637 2652 1730 2679 αὐτῶν
1756 2661 1855 2688 στοιχι-

1069 2700 1166 2728 σθέντα
1179 2699 1379 2735 κρατείτωσαν.

1103 2747 1139 2782 γ’.
1158 2747 1189 2774 Et
1201 2746 1229 2773 δὲ
1256 2745 1436 2780 ἀστοιχίστως
1452 2743 1532 2772 τοῦτο
1549 2744 1696 2780 ποιήσωσι,
1712 2745 1759 2771 καὶ
1776 2745 1854 2782 μέχρι

1067 2793 1229 2826 δεκαετίας,
1253 2791 1324 2827 μετὰ
1351 2790 1381 2817 τὺ
1408 2790 1607 2826 στρατευθῆναι
1626 2790 1674 2817 ἕνα
1700 2791 1729 2824 ἐξ
1754 2791 1853 2824 αὐτῶν,

1070 2840 1233 2874 ουςὴσουσιν
1248 2845 1254 2851 ·
1272 2835 1380 2864 ἅπαντα
1406 2835 1440 2862 τὰ
1464 2835 1648 2870 ἐπικτηθέντα
1670 2836 1774 2870 αὐτοῖς,
1800 2836 1853 2863 εἴτε
