1938 3070
83 166 141 198 509

720 161 916 193 DELECTUS
938 161 1083 192 LEGUM.

1659 155 1712 187 510

78 223 139 251 ἀπὸ
159 223 260 258 ῥογῶν,
281 222 337 249 εἶτε
363 221 419 249 ἀπὸ
446 220 578 256 καμάτων
601 219 648 246 τοῦ
668 218 760 246 κοινοῦ
782 217 871 244 αὐτῶν

943 226 982 244 ore
1000 219 1034 244 ab
1052 217 1093 244 eis
1106 216 1239 249 acquisita
1257 220 1332 246 sunt,
1349 214 1406 241 sive
1421 221 1453 241 ex
1480 212 1623 247 stipendiis
1641 214 1713 240 mili-

79 270 172 302 οἴκου,
190 269 238 297 καὶ
254 267 373 302 σπουδῆς
387 267 434 295 τοῦ
455 268 484 294 έν
497 267 536 302 τῷ
554 266 622 300 οτκῳ
635 265 778 301 μείναντος
794 264 872 290 ἀδελ-

81 315 148 350 φοῦ,
166 315 182 350 ἢ
197 314 330 349 ἀδελφῶν,
348 313 377 347 εξ
392 313 453 349 ἴσης
469 313 517 340 καὶ
529 312 574 338 ἐπ’
595 311 656 347 ῐσης
671 310 769 346 μοίρας
790 309 872 345 κομί-

83 361 182 394 ζεσθαι
196 361 307 392 αὐτούς.

121 453 153 479 δ’.
168 452 245 479 Μετὰ
260 451 289 478 δὲ
304 451 353 485 τὴν
365 449 508 477 δεκαετίαν
522 449 576 481 tu);
588 447 690 483 ἑτέρων
709 445 793 482 τριῶν
807 445 873 480 χρό-

85 506 140 524 νων
155 496 299 530 συζώντων
313 495 402 523 αὺτῶν
424 495 483 530 μετ’
502 494 636 529 ἀλλήλων,
653 494 679 519 εί
699 491 769 528 μετὰ
787 491 874 518 ταῦτα

85 543 180 578 συμϐῇ
208 541 306 573 αὐτοὺς
323 541 371 568 ἀπ’
396 540 521 575 ἀλλήλων
550 539 733 574 διαιρεθῆναι,
748 536 876 572 ἐπαίρειν

84 591 133 617 τὸν
153 588 323 624 στρατιώτην
338 586 487 622 ἐξαιρέτως
509 585 540 613 τὺ
557 585 688 620 ίππάριον
714 582 809 616 αὑτοῦ,
825 583 876 609 σὺν

85 635 127 669 τῷ
140 633 329 669 σελλοχαλίνῳ,
351 632 400 659 καὶ
428 631 458 658 τὺ
474 630 550 666 ἆρμα
568 629 662 662 αὑτοῦ,
685 629 734 656 καὶ
759 628 818 661 ἑὰν,
837 627 876 658 ὡς

87 680 173 712 εἰκὸς,
191 679 365 713 ἐπεκτήσατο
378 676 499 712 λωρίκην
517 675 566 702 καὶ
580 675 673 710 μόνον.
695 674 734 701 Τὰ
752 673 780 700 δὲ
794 672 877 699 λοιπὰ

87 727 179 753 πάντα
199 724 359 761 μερίζεσθαι
385 723 485 754 αὐτοὺς
512 720 665 755 ἀδελφικῶς
693 720 737 747 ἐπ’
751 719 812 755 ἴσης
830 718 878 745 καὶ

88 771 119 805 ἐξ
135 771 196 806 ίσης
217 770 325 805 μοίρας.

126 821 157 844 ε’.
189 817 221 842 Ei
240 816 268 843 δὲ
288 815 335 842 καὶ
364 814 492 841 έπέκεινα
510 813 565 840 τῶν
589 811 655 838 δέκα
674 810 758 848 τριῶν
776 809 878 845 χρόνων

91 861 232 896 συζήσωσι
248 860 306 896 μετ’
321 859 454 894 ἀλλήλων,
473 857 521 884 καὶ
546 856 644 892 εὔρεθῇ
659 856 685 883 τί
701 864 764 883 ποτε
778 856 811 881 ὲκ
824 854 879 881 τῶν

924 264 1037 295 laribus,
1049 263 1107 290 sive
1115 270 1147 289 ex
1161 261 1297 288 laboribus
1309 259 1462 287 communis
1474 259 1592 293 ipsorum
1605 259 1712 292 domus,

923 314 952 337 et
977 317 1024 344 per
1041 308 1199 335 industriam
1224 307 1318 334 fratris
1341 311 1389 333 aut
1412 306 1535 338 fratrum,
1568 305 1614 339 qui
1640 305 1713 332 domi

926 359 1085 382 manserunt
1112 360 1145 381 ex
1168 360 1243 387 aequa
1276 356 1304 380 et
1320 352 1347 379 in
1378 358 1454 386 aqua
1482 351 1607 386 portione
1639 351 1713 378 acci-

925 401 1010 436 piant.

961 446 990 473 ι.
1006 445 1073 480 Ipsis
1101 449 1193 472 alitem
1213 449 1275 478 post
1297 442 1362 470 illud
1389 442 1547 469 decennium
1581 449 1666 475 usque
1680 441 1714 468 ad

926 491 994 518 alios
1011 495 1065 518 tres
1077 497 1163 518 annos
1191 489 1263 516 inter
1278 496 1307 516 se
1320 496 1372 515 una
1392 487 1554 519 viventibus,
1572 487 1594 514 si
1616 487 1715 514 deinde

926 537 1143 572 contigeriteos
1169 536 1202 563 ab
1219 543 1248 563 se
1264 535 1379 562 invicem
1401 532 1528 567 disjungi,
1549 532 1626 559 miles
1643 532 1716 559 velut

927 587 1083 616 exemptum
1098 581 1236 616 quiddam,
1252 587 1349 614 equum
1363 586 1439 606 suum
1454 577 1559 605 auferat
1573 585 1632 604 cum
1649 577 1714 604 sella

928 633 955 656 et
969 628 1063 660 fra‘no,
1079 627 1197 662 itemque
1214 633 1323 654 currum
1341 632 1431 658 suum,
1443 629 1470 652 et
1483 624 1594 651 loricam
1606 624 1714 650 dumta-

928 678 985 706 xat,
1002 674 1024 700 si
1044 673 1152 708 quidem
1176 673 1245 700 hanc
1260 678 1311 699 ceu
1325 671 1399 699 credi
1422 678 1471 705 par
1485 675 1536 703 est,
1561 669 1714 704 acquisivit.

932 719 1044 754 Reliqua
1055 719 1145 746 omnia
1156 718 1273 745 fraterne
1287 717 1313 744 in
1323 725 1400 752 aqua
1413 720 1441 744 et
1456 724 1488 744 ex
1504 723 1580 750 aqua
1592 715 1715 750 portione

931 766 1004 793 inter
1020 772 1048 792 se
1061 765 1225 800 partiantur.

967 814 994 845 5.
1009 811 1083 845 Quod
1099 811 1120 838 si
1134 810 1214 838 etiam
1231 810 1301 837 ultra
1311 809 1370 836 illos
1383 809 1416 836 l5
1430 816 1515 835 annos
1530 808 1601 834 inter
1609 815 1638 834 se
1648 813 1716 834 con-

931 856 1060 888 vixerint,
1079 859 1106 882 ct
1124 852 1313 888 deprehensus
1333 853 1414 881 fuerit
1444 853 1545 887 aliquid
1571 851 1717 886 aliquando

92 905 163 941 μετὰ
186 904 272 932 ταῦτα
302 903 391 940 ρογῶν
415 903 507 934 αὐτοῖς
521 900 628 937 [αὑτοῦ]
651 899 880 935 ὶπικτησάμενος,

939 909 965 930 ax
980 900 1130 929 numeratis
1151 904 1242 935 postea
1266 899 1409 933 stipendiis
1433 897 1621 933 acquisivisse.
1645 897 1716 931 quod

91 951 139 979 καὶ
164 950 289 983 σώζεται·
318 949 366 976 καὶ
393 948 472 975 τοῦτο
494 947 655 983 κομίζεσθαι
685 946 782 974 αὐτόν·
802 945 836 972 τὰ
853 944 881 971 δὲ

92 996 205 1033 προνοίᾳ
219 995 286 1022 Θεοῦ
301 993 483 1030 έπικτηθέντα
497 993 571 1028 αὒτῷ
586 993 618 1019 ἐκ
642 991 754 1028 τρώπης
774 990 882 1026 ἡμέρας

91 1043 139 1070 τοῦ
156 1043 236 1070 αὑτὸν
263 1041 472 1078 πρατευθῆναι,
487 1039 540 1066 ἀπό
556 1047 586 1066 τε
600 1038 706 1065 σκύλων
721 1037 768 1064 καὶ
781 1036 882 1071 φιλοκι-

94 1089 175 1124 μιῶν,
207 1088 255 1115 καὶ
273 1088 400 1120 σώζεται,
418 1086 467 1114 καὶ
480 1086 565 1112 ταῦτα
586 1084 686 1120 ὁμοίως
705 1082 778 1118 ἒχειν
802 1081 882 1108 αὑτὸν

92 1135 250 1170 ἐξαιρέτως.

130 1183 167 1213 ς’.
184 1180 242 1214 Κλη
248 1178 318 1215 ρικοὶ
330 1178 369 1210 δὲ,
380 1177 428 1205 καὶ
436 1175 637 1213 χαρτουλάριοι,
646 1175 664 1210 ἢ
679 1175 726 1202 καὶ
739 1173 828 1209 ἕτεροί
842 1181 881 1199 τι-

95 1235 143 1258 νες
162 1227 194 1252 ὲκ
217 1225 328 1259 γονικῆς
350 1222 560 1258 στρατευόμενοι
581 1220 767 1250 ὑποστάσεως,
791 1219 817 1244 ει
833 1218 882 1253 μὲν

93 1269 275 1300 τελευτῶντες
288 1269 312 1295 οἱ
325 1268 412 1302 γονεῖς
425 1265 514 1293 αὐτῶν
525 1265 557 1291 δι’
569 1264 679 1298 ἀγάπην
703 1261 751 1289 καὶ
765 1261 877 1296 εὐχαρι-

95 1317 172 1344 στίαν
185 1316 216 1342 τδ
234 1314 310 1342 δοθὲν
324 1314 395 1349 ὑπὲρ
407 1313 456 1348 τῆς
468 1311 571 1338 τούτων
591 1309 735 1346 στρατείας
749 1307 884 1342 θελήσωσι

94 1360 133 1395 τῷ
150 1357 342 1394 πρατευθέντι
357 1355 589 1392 ἀτωχαρίσασθαι,
613 1351 758 1389 κυρούσθω
781 1351 883 1378 τούτων

96 1407 113 1441 ὴ
130 1405 266 1441 βούλησις.

132 1457 164 1489 ζ’.
179 1457 210 1483 Ei
227 1456 255 1483 δὲ
272 1454 355 1491 μηδὲν
370 1453 433 1490 περὶ
449 1453 544 1480 τούτου
557 1451 678 1483 είπόντες
691 1449 884 1484 τελευτήσωσι,

97 1504 144 1531 καὶ
151 1503 199 1537 τὴν
205 1502 268 1537 περὶ
277 1501 326 1535 τῆς
336 1500 463 1533 τοιαύτης
473 1498 620 1533 ποσότητος
629 1497 735 1531 κίνησιν
746 1496 883 1530 ποιήσωσι

930 947 1019 975 adhuc
1035 946 1152 981 supersit
1171 952 1178 971 :
1192 946 1242 972 hoc
1256 945 1342 978 ipsum
1364 950 1473 978 quoque
1485 942 1536 970 sibi
1553 942 1660 969 habeat.
1683 941 1717 968 Et

929 1001 990 1028 qua:
1003 999 1051 1028 per
1068 992 1115 1020 Dei
1136 990 1335 1026 providentiam
1349 989 1412 1016 inde
1435 996 1521 1023 usque
1539 995 1554 1014 a
1567 988 1654 1022 prium
1672 987 1718 1014 die

931 1038 1033 1066 militiae.
1047 1045 1103 1065 sua:
1130 1036 1286 1071 acquisivit,
1306 1040 1360 1062 tam
1378 1041 1409 1061 ex
1431 1034 1535 1069 spoliis,
1547 1040 1627 1068 quam
1642 1032 1718 1067 prin-

929 1084 1020 1119 cipum
1041 1082 1241 1119 largitionibus,
1251 1081 1333 1109 etiam
1349 1087 1418 1107 nunc
1427 1079 1562 1107 exstantia
1575 1086 1582 1112 ;
1593 1077 1718 1105 similiter

929 1129 1002 1156 velut
1016 1128 1114 1156 eximia
1127 1126 1264 1155 retinebit.
1712 1142 1716 1146 γ

966 1175 992 1201 6.
1004 1173 1123 1202 Clericos
1139 1181 1202 1201 vero
1216 1178 1242 1200 et
1259 1171 1457 1203 Chartularios,
1481 1169 1522 1197 vel
1546 1170 1628 1197 etiam
1650 1168 1718 1196 alios

930 1220 1072 1255 quosdam,
1100 1227 1133 1247 ex
1154 1218 1315 1253 patrimonio
1336 1221 1449 1252 paterno
1471 1214 1627 1246 militantes.
1645 1214 1717 1248 quod

931 1267 1046 1298 attinet;
1063 1265 1086 1293 si
1103 1265 1264 1292 decedentes
1281 1270 1375 1290 eorum
1393 1265 1519 1296 parentes
1534 1259 1676 1287 charilatis
1691 1263 1719 1286 et

932 1311 1092 1352 gratiarum/
1107 1310 1221 1338 actionis
1248 1317 1324 1344 ergo,
1350 1308 1421 1343 quod
1449 1306 1589 1334 solverunt
1611 1305 1719 1332 illorum

934 1358 1037 1386 militia:
1058 1364 1141 1384 causa
1161 1355 1315 1383 condonare
1327 1353 1463 1382 voluerint
1472 1351 1594 1379 militiam
1606 1355 1718 1378 secuto:

933 1408 992 1430 rata
1007 1402 1131 1430 voluntas
1143 1409 1236 1429 eorum
1252 1404 1322 1428 esto.

968 1457 992 1484 7.
1007 1456 1082 1489 Quod
1096 1455 1119 1483 si
1132 1455 1205 1482 nulla
1213 1454 1293 1489 hujus
1305 1453 1442 1480 mentione
1453 1451 1522 1479 facta
1539 1448 1721 1481 decesserint,

933 1505 960 1528 et
975 1501 1108 1528 actionem
1124 1500 1156 1527 de
1170 1498 1324 1532 huiusmodi
1351 1504 1467 1530 summa,
1487 1495 1609 1523 militiam
1627 1499 1721 1521 secuto

96 1550 136 1585 τῷ
152 1547 343 1582 στρατευθέντι
358 1546 383 1572 oi
409 1543 623 1580 συγκληρονόμοι
651 1541 735 1569 αὑτοῦ
753 1550 758 1557 -
777 1540 881 1574 λογίζε-

939 1545 1091 1573 cobazredes
1106 1544 1255 1571 moverint:
1269 1546 1429 1578 computare
1439 1541 1548 1574 debent,
1559 1547 1618 1575 qua:
1628 1546 1660 1566 ex
1670 1538 1722 1566 hac

99 1595 160 1622 σθαι
175 1594 272 1625 αὐτοὺς
293 1591 327 1619 τὰ
342 1591 395 1619 ἀπὸ
410 1591 458 1626 τῆς
472 1588 600 1624 τοιαύτης
618 1587 761 1623 στρατείας
774 1585 884 1621 περιελ-

99 1642 179 1670 θόντα
197 1641 238 1672 είς
255 1639 302 1667 τὸν
317 1639 405 1666 αὐτῶν
428 1636 546 1672 πατέρα,
572 1635 621 1662 καὶ
636 1634 670 1661 τὰ
690 1632 884 1669 περιττεύοντα

99 1689 132 1715 ἐκ
140 1687 190 1722 τῆς
201 1685 324 1720 δοθείσης
337 1684 483 1716 ποσότητος
494 1683 534 1714 είς
548 1681 578 1708 τὺ
591 1680 711 1708 τοιοῦτον
727 1679 884 1715 στράτευμα

100 1731 324 1768 συνεισφέρεσθαι
347 1731 381 1765 τῇ
408 1729 489 1764 λοιπῇ
510 1727 669 1759 ὑποστάσει,
695 1725 744 1753 καὶ
764 1724 884 1751 συνδιαι-

102 1779 216 1815 ρεῖσθαι.
800 1770 802 1774 ⁷

135 1824 170 1860 η’.
187 1825 219 1851 Ei
238 1824 278 1857 δὲ,
299 1823 337 1855 ὡς
363 1821 446 1854 εἰκὸς,
471 1817 619 1855 ἐπληρώθη
637 1817 680 1844 διὰ
702 1815 748 1842 τοῦ
762 1814 884 1842 τοιούτου

102 1859 304 1904 στρατεύματος
327 1867 343 1901 ἡ
362 1865 468 1891 δοθεῖσα
495 1863 624 1896 ττοσότης,
638 1861 675 1896 μὴ
696 1860 768 1896 ἔχειν
789 1859 884 1886 ἄδειαν

101 1916 163 1946 τοὺς
181 1913 417 1947 συγκληρονόμους
439 1910 470 1936 τὸ
485 1908 587 1936 τοιοῦτο
608 1908 776 1943 στράτευμα,
793 1906 884 1941 ἔχοντι

102 1958 241 1993 προσώπῳ
268 1954 406 1990 ἐπιζητεῖν
431 1953 524 1980 ἓνεκεν
545 1952 594 1986 τῆς
621 1950 770 1985 γενομένης
794 1948 884 1982 ἐξόδου

103 2003 172 2040 ὑπὲρ
186 2001 267 2029 αὐτοῦ
285 2003 293 2012 ¹
315 1998 422 2036 ὴτοιοῦν
445 1996 566 2034 [ότιοῦν].
584 1996 627 2024 διὰ
653 1996 693 2028 τδ,
711 1995 748 2027 ὡς
763 1995 883 2030 εἴρηται,

103 2047 307 2083 ἀντεισαγωγὴν
321 2047 353 2073 ὲκ
366 2044 414 2073 τοῦ
431 2043 550 2072 τοιούτου
571 2041 775 2077 στρατεύματος
801 2040 880 2075 γενέ-

104 2094 175 2120 α’)αι.

138 2138 169 2166 0'.
186 2139 232 2165 ini
245 2138 272 2164 δὲ
285 2137 340 2164 τῶν
351 2135 452 2163 λοιπῶν
462 2134 693 2171 στρατευομένων,
704 2131 754 2159 ὅσα
767 2132 799 2158 ἐκ
809 2130 886 2165 βασι-

102 2185 182 2220 λικῆς
197 2185 290 2220 ῥόγας,
317 2182 434 2210 ἀννόνων
459 2190 499 2214 τε,
526 2181 574 2208 καὶ
597 2177 753 2213 σωλεμνίων
780 2176 886 2207 τούτοις

103 2218 413 2265 προσενεμήοησαν,καὶ
423 2225 561 2252 τουτέστιν
574 2222 777 2258 ἀξιωματιχοϊς,
784 2221 886 2252 λοιποῖς
903 2218 924 2246 υ

105 2275 198 2310 ἅπασι,
209 2273 399 2308 κομιζομένοις
409 2271 462 2298 ἀπὸ
480 2270 621 2306 βασιλικῆς
635 2269 729 2304 ρόγας,
744 2267 760 2303 ἢ
773 2267 820 2293 καὶ
833 2265 887 2293 ἀπὸ

105 2320 231 2356 δημοσίου
246 2318 358 2350 ἀννόνας
369 2318 416 2345 καὶ
426 2316 569 2353 συνηθείας
582 2324 590 2332 '
608 2313 680 2343 οὗτοι
697 2314 746 2350 μὲν
758 2314 888 2345 ἅπαντες,

106 2367 168 2393 ἄνευ
189 2367 277 2401 μέντοι
299 2364 353 2391 τῶν
379 2366 563 2399 στρατιωτῶν,
596 2362 644 2389 ἐπὶ
677 2363 734 2393 τοῖς
758 2360 888 2392 τοιούτοις

105 2409 259 2441 πεκουλίοις
285 2407 478 2443 διατιθέμενοι,
494 2407 593 2438 παῖδας
616 2406 664 2441 μὲν
684 2404 790 2440 ἔχοντες
808 2405 889 2439 μέχρι

104 2456 242 2491 τεσσάρων
257 2455 302 2482 τὸν
319 2454 444 2490 ἀριθμὸν,
458 2453 507 2489 τὴν
522 2453 648 2488 νόμιμον,
669 2451 753 2488 ἤγουν
767 2452 816 2486 τὴν
827 2451 888 2486 τρί-

105 2510 153 2537 την
166 2501 263 2536 μοῖραν
273 2499 321 2526 τοῦ
336 2499 427 2525 αὐτῶν
439 2498 583 2525 πεκουλίου
595 2496 887 2532 καταλιμπανέτωσαν.

107 2547 136 2572 Εἰ
155 2545 182 2571 δὲ
199 2544 247 2571 καὶ
261 2543 352 2576 πέντε,
368 2543 415 2570 καὶ
428 2544 566 2574 ἐπέκεινα,
579 2542 609 2569 τὸ
620 2542 706 2578 ἥμισυ
723 2542 816 2576 μέρος.

143 2591 168 2618 ι’.
179 2591 210 2618 Εἰ
222 2591 250 2617 δὲ
260 2590 356 2622 παῖδας
365 2589 415 2616 οὐκ
423 2589 539 2623 ἔχουσιν,
550 2588 642 2614 ὕπεισι
652 2588 680 2615 δὲ
690 2587 780 2619 αὐτοῖς
791 2587 889 2622 γονεῖς,

108 2641 156 2673 τὴν
183 2637 332 2673 εἰρημένην
356 2635 452 2671 τρίτην
471 2637 568 2671 μοῖραν
589 2635 868 2670 καταλιμπανέτωσαν
882 2640 889 2649 ’

109 2685 146 2715 είς
165 2683 193 2710 δὲ
214 2683 245 2710 τὺ
274 2682 417 2709 ὑπόλοιπον
441 2682 539 2718 μέτρον
563 2681 610 2708 τοῦ
629 2681 721 2708 αὐτῶν
747 2680 891 2708 πεκουλίου

109 2731 177 2757 κατὰ
191 2729 221 2756 τὸ
235 2728 330 2756 δοκοῦν
347 2729 438 2759 αὐτοῖς
462 2726 683 2754 διατιθέσθωσαν.
704 2725 846 2760 Παγανικὰ
864 2725 892 2751 δὲ

110 2775 239 2803 πεκούλια
268 2774 322 2801 τῶν
362 2774 531 2806 ὑπεξουσίων
558 2773 636 2804 εἰσὶν,
661 2773 711 2799 ὅσα
735 2772 809 2808 παρὰ
838 2771 892 2798 τῶν

110 2822 209 2855 γονέων
251 2819 341 2847 αὐτῶν
380 2820 448 2855 προς
485 2819 586 2852 κόσμον
619 2818 665 2845 καὶ
701 2817 782 2853 τιμὴν
813 2816 891 2852 ἐδόθη

111 2867 209 2898 αὐτοῖς,
228 2865 243 2900 ἦ
260 2864 464 2899 ὲπεκτήθησαν·
486 2864 562 2891 ἅτινα
580 2864 626 2892 καὶ
646 2863 683 2895 ὡς
706 2863 806 2897 γονέων
822 2871 892 2896 γνω-

936 1590 1030 1618 militia
1046 1593 1227 1625 pervenerunt
1239 1590 1273 1616 ad
1289 1593 1394 1623 patrem
1419 1587 1550 1621 ipsorum,
1570 1589 1597 1613 et
1613 1584 1722 1612 residua

935 1643 1048 1663 summa
1063 1635 1096 1662 ad
1123 1633 1276 1669 huiusmodi
1302 1633 1428 1661 militiam
1444 1631 1513 1660 datae
1536 1638 1597 1659 cum
1617 1629 1722 1664 reliquo

936 1683 1098 1719 patrimonio
1120 1682 1263 1710 Contemni
1294 1685 1375 1716 atque
1407 1680 1444 1708 ita
1470 1685 1532 1706 cum
1560 1677 1621 1705 aliis
1651 1675 1721 1703 divi—

935 1731 1009 1757 dant.

970 1820 997 1847 8.
1009 1819 1037 1846 Si
1054 1825 1129 1850 vero,
1145 1825 1194 1845 ceu
1220 1814 1296 1844 credi
1313 1821 1362 1850 par
1370 1818 1422 1845 est.
1439 1813 1500 1840 data
1517 1815 1558 1840 est
1570 1818 1617 1846 per
1630 1809 1723 1844 hujus-

937 1865 1008 1894 Ilodl
1023 1864 1146 1892 militiam
1160 1869 1264 1890 summa
1277 1860 1354 1895 plene
1370 1859 1458 1886 soluta
1474 1858 1554 1885 fuerit
1569 1865 1576 1883 :
1600 1856 1722 1883 cohere-

935 1912 986 1939 des
999 1910 1098 1938 nullam
1113 1909 1248 1936 licentiam
1265 1906 1366 1934 habent
1380 1912 1394 1932 a
1409 1911 1536 1940 persona,
1555 1910 1615 1937 qua
1627 1902 1724 1933 hujus-

936 1955 1008 1983 modi
1033 1953 1156 1982 militiam
1174 1952 1254 1988 gerit,
1282 1950 1428 1985 quidquam
1449 1947 1589 1983 repetendi
1614 1945 1724 1973 nomine

934 2001 1012 2029 facta?
1025 2008 1073 2035 pro
1088 1999 1147 2034 ipso
1155 2005 1279 2034 expensa
1291 2006 1298 2024 :
1310 2000 1451 2031 propterea
1474 1994 1555 2028 quod,
1568 1992 1605 2020 uti
1621 1992 1724 2018 dictum

935 2051 995 2080 est,
1020 2044 1187 2073 tantumdem
1211 2050 1244 2071 ex
1259 2040 1412 2077 hnjusmodi
1430 2039 1525 2067 militia
1540 2038 1645 2066 illatum
1659 2036 1718 2063 fue-

935 2092 983 2120 rit.

970 2138 997 2166 9⁴
1009 2137 1039 2164 in
1055 2135 1165 2170 reliquis
1179 2134 1369 2164 militantibus.
1385 2137 1561 2167 quacumque
1575 2137 1607 2157 es
1627 2129 1714 2163 impe-

938 2182 1041 2210 ratorio
1068 2179 1213 2214 stipendio,
1231 2182 1258 2206 et
1281 2177 1409 2210 annonis,
1436 2180 1463 2203 et
1490 2173 1667 2204 solemnibus,
1683 2173 1724 2201 eis

938 2229 1069 2256 attributa
1087 2232 1162 2260 sunt,
1175 2226 1301 2254 nimirum
1322 2225 1350 2252 in
1373 2224 1503 2260 dignitate
1523 2221 1678 2250 constitutis
1697 2224 1724 2248 et

938 2276 1001 2304 aliis
1016 2274 1152 2306 omnibus.
1166 2273 1212 2309 qui
1228 2272 1262 2300 ab
1277 2272 1441 2307 imperatore
1467 2269 1600 2305 stipendia
1615 2268 1658 2295 vel
1672 2275 1721 2294 an-

939 2327 1025 2348 nonas
1041 2323 1069 2347 et
1082 2316 1291 2345 consuetudines
1305 2323 1320 2343 s
1332 2315 1399 2344 fisco
1422 2315 1558 2349 accipiunt
1573 2322 1582 2341 -.
1599 2313 1633 2340 de
1646 2312 1681 2339 iis
1696 2312 1724 2338 hi

940 2363 1071 2395 universi,
1086 2362 1219 2390 militibus
1233 2365 1322 2390 tamen
1337 2360 1470 2395 exceptis.
1493 2358 1576 2386 veluti
1592 2358 1626 2385 de
1639 2363 1723 2391 pecn-
1768 2383 1770 2385 _

939 2410 984 2438 liis
1001 2409 1058 2437 suis
1072 2412 1213 2440 testantes,
1231 2407 1253 2434 si
1263 2407 1364 2434 liberos
1387 2406 1506 2433 habeant
1529 2410 1642 2431 numero
1657 2409 1724 2436 qua-

941 2460 1014 2487 tuor,
1024 2452 1186 2488 legitimam,
1197 2451 1222 2480 id
1236 2455 1288 2484 est,
1313 2450 1420 2478 tertiam
1439 2448 1538 2485 peculii
1559 2447 1600 2475 sui
1620 2450 1724 2481 partem

940 2499 981 2527 eis
1011 2497 1190 2532 relinquant:
1214 2495 1258 2524 sin
1284 2495 1416 2530 quinque,
1441 2501 1473 2521 ac
1486 2491 1610 2524 ulterius,
1628 2490 1726 2518 sentis—

941 2550 1009 2570 sem.

978 2587 1022 2615 10.
1038 2587 1084 2615 Sin
1099 2586 1187 2614 nullos
1202 2584 1302 2612 habent
1325 2583 1439 2614 liberos,
1457 2580 1614 2616 parentibus
1635 2583 1726 2605 tamen

942 2632 1142 2668 superstitibus,
1154 2630 1252 2658 dictant
1268 2628 1307 2655 eis
1322 2627 1429 2655 tertiam
1445 2629 1547 2661 partem
1561 2624 1727 2658 relinquant.

943 2680 1030 2714 deque
1045 2677 1147 2712 reliquo
1165 2668 1245 2703 modo
1260 2674 1358 2709 peculii
1384 2673 1439 2706 sui,
1464 2675 1541 2707 prout
1555 2671 1620 2704 ipsis
1639 2670 1727 2697 visum

943 2724 1034 2756 fuerit,
1052 2726 1195 2751 testantor.
1209 2720 1340 2753 Paganica
1361 2726 1425 2746 vero
1441 2718 1545 2752 peculia
1568 2715 1728 2744 ﬁliorumi’a-

944 2770 1033 2797 milias
1045 2773 1117 2801 sunt,
1132 2774 1299 2802 quaacunque
1322 2773 1336 2793 a
1353 2765 1509 2801 parentibus
1520 2771 1628 2796 eorum,
1637 2764 1670 2790 ad
1682 2769 1728 2790 or-

944 2820 1035 2843 natum
1054 2818 1081 2841 et
1095 2814 1261 2841 honestatem
1278 2811 1343 2847 ipsis
1355 2812 1417 2839 dita
1433 2814 1506 2843 sunt,
1520 2808 1725 2843 autacquisita:

946 2869 1006 2896 quae
1019 2865 1045 2888 et
1064 2864 1203 2896 parentum
1230 2866 1289 2886 esse
1303 2860 1494 2893 agnoscuntur,
1509 2861 1535 2884 et
1550 2860 1608 2890 post
1622 2854 1728 2882 obitum
