1938 3070
202 126 254 160 511

719 124 975 156 CONSTANTINI
994 125 1336 157 PORPHYROGENITI

1776 126 1844 159 512

200 186 344 216 parentum
361 181 472 216 reliquis
487 188 580 209 eorum
598 182 676 210 bonis
685 181 889 217 coniunguntur
908 186 936 208 et
951 180 990 208 di-

1055 182 1176 215 >ίζουται,
1191 183 1239 210 καὶ
1261 183 1332 218 μετὰ
1348 182 1476 219 τελευτὴν
1495 182 1552 210 τῶν
1577 182 1680 218 γονέων
1702 183 1735 219 τῇ
1759 183 1856 218 λοιπῇ

199 227 339 258 viduntur,
354 226 424 253 sicut
435 230 463 254 et
474 226 519 254 illa
536 234 597 261 qua:
611 227 645 254 de
659 227 776 262 pecunia
799 226 934 260 rebusque
947 233 993 261 pa-

200 271 248 298 tris
261 271 394 306 acquisita
411 276 475 299 sunt
499 271 565 305 filio,
593 279 642 307 pro
667 271 788 307 paternis
810 271 889 299 bonis
906 279 992 306 agno-

198 320 321 350 scuntur,
341 317 428 352 iisque
444 316 656 352 coniunguntur.
673 316 741 344 Nam
754 317 787 344 de
806 317 939 345 maternis
951 316 992 351 ip-

198 369 292 389 sorum
319 362 414 396 rebus,
431 369 493 397 qua:
516 370 565 397 per
584 363 698 390 sudores
722 366 750 389 et
764 362 883 394 labores,
898 363 940 389 vel
958 369 992 390 ex

200 406 359 434 haereditate
376 407 409 434 ad
426 407 499 442 ipsos
520 411 715 442 pervenerunt,
727 410 862 435 testantur
875 406 914 434 illi
929 406 992 442 qui-

200 453 280 480 dem:
308 453 355 480 sed
379 459 457 479 usum
472 460 567 480 eorum
593 453 734 480 dumtaxat
750 453 851 481 habent
867 453 903 480 illi
921 459 991 488 quo-

201 505 260 525 rum
278 499 304 526 in
320 503 452 533 potestate
464 503 527 527 sunt
541 507 550 532 ;
566 499 734 534 proprietate
748 499 843 527 talium
858 499 991 527 bonorum

202 544 268 579 ipsis
278 548 427 572 reservata.

471 644 622 674 'I'I'I'ULUS
632 644 726 674 XVIII.

203 696 241 724 De
251 697 459 724 successionibus
469 697 500 724 ab
515 698 647 730 intestato,
657 698 837 732 dequelegalis
846 706 856 726 :
871 704 895 727 el
905 699 938 726 de
950 699 992 727 lu's

318 732 362 767 qui
375 740 405 759 ea
419 740 465 766 per
484 733 703 768 ingratitudinem
729 734 865 761 amittunt.

237 785 263 812 1.
278 784 306 812 Si
320 785 380 820 quis
393 786 535 813 intestatus
546 786 704 819 decesserit,
716 786 888 814 exstantibus
896 786 990 815 liberis

201 837 248 859 aut
265 832 415 866 nepotibus,
431 832 457 859 bi
470 832 630 860 succedunt.

235 877 262 904 Ξ.
282 878 329 905 Sin
344 877 471 905 defuncto
485 879 645 912 superstites
672 883 737 907 sunt
758 884 837 915 pater
855 884 882 907 et
894 885 992 912 mater,

202 931 269 950 avus
281 928 309 950 et
323 925 394 957 avia,
412 923 452 951 vel
473 925 554 951 etiam
581 925 734 958 ulteriores,
764 926 790 953 hi
821 926 994 954 exstantibus

199 969 292 997 liberis
301 974 329 997 et
341 971 496 1005 nepotibus,
514 971 662 999 succedere
676 979 729 999 non
741 976 867 1007 possunt.

234 1061 265 1088 τοι
277 1061 354 1094 Quod
369 1061 391 1089 si
406 1061 471 1089 nulli
490 1065 554 1088 sunt
568 1060 658 1093 liberi,
671 1061 737 1089 nulli
764 1065 879 1097 nepotes
891 1082 899 1096 ,
916 1067 993 1097 pater

199 1110 291 1133 tamen
319 1110 410 1134 exstat
431 1111 459 1134 et
477 1111 564 1134 mater
593 1110 621 1134 et
640 1114 707 1135 avus
725 1111 753 1136 et
774 1108 833 1135 avia
849 1108 994 1144 propiores

200 1152 378 1179 succedunto.

238 1197 265 1228 4.
281 1195 309 1223 Si
331 1197 401 1224 Illius
415 1201 443 1225 et
471 1198 526 1225 illia
546 1198 703 1233 parentibus
730 1199 799 1227 viris
825 1199 995 1228 decesserint

201 1242 304 1277 absque
315 1243 407 1272 liberis
422 1249 451 1273 et
467 1246 600 1278 intestati,
617 1245 716 1274 fratres
730 1251 757 1274 et
773 1254 882 1274 sorores
895 1254 928 1274 ex
945 1254 992 1275 eo-

200 1290 262 1317 dem
276 1295 353 1324 patre
374 1298 406 1318 ac
424 1296 510 1319 matre
523 1291 666 1325 habentes,
679 1292 824 1322 haereditas
839 1301 933 1322 eorum
948 1301 994 1329 pa-

200 1336 323 1365 rentibus
342 1336 473 1369 defertur.
490 1345 541 1366 nec
561 1338 698 1367 licentiam
718 1339 817 1368 fratres
837 1344 865 1368 et
883 1347 993 1369 sorores

199 1380 301 1409 habent
313 1383 340 1409 in
355 1383 406 1410 hoc
418 1383 636 1411 contradicendi.

236 1469 264 1497 5.
277 1469 306 1497 Si
322 1477 386 1498 vero
400 1471 464 1498 nulli
479 1475 607 1507 parentes
635 1476 754 1505 exstant,
776 1479 828 1499 avo
851 1476 940 1500 tamen
965 1477 994 1501 et

1045 228 1136 255 αὐτῶν
1161 229 1313 256 ὑποστάσει
1338 229 1461 258 ένοῦνται
1476 230 1525 258 καὶ
1548 230 1727 266 διαιροῦνται,
1745 232 1857 266 ὥσπερ

1044 273 1092 300 καὶ
1112 274 1148 301 τὰ
1173 275 1227 301 ἀπὸ
1251 276 1401 311 χρημάτων
1422 275 1440 311 ἢ
1471 276 1642 312 πραγμάτων
1667 276 1716 304 τοῦ
1737 277 1857 313 πατρὸς

1044 319 1228 355 ἑπικτηθέντα
1242 320 1280 355 τῷ
1297 319 1357 355 υἱῷ,
1380 321 1413 356 τῇ
1433 320 1551 357 πατρῴᾳ
1571 322 1719 349 ὑποστάσει
1741 320 1858 357 γνωρί-

1045 364 1149 398 ζονται,
1158 365 1205 392 καὶ
1219 366 1289 401 αὐτῇ
1302 365 1477 393 συνενοῦνται
1492 374 1500 381 ·
1515 367 1560 393 ἐπὶ
1569 367 1623 402 γὰρ
1635 367 1692 398 τοῖς
1702 366 1856 402 μητρῴοις

1045 410 1147 443 αὐτῶν,
1163 411 1192 444 ἐξ
1213 411 1342 447 ἱδρώτων,
1372 412 1420 439 καὶ
1448 412 1589 447 καμάτων,
1612 412 1629 447 ἢ
1656 412 1854 448 κληρονομίας

1047 457 1235 492 περιαχθεῖσιν
1256 458 1297 489 είς
1312 458 1412 489 αὐτοὺς
1429 457 1601 493 πράγμασιν,
1620 458 1664 484 ἐπ’
1681 458 1775 490 αὐτοῖς
1792 458 1853 493 μὲν

1044 502 1123 529 αὐτοὶ¹
1143 502 1309 529 διατίθενται
1325 510 1333 517 ⁸
1350 502 1400 538 τὴν
1414 502 1442 529 δὲ
1463 502 1563 537 χρῆσιν
1581 502 1672 529 αὐτῶν
1686 503 1734 529 καὶ
1760 502 1852 536 μόνον

1046 547 1154 583 ἔχουσιν
1173 547 1199 574 οι
1217 547 1328 580 τούτους
1344 547 1452 583 ἔχοντες
1468 548 1515 574 ὑπ’
1531 548 1668 581 ἐξουσίαν,
1682 547 1730 583 τὴν
1745 547 1851 574 δεσπο-

1049 594 1126 621 τείαν
1137 593 1192 622 τῶν
1207 594 1337 622 τοιούτων
1356 595 1528 630 πραγμάτων
1539 595 1719 629 φυλάττοντες
1735 594 1847 626 αὐτοῖς.

1342 642 1468 670 ΤΙΤΔΟΣ
1492 643 1539 670 III.

1045 697 1116 732 Περὶ
1125 697 1185 724 τῶν
1195 697 1230 730 ἐξ
1239 697 1397 724 ἁὸιαθέτου
1410 695 1627 730 κληρονομιῶν,
1638 695 1688 732 καὶ,
1695 695 1847 729 λετάτων,

1090 733 1138 760 καὶ
1157 733 1224 767 περὶ
1239 732 1297 759 τῶν
1311 733 1346 764 ἐξ
1362 732 1541 766 ἀχαριστίας
1561 731 1779 758 ἐκπιπτόντων.

1079 788 1114 812 α’.
1138 784 1202 812 Ἐάν
1229 793 1272 815 τις
1292 783 1433 814 ἀδιάθετος
1461 782 1628 817 τελευτήσει,
1656 782 1702 808 καὶ
1731 781 1848 808 ὕπεισιν

1043 828 1117 863 αὑτῷ
1129 829 1212 855 τέκνα
1226 828 1243 862 ἢ
1258 827 1368 862 ἔγγονα,
1384 826 1470 853 ταῦτα
1483 826 1752 861 κληρονομείτωσαν.

1080 875 1113 909 β’.
1128 874 1159 901 El
1192 874 1220 900 δε
1248 873 1359 908 ὑπάρχῃ
1385 872 1424 907 τῷ
1452 871 1644 906 τελευτήσαντι
1678 870 1770 906 πατὴρ
1795 870 1847 897 καὶ

1048 921 1152 955 μήτηρ,
1169 919 1281 951 πάππος
1295 919 1343 945 καὶ
1370 919 1482 953 μάμμη,
1498 918 1514 953 ἢ
1544 917 1590 943 καὶ
1610 917 1754 944 ἐπέκεινα·
1769 914 1847 944 οὗτοι

1041 967 1222 1002 κληρονομεῖν
1239 965 1295 992 τῶν
1315 965 1419 992 τέκνων
1451 964 1499 991 καὶ
1515 963 1636 999 ὲγγόνων
1657 964 1782 990 ὑπόγεων
1811 963 1846 990 οὐ

1041 1013 1180 1041 δύνανται.

1079 1057 1116 1094 γ’.
1133 1058 1164 1085 ΕΞ
1177 1058 1205 1085 δὲ
1220 1057 1268 1085 καὶ
1281 1057 1332 1085 οὐκ
1346 1057 1400 1084 eici.
1416 1057 1511 1088 τέκνα,
1537 1055 1593 1082 εἴτε
1616 1055 1728 1090 ἔγγονα,
1742 1055 1802 1082 ἔστι
1815 1056 1847 1082 δὲ

1045 1104 1137 1140 πατὴρ
1153 1103 1201 1131 καὶ
1219 1103 1325 1139 μήτηρ,
1351 1103 1400 1130 καὶ
1415 1102 1528 1133 πάππος
1541 1101 1588 1128 καὶ
1601 1100 1711 1137 μάμμη,
1723 1101 1748 1127 ol
1761 1100 1849 1135 ἐγγύ-

1044 1158 1074 1177 τε
1078 1158 1119 1186 ροι
1136 1148 1404 1184 κληρονομείτωσαν.

1081 1196 1114 1223 δ’.
1140 1196 1204 1223 Ἐὰν
1221 1195 1279 1226 υίδς
1301 1195 1349 1221 καὶ
1371 1193 1495 1229 θυγάτηρ
1525 1193 1580 1220 τῶν
1605 1192 1708 1227 γονέων
1732 1191 1847 1225 ζώντων

1042 1242 1244 1277 τελευτήσωσιν
1269 1240 1378 1267 ἄτεκνοι
1397 1240 1445 1266 καὶ
1464 1239 1610 1271 ἀδιάθετοι,
1637 1239 1684 1266 καλ⁸
1710 1238 1847 1273 ἀδελφοὺς

1044 1289 1094 1316 καὶ
1111 1287 1229 1323 ἀδελφὰς
1247 1286 1434 1322 ὁμοπατρίους
1453 1285 1500 1312 καὶ
1514 1284 1700 1320 ὁμομητρίους
1720 1284 1843 1320 ἔχοντες·

1043 1334 1094 1370 τὴν
1122 1332 1236 1363 τούτων,
1265 1329 1450 1365 κληρονομίαν
1479 1329 1527 1356 ἐπὶ
1554 1329 1617 1360 τοὺς
1641 1330 1730 1363 γονεῖς
1755 1330 1845 1356 ἑπαν⁶

1045 1378 1162 1414 άγεσθαι
1174 1397 1182 1410 ,
1197 1378 1245 1404 καὶ
1261 1376 1300 1412 μή
1313 1375 1384 1410 ἔχειν
1405 1374 1496 1402 ἄδειαν
1509 1374 1544 1401 τὰ
1557 1374 1671 1409 ἀδέλφια
1683 1374 1731 1400 ἐπὶ
1743 1373 1844 1401 τούτου

1048 1425 1198 1497 “Istic?!
1216 1469 1305 1504 γονεῖς
1329 1467 1379 1502 οὐχ
1406 1466 1527 1499 ὕπεισιν,
1541 1466 1598 1493 ἔστι
1613 1466 1641 1493 δὲ
1656 1466 1769 1499 πάππος
1791 1466 1845 1493 καὶ

200 1516 261 1542 avia
276 1516 482 1550 superstitibus.
504 1516 522 1543 ii
545 1524 606 1544 cum
635 1516 766 1545 fratribus
782 1518 990 1553 consanguineis

1055 1517 1157 1552 ιαμμη,
1173 1516 1232 1551 ἅμα
1257 1515 1314 1547 τοῖς
1330 1513 1508 1549 ὁμοπατρίοις
1525 1512 1650 1546 ἀδελφοῖς
1664 1513 1845 1548 κληρονομεῖ-

202 1568 255 1587 una
271 1562 430 1589 succedant.

236 1607 264 1634 6.
287 1607 334 1635 Sin
352 1615 402 1635 nec
427 1615 505 1642 avus,
528 1616 581 1637 nec
596 1610 669 1643 avia,
690 1617 741 1638 nec
758 1610 854 1638 eodem
869 1615 948 1646 patre
961 1611 994 1639 ac

201 1659 288 1681 matre
309 1654 364 1681 nati
390 1653 490 1683 fratres
513 1660 621 1683 exstant
651 1655 789 1689 defuncto,
809 1660 874 1685 tunc
886 1664 920 1685 ex
939 1665 994 1685 nno

201 1700 343 1727 dumtaxat
368 1705 481 1734 parente
506 1700 605 1729 fratres
629 1701 656 1729 in
685 1701 871 1730 haereditatem
897 1709 995 1731 succe-

201 1744 258 1772 dat.

236 1790 264 1817 7.
281 1790 312 1818 Si
329 1798 404 1824 vero,
422 1791 493 1819 sicut
506 1791 607 1819 dictum
623 1797 676 1826 est,
694 1801 748 1820 non
760 1798 870 1822 exstent
883 1794 992 1830 fratres,

201 1840 229 1862 at
242 1835 384 1871 propinqui
398 1837 463 1870 sint,
479 1838 622 1872 propiores
647 1839 829 1868 succedunto;

236 1882 263 1910 8.
284 1882 361 1915 Quod
379 1883 402 1910 si
419 1883 485 1911 nulli
504 1884 588 1912 etiam
615 1885 762 1920 propinqui
782 1890 856 1920 sunt,
871 1891 900 1914 at
925 1894 994 1914 uxor

200 1927 319 1955 defuncti
332 1934 473 1963 superest:
493 1928 520 1956 in
538 1929 679 1956 semissem
697 1930 781 1957 totius
798 1929 845 1957 illa
859 1931 992 1966 patrimo-

199 1974 237 2001 nii
252 1974 391 2008 succedat,
408 1974 494 2002 altero
512 1975 627 2003 semisse
648 1975 713 2003 ﬁsco
727 1975 879 2004 inferendo.

235 2063 263 2091 9.
277 2061 306 2090 Si
320 2062 439 2091 defuncti
461 2071 495 2092 ne
510 2072 579 2092 uxor
592 2065 701 2100 quidem
717 2069 817 2099 exstat,
848 2069 912 2094 tunc
932 2066 994 2095 uni-

199 2115 308 2136 versum
318 2108 377 2142 eius
393 2110 596 2144 patrimonium,
611 2111 693 2138 veluti
711 2111 790 2147 cujus
804 2111 896 2140 nullus
904 2115 995 2140 exstat

200 2155 298 2188 bzeres,
317 2156 383 2183 ﬁsco
394 2157 455 2190 (ceu
472 2157 601 2192 diximus)
618 2158 745 2185 infertur.

1046 1571 1164 1641 mgis
1178 1607 1207 1635 δι
1222 1605 1285 1633 οὔτε
1300 1605 1422 1639 neutros,
1438 1604 1499 1631 οὕτε
1523 1603 1635 1639 μάμμη,
1653 1603 1714 1631 οὒτε
1736 1603 1847 1638 ὁμοπά-

1049 1663 1132 1689 τριοι,
1151 1653 1213 1681 οὔτε
1227 1652 1392 1688 ὁμομήτριοι
1419 1650 1530 1686 ἀδελφοὶ
1541 1650 1632 1677 ὕπεισι
1651 1650 1691 1686 τῷ
1714 1649 1845 1685 τελευτή-

1044 1707 1131 1727 σαντι·
1145 1699 1209 1726 τότε
1220 1699 1246 1726 οί
1263 1698 1294 1731 ἐξ
1308 1697 1367 1729 ἑνὸς
1384 1697 1484 1732 γονέως
1501 1696 1653 1732 ἀδελφοὶτῇ
1672 1696 1844 1732 κληρονομίᾳ

1042 1744 1313 1780 ύπεισερχίσθωταν.

1079 1790 1112 1823 ζ’.
1125 1791 1158 1818 El
1172 1791 1212 1823 δὲ,
1232 1789 1305 1817 καθὰ
1318 1790 1436 1825 είρηται,
1450 1789 1500 1824 οὐχ
1513 1788 1622 1816 ὕπεισιν
1642 1787 1764 1822 ἀδελφοὶ,
1784 1787 1843 1815 εἷεν

1039 1836 1068 1864 δὲ
1087 1838 1238 1872 συγγενεῖς,
1251 1836 1276 1863 οί
1293 1835 1438 1870 ὲγγύτεροι
1455 1835 1723 1871 κληρονομείτωσαν.

1079 1882 1116 1919 η’.
1132 1883 1197 1910 Eiet
1208 1882 1272 1909 οὔτε
1290 1882 1433 1916 συγγενεῖς
1449 1881 1528 1913 εἰσιν,
1545 1881 1602 1907 ἔστι
1615 1880 1644 1907 δὲ
1653 1880 1722 1916 γυνὴ
1732 1880 1780 1907 τοῦ
1797 1889 1842 1907 τεο

1049 1929 1242 1965 λευτήσαντος,
1261 1929 1291 1953 τὺ
1313 1929 1362 1964 μὲν
1377 1929 1461 1963 ἥμισυ
1477 1927 1559 1963 μέρος
1570 1927 1679 1962 ἁπάσης
1695 1927 1777 1954 αὑτοῦ
1789 1928 1843 1962 τῆς

1043 1974 1204 2010 περιουσίας
1234 1973 1326 2009 ἐκείνη
1371 1973 1594 2009 κληρονομείτω·
1618 1972 1649 1999 τὺ
1684 1972 1713 1999 δὲ
1746 1973 1842 2008 ἕτερον

1043 2021 1130 2056 ἥμισυ
1149 2020 1233 2056 μέρος
1252 2020 1291 2055 τῷ
1303 2019 1427 2055 δημοσίῳ
1442 2018 1654 2054 εἰσκομιζὲσθω.

1081 2065 1114 2093 θ’.
1135 2066 1167 2093 El
1180 2066 1209 2093 δὲ
1236 2065 1297 2093 οὒτε
1312 2065 1382 2101 γυνὴ
1400 2064 1439 2100 τῷ
1449 2065 1641 2100 τελευτήσαντι
1658 2063 1766 2097 ὕπεστι,
1777 2064 1842 2091 τότε

1045 2111 1095 2149 τὴν
1114 2113 1225 2140 ἃπασαν
1239 2111 1337 2139 τούτου
1354 2111 1525 2148 περιουσίαν,
1547 2111 1585 2144 ὼς
1602 2111 1839 2147 ἀκληρονόμητον,

1044 2158 1084 2194 τῷ
1103 2158 1237 2194 δημοσίῳ,
1251 2158 1289 2190 ὡς
1299 2157 1420 2194 εἴρηται,
1438 2157 1657 2193 εἰσκομίζεσθαι.

237 2202 280 2230 10.
295 2201 324 2230 Si
339 2202 400 2238 quis
414 2203 534 2230 moriens
553 2203 640 2238 legata
663 2204 810 2232 destinarit
833 2204 867 2232 ad
889 2208 990 2232 certam

1085 2203 1110 2232 t'.
1131 2203 1194 2231 Ἐάν
1207 2212 1249 2236 τις
1264 2204 1400 2231 τελευτῶν
1414 2203 1494 2241 ὁρίσῃ
1509 2204 1612 2239 λεγάτα
1628 2204 1668 2237 εἴς
1677 2213 1740 2232 τινα
1753 2206 1839 2241 ῥητὴν

198 2248 345 2284 quamdam
357 2249 651 2283 expensam,pra:stari
665 2249 780 2276 debent:
793 2256 844 2277 nec
857 2249 946 2277 haeres
956 2249 990 2277 li-

198 2294 316 2323 centiam
333 2294 428 2326 habet,
444 2294 568 2321 relictum
588 2293 769 2329 boclegatunt
787 2295 815 2323 in
829 2294 910 2322 aliam
923 2302 991 2322 can-

198 2349 258 2370 sam
277 2340 459 2376 expendendi,
478 2339 525 2368 sed
546 2339 590 2368 cui
607 2339 730 2367 relictum
746 2344 798 2374 est,
817 2341 953 2368 restituat.

236 2433 279 2460 11.
294 2431 324 2460 Si
341 2431 429 2459 haeres
448 2430 536 2460 relicti
563 2430 615 2459 sibi
630 2430 788 2466 patrimonii
804 2431 930 2460 notitiam
944 2431 991 2460 ba-

197 2479 254 2513 bet,
272 2486 305 2507 ac
318 2478 408 2506 debita
426 2478 503 2506 novit
521 2477 697 2513 praecedere:
717 2485 809 2506 coram
829 2477 883 2506 fide
901 2479 991 2514 dignis

197 2525 315 2553 testibus
327 2524 519 2560 patrimonium
531 2524 619 2560 ipsum
633 2523 780 2557 describat,
793 2529 821 2552 et
834 2524 930 2560 quanti
942 2524 989 2559 sit,

198 2570 399 2599 manifestatur.
423 2570 462 2598 Ac
477 2569 595 2605 primum
612 2569 723 2605 quidem
745 2570 929 2598 creditoribus
943 2577 989 2598 sa-

199 2619 293 2651 tisﬂat,
303 2623 385 2654 atque
400 2618 438 2646 ita
453 2618 583 2654 deinceps
604 2617 642 2651 id,
657 2617 730 2654 quod
745 2622 882 2653 superest,
901 2617 989 2646 haeres

199 2664 251 2691 sibi
265 2664 392 2692 retineat.

237 2753 280 2782 12.
297 2754 325 2781 Si
352 2761 418 2782 vero
441 2755 639 2783 contumaciter
649 2761 678 2783 et
701 2759 802 2783 temere
828 2756 988 2788 succedens.

199 2799 269 2828 idem
283 2799 476 2835 patrimonium
487 2801 617 2835 attigerit,
636 2805 664 2829 et
674 2801 836 2834 constiterit,
848 2810 909 2830 cum
926 2810 989 2838 par-

201 2846 350 2875 ticulariter
366 2846 455 2874 debita
475 2847 597 2881 quaedam
625 2848 758 2876 solvisse:
780 2849 912 2884 obligatus
928 2856 987 2878 esto

1043 2249 1143 2283 ἔξοδον,
1155 2249 1241 2277 ταῦτα
1252 2249 1417 2278 διδόσθωσαν
1440 2258 1446 2265 ·
1464 2250 1511 2277 καὶ
1530 2250 1568 2286 μὴ
1588 2252 1660 2286 ἔχειν
1683 2251 1777 2278 ἄδειαν
1792 2252 1839 2279 τδν

1044 2296 1213 2332 κληρονόμον
1239 2298 1280 2329 είς
1298 2297 1397 2333 ἑτέραν
1417 2297 1555 2333 πρόφασιν
1579 2297 1609 2324 τὸ
1632 2297 1711 2325 ὲαθὲν
1724 2298 1839 2332 λεγάτον

1044 2342 1205 2377 ἑξοδιάζειν,
1233 2343 1301 2372 ἀλλὰ
1327 2342 1407 2370 τοῦτο
1430 2343 1619 2378 ἀποκαθιστᾷν
1646 2343 1685 2379 τῷ
1709 2344 1839 2378 λεγατευ-

1044 2388 1115 2416 θέντι
1120 2410 1127 2417 .

1083 2435 1127 2464 ια’.
1140 2435 1204 2464 Ἐὰν
1219 2437 1233 2464 ό
1246 2436 1415 2472 κληρονόμος
1438 2436 1542 2472 εἴδησιν
1558 2437 1608 2472 τῆς
1629 2436 1838 2472 ὲγκαταλιμπα-

1043 2483 1160 2518 νομένης
1173 2483 1249 2518 αὓτῷ
1265 2483 1442 2514 ὑποστάσεως
1457 2482 1524 2518 ἔχει,
1540 2483 1587 2509 καὶ
1601 2479 1674 2510 οἶδεν
1686 2483 1754 2519 χρέη
1771 2492 1838 2518 προ-

1044 2528 1189 2564 ηγεῖσθαι·
1206 2528 1253 2555 ἐπὶ
1275 2527 1441 2560 ἀξιοπίστων
1461 2526 1610 2563 μαρτύρων
1635 2527 1685 2563 τὴν
1709 2527 1838 2563 τοιαύτην

1044 2573 1228 2608 ἀναγραφέτω
1247 2572 1407 2606 ὑπόστασιν,
1426 2571 1474 2599 καὶ
1505 2571 1682 2607 φανερούσθω
1701 2571 1803 2606 ταύτης
1822 2572 1838 2608 ἡ

1043 2617 1169 2654 δύναμις.
1184 2617 1241 2645 Καὶ
1265 2617 1374 2654 πρῶτον
1399 2618 1450 2654 μὲν
1473 2617 1688 2653 πληρούσθωσαν
1702 2618 1728 2645 oi
1748 2626 1837 2654 χρεωο

1044 2664 1178 2700 φειλέται,
1194 2664 1241 2692 καὶ
1259 2661 1310 2691 εἷθ’
1324 2663 1410 2696 οὕτως
1429 2664 1460 2691 τὸ
1471 2664 1629 2699 περιττεῦον
1642 2664 1729 2700 ὲχέτω
1740 2665 1754 2691 δ
1767 2663 1835 2700 κλη-

1046 2711 1170 2747 ρονόμος.

1086 2755 1129 2791 ιβ’.
1147 2756 1178 2782 Εἰ
1196 2755 1226 2782 δὲ
1240 2755 1365 2787 αὐθαδῶς
1382 2755 1428 2782 καὶ
1442 2755 1479 2786 ὡς
1494 2754 1590 2790 ἔτυχεν
1605 2754 1836 2790 ύπεισερχόμενος

1044 2801 1096 2837 τῆς
1107 2801 1192 2836 αὐτῆς
1203 2800 1344 2836 ὑφάψηται
1359 2800 1544 2833 ὑποστάσεως,
1563 2800 1610 2827 καὶ
1630 2802 1702 2836 φανῇ
1715 2800 1836 2836 μερικῶς

1045 2848 1105 2876 τινὰ
1136 2848 1189 2875 τῶν
1215 2847 1446 2884 χρεῶνάποδούς·
1466 2846 1619 2874 ὑποκείσθω
1642 2846 1761 2882 πληροῦν
1789 2846 1837 2873 καὶ
