1938 3070
49 137 98 169 513

677 135 874 166 DELECTUS
892 133 1035 165 LEGUM.

1616 128 1671 161 514

41 195 102 226 τοὺς
131 193 254 228 λοιποὺς,
275 194 312 226 ὡς
345 193 389 221 διὰ
416 192 573 229 προσφόρου
595 192 757 228 ἀναγραφῆς
783 192 828 228 τῆς

885 190 997 225 reliquis
1008 189 1088 216 etiam
1096 187 1266 222 satisfacere,
1279 186 1360 215 veluti
1371 185 1418 221 qui
1430 192 1477 220 per
1488 184 1670 213 inventarium

41 240 164 275 τοιαύτης
187 240 363 271 ὑποστάσεως
385 239 423 274 μὴ
438 238 576 274 γνωρίσας
591 238 755 273 κατάληψιν.

77 331 120 362 ιγ’.
135 327 165 355 El
180 327 208 354 δὲ
223 327 346 362 ἐσχάτως
355 326 498 361 ἀναφυῶσι
520 326 554 354 τὰ
564 326 641 362 χρέη.
659 325 706 353 τοῦ
728 326 829 362 κληροο

40 374 122 409 νόμου
138 373 187 408 τὴν
202 373 265 408 περὶ
281 372 375 399 τούτου
389 372 500 406 ἄγνοιαν
511 371 680 407 κεκτημένου
693 371 737 398 διὰ
754 380 824 407 μαρ-

40 418 137 454 τύρων,
147 418 163 453 ἢ
175 417 222 444 καὶ
235 417 279 444 διὰ
297 417 378 452 ὅρκου
393 425 400 430 ·
414 417 444 443 τὸ
452 416 565 452 εὑρεθὲν
576 417 625 451 τῆς
640 416 826 449 ὑποστάσεως,

41 465 87 492 καὶ
107 463 248 499 περιελθὸν
270 465 309 495 είς
325 463 417 496 αὐτὸν,
439 463 575 498 παριστᾷν
589 462 678 496 αὐτὸν,
695 463 743 489 καὶ
759 462 828 498 πρὸς

42 507 114 543 αὐτῷ
127 507 306 534 ἀποκοπτέτω
322 507 356 533 τα
376 506 430 534 τῶν
444 506 651 541 χρεωφειλετῶν
667 506 761 540 αὑτοῦ,
780 507 827 533 καὶ

42 554 122 590 μηδὲν
140 553 293 589 περαιτέρω
308 552 404 579 τοῦτον
419 553 606 579 ἀπαιτεῖσθαι.

75 598 115 626 ιδ’.
130 599 160 626 El.
173 598 339 633 κληρονόμος
357 598 372 633 ἢ
389 598 552 632 λεγατάριος
578 597 736 632 οίοσδήποτε
756 597 828 632 φανῇ

40 644 201 681 ἀποκρύψας
217 645 266 679 τὴν
291 643 521 678 καταλειφθεῖσαν
535 643 610 679 αὐτῷ
621 643 763 678 διαθήκην,
781 644 829 670 καὶ

39 691 69 719 ὲν
81 691 186 726 ὑστέρῳ
198 690 270 726 αὕτη
287 689 353 725 παρ’
363 689 437 725 αὐτῷ
452 689 562 725 εὑρεθῇ,
582 689 737 716 ὲκπιπτέτω
748 689 762 715 ὸ
777 690 828 724 μὲν

41 736 218 771 κληρονόμος,
233 735 283 769 τῆς
296 733 479 769 κληρονομίας
493 741 500 749 ο
515 734 529 759 ὁ
547 733 575 760 δὲ
589 732 763 767 λεγατάριος,
779 731 828 759 τοῦ

40 782 165 816 λεγάτου.

78 826 118 854 ιε’.
135 826 167 853 Et
181 826 209 852 δέ
222 834 264 858 τις
279 825 412 853 τελευτῶν
425 824 464 861 τῷ
472 823 564 859 οἰκείῳ
577 823 831 859 κληῳνὸμῳάγρά-

879 239 1038 270 competens
1049 242 1094 262 res
1103 234 1268 269 patrimonio
1280 233 1491 268 comprehensas
1503 239 1669 267 cognoscere

881 291 934 310 nou
956 282 1101 310 studucrit.

914 328 959 356 13.
971 328 1048 362 Quod
1058 327 1080 355 si
1095 327 1184 354 debita
1193 327 1219 354 in
1237 325 1371 354 inﬁnitum
1384 325 1556 358 emerserint,
1567 324 1674 353 herede

879 382 928 410 per
946 379 1041 407 testes,
1054 372 1194 400 autetiam
1213 370 1474 406 periusjurandum,
1492 370 1673 405 ignorantiam

880 420 1030 456 probante:
1049 418 1179 453 quidquid
1198 418 1223 443 in
1239 415 1404 452 patrimonio
1422 420 1559 450 repertum
1571 419 1624 447 est,
1645 419 1674 442 et

880 467 913 492 ad
927 473 989 492 eum
1013 464 1146 499 pervenit,
1163 462 1291 490 exhibeat
1305 470 1312 489 :
1327 467 1354 489 et
1379 461 1527 488 secundum
1543 459 1568 487 id
1594 460 1673 487 debi-

878 515 903 537 ta
924 509 1089 537 creditorum
1104 507 1221 541 decidat,
1234 514 1286 535 nec
1301 506 1448 542 quidquam
1464 505 1577 533 ulterius
1590 504 1624 532 ab
1635 511 1669 532 eo

858 572 863 574 -
879 558 1016 592 exigatur.

915 602 958 629 H.
971 601 999 629 Si
1018 601 1058 628 vel
1072 601 1219 631 heredem.
1234 600 1275 627 vel
1291 605 1481 634 quemcunque
1507 598 1668 633 legatarium

884 648 1005 683 paruerit
1030 647 1168 674 occultare
1190 646 1314 674 relictum
1345 645 1396 672 sibi
1425 649 1630 676 testamentum,
1645 647 1674 671 et

879 694 913 720 ad
932 697 1082 720 extremum
1112 692 1178 719 illud
1203 692 1273 726 apud
1291 691 1378 726 ipsum
1407 695 1543 724 repertum
1572 689 1673 722 fuerit,

881 740 967 767 heres
982 739 1158 767 successione
1167 738 1257 770 cadat,
1275 737 1424 773 legatarius
1436 736 1537 771 legato.

919 825 962 852 15.
976 824 1005 852 Si
1025 831 1090 851 vero
1106 823 1225 851 moriens
1248 823 1387 858 quispiam
1411 823 1509 850 hmredi
1535 830 1584 850 suo
1603 823 1672 850 citra

41 882 99 908 φως
114 874 160 900 καὶ
176 873 260 908 χωρὶς
283 871 430 907 μαρτύρων
451 871 501 906 τὴν
518 870 585 896 ίδίαν
601 868 753 905 καταλείψῃ
766 869 828 895 ὑπό-

885 870 1049 904 scripturnm
1066 875 1093 897 ct
1107 871 1208 904 absque
1226 869 1352 901 testibus,
1373 869 1442 896 bona
1459 877 1505 897 sua
1522 870 1674 905 reliquerit,

42 927 146 950 στασιν,
161 919 209 946 καὶ
223 917 273 951 τὴν
286 917 388 952 ταύτης
401 916 495 951 ιντελῆ
503 915 649 950 διοίκησιν,
663 914 711 941 καὶ
721 915 829 950 ἁναφυῇ

39 974 83 997 τις
93 964 226 999 ὲγκαλῶν,
240 964 354 998 λεγάτον
366 962 439 998 αὐτῷ
455 961 569 997 ὲαθῆναι
583 960 659 996 παρὰ
674 959 721 987 τοῦ
736 960 830 986 τελευ-

38 1012 180 1046 τήσαντος,
191 1009 366 1045 παραστῆσαι
376 1008 405 1035 δὲ
417 1008 460 1034 διὰ
473 1007 619 1042 μαρτύρων
632 1006 649 1042 ἢ
665 1006 712 1033 καὶ
728 1006 829 1041 ἑτέρως

39 1064 110 1090 πως,
126 1055 254 1091 ἀληθείας
282 1055 317 1081 τὰ
334 1053 400 1089 παρ’
412 1053 494 1080 αὐτοῦ
514 1053 647 1088 λεγόμενα
666 1051 784 1087 ἔχεσθαι,
798 1051 828 1078 οὐ

39 1101 149 1128 δύναται
166 1108 173 1114 ·
190 1099 303 1127 διδόσθω
313 1099 352 1135 τῷ
368 1099 440 1134 λόγῳ
457 1098 503 1126 τοῦ
516 1098 696 1134 κληρονόμου.

76 1146 123 1179 ις’.
146 1146 324 1173 Ἐκπίπτουσι
339 1145 368 1172 δὲ
385 1145 435 1180 τῆς
455 1144 572 1180 νομίμου
597 1143 778 1179 κληρονομίας
794 1143 829 1170 δι’

39 1193 202 1229 ἀχαριστίαν
213 1213 221 1226 ,
248 1192 274 1219 οι
289 1192 337 1227 μὲν
366 1191 460 1222 παῖδες
475 1211 483 1223 ,
500 1191 524 1217 εί
539 1190 602 1222 τοὺς
616 1190 697 1221 ίδίους
724 1189 830 1224 τύψωσι

39 1240 137 1273 γονεῖς,
154 1240 179 1265 εί
198 1238 304 1273 βαρέως
328 1237 427 1268 αὐτοὺς
442 1236 603 1272 ὑϐρίσωσιν,
623 1236 640 1271 ἢ
668 1235 830 1271 ἐγκλήματα.

38 1285 268 1319 κατηγορήσωσιν
282 1282 422 1318 αὑτοὺς,ῆ
444 1282 493 1309 καὶ
518 1282 778 1317 συκοφαντήσωσιν·
805 1281 831 1308 εί

39 1330 197 1365 φαρμάκοις
210 1329 248 1361 ὡς
268 1330 413 1364 φαρμακός
438 1336 479 1360 τις
498 1327 589 1354 αὐτῶν
603 1327 827 1364 συναναστρέφει*

37 1376 63 1402 εί
79 1375 310 1402 ἔπιϐουλεύσωσιν
338 1374 387 1410 οἵῳ
407 1373 578 1410 [οίῳδήποτε]
605 1373 698 1409 τρόπῳ
713 1375 745 1409 τῇ
771 1373 828 1409 ζωῇ

38 1421 130 1448 αὐτῶν
140 1428 148 1437 ι
163 1422 188 1447 sl.
202 1421 235 1456 τῇ
257 1419 404 1456 μητρυιᾷῆ
419 1419 543 1455 παλλακῇ
558 1418 605 1446 τοῦ
620 1419 723 1455 πατρὸς
737 1419 829 1446 αὐτῶν

39 1467 203 1503 σωματικῶς
217 1475 260 1497 τις
275 1466 365 1493 αὐτῶν
384 1467 452 1501 μιγῇ
463 1473 470 1481 ο
484 1466 508 1492 εί
526 1465 589 1498 τοὺς
606 1466 695 1500 γονεῖς
711 1465 827 1500 φυλακι-

39 1514 170 1548 ζομένους
189 1514 214 1540 οί
232 1513 348 1549 ἄρρενες
365 1512 457 1544 παῖδες
478 1511 682 1547 προτραπέντες
703 1511 741 1547 μὴ
755 1511 827 1538 ἀντι·

38 1560 227 1595 φωνὴσουσιν·
242 1561 266 1585 εί
286 1559 303 1594 ἡ
317 1558 441 1593 θυγάτηρ
455 1558 494 1594 μὴ
513 1557 614 1584 ἑλεῖται
629 1557 754 1593 νομίμως
767 1558 827 1590 ςευ.

36 1605 136 1642 χθῆναι
147 1604 316 1640 βουλομένων
323 1604 377 1631 τῶν
390 1604 506 1638 γονέων,
517 1603 573 1630 ἀλλ’
581 1603 702 1639 αίσχρῶς
712 1603 826 1638 διάγειν·

43 1654 69 1678 εἰ
96 1652 267 1688 μαινομένων
289 1652 343 1679 τῶν
365 1652 467 1686 γονέων
485 1650 523 1688 μὴ
547 1650 662 1680 ἕλωνται
684 1652 709 1678 οί
730 1651 825 1683 παῖδες

36 1697 229 1726 άντιλαῦέσθαι
243 1698 345 1726 αὐτῶν.

334 1766 461 1794 ΤΙΤΛΟΣ
487 1765 536 1793 ΙΘ¹.

286 1822 357 1857 Περὶ
379 1822 580 1857 κουρατόρων.

72 1879 109 1908 α’.
124 1880 155 1907 Εί
166 1880 198 1907 ἐκ
209 1888 289 1907 τινων
308 1879 421 1914 ὀρφανοὶ
432 1879 645 1915 καταλειφθῶσι,
660 1880 707 1907 καὶ
724 1879 827 1914 νήπιοι.

35 1927 86 1953 καὶ
93 1926 193 1953 ὕπεστι
205 1926 310 1958 τούτοις
325 1926 485 1958 ὑπόστασις,
498 1926 522 1952 εί
541 1927 590 1961 μὲν
600 1927 624 1953 οί
636 1926 725 1960 γονεῖς
738 1926 828 1953 αὐτῶν

34 1973 217 2004 τελευτῶντες
228 1972 375 2007 ἐγγράφως
388 1972 547 2007 κουράτορα
557 1972 663 2004 τούτοις
674 1973 827 2008 παρέασαν,

33 2019 214 2054 φυλαττέσθω
235 2017 339 2045 τούτων
366 2018 383 2053 ἡ
408 2017 552 2054 βούλησις*
568 2018 638 2045 εἰδὲ
657 2018 704 2045 καὶ
730 2018 778 2054 μὴ,
803 2018 829 2045 οι

34 2066 149 2099 εὐαγεῖς
165 2061 235 2092 οἶκοι
251 2064 301 2099 τὴν
315 2063 418 2091 τούτων
437 2063 619 2098 κουρατορίαν
634 2063 782 2098 ἐχέτωσαν,
799 2064 828 2090 ὲν

35 2112 87 2146 μὲν
104 2111 138 2146 τῇ
153 2109 329 2144 θεοφυλάκτῳ
341 2109 428 2145 ταύτῃ
443 2108 531 2142 πόλει,
546 2108 828 2144 τδέόρφανοτροφεῖον,

34 2155 84 2182 καὶ
106 2155 131 2182 οί
154 2154 244 2181 λοιποὶ
264 2154 373 2188 εὐαγεῖς
390 2151 470 2186 οἶκοι,
497 2153 546 2180 καὶ
561 2153 591 2179 αί
610 2153 829 2188 γεγνωρισμέναι

884 923 947 943 cum
964 923 1059 942 eorum
1075 915 1313 942 administratione
1329 915 1462 949 plenazet
1474 915 1573 950 aliquis
1586 923 1677 943 emer-

883 961 962 993 serit,
976 961 1021 996 qui
1034 967 1166 997 qtteratur
1182 969 1195 988 a
1209 960 1338 988 defuncto
1355 960 1471 995 legatum
1487 961 1536 988 sibi
1551 961 1674 988 relictum

882 1015 954 1039 esse,
969 1015 1062 1034 verum
1079 1014 1127 1042 per
1153 1011 1248 1039 testes,
1264 1011 1312 1033 aut
1335 1007 1388 1034 alio
1397 1014 1450 1041 quo
1466 1008 1544 1034 modo
1561 1008 1676 1042 probare

883 1057 1000 1089 nequeat
1017 1060 1076 1081 esse
1093 1059 1156 1080 vera
1184 1060 1243 1088 qua:
1257 1053 1367 1085 dixerit,
1383 1052 1498 1080 heredis
1518 1053 1675 1082 discretioni

886 1099 1013 1126 traditor.

918 1144 961 1172 16.
987 1145 1125 1173 Amittunt
1137 1145 1321 1173 hereditatem
1340 1145 1487 1181 legitimam
1504 1151 1615 1181 propter
1632 1145 1674 1172 in-

883 1191 1087 1227 gratitudinem,
1104 1191 1151 1218 lilii
1167 1191 1287 1227 quidem,
1317 1192 1340 1220 si
1359 1196 1487 1226 parentes
1501 1199 1564 1219 suos
1578 1192 1675 1220 verbe-

882 1236 1044 1272 raverint,lsi
1059 1244 1156 1271 graves
1169 1238 1208 1265 eis
1225 1237 1337 1271 injurias
1349 1237 1475 1270 fecerint,
1490 1237 1512 1264 si
1525 1238 1675 1265 critninuli-

883 1287 924 1310 ter
934 1289 982 1310 eos
996 1283 1194 1316 accusaverim,
1212 1288 1258 1310 aut
1269 1283 1426 1310 calumniati
1437 1283 1536 1309 fuerint
1551 1291 1558 1310 :
1572 1283 1593 1310 si
1613 1283 1676 1318 quis

882 1334 976 1355 eorum
991 1334 1054 1354 cum
1081 1327 1221 1360 veneﬁcis,
1248 1331 1376 1362 tanquam
1391 1327 1539 1359 veneﬁcus,
1560 1334 1676 1354 conver-

882 1377 979 1401 satur:
994 1373 1018 1400 si
1048 1373 1109 1400 vita:
1130 1372 1250 1407 ipsorum
1268 1379 1440 1408 quocumque
1466 1373 1547 1400 modo
1565 1372 1676 1399 insidias

882 1420 1044 1453 struxerint,
1059 1419 1082 1446 si
1097 1420 1160 1454 quis
1174 1426 1268 1447 eorum
1284 1426 1347 1447 cum
1367 1426 1497 1452 noverca,
1518 1418 1559 1445 vel
1573 1426 1676 1446 concu-

880 1465 945 1493 bina
958 1465 1054 1500 patris,
1067 1464 1215 1492 carnaliter
1225 1465 1323 1492 coierit
1336 1472 1345 1492 :
1355 1465 1376 1492 si
1388 1472 1437 1500 pro
1448 1464 1618 1500 parentibus,
1629 1464 1676 1500 qui

882 1511 1038 1539 carceribus
1049 1510 1216 1542 detinentur,
1234 1510 1322 1546 rogati
1335 1518 1368 1537 eo
1385 1511 1495 1538 nomine
1512 1511 1591 1538 liberi
1606 1507 1676 1537 'ma-

884 1556 966 1589 sculi,
978 1563 1031 1584 non
1046 1555 1260 1583 intervenerint:
1273 1556 1296 1583 si
1308 1555 1361 1583 lilia
1373 1555 1501 1590 legitimis
1513 1556 1617 1591 nuptiis
1629 1563 1675 1583 co-

882 1601 970 1637 pulari
985 1601 1066 1634 nolit,
1083 1601 1243 1637 parentibus
1270 1601 1296 1628 id
1315 1601 1485 1634 volentibus;
1506 1602 1552 1629 sed
1568 1607 1674 1636 turpem

882 1648 965 1675 vitam
980 1654 1061 1681 agere
1074 1646 1172 1674 malit:
1190 1646 1213 1674 si
1237 1646 1396 1681 parentibus
1417 1645 1511 1674 furore
1525 1646 1674 1682 correptis,

882 1692 959 1721 liberi
972 1700 1068 1721 curam
1088 1699 1184 1720 eorum
1199 1692 1340 1727 suscipere
1356 1691 1454 1719 nolint.

1162 1756 1313 1786 TITULUS
1328 1756 1400 1784 XIX.

1165 1815 1202 1844 De
1213 1815 1391 1843 curatoribus.

919 1884 943 1912 i.
961 1883 989 1911 Si
1006 1882 1041 1910 ab
1055 1881 1191 1917 aliquibus
1215 1881 1303 1909 relicti
1332 1880 1427 1916 pupilli
1456 1879 1569 1913 fuerint,
1590 1883 1617 1908 et
1631 1880 1674 1908 in-

881 1930 980 1962 fames,
1000 1929 1046 1964 qui
1065 1928 1262 1964 patrimonium
1279 1927 1390 1962 aliquod
1414 1926 1525 1958 habent,
1539 1926 1672 1960 siquidem

882 1981 1009 2012 parentes
1030 1983 1125 2003 eorum
1154 1974 1331 2006 decedentes,
1347 1973 1373 2000 in
1389 1972 1501 2007 scriptis
1517 1977 1672 1998 curatorem

882 2023 949 2057 ipsis
967 2021 1166 2056 relinquerunt,
1182 2019 1307 2046 voluntas
1325 2018 1446 2053 ipsorum
1461 2021 1583 2045 servator
1601 2026 1607 2044 :
1630 2017 1672 2045 sin

883 2073 986 2100 autem,
1005 2066 1174 2094 venerabiles
1186 2066 1283 2093 domus
1296 2072 1390 2092 eorum
1404 2063 1570 2091 curatoriam
1586 2064 1673 2091 susci<

880 2113 986 2148 piunto,
997 2113 1023 2140 in
1035 2111 1168 2139 custodita
1178 2110 1288 2145 quidem
1301 2109 1429 2137 divinitus
1438 2110 1488 2136 hac
1496 2109 1572 2142 urbe,
1584 2110 1672 2144 ipsum

881 2158 1152 2193 orpltanotrophium,
1163 2162 1190 2185 et
1201 2160 1306 2184 cetera:
1321 2156 1417 2183 domus
1431 2155 1575 2190 religiosae,
1587 2160 1614 2183 et
1625 2163 1673 2183 ec-

33 2199 181 2235 ὲκκλησίαι
195 2207 202 2214 ·
219 2200 247 2226 ὲν
261 2198 290 2226 δὲ
308 2199 369 2231 ταῖς
390 2198 538 2234 ἐπαρχίαις
555 2198 589 2225 τὰ
604 2198 780 2230 ἱπισκοτιεῖα,
795 2199 828 2225 τὰ

885 2204 972 2232 clesize
983 2209 1055 2231 notat
1067 2213 1074 2231 :
1089 2204 1115 2231 in
1130 2203 1276 2239 provinciis
1288 2209 1363 2235 vero,
1379 2202 1527 2237 episcopia,
1539 2207 1674 2230 monaste-

35 2246 218 2282 μοναστήρια,
241 2247 290 2273 καὶ
310 2245 340 2272 αί
361 2245 517 2280 ἐκκλησίαι,
542 2243 640 2280 μέχρις
664 2243 726 2270 ὅτου
758 2244 828 2280 πρὸς

32 2292 127 2327 γάμου
149 2291 245 2327 καιρὸν
266 2291 456 2323 καταντῶντες
471 2291 497 2318 ot
519 2289 685 2326 κληρονόμοι
703 2289 826 2326 ζευχθῶ-

33 2346 89 2366 σιν.

71 2381 107 2417 β’.
130 2382 162 2409 El
183 2381 212 2409 δὲ
228 2381 276 2408 καὶ
302 2381 370 2417 πρὸς
396 2382 485 2417 γάμον
500 2381 590 2408 ἐλθεῖν
613 2380 638 2407 οί
655 2380 772 2408 τοιοῦτοι
797 2381 828 2408 οὐ

33 2428 189 2464 βούλονται,
218 2428 316 2464 μέχρις
336 2427 511 2460 είκοσαετοῦς
526 2428 623 2464 χρόνου
642 2426 705 2458 τοὺς
728 2427 829 2460 αὐτοὺς

32 2475 145 2509 εὐαγεῖς
158 2475 260 2507 οἴκους,
275 2473 311 2501 τὰ
328 2474 508 2510 μοναστήρια,
535 2475 582 2500 καὶ
597 2473 647 2506 τὰς
667 2474 828 2509 ἐκκλησίας,

30 2520 83 2551 τὰς
105 2518 233 2550 τοιαύτας
261 2518 423 2550 ὑποστάσεις
443 2518 679 2554 παραφυλάττειν,
705 2520 752 2547 καὶ
777 2518 828 2547 εἷθ’

31 2565 122 2596 οὕτως
132 2563 222 2591 dum
227 2562 284 2595 πῶς
293 2562 396 2595 ταύτας
410 2564 465 2595 τοῖς
477 2565 537 2599 είρη
542 2564 634 2599 μένοις
646 2565 828 2601 κληρονόμοις

31 2609 200 2637 ἀποδιδόναι.
217 2608 253 2634 Οὺ
268 2609 323 2642 γὰρ
335 2607 447 2642 ἀρεστὸν
463 2607 503 2642 τῷ
519 2608 579 2644 Θεῷ
594 2609 653 2636 ἑστι
663 2629 671 2641 ,
684 2609 715 2636 τὸ
740 2610 828 2637 καθά-

31 2664 87 2691 περ
100 2656 183 2690 μέχρι
195 2654 240 2680 τοῦ
255 2653 302 2680 νῦν
313 2653 481 2689 κουρᾶτορας
493 2654 604 2690 ἑτέρους
618 2655 828 2690 προϐάλλεσθαι,

31 2704 79 2730 καὶ
96 2703 132 2729 τὰ
158 2702 211 2728 τῶν
225 2700 349 2737 ὀρφανῶν
365 2700 529 2733 κατεσθίειν,
547 2701 690 2733 κάκείνους
712 2709 827 2736 προσαι-

31 2749 103 2774 τεῖν.
118 2747 150 2773 Οἱ
161 2746 215 2781 γὰρ
227 2744 420 2780 εὐαγεῖςοῖκοι,
433 2746 479 2773 καὶ.
493 2745 576 2772 αίτοῦ
591 2746 659 2773 Θεοῦ
674 2746 828 2781 ἐκκλησίαι,

33 2794 58 2819 al
75 2793 123 2819 καὶ
141 2793 195 2819 τῶν
222 2791 310 2818 ἄλλων
339 2791 546 2828 προϊστάμενοι,
574 2793 621 2819 καὶ
642 2792 706 2824 τοὺς
726 2792 828 2826 ξένοικ,

33 2839 70 2871 ὡς
88 2839 181 2872 ἰδίους,
201 2837 272 2866 κατὰ
289 2837 338 2872 τὴν
354 2837 465 2872 ἐντολὴν
479 2837 526 2865 τοῦ
544 2838 648 2874 Κυρίου
661 2838 828 2873 ξενοδοκοῦν-

879 2249 919 2276 ria
933 2254 961 2277 et
986 2248 1119 2281 ecclesiae,
1147 2255 1290 2283 quousque
1318 2247 1478 2282 nuptiarum
1498 2248 1532 2275 ad
1564 2253 1672 2284 tempus

880 2294 1001 2323 lneredes
1029 2294 1142 2330 propius
1158 2294 1331 2326 accedentes,
1356 2293 1529 2321 matrimonio
1543 2294 1672 2328 copulen-

881 2345 935 2368 llll'.

913 2384 942 2412 2.
957 2383 1005 2411 Sin
1018 2383 1052 2411 illi
1067 2390 1096 2411 se
1109 2382 1143 2410 ad
1152 2381 1355 2410 matrimOniuin
1372 2381 1497 2410 conferre
1512 2382 1610 2415 nolint,
1625 2390 1670 2410 us-

879 2437 933 2466 que
945 2429 979 2457 ad
992 2436 1093 2457 annum
1111 2428 1271 2464 vigesimum
1295 2428 1397 2456 eaedem
1413 2429 1510 2455 domus
1523 2427 1668 2462 religiosae,

879 2476 1093 2509 monasteria,et
1104 2474 1236 2507 ecclesia,
1251 2473 1382 2509 ejusmodi
1404 2473 1564 2508 patrimonia
1580 2477 1670 2501 custo-

879 2521 965 2554 diant,
979 2525 1060 2555 atque
1074 2519 1110 2547 ita
1134 2519 1235 2547 deinde
1250 2519 1310 2546 sine
1322 2517 1428 2546 defectu
1439 2526 1470 2545 ea
1486 2517 1566 2546 dictis
1581 2518 1669 2546 haere-

880 2567 961 2594 dibus
977 2566 1130 2593 restituant.
1151 2563 1209 2591 Non
1224 2565 1296 2592 enim
1320 2568 1461 2598 acceptum
1483 2568 1524 2590 est
1541 2563 1605 2596 Deo,
1622 2571 1670 2590 cu-

879 2617 985 2640 ratores
1013 2611 1080 2639 alios
1109 2610 1250 2644 constitui,
1283 2610 1509 2645 quemadmodum
1539 2609 1565 2637 in
1598 2610 1670 2638 hunc

880 2665 967 2693 usque
981 2657 1052 2684 diem
1068 2656 1169 2683 factum
1184 2655 1246 2689 fuit,
1262 2655 1308 2690 qui
1322 2654 1485 2690 pupillorum
1501 2654 1571 2683 bona
1585 2656 1668 2684 devo-

879 2708 963 2736 rent,
994 2703 1059 2738 ipsis
1088 2701 1316 2729 mendicantibus.
1355 2701 1460 2735 Quippe
1499 2701 1668 2730 venerabiles

880 2750 989 2780 domus,
1005 2753 1033 2776 et
1057 2748 1180 2775 ecclesiae
1205 2747 1263 2779 Dei,
1279 2754 1338 2782 quae
1356 2746 1416 2774 aliis
1429 2747 1510 2774 etiam
1536 2753 1666 2782 presunt,

880 2800 908 2822 et
929 2794 1043 2826 alienos,
1059 2799 1187 2826 tanquam
1207 2801 1281 2826 suos,
1297 2792 1375 2828 juxta
1391 2793 1495 2820 Domini
1510 2794 1666 2820 mandatum

881 2837 1008 2873 hospitiis
1032 2837 1182 2872 excipiunt,
1202 2837 1286 2866 multo
1302 2839 1388 2874 magis
1404 2837 1486 2876 bona
1506 2839 1667 2875 pupillorum
