1938 3070
241 127 298 159 515

721 129 973 160 CONSTANTINI
993 130 1272 162 PORPHYROGEN
1279 132 1332 162 [TI

1818 136 1878 169 516

237 183 403 217 custodiant,
420 190 572 220 eorumque
599 184 800 213 restitutionem
827 193 876 213 suo
905 190 1026 221 tempore

1094 195 1123 218 ες
1137 188 1184 214 καὶ
1202 188 1407 224 ὑποδεχόμενοι,
1427 191 1517 228 πολλῷ
1529 193 1610 220 πλέον
1625 195 1658 221 τὰ
1675 194 1728 222 τῶν
1742 195 1875 231 ὀρφανῶν

234 227 346 256 facient.

517 321 669 350 'l'ITULUS
682 321 740 349 XX.

511 378 550 405 De
575 379 751 409 libertatibus.

271 431 297 457 Ι.
327 430 493 459 Libertatem
517 434 693 468 consequitur
717 441 825 467 servus,
842 442 903 462 cum
917 435 1026 463 domino

243 484 292 503 suo
312 477 381 504 liber
397 484 456 504 esse
465 477 618 512 publicatus
627 479 707 506 fuerit
719 479 744 505 in
757 480 883 514 ecclesia,
895 481 937 508 vel
946 481 1026 508 etiam

236 531 329 551 coram
347 528 462 559 septem,
488 529 536 552 aut
551 526 682 561 quinque,
694 531 741 553 aut
767 526 853 554 tribus
870 527 973 559 amicis,
994 528 1026 554 ad

237 569 290 596 hoc
306 569 472 602 c0nvocatis,
495 577 526 597 ac
540 571 787 605 subscribentibus,
803 577 830 600 et
852 572 877 599 id
891 573 962 607 quod
978 580 1027 599 tto-

237 618 310 646 runt,
328 614 362 639 ad
380 619 518 646 gestorum
534 621 709 643 monumenta
728 618 936 652 deponentibus.

272 658 300 684 ἓ.
319 657 366 685 Vel
380 660 461 686 etiam
487 667 535 694 per
556 661 698 695 epistolam
714 662 816 690 domini
840 665 892 697 sui,
907 666 1026 702 quinque

239 704 360 738 testium,
378 706 419 733 vel
445 707 536 740 trium,
552 715 600 735 ceu
619 708 730 742 dictum,
746 709 960 745 subscriptiones
977 714 1026 740 hoc

237 751 348 779 nomine
370 751 514 780 habentem
529 761 537 786 ;
556 761 615 788 quae
632 759 796 782 testamento
809 756 950 792 inscripta,
966 766 1026 786 ser-

237 802 273 822 vo
284 795 374 823 datur.

272 840 408 869 5.1tidem
445 850 528 878 quum
549 843 583 872 de
601 844 738 872 voluntate
763 846 894 881 defuncti,
909 848 949 876 vel
967 857 1027 883 per-

238 887 324 914 missu
351 887 467 916 baeredis
492 896 587 917 servus
605 890 631 916 iu
655 890 743 925 capite
765 891 879 920 linteum
907 899 1028 929 gestans,

239 932 359 962 defuncti
372 933 455 962 funus
471 941 582 963 secutus
595 935 687 964 fuerit.

273 1025 301 1052 4.
321 1026 353 1054 Et
370 1034 432 1054 cutn
449 1028 601 1063 subjectum
615 1029 667 1057 sibi
680 1037 788 1058 servum
805 1030 1030 1065 personaliter-aa

238 1072 363 1100 dominus
376 1073 558 1108 coniunxerit.
606 1098 610 1101 .

275 1119 302 1152 5,
324 1119 378 1146 Aut
396 1127 505 1147 rursum
523 1121 544 1148 si
562 1122 688 1150 dominus
699 1123 767 1158 ejus,
784 1129 832 1152 aut
845 1124 965 1158 domina,
982 1129 1030 1153 aut

239 1171 336 1191 eorum
354 1164 444 1198 liberi,
466 1165 535 1194 scitu
551 1174 583 1194 ac
600 1169 779 1204 permissione
789 1175 931 1206 parentum
943 1172 1030 1200 desa-

240 1219 287 1239 cro
299 1216 326 1238 et
340 1211 452 1239 salutari
469 1212 578 1241 lavacro
594 1221 656 1242 eum
672 1217 852 1251 susceperint.

276 1302 302 1329 6.
321 1302 348 1330 Si
367 1303 517 1334 scientibus
529 1314 560 1334 ac
571 1307 724 1336 volentibus
735 1308 853 1337 dominis
868 1309 924 1337 suis
935 1309 1028 1338 clerici

238 1347 281 1374 νει
300 1350 426 1377 monachi
445 1350 509 1379 facti
531 1352 645 1385 fuerint,
665 1360 698 1382 ac
713 1354 793 1382 dictae
815 1354 958 1386 libertates
970 1359 1027 1382 sta-

239 1393 286 1420 tim
303 1394 410 1428 exinde,
429 1396 470 1423 vel
483 1397 565 1425 etiam
579 1398 630 1426 sub
644 1398 812 1433 conditione,
824 1407 839 1427 a
850 1399 968 1428 dominis
979 1407 1027 1429 eo-

237 1446 298 1465 rum
315 1441 515 1469 conceduntur.

274 1485 302 1512 7.
322 1485 350 1513 Si
369 1487 433 1522 quis
457 1490 548 1514 autem
574 1487 667 1522 aliquo
686 1495 719 1517 ex
736 1489 779 1517 his
801 1490 888 1518 modis
903 1490 1028 1519 libertate

239 1530 368 1563 donatus,
385 1532 412 1559 in
428 1532 561 1560 servitute
571 1533 718 1568 detinetur,
734 1534 768 1562 ad
784 1542 892 1563 sacram
904 1541 1028 1564 sanctam

241 1575 288 1602 Dei
303 1574 455 1603 Ecclesiam
479 1577 602 1612 accedat,
629 1582 656 1607 et
666 1579 699 1607 ad
723 1580 898 1616 magistratus
921 1588 1032 1617 compe-

241 1625 329 1648 tentes
341 1626 368 1649 et
381 1622 452 1657 apud
464 1630 512 1651 eos
532 1631 689 1653 concessam
698 1625 749 1654 sibi
762 1625 914 1655 libertatem
926 1627 1032 1663 probet,

240 1673 355 1701 eamque
373 1667 498 1703 accipiat.

276 1712 304 1739 8.
332 1712 434 1741 Servus
450 1714 484 1741 ab
510 1714 633 1743 hostibus
658 1721 764 1752 captus,
782 1717 806 1744 si
822 1724 871 1752 pro
895 1719 1030 1753 republica

242 1757 369 1784 damnum
386 1761 414 1785 et
429 1759 532 1786 cladem
545 1760 691 1794 quamdam
715 1761 755 1789 eis
772 1761 882 1796 inferat,
898 1767 978 1798 atque
994 1765 1031 1792 ita

241 1801 362 1830 vicissim
380 1808 547 1837 revertatur,
567 1805 710 1834 confestim
727 1809 941 1837 manumittitur.

278 1893 304 1921 9.
322 1894 373 1927 Qui
395 1902 460 1922 vero
471 1899 578 1930 captus,
594 1904 702 1924 rursum
718 1897 864 1935 aufugerit,
878 1900 977 1930 damno
992 1903 1033 1932 eis

241 1949 290 1976 pro
305 1941 443 1976 republica
477 1950 530 1970 non
545 1942 629 1977 illato,
647 1946 695 1972 sed
706 1945 742 1972 ita
761 1949 851 1974 tamen
864 1948 1030 1977 revertitur:

241 1988 264 2015 is
276 1987 386 2014 domino
397 1994 446 2015 suo
459 1987 674 2024 quinquennium
688 1991 799 2024 serviat,
818 1996 899 2028 atque
910 1993 947 2020 ita
954 1994 1031 2022 dein-

241 2033 275 2060 de
290 2033 356 2060 liber
371 2037 440 2060 esto.

282 2078 326 2105 10.
344 2078 394 2112 Qui
413 2079 445 2105 ad
462 2078 553 2107 hostes
563 2084 657 2115 sponte
674 2088 721 2109 sua
746 2083 892 2117 procurrit,
908 2092 1032 2112 rursum-

246 2132 301 2159 que
331 2124 395 2151 lucti
414 2125 572 2158 pmnitentia
598 2127 707 2159 ductus,
732 2127 754 2154 si
780 2128 814 2156 ab
827 2129 868 2157 eis
891 2130 1032 2166 aufugiens

243 2176 407 2204 revertetur,
435 2172 457 2199 is
487 2177 639 2207 propterea,
670 2175 742 2207 quod
765 2176 877 2204 otttnino
894 2177 1036 2214 transfuga

240 2269 335 2289 servus
348 2265 418 2288 esto.

277 2307 322 2334 Η.
340 2306 442 2334 Servus
455 2307 557 2335 domini
576 2308 618 2336 sui
642 2311 741 2338 eadem
773 2310 906 2344 indicans,
928 2313 1032 2347 praunii

243 2353 304 2382 loco
316 2353 470 2380 libertatem
487 2355 672 2389 consequitur.

280 2400 323 2427 12.
340 2399 440 2427 Servus
454 2401 558 2429 sciente
568 2401 677 2429 domino
693 2410 741 2430 suo
756 2403 874 2432 militans
882 2404 1032 2432 libertatem

241 2446 350 2481 accipit.

277 2492 320 2518 l5.
347 2491 478 2518 Dominus
505 2492 551 2526 qui
580 2499 689 2519 servum
719 2501 797 2520 suum
832 2494 871 2521 vel
895 2495 1030 2530 ancillam,

242 2536 321 2570 quasi
337 2536 450 2563 liberam
465 2544 512 2570 per
527 2537 638 2572 nuptias
658 2545 780 2572 persona:
794 2539 886 2567 libera:
912 2541 1030 2575 copulat,

240 2582 283 2609 vcl
299 2583 326 2608 in
342 2582 452 2616 nuptias
471 2584 618 2616 consentit,
635 2584 677 2611 vel
693 2585 725 2611 de
743 2585 877 2612 industria
904 2592 983 2619 Iacet,
1008 2587 1032 2614 is

242 2635 333 2662 neque
351 2628 553 2656 matrimonium
567 2628 702 2663 dissolvit,
716 2635 798 2666 atque
816 2632 899 2658 etiam
923 2632 1030 2659 illorunt

241 2672 362 2699 dominio
379 2673 489 2701 excidit.

279 2717 322 2744 Η.
334 2717 384 2750 Qui
393 2718 427 2746 ab
436 2719 558 2747 hostibus
572 2720 706 2748 hominem
719 2720 832 2749 liberum
841 2722 976 2757 captivum
988 2730 1031 2749 re-

242 2761 328 2793 dimit,
345 2767 372 2789 et
387 2763 412 2790 iu
425 2764 532 2792 domum
546 2773 622 2792 suam
635 2757 769 2800 restituit;
784 2766 916 2802 siquidem
931 2775 976 2795 eas
986 2769 1031 2796 ille

243 2808 384 2835 facultates
398 2809 489 2842 habet,
505 2815 531 2836 ut
545 2811 673 2845 pretium,
688 2811 720 2839 de
732 2819 784 2847 quo
800 2812 871 2840 inter
881 2812 954 2847 ipsos
966 2821 1031 2840 con-

243 2853 468 2889 venit,intcgrum
479 2855 632 2888 persolvere
649 2857 744 2890 possit,
764 2856 878 2885 liberum
898 2857 1027 2886 dimittat.

1044 1551 1066 1580 (Σ

1082 233 1240 267 φυλάξουσι,
1258 236 1304 261 καὶ
1317 235 1419 263 τούτων
1429 238 1479 273 τὴν
1493 239 1718 268 ἀποκατάστασιν
1733 243 1823 279 καιρῷ
1833 244 1877 279 τῷ

1084 280 1141 316 ἰδίῳ
1157 282 1324 317 ποιήσουσιν.

1377 329 1502 356 ΤΙΤΛΟΣ
1533 330 1577 359 K'.

1326 385 1395 418 Περὶ
1424 385 1612 420 ὲλευθεριῶν,

1117 440 1152 465 α’.
1162 437 1464 476 Ἐπιτίθεταιόοίκέτης
1472 442 1625 479 ἐλευθερία,
1633 445 1734 472 ὁπόταν
1743 446 1819 481 παρὰ
1826 447 1875 474 τοῦ

1083 480 1148 507 ἰδίου
1159 482 1254 517 κυρίου
1270 483 1301 518 δη
1307 484 1436 520 μοσιευθῇ
1449 484 1545 521 [δῆμος
1555 487 1667 524 εὑρεθῇ]
1685 489 1714 515 ἐν
1725 480 1874 525 ἐκκλησίᾳ,

1081 527 1137 553 εἴτε
1147 527 1193 554 ἐπὶ
1203 528 1283 561 ἑπτὰ,
1293 529 1309 564 ἦ
1321 530 1412 562 πέντε,
1427 531 1442 566 ἣ
1460 531 1506 558 καὶ
1526 533 1610 568 τριῶν
1624 533 1718 568 φίλων,
1737 535 1875 563 ἐπὶτοῦτο

1081 573 1317 608 προσκληθέντων,
1332 576 1379 602 καὶ
1396 577 1630 613 ὑπογραφομένων
1646 580 1693 607 καὶ
1707 581 1876 616 ἀποτιθεμέ-

1081 626 1134 644 νων
1145 618 1192 644 ἐπὶ
1205 619 1330 653 πράξεως
1337 621 1542 657 ὑπομνημάτων
1551 624 1601 658 τὴν
1611 625 1714 652 οἰκείαν
1729 626 1846 661 εἴδησιν.

1116 662 1148 698 β’.
1163 664 1224 690 Εἴτε
1239 665 1273 692 δι’
1283 666 1428 702 ἐπιστολῆς
1438 668 1484 695 τοῦ
1501 670 1597 705 κυρίου
1613 672 1707 703 αὐτοῦ,
1725 675 1746 698 ε’
1761 673 1873 708 μαρτύ-

1082 718 1147 743 ρων,
1171 711 1188 746 ἢ
1215 711 1262 738 καὶ
1275 715 1319 746 γ’,
1336 714 1373 744 ὡς
1393 714 1512 749 εἴρηται,
1533 716 1696 752 ὑπογραφάς
1720 719 1767 746 ἐπὶ
1791 720 1874 746 τοῦτο

1080 755 1207 792 ἐχούσης,
1225 757 1241 792 ἢ
1262 759 1290 784 ἐν
1311 759 1427 796 διαθήκῃ
1446 761 1640 800 ἐγγραφομένῃ
1654 764 1748 800 οἰκέτῃ
1758 765 1873 793 δίδοται.

1117 846 1153 882 γ’.
1174 848 1254 875 Ἀλλὰ
1270 849 1317 876 καὶ
1332 850 1396 878 ὅταν
1405 851 1530 888 βουλήσει
1554 854 1602 881 τοῦ
1618 855 1839 892 τελευτήσαντος,
1855 858 1873 893 ἢ

1083 892 1129 918 καὶ
1151 894 1347 928 παραχωρήσει
1367 895 1414 922 τοῦ
1438 896 1605 933 κληρονόμου
1626 900 1640 925 ό
1655 899 1762 936 οἰκέτης
1784 901 1814 927 ἐν
1839 904 1873 937 τῇ

1083 938 1190 973 κεφαλῇ
1215 941 1311 966 παννῖν
1325 943 1334 951 ’⁷
1348 940 1481 978 [παννίον]
1497 943 1614 978 φορέσας
1630 946 1663 980 τῇ
1682 945 1729 972 τοῦ
1745 946 1876 982 τελευτή-

1040 1014 1042 1017 ν
1083 991 1180 1015 σαντος
1194 984 1290 1020 κηδείᾳ
1302 985 1526 1022 ἐπακολουθήσει.

1117 1028 1149 1056 δ’,
1159 1029 1213 1055 Καὶ
1229 1029 1276 1056 ἐὰν
1287 1030 1301 1056 ὁ
1309 1031 1403 1065 κύριος
1411 1032 1456 1059 τὸν
1464 1033 1642 1069 ὑποκείμενον
1658 1036 1742 1064 αὑτοῦ
1752 1036 1772 1073 [⁸
1785 1037 1875 1073 αὐτῷ]

1081 1074 1175 1102 δοῦλον
1188 1075 1323 1112 ἐλευθέρῳ
1341 1077 1432 1110 ζεύξει
1448 1079 1596 1115 προσώπῳ.

1117 1120 1148 1148 ε’.
1161 1121 1298 1154 Η’¹πάλιν,
1312 1123 1359 1149 ἐὰν
1372 1123 1385 1149 ό
1398 1123 1492 1159 κύριος
1506 1125 1599 1158 αὑτοῦ,
1611 1126 1627 1161 ἢ
1644 1127 1763 1162 ήτούτου
1776 1130 1874 1164 κυρία,

1083 1166 1101 1202 ἢ
1114 1168 1148 1193 τὰ
1162 1166 1252 1193 αὐτῶν
1267 1167 1360 1198 τέκνα,
1375 1169 1477 1203 εἰδήσει
1488 1170 1535 1196 καὶ
1547 1170 1682 1208 ἐπιτροπῇ
1691 1172 1745 1199 τῶν
1757 1174 1874 1207 γονέων.

1082 1213 1115 1239 ἐκ
1141 1212 1188 1240 τοῦ
1206 1213 1285 1248 ἁγίου
1307 1213 1355 1241 καὶ
1374 1216 1563 1251 σωτηριώδους
1577 1217 1764 1253 βαπτίσματος
1790 1220 1875 1246 αὐτὸν

1082 1257 1273 1290 ἀναδέξωνται.

1118 1301 1156 1336 ς’.
1171 1303 1236 1330 Ἐὰν
1258 1303 1360 1339 είδήσει
1379 1304 1434 1332 τῶν
1462 1306 1564 1341 κυρίων
1593 1308 1683 1335 αὐτῶν
1713 1309 1869 1346 κληρικοὶῆ

1089 1348 1201 1383 μοναχοὶ
1212 1348 1355 1384 γένωνται.
1370 1350 1403 1377 Δί
1414 1349 1443 1377 δέ
1460 1352 1602 1390 ειρημέναι
1617 1354 1766 1390 ἐλευθερίαι
1788 1356 1874 1382 ἀπεν-

1081 1393 1176 1420 τεῦθεν
1198 1394 1260 1430 ἤδη.
1285 1394 1301 1430 ῆ
1326 1395 1373 1421 καὶ
1390 1395 1442 1422 ὑπὸ
1466 1396 1529 1432 ὅρον
1542 1398 1618 1433 παρὰ
1637 1400 1691 1426 τῶν
1706 1401 1809 1436 κυρίων
1823 1403 1875 1429 αὖ-

1086 1439 1140 1466 τῶν
1152 1439 1278 1467 δίδονται.

1117 1481 1150 1516 ζ’.
1180 1483 1211 1510 El
1238 1482 1267 1510 δέ
1284 1491 1326 1515 τις
1348 1484 1381 1510 ἐκ
1396 1483 1499 1512 τούτων
1515 1486 1569 1514 τῶν
1594 1487 1704 1524 τρόπων
1730 1489 1875 1526 ἐλευθερίᾳ.

1082 1528 1228 1564 τιμηθεὶς,
1248 1531 1277 1557 ἐν
1300 1531 1408 1569 δουλείᾳ
1430 1534 1593 1568 κατέχεται,
1622 1536 1816 1571 προσερχέσθω
1837 1538 1873 1572 τῇ

1082 1575 1150 1610 ἁγίᾳ
1177 1575 1225 1602 τοῦ
1261 1576 1330 1603 Θεοῦ
1356 1578 1516 1616 Ἐκκλησία,
1550 1581 1597 1608 καὶ
1623 1581 1679 1612 τοῖς
1706 1581 1874 1616 προσφόροις

1084 1620 1210 1657 ἄρχουσι,
1236 1623 1284 1649 καὶ
1303 1623 1368 1659 παρ’
1385 1625 1478 1657 αὐτοῖς
1492 1625 1526 1653 τὰ
1543 1626 1591 1659 τῆς
1606 1627 1778 1663 ἐπιτεθείσης
1798 1628 1874 1663 αὐτῷ

1082 1667 1237 1703 ἐλευθερίας
1252 1669 1450 1704 ἀποδεικνύτω,
1463 1672 1511 1698 καὶ
1524 1671 1627 1706 ταύτην
1641 1672 1816 1700 ἀπολαδέτω.

1117 1712 1151 1749 η’.
1196 1714 1226 1740 '0
1264 1714 1317 1741 ὑπὸ
1345 1716 1400 1743 τῶν
1434 1717 1571 1752 πολεμίων
1602 1718 1873 1754 αίχμαλωτιξόμινης

1081 1759 1200 1795 οἰκέτης,
1210 1760 1258 1786 καὶ
1271 1759 1382 1796 κλάσμα
1389 1770 1415 1788 τι
1428 1762 1496 1797 ὑπὲρ
1509 1763 1559 1797 τῆς
1572 1763 1709 1796 πολιτείας
1721 1766 1761 1796 εἰς
1773 1765 1874 1797 αὐτοὺς

1081 1806 1296 1841 ἐνδεικνύμενος,
1303 1807 1350 1834 καὶ
1358 1807 1443 1841 οὕτως
1450 1808 1689 1845 ἀνθυποστρέφων,
1699 1811 1829 1847 παραχρῆ
1834 1822 1873 1848 μα

1081 1851 1282 1887 ἐλευθεροῦται.

1118 1895 1150 1924 θ’.
1177 1897 1205 1924 '0
1222 1897 1251 1924 δὲ
1271 1897 1517 1932 αίχμαλωτισθεὶς,
1542 1899 1590 1926 καὶ
1614 1899 1695 1927 πάλιν
1711 1901 1873 1935 ἀποφυγὼν,

1083 1942 1194 1978 κλάσμα
1208 1944 1248 1974 είς
1267 1944 1367 1975 αὐτοὺς
1387 1943 1457 1979 ὑπὲρ
1479 1945 1527 1980 τῆς
1549 1945 1687 1977 πολιτείας
1704 1946 1742 1981 μὴ
1757 1948 1875 1981 ποιησά-

1084 1996 1174 2023 μενος,
1185 1988 1242 2015 ἀλλ’
1249 1988 1334 2020 οὕτως
1344 1980 1585 2026 ἀνθυποστρέφων,
1596 1980 1755 2018 πενταετίαν
1764 1994 1796 2028 τῇ
1816 1980 1875 2029 ἰδίᾳ

1081 2034 1226 2070 δεσποτείᾳ
1237 2035 1417 2069 δουλευσάτω,
1433 2036 1481 2063 καὶ
1497 2034 1546 2063 εἷθ’
1558 2036 1644 2068 οὕτως
1658 2037 1873 2073 ἐλευθερούσθω.

1121 2080 1146 2107 ι’.
1170 2080 1200 2108 '0
1220 2081 1459 2117 αὐτοπροαιρέτως
1488 2082 1598 2118 ἐχθροῖς
1621 2084 1808 2119 προστρέχων,
1825 2086 1875 2112 καὶ

1084 2127 1166 2154 πάλιν
1188 2128 1398 2164 μεταμεληθεὶς,
1422 2129 1446 2155 εί
1463 2128 1557 2163 φυγὼν
1580 2129 1756 2165 ὑποστρέφει,
1776 2131 1809 2157 δι’
1835 2128 1874 2157 ὧν

1081 2171 1150 2203 ὅλως
1178 2173 1367 2208 αὐτομολήσας
1392 2174 1498 2206 τούτοις
1521 2175 1723 2212 προσέδραμεν,
1749 2176 1801 2208 ἕως
1822 2179 1874 2213 τῆς

185 2227 190 2229 λ
242 2217 333 2245 factus
347 2217 381 2244 ad
392 2224 438 2245 eos
455 2225 484 2245 se
500 2218 656 2251 contulerit,
673 2223 728 2246 toto
745 2220 806 2248 vitae
830 2229 886 2249 suae
909 2228 1029 2259 tempore

1094 2219 1156 2254 ζωῆς
1173 2219 1257 2246 αὐτοῦ
1270 2219 1341 2248 ἔστω
1350 2219 1453 2252 δοῦλος.

1122 2307 1165 2336 ια’.
1183 2309 1280 2341 Δοῦλος
1294 2310 1308 2336 ὸ
1331 2309 1442 2346 μηνύων
1455 2310 1500 2337 τὸν
1518 2311 1597 2345 φόνον
1616 2312 1662 2338 τοῦ
1680 2313 1746 2340 ἰδίου
1765 2313 1872 2349 κυρίου,

1084 2354 1133 2390 τὴν
1146 2355 1303 2390 ἐλευθερίαν
1318 2357 1404 2391 ἐχέτω
1414 2356 1541 2384 Επαθλον.

1121 2400 1164 2435 ιβ’.
1192 2401 1290 2434 Δοῦλος
1310 2403 1323 2428 ό
1342 2402 1554 2438 στρατευόμενος
1578 2403 1679 2439 εἰδήσει
1699 2404 1746 2431 τοῦ
1771 2404 1873 2432 οἰκείου

1088 2445 1229 2479 δεσπότου,
1247 2446 1446 2482 ἐλευθεροῦται.

1121 2490 1166 2525 ιγ’.
1191 2492 1329 2528 Δεσπότης
1342 2493 1386 2520 τὸν
1405 2493 1470 2520 ἴδιον
1485 2493 1590 2527 δοῦλον,
1605 2495 1622 2531 ἢ
1638 2495 1687 2531 τὴν
1704 2496 1873 2532 θεραπαίνην

1084 2537 1122 2568 ὡς
1147 2537 1293 2570 ἐλευθέραν
1330 2539 1472 2566 συνάπτων
1508 2540 1577 2575 πρὸς
1613 2541 1701 2576 γάμον
1737 2542 1874 2578 ἐλευθέρῳ

1086 2585 1235 2620 προσώπῳ,
1255 2585 1271 2620 ἢ
1289 2585 1422 2613 συναινῶν
1432 2589 1488 2618 τοῖς
1503 2587 1614 2622 γάμοις,
1629 2588 1646 2623 ἢ
1664 2588 1790 2624 ἐπίτηδες
1808 2598 1874 2616 σιω-

1085 2631 1156 2664 πῶν,
1174 2631 1234 2657 οὺδέ
1262 2631 1321 2658 λύει
1340 2631 1385 2658 τὸν
1401 2631 1499 2667 γάμον,
1522 2632 1591 2660 ἀλλὰ
1604 2635 1710 2670 καὶτῆς
1723 2635 1767 2661 ἐπ’
1779 2635 1872 2662 αὐτῶν

1084 2676 1242 2708 δεσποτείας
1261 2677 1399 2706 ἐκπίπτει.

1121 2721 1161 2750 ιδ’.
1186 2723 1215 2749 Ὀ
1226 2723 1259 2750 ἐκ
1273 2723 1326 2750 τῶν
1338 2724 1443 2760 ἐχθρῶν
1454 2720 1595 2762 ἐλεύθερον
1620 2727 1762 2762 ἀγοράζων
1788 2729 1870 2763 σίχμ-

1085 2767 1188 2794 ἁλωτον
1200 2788 1206 2800 ,
1238 2769 1285 2795 καὶ
1298 2770 1327 2795 ἐν
1347 2771 1386 2805 τῷ
1404 2771 1461 2806 ἰδίῳ
1480 2772 1548 2808 οἴκῳ
1570 2773 1763 2800 ἁποκαθιστῶν
1778 2775 1871 2808 αὐτὸν,

1084 2815 1108 2840 εἰ
1137 2814 1187 2849 μὲν
1213 2815 1326 2851 εὐπορεῖ
1352 2816 1402 2849 τὰς
1430 2819 1606 2853 στιχηθείσας
1636 2819 1871 2858 [στοιχηθείσας]

1086 2860 1186 2894 μεταξὺ
1197 2861 1286 2888 αὐτῶν
1296 2862 1437 2898 πληρῶσαι
1454 2866 1549 2900 τιμὰς,
1561 2866 1869 2904 ἀπολυέτω-ἐλεύθερον,
