1938 3070
73 146 124 180 51⁵1

707 149 901 179 DELECTUS
918 149 1062 179 LEGUM.

1635 153 1689 185 518

101 208 142 231 ιε’.
170 205 199 231 El
223 205 251 231 δὲ
272 205 391 240 ἀπορεῖ,
416 205 502 239 ἐχέτω
528 205 609 232 αὐτὸν
623 205 637 232 6
653 205 792 240 ἀγοράσας
809 205 845 240 μίη

943 206 987 233 15.
1004 206 1031 233 Si
1047 214 1110 234 vero
1121 207 1249 234 solvendo
1257 214 1312 233 non
1321 211 1372 239 cst,
1385 209 1500 235 retineat
1513 215 1574 235 eum
1585 215 1691 244 emptor

63 251 138 278 σθιον
151 271 159 283 ,
185 251 280 286 μέχρις
294 251 326 278 ἂν
342 251 477 287 πληρωθῇ
490 270 498 282 ,
513 251 585 286 ἅπερ
603 251 763 286 ἐστίχησεν·
793 252 852 287 ὁρι-

66 297 181 330 ζομένου
215 296 336 331 δηλονότι
368 297 420 323 ὑπὸ
457 296 593 331 ἀκροατοῦ
618 296 666 323 τοῦ
698 297 851 331 ὀφείλοντος

61 343 169 377 ἑκάστῳ
195 342 250 369 ἔτει
280 341 351 377 ὑπὲρ
383 341 482 377 μισθοῦ
511 342 551 375 τῷ
568 342 748 378 ἁγορασθέντι
776 342 851 377 λογί-

62 387 168 420 ζεσθαι.

98 436 147 465 ις’.
181 432 233 460 Τὸν
265 433 305 464 εἰς
341 433 442 467 προῖκα
467 433 643 467 γραφόμενον
669 433 777 466 οἰκέτην
800 434 850 461 οὐκ

62 478 167 513 ἔχουσιν
192 478 284 505 ἄδειαν
305 478 340 505 τὰ
355 478 438 504 τέκνα
450 497 458 510 ,
480 477 543 506 οὔτε
560 480 574 505 6
586 478 667 513 ἀνὴρ,
690 478 850 514 ἐλευθεροῦν

61 524 155 551 αὐτόν.

97 567 140 599 ιζ’.
165 568 196 594 Εἰ
217 567 247 594 δὲ
269 567 317 594 καὶ
340 567 480 604 πληρώσει
498 568 512 594 ό
529 566 600 602 ἀνὴρ
613 567 664 602 τὴν
680 569 781 602 προῖκα
799 567 850 602 τῆς

62 613 130 644 ιδίας
143 612 275 647 γαμετῆς,
291 613 348 639 the
363 613 515 648 προσφέρει
534 612 695 647 πράγματα,
709 613 725 647 ἢ
742 613 849 645 παῖδας,

62 658 113 694 τὴν
130 660 221 684 πᾶσαν
232 658 399 690 δεσποτείαν,
409 659 445 690 ὡς
456 659 572 694 κεφαλὴ,
585 659 657 686 κατὰ
668 659 717 694 τὴν
727 659 773 685 τοῦ
782 659 850 686 Θεοῦ

59 703 169 738 ἐντολὴν
189 703 269 734 αὐτὸς
281 703 376 738 ὲχέτω.

97 753 143 784 ιη’.
171 750 202 776 Et
218 750 246 776 δὲ
268 750 305 784 μὴ
322 750 371 785 ἐχῃ
383 758 429 781 τις
446 750 598 786 πράγματα
612 750 666 785 πρὸ
685 749 732 777 τοῦ
750 749 848 777 συναλ-

62 796 224 830 λάγματος,
250 796 297 821 καὶ
325 795 394 830 μετὰ
419 795 448 822 τδ
470 795 638 830 συναφθῆναι
651 816 658 827 ,
674 795 708 822 τὰ
729 795 762 822 ἐκ
778 794 846 822 Θεοῦ

59 840 190 876 προνοίας
208 839 390 875 ἐποπτηθέντα
404 840 556 875 ἀμφότεροι
569 840 715 875 ἐχέτωσαν.

97 930 142 957 ιϐ’,
182 930 245 956 Ἐὰν
277 929 323 957 δύο
346 929 503 965 ἀπόγραφοι
535 930 663 965 διαφόρου
689 929 848 962 δεσποτείας

60 976 209 1003 συνέλθωσι
224 975 292 1010 πρὸς
303 976 401 1010 γάμον,
412 976 436 1002 εί
453 975 502 1010 μὲν
522 975 567 1002 δύο
586 976 684 1007 παῖδας
700 976 846 1010 ποιήσωσι,

59 1022 128 1058 πρὸς
148 1021 252 1057 λαχμὺν
273 1021 439 1056 μερίζονταιυ
465 1022 488 1047 εἰ
513 1021 541 1048 δὲ
563 1022 649 1056 τρεῖς,
674 1021 707 1048 τὰ
731 1021 778 1048 δύο
798 1022 848 1055 τῆς

59 1066 163 1102 μητρὸς
190 1066 320 1098 ἔστωσαν,
349 1066 397 1093 καὶ
421 1065 451 1092 τὸ
477 1065 506 1092 ἒν
531 1067 563 1101 τῇ
596 1065 644 1092 τοῦ
673 1066 775 1101 πατρὶς
794 1065 848 1092 ἐπ-

59 1113 237 1148 ακολουθήσει
268 1112 412 1148 δεσποτείᾳ
425 1120 433 1127 ·
450 1112 474 1139 εί
494 1112 521 1139 δὲ
537 1109 577 1145 εἷς
595 1112 696 1148 τεχθῇ,
710 1114 742 1147 τῇ
766 1113 850 1150 μητρὶ

58 1158 155 1190 iambi

94 1207 128 1231 κ’.
142 1204 182 1231 Τὰ
195 1203 226 1236 ἐξ
239 1203 386 1238 ἐλευθέρας
404 1202 524 1238 γαστρδς
540 1203 698 1239 τικτόμενα,
717 1203 848 1239 ἐλεύθερα

58 1252 144 1283 ἐστιν,
159 1251 183 1277 ει
199 1250 245 1277 καὶ
256 1249 346 1281 δοῦλός
360 1251 433 1276 ἐστιν
444 1250 458 1276 6
474 1250 565 1285 πατὴρ
585 1249 686 1276 αὐτῶν.

96 1295 150 1323 καῖ.
170 1296 200 1322 '0
215 1296 247 1322 ἐκ
272 1295 370 1331 δούλης
384 1295 499 1330 τεχθεὶς,
518 1294 610 1326 δοῦλός
623 1295 712 1322 ἐστιν·
729 1295 753 1321 εί
767 1295 812 1321 καὶ
830 1295 845 1322 ό

60 1341 126 1372 ῑδιος
140 1332 275 1376 δεσπότης
286 1341 387 1376 ἐρασθῇ
404 1341 452 1375 τῆς
467 1340 568 1372 οίκείας
580 1340 759 1376 θεραπαίνης.

96 1386 148 1421 κβ¹.
184 1387 246 1413 Ἐὰν
268 1386 356 1418 κοινός
381 1387 439 1413 ὲστι
461 1386 570 1418 δοῦλος,
595 1387 641 1413 καὶ
663 1386 787 1421 βούλεταί
807 1394 849 1418 τις

58 1432 244 1468 ἐλευθερῶσαι
260 1433 351 1464 αὐτὸν,
369 1433 399 1458 τὺ
412 1431 529 1467 ἀζήμιον
546 1433 657 1458 ποιείτω
676 1433 730 1464 τοῖς
747 1432 847 1465 ἄλλοις,

57 1477 108 1504 καὶ
125 1478 161 1512 μὴ
177 1476 306 1503 θελόντων
319 1477 419 1510 αὐτῶν,
432 1476 612 1512 ιλευθερώσει
628 1477 719 1504 αὐτόν.

96 1524 148 1556 κγ’.
169 1522 200 1549 οι
225 1521 422 1557 ἀπελεύθεροι,
451 1521 502 1548 κᾶν
536 1522 745 1558 στρατευόμενοι
770 1519 848 1556 ὦσιν,

57 1567 89 1601 ὲξ
99 1567 399 1603 ἀχαριστιῶνζτοιούτων
411 1567 640 1596 καταδουλοῦνται
651 1568 696 1604 [πε
701 1568 727 1604 pi
735 1569 847 1596 ἁναδου-
861 1555 883 1585 c

56 1613 189 1650 λώσεως],
199 1614 247 1641 ἐὰν
255 1614 320 1646 τοὺς
336 1613 445 1649 κυρίους
459 1614 523 1645 τοὺς
540 1613 727 1649 ὲλευθερωτὰς
742 1615 842 1647 αὐτῶν,

56 1659 75 1694 ἢ
97 1659 159 1690 τοὺς
179 1659 277 1690 παῖδας
304 1658 395 1686 αὐτῶν
421 1658 560 1693 τύψωσιν,
583 1659 600 1695 ἢ
628 1659 775 1694 ὑδρίσωσιν
790 1680 798 1693 ,
826 1659 843 1695 ἢ

56 1705 90 1731 ἐκ
100 1713 171 1736 τινος
188 1705 389 1740 ὐπερηφανείας
407 1705 466 1731 κατ’
485 1705 812 1741 αὐτῶντραχηλιάσωσιψ
827 1705 844 1741 ἢ

58 1751 130 1786 μετὰ
153 1752 184 1777 τὺ
201 1751 319 1786 ταφῆναι
340 1751 385 1777 τὸν
411 1751 507 1778 ἑαυτοῦ
523 1751 617 1787 κύριον
641 1752 785 1787 ἐρχόμενος
808 1752 846 1787 μὴ

56 1797 150 1823 πεσὼν
169 1797 347 1833 προσκυνήσει
365 1796 410 1823 τὸν
429 1797 514 1831 τάφον
526 1816 533 1828 ,
558 1798 575 1832 ἢ
594 1797 662 1829 ὅλως
681 1798 711 1824 οὐ
744 1798 846 1833 μικράν

55 1851 120 1869 τινα
148 1843 331 1879 πρόσκρουσιν
370 1843 461 1874 αὐτοῖς
495 1844 623 1879 παράσχῃ
638 1863 646 1876 ,
671 1844 688 1879 ἢ
709 1843 848 1880 ζημιώσῃ,

54 1889 72 1924 ἢ
93 1889 318 1923 ὲπιῆουλεύσηται
335 1888 436 1919 αὐτοῖς,
450 1888 497 1915 καὶ
513 1888 542 1915 ἓν
561 1888 591 1921 ἐξ
607 1889 697 1916 αὐτῶν
717 1889 792 1925 παρὰ
804 1889 844 1925 τῷ

55 1935 167 1968 ἄρχοντι
183 1933 341 1968 ἀποδειχθῇ,
362 1933 581 1961 ἁναδουλοῦνται.
600 1934 682 1961 ’Δλλὰ
698 1936 746 1961 καὶ
766 1935 846 1962 πενό-

57 1987 140 2013 μενον
167 1978 212 2005 τὸν
229 1977 359 2013 πάτρωνα
374 1978 561 2012 ἀναγκάζεται
575 1979 685 2015 τρέφειν
701 1980 715 2006 6
730 1979 845 2007 ἀπελεύ-

56 2025 149 2060 θερος.
206 2030 214 2040 ’

94 2077 144 2104 Ἐκ
159 2075 218 2104 τῶν
233 2076 347 2111 νεαρῶν
362 2075 524 2108 διατάξεων
543 2076 610 2110 περὶ
627 2076 681 2104 τοῦ
708 2073 827 2104 exsutis;

228 2113 356 2147 ροῦντος
369 2111 530 2145 ἀλλότριον
542 2111 669 2145 οἰκέτην.

92 2159 142 2187 κδ’.
173 2158 272 2190 Καθὼς
296 2157 483 2193 ὑπεσχόμεθα,
510 2157 605 2193 καιρός
631 2158 689 2185 ἐστι
705 2157 846 2185 διαλαϐεῖν

55 2206 121 2241 περὶ
145 2205 192 2232 τοῦ
217 2203 522 2238 πενταπλασιαζομένου
552 2202 680 2238 θέματος.
713 2203 790 2230 Ἐστι
814 2203 844 2230 δὲ

54 2252 197 2279 τοιοῦτον·
220 2251 250 2278 '0
270 2251 307 2287 μὴ
323 2250 361 2277 ὢν
386 2250 535 2286 δεσπότης.
561 2251 609 2277 καὶ
636 2250 682 2277 τὸν
705 2250 844 2286 ἀλλότριον

54 2297 147 2324 δοῦλον
164 2297 201 2328 ὡς
222 2295 286 2323 ίδιον
299 2294 499 2330 ὲλεύθερώσας,
514 2294 561 2322 ἐπὶ
578 2294 627 2321 τοῦ
645 2294 777 2330 βασιλέως
793 2295 845 2330 τῆς

55 2342 210 2377 ἐλευθερίας
227 2341 462 2376 ἀνατρεπομένης,
478 2341 690 2373 διαναγκάζεται
702 2342 716 2367 6
733 2341 845 2368 ἐλευθεο

58 2387 148 2423 ρώσας
164 2387 295 2422 παρέχειν
327 2386 408 2413 πέντε
433 2385 543 2417 οίκέτας
563 2385 623 2412 ἀντὶ
637 2385 685 2413 τοῦ
697 2385 847 2422 ἐλευθερω-

57 2433 161 2464 θέντοςι
179 2433 259 2468 δῆθεν
289 2431 349 2459 καθ’
374 2432 500 2467 ἠλικίαν,
528 2431 574 2459 καὶ
595 2431 668 2460 κατὰ
683 2431 775 2466 φύσιν,
797 2432 847 2459 καὶ

55 2477 128 2504 κατὰ
145 2477 256 2512 τρόπον,
271 2477 318 2503 καὶ
331 2477 402 2504 κατὰ
426 2477 523 2512 τέχνην
538 2476 660 2512 ὁμοίους·
675 2476 721 2504 δύο
739 2477 789 2512 μὲν
804 2477 844 2512 τῷ

55 2522 174 2557 δεσπότῃ
187 2522 235 2548 τοῦ
248 2522 476 2556 ἐλευθερωθέντος
489 2541 496 2554 ,
514 2523 588 2557 τρεῖς
607 2523 636 2549 δὲ
655 2521 694 2557 τῷ
709 2522 843 2558 δημοσίῳ·

55 2567 117 2593 τότε
134 2567 163 2593 δὲ
177 2568 340 2602 τιμωρεῖται
353 2568 366 2594 ὁ
382 2566 569 2601 ἐλευθερώσας
595 2569 628 2604 τῇ
656 2569 842 2605 προειρημένῃ

55 2614 147 2648 ποινῇ,
159 2613 202 2639 ὅτε
215 2612 385 2648 ἠλευθέρωσε
397 2613 442 2640 τὸν
454 2613 593 2649 ἀλλότριον
603 2613 705 2647 δοῦλον,
716 2614 845 2650 ἀγνοοῦν-

55 2668 101 2692 τος
116 2659 163 2686 τοῦ
183 2659 315 2685 δεσπότου
336 2658 430 2686 αὑτοῦ.

346 2708 470 2736 ΤΙΤΛΟΣ
491 2710 558 2736 KA’.

197 2754 266 2789 Περὶ
292 2754 429 2789 πράσεως
445 2755 494 2782 καί
515 2755 686 2790 ἀγοράσει-ως

93 2801 127 2829 α’.
149 2801 311 2836 Ἐγγράφως
324 2800 372 2826 καὶ
387 2800 519 2836 ἀγράφως
532 2802 632 2837 πρᾶσις
647 2802 693 2828 καὶ
706 2802 840 2837 ἁγορασία

58 2850 105 2876 ἐπὶ
118 2848 265 2885 οιῳδήποτε
281 2847 344 2874 εῖδει
369 2847 415 2874 καὶ
443 2847 589 2883 πράγματι
614 2848 665 2884 τῆς
680 2850 764 2885 τιμῆς
782 2858 839 2877 στι-

907 258 954 279 seu
969 254 1178 286 mercenarium,
1187 254 1450 288 donecimplevet'il,
1462 263 1521 288 quae
1533 261 1627 290 pactus
1637 263 1689 284 cst:

905 296 942 323 ita
959 301 1060 331 tamen,
1077 304 1105 325 ιιι
1123 306 1136 324 a
1153 299 1291 332 cognitore
1303 307 1392 326 cattste
1404 299 1550 326 definiatur
1565 301 1602 332 it',
1619 302 1691 335 quod

905 348 978 368 anno
993 342 1114 376 quolibet
1126 343 1236 370 nomine
1256 344 1388 371 mercedis
1408 345 1561 379 computari
1582 353 1631 380 pro
1648 354 1691 373 re-

903 386 1014 421 dentpto
1027 387 1114 414 debet.

940 431 983 458 l6.
1001 431 1116 459 Servum
1128 432 1183 460 (loti
1201 433 1366 468 adscriptum
1382 441 1469 468 ncqtte
1483 433 1585 467 liberis,
1601 442 1690 470 neque

904 477 1002 504 marito
1016 479 1207 506 manumittere
1216 479 1291 506 licet.

940 567 985 594 17.
1005 566 1052 595 Sin
1068 567 1124 594 doti
1141 567 1233 594 uxoris
1245 575 1301 595 sum
1316 568 1358 595 vir
1380 568 1555 601 satisfecerit.
1574 570 1631 597 sive
1647 578 1691 598 res

903 612 1008 646 all‘crat,
1030 622 1076 641 seu
1104 615 1238 649 mancipia
1255 623 1262 647 ;
1277 615 1427 643 dominium
1447 622 1530 644 totum
1547 618 1613 652 ipse,
1630 623 1690 646 tan-

903 666 985 693 quam
1000 660 1175 694 caput,jnxtn
1193 660 1238 687 Dei
1256 660 1412 688 mandatum
1427 662 1533 690 habeat.

942 751 987 779 18.
1006 751 1033 778 Si
1051 759 1116 778 vero
1133 756 1196 779 ante
1223 756 1392 781 contractum
1421 753 1622 782 matrimonium
1646 763 1689 782 res

903 797 960 830 ipse
973 796 1061 825 nullas
1074 797 1182 830 habeat,
1197 802 1277 832 atque
1288 797 1369 825 etiam
1385 803 1445 832 post
1468 799 1688 834 conjunctionem

904 841 1075 874 nuptiarum;
1091 849 1150 876 quae
1175 841 1306 876 acquisita
1324 841 1371 870 Dei
1392 843 1560 877 providentia
1573 844 1684 878 iuerint,

863 881 884 910 Β
900 886 1027 920 utrinque
1047 885 1217 920 possideant.

936 932 978 960 i9.
997 931 1025 960 Si
1044 932 1099 959 duo
1112 932 1272 967 adscriptitii
1297 933 1467 962 diversorum
1482 935 1687 963 dominorutnln

900 978 1102 1005 matrimonium
1126 977 1252 1010 coierint.
1269 978 1403 1013 siquidem
1421 979 1521 1008 liberos
1545 981 1610 1007 duos
1623 988 1690 1015 pro-

900 1024 1061 1056 creaverint,
1086 1028 1160 1051 sorte
1184 1024 1364 1052 dividuntur:
1384 1025 1406 1052 si
1421 1030 1485 1058 tres.
1512 1027 1565 1053 duo
1593 1027 1689 1054 matris

901 1074 995 1102 sunto,
1009 1069 1106 1097 tertius
1122 1069 1206 1104 patris
1219 1069 1357 1100 dominum
1371 1072 1508 1106 sequitur:
1520 1072 1543 1099 si
1556 1079 1626 1102 unus
1639 1079 1688 1100 na-

900 1116 944 1141 tus
961 1112 1052 1147 fuerit,
1064 1114 1159 1142 matris
1169 1118 1238 1142 esto.

934 1205 979 1233 20.
995 1205 1061 1239 Quae
1088 1212 1236 1235 nascuntur
1249 1215 1265 1235 e
1280 1213 1376 1236 ventre
1395 1208 1490 1242 libero,
1501 1209 1584 1237 libera
1597 1215 1661 1238 sunt
1677 1230 1686 1243 .

899 1250 1006 1277 etiamsi
1024 1255 1101 1285 pater
1109 1257 1202 1278 eorum
1217 1258 1313 1279 servus
1327 1253 1374 1280 sit.

935 1295 981 1323 2L
993 1294 1032 1322 Ex
1046 1295 1143 1323 ancilla
1159 1300 1250 1328 natus,
1264 1303 1357 1324 servus
1376 1302 1428 1329 e‘st.
1443 1297 1549 1326 etiamsi
1561 1299 1688 1327 dominus

902 1339 958 1375 ipse
972 1346 1049 1365 suam
1059 1338 1184 1366 ancillam
1198 1339 1374 1367 adamaverit.

935 1383 980 1410 22.
1007 1382 1035 1410 Si
1054 1391 1150 1411 servus
1164 1384 1317 1412 communis
1332 1384 1378 1418 sit,
1389 1389 1417 1413 et
1442 1385 1539 1420 aliquis
1551 1393 1611 1414 eum
1630 1396 1687 1415 ma-

899 1429 1046 1456 numittere
1056 1428 1133 1461 velit,
1148 1428 1237 1456 socios
1250 1429 1390 1456 indemnes
1409 1435 1517 1464 praestet
1533 1439 1542 1465 ;
1556 1436 1637 1467 atque
1649 1433 1686 1460 ita

900 1476 942 1504 vel
956 1475 1110 1502 nolentibus
1133 1474 1209 1510 ipsis,
1230 1482 1291 1503 eum
1314 1476 1497 1503 manumitlet.

933 1520 978 1548 23.
998 1519 1098 1548 Liberti
1110 1538 1118 1552 .
1131 1520 1194 1547 licet
1208 1519 1334 1552 militent,
1347 1519 1374 1546 in
1390 1520 1549 1548 servitutem
1566 1529 1597 1549 ex
1614 1529 1681 1549 catt-

899 1566 937 1594 sis
959 1565 1160 1602 ingratitudinis
1183 1565 1337 1600 ltujnsmodl
1354 1566 1539 1597 retrahuntur.
1555 1566 1582 1594 Si
1595 1567 1684 1594 domi-

897 1619 968 1639 nosa
979 1611 1077 1646 quibus
1091 1609 1248 1638 manumissi
1259 1615 1331 1643 sunt,
1346 1616 1391 1637 aut
1403 1618 1496 1639 eorum
1510 1611 1608 1640 liberos
1623 1621 1685 1647 per-

898 1657 1042 1687 cnsserint,
1058 1655 1099 1682 vel
1123 1655 1229 1690 injuriis
1256 1655 1404 1687 all‘ecerint,
1432 1656 1473 1683 vel
1497 1664 1531 1684 ex
1558 1658 1683 1692 superbia

897 1702 1012 1737 quadam
1027 1701 1053 1728 in
1071 1708 1118 1729 eos
1128 1701 1254 1729 'cervices
1274 1702 1412 1730 crexerint
1427 1710 1435 1728 :
1466 1701 1506 1730 vel
1524 1702 1545 1730 si
1560 1704 1621 1737 quis
1634 1704 1684 1731 do-

898 1749 971 1776 mino
993 1754 1043 1775 suo
1059 1747 1115 1782 jam
1135 1747 1240 1782 sepulto
1263 1748 1384 1780 veniens,
1413 1754 1465 1774 non
1496 1747 1637 1782 prolapsus
1656 1749 1682 1775 in

898 1799 996 1821 terram
1022 1793 1174 1827 sepulcrum
1193 1792 1339 1820 summisse
1361 1797 1504 1820 veneratus
1519 1792 1610 1825 fuerit,
1642 1793 1683 1822 vel

897 1847 950 1867 non
966 1839 1076 1866 omnino
1092 1838 1187 1865 leviter
1215 1844 1263 1864 eos
1286 1837 1439 1871 olfenderit,
1456 1843 1503 1865 aut
1513 1839 1534 1866 si
1556 1840 1682 1867 damnum

901 1884 1017 1916 dederit,
1035 1888 1081 1910 aut
1104 1883 1217 1910 insidias
1235 1881 1340 1916 fecerit,
1366 1890 1511 1918 eorumque
1535 1885 1576 1911 vel
1599 1893 1682 1912 unum

897 1929 1090 1966 aliquod,apud
1101 1933 1244 1965 prmtorem
1262 1928 1403 1962 probatum
1419 1928 1510 1961 fuerit,
1529 1930 1555 1956 in
1572 1930 1683 1956 servitu-

898 1978 1136 2010 tem,revocantnr.
1147 1972 1216 2005 Quin
1229 1972 1310 1999 etiam
1323 1973 1434 2001 libertus
1450 1978 1591 2008 patronum
1603 1980 1682 2008 egen-

898 2025 950 2048 tem
964 2020 1037 2048 alere
1045 2020 1163 2055 cogitur.

898 2073 942 2101 Ea:
957 2072 1188 2101 constitutionibus
1209 2073 1315 2132 not-filis
1328 2073 1360 2100 de
1373 2071 1570 2098 munumittente
1581 2079 1682 2100 urt‘utu

1239 2117 1254 2132 ﬂ
1267 2115 1365 2132 tenum.

1239 2115 1365 2134 attenum.

932 2154 978 2182 ιι.
997 2154 1074 2182 Sicut
1101 2154 1284 2189 promisimus,
1297 2159 1401 2189 tempus
1413 2158 1464 2186 est,
1475 2159 1504 2182 ut
1519 2154 1552 2182 de
1566 2162 1629 2182 casu
1642 2155 1680 2183 rei

897 2200 1124 2235 qnintuplicandae
1148 2200 1324 2229 disseramus.
1338 2199 1363 2228 Is
1385 2207 1451 2228 vero
1464 2201 1616 2236 hujusmodi
1628 2206 1680 2229 est.

897 2245 947 2279 Qui
961 2252 1014 2273 non
1033 2250 1075 2273 est
1083 2245 1220 2278 dominus,
1230 2250 1258 2273 et
1271 2252 1378 2273 servum
1404 2245 1534 2278 alienum,
1551 2250 1679 2281 tanquam

896 2299 974 2321 suum
986 2291 1153 2324 manumisit,
1166 2291 1236 2326 apud
1258 2290 1449 2326 imperatorem
1463 2291 1576 2319 rescissa
1588 2299 1681 2318 mann-

897 2336 1035 2370 missione,
1046 2337 1152 2371 cogitur
1163 2337 1207 2364 hic
1226 2337 1283 2372 ipse
1298 2337 1490 2364 manumittens
1514 2336 1573 2364 loco
1586 2344 1680 2363 manu-

895 2383 972 2412 missi
987 2383 1107 2418 quinque
1131 2390 1224 2410 servos
1245 2383 1311 2410 alios
1337 2387 1486 2418 prazstare:
1505 2382 1630 2409 nimirum
1654 2387 1681 2409 et

895 2434 984 2462 aetate,
999 2433 1027 2456 et
1044 2436 1122 2462 sexu,
1136 2433 1163 2456 et
1178 2428 1276 2462 indole,
1291 2434 1317 2456 et
1328 2428 1498 2456 artesimiles
1512 2436 1520 2461 ;
1533 2428 1600 2455 duos
1621 2435 1680 2454 ms-

893 2475 1009 2503 nmnissi
1022 2475 1140 2508 domino,
1160 2479 1215 2502 tres
1228 2474 1303 2502 ﬁsco.
1322 2473 1399 2501 Tunc
1411 2479 1500 2501 autem
1512 2473 1546 2504 is,
1564 2473 1607 2506 qui
1621 2480 1679 2498 ma-

895 2522 1014 2554 Immisit,
1032 2529 1111 2556 ptena
1124 2521 1251 2556 praedicta
1269 2521 1414 2552 multatur;
1429 2527 1489 2547 cum
1499 2527 1576 2547 servo
1592 2519 1680 2546 alieno

893 2568 1058 2601 libertatem,
1074 2567 1159 2596 inscio
1175 2567 1260 2601 ipsius
1273 2567 1384 2596 domino
1401 2567 1484 2594 dedit.

1175 2712 1322 2741 TITULUS
1335 2712 1404 2741 XXI.

1082 2760 1122 2787 De
1136 2760 1280 2787 venditione
1293 2768 1323 2786 ac
1336 2761 1465 2794 emptione

928 2806 955 2834 1.
975 2805 1042 2833 Tam
1054 2813 1102 2840 per
1113 2805 1287 2839 scripturam,
1302 2812 1382 2840 quam
1398 2806 1457 2833 sine
1468 2805 1599 2840 scriptura
1610 2812 1676 2832 con-

892 2853 1010 2880 trahitur
1031 2851 1149 2880 venditio
1171 2856 1198 2878 et
1223 2851 1323 2886 emptio
1335 2851 1405 2880 citra
1433 2851 1521 2880 dolum
1536 2851 1635 2879 malum
1646 2849 1674 2878 in
