1938 3070
232 137 289 170 519

727 138 980 169 CONSTANTINI
999 139 1333 170 PORPHYROGENITI

1808 136 1865 172 520

231 201 394 229 quacunque
402 193 542 228 spccie,,ac
553 200 592 227 re,
608 193 804 222 interveniente
814 195 893 229 pretii
909 195 1014 229 pactio-

1087 195 1207 230 ουμένης
1240 196 1399 222 συνίσταται
1431 193 1542 225 ἀδόλως.
1570 193 1669 220 Ἡνίκα
1691 191 1771 230 οὗνή
1794 192 1864 230 τιμὴ

232 247 274 268 ne.
287 240 353 268 Cum
363 241 446 276 igitur
460 241 497 268 rei
522 242 638 276 pretium
650 241 684 268 ab
694 247 817 276 emptore
825 242 917 269 datum
930 242 1021 274 fuerit,

233 293 285 313 non
298 286 360 313 licet
383 286 515 322 ejusmodi
543 286 725 315 venditionem
749 287 944 322 pwnitentibus
957 287 1023 323 ipsis

232 332 399 360 rescindere.

268 377 295 404 2.
312 377 378 404 Nam
386 378 575 414 dcbctemptor
582 383 644 407 ante
654 384 821 408 contractum
830 385 857 408 et
867 382 1024 410 examinare

232 431 291 451 rem
307 429 335 451 et
349 429 476 452 accurate
489 425 627 460 inquirere
648 431 732 460 atque
746 426 784 454 ita
799 427 970 456 contrahere.

269 513 297 541 5.
327 513 355 541 Si
382 521 448 541 vero
471 514 610 550 deinceps,
649 520 678 543 ut
700 516 757 544 ﬁeri
780 516 859 549 solet,
886 517 1024 545 venditum

234 566 333 594 corpus
345 560 482 588 inventum
494 559 576 589 fuerit
598 569 658 590 esse
674 563 800 597 liberum,
824 563 867 591 vel
880 563 1026 599 lymphati-

235 613 310 637 cum,
328 607 459 634 venditori
476 607 641 636 redhibetur.

270 651 298 678 4.
311 650 339 678 Si
354 651 435 678 arrha
452 652 512 679 data
530 652 612 680 fuerit
625 653 650 680 in
675 661 846 689 quocumque
871 659 1024 688 contractu,

236 703 318 730 quum
337 704 389 724 non
413 696 540 732 impletus
568 697 650 726 luerit
667 705 824 727 contractus
837 700 910 728 illius
935 701 1024 736 culpa,

237 742 282 776 qui
295 742 402 769 arrham
418 743 501 776 dedit,
518 744 637 772 lucretur
650 745 759 772 arrham
784 746 817 777 is,
836 746 883 780 qui
898 747 1002 781 accepit
1017 755 1024 774 :

237 787 278 814 sin
313 786 373 821 eius
413 788 594 823 negligentia,
620 791 666 824 qui
701 790 810 818 arrham
837 792 952 827 accepit,
983 799 1028 820 res

1070 240 1119 267 τοῦ
1139 241 1300 276 πράγματος
1326 240 1367 275 τῷ
1395 239 1545 275 ήγορακότι
1569 239 1644 275 δοθῇ,
1661 239 1711 275 τὴν
1735 241 1865 276 τοιαύτην

1073 287 1174 322 πρᾶσιν
1209 288 1241 313 ἐκ
1272 286 1523 322 μεταμελουμένων
1554 285 1644 312 αὐτῶν
1662 286 1716 326 μὴ
1745 287 1863 322 ἀνατρέ-

1073 332 1182 359 πεσθαι.

1110 378 1143 413 β’.
1166 379 1212 404 Δεῖ
1226 377 1280 412 γὰρ
1298 376 1344 404 τὸν
1363 376 1519 412 ἀγοραστὴν
1536 376 1590 412 πρὸ
1603 375 1651 403 τοῦ
1670 377 1865 412 συναλλάγμα-

1073 431 1119 454 τος
1138 422 1171 449 δι’
1197 421 1313 457 ἱρεύνης
1328 420 1466 455 γενέσθαι,
1495 420 1542 446 καὶ
1563 419 1694 455 ἀκριϐοῦν
1714 418 1867 456 [διερευνᾷν

1075 471 1104 497 ὲν
1117 468 1268 505 ἀκριδείᾳι,
1287 469 1334 496 καὶ
1352 467 1424 494 οὕτω
1441 467 1631 494 συναλᾶσσειν.

1110 514 1145 549 γ’.
1163 514 1245 547 Ειδὲ,
1263 514 1300 546 ὡς
1319 513 1403 545 εικδς,
1424 514 1494 548 μετά
1505 513 1588 540 τοῦτο
1605 514 1704 550 εὑρεθῇ
1717 514 1746 540 τὸ
1760 514 1865 549 πραθὲν

1077 560 1161 597 [κατά
1171 560 1221 596 τὴν
1237 559 1360 596 «patrvi,
1381 559 1463 594 σῶμα
1487 559 1641 595 ὶλεύθερον,
1667 560 1684 597 ἢ
1701 561 1749 587 καὶ
1767 560 1865 595 δαιμοε

1076 606 1140 640 νῶν,
1155 606 1233 633 τοῦτο
1249 605 1430 633 ἀναδίδοσθαι.

1111 653 1142 680 ἃ.
1162 651 1226 680 Ἐὰν
1258 651 1386 688 ἀρραϐὼν
1412 651 1477 688 δοθῇ
1507 652 1537 678 ὲν
1561 652 1710 688 οἱῳδήποτε
1735 652 1868 680 συναλλά-

1077 707 1172 734 γματι,
1202 699 1239 730 ὡς
1259 697 1373 729 ἀτελοῦς
1397 697 1473 729 ὄντος
1495 697 1542 724 τοῦ
1570 698 1794 734 συναλλάγματος
1807 718 1814 729 ,
1836 698 1867 730 ἐξ

1077 745 1272 780 ἀγνωμοσύνης
1289 744 1338 779 μὲν
1349 743 1394 770 τοῦ
1407 744 1563 776 δεδωκότος,
1574 745 1603 771 ὲν
1617 744 1706 780 κέρδει
1716 744 1838 778 γενέσθω
1852 745 1867 770 ὁ

1077 791 1205 828 ἀρραδὼν
1221 790 1267 817 τοῦ
1283 790 1421 822 λαϐόντος.
1439 789 1469 816 Εἰ
1485 789 1513 816 δὲ
1524 790 1554 822 ἐξ
1568 790 1698 824 ἀμελείας
1710 790 1758 816 τοῦ
1772 789 1868 816 λαϐόν-

237 831 357 867 perfecta
368 840 419 860 non
437 832 528 867 fuerit,
550 834 644 862 reddat
660 843 719 863 eam
737 836 786 869 illi,
798 837 843 871 qui
865 838 949 868 dedit.
963 845 1024 866 cum

1087 846 1124 869 τος
1138 837 1169 864 οὐ
1188 836 1297 872 πραχθῇ
1316 836 1346 862 τὺ
1360 835 1440 872 ἔργον
1455 837 1494 868 εῐς
1507 836 1594 868 τέλος,
1615 835 1781 863 ἀναδιδόσθω
1797 836 1866 871 μετά

238 877 325 904 altero
339 882 423 905 tanto.

272 929 290 957 5
314 930 343 958 Si
358 938 453 959 servus
464 931 591 960 venditus
605 937 654 960 aut
668 933 740 961 diem
753 933 862 968 ohierit,
885 940 931 963 aut
949 942 1027 971 parte

237 975 361 1010 corporis
378 975 458 1004 laesus
472 977 564 1010 fuerit,
583 978 712 1005 nimirum
729 980 807 1013 pede,
820 980 863 1008 vel
874 988 966 1013 manu,
984 981 1026 1009 vel

237 1021 336 1049 oculo:
348 1026 394 1049 ant
407 1022 431 1050 si
442 1023 540 1050 domus
551 1023 686 1052 'distracta
700 1025 746 1057 sit,
762 1030 808 1052 aut
823 1034 886 1061 pars
897 1027 967 1061 ejus,
982 1027 1025 1055 vel

238 1070 293 1093 tota
302 1066 365 1101 igne
383 1067 525 1102 absumpta
550 1067 653 1096 fuerit:
671 1074 719 1096 aut
733 1076 799 1105 ager
811 1070 835 1097 vi
850 1070 969 1099 ﬂuminis
983 1077 1026 1099 to-

239 1115 293 1143 tus,
305 1117 351 1139 aut
366 1112 455 1147 aliqua
473 1117 550 1148 parte
570 1117 674 1148 pereat,
691 1119 738 1141 aut
757 1114 837 1142 arbor
850 1123 866 1142 a
880 1121 961 1143 vento
978 1115 1028 1143 de-

237 1155 309 1191 jecta
331 1157 391 1184 sit:
419 1157 446 1185 in
483 1158 525 1186 his
562 1158 688 1187 omnibus
721 1161 849 1188 damnum
878 1166 1028 1197 emptorem

239 1207 353 1236 spectat.

275 1247 302 1275 6.
317 1247 345 1276 Si
360 1257 454 1277 servus
470 1250 553 1278 'nteus
568 1250 626 1286 agri
651 1252 753 1279 vcnditi
779 1253 911 1281 terminos
934 1256 1027 1280 osten-

239 1293 304 1322 dere
321 1293 425 1328 jussus.
439 1295 498 1331 plus
511 1297 671 1330 ostenderit,
696 1297 835 1333 idqueyel
860 1299 922 1327 dolo
942 1299 1026 1332 malo,

238 1339 280 1366 vel
292 1347 341 1374 per
360 1339 549 1375 ignorantiam,
566 1350 620 1370 non
638 1343 694 1378 ipse
706 1343 967 1373 condemnor.ldem
978 1353 1027 1373 va-

238 1385 276 1413 let
290 1386 408 1414 etiamin
424 1388 581 1420 traditione,
597 1397 658 1417 cum
679 1390 772 1426 incipit
786 1393 933 1426 possessio.

275 1439 301 1467 7.
318 1439 347 1467 Si
364 1445 426 1467 ante
440 1442 614 1469 traditionem
632 1449 727 1471 servus
737 1443 863 1472 venditus
880 1444 1028 1480 aufugerit,

238 1490 284 1512 aut
300 1485 337 1512 ita
360 1485 432 1514 furto
455 1487 609 1516 subtractus
627 1489 662 1516 ab
679 1489 771 1524 aliquo
789 1489 880 1523 fuerit,
899 1494 928 1517 ut
949 1490 1029 1518 dolus

1077 884 1125 910 καὶ
1140 883 1222 910 ἀλλον
1240 882 1369 909 τοσούτου
1385 882 1424 917 τῷ
1440 882 1569 909 δεδωκότι
1585 882 1677 909 αὐτόν.

1111 935 1141 962 ε’.
1163 935 1193 961 '0
1221 933 1398 969 πεπραμένος
1413 933 1522 969 οἰκέτης
1542 933 1566 960 εἰ
1584 934 1632 960 καὶ
1651 933 1808 968 τελευτήσει
1824 954 1831 965 ,
1847 934 1865 968 ἢ

1081 979 1163 1016 μέρος
1189 988 1216 1006 τι
1240 979 1325 1014 sues
1347 979 1395 1005 τοῦ
1426 978 1564 1014 σώματος,
1590 979 1669 1011 πόδα,
1696 979 1713 1014 ἢ
1736 981 1827 1014 χεῖρα.
1848 979 1866 1013 ἧ

1079 1025 1218 1060 ὀφθαλμόν
1231 1034 1238 1041 ·
1257 1026 1274 1060 ἦ
1288 1024 1361 1052 οἰκία
1381 1026 1456 1052 ἐστὶν
1473 1026 1489 1061 ὴ
1505 1025 1669 1060 πεπραμένη
1681 1045 1689 1058 ,
1709 1026 1756 1052 καὶ
1772 1025 1868 1059 μέρος,

1080 1071 1097 1107 ἢ
1121 1072 1196 1098 πᾶσα
1211 1072 1277 1106 πυρὶ
1293 1071 1448 1106 δσπανηθῇ·
1467 1071 1482 1106 ἢ
1497 1071 1582 1107 ἀγρὸς
1597 1071 1642 1107 βίᾳ
1659 1070 1783 1106 ποταμοῦ
1795 1070 1866 1102 ὅλος,

1080 1117 1097 1152 ἢ
1113 1117 1196 1153 μέρος
1211 1117 1371 1150 ἀπόλλυται,
1385 1118 1401 1153 ἢ
1413 1117 1520 1152 δένδρον
1537 1117 1567 1151 ἐξ
1580 1117 1683 1152 ἀνέμου
1701 1117 1866 1144 καταπεσόν-

1079 1161 1126 1188 tu!
1149 1161 1252 1188 τούτων
1269 1162 1378 1189 πάντων
1393 1163 1409 1197 ἡ
1430 1161 1516 1195 ζημία
1540 1161 1586 1188 τὸν
1600 1162 1755 1197 ἀγοραστὴν
1770 1162 1832 1197 ὁρᾷ.

1115 1256 1154 1286 ς’.
1176 1253 1238 1280 Ἐἀν
1250 1253 1405 1286 κελευσθεὶς
1421 1253 1435 1279 ὁ
1449 1253 1542 1284 δοῦλός
1564 1262 1614 1288 μου
1629 1254 1692 1285 τοὺς
1709 1253 1789 1289 ὅρους
1802 1253 1871 1279 ὕποα

1078 1299 1163 1332 δεῖξαι
1175 1299 1222 1327 τοῦ
1238 1299 1388 1336 πραθέντος
1403 1299 1500 1334 ἀγροῦ,
1515 1299 1596 1326 πλέον
1611 1300 1751 1336 ὑποδείξῃ.
1767 1300 1783 1335 ἢ
1798 1300 1872 1326 κατά

1077 1345 1163 1377 δόλον,
1189 1344 1206 1380 ἢ
1235 1345 1295 1372 κατ’
1313 1345 1437 1377 ἄγνοιαν.
1453 1345 1483 1371 οὐ
1504 1344 1734 1378 καταδικάζομαι.
1753 1344 1790 1370 Τδ
1803 1344 1871 1370 αὐτὸ

1078 1392 1128 1419 καὶ
1145 1392 1191 1418 ἐπὶ
1209 1391 1397 1426 παραδόσεως,
1412 1391 1499 1426 νομῆς
1512 1390 1661 1426 ἀρχούσης.

1114 1443 1148 1475 ζ’.
1168 1443 1199 1470 El
1214 1443 1268 1479 πρδ
1284 1443 1460 1479 παραδόσεως
1484 1443 1558 1479 φύγῃ
1571 1444 1584 1470 δ
1600 1443 1715 1479 πραθεὶς
1730 1442 1833 1476 δοῦλος,
1850 1444 1868 1479 ἢ

1079 1490 1127 1516 καὶ
1140 1489 1230 1525 κλαπῇ
1244 1489 1295 1515 ὑπό
1305 1497 1388 1521 τινος,
1402 1488 1439 1520 ὡς
1455 1489 1492 1524 μὴ
1507 1488 1582 1515 δόλον
1595 1488 1611 1523 ἢ
1627 1488 1767 1525 ρᾳθυμίαν
1787 1489 1867 1524 ἐλέγ-

239 1531 327 1559 malns
341 1535 388 1558 aut
402 1531 479 1567 culpa
493 1533 519 1560 in
533 1533 574 1560 his
599 1533 706 1568 probari
721 1539 839 1570 nequeat
852 1555 861 1570 ,
879 1535 932 1564 hoc
948 1536 1026 1565 modo

1087 1535 1175 1571 (εσθαι
1196 1535 1261 1571 περὶ
1281 1535 1377 1567 ταῦτα,
1401 1536 1426 1562 ει
1451 1534 1498 1562 τοῦ
1519 1534 1624 1570 πράτου
1644 1534 1673 1561 τὸ
1691 1534 1868 1570 ζημιοῦσθαι,

239 1576 339 1610 inquiri
351 1576 441 1610 debet,
457 1585 490 1604 an
505 1578 655 1607 venditaris
682 1579 733 1607 hoc
745 1580 846 1608 damno
858 1581 903 1609 sit.
920 1581 1025 1618 Quippe

240 1619 263 1646 si
277 1619 401 1647 venditor
415 1621 441 1648 in
453 1628 482 1648 se
492 1622 642 1650 custodiam
668 1624 740 1652 servi
762 1624 862 1652 venditi
880 1627 1026 1661 receperit,

239 1661 299 1698 ipse
310 1662 436 1691 damnum
451 1665 514 1693 hinc
541 1674 683 1702 emergens
699 1674 826 1703 agnoscet
839 1679 847 1697 :
869 1671 910 1698 sin
925 1679 985 1699 eam
999 1673 1026 1699 in

239 1715 269 1735 se
285 1715 338 1735 non
355 1710 467 1744 recepit,
484 1718 596 1740 securus
610 1713 672 1740 erit.
694 1713 766 1741 Idem
783 1719 810 1742 et
827 1715 854 1742 in
866 1716 1028 1745 animalibus

239 1754 356 1787 caeteris,
377 1760 407 1782 ut
430 1762 510 1790 equo,
529 1758 646 1791 camelo,
665 1763 693 1786 et
712 1759 876 1795 quicumque
889 1767 953 1789 sunt
969 1761 1029 1796 ejus

239 1800 359 1833 generis.
371 1799 486 1828 Prorsus
497 1806 587 1830 autem
597 1804 720 1832 venditor
730 1806 848 1841 emptori
862 1805 897 1834 de
909 1806 1028 1835 dominio

239 1850 266 1873 et
282 1846 416 1874 evictione
427 1851 544 1876 tenetur.

273 1945 301 1973 8.
318 1946 347 1974 Si
362 1954 407 1982 qu.
421 1955 477 1976 rem
490 1956 662 1978 communem
686 1951 815 1980 habentes
830 1952 901 1980 inter
914 1960 944 1981 se
959 1954 1031 1989 pacti

239 1989 351 2024 fuerint,
366 1998 395 2020 ut
409 1994 498 2020 neutri
514 1993 595 2022 liceat
610 1995 714 2031 absque
733 1997 818 2025 altero
832 2005 888 2026 rem
902 2005 961 2026 eam
976 1999 1033 2027 dis-

240 2037 366 2065 trahere:
380 2046 462 2073 qlluln
483 2047 552 2068 unus
566 2045 669 2075 partem
687 2049 764 2070 suam
776 2034 894 2071 vendere
904 2044 1031 2077 voluerit,

238 2087 266 2108 et
280 2083 481 2111 Itlestationem
503 2085 537 2111 ad
550 2084 669 2113 alterum
687 2087 720 2114 de
742 2088 898 2116 venditione
920 2089 961 2116 vel
973 2097 1032 2117 em-

240 2127 333 2162 ptione
346 2128 616 2166 interponit,sbsque
632 2131 828 2167 impedimento
839 2134 938 2162 deinde
952 2135 1032 2169 cujus

238 2180 298 2200 eam
315 2175 416 2202 vendit.

273 2224 300 2252 9.
317 2224 384 2252 Nam
398 2225 425 2252 in
439 2233 538 2261 genere
549 2227 631 2259 scias,
651 2228 674 2255 si
687 2229 790 2264 absque
804 2230 867 2258 dolo
886 2231 959 2258 malo
978 2235 1026 2259 aut
1039 2215 1063 2243 Ῑ)

239 2269 319 2305 culpa
332 2271 482 2311 venditoris
498 2279 541 2300 res
564 2273 622 2301 haec
641 2274 781 2308 acciderit,
806 2280 852 2303 aut
867 2276 940 2304 aliud
956 2276 1029 2312 ejus-

239 2316 452 2349 rnotli,securutn
470 2315 528 2345 fore
540 2318 718 2347 venditorem.

275 2369 320 2398 to.
338 2368 413 2398 Sicut
426 2370 499 2399 enim
513 2369 656 2399 fortuitum
673 2365 878 2407 detrimentum,
891 2374 932 2402 vel
943 2375 1026 2403 amis-

236 2416 278 2443 sio
287 2415 325 2443 rei
336 2415 463 2449 venditaa,
476 2416 510 2444 ad
518 2422 669 2452 emptorem
685 2418 816 2452 pertinet,
833 2419 870 2446 ita
883 2427 990 2455 quoque
1003 2421 1026 2448 si

237 2463 344 2490 lucrum
357 2462 506 2490 accesserit
521 2463 638 2499 emptori
653 2465 743 2492 cedet.

271 2565 316 2594 Η.
334 2565 412 2594 Unde
425 2567 447 2594 si
459 2574 507 2603 per
515 2566 678 2594 alluvionem
689 2566 819 2599 ﬂuminis.
829 2573 875 2594 aut
890 2572 968 2595 terrm
980 2576 1027 2603 ag-

235 2614 390 2648 geslionem
414 2618 476 2649 post
491 2613 675 2642 venditionem
691 2613 790 2641 factam
816 2622 880 2650 ager
898 2616 1026 2650 creverit,

235 2664 341 2694 emptor
353 2659 430 2687 lucro
447 2659 563 2688 fruetur.

272 2711 317 2738 12.
335 2711 365 2739 Si
383 2719 478 2739 aurum
498 2712 533 2740 ab
554 2712 645 2748 aliquo
662 2712 809 2747 repositum
825 2712 853 2740 in
864 2712 945 2740 domo
959 2721 1028 2741 ven-

237 2757 290 2784 dita
319 2765 367 2792 per
394 2764 514 2785 errorem
546 2759 688 2791 manserit,
723 2763 751 2786 et
775 2759 802 2786 in
828 2766 860 2787 ea
888 2764 1026 2794 repertum

236 2801 339 2834 fuerit,
367 2808 461 2830 manet
484 2803 565 2838 ejus,
595 2806 640 2840 qui
681 2805 784 2840 pridem
813 2805 941 2834 dominus
967 2805 1026 2841 ejus

238 2853 306 2876 erat.

1079 1581 1120 1608 δεῖ
1145 1581 1231 1613 οὕτως
1259 1581 1388 1617 ζητῆσαι.
1410 1580 1441 1607 Εἰ
1469 1581 1519 1616 μὲν
1539 1581 1578 1612 εἰς
1608 1580 1704 1607 ἑαυτὸν
1720 1582 1734 1607 ό
1760 1582 1869 1617 πράτης

1080 1626 1222 1660 ἀνεδέξατο
1237 1626 1288 1662 τὴν
1315 1626 1362 1653 τοῦ
1380 1626 1557 1661 πεπραμένον
1590 1626 1697 1653 οἰκέτου
1730 1626 1868 1662 φυλακὴν,

1080 1674 1128 1701 καὶ
1147 1673 1229 1704 αὐτὸς
1247 1673 1429 1708 ἐπιγνώσεται
1443 1673 1493 1708 τὴν
1519 1673 1643 1700 Εντεῦθεν
1660 1673 1777 1708 ζημίαν·
1798 1674 1823 1699 εἰ
1839 1674 1867 1700 δὲ

1081 1719 1120 1754 μή
1138 1718 1280 1751 ἀνεδέξατο
1306 1719 1347 1750 εις
1376 1718 1482 1750 ἑαυτὸν,
1508 1718 1564 1751 ἓξει
1587 1719 1617 1745 τὸ
1639 1719 1799 1754 ἀμέριμνον.
1829 1719 1868 1745 Τὸ

1080 1763 1147 1791 αὐτὸ
1170 1765 1218 1791 καὶ
1249 1763 1296 1790 ἐπὶ
1316 1763 1371 1790 τῶν
1398 1763 1499 1790 λοιπῶν
1518 1763 1605 1796 ζώων,
1623 1762 1679 1790 οἷον
1701 1764 1796 1796 ῐππου,
1819 1765 1868 1791 καὶ

1079 1810 1216 1845 καμήλου,
1230 1810 1278 1837 καὶ
1292 1809 1342 1836 ὅσα
1360 1809 1474 1837 τοιαῦτά
1486 1810 1556 1836 ἐστι.
1571 1810 1683 1841 Πάντως
1692 1810 1720 1836 δὲ
1737 1811 1870 1845 χρεωστεῖ

1079 1857 1094 1883 ὁ
1110 1856 1216 1891 πράτης
1237 1855 1278 1891 τῷ
1292 1856 1431 1891 ἀγοραστῇ
1448 1856 1505 1891 τὴν
1527 1855 1707 1882 διαυθέντισιν
1727 1855 1774 1882 καὶ
1796 1855 1870 1882 ὲκδί-

1080 1910 1116 1938 κη
1120 1910 1172 1929 σιν.
1540 1939 1546 1943 1

1116 1956 1152 1989 η’.
1179 1953 1244 1980 Ἐάν
1264 1961 1335 1984 τινες
1347 1952 1484 1981 ἐπίκοινον
1497 1953 1615 1988 πρᾶγμα
1629 1953 1739 1987 ἔχοντες
1756 1961 1871 1988 συμφω-

1080 2001 1194 2036 νήσωσι,
1215 2000 1357 2036 μηδετέρῳ
1387 1999 1478 2027 αὖτῶν
1491 1998 1591 2031 ὲξεῖναι
1615 1998 1678 2026 ἄνευ
1698 1999 1793 2034 ἑτέρου
1808 2007 1869 2024 πω-

1081 2045 1138 2072 λεῖν
1161 2045 1192 2072 τὸ
1208 2045 1335 2081 πρᾶγμα,
1360 2045 1408 2071 ἑὰν
1425 2045 1440 2071 ό
1455 2041 1495 2076 εἷς
1511 2044 1618 2079 θελήσει
1635 2044 1665 2070 τὺ
1682 2044 1766 2079 μέρος
1784 2043 1869 2070 αὐτοῦ

1082 2091 1192 2123 πωλεῖν,
1215 2091 1263 2118 καὶ
1291 2090 1506 2126 διαμαρτύρεται
1531 2090 1577 2117 τὸν
1590 2090 1684 2125 ἕτερον
1700 2091 1766 2125 περὶ
1781 2089 1829 2116 τοῦ
1851 2090 1869 2124 ἢ

1082 2137 1217 2173 πωλῆσαι,
1244 2137 1261 2173 ἢ
1293 2137 1450 2172 ἀγοράσαι,
1467 2136 1614 2168 ἀκωλύτως
1645 2135 1730 2162 πωλεί
1755 2134 1793 2170 τῷ
1821 2143 1870 2162 τυ-

1082 2183 1167 2218 χόντι.

1116 2235 1149 2262 θ’.
1164 2234 1286 2262 Καθόλου
1302 2233 1356 2270 γὰρ
1371 2233 1437 2265 ἴσοι,
1455 2234 1496 2261 ὅτι
1518 2234 1543 2260 εἰ
1559 2233 1620 2268 δίχα
1646 2232 1722 2260 δόλου
1746 2233 1763 2269 ἢ
1786 2232 1870 2268 ρᾳθυ-

1081 2281 1146 2316 μιας
1168 2279 1216 2306 τοῦ
1234 2279 1337 2315 στράτου
1355 2279 1445 2315 συμϐῇ
1469 2279 1500 2305 τὸ
1520 2279 1649 2314 πρᾶγμα,
1664 2279 1682 2313 ή
1695 2287 1721 2305 τι
1735 2277 1867 2309 τοιοῦτον,

1079 2324 1135 2357 ἔξει
1153 2324 1184 2352 τὸ
1198 2324 1351 2360 ἀμέριμνον
1367 2324 1381 2350 ὁ
1395 2324 1513 2359 πράτης.

1115 2381 1141 2405 ι’.
1162 2377 1271 2412 Ὥσπερ
1286 2377 1341 2412 γὰρ
1359 2376 1375 2410 ἡ
1390 2376 1423 2402 ἐκ
1444 2375 1530 2410 τύχης
1556 2375 1702 2407 ἐλάττωσις
1726 2375 1785 2410 ήτοι
1815 2374 1870 2401 ἀπ-

1079 2422 1162 2450 ώλεια
1173 2422 1219 2449 τοῦ
1234 2422 1412 2458 πεπραμένον
1421 2421 1583 2457 πράγματος
1600 2423 1639 2453 εἰς
1652 2422 1697 2448 τον
1712 2421 1869 2455 ἀγοραστὴν

1078 2468 1233 2504 ἀνατρέχει,
1250 2468 1336 2500 οὕτως
1359 2468 1406 2495 καὶ
1420 2469 1446 2495 el
1458 2476 1485 2494 τι
1511 2467 1606 2502 γέγονε
1626 2467 1722 2503 κέρδος
1736 2467 1781 2493 τὸν
1803 2467 1871 2501 ἀγο-

1082 2516 1185 2551 ραστὴν
1205 2515 1352 2551 ὠφελήσει.

1116 2571 1161 2596 ια’.
1181 2567 1263 2595 Ὅθεν
1279 2568 1304 2594 εἰ
1318 2567 1365 2594 καὶ
1378 2567 1423 2595 διὰ
1436 2567 1630 2602 προσκλύσεως
1654 2566 1670 2601 ἢ
1686 2564 1869 2601 προσχώσεως

1079 2614 1202 2649 ποταμοῦ
1223 2613 1322 2649 μείζων
1339 2614 1473 2648 γέγονενὸ
1490 2613 1574 2648 ἀγρὸς
1595 2612 1664 2648 μετά
1682 2612 1732 2647 τὴν
1756 2612 1868 2647 πρᾶσιν,

1078 2661 1109 2688 τὸ
1124 2661 1218 2697 κέρδος
1235 2661 1249 2687 ό
1270 2660 1424 2696 ἀγοραστής
1441 2659 1601 2687 ἀπολαύσει.

1116 2714 1160 2749 ιβ’.
1185 2713 1247 2741 Ἐὰν
1260 2715 1289 2741 ὲν
1309 2713 1348 2749 τῷ
1369 2713 1502 2749 πραθέντι
1526 2712 1594 2748 οἴκῳ
1618 2712 1648 2738 τὸ
1672 2709 1870 2745 ἀποτιθέμενον

1079 2760 1314 2798 [ἀποτεθειμένον]
1326 2760 1379 2787 ὑπό
1390 2769 1463 2792 τινος
1471 2759 1584 2796 χρυσίον
1591 2758 1661 2786 κατά
1669 2757 1772 2792 πλάνην
1785 2765 1871 2783 κατα-

1081 2807 1172 2843 μείνῃ,
1186 2806 1234 2834 καὶ
1251 2807 1279 2834 ὲν
1296 2805 1370 2842 αὐτῷ
1384 2805 1495 2842 εὑρεθῇ,
1513 2805 1589 2841 μένει
1603 2804 1651 2831 τοῦ
1670 2803 1752 2833 πάλαι
1771 2802 1871 2829 δεσπό-

1081 2853 1184 2885 ξοντος.
