1938 3070
125 135 175 168 5-21

124 157 158 168 va

752 137 950 169 DELECTUS
968 138 1111 169 LEGUM.

1691 140 1743 174 522

163 195 209 227 ιγ’.
229 193 259 219 '0
277 192 383 227 βλέπων
410 192 634 229 πιπρασκόμενον
655 193 706 219 ὑπὸ
727 193 823 229 ἐτέρου
849 194 904 220 ῐδιοπ

1002 195 1044 222 13.
1061 195 1111 229 Qui
1126 202 1182 223 rem
1194 202 1270 223 suam
1283 195 1318 223 ab
1334 195 1387 223 alio
1403 195 1517 223 distrahi
1541 196 1624 230 videt,
1646 204 1678 226 ac
1692 206 1746 226 non

125 239 208 268 αὑτοῦ
229 240 355 275 πρᾶγμα,
372 239 420 266 καὶ
440 239 478 274 μὴ
502 238 662 273 ἀντιλέγων,
684 238 764 270 αὐτὸς
777 238 851 265 δοκεῖ
867 247 911 265 πι-

125 287 260 323 πράσκειν
276 285 351 314 αὐτό.

161 331 201 359 ιδ’.
227 331 256 357 '0
276 331 439 366 πιπράσκων
459 329 562 362 δοῦλον,
589 329 637 356 καὶ
665 329 807 364 γινώσκων
830 329 911 356 αὑτὸν

123 377 254 413 κλέπτην,
269 377 286 412 ἢ
302 377 476 412 μαινόμενον,
491 376 508 412 ἢ
523 375 703 411 δαιμονῶντα,
716 375 912 411 προσφωνείτω

124 424 189 458 περὶ
198 424 294 450 τούτου
305 423 352 450 τὺν
364 423 529 459 ἀγοραστὴν.
546 423 579 449 El.
590 422 644 458 γὰρ
652 422 731 449 τοῦτο
744 422 781 457 μὴ
796 422 909 458 ποιήσῃ,

123 469 204 500 αὐτὸς
220 468 269 504 μὲν
280 468 396 504 λήψεται
413 468 458 495 τὸν
473 468 575 500 δοῦλον,
592 468 621 494 1'0
633 467 661 495 δὲ
675 467 784 503 τίμημα
798 467 910 494 διπλοῦν

123 514 260 541 ἀποδώσει
279 514 318 550 τῷ
341 514 488 550 ἡγορακότι
512 514 721 548 ἀπαιτούμενος,
740 514 788 541 καὶ
805 513 832 540 εἴ
849 522 910 541 τινα

125 561 227 597 ζημίαν
242 561 391 596 εἰργάσατο
399 561 427 587 ὲν
439 560 477 595 τῷ
490 560 558 595 οἴκῳ
573 560 655 587 αὐτοῦ
670 559 717 586 τοῦ
729 559 909 595 ὴγορακότος.

158 610 200 634 ιε’.
224 606 254 633 '0
272 606 301 640 ἐξ
321 602 561 642 οὖ”ὲγχειρίζηταί
584 614 610 632 τι
623 605 751 640 ὀφιρίκιον
769 605 909 640 δημόσιον.

123 653 262 688 ἀγοράσας
288 661 316 679 τι
342 653 460 688 πρᾶγμα
488 652 506 687 ἢ
524 651 558 678 δι’
581 651 721 687 ἐαυτοῠ,ἢ
743 651 910 686 παρενθέτου

123 699 283 735 προσώπου,
298 699 329 725 οὐ
349 699 429 734 μόνον
454 698 486 724 τδ
513 698 623 732 τίμημα
644 697 751 732 ἀπολεῖ,
778 696 847 724 ἀλλά
863 697 911 723 καὶ

121 744 292 780 τετραπλοῦν
307 744 347 773 τῶ
361 743 486 780 δημοσίῳ
501 744 622 771 δίδωσιν.

161 841 210 871 ις’.
231 836 264 865 '0
281 837 423 872 ἀγοράζων
447 837 537 873 ῥητῶς
558 837 698 872 κεράμους
712 837 783 863 ol’vou
797 835 844 862 ἐπὶ
861 835 906 871 μέ-

122 866 198 919 τροῦ,
218 866 354 919 δῆλον-δτι
367 866 391 910 ἐι
406 866 566 919 usus...“
579 866 724 918 0.4.0....
745 882 837 909 λασετν
858 866 906 918 τὴν
925 866 946 894 Β

124 929 265 965 μέτρησιν,
282 929 313 956 οὐ
327 929 483 964 ζημιοῦται,
502 927 553 955 κάν
573 927 710 963 ἀπολεσθῇ
723 927 738 954 6
752 926 834 959 οἶνος.

156 1021 199 1053 ιζ’.
214 1021 245 1048 Et
261 1020 289 1047 δὲ
306 1020 373 1055 ὑφὲν
387 1017 458 1047 οἶνόν
474 1028 516 1051 τις
533 1019 678 1055 ἀγοράσει,
697 1018 735 1054 μὴ
752 1017 906 1054 συμφωνῶν

121 1067 266 1102 μετρῆσαι,
287 1066 369 1098 αὐτὸς
393 1065 553 1093 κινδυνεύει.

157 1159 201 1191 ιη’.
220 1156 313 1182 Ταυτὶ
332 1155 360 1182 δὲ
379 1155 474 1190 κρατεῖ
492 1155 538 1181 καὶ
552 1154 598 1180 ἐπὶ
620 1153 720 1186 ἐλαίου,
746 1154 791 1179 καὶ
819 1152 905 1185 σίτου,

120 1203 169 1228 xui.
196 1201 252 1228 τῶν
280 1200 424 1228 τοιούτων·
441 1201 481 1227 ὃτι
511 1200 541 1226 τὸ
565 1199 660 1234 κέρδος
686 1199 733 1225 τοῦ
758 1199 906 1234 πραθέντος

119 1247 203 1279 οἴνου,
220 1246 266 1273 καὶ
279 1247 296 1282 ἡ
310 1245 406 1280 ζημία,
422 1245 466 1272 τὺν
480 1245 636 1280 ἀγοραστὴν
653 1244 714 1280 ὁρᾷ.

157 1291 200 1318 ιθ¹.
224 1292 253 1318 '0
275 1288 373 1318 πωλῶν
398 1299 424 1317 τι
449 1291 478 1317 ἐν
504 1290 605 1326 εἰδήσει
624 1290 763 1325 ἐπίψογον,
778 1289 808 1315 οὐ
826 1289 906 1323 μόνον

121 1339 161 1370 εἰς
185 1339 216 1364 τὸ
242 1338 361 1373 τίμημα,
382 1337 450 1364 ἀλλὰ
466 1337 512 1364 καὶ
530 1337 571 1368 εις
583 1337 674 1363 πᾶσαν
688 1335 736 1372 τὴν
759 1337 791 1363 ἐκ
809 1335 906 1362 τούτου

120 1384 224 1419 ζημίαν
238 1384 390 1418 κατέχεται.

153 1433 188 1456 κ’.
209 1429 250 1456 Τά
266 1429 338 1456 κατὰ
359 1429 472 1463 ἄγνοιαν
501 1427 715 1463 πιπρασκόμενα
749 1427 824 1461 παρά
851 1427 906 1454 τῶν

121 1475 297 1511 κληρονόμων
316 1474 525 1510 ἀνατρέπονται.

963 241 1141 274 contradicit,
1160 241 1272 276 ipsemet
1284 248 1343 269 eam
1355 241 1471 269 vendere
1487 241 1605 270 videtur.

998 331 1042 358 ιι.
1058 331 1109 365 Qui
1127 339 1233 360 servum
1256 333 1357 365 vendit,
1377 340 1457 368 quem
1484 334 1537 361 scit
1565 341 1626 362 esse
1651 334 1748 366 furem.

962 380 1009 403 aut
1029 375 1171 409 furiosum,
1191 381 1238 404 aut
1255 377 1454 412 limphalieum,
1475 378 1508 404 de
1529 377 1580 406 hoc
1600 382 1748 414 emptorem

962 423 1127 457 adloquitor.
1144 422 1248 458 Quippe
1261 423 1287 450 ni
1304 423 1355 450 hoc
1366 422 1470 454 fecerit,
1490 424 1546 458 ipse
1559 431 1668 451 servum
1681 423 1751 451 reci-

961 468 1025 502 piet,
1033 475 1064 495 ac
1073 468 1190 503 pretium
1198 468 1308 503 duplum
1318 468 1433 503 emptori
1444 469 1574 504 repetenti
1584 469 1679 501 solvet,
1688 476 1750 496 cum

961 520 994 541 eo
1011 515 1119 547 damno,
1134 513 1156 542 si
1175 514 1246 549 quod
1263 513 1289 541 iu
1306 514 1435 549 emptoris
1454 515 1534 542 domo
1551 515 1585 543 ab
1595 521 1629 542 eo
1644 514 1747 542 factum

961 561 1053 589 fuerit.

979 606 1040 638 .l5.
1059 605 1111 639 Qui
1134 614 1169 634 ex
1188 613 1221 634 eo
1241 610 1378 640 tempore,
1403 613 1457 641 quo
1482 606 1619 640 publicum
1641 607 1750 642 aliquod

961 652 1077 680 oiﬁeium
1105 644 1235 680 traditum
1249 652 1275 680 ei
1292 651 1383 684 fuerit,
1413 659 1470 679 rem
1498 651 1615 686 aliquam
1642 653 1685 680 vel
1702 659 1750 686 per

961 698 1092 733 seipsum,
1104 698 1144 725 vel
1158 699 1343 732 interpositam
1356 704 1498 733 personam
1509 697 1618 729 emerit,
1631 704 1683 724 non
1694 703 1751 724 mo-

961 743 996 771 do
1025 744 1141 779 pretium
1162 744 1268 779 perdit,
1294 743 1343 771 sed
1368 742 1451 771 etiam
1476 742 1658 778 quadruplum
1685 743 1751 770 lisco

962 790 1052 818 solvit.

1000 835 1042 863 l6.
1055 835 1105 869 Qui
1116 835 1172 862 vini
1185 835 1330 869 amphoras
1346 834 1379 862 ad
1395 842 1550 862 mensuram
1562 834 1627 862 emit
1639 841 1750 869 expres—

960 889 999 914 se,
1018 883 1070 910 nisi
1089 889 1195 909 moram
1213 881 1344 909 feceritin
1364 881 1520 916 accipienda
1534 887 1673 912 mensura,
1688 879 1749 907 uul-

958 931 1013 958 lum
1036 930 1106 957 haud
1135 929 1217 957 dubie
1248 929 1375 956 damnum
1401 927 1485 960 facit,
1515 927 1622 955 etiamsi
1657 927 1750 955 vinum

958 977 1080 1012 perierit.

995 1022 1037 1051 l7.
1063 1021 1092 1049 Si
1118 1028 1183 1048 vero
1212 1020 1368 1049 summatim
1391 1019 1484 1046 vinum
1509 1018 1607 1053 aliquis
1632 1019 1746 1045 emerit.

957 1067 1023 1094 nihil
1041 1067 1073 1095 de
1088 1073 1216 1095 mensura
1231 1071 1339 1102 pactus,
1362 1064 1512 1100 periculum
1530 1063 1563 1091 ad
1585 1063 1673 1098 ipsum
1686 1070 1748 1098 per-

958 1113 1036 1140 tinet.

994 1157 1035 1184 18.
1047 1157 1145 1185 Eadem
1159 1157 1283 1185 obtinent
1294 1161 1322 1184 et
1335 1157 1361 1183 in
1374 1155 1434 1184 oleo
1444 1161 1472 1184 et
1490 1155 1674 1187 frumento,et
1687 1153 1747 1180 aliis

958 1202 1071 1230 talibus:
1082 1202 1153 1237 quod
1165 1202 1281 1236 lucrum,
1294 1206 1322 1230 et
1331 1201 1461 1230 damnum
1470 1200 1521 1228 olei
1535 1199 1634 1228 venditi
1644 1203 1747 1234 spectet

957 1253 1117 1282 emptorem.

996 1293 1039 1321 l9.
1052 1292 1102 1326 Qui
1115 1293 1204 1320 sciens
1226 1292 1327 1327 aliquid
1345 1292 1471 1320 vitiosum
1487 1291 1590 1323 vendit,
1617 1298 1669 1318 non
1685 1295 1746 1318 tan-

959 1338 1101 1373 lumlpretii
1115 1338 1233 1372 nomine,
1248 1338 1295 1366 sed
1310 1337 1392 1365 etiam
1404 1337 1486 1365 totius
1499 1337 1563 1364 hinc
1585 1335 1747 1371 emergentil

957 1383 1051 1411 damni
1069 1389 1191 1411 tenetur.
1440 1392 1442 1395 '

991 1429 1037 1456 20.
1054 1428 1229 1456 Venditiones
1241 1428 1274 1456 ab
1288 1427 1442 1456 haeredibus
1451 1434 1499 1463 per
1512 1426 1693 1463 ignorantiam
1709 1426 1747 1454 Ia-

957 1478 1008 1503 ctaa
1025 1474 1234 1502 rescinduntur.

154 1524 206 1549 κί’.
229 1522 258 1548 '0
277 1521 383 1556 πράτης
408 1520 546 1555 παραδοὺς
559 1520 589 1548 τδ
604 1521 730 1556 πρᾶγμα,
744 1519 774 1546 οὺ
790 1519 903 1546 δύναται

990 1521 1035 1548 2l.
1051 1520 1192 1552 Venditor,
1207 1527 1236 1548 re
1248 1518 1356 1552 tradita,
1382 1518 1564 1546 venditionem
1587 1516 1746 1546 rescindere

119 1566 169 1602 τὴν
186 1567 286 1601 πρᾶσιν
311 1566 472 1602 ἀνατρέψαι,
493 1566 544 1593 κᾶν
566 1566 751 1601 μεταμεληθῇ.

153 1611 206 1646 κβ’.
227 1611 279 1638 Τὸν
297 1611 473 1646 πεπραμένον
499 1610 583 1646 ἀγρὸν
611 1611 664 1637 ὑπὸ
686 1610 733 1637 τοῦ
756 1610 859 1647 πατρὸς
873 1609 904 1638 οὐ

118 1656 229 1683 δύναται
246 1656 363 1683 ἐκδικεῖν
383 1655 444 1682 οὔτε
462 1657 477 1682 ό
493 1655 561 1688 υἱὸς,
577 1655 638 1682 οὔτε
655 1656 669 1682 ό
689 1656 870 1691 κληρονόμος.

154 1705 209 1736 κγ’.
235 1702 265 1728 '0
289 1701 491 1737 παραγγελθεὶς
522 1702 599 1736 πσρά
627 1701 675 1728 τοῦ
701 1701 831 1728 δεσπότου
857 1701 904 1728 τοῦ

119 1748 291 1784 πράγματος,
310 1748 347 1783 μὴ
361 1747 495 1783 ἀγοράσαι
508 1747 584 1780 αὐτὸ,
602 1747 650 1774 καὶ
671 1747 820 1782 ἀγοράσας,
839 1747 904 1775 ἀνα-

118 1792 224 1820 δίδωσιν
239 1793 305 1819 αὺτὺ
327 1794 396 1827 μετά
410 1793 463 1825 τῶν
478 1791 602 1827 καρπῶν.

154 1834 259 1866 κδ’.⁶’0
283 1838 380 1866 πωλῶν
398 1838 444 1865 τὸν
472 1838 606 1873 δεσπότην
624 1838 707 1866 αὐτοῦ
724 1858 731 1872 ,
750 1838 904 1874 κεφαλικῶς

119 1892 145 1911 τι
150 1885 291 1919 μωρεῖται.

156 1933 206 1956 κε’.
229 1929 259 1956 '0
272 1929 368 1956 πωλῶν
382 1929 430 1956 καὶ
446 1929 577 1965 χαρίτων,
591 1929 644 1957 τῶν
660 1930 732 1957 ἰδίων
744 1930 903 1965 ἀφίσταται.

156 1974 213 2007 κς’.
236 1975 266 2001 '0
282 1974 430 2010 ἐπίτροπος
445 1975 476 2002 οὐ
490 1975 604 2002 δύναται
623 1975 769 2011 ὀρφανικὸν
787 1976 904 2011 πρᾶγμα

119 2017 265 2052 ἀγοράσαιθ
286 2019 316 2044 τὺ
337 2019 401 2045 αὐτὸ
424 2019 469 2045 καὶ
488 2019 535 2045 ἐπὶ
554 2018 608 2046 τῶν
628 2019 742 2054 ὁμοίων,
765 2019 904 2056 κουράτω-

121 2071 167 2098 ρος
182 2064 228 2090 καὶ
245 2072 347 2098 προκου
352 2064 484 2099 ράτωρος.

155 2109 206 2140 κζ’.
236 2108 265 2136 '0
283 2110 353 2135 κατὰ
370 2109 468 2143 νόμους
501 2109 660 2143 πεκούλιον,
677 2109 693 2144 ἥ
709 2109 791 2136 ιδικδν
813 2110 905 2145 κτῆμα

119 2153 191 2187 ἔχειν
207 2154 456 2190 παραχωρούμενος
479 2154 650 2188 ὑπεξούσιος,
665 2155 755 2187 καλῶς
775 2155 905 2191 ἀγοράζει

119 2200 195 2235 παρὰ
212 2200 257 2227 τοῦ
278 2199 343 2227 ἰδίου
363 2201 476 2235 πατρός.

402 2288 527 2316 ΤΙΤΛΟΣ
547 2288 612 2317 ΚΒ’.

154 2333 222 2368 Περὶ
238 2333 369 2367 δανείου,
385 2334 435 2361 καὶ
454 2335 616 2369 ἐνεχύρων,
633 2335 683 2361 καὶ
697 2336 864 2370 κοινωνίας.

153 2383 188 2406 α’.
208 2380 270 2407 Ἐάν
293 2389 335 2411 τις
359 2381 505 2416 ἐγγράφως
531 2381 548 2416 ἢ
572 2381 704 2417 ἀγράφως
716 2381 862 2416 λογάριον,
883 2382 900 2417 ἢ

116 2425 265 2461 ἀργύριον,
282 2426 299 2461 ἢ
322 2426 414 2462 ἕτερόν
438 2436 463 2453 τι
488 2426 556 2459 εἶδος
582 2428 610 2454 έν
627 2427 750 2464 θαλάσσῃ
772 2428 900 2464 δανείση-

116 2481 172 2504 ται,
200 2471 269 2498 κατά
293 2472 323 2498 τὸ
357 2473 486 2508 στίχημα,
506 2474 554 2500 καὶ
580 2473 629 2508 τὴν
650 2474 752 2509 μεταξὺ
778 2474 901 2510 ἀλλήλων

118 2517 299 2552 προθεσμίαν,
318 2519 534 2553 ἀπολαμῦανέτω
547 2520 561 2545 δ
573 2519 713 2555 δανειστὴς
731 2520 766 2546 τὰ
780 2521 844 2553 ἴδια,
862 2521 899 2556 μὴ
931 2513 934 2516 ’

117 2564 224 2598 ἔχοντος
249 2564 341 2591 ἄδειαν
357 2564 403 2590 τοῦ
427 2565 620 2600 δανεισαμένου
642 2566 771 2601 ὲχθρικὴν
789 2567 898 2602 ἐπιδρο-

120 2611 184 2645 μὴν,
204 2610 333 2643 ναυάγιον
349 2610 495 2646 θαλάσσης,
513 2611 530 2646 ἢ
544 2611 640 2646 ἑτέραν
657 2613 718 2638 τινὰ
739 2613 867 2648 ἀφορμὴν
882 2614 898 2648 ἢ

116 2656 228 2690 ἀγωγὴν
245 2655 418 2690 προτίθεσθαι
433 2656 472 2692 τῷ
489 2657 651 2684 δανείσαντι.

153 2742 186 2778 β’.
215 2743 277 2770 Ἐἀν
301 2744 315 2769 ὁ
347 2743 539 2778 δανεισάμενος
556 2743 672 2779 ἐνέχυρα
700 2745 832 2780 τέθηκεν.
851 2746 900 2772 καὶ⁹

118 2789 198 2820 αὐτὸς
214 2788 284 2823 μετὰ
297 2788 348 2824 τὴν
363 2788 410 2815 τοῦ
428 2789 524 2824 χρέους
542 2789 738 2825 ἀποπλήρωσιν
749 2791 899 2823 ἀνελλιπῶς

118 2834 333 2870 ἀπολαμϐανέτω
351 2835 385 2861 τὰ
405 2835 458 2861 ῐδια
472 2856 478 2868 ,
499 2835 536 2871 μὴ
561 2835 710 2871 δυναμένου
739 2837 786 2864 τοῦ
813 2837 900 2865 ταῦτα

277 2882 411 2913 Pauor"
435 2881 493 2913 Gn.
518 2882 625 2913 CXIII.

957 1566 1061 1602 nequit,
1073 1565 1179 1594 etiamsi
1199 1565 1275 1594 facta:
1286 1563 1453 1601 pmniluerit.

992 1613 1038 1641 22.
1060 1612 1182 1641 Fundam
1197 1620 1211 1640 a
1224 1616 1300 1648 patre
1316 1611 1453 1640 venditum
1468 1617 1518 1639 nec
1534 1610 1615 1644 ﬁlius,
1631 1615 1684 1638 nec
1691 1608 1746 1637 bat-

957 1665 1001 1686 rcs
1014 1657 1141 1686 evincere
1155 1661 1254 1692 potest.

991 1702 1036 1730 23.
1048 1702 1098 1729 Cui
1108 1702 1260 1729 nuntiatum
1270 1705 1333 1730 esta
1347 1701 1384 1729 rei
1399 1699 1518 1733 domino,
1530 1705 1564 1726 ne
1577 1699 1650 1727 illam
1661 1702 1744 1732 emat,

956 1749 978 1776 si
995 1749 1102 1781 emerit,
1122 1755 1182 1775 cum
1199 1747 1335 1776 fructibus
1346 1754 1406 1774 eam
1423 1745 1554 1774 restituit.

991 1843 1036 1871 24.
1051 1843 1102 1878 Qui
1116 1833 1255 1872 dominum
1268 1850 1349 1872 suum
1372 1843 1475 1877 vendit,
1492 1842 1626 1878 supplicio
1648 1842 1744 1877 capitis

957 1890 1078 1925 punitur.

990 1931 1035 1959 25.
1053 1931 1103 1965 Qui
1115 1931 1205 1959 vendit
1213 1938 1245 1958 ac
1256 1931 1349 1963 donat,
1362 1930 1443 1957 rebus
1454 1929 1511 1956 suis
1521 1929 1602 1957 cedit.

990 1977 1035 2004 26.
1062 1977 1147 2004 Tutor
1163 1983 1220 2003 rem
1247 1975 1408 2010 pupillarem
1434 1974 1525 2009 nequit
1541 1979 1643 2000 emere.
1670 1970 1742 2000 Idem

956 2021 1059 2049 ohtinet
1073 2021 1155 2048 etiam
1166 2021 1193 2048 in
1205 2019 1350 2053 similibus,
1365 2019 1433 2046 utin
1449 2023 1576 2046 curatore
1600 2024 1632 2045 ac
1643 2024 1742 2053 procu-

958 2071 1058 2095 ratore.

993 2111 1092 2144 27.Qui
1106 2115 1148 2138 est
1163 2111 1190 2139 in
1200 2109 1313 2138 alterius
1324 2113 1469 2144 potestate,
1479 2109 1501 2136 si
1510 2108 1659 2137 secundum
1669 2108 1741 2143 leges

958 2157 982 2184 ei
995 2156 1141 2192 peculium,
1157 2157 1199 2184 vel
1215 2156 1412 2190 possessionem
1427 2155 1545 2191 aliquam
1563 2162 1638 2182 suam
1656 2154 1740 2182 habeo

921 2203 984 2231 Dre
1017 2202 1199 2237 permittatur,
1219 2205 1293 2230 recte
1319 2200 1421 2237 ahquid
1442 2201 1523 2229 etiam
1550 2208 1564 2228 a
1585 2204 1663 2236 patre
1690 2209 1740 2230 suo

954 2250 1030 2277 emit.

1218 2292 1367 2320 TITUL‘US
1393 2291 1475 2320 XXII.

1059 2340 1097 2368 De
1108 2345 1209 2373 mutuo,
1235 2344 1259 2368 et
1284 2339 1446 2375 pigneribus,
1460 2343 1484 2365 et
1498 2338 1632 2366 εοείειαιο.

990 2385 1017 2412 Ι.
1031 2385 1059 2414 Si
1068 2386 1129 2421 quis
1140 2385 1336 2413 interveniente
1348 2385 1482 2419 scriptura
1494 2384 1536 2412 vel
1550 2384 1653 2419 absque
1668 2383 1733 2411 seri-

952 2435 1029 2466 ptura
1043 2431 1195 2466 pecuniam,
1213 2430 1254 2458 vel
1269 2434 1419 2464 argentum,
1438 2428 1480 2456 vel
1497 2429 1575 2457 aliam
1590 2427 1734 2463 quamdam

951 2477 1069 2510 speciem
1085 2474 1252 2510 profectione
1266 2474 1414 2510 trajecticia
1433 2478 1571 2502 mutuatus
1584 2473 1675 2507 fuerit,
1690 2481 1735 2502 se-

951 2521 1069 2549 cundum
1094 2522 1180 2556 ipsum
1206 2526 1311 2556 pactum
1334 2526 1361 2549 et
1375 2521 1582 2549 conventionem
1602 2523 1732 2553 mutuam,

950 2573 998 2594 sua
1028 2567 1145 2594 creditor
1175 2567 1290 2602 accipiat
1305 2576 1312 2600 ;
1330 2575 1383 2594 non
1409 2567 1524 2594 habente
1538 2565 1675 2593 licentiam
1689 2571 1732 2598 eo,

951 2611 997 2646 qui
1017 2616 1109 2638 mutuo
1138 2612 1264 2646 sumpsit,
1279 2615 1307 2638 ut
1322 2611 1458 2638 incursum
1474 2610 1608 2643 hostilem,
1622 2609 1734 2636 naufra-

951 2655 1024 2689 gium
1051 2655 1227 2688 maritimum,
1250 2656 1292 2683 vel
1324 2655 1404 2682 aliam
1431 2662 1539 2682 causam
1566 2655 1736 2683 actionemve

951 2701 1106 2735 quampiam
1123 2701 1252 2729 creditori
1270 2707 1398 2736 opponat.

985 2746 1011 2773 2.
1029 2746 1057 2773 Si
1067 2748 1177 2781 pignera
1191 2747 1264 2774 dedit
1277 2748 1310 2779 is,
1325 2748 1370 2782 qui
1385 2751 1477 2775 nnttuo
1487 2749 1568 2783 cepit,
1581 2749 1662 2776 etiam
1675 2749 1734 2784 ipse

951 2798 1010 2828 post
1026 2794 1156 2828 integram
1171 2794 1253 2821 debiti
1276 2793 1436 2822 solutionem
1452 2795 1553 2830 absque
1565 2794 1671 2823 defectu
1685 2801 1732 2822 sua

951 2839 1062 2875 recipiat
1078 2839 1172 2868 :etita
1193 2839 1313 2876 quidem,
1335 2844 1364 2868 ut
1376 2839 1410 2874 is,
1423 2840 1467 2876 qui
1485 2847 1515 2868 ea
1531 2840 1626 2875 tenuit,
1642 2840 1733 2870 dicere

1537 2886 1571 2918 17
1582 2902 1593 2908 --
