1938 3070
177 141 233 172 5Ξὶ3

686 127 940 161 CONSTANTINI
960 122 1246 156 PORPHYROGEN
1253 120 1305 152 [TI

1751 116 1806 148 521

171 198 299 229 nequeat,
310 194 343 220 ab
361 198 390 219 se
405 190 448 218 illa
462 189 578 225 perdita,
595 187 636 216 vel
651 187 731 214 aliam
760 193 869 214 causam
899 192 962 220 pro.
976 210 979 215 Α

1041 180 1214 215 ιτεσχηκότος
1227 178 1329 212 λέγειν,
1341 176 1357 212 ἦ
1369 176 1410 203 ὅτι
1425 175 1555 202 ἀπώλεσα
1577 173 1657 207 αὑτὰ,
1672 173 1689 208 ἦ
1709 173 1809 207 ἑτέραν

171 240 245 268 ferre
262 247 269 265 :
285 238 337 265 nisi
354 236 422 264 forte
434 235 580 271 probatum
594 233 629 262 ab
645 240 678 261 eo
694 232 787 265 fuerit,
803 237 833 260 ut
847 231 905 258 fieri
921 237 966 257 so-

147 275 149 278 l
174 284 223 316 let,
232 289 323 310 casum
338 282 480 308 adversum
493 279 685 311 intervenisse,
698 283 816 311 cumque
829 275 886 304 suis
898 274 967 301 alie-

172 336 206 356 na
232 334 340 362 quoque
369 325 494 360 periisse.
525 324 558 352 de
588 330 641 358 quo
670 322 798 357 deinceps
824 325 967 347 causarum

176 374 331 409 cognitores
348 372 375 399 id
389 371 548 403 observent,
563 369 634 406 quod
649 368 788 396 observari
809 371 927 401 oportet.

152 420 156 426 '
211 419 239 447 ὅ.
255 417 283 446 Si
301 418 362 453 quis
382 421 504 444 mutuum
531 414 610 442 alicui
635 413 750 446 dederit,
767 420 799 440 ac
821 410 968 439 secundum

173 465 374 494 confessionem
402 470 478 491 suam
493 460 601 488 debitor
625 459 659 487 ad
676 459 746 486 diem
763 461 893 485 statutum
915 463 969 483 non

175 511 354 543 satisfecerit,
384 510 508 537 hortetur
531 509 603 535 hunc
625 514 658 535 ex
678 505 815 542 praeterito
841 502 969 534 creditor,

175 566 208 586 ac
221 557 243 586 si
256 561 316 592 post
329 557 395 584 duas
411 559 438 582 et
455 559 510 581 tres
520 553 726 581 exhortationes
735 555 763 579 et
777 548 971 578 adtestationes

176 602 284 630 debitor
299 606 456 636 comparere
467 598 595 632 noluerit,
610 602 656 625 aut
676 595 839 624 solutionem
850 593 944 621 facere
962 599 969 624 ;

175 650 342 683 potestatem
365 645 463 673 habent
476 645 498 672 is
525 644 570 679 qui
593 643 704 678 pignera
721 645 805 672 tenet,
823 643 853 666 ut
864 638 913 665 sub
925 644 972 683 ac-

179 682 273 720 curata
289 691 469 719 aestimatione
485 690 589 724 publica
614 695 662 723 per
683 685 832 715 tabularios
857 689 906 711 aut
922 682 972 710 de-

180 738 318 766 fensorem
335 737 363 764 in
380 736 489 771 scriptis
509 734 679 769 subsignata,
691 733 803 768 pignera
826 729 973 762 distrahat,

182 783 272 818 deque
284 782 382 817 pretio,
398 788 458 816 quae
468 781 519 808 sibi
531 780 674 812 debentur,
690 777 806 806 retineat
819 783 826 808 ;
839 773 972 809 reliquum

180 828 298 857 debitori
311 827 451 855 restituat.

217 923 245 951 ι.
261 922 308 950 Sin
321 921 394 957 iusta
411 920 552 955 pignernm
571 916 713 945 distractio
726 917 760 944 ad
775 916 907 950 integram
928 915 974 942 de-

183 969 234 997 biti
261 967 425 996 solutionem
442 973 495 994 non
510 964 637 996 sufficiet,
653 971 667 991 a
694 962 817 990 debitore
842 961 975 995 reliquum

180 1013 282 1049 exigat.

221 1059 249 1087 Β.
267 1057 414 1090 Creditor,
439 1063 501 1085 cum
524 1055 661 1090 acceperit
689 1054 811 1091 pignera,
833 1053 855 1080 si
878 1051 978 1079 liberos

182 1105 266 1134 etiam
289 1103 444 1132 debitorum
471 1101 627 1134 abstulerit,
644 1104 671 1128 et
692 1101 725 1128 ad
746 1099 858 1128 serviles
882 1105 979 1134 operas

185 1150 336 1179 elocaverit
350 1157 359 1183 ;
373 1149 464 1177 debito
476 1147 566 1180 cadat,
583 1154 614 1174 ac
623 1147 742 1179 detento,
757 1146 799 1173 vel
813 1145 871 1180 ejus
882 1151 979 1180 parcn-

185 1197 272 1230 tibus,
288 1195 401 1223 alteram
417 1197 521 1222 tantam
541 1200 675 1222 summam
690 1193 789 1221 solvat.

223 1276 252 1304 6.
260 1276 314 1303 Res
327 1275 387 1303 loco
401 1274 541 1310 pignerum
555 1273 687 1309 obligatas
697 1272 876 1308 personaliter
891 1272 980 1307 requi-

186 1328 253 1350 runt
267 1321 415 1349 debitores.

223 1366 252 1394 7.
267 1365 384 1394 Fructus
401 1363 477 1392 fundi
501 1367 690 1399 computantur
725 1363 753 1391 in
779 1363 909 1395 debitum,
928 1370 980 1390 non

187 1416 292 1440 tantum
301 1418 370 1446 quos
385 1410 504 1439 creditor
514 1409 618 1446 accepit
632 1417 640 1442 ;
655 1416 750 1437 verum
756 1409 837 1437 etiam
853 1415 922 1443 quos
934 1416 982 1435 ac-

187 1456 281 1492 cipere
296 1456 395 1492 potuit.

225 1503 253 1530 8.
269 1502 347 1535 Quod
371 1502 395 1530 si
421 1501 505 1529 fundo
530 1507 639 1536 quoque
656 1500 786 1528 damnum
800 1499 884 1532 dedit,
901 1498 981 1526 etiam

192 1549 244 1576 boc
257 1549 368 1575 nomine
386 1547 558 1575 convenitur.

227 1594 256 1621 9.
270 1593 375 1628 Quippe
389 1591 519 1620 creditori
532 1599 584 1619 non
596 1591 658 1619 licet
667 1591 773 1626 absque
785 1594 876 1626 pacto.
890 1593 918 1618 et
926 1590 983 1625 jus-

192 1645 226 1667 su
241 1637 369 1673 praetorio
380 1643 434 1669 res,
446 1643 514 1672 quas
526 1636 648 1673 pigneris
661 1643 743 1666 causa
757 1637 869 1671 detinet,
885 1636 984 1665 distra-

192 1684 270 1713 here.

228 1729 277 1758 10.
287 1727 339 1763 Qui
352 1735 441 1756 usura:
449 1735 529 1756 causa
541 1727 656 1756 fundum
665 1731 837 1763 acceperunt,
852 1727 886 1756 ad
899 1734 984 1755 annos

194 1782 228 1803 eo
237 1778 341 1810 septem
357 1778 479 1805 utuntur.
494 1773 629 1801 fruuntor.
643 1773 707 1801 Post
722 1774 893 1809 septennium
909 1779 983 1806 vero,

193 1825 222 1848 et
235 1820 365 1853 ulterius,
390 1820 531 1847 dimidiam
546 1823 656 1854 partem
673 1819 743 1855 ejus,
761 1818 833 1855 quod
854 1817 984 1852 ,ell‘erunt,

194 1865 221 1892 in
235 1865 310 1900 ipsas
322 1868 412 1892 sortes
423 1863 605 1898 paciscuntur.

233 1910 279 1938 Η.
295 1909 326 1937 Si
339 1914 464 1937 mutuum
476 1910 537 1944 quis
552 1909 708 1944 sumpserit,
721 1913 748 1937 et
760 1909 807 1937 atri
828 1909 918 1937 alieno
933 1908 986 1936 sol-

193 1956 283 1984 vendo
298 1963 352 1984 non
367 1955 426 1990 sit_:
441 1962 510 1983 uxor
520 1955 578 1989 eius
588 1955 659 1983 haud
675 1960 789 1987 tenetor.
805 1960 834 1983 ut
847 1963 878 1982 ea
892 1956 925 1983 de
938 1955 987 1983 do-

195 2006 222 2029 te
233 2008 283 2029 sua
298 2000 570 2035 creditoriprazstet;
591 1999 642 2028 nisi
652 1999 725 2028 Torte
740 1999 821 2028 fuerit
836 2000 985 2033 inventum,

194 2053 255 2074 eam
276 2046 303 2074 in
329 2045 396 2074 illud
423 2046 543 2074 debitum
563 2053 625 2074 cum
647 2046 704 2074 viro
727 2053 777 2073 suo
804 2046 987 2081 promittendo

193 2092 378 2120 consensisse.

229 2135 277 2163 ‘12.
312 2135 427 2163 Fructus
457 2143 490 2163 ex
518 2135 628 2170 pignere
650 2136 768 2171 percepti
796 2141 987 2170 computantur

1017 225 1079 253 τινὰ
1098 223 1266 260 προσφέρειν
1291 223 1439 258 πρόφασιν·
1456 221 1481 248 εί
1511 220 1548 256 μή
1577 228 1636 251 πως
1661 218 1809 254 ἀποδειχθῇ

1020 270 1106 306 αὐτῷ,
1125 270 1163 301 ὡς
1179 269 1263 301 εἰκὸς,
1293 267 1417 294 ἐπελθεῖν
1447 264 1601 300 συμφορὰν,
1629 263 1677 290 καὶ
1697 263 1746 290 σὺν
1771 261 1811 297 τῷ

1020 316 1079 350 ἰδίῳ
1094 313 1277 348 ἀπολεσθῆναι
1296 312 1344 339 καὶ
1364 311 1397 338 τὰ
1414 310 1542 344 ἀλλότρια
1554 317 1562 324 ν
1583 308 1632 334 καὶ
1659 305 1749 339 καθὼς
1770 307 1811 333 δεῖ

1019 361 1113 389 λοιπὸν
1128 360 1193 396 περὶ
1206 359 1302 386 τούτου
1315 357 1486 393 τηρείτωσαν
1500 356 1525 382 οἱ
1540 353 1686 389 ἀκροαταί.

1056 405 1091 440 γ’.
1119 406 1182 433 Ὲὰν
1197 413 1238 436 τις
1252 404 1363 440 δανείσῃ
1381 403 1444 435 τινὶ,
1474 402 1522 429 καὶ
1549 400 1621 428 κατὰ
1636 399 1687 436 τὴν
1707 398 1813 426 οἱκεῖαν

1020 452 1186 488 ὸμολόγησιν
1199 452 1233 478 ὲκ
1243 449 1412 486 προθεσμίας
1425 449 1439 474 ὁ
1459 447 1600 483 χρεώστης
1614 446 1651 481 μὴ
1668 445 1814 480 ἐκπληρὼ-

1023 508 1068 535 σῃ,
1083 496 1280 535 προτρεπέσθω
1299 495 1392 522 τοῦτον
1404 496 1438 521 ἐχ
1448 493 1614 528 διαῆασίμου
1627 493 1640 518 ὸ
1659 491 1815 526 xpetitis-toti»

1025 553 1114 581 μενος·
1128 544 1177 572 καὶ
1192 544 1239 570 ἐὰν
1253 542 1322 578 μετὰ
1346 541 1392 568 δύο
1413 541 1461 567 καὶ
1492 540 1567 575 τρεῖς
1591 537 1750 573 προτροπὰς
1765 538 1814 564 καὶ

1022 590 1220 626 διαμαρτυρίας
1251 588 1289 624 μὴ
1313 587 1414 622 θελήσῃ
1444 587 1458 613 ό
1480 584 1627 621 χρεωστῶν
1661 593 1813 619 παρουσια-

1025 636 1165 671 σθῆναι,ἢ
1187 634 1218 662 τδ
1235 634 1370 669 ἀπόχρεον
1398 632 1519 666 ποιῆσαι,
1539 630 1682 658 αὐθεντίαν
1699 630 1784 665 ἐχέτω
1796 630 1815 655 ὁ

1023 682 1057 709 τὰ
1072 681 1188 716 ἐνέχυρα
1203 679 1337 714 κατέχων,
1355 677 1407 705 ὑπὸ
1431 676 1533 711 ἀκριϐῆ
1553 675 1686 711 δημοσίαν
1699 675 1815 710 ὲκτίμη-

1025 735 1078 760 σιν,
1093 726 1240 762 ἐγγράφως
1253 724 1298 751 διὰ
1313 722 1501 758 ταὸουλαρίων
1515 722 1532 758 ἢ
1552 721 1600 748 καὶ
1621 721 1730 747 ὲκδίκου
1748 721 1815 746 ὐπο-

1026 772 1228 808 σημειωμένην,
1246 770 1334 798 ταῦτα
1348 768 1571 803 διαπιπράσκειν,
1587 768 1639 799 ,καὶ
1656 767 1688 793 ὲκ
1706 766 1760 793 τῶν
1773 775 1815 792 τι-

1027 817 1161 853 μημάτων
1175 816 1212 843 τὰ
1235 814 1444 851 χρεωστούμενα
1462 811 1537 848 αὐτῷ
1551 812 1750 847 παραχρατείν,
1767 810 1815 837 καὶ

985 859 1008 888 Β
1022 863 1053 891 τὸ
1070 862 1231 899 περιττεῦον
1245 860 1432 895 ἅποκαθιστᾷν
1448 858 1487 895 τῷ
1500 858 1696 894 χρεωστοῦντι.

1059 907 1091 938 δ’,
1105 909 1137 935 ΕΞ
1159 908 1188 935 δὲ
1215 907 1270 934 τῶν
1293 905 1429 942 ἐνεχύρων
1443 904 1534 932 δικαία
1552 904 1652 939 πρᾶσις
1678 903 1708 930 οὑ
1733 902 1816 930 σώσει

1026 963 1074 990 την
1097 954 1192 989 δντελῆ
1221 952 1268 980 τοῦ
1299 952 1394 988 χρέους
1419 951 1566 984 ἀπόδωσιν,
1592 950 1743 977 ἁπαιτείτω
1767 949 1815 975 τὸν

1027 1000 1168 1037 χρεώστην
1183 1001 1214 1027 τδ
1228 999 1435 1034 λειπαζόμενον.

1063 1049 1094 1075 ε’.
1117 1047 1146 1074 '0
1164 1045 1316 1080 δανειστὴς,
1333 1045 1381 1072 ἐὰν
1396 1043 1513 1079 ἐνέχυρα
1527 1043 1607 1078 λάὸῃ,
1623 1040 1707 1068 εἶκαὶ
1724 1041 1818 1077 ἐπάρῃ

1028 1092 1064 1120 τὰ
1078 1092 1161 1120 τέκνα
1175 1092 1230 1119 τῶν
1247 1091 1319 1118 ἰδίων
1333 1089 1550 1126 χρεωφειλετῶν,
1569 1089 1616 1115 καὶ
1634 1088 1674 1119 εἰς
1689 1087 1818 1122 δουλικὴν

1030 1137 1180 1174 ὑπηρεσίαν
1210 1136 1297 1164 ταῦτα
1337 1135 1506 1172 μισθώσηται
1528 1153 1536 1167 ,
1571 1133 1727 1161 ὲκπιπτέτω
1767 1132 1819 1160 τοῦ

1029 1184 1137 1220 χρέους,
1154 1183 1202 1210 καὶ
1225 1182 1309 1218 ἄλλην
1332 1181 1468 1216 τοσαύτην
1489 1179 1626 1214 ποσότητα
1649 1179 1688 1213 τῷ
1711 1187 1818 1214 κρατη-

1034 1229 1118 1262 θέντι,
1142 1229 1166 1256 εἰ
1187 1228 1235 1256 καὶ
1249 1230 1305 1261 τοῖς
1321 1227 1417 1254 τούτου
1432 1226 1541 1261 γονεῦσι
1561 1224 1763 1253 καταϐαλλέτω.

1069 1274 1107 1308 ς’.
1123 1275 1164 1302 Τὰ
1178 1274 1343 1301 ὑποτιθέντα
1357 1273 1508 1308 πράγματα
1521 1272 1561 1304 εἰς
1578 1271 1693 1307 ἐνέχυρα
1704 1269 1819 1306 ζητοῦσι

1032 1320 1217 1355 προσωπικῶς
1229 1321 1253 1347 ot
1266 1319 1415 1355 χρεῶσται.

1067 1366 1099 1399 ζ’.
1117 1367 1150 1394 οἱ
1167 1366 1269 1401 καρποὶ
1281 1365 1330 1392 τοῦ
1349 1364 1434 1400 ἀγροῦ
1446 1363 1609 1399 ψηφίζονται
1625 1363 1666 1395 εἰς
1681 1363 1712 1389 τὺ
1726 1362 1819 1398 χρέος,

1032 1412 1063 1440 οὐ
1079 1412 1158 1448 μόνον
1173 1411 1220 1443 οὒς
1233 1410 1331 1438 ἔλασεν
1343 1411 1358 1438 ὁ
1369 1410 1522 1445 δανειστὴς,
1538 1409 1607 1436 ἀλλὰ
1627 1408 1675 1435 καὶ
1688 1408 1734 1439 οὓς
1754 1406 1821 1442 ἡδύ-

1034 1466 1098 1484 νατο
1113 1456 1218 1484 λαῦεῖν.

1068 1506 1104 1538 η’.
1120 1503 1150 1530 El
1163 1502 1192 1529 δὲ
1205 1501 1252 1529 καὶ
1268 1501 1367 1537 ἔϐλαψε
1382 1500 1428 1528 τὸν
1444 1500 1538 1537 ἀγρὸν,
1553 1500 1681 1535 ἑνάγεται
1693 1500 1740 1528 καὶ
1754 1500 1821 1534 περὶ

1034 1547 1140 1574 τούτου.

1070 1592 1102 1620 0'.
1118 1593 1185 1620 οὐδὲ
1195 1592 1249 1628 γὰρ
1267 1592 1355 1626 ἔξεστι
1376 1592 1415 1628 τῷ
1433 1592 1559 1627 δανειστῇ
1572 1592 1658 1628 χωρὶς
1673 1600 1821 1628 συμφωνου

1033 1639 1081 1665 καὶ
1108 1639 1225 1674 ἀρχικῆς
1251 1637 1404 1670 χελεύσεως
1419 1638 1587 1673 πιπράσκειν
1601 1638 1638 1664 τὰ
1663 1637 1703 1669 είς
1728 1638 1822 1666 αἰτίαν

1033 1684 1163 1721 ινεχύρου
1186 1684 1356 1720 κατεχόμενα
1375 1685 1538 1720 πράγματα.

1071 1730 1098 1758 ι’.
1117 1730 1148 1757 Ol
1176 1730 1256 1757 τόκου
1279 1730 1359 1765 χάριν
1377 1729 1507 1761 λαϐόντες
1528 1728 1622 1764 ἀγρὸν,
1646 1729 1727 1764 μέχρι
1750 1729 1822 1756 ἑπτα

1034 1775 1138 1811 χρόνων
1148 1773 1357 1810 καρπιζέτωσαν
1374 1773 1455 1800 αὐτόν
1474 1781 1481 1789 ·
1499 1773 1554 1800 ἀπὸ
1572 1774 1621 1808 τῆς
1648 1774 1820 1806 ἐπταετείας,

1035 1821 1084 1848 καὶ
1108 1820 1175 1852 ἄνω,
1198 1820 1248 1855 τὴν
1271 1820 1402 1855 ἡμίσειαν
1425 1820 1545 1856 ἐκφορὰν
1559 1820 1767 1855 στιχησάτωσαν
1782 1821 1822 1851 εἰς

1035 1866 1182 1900 κεφάλαια.

1074 1909 1106 1938 ια’
1111 1931 1119 1939 .
1138 1911 1199 1938 Ἐάν
1212 1920 1254 1943 τις
1275 1911 1444 1946 δανείσηται,
1463 1913 1513 1940 καὶ
1542 1913 1578 1948 μὴ
1594 1912 1697 1948 εὐπορῇ
1713 1912 1762 1946 τὴν
1774 1911 1822 1938 τοῦ

1037 1956 1134 1992 χρέους
1146 1957 1309 1992 ποιήσασθαι
1320 1958 1458 1988 ἀπόδοσιν,
1471 1959 1635 1994 ἀνέγκλητος
1647 1958 1717 1985 ἔστω
1729 1958 1745 1992 ἡ
1755 1958 1824 1993 γυνὴ

1037 2001 1187 2034 αὑτοῦ,τοῦ
1203 2002 1290 2030 ταῦτα
1307 2004 1339 2030 ὲκ
1355 2004 1405 2038 τῆς
1427 2004 1540 2039 προικὸς
1562 2004 1647 2039 αὐτῆς
1672 2004 1825 2038 παρασχεῖν

1036 2048 1076 2082 τῷ
1100 2047 1276 2074 δανείσαντι·
1293 2048 1318 2074 εἰ
1346 2049 1443 2083 μήπως
1468 2048 1567 2084 εὑρέθη
1586 2048 1616 2074 ὲν
1643 2048 1682 2083 τῷ
1711 2048 1826 2083 τοιούτῳ

1037 2093 1113 2129 χρὲει
1128 2093 1370 2129 συνομολογήσασα
1381 2093 1419 2129 τῷ
1431 2094 1508 2129 ἀνδρὶ
1520 2094 1616 2128 αὐτῆς.

1075 2138 1119 2174 ιβ’.
1136 2139 1167 2165 οι
1181 2138 1214 2165 ἑκ
1236 2138 1284 2164 τοῦ
1311 2137 1440 2173 ινεχύρου
1458 2137 1607 2172 ληφθέντες
1623 2137 1726 2172 καρποὶ
1738 2136 1826 2172 ψηφί-

196 2181 224 2208 ἰιι
240 2181 372 2212 debltum,
387 2188 420 2208 ac
432 2180 566 2215 siquidem
582 2181 715 2216 integrum
731 2181 852 2209 debitum
867 2185 979 2216 mquam,

1041 2183 1129 2216 ζονται
1146 2185 1186 2217 είς
1200 2184 1230 2211 τδ
1241 2183 1331 2220 χρέος,
1349 2185 1396 2210 καὶ
1429 2184 1477 2211 ἐὰν
1493 2184 1580 2211 ἱκανοὶ
1603 2184 1736 2217 γένωνται
1758 2183 1827 2218 πρὸς

197 2231 253 2253 tam
279 2226 408 2261 obligatio
426 2226 550 2259 solvitur,
572 2233 654 2261 quam
682 2227 779 2261 pignus
790 2226 922 2254 redditur.
938 2226 987 2254 Sin

196 2269 303 2299 fructus
324 2277 459 2298 summam
481 2270 564 2298 debiti
588 2275 730 2305 superant,
742 2269 882 2306 ~superllui
912 2271 990 2299 resti-

195 2321 323 2345 ιιιυιιιυτ.

238 2362 284 2390 15.
299 2361 395 2397 Operae
402 2367 563 2393 servorum,
577 2364 604 2388 et
614 2359 794 2396 obiigatarum
806 2360 904 2388 aedium
923 2368 990 2396 pen-

198 2412 302 2443 siones,
315 2410 342 2437 in
358 2408 478 2436 debitum
493 2410 684 2441 computantur
699 2414 707 2433 :
730 2412 762 2433 ac
776 2406 907 2444 siquidem
921 2406 991 2434 mul-

200 2462 257 2485 tum
273 2458 315 2483 est
329 2453 366 2487 id,
382 2452 454 2488 quod
474 2451 589 2486 cogitur,
600 2451 722 2486 exspirat
732 2450 812 2478 actio.

236 2501 284 2531 ﬂ.
301 2500 330 2529 Si
345 2499 469 2528 creditor
484 2505 537 2526 non
552 2497 632 2532 culpa
653 2504 701 2525 sua
717 2497 814 2533 pignus
830 2497 989 2532 perdiderit,

199 2554 254 2576 non
275 2550 392 2575 tenetur.
407 2544 461 2572 Sed
476 2543 646 2578 probandum
660 2547 701 2570 est
713 2543 749 2575 ei,
767 2543 839 2577 quod
856 2543 988 2571 amiserit.

201 2594 305 2628 Quippe
320 2597 400 2619 casus
413 2588 519 2617 fortuiti
545 2595 598 2616 non
614 2587 736 2623 periculo
760 2593 822 2616 sunt
835 2589 988 2622 creditoris,

201 2639 249 2667 sed
265 2637 377 2674 potestis
392 2643 422 2664 re
442 2634 554 2663 fortuito
573 2634 682 2667 amissa.
697 2642 830 2662 summam
847 2634 897 2662 sibi
916 2634 990 2662 debi-

203 2689 257 2712 tam
273 2687 404 2718 repetere.
420 2681 449 2709 Si
470 2687 534 2708 vero
547 2681 587 2709 sic
611 2681 768 2708 convenerit
793 2681 864 2708 inter
882 2686 990 2709 eontra-

203 2729 309 2760 bentes,
323 2732 353 2755 ut
366 2726 476 2756 amissio
489 2726 628 2762 pignerun:
648 2725 797 2754 debitorem
811 2725 918 2759 liberet,
947 2733 991 2753 ra-

202 2777 326 2803 uuuznoc
339 2778 408 2803 esto.

1039 2230 1072 2256 τὸ
1096 2230 1156 2257 ὂλον
1181 2230 1272 2265 χρέος,
1284 2229 1406 2265 λύεταιή
1423 2229 1531 2264 ἀγωγὴ,
1545 2229 1593 2256 καὶ
1615 2229 1770 2255 ἀποδίδοται
1796 2229 1827 2254 τὸ

1040 2275 1178 2311 ἐνέχυρον.
1194 2276 1225 2302 El
1239 2276 1268 2302 δὲ
1285 2275 1408 2307 πλείονες
1424 2272 1475 2303 ὦσι
1489 2275 1535 2302 τοῦ
1550 2275 1646 2311 χρέους
1661 2275 1686 2301 οῑ
1714 2275 1824 2310 καρποὶ.

1040 2321 1210 2348 ἀποδίδονται
1223 2322 1247 2348 οἱ
1259 2321 1474 2356 περιττεύοντες.

1077 2364 1121 2400 ιγ’.
1135 2365 1196 2392 Τῶν
1212 2365 1314 2392 δούλων
1329 2367 1352 2392 οἰ
1370 2367 1501 2400 χάματοι,
1520 2366 1567 2392 καὶ
1588 2366 1624 2392 τὰ
1645 2366 1749 2392 ὲνοίκια
1772 2365 1827 2391 τῶν

1042 2409 1226 2436 ὑποτεθέντων
1238 2411 1410 2445 οἰκημάτων,
1431 2410 1471 2441 εἰς
1489 2410 1519 2437 τὸ
1548 2410 1628 2445 χρέος
1651 2409 1805 2444 λογίζονται
1818 2417 1826 2425 ·

1042 2456 1088 2482 καὶ
1105 2455 1153 2482 ἐὰν
1166 2455 1235 2482 πολύ
1257 2457 1315 2483 ἐστι
1330 2456 1360 2482 τὸ
1371 2456 1566 2491 συναγόμενον,
1578 2456 1672 2483 λύεται
1689 2457 1705 2491 ἡ
1720 2456 1826 2490 ἀγωγή.

1078 2499 1118 2527 ιδ’.
1151 2500 1213 2527 Ἐὰν
1241 2501 1256 2526 ὁ
1287 2500 1429 2535 δανειστὴς
1462 2500 1500 2535 μὴ
1533 2501 1599 2535 παρ’
1631 2499 1699 2525 ἰδίαν
1738 2500 1831 2525 αἰτίαν

1041 2545 1170 2574 ἀπολέσει
1182 2546 1213 2572 τὸ
1229 2546 1369 2581 ἐνέχυρον,
1383 2546 1433 2572 οὐκ
1449 2545 1617 2579 ἐγκαλεῖται.
1630 2545 1690 2580 Χρὴ
1700 2544 1729 2570 δὲ
1746 2544 1830 2570 af.th

1041 2590 1191 2624 ἀποδείξαι,
1211 2591 1252 2618 ὅτι
1269 2590 1405 2623 ἀπώλεσε,
1427 2592 1461 2618 τὰ
1485 2590 1539 2625 γὰρ
1566 2590 1673 2625 τυχηρὰ
1693 2590 1724 2615 οὺ
1740 2589 1830 2616 κινδυ-

1041 2637 1149 2664 νεύεται
1169 2637 1208 2672 τῷ
1221 2637 1359 2673 δανειστῇ,
1378 2637 1446 2664 ἀλλὰ
1461 2637 1573 2664 δύναται
1588 2636 1659 2664 κατὰ
1673 2635 1758 2671 τύχην
1775 2636 1830 2662 ἁπ-

1041 2682 1138 2714 ολέσας
1147 2681 1178 2708 τὸ
1187 2683 1315 2718 πρᾶγμα,
1325 2682 1452 2709 ἀπαιτεῖν
1465 2682 1494 2708 τὸ
1506 2680 1581 2716 αὐτῷ
1593 2680 1731 2716 χρεωστού
1735 2688 1830 2716 μενον.

1048 2728 1110 2755 Ἐὰν
1133 2728 1162 2755 δὲ
1183 2728 1285 2763 μεταξὺ
1305 2727 1362 2754 τῶν
1388 2726 1626 2754 συναλλασσόντων
1650 2726 1758 2761 ἧρεσεν,
1787 2725 1831 2752 ἵνα

1041 2774 1058 2809 ἡ
1073 2773 1194 2800 ἀπώλεια
1203 2773 1257 2800 τῶν
1272 2773 1406 2809 ἐνεχύρων
1423 2771 1602 2808 ἐλευθερώσει
1616 2772 1661 2798 τὸν
1674 2772 1830 2807 χρεώστην,

1042 2819 1121 2847 τοῦτο
1141 2819 1216 2855 ἰσχὺν
1233 2819 1299 2854 ἔχει.
