1945 3073
206 150 258 183 527

681 153 937 184 CONSTAN'I‘INI
957 153 1184 184 PORPIIYROG
1190 154 1238 184 EN
1245 153 1297 184 [TI

1786 153 1842 184 5‘28

207 215 238 235 ea
257 206 306 234 tibi
321 206 441 240 daretur,
454 211 508 240 quo
522 204 597 234 illum
609 207 827 235 manumitteres.
845 207 874 234 Si
887 215 918 234 ea
936 207 998 234 data

1058 206 1144 233 Ξοῦναί
1160 215 1213 237 σοι.
1241 207 1311 242 ὑπὲρ
1339 206 1387 233 τοῦ
1413 206 1596 242 ἐλευθερῶσαι
1618 206 1711 233 αὐτόν.
1736 207 1767 233 Εἰ
1793 207 1844 242 μὲν

179 271 181 275 ι
208 252 272 280 fecit
296 259 408 279 usuram
434 251 534 285 sciens,
549 259 609 287 quae
644 257 670 280 te
701 252 901 286 comitaretur;
919 253 998 280 aliter

207 304 257 332 ego
273 304 327 324 non
343 301 446 330 teneor,
470 297 522 325 nisi
550 298 622 333 quod
639 298 773 334 obligatus
790 306 848 326 sum
872 299 910 332 id,
927 299 997 333 quod

208 343 273 370 mihi
289 342 411 376 tradidit,
425 347 553 378 tanquam
567 344 720 379 depositum
733 344 856 372 reddere.
886 344 999 380 [ἱεροεί-

208 391 266 415 tqu
288 392 330 415 est
344 388 416 416 inter
441 395 489 416 eas
504 396 559 422 res,
573 397 634 425 qna:
657 389 690 417 ad
716 390 896 425 deponentem
913 390 1000 425 perti-

209 439 286 462 nent.
304 433 381 462 Unde
397 435 420 462 is
430 440 458 463 et
469 434 585 468 fructus,
599 439 626 463 et
640 440 744 471 partus,
757 441 783 463 et
794 443 902 464 causam
915 440 999 462 totam

209 481 288 517 petit.
911 491 914 495 λ

247 527 322 554 l7.Si
343 527 406 562 quis
420 527 572 562 depositum
589 527 621 554 ab
637 535 667 555 se
693 533 830 563 receptum
858 528 1001 556 infitiando

208 575 360 610 negaverit,
377 578 404 601 et
421 579 505 602 testes
531 574 558 601 in
580 575 630 601 hnc
648 575 772 609 producti
789 575 901 608 iuerint,
919 575 1001 610 idque

211 620 363 655 depositum
382 620 520 647 inventum
536 619 616 646 fuerit
630 627 664 647 eo
686 626 817 655 tempore,
830 628 883 656 quo
901 613 945 648 ille
956 621 1000 655 ju-

212 665 325 696 raverit,
341 669 387 691 aut
400 672 449 699 per
473 665 637 699 scripturam
654 666 867 693 renuntiaverit:
889 666 999 700 duplum

210 711 270 747 ejus
285 710 399 746 depositi
415 711 511 744 solvet,
534 717 566 737 ac
595 715 724 745 prmterea
754 711 864 746 perjurii
892 719 1000 746 pmnam

209 757 355 785 sustineat.

245 803 292 830 28.
312 802 398 830 Omne
414 801 564 837 depositum
584 807 617 829 ex
634 800 797 829 inﬁtiatione
815 800 951 837 duplatur.

471 894 624 923 TlTULUS
639 894 737 923 XXIV.

491 941 529 968 De
550 941 721 976 emphyteusi.

247 991 273 1018 1.
292 988 484 1025 Empbyteusis
499 992 629 1024 perpetua
644 988 745 1024 jurium
766 989 946 1016 tmmobilium
972 989 1002 1016 lit

207 1043 271 1064 cum
292 1035 449 1064 conditione
469 1035 608 1070 pensionis
625 1042 734 1068 annum,
759 1035 792 1062 de
806 1043 858 1070 qua
874 1043 1002 1070 expr-CSSe

208 1081 380 1114 convenitur,
396 1081 488 1109 addita
501 1081 636 1108 mentione
644 1080 791 1116 diligentiae
803 1089 834 1108 ac
851 1083 1000 1109 correctio-

210 1129 253 1156 nis
268 1135 373 1161 eorum,
389 1135 449 1162 qua:
463 1127 596 1155 locantur.

245 1175 275 1202 2,
294 1174 322 1201 Si
337 1173 399 1208 quis
409 1180 474 1201 vero
489 1177 659 1206 tzuratorum,
679 1173 920 1206 chartulariorum,
939 1173 1002 1201 rtli~

211 1227 384 1255 quorumque
409 1218 596 1251 militantium.
619 1217 653 1245 ad
677 1219 867 1246 detrimentum
887 1219 927 1246 vel
948 1220 1002 1247 cir-

211 1264 451 1299 cumscriptionem
473 1262 575 1290 domini
605 1262 761 1298 principalis
786 1263 890 1299 aliquid
908 1263 1001 1292 facere

209 1313 285 1339 visus
303 1311 402 1344 fuerit,
426 1310 448 1338 is
470 1309 567 1337 militia
592 1317 642 1337 sua
669 1309 814 1338 confestim
835 1311 954 1345 excidat,
973 1315 1003 1339 et

209 1359 288 1386 irrita
307 1358 343 1385 sit
363 1357 496 1393 ejusmodi
513 1357 623 1385 locatio.

246 1404 273 1432 5.
294 1403 345 1436 Qui
360 1403 558 1439 emphyteusim
576 1406 734 1438 perpetuam
757 1403 879 1438 accepit,
896 1410 1003 1437 pcnsro-

208 1455 272 1474 nem
287 1454 405 1475 annuam
422 1448 482 1474 sine
500 1446 725 1480 tergiversatione
741 1446 846 1474 solvere
862 1447 955 1474 debet:
975 1451 1003 1473 et

206 1492 253 1527 qui
266 1491 337 1527 juris
349 1491 497 1518 immobilis
512 1491 538 1517 in
555 1494 627 1518 statu
644 1498 695 1518 suo
713 1491 895 1519 conservandi
911 1495 938 1518 et
953 1498 1001 1518 ex-

208 1537 316 1565 colendi
343 1543 427 1565 causa
454 1536 552 1564 virium
585 1536 788 1564 contentionem
810 1536 940 1570 adhibet,
966 1536 1001 1564 ab

208 1573 341 1615 ejusmodi
362 1581 542 1609 conductione
561 1588 613 1609 non
637 1585 809 1609 removeatur
825 1590 833 1609 :
849 1581 898 1609 sed
920 1581 999 1609 liceat

208 1631 237 1654 et
253 1627 298 1662 jus
313 1626 372 1654 talis
386 1626 572 1661 emphyteusis
588 1626 740 1655 hmredibus
753 1627 811 1655 suis
832 1627 997 1662 relinquere,

209 1673 322 1706 donare,
339 1672 366 1700 in
380 1673 473 1701 dotem
486 1672 562 1704 dare,
579 1671 619 1700 vel
641 1672 695 1700 alio
709 1673 789 1700 modo
806 1672 931 1708 quopiam
948 1672 999 1700 hoc

207 1718 256 1746 alii
271 1719 378 1753 cedere,
398 1725 431 1746 ac
451 1718 568 1746 vendere
586 1725 593 1743 τ
616 1718 696 1746 modo
717 1718 821 1746 scilicet
832 1717 999 1753 prmlationis

207 1771 302 1796 causa,
326 1771 374 1799 per
400 1763 609 1792 adtestationem
640 1763 751 1792 domino
770 1764 913 1799 principali
935 1769 998 1792 ante

208 1809 392 1836 venditionem
406 1808 552 1836 emendum
571 1808 726 1844 hujusmodi
740 1809 786 1844 jus
801 1809 938 1837 exhibeat.
950 1808 998 1836 Illo

207 1861 274 1882 vero
287 1855 452 1889 emptionem
466 1859 621 1888 recusante,
648 1855 706 1883 sine
729 1854 783 1882 ullo
804 1855 997 1889 impedimento

208 1903 270 1934 post
288 1906 396 1928 menses
414 1899 483 1928 duos
500 1900 534 1927 ab
549 1901 741 1929 exhortatione
765 1900 798 1928 ad
818 1901 892 1928 illum
906 1901 977 1929 facta
989 1921 997 1934 ,

206 1945 332 1980 personis
352 1953 404 1973 non
416 1945 560 1981 prohibitis
573 1950 601 1974 et
611 1945 826 1980 melioratioues,
843 1952 870 1974 et
885 1947 998 1982 emphy-

207 1991 293 2019 tensis
305 1991 438 2027 ejusmodi
453 1992 498 2027 jus
516 1992 574 2027 ipse
591 1992 698 2020 vendat.

241 2080 269 2107 ό.
288 2081 343 2108 Res
357 2080 510 2110 immobiles
525 2089 664 2111 sacrarum
682 2082 874 2116 ecclesiarum,
887 2082 997 2118 religio-

207 2133 299 2154 sarum
316 2128 463 2161 domuum,
479 2132 526 2156 aut
545 2129 785 2162 monasteriorum,
805 2134 851 2157 aut
868 2128 998 2164 collegio;

207 2181 278 2207 rum,
298 2174 406 2210 (quibus
419 2175 502 2202 rebus
517 2181 734 2203 annumerantur
748 2181 776 2204 et
796 2177 898 2204 rustica
917 2183 996 2212 man-

1049 252 1112 284 δοὺς
1135 253 1285 289 ἐποιήσατο
1298 252 1419 285 τοκετδν,
1436 253 1483 280 τόν
1509 261 1540 279 σε
1563 252 1844 288 παρακολουθήσοντα

1049 299 1079 325 ἐν
1101 299 1214 334 εἰδήσει,
1244 299 1294 326 οὐκ
1318 299 1459 335 ὲνέχομαι,
1484 300 1508 326 εἰ
1527 299 1566 334 μὴ
1581 299 1595 325 ὅ
1615 307 1660 334 μοι
1686 298 1844 331 διαδέδωκε,

1050 345 1200 380 ὑπόκειμαι
1212 345 1312 372 διδόναι
1332 345 1370 377 ὡς
1398 345 1649 381 παρακαταθήκην.
1670 345 1702 371 Ἰί
1718 354 1846 380 παρακα-

1049 392 1156 427 ταθήκη
1168 391 1222 418 τῶν
1233 391 1418 427 διαφερόντων
1432 392 1471 427 τῷ
1486 391 1744 427 παρακαταθεμένῳ
1757 391 1843 418 ἐστίν.

1049 436 1134 464 ’Ὅθεν
1149 438 1197 464 καὶ¹
1212 437 1346 472 καρποὺς,
1359 437 1407 464 καὶ
1421 438 1561 471 τοκετοὺς,
1575 438 1623 464 καὶ
1636 438 1726 464 πᾶσαν
1754 437 1846 464 αἰτίαν

1051 483 1172 510 ἀπαιτεῖ.

1088 529 1140 561 κζ’.
1163 529 1227 556 Ἐάν
1245 539 1286 562 τις
1313 530 1460 566 δεξάμενος
1485 529 1734 565 παρακαταθήκην,
1757 529 1846 565 ἀρνή-

1053 583 1134 608 σηται
1154 576 1250 611 αὐτὴν,
1271 577 1318 603 καὶ
1336 576 1499 612 μαρτυρηῡῇ
1520 577 1550 602 ἐν
1567 575 1655 611 αὐτῷ,
1677 576 1725 602 καὶ
1741 575 1844 610 εὑρεθῇ

1052 621 1081 647 ἐν
1100 621 1190 657 καιρῷ
1209 622 1292 649 αὑτοῦ
1310 623 1479 658 όμώσαντος,
1497 623 1512 657 ἢ
1537 622 1684 657 ὲγγράσως
1704 621 1846 653 ἀποταξα-

1054 668 1145 702 μὲνου,
1162 668 1260 696 διπλᾱν
1283 669 1385 704 ταύτην
1407 668 1552 700 ἀποδώσει,
1569 669 1615 695 καὶ
1631 668 1679 703 τῆς
1702 667 1847 702 ἐπιορκίας

1055 711 1101 747 τὴν
1113 712 1250 748 τιμωρίαν
1269 712 1439 748 ὑπομενέτω.

1088 807 1143 840 κη’.
1164 805 1241 831 Πᾶσα
1255 805 1477 840 παρακαταθήκη
1494 804 1523 837 ἐξ
1538 803 1682 839 ἀρνήσεως
1701 802 1846 830 διπλασιά-

1053 850 1139 882 ζεται.

1343 895 1467 921 ΤΙΤΛΟΣ
1487 895 1550 922 KA’.

1285 941 1354 975 Περὶ
1387 941 1610 976 ἐμφυτεύσεως.

1089 990 1122 1014 α’.
1145 986 1276 1022 Διηνεκὴς
1290 987 1460 1022 ὲμφὺτευσις
1476 987 1615 1020 ἀκινήτων
1640 985 1753 1012 δικαίων
1769 985 1846 1020 γίνεο

1052 1042 1098 1061 ται
1115 1033 1162 1060 ἐπὶ
1173 1033 1321 1068 τελέσματι
1333 1032 1492 1068 ἐνιαυσιαίῳ
1508 1032 1598 1068 ῥητῶς
1609 1033 1847 1067 συμφωνουμένην,

1054 1079 1101 1107 καὶ
1121 1079 1263 1115 ἐπιμελείᾳ
1291 1087 1322 1106 τε
1339 1079 1387 1105 καὶ
1412 1077 1553 1114 διορθώσει
1578 1077 1632 1105 τῶν
1653 1077 1846 1112 ὲκδιδομὲνων,

1090 1173 1123 1208 β’.
1141 1173 1171 1200 Εἰ
1186 1173 1214 1200 δέ
1229 1181 1270 1203 τις
1287 1173 1318 1199 ἐκ
1343 1172 1397 1198 τῶν
1423 1171 1601 1207 φροντιστῶν,
1629 1171 1846 1206 χαρτουλαρέων,

1054 1220 1100 1246 καὶ
1113 1219 1216 1245 λοιπῶν
1235 1217 1433 1254 [στρατιωτῶν]
1457 1217 1524 1252 πρὸς
1548 1217 1650 1252 βλάϐην
1667 1217 1683 1252 ἦ
1699 1225 1848 1252 παραγρα-

1055 1265 1107 1300 φὴν
1125 1263 1174 1298 τῆς
1197 1263 1379 1299 πρωτοτύπου
1405 1262 1564 1294 δεσποτείας
1593 1264 1663 1298 φανῇ
1691 1261 1847 1298 ἀπεργαζό-

1055 1319 1146 1345 μενος,
1166 1307 1243 1341 οὗτος
1266 1309 1315 1344 μὲν
1332 1309 1455 1344 παρευοϋ
1477 1309 1634 1335 ἑκπιπτέτω
1648 1308 1694 1334 τοῦ
1711 1308 1846 1343 στρατεύ-

1056 1365 1140 1392 ματος
1154 1355 1246 1384 αὺτοῦ.
1264 1355 1425 1390 ἀκυρούσοω
1439 1355 1467 1382 δὲ
1480 1355 1527 1381 καὶ
1549 1356 1566 1389 ἡ
1593 1354 1707 1389 τοιαύτη
1727 1354 1846 1386 ἓκδοσις.

1089 1401 1125 1437 γ’.
1150 1403 1203 1429 Τὸν
1225 1401 1358 1437 διηνεκῶς
1381 1401 1622 1437 ἑμφυτευσὰμενον
1637 1401 1692 1427 δεῖν
1706 1401 1736 1427 τὺ
1752 1401 1847 1427 ἐνιαυ-

1055 1450 1141 1476 σιαῖον
1165 1448 1355 1483 ἀδιαστρόφως
1382 1448 1561 1475 καταῦάλλειν
1581 1448 1712 1483 τέλεσμα,
1742 1447 1789 1474 καὶ
1804 1448 1846 1478 εἷς

1054 1495 1104 1531 τὴν
1118 1493 1165 1522 τοῦ
1191 1495 1321 1530 ἀκινήτου
1346 1494 1452 1521 δικαίου
1476 1494 1635 1528 ἀγωνιῶντα
1663 1494 1791 1520 σύστασίν
1815 1503 1846 1520 τε

1017 1550 1038 1580 c
1056 1542 1103 1568 καὶ
1131 1541 1302 1576 ἐπιμέλειαν,
1330 1541 1367 1575 μὴ
1383 1540 1617 1568 ἁποκινεῖσοαιέκ
1645 1539 1694 1574 τῆς
1716 1539 1847 1575 τοιαύτης

1054 1588 1198 1621 ἐκδόσεως,
1216 1587 1275 1614 ἀλλ’
1289 1587 1389 1619 ἐξεῖναι
1403 1587 1477 1622 αὐτῷ
1493 1587 1524 1613 τὸ
1537 1587 1641 1613 δίκαιον
1654 1587 1702 1621 τῆς
1717 1586 1847 1620 τοιαύτης

1053 1634 1248 1670 ὲμφυτεύσεως
1261 1633 1440 1669 κληρονόμοις
1451 1633 1678 1668 καταλιμπάνειν,
1687 1632 1845 1668 δωρεῖσθαι,

1052 1681 1101 1707 καὶ
1114 1679 1273 1716 ὲμπροίκως
1289 1679 1329 1715 [ὲν
1344 1678 1448 1715 προικὶ]
1466 1679 1622 1711 ἐπιδιδόναι,
1639 1679 1656 1713 ἢ
1671 1678 1732 1705 καθ’
1750 1678 1846 1713 ἕτερον

1052 1726 1151 1761 τρόπον
1168 1726 1365 1761 μετεκχωρεῖν,
1385 1725 1433 1752 καὶ
1447 1725 1669 1758 διαπιπράσκειν,
1690 1724 1733 1751 διὰ
1748 1724 1845 1760 προτί-

1054 1779 1138 1806 μησιν
1167 1771 1199 1797 ὲκ
1223 1770 1423 1805 διαμαρτυρίας
1455 1769 1576 1805 δηλονότι
1602 1770 1642 1805 τῷ
1671 1770 1846 1805 πρωτοτὺπῳ

1056 1817 1178 1853 δεσπότῃ
1196 1817 1250 1852 πρὸ
1274 1817 1449 1851 διαπράσεως
1475 1815 1624 1851 παρέχοντι
1643 1815 1707 1842 αὐτὸ
1722 1816 1846 1841 τοιοῦτον

1052 1863 1209 1898 ὠνήσασθαι
1221 1862 1334 1890 δίκαιον.
1352 1862 1473 1889 Ἑκείνου
1482 1862 1509 1888 δὲ
1521 1861 1558 1897 μὴ
1570 1861 1743 1896 βουλομένου,
1754 1862 1846 1896 ἀπαρ-

1052 1910 1223 1945 εμποδίστως
1249 1911 1318 1945 μετὰ
1342 1909 1388 1936 δύο
1416 1910 1503 1945 μῆνας
1526 1909 1576 1944 τῆς
1605 1908 1699 1935 τούτου
1728 1917 1846 1944 προτρο-

1052 1957 1107 1992 πῆς
1124 1958 1294 1991 πιπράσκειν
1310 1957 1391 1984 αὐτὸν
1407 1957 1463 1988 τοῖς
1483 1956 1520 1991 μὴ
1543 1955 1742 1990 κεκωλυμένως
1758 1963 1846 1990 προετ-

1051 2003 1134 2034 ώποις
1150 2004 1184 2030 τά
1198 2011 1225 2029 τε
1237 2003 1419 2039 ὲμπονήματα
1435 2002 1483 2030 καὶ
1504 2004 1533 2028 τὸ
1547 2002 1597 2037 τῆς
1614 2001 1741 2036 τοιαύτης
1757 2002 1846 2036 ἐμφυ-

1052 2048 1172 2080 τεύσεως
1185 2048 1298 2075 δίκαιον.

1088 2093 1120 2121 δ’.
1151 2094 1192 2120 Τὰ
1215 2094 1332 2130 ἀκίνητα
1355 2093 1411 2120 τῶν
1437 2093 1518 2130 ἱερῶν
1546 2092 1709 2128 ἐκκλησιῶν,
1735 2092 1844 2127 εὖαγῶν

1051 2137 1144 2170 οἴκων,
1177 2138 1193 2172 ἢ
1226 2139 1426 2174 μοναστηρὶων,
1449 2139 1660 2174 ῆσυστημάτων
1679 2139 1844 2173 πράγματα,

1052 2182 1095 2216 οἷς
1111 2185 1319 2221 συναριθμεῖται
1337 2187 1385 2212 καὶ
1408 2186 1442 2212 τὰ
1456 2185 1598 2222 γεωργικὰ
1615 2186 1782 2221 ἀνδράποδα,
1797 2187 1844 2212 καὶ

206 2220 287 2254 cipia)
317 2221 436 2256 itemque
461 2226 606 2250 structura:
637 2223 758 2256 urbanae,
784 2223 857 2250 nullo
882 2223 961 2251 modo
983 2231 998 2250 a

1058 2232 1102 2263 τὰς
1120 2220 1262 2264 πολιτικὰς
1275 2233 1438 2265 ὲπικτίσεις,
1467 2220 1528 2260 κατ’
1554 2233 1650 2259 οὐδένα
1666 2220 1780 2268 τρόπον
1801 2234 1845 2259 ὲκ-

206 2273 344 2302 quoquam
375 2267 548 2301 alienentur;
582 2268 748 2303 imperatore
776 2268 836 2296 solo
868 2274 996 2304 excepto,

203 2316 318 2347 propter
331 2319 395 2340 usus
410 2313 592 2341 necessarios.

241 2354 312 2391 Fiat,
336 2358 436 2393 inquit,
462 2358 641 2387 immobilium
666 2366 757 2387 rerum
778 2366 918 2388 sacrarum
940 2367 998 2388 em-

205 2404 347 2440 phyteusis
363 2405 537 2440 temporaria,
556 2413 642 2440 usque
658 2406 690 2433 ad
707 2411 812 2442 tempus
833 2406 895 2434 vita:
915 2407 997 2440 illius,

204 2451 251 2485 qui
270 2450 493 2485 couduxerit,et
511 2451 659 2480 liberorum
681 2452 777 2486 ipsius,
799 2457 828 2481 et
849 2458 976 2488 nepotum
988 2474 996 2487 ,

205 2501 287 2531 atque
306 2497 390 2525 etiam
409 2497 503 2525 uxoris
526 2497 596 2532 ejus.
621 2498 756 2534 siquidem
781 2498 819 2527 ita
839 2499 998 2527 convenerit

206 2549 431 2578 expressezcum
444 2544 600 2573 conditione
621 2550 704 2573 sexta
724 2545 809 2581 partis
825 2545 933 2581 pristini
953 2553 998 2574 re-

206 2589 278 2618 ditus
295 2591 440 2619 solvendae.

240 2635 267 2663 5.
289 2635 485 2671 Ecclesiarum,
505 2640 533 2665 et
548 2636 746 2664 venerabilium
764 2636 908 2665 domorum
925 2639 996 2665 sub-

205 2682 325 2717 urbana,
341 2691 396 2712 non
414 2684 447 2712 ad
463 2690 612 2720 proventus
628 2691 675 2712 eos
691 2685 825 2717 locenlur,
844 2686 890 2720 qui
908 2685 998 2712 adhuc

205 2735 370 2764 supersunt:
385 2731 434 2759 sed
453 2735 572 2766 oportet,
597 2739 690 2759 eorum
717 2731 898 2760 testimatione
915 2732 996 2766 facta,

205 2779 337 2808 quantum
368 2776 516 2804 suburbani
544 2777 689 2805 :estimatio
716 2778 834 2805 reditum
869 2778 998 2814 colligere

204 2825 302 2855 potest,
319 2822 345 2849 in
360 2829 448 2850 annos
465 2822 515 2850 XX
528 2823 626 2856 divisa,
643 2829 748 2852 tantum
763 2830 793 2852 ut
813 2831 960 2860 proventus
975 2826 999 2854 is

202 2867 366 2903 stipuletur,
385 2869 431 2904 qui
454 2869 644 2906 emphyteusin
666 2872 725 2906 ejus
743 2876 905 2907 accepturus
928 2877 997 2910 est__:

1049 2276 1196 2309 ποιεῖσθαι.
1215 2277 1285 2314 πλην
1301 2278 1375 2314 μόνῳ
1392 2279 1506 2314 βασιλεῖ,
1521 2279 1554 2306 δι’
1569 2280 1722 2314 ἀναγκαίας
1736 2279 1842 2315 χρείας.

1085 2370 1221 2405 Γενέσθω,
1245 2371 1339 2406 φησὶν,
1355 2371 1494 2407 ἀκινήτων
1510 2372 1656 2407 ίερατικῶν
1670 2372 1843 2407 πραγμάτων

1050 2416 1217 2452 πρόσκαιρος
1231 2416 1397 2451 ὲμφύτευσις
1416 2415 1498 2452 μέχρι
1512 2417 1561 2452 τῆς
1580 2416 1653 2452 ζωῆς
1678 2417 1726 2443 τοῦ
1751 2419 1843 2452 ἐμφυ-

1049 2462 1233 2497 τευσαμένου,
1261 2463 1308 2489 καὶ
1325 2462 1380 2489 τῶν
1403 2462 1507 2488 παίδων
1520 2462 1615 2495 αὐτοῦ,
1632 2463 1681 2489 καὶ
1710 2464 1841 2497 ἐκγόνων,

1049 2507 1118 2534 ἀλλὰ
1135 2508 1189 2543 μὴν
1205 2508 1253 2534 καὶ
1269 2508 1392 2544 γαμετῆς
1415 2508 1522 2544 ἀνδρὸς,
1540 2509 1564 2535 εἰ
1586 2509 1675 2544 ῥητῶς
1690 2509 1768 2536 τοῦτο
1782 2518 1842 2535 συν-

1051 2553 1205 2589 εφώνησαν,
1220 2554 1268 2589 τῆς
1281 2555 1363 2590 ἕκτης
1386 2554 1484 2590 μοίρας
1510 2553 1694 2590 κομιζομένης
1715 2555 1765 2590 τῆς
1790 2557 1842 2591 ἀρ-

1050 2599 1132 2634 χαίας
1147 2599 1292 2634 προσόδου.

1085 2643 1117 2672 ε’.
1146 2645 1187 2672 Τὰ
1210 2645 1265 2672 τῶν
1289 2645 1454 2681 ἐκκλησιῶν,
1471 2646 1519 2673 καὶ
1534 2646 1641 2673 σεπτῶν
1665 2647 1748 2674 οἴκων
1775 2657 1842 2682 πρ)-

1049 2690 1156 2724 άστεια,
1173 2691 1210 2726 μὴ
1222 2691 1291 2726 πρὸς
1307 2692 1357 2727 τὴν
1369 2691 1527 2728 σωζομένην
1542 2693 1740 2720 ἐκδιδόσοωσαν
1755 2694 1842 2728 πρόσ-

1049 2736 1117 2770 οδον,
1130 2737 1199 2764 ἀλλὰ
1214 2739 1256 2764 δεῖ
1269 2738 1317 2773 τῆς
1333 2739 1471 2774 τιμήσεως
1485 2739 1589 2767 τούτων
1604 2740 1761 2775 γινομένης,
1775 2741 1841 2776 ὅσην

1050 2784 1179 2817 συνάγειν
1203 2784 1314 2811 δύναται
1338 2785 1469 2821 πρόσοδον
1486 2787 1503 2821 ἡ
1527 2787 1692 2822 ἀποτίμησις
1707 2787 1755 2814 τοῦ
1772 2795 1842 2823 προ-

1050 2830 1167 2863 αστείου,
1181 2831 1221 2862 εἰς
1243 2830 1366 2858 εἰκοστὸν
1385 2831 1445 2864 ἔτος
1465 2832 1654 2868 διαιρουμένη,
1674 2835 1811 2871 τοσαύτην
1828 2836 1842 2862 ὁ

1052 2874 1157 2909 μέλλων
1183 2875 1257 2911 αὑτῷ
1283 2876 1373 2914 [αὐτὸ]
1413 2878 1613 2913 ὲμφυτεύεσοτι
1649 2880 1841 2914 ἐπερωτᾶσθαι
