1945 3073
121 153 177 186 52‘.)

757 158 954 200 DELECTUS
972 158 1116 189 LEGUM.

1697 159 1750 191 530
1756 177 1758 179 -

124 213 272 248 πρόσοδον,
283 215 407 242 τουτέστι
421 215 451 242 τὸ
465 215 588 243 εἰκοστὸν
603 216 684 252 μέρος
699 217 748 253 τῆς
763 217 903 254 γινομένης

964 216 1012 243 hoc
1025 220 1078 249 est,
1095 215 1230 250 promittit
1240 215 1426 251 empliytcuta,
1440 222 1469 243 se
1480 215 1635 243 vicesimam
1648 221 1751 251 partem

121 260 314 296 διατιμήσεως
326 261 372 288 τοῦ
392 261 556 296 προαστείου
571 263 814 298 προσομολογεῖται
832 264 846 291 ό
862 265 912 300 ἐμω

122 305 261 341 φυτευτὴς
275 307 317 337 είς
329 306 440 340 ὲτησίαν
454 307 584 342 παρέχειν
596 307 739 343 πρόσοδον.

161 350 199 384 ς’.
219 351 247 378 '0
258 351 395 387 τολμήσας
408 352 536 387 ἀκίνητον
558 353 694 388 ἱερατικὸν
712 355 830 390 πρᾶγμα
847 354 911 388 ἀγο-

123 397 220 432 ράσαι,
237 397 292 423 τιῖιν
309 397 473 432 τιμημάτων
488 397 535 424 καὶ
556 397 604 424 τοῦ
615 398 778 433 πράγματος
791 399 910 426 ἀποστε-

119 444 220 478 ρεῖται,
231 442 370 473 ἀναδιδοὺς
381 444 502 476 καὶτοὺς
513 445 636 480 καρποὺς
647 445 694 471 τοῦ
709 446 791 480 μέσου
799 445 908 480 χρόνουο

117 488 175 515 τῶν
186 489 396 523 πιπρασκόντων
406 489 555 524 οἰκονόμων
569 499 610 523 τε,
624 491 671 518 καὶ
684 491 836 526 διοικητῶν,
848 491 908 524 ταῖς

118 535 224 566 ποιναῖς
237 534 463 570 ὑποϐαλλομένων
480 537 530 571 τῇς
544 536 692 570 διατάξεως
705 536 829 568 Λέοντος.

154 579 188 610 ζ’.
212 579 241 606 ’0
257 581 327 607 κατὰ
342 581 447 616 δωρεὰν
462 581 562 615 λαϐὼν,
580 582 649 618 πρὸς
666 581 707 617 τῷ
733 582 771 618 μὴ
786 582 905 609 ἀπολαῦ-

117 634 164 652 σαι
183 624 228 651 τοῦ
246 625 427 660 δωρηθέντος,
444 628 491 654 καὶ
510 627 603 663 ἕτερον
628 627 819 663 παραπλήσιον
834 628 906 655 ἀπο-

115 672 210 699 δώσει.
230 672 260 700 '0
276 673 339 699 κατ’
352 673 503 710 ἐναλλαγὴν
516 674 698 710 κτησάμενος,
719 675 766 701 καὶ
781 674 795 701 ὃ
810 674 905 701 ἔλαϐεν

114 718 265 753 ἀποδώσει,
277 719 324 746 καὶ
341 719 388 746 τοῦ
404 719 528 752 δοθέντος
544 721 710 747 ἐκπεσεῖται.

409 810 534 838 ΤΙΤΛΟΣ
544 809 613 837 ΚΕἼ

377 855 447 890 Περὶ
461 855 648 890 μισθώσεων.

966 261 1024 296 ejus
1039 261 1129 296 pretii,
1146 268 1199 296 quo
1214 261 1398 289 suburbanum
1413 261 1574 296 mstimatur,
1586 261 1688 289 reditus
1700 269 1751 289 an-

965 308 1011 335 nui
1028 307 1136 334 nomine
1153 311 1354 342 prtestaturum.

1000 353 1026 381 6.
1042 353 1092 386 Qui
1109 360 1201 380 emere
1216 352 1299 380 fuerit
1318 359 1400 379 ausus
1420 359 1477 379 rem
1496 359 1601 379 sacram
1625 352 1749 380 immobi-

964 398 1027 431 lem,
1044 403 1097 425 tam
1114 398 1212 433 pretio,
1227 405 1309 432 quam
1325 398 1382 432 ipsa
1392 405 1422 424 re
1434 398 1566 432 privatur,
1581 397 1663 424 etiam
1680 402 1749 425 tetn-

962 444 1036 479 poris
1051 443 1202 471 inlermedii
1219 443 1324 470 fructus
1337 443 1454 470 reddens
1469 451 1476 468 :
1495 442 1674 469 vendentibus
1688 450 1748 469 eam

962 495 1017 517 tam
1037 489 1201 521 teconomis,
1216 496 1297 524 quam
1319 488 1598 519 administratoribus.
1615 489 1748 515 cunstitu-

961 535 1042 562 tionis
1059 535 1186 562 Leoninte
1201 534 1290 569 pinnis
1302 533 1490 568 subiiciendis.

995 581 1021 608 7.
1038 580 1088 614 Qui
1101 579 1178 608 titulo
1189 579 1345 608 donationis
1362 579 1486 607 eamdem
1512 578 1654 612 acceperit,
1673 584 1747 612 pne-

959 628 1082 657 terquam
1099 624 1171 660 quod
1186 632 1215 652 re
1235 625 1334 652 donata
1356 631 1409 650 non
1436 622 1551 654 fruetur,
1570 622 1651 649 etiam
1673 620 1746 646 aliud

959 670 1087 704 quiddam
1102 669 1176 704 paris
1188 668 1378 697 aestimationis
1393 668 1491 695 solvet.
1504 667 1555 700 Qui
1569 666 1676 693 nomine
1687 672 1746 699 pcr-

957 713 1116 742 mutationis
1129 714 1316 749 adquisiverit,
1331 718 1385 741 tam
1399 713 1470 747 quod
1483 711 1628 747 acceperit,
1642 710 1745 742 reddet,

957 766 1039 794 quam
1054 767 1098 793 eo,
1114 760 1186 794 quod
1197 759 1313 792 dederit,
1329 758 1446 786 excidet.

1222 811 1372 840 TITULUS
1396 811 1479 839 XXV.

1098 858 1136 886 De
1153 857 1322 885 Iocatt'ouibut
1337 862 1361 884 et
1377 855 1602 884 cottduclionibus.

152 899 187 928 α’.
204 901 237 927 Δί
255 900 403 936 μισθώσεις
426 901 559 936 ἔγγραφοι
584 909 614 927 τε
640 901 687 927 καὶ
711 901 830 936 ἄγραφοι
859 902 903 929 ἐπὶ

997 905 1021 932 l.
1040 904 1200 932 Locationes
1215 908 1268 931 tam
1288 903 1317 930 in
1340 902 1459 937 scriptis,
1477 909 1557 936 quam
1581 902 1649 928 citra
1677 901 1746 928 scri-

114 946 260 981 όνομαστῷ
283 947 442 982 ἐνιαυσιαίῳ
459 947 682 982 συμφωνουμένῳ
698 946 846 982 τελέσματι
860 949 908 974 καὶ

114 992 198 1019 αὑταὶ
213 992 395 1026 γενέσθωσαν,
410 993 475 1028 παρ’
487 994 590 1028 ἐτέρων
602 992 784 1029 [περαιτέρω]
796 993 850 1019 τῶν
866 993 906 1021 κθι

115 1039 222 1073 χρόνων
236 1039 274 1074 μὴ
294 1039 492 1074 ὲκτεινόμεναι,
517 1040 573 1066 εἴτε
596 1039 643 1066 ἐπὶ
658 1040 905 1074 ὲκκλησιαστικῶν,

115 1085 172 1111 εἴτε
186 1084 233 1111 τοῦ
250 1085 350 1120 μέρους
362 1085 409 1112 τοῦ
429 1085 570 1120 δημοσίου,
589 1085 606 1121 ἢ
625 1085 766 1120 βασιλικοῦ
784 1087 870 1119 οῑκου,
887 1087 904 1122 ἢ

115 1130 233 1164 εὐαγοῦς
252 1131 347 1163 τόπου,
375 1132 533 1166 κτημάτων,
551 1132 682 1166 .χωρίων,
703 1132 807 1167 ἀγρῶν,
825 1132 842 1168 ἢ
859 1132 906 1159 ἐπὶ

115 1175 220 1202 λοιπῶν
234 1177 262 1202 αί
276 1176 400 1204 τοιαῦται
414 1176 534 1209 ἐκδόσεις
555 1177 698 1212 γένωνται,
717 1177 764 1204 καὶ
786 1178 854 1213 πρὸς
875 1178 906 1204 τδ

117 1221 300 1257 συμφωνηθὲν
311 1223 343 1249 ὲκ
355 1221 401 1249 τοῦ
417 1222 657 1258 ἑκλαμὸανομένου
677 1224 725 1250 καὶ
739 1225 905 1260 όμολογηθὲν

117 1267 284 1294 ἐνιαυσιαῖον
296 1267 462 1303 μισθωτικδν
473 1268 592 1304 τέλεσμα
606 1269 682 1305 παρὰ
695 1269 905 1300 τοῦ,ὲκδεδωκό-

117 1321 173 1344 τος.
190 1313 272 1339 Ὥστε
286 1313 334 1339 τοῦ
354 1312 594 1348 ὲκλαμόανομένου
616 1313 840 1348 μεταμελοῦντος,
855 1314 905 1350 τὴν

119 1358 251 1391 μίσθωσιν
269 1359 343 1390 ἐντὸς
359 1358 484 1385 ἐνιαυτοῦ
502 1358 706 1394 προστίθεσθαι,
719 1359 767 1386 ἐὰν
781 1360 812 1387 ἐκ
835 1369 904 1396 συμ-

117 1404 208 1438 φώνου
222 1405 286 1440 περὶ
300 1404 394 1432 τούτου
407 1405 538 1440 ὀνομαστὶ
548 1405 727 1437 ἁπετάξαντο.

152 1450 184 1484 β’.
207 1451 269 1478 Ἐὰν
285 1451 465 1486 συμφωνηθῇ,
491 1451 554 1482 τοὺς
579 1451 805 1487 μισθωσαμένους
827 1450 903 1480 οἷκον

116 1495 234 1527 ἄῦλασὲς
249 1496 323 1531 ἔχειν
340 1495 407 1531 πῦρ,
423 1497 471 1524 καὶ
482 1497 591 1532 τυχηρὰ
605 1497 718 1533 γένηται
733 1497 842 1531 καῦσις,
852 1499 902 1526 οὐκ

115 1541 238 1575 ἐνέχεται
266 1542 280 1568 ό
309 1541 537 1577 μισθωσάμενος⁹
560 1543 584 1569 εί
608 1542 637 1569 δὲ
666 1543 736 1569 κατὰ
764 1543 936 1593 ρᾳθυμίαν(1

113 1586 196 1614 αὐτοῦ
215 1588 324 1623 συνέϐη,
341 1588 473 1623 ἐνέχεται.

149 1636 184 1667 γ’.
223 1633 252 1659 '0
281 1634 488 1669 μισθωσάμενος
513 1634 631 1670 ἀγέλην,
661 1637 708 1663 ἐὰν
728 1636 832 1671 δειχθῇ,
859 1637 901 1664 δτι

115 1679 199 1713 χωρὶς
213 1678 297 1705 αὑτοῦ
313 1679 409 1715 λῃσταὶ
424 1679 509 1715 αὐτὴν
522 1681 673 1715 ἀφείλοντο,
688 1682 737 1708 οὐκ
759 1682 897 1717 ἐνέχεται·

115 1725 183 1752 ἀλλὰ
199 1724 333 1760 λαμῦάνει
343 1726 405 1758 τοὺς
425 1726 540 1761 μισθοὺς
556 1727 603 1754 τοῦ
619 1727 781 1763 λειπομένου
792 1730 898 1764 χρόνου.

149 1814 179 1842 δ’,
211 1814 274 1841 Ἐὰν
297 1815 397 1851 εὑρεθῇ
426 1815 529 1851 ποιμὴν
555 1816 689 1851 μισθωτός
715 1817 842 1852 ἀμέλγων
866 1819 901 1846 τὰ

56 1856 59 1863 ’
115 1861 278 1896 βοσκήματα
301 1861 389 1896 λάθρα
405 1861 458 1888 τῶν
484 1862 587 1896 κυρίων
615 1862 711 1896 αὑτοῦ,
734 1863 900 1899 τυπτόμενος

113 1906 168 1932 τῶν
182 1906 286 1941 μισθῶν
301 1906 390 1932 αὐτῶν
407 1906 565 1940 στερείσθω.

150 1951 181 1977 ε’.
204 1951 233 1977 ’0
246 1950 357 1986 ποιμὴν,
370 1951 416 1978 καὶ
437 1951 452 1977 δ
469 1951 585 1987 ράπτης,
599 1952 647 1979 καὶ
669 1952 684 1979 ὁ
699 1954 829 1988 γναφεὺς,
846 1954 900 1981 ἀπὺ

116 1997 252 2032 ῥᾳθυμίας
263 1997 396 2032 ἐνέχεται.

149 2042 187 2075 ς’.
207 2043 271 2070 Ἐὰν
282 2043 427 2079 μυόῦρωτα
438 2043 577 2077 γίνωνται,
591 2045 607 2079 ἤ
621 2044 732 2072 κολύσια
748 2045 900 2081 [σκωληκό-

959 953 1066 984 pturam
1082 953 1109 976 et
1129 948 1194 983 ipsa:
1216 948 1268 976 sub
1285 953 1413 982 expressa
1434 946 1592 973 nominatim
1614 946 1745 980 pensione

957 1002 1057 1027 annua,
1077 995 1110 1022 de
1120 1002 1173 1030 qua
1189 993 1359 1026 convenerit,
1376 993 1460 1026 ﬁant,
1478 992 1548 1019 ultra
1560 991 1643 1019 XXIX
1659 998 1750 1018 annos

956 1046 986 1066 se
998 1046 1050 1066 non
1063 1038 1252 1070 extendentes,
1265 1038 1323 1065 sive
1338 1037 1364 1064 in
1381 1044 1471 1063 rerum
1485 1035 1743 1066 ecclesiasticarum,

955 1093 1002 1114 seu
1019 1084 1088 1118 ﬁsci,
1105 1093 1152 1113 seu
1172 1085 1270 1112 domus
1290 1084 1450 1120 augustalis,
1476 1090 1524 1111 seu
1544 1082 1595 1110 loci
1621 1082 1742 1123 religiosi

956 1130 1184 1165 possessionibus,
1201 1129 1320 1164 praediis.
1338 1129 1441 1161 fundis,
1456 1133 1502 1156 aut
1520 1129 1546 1156 in
1565 1128 1626 1155 aliis
1646 1128 1744 1162 hujus-

956 1176 1026 1203 tnodi
1044 1175 1193 1203 locationes
1206 1180 1233 1202 et
1245 1175 1440 1203 conductiones
1452 1175 1526 1207 liant,
1538 1174 1571 1201 ad
1584 1173 1742 1208 stipulatam

955 1228 971 1248 a
988 1222 1172 1253 conductore,
1191 1221 1375 1256 locatorisque
1396 1227 1530 1248 consensu
1560 1219 1739 1254 approbatam

955 1267 1112 1302 pensionem
1137 1274 1254 1294 annuam
1275 1266 1471 1294 condurtitiam
1497 1273 1503 1292 :
1522 1265 1559 1292 ita
1576 1266 1695 1300 quidem.
1713 1271 1744 1292 ut

955 1312 977 1340 si
1000 1313 1192 1340 conductorem
1210 1312 1270 1347 eius
1289 1312 1429 1347 pmniteat,
1450 1311 1520 1338 intra
1545 1311 1662 1345 spatium
1677 1311 1742 1337 anni

955 1358 1162 1385 conductionem
1175 1358 1304 1393 resignet,
1317 1358 1396 1385 modo
1411 1358 1444 1386 de
1461 1358 1511 1385 ltoc
1526 1357 1597 1385 inter
1606 1365 1637 1385 se
1651 1358 1740 1385 nomi-

955 1403 1038 1431 natim
1052 1411 1085 1432 ex
1101 1408 1181 1439 pacto
1196 1404 1384 1432 convenerint.

988 1450 1016 1477 2.
1038 1448 1066 1477 Si
1087 1450 1254 1482 convenerit,
1277 1453 1306 1476 ut
1325 1449 1420 1476 domus
1439 1448 1620 1476 conductores
1650 1448 1742 1482 ignem

953 1496 1044 1523 damni
1064 1499 1203 1530 expertem
1218 1494 1351 1526 habeant,
1367 1498 1396 1521 et
1426 1493 1566 1521 fortuitum
1585 1493 1740 1521 incendium

953 1541 1106 1571 exstiterit.
1124 1540 1274 1568 conductor
1295 1547 1348 1567 non
1369 1543 1475 1567 tenetur
1489 1548 1496 1566 :
1511 1539 1553 1568 sin
1574 1539 1740 1574 negligentia

955 1585 1039 1620 ipsius
1053 1586 1194 1619 acciderit,
1207 1590 1326 1613 tenetur.

987 1631 1014 1659 5.
1031 1631 1081 1665 Qui
1104 1639 1212 1668 gregem
1230 1628 1396 1667 pascendum
1414 1631 1587 1664 conduxerit,
1603 1631 1625 1658 si
1642 1631 1739 1666 proba-

953 1682 1008 1704 tum
1024 1677 1114 1710 fuerit,
1125 1685 1186 1705 eum
1204 1678 1306 1713 absque
1322 1678 1373 1706 hoc
1385 1685 1400 1705 a
1419 1678 1569 1706 latronibus
1584 1677 1737 1712 abreptum,

953 1732 1006 1751 non
1024 1729 1146 1757 tenetur;
1161 1724 1207 1752 sed
1222 1725 1374 1752 mercedem
1393 1723 1492 1759 reliqui
1516 1723 1645 1759 temporis
1664 1724 1740 1751 acci-

952 1768 1002 1802 pit.

987 1813 1014 1840 εὶ.
1030 1812 1056 1840 Si
1070 1812 1251 1841 eonductitius
1266 1818 1357 1848 pastor
1368 1813 1554 1850 deprehensus
1570 1814 1650 1842 luerit
1666 1815 1736 1841 clam

953 1858 1070 1887 dominis
1092 1859 1148 1886 suis
1173 1859 1293 1894 mulgere
1315 1860 1443 1894 pecudes,
1462 1861 1620 1888 verberibus
1642 1868 1738 1893 etesus,

952 1905 1033 1931 etiam
1046 1905 1103 1940 ipse
1116 1906 1240 1933 mercede
1255 1905 1385 1940 privatur.

987 1951 1013 1978 5.
1031 1951 1138 1984 Pastor,
1155 1957 1183 1978 et
1199 1951 1361 1984 sareinator,
1374 1956 1401 1979 et
1416 1951 1494 1984 l‘ullo,
1508 1951 1677 1986 negligentiae
1693 1957 1739 1977 ηο-

952 1996 1024 2023 tnine
1044 2001 1179 2024 tenentur.

987 2042 1014 2069 6.
1031 2042 1058 2070 Si
1075 2049 1090 2069 a
1105 2041 1228 2069 muribus
1242 2042 1418 2074 arrodantur,
1436 2046 1483 2069 aut
1499 2049 1514 2068 a
1533 2041 1680 2074 vermibus,
1692 2046 1739 2068 aut

114 2086 231 2122 Optem],
245 2087 260 2122 ἢ
277 2086 372 2122 ἕτερον
386 2087 433 2114 τοῦ
446 2087 541 2123 ἑτέρου
558 2089 743 2124 παρασχισθῇ,
759 2088 899 2120 ὡσαύτως.

964 2087 1067 2114 ηιιοτιιιιι
1085 2087 1119 2114 ab
1134 2087 1221 2114 altero
1235 2087 1412 2122 discindatur,
1426 2087 1539 2122 perinde
1548 2087 1748 2118 lullotcnetur._

114 2132 169 2159 Καὶ
182 2132 196 2159 ὁ
210 2133 344 2167 γναφεὺς,
359 2132 408 2160 ἐὰν
423 2133 593 2170 συμφωνηθῇ
616 2134 653 2170 μὴ
675 2134 747 2170 ἔχειν
765 2134 832 2170 πῦρ,
854 2135 901 2162 καὶ

114 2178 175 2212 σχῇ,
195 2177 330 2212 ἐνέχεται.

952 2132 1107 2166 Ιιιοιιι,1ὐιιο,
1117 2134 1139 2160 si
1154 2133 1322 2167 convenerit,
1334 2138 1363 2162 ut
1374 2134 1461 2169 ignem
1476 2140 1527 2161 non
1535 2133 1641 2166 habeat,
1652 2138 1678 2161 et
1690 2133 1738 2162 lia—

951 2178 1041 2206 luterit
1052 2199 1058 2210 .
1075 2182 1192 2206 tenetur.

147 2222 180 2261 ζ’.
203 2222 265 2250 Ἐὰν
289 2223 359 2259 λάϐῃ
386 2232 429 2256 τις
457 2224 505 2251 ἐπὶ
523 2225 553 2252 τδ
581 2225 734 2260 ἐγκλεῖσαι,
760 2226 776 2261 ἦ
801 2225 902 2261 γλὺψαι

992 2224 1018 2250 7.
1038 2223 1066 2251 Si
1085 2231 1219 2259 gemmam
1234 2224 1296 2259 quis
1318 2224 1464 2259 acceperit,
1488 2229 1517 2252 ut
1534 2231 1595 2252 eam
1617 2224 1737 2252 includat

114 2267 215 2300 λιθέαν,
229 2268 276 2295 καὶ
290 2268 406 2304 κλασθῇ,
424 2270 449 2296 εἰ
462 2270 512 2305 μὲν
526 2271 555 2304 ἐξ
570 2271 698 2306 ἀπειρίας
708 2271 756 2298 τοῦ
769 2271 902 2307 τεχνίτου,

114 2313 255 2348 ἐνέχεται·
271 2315 296 2340 εί
313 2315 342 2341 δὲ
358 2315 413 2342 ἀπὸ
428 2315 518 2346 αἰτίας
533 2316 581 2351 τῆς
599 2315 676 2351 ὕλης,
696 2317 746 2344 οὐκ
769 2317 901 2353 ἐνέχεται,

113 2360 136 2386 εἰ
149 2360 186 2396 μὴ
201 2361 246 2387 τὺν
261 2360 384 2388 κίνδυνον
399 2361 554 2394 ἀνεδέξατο.

145 2404 179 2440 η’.
203 2405 266 2432 Ἐάν
279 2414 320 2437 τις
337 2405 509 2441 μισθώσηται
525 2406 613 2439 κίονα,
633 2407 649 2442 ἦ
669 2406 757 2439 πίθον,
777 2407 792 2443 ἦ
813 2407 900 2441 ξύλον,

114 2448 207 2484 ἢᾶλλο
229 2450 358 2484 πρᾶγμα,
384 2450 424 2482 είς
442 2450 473 2477 τὸ
500 2452 694 2487 μετακομίσαι,
724 2452 772 2479 καὶ
795 2453 900 2490 κλασθῇ

114 2495 141 2520 ἐν
163 2493 202 2528 τῷ
215 2494 402 2528 κουφίζεσθαι,
421 2495 437 2530 ἢ
461 2496 489 2522 ὲν
512 2497 551 2532 τῷ
575 2498 764 2530 ἀποτίθεσθαι,
784 2499 835 2526 οὐκ
858 2500 901 2526 ὲν-

113 2540 214 2574 ἐχεται,
233 2540 256 2565 εί
273 2539 311 2574 μὴ
328 2540 381 2566 ἀπὺ
405 2541 540 2576 ῥᾳθυμίας
556 2542 670 2576 οἰκείας,
693 2542 710 2577 ἢ
731 2542 785 2570 τῶν
799 2543 901 2578 ὑπουρ·

113 2585 230 2620 γούντων
245 2585 329 2621 αὐτῷ.

148 2629 180 2657 0'.
203 2630 265 2657 Ἐὰν
279 2630 433 2666 παριόντων
461 2633 645 2666 στρατιωτῶν,
673 2633 871 2669 παραχωρήσει
887 2634 902 2660 ό

116 2675 330 2711 μισθωσάμενος,
345 2676 392 2702 καλ⁵
410 2677 434 2703 oi
460 2678 625 2712 στρατιῶται
641 2678 690 2710 τὰς
706 2679 816 2714 θυρίδας
835 2679 900 2715 [μυ-

115 2720 229 2757 ριάδαςῇ
249 2721 266 2756 ἢ
283 2721 377 2756 ἕτερόν
390 2730 416 2748 τι
429 2722 592 2757 ἀφέλωνται,
613 2724 669 2758 εῐγε
687 2724 836 2759 δυνάμενος
850 2724 900 2751 οὐκ

114 2765 262 2800 ἀπήγγειλε
289 2765 326 2800 τῷ
343 2766 474 2802 δεσπότῃ,
492 2767 508 2802 ἢ
527 2767 675 2803 δυνάμενος
697 2769 746 2795 οὐκ
771 2768 897 2803 ἀντέστη,

115 2813 242 2846 ἐνέχεται.

150 2859 178 2884 t'.
209 2856 239 2883 '0
254 2857 463 2892 μισθωσάμενος
487 2858 583 2892 ἄλογον
599 2861 636 2892 εἰς
653 2860 682 2887 τὸ
712 2859 846 2892 βαστάσαι
871 2869 895 2886 τι

954 2274 1001 2297 aut
1018 2270 1142 2306 sculpat,
1164 2271 1186 2298 si
1202 2269 1286 2298 fracta
1308 2270 1390 2298 fuerit
1408 2271 1522 2299 artiﬂcis
1534 2272 1680 2306 imperitia,
1698 2276 1738 2299 le-

955 2320 1033 2344 uetur
1047 2325 1055 2344 :
1071 2317 1112 2344 sin
1134 2317 1253 2344 materiae
1265 2317 1341 2350 vitio,
1360 2325 1412 2345 non
1425 2322 1539 2351 tenetur,
1555 2317 1606 2345 nisi
1626 2317 1738 2353 pericu-

953 2361 1007 2389 lum
1025 2362 1050 2389 in
1067 2369 1096 2390 se
1114 2363 1255 2398 receperit.

988 2407 1015 2434 8.
1035 2406 1063 2434 Si
1078 2407 1119 2434 ctti
1139 2407 1264 2435 columna
1283 2409 1370 2436 locata
1392 2408 1481 2442 fuerit,
1498 2413 1544 2436 aut
1560 2408 1676 2441 dolium,
1692 2415 1739 2437 aut

953 2452 1065 2488 lignum,
1086 2453 1172 2481 aliave
1188 2461 1232 2482 res
1249 2454 1340 2490 aliquo
1354 2455 1575 2489 transportanda,
1596 2454 1736 2490 fractaque

953 2498 1036 2527 fuerit
1055 2500 1125 2528 inter
1151 2499 1359 2533 sublevandum,
1383 2501 1426 2528 vel
1449 2501 1656 2535 deponendum,
1681 2508 1734 2528 nou

953 2550 1071 2579 tenetur,
1089 2546 1140 2574 nisi
1160 2553 1192 2574 ex
1207 2553 1266 2579 sua,
1285 2546 1326 2574 vel
1339 2554 1436 2582 operas
1449 2547 1501 2575 sibi
1518 2548 1673 2575 navantiutn
1690 2554 1738 2576 nc-

952 2591 1091 2626 gligvntia.

986 2637 1013 2663 9.
1031 2636 1059 2664 Si
1085 2636 1215 2664 militibus
1237 2637 1451 2671 transeuntibus.
1471 2638 1646 2666 conductoris
1667 2646 1737 2674 pcr—

951 2682 1035 2710 missu
1047 2682 1193 2716 fenestras,
1203 2687 1250 2710 aut
1259 2683 1360 2718 aliquid
1372 2683 1445 2711 aliud
1460 2684 1557 2712 milites
1565 2684 1735 2712 abstulerint:

953 2729 1095 2763 siquidem,
1121 2736 1181 2755 cum
1213 2733 1321 2764 posset,‘
1340 2730 1365 2756 id
1380 2729 1490 2758 domino
1514 2738 1567 2757 non
1586 2730 1736 2763 nuntiavit,

952 2779 998 2800 aut
1012 2773 1052 2801 eis
1068 2781 1120 2800 tton
1139 2773 1247 2806 restitit,
1267 2781 1327 2801 cum
1341 2779 1448 2809 posset,
1463 2779 1582 2802 tenetur.

989 2859 1029 2886 l0.
1051 2859 1099 2891 Qui
1122 2857 1272 2893 iumentum
1291 2858 1419 2886 conduxit
1434 2858 1467 2886 ad
1485 2857 1575 2887 oneris
1586 2857 1654 2887 certi
1674 2864 1736 2893 ges-
