1945 3073
185 170 236 202 531

702 172 956 204 CONSTANTINI
976 172 1318 205 PORPHYROGENITI

1757 173 1816 206 532

185 225 327 259 tationem,
350 226 373 254 si
393 226 458 261 quid
477 233 555 262 aequo
581 227 691 263 gravius
721 227 894 264 imposuerit,
919 236 971 264 quo

1041 230 1112 266 ἧλον,
1126 231 1150 257 εἰ
1174 229 1324 266 βαρύτερον
1347 229 1482 265 ἐπιθήσει,
1514 229 1703 265 βλαπτομένου
1729 231 1818 258 αὑτοῦ

182 271 304 306 iumento
320 271 436 306 laeditur,
450 280 482 300 eo
498 274 608 302 nomine
621 278 737 302 tenetur.

219 316 263 343 ii;
285 315 418 344 Similiter
431 322 456 345 et
473 318 506 351 is,
524 319 570 354 qui
588 319 719 347 conduxit
743 320 775 347 ad
796 320 884 348 locum
905 320 972 349 deﬁ-

182 359 282 393 nitum,
297 364 324 388 et
342 361 456 390 ulterius
469 365 566 398 pergit.

218 406 263 434 12.
280 407 330 440 Qui
354 408 450 436 bavem
472 410 587 445 alicujus
609 419 699 447 opera:
719 420 801 440 causa
832 413 971 445 conduxit,

183 451 205 479 si
223 452 357 480 moriatur
374 453 401 481 in
418 461 450 482 eo
464 455 568 489 labore,
585 457 618 484 ad
634 464 715 492 quem
734 458 810 485 illum
827 458 916 493 petiit,
929 458 973 485 in-

183 498 291 526 demnis
314 504 373 527 esto
391 509 398 527 :
416 501 458 528 sin
480 502 631 531 exstinctus
653 503 681 531 in
701 504 755 532 alio
780 503 862 531 fuerit
880 511 972 539 opere,

183 543 270 572 solvet
280 552 341 572 eum
356 545 382 572 in
399 546 526 575 solidum.

221 588 265 616 i3.
280 589 331 622 Qui
351 597 445 625 agrum
467 593 649 628 conduxerit,
669 598 696 622 et
717 599 838 630 tempore
858 595 973 622 necdum

184 632 261 662 ﬁnito
284 634 387 670 absque
417 643 500 665 causa
525 639 683 675 reliquerit,
706 641 866 675 pensionem
893 641 975 668 totius

186 680 316 715 temporis
330 682 421 710 solvit.

221 727 266 754 14.
283 727 334 761 Qui
354 729 393 756 rei
409 730 580 759 custodiendi
593 739 675 760 causa
703 733 855 760 mercedem
889 740 973 761 acce-

185 772 268 806 perit,
282 775 412 802 custodia-
425 776 575 810 periculum
596 777 622 804 in
642 785 672 806 se
685 778 791 812 recipit.

220 818 265 845 15.
283 818 335 851 Qui
352 818 429 847 ﬁnito
443 824 562 855 tempore
577 822 775 855 conductionis,
789 830 846 850 rem
860 830 913 850 non
932 830 975 850 re-

184 863 288 897 stituit,
303 870 330 892 et
345 865 430 900 ipsam
446 874 514 901 rem,
529 873 557 895 et
575 868 784 897 aestimationem
801 869 860 904 ejus
876 869 971 898 solvat.

220 955 266 984 16.
285 956 381 984 Omnis
399 958 564 994 redemptor,
576 961 619 988 vel
634 960 798 997 artifex,qni
815 969 882 997 opus
890 962 973 997 cepit,

183 1006 211 1028 et
230 1009 283 1029 non
306 1003 435 1036 absolvit,
466 1005 594 1033 damnum
615 1007 748 1043 integrum
763 1012 889 1043 przcstet,
908 1010 974 1042 ﬁcum

182 1046 288 1075 scilicet
300 1049 453 1076 mercedem
469 1057 546 1077 suam
562 1051 669 1086 accipit.

219 1091 264 1119 i7.
280 1091 327 1120 Sin
345 1100 448 1128 pauper
461 1100 514 1129 est,
526 1101 553 1123 et
572 1097 699 1125 damnum
721 1102 851 1133 praestare
867 1099 974 1135 nequit,

183 1137 346 1165 verberibus
361 1146 458 1174 ctesus,
471 1141 613 1176 relegator.

221 1182 265 1210 18.
285 1183 313 1211 Si
330 1186 495 1214 camacuium
511 1187 537 1215 in
554 1197 654 1217 annum
673 1191 802 1225 conduxi,
817 1193 974 1228 pensionem

185 1227 318 1264 integram
334 1231 419 1259 solvo.
437 1231 512 1265 Quod
524 1234 545 1261 si
557 1235 702 1268 corruerit,
717 1236 799 1264 etiam
810 1227 883 1266 circa
899 1247 974 1267 men-

183 1282 242 1302 sem
258 1281 380 1310 sextum,
395 1279 527 1313 reliquum
544 1281 682 1315 pcnsionis
699 1283 810 1318 recipio.

219 1321 263 1349 i9.
275 1322 304 1350 Si
320 1330 437 1359 coeptum
453 1333 521 1361 opus
534 1334 548 1354 a
563 1331 642 1356 terrae
656 1333 730 1356 motu
745 1336 907 1359 concussum
920 1331 974 1360 fue-

183 1367 234 1401 rit,
251 1370 371 1404 pericnio
383 1371 408 1399 id
430 1372 545 1401 iocantis
558 1380 611 1402 est.

219 1415 264 1443 20.
281 1416 331 1449 Qui
355 1424 462 1445 servum
485 1419 520 1447 ab
543 1427 573 1447 se
592 1420 709 1448 locatum
735 1421 808 1449 furto
827 1422 973 1457 subtrahit,

182 1460 247 1488 furti
269 1466 384 1491 leuetur.

219 1505 265 1534 2i.
282 1507 310 1535 Si
324 1514 387 1536 ante
401 1509 502 1538 factum
523 1511 672 1545 periculum
697 1515 866 1545 corruerit...
884 1516 972 1551 siqui-

1023 276 1158 311 ἐνέχεται.

1059 325 1104 349 ια’.
1127 321 1244 358 Ὁμοίως
1260 321 1307 349 καὶ
1325 323 1365 355 εἷς
1379 321 1534 358 ὡρισμένον
1545 322 1640 356 τόπον,
1663 322 1711 349 καὶ
1729 322 1818 357 ὕπερ-

1023 368 1133 396 ϐαίνων.

1061 414 1103 449 ιβ’.
1125 415 1154 442 '0
1169 415 1259 442 λαϐὼν
1275 414 1338 450 βοῦν
1354 414 1423 450 πρὸς
1439 414 1583 450 ἐργασίαν,
1600 414 1624 441 εί
1642 413 1769 450 ἀποθάνῃ
1786 415 1818 440 ἐν

1022 458 1045 495 ᾧ
1059 461 1133 496 ἔργῳ
1150 461 1283 496 ἐζήτησεν
1308 461 1400 493 αὐτὸν,
1429 460 1547 496 ἀζήμιος
1572 460 1643 486 ἔστω
1657 468 1663 475 ·
1693 459 1718 486 εί
1730 459 1752 486 δ’
1770 459 1815 486 ἐπ’

1024 507 1097 544 ἄλλῳ
1114 507 1188 543 ἔργῳ
1201 507 1334 540 ἀπέθανε,
1351 506 1432 534 δώσει
1443 506 1524 534 αὑτὸν
1541 506 1709 541 ὁλοκλήρως.

1062 598 1106 634 ιγ’.
1123 598 1155 626 ’0
1185 598 1396 634 μισθωσάμενος
1419 597 1516 634 ἀγρὸν,
1541 597 1589 624 καὶ
1613 596 1698 632 χωρὶς
1725 594 1818 627 αἰτίας

1025 644 1078 680 πρὸ
1102 643 1151 670 τοῦ
1175 641 1417 678 συμπληρώματος
1444 641 1492 668 τοῦ
1523 641 1620 675 χρόνου
1645 637 1816 669 καταλιπὼν,

1024 690 1131 717 δίδωσιν
1144 689 1205 716 ὅλου
1221 688 1267 715 τοῦ
1282 688 1380 724 χρόνου
1396 688 1443 714 τὸν
1457 687 1565 723 μισθόν.

1061 735 1103 763 ιδ’.
1120 735 1150 762 '0
1164 734 1255 762 λαϐὼν
1275 735 1372 770 μισθὸν
1383 733 1430 760 ὲπὶ
1442 733 1551 768 φυλακῇ
1579 731 1755 767 πράγματος,
1769 728 1815 755 ὲκ-

1024 781 1175 809 mauku
1192 780 1255 817 περὶ
1268 780 1318 816 τὴν
1334 779 1416 806 αὑτοῦ
1431 778 1564 814 φυλακήν.

1061 830 1103 855 ts’.
1130 828 1161 854 '0
1181 827 1251 863 μετά
1274 826 1323 862 τὴν
1339 825 1539 861 συμπλήρωσιν
1558 823 1595 860 μὴ
1621 821 1817 850 ἀποκαθιστιῗη

1024 873 1056 900 τὸ
1081 874 1210 909 πρᾶγμα,
1242 872 1291 900 καὶ
1318 872 1348 900 τὸ
1373 872 1491 907 πρᾶγμα
1517 869 1677 902 ἀποδιδότω,
1706 868 1753 895 καὶ
1767 867 1818 902 τὴν

986 910 1011 940 Β
1025 917 1180 953 διατίμησιν
1207 917 1303 946 αὐτοῦ.

1061 963 1109 997 ις’.
1128 965 1186 996 Πᾶς
1205 963 1363 1000 ἐργολάϐος,
1379 963 1396 999 ἢ
1410 962 1546 997 τεχνίτης,
1568 960 1709 996 ἁψάμενος
1722 959 1816 995 ἔργου,

1025 1011 1072 1038 καὶ
1085 1010 1123 1046 μὴ
1139 1009 1251 1045 πληρῶν
1267 1009 1342 1041 αὐτὸ,
1372 1007 1467 1034 διδότω
1490 1007 1540 1042 τὴν
1570 1006 1717 1041 σύμπασαν
1733 1004 1818 1031 αὐτοῦ

1026 1056 1140 1092 ζημίαν,
1152 1055 1273 1090 δηλονότι
1288 1054 1436 1089 λαμϐάνων
1451 1053 1497 1080 τὸν
1515 1052 1611 1087 μισθὺν
1626 1051 1720 1078 αὑτοῦ.

1061 1101 1104 1133 ιζ’.
1118 1102 1148 1128 Ei
1164 1101 1191 1128 δὲ
1206 1101 1292 1136 πένης
1308 1101 1376 1131 ἐστὶ,
1392 1099 1438 1126 καὶ
1455 1098 1492 1134 μὴ
1512 1097 1603 1134 ἀρκῶν
1615 1097 1683 1132 πρὸς
1697 1095 1818 1124 καταϐο-

1024 1147 1073 1184 λὴν
1087 1148 1136 1183 τῆς
1150 1147 1263 1182 ζημίας,
1276 1145 1419 1172 τυπτέσθω
1435 1143 1482 1172 καὶ
1499 1143 1674 1179 ἐξοριξέσθω.

1061 1195 1105 1228 ιη’.
1141 1191 1205 1218 Ἐὰν
1239 1191 1345 1218 δίαιταν
1379 1190 1420 1222 είς
1449 1189 1572 1216 ἐνιαυτὸν
1599 1187 1814 1223 ἐμισθωσάμην,

1024 1238 1085 1266 ὅλον
1097 1238 1233 1273 παράσχω
1244 1237 1290 1264 τὸν
1307 1237 1402 1272 μισθόν
1415 1244 1422 1251 ·
1439 1237 1462 1262 εί
1474 1235 1502 1262 δὲ
1516 1235 1564 1262 καὶ
1577 1234 1657 1270 πέσῃ,
1671 1233 1762 1269 κάμφ).
1775 1232 1815 1267 τῷ

1024 1284 1097 1320 ἕκτῳ
1113 1284 1190 1320 μηνὶ,
1205 1282 1390 1317 ἀναλαμϐάνω
1405 1282 1436 1309 τὸ
1448 1281 1552 1308 λοιπόν.

1061 1330 1105 1358 ιϐ’.
1128 1330 1192 1357 Ἐὰν
1202 1330 1231 1357 τὺ
1246 1329 1388 1364 γινόμενον
1403 1328 1482 1364 ἔργον
1494 1327 1547 1355 ἀπὸ
1559 1325 1672 1361 σεισμοῦ
1689 1333 1816 1360 παρασα-

1024 1377 1118 1413 λευθῇ,
1134 1376 1181 1404 τοῦ
1202 1375 1387 1412 μισθώσαντός
1400 1376 1474 1401 ἐστιν
1489 1375 1503 1401 ὁ
1522 1373 1654 1404 κίνδυνος.

1060 1427 1094 1452 κ’,
1130 1423 1159 1450 '0
1183 1423 1307 1450 κλέπτων
1331 1422 1377 1449 τὸν
1402 1419 1574 1457 μισθωθέντα
1600 1418 1683 1446 αὑτοῦ
1707 1416 1814 1450 δοῦλον,

1024 1469 1147 1504 ἐνέχεται
1169 1469 1207 1501 ὡς
1226 1468 1356 1502 κλέπτης.

1060 1513 1114 1541 κα’.
1137 1514 1201 1540 Ἐὰν
1219 1513 1273 1548 πρὸ
1289 1512 1451 1548 δοκιμασίας
1464 1512 1536 1548 πέσῃ
1548 1511 1579 1537 τὸ
1594 1510 1713 1546 ῥεῖθρον,
1725 1509 1750 1536 εί
1763 1507 1813 1543 μὲν

184 1551 245 1579 dem
261 1553 312 1581 soli
328 1554 404 1586 vitio,
427 1556 469 1583 vel
481 1564 515 1584 ex
533 1562 611 1585 terra:
634 1564 706 1587 motu
718 1580 725 1593 ,
743 1561 858 1590 iocantis
876 1562 971 1590 damno

1041 1561 1079 1587 ,πδ
1091 1560 1180 1591 αἰτίας
1192 1560 1239 1586 τοῦ
1251 1559 1378 1593 ἐδάφους,
1398 1558 1414 1593 ἥ
1437 1558 1490 1584 ἀπὸ
1508 1556 1663 1606 σεισμοὶ-ὸ
1675 1554 1815 1607 μισθώσας

183 1602 226 1626 est
247 1606 254 1626 :
275 1598 319 1627 sin
331 1600 422 1634 operis
437 1601 511 1636 vitio,
530 1605 713 1634 conductoris.

220 1689 266 1717 2‘2.
283 1690 312 1718 Si
332 1691 394 1727 quis
416 1700 430 1720 a
457 1694 544 1723 vicino
567 1695 720 1730 jumentum
744 1699 862 1734 petierit,
894 1700 974 1736 idque

185 1734 268 1764 fuerit
280 1738 420 1772 adtritum,
434 1740 475 1768 vel
491 1746 612 1776 captum,
630 1744 670 1771 vel
687 1749 822 1774 mortuum
834 1765 842 1779 ,
861 1734 972 1776 domino

185 1790 239 1810 non
256 1790 399 1819 praesente,
413 1786 515 1815 solvet:
527 1789 569 1816 sin
582 1790 706 1820 dominus
715 1792 796 1824 adsit,
811 1800 864 1820 non
876 1793 973 1821 solvet.

187 1829 218 1856 Si
234 1831 418 1860 conductitius
437 1833 535 1869 aliquis
554 1835 651 1870 fuerit,
667 1838 702 1865 sit
716 1838 740 1866 ei
758 1838 818 1867 ioco
829 1840 972 1868 mercedis.

450 1944 600 1975 TiTULUS
629 1947 723 1978 XXVI.

491 2003 531 2032 De
546 2005 663 2034 leuibus.

220 2057 247 2084 Ι.
265 2057 292 2084 in
308 2058 422 2086 testibus
438 2060 724 2098 rcquiriturdignitas,
741 2069 769 2092 et
784 2064 861 2098 ﬁdes,
874 2070 900 2094 et
913 2073 972 2094 mo-

183 2110 238 2135 res,
253 2107 280 2131 ct
290 2105 420 2139 gravitas.
437 2105 533 2134 Testes
550 2107 602 2134 ﬁde
614 2109 686 2143 digni
696 2114 788 2143 sunto,
805 2117 857 2138 non
873 2112 971 2138 sedcn-
991 2113 1001 2120 ‘

1027 1606 1172 1642 ζημιοῦται
1187 1614 1195 1622 ·
1223 1605 1248 1631 εί
1272 1605 1301 1632 δὲ
1330 1604 1360 1637 ἐξ
1386 1602 1577 1639 ἐλαττώματος
1602 1601 1650 1629 τοῦ
1680 1601 1775 1637 ἔργου,
1800 1599 1816 1626 ὁ

1028 1652 1246 1689 μισθωσάμενος.

1062 1697 1114 1733 κβ’.
1139 1697 1204 1725 Ἐὰν
1226 1698 1328 1734 αἰτήσῃ
1342 1707 1383 1729 τις
1397 1697 1472 1732 παρὰ
1493 1695 1540 1723 τοῦ
1564 1694 1680 1731 πλησίον
1704 1693 1814 1727 κτῆνος,

1026 1743 1073 1770 καὶ
1093 1743 1233 1778 συντριϐῇ,
1255 1743 1272 1778 ἢ
1301 1742 1474 1778 αἰχμάλωτον
1494 1741 1615 1776 γένηται,
1642 1739 1658 1774 ἢ
1679 1737 1814 1772 ἀποθάνῃ,

1025 1789 1039 1815 ό
1064 1788 1094 1815 δὲ
1119 1789 1215 1824 κύριος
1243 1786 1313 1825 μὴῇ
1331 1789 1389 1823 μετ’
1415 1787 1511 1819 αὐτοῦ,
1536 1787 1680 1814 ἀποτίσει·
1712 1784 1759 1811 ἐὰν
1784 1783 1815 1809 δὲ

1024 1832 1039 1858 ὁ
1055 1833 1150 1868 κύριος
1173 1833 1256 1860 αὐτοῦ
1285 1834 1343 1868 μετ’
1374 1832 1456 1859 αὐτοῦ
1484 1830 1513 1868 ᾖ,
1536 1831 1586 1858 οὐκ
1603 1830 1748 1857 ἀποτίσει·
1765 1827 1814 1854 ἐὰν

1025 1881 1053 1907 δὲ
1071 1881 1206 1917 μισθωτὸς
1219 1879 1248 1918 ᾗ,
1262 1881 1333 1908 ἔστω
1348 1880 1422 1917 αὐτῷ
1435 1879 1496 1908 ἀντὶ
1509 1879 1557 1906 τοῦ
1569 1877 1666 1914 μισθοῦ
1682 1875 1778 1904 αὺτοῦ.

1311 1949 1435 1976 ΤΙΤΛΟΣ
1451 1946 1523 1982 xq’.

1287 2004 1358 2038 Περὶ
1377 2003 1546 2039 μαρτύρων.

1061 2062 1095 2089 α’.
1126 2061 1189 2088 Ἐπὶ
1211 2061 1266 2088 τῶν
1297 2062 1444 2097 μαρτύρων
1478 2059 1637 2096 ζητεῖταιὴ
1665 2058 1740 2092 ἀξία,
1765 2057 1814 2085 καὶ

1024 2110 1040 2144 ἡ
1062 2108 1162 2141 πίστις,
1177 2107 1225 2135 καὶ
1241 2108 1274 2135 τὰ
1288 2107 1352 2144 ἤθη,
1367 2108 1414 2134 καὶ
1434 2108 1451 2143 ἡ
1467 2106 1625 2143 στερῤὀτης.
1646 2105 1814 2138 Ἀξιόπιστοι

183 2149 246 2176 tarii
262 2154 288 2177 et
310 2150 411 2178 sordidi
434 2151 554 2186 quidam,
577 2160 627 2181 nec
647 2154 774 2188 humiles,
793 2163 843 2183 nec
859 2155 971 2184 omnino

1041 2162 1146 2181 στωσαν
1172 2154 1197 2180 oi.
1225 2153 1373 2189 μάρτυρες,
1396 2153 1433 2189 μή
1458 2161 1531 2185 τινες
1555 2152 1715 2187 ὲπιδίφριοι.
1745 2150 1813 2186 μηδὲ

181 2194 292 2222 obscuri
309 2203 316 2222 :
333 2196 379 2222 sed
395 2201 503 2231 oportet
520 2204 567 2225 eos
590 2199 799 2228 existimationis
814 2208 875 2229 esse
894 2202 971 2229 bona).

1041 2201 1185 2236 αμερπεῖς,
1197 2199 1264 2235 μηδὲ
1275 2199 1408 2230 παντοίοις
1417 2198 1469 2234 ἄση
1475 2207 1529 2233 μοι,
1539 2197 1597 2225 ἀλλ’
1607 2197 1812 2233 εὐῡπολήπτους

181 2246 294 2276 propter
309 2241 475 2276 dignitatem,
490 2248 536 2270 aut
552 2243 688 2278 militiam,
703 2249 749 2272 aut
761 2245 912 2281 facultates,
924 2252 969 2274 aut

1041 2245 1093 2274 ίναι
1112 2246 1152 2274 δεῖ
1174 2245 1219 2272 διὰ
1243 2246 1293 2280 τὴν
1304 2245 1412 2281 ἀξίανῆ
1439 2244 1607 2280 στρατηγίαν
1629 2241 1811 2280 [etpassim],

181 2287 391 2322 professionem.

215 2332 244 2359 2.
265 2331 313 2360 Sin
336 2333 420 2368 ignoti
442 2337 516 2366 sunt,
541 2338 569 2361 et
596 2335 783 2369 circulatores,
815 2339 971 2365 examincnt

179 2385 274 2406 eorum
296 2378 450 2406 testimonia
464 2377 578 2413 iudices,
592 2384 621 2407 et
633 2387 679 2414 per
693 2382 854 2415 quaestiones
870 2383 904 2410 ad
923 2391 970 2411 eos

178 2425 322 2459 accedant,
344 2429 373 2452 ut
389 2424 591 2460 perceptionem
604 2426 724 2455 veritatis
738 2427 888 2457 inveniant.

212 2513 241 2540 3.
259 2512 403 2547 Parentes,
415 2518 440 2541 et
456 2513 545 2547 liberi,
559 2519 654 2542 contra
668 2523 697 2542 se
709 2516 861 2544 testimonia
877 2517 970 2545 dicen-

177 2563 228 2592 tes,
244 2567 297 2587 non
314 2560 493 2588 admittuntor
512 2568 518 2586 :
536 2568 568 2589 ac
582 2569 670 2597 neque
684 2569 734 2597 pro
750 2563 869 2596 domino,
883 2571 969 2599 neque

177 2610 272 2633 contra
295 2606 435 2634 dominum
456 2614 551 2635 servus
574 2613 620 2635 aut
647 2607 759 2636 libertus
784 2610 967 2637 testiinonium

175 2651 251 2680 dicit.

211 2697 238 2726 4.
259 2697 351 2732 Pater,
370 2704 396 2727 et
421 2699 493 2727 ﬁlius
517 2700 646 2735 familias,
668 2705 695 2729 et
713 2701 766 2729 duo
791 2701 890 2731 fratres
918 2702 966 2731 ﬁlii

176 2743 303 2777 familias,
324 2744 350 2771 in
368 2745 461 2772 eodem
477 2746 584 2780 negotio
597 2751 680 2774 testes
699 2754 758 2774 esse
773 2751 894 2782 possunt.

211 2789 239 2817 5.
255 2789 324 2817 Cum
346 2793 429 2818 testes
455 2791 525 2825 apud
536 2791 644 2826 judices
661 2797 754 2820 contra
769 2797 849 2821 testes
863 2794 966 2828 produ-

175 2839 284 2868 cuntur,
301 2835 418 2870 primum
434 2836 536 2871 absque
551 2835 710 2871 juramcnto
733 2838 759 2865 in
787 2838 894 2867 duobus
918 2843 965 2867 aut

175 2881 263 2912 tribus
277 2881 450 2911 examinibus
463 2881 513 2911 sibi
536 2883 644 2918 cognita
657 2884 797 2918 proferant
816 2894 822 2912 :
840 2885 911 2924 ac_si
931 2886 964 2915 dc

1022 2293 1039 2328 ἢ
1060 2292 1202 2328 εὐπορίαν,
1219 2292 1236 2327 ἢ
1260 2291 1445 2327 ἐπιτήδευσιν.

1059 2338 1091 2373 β’.
1106 2339 1136 2365 El
1151 2338 1180 2364 δέ
1195 2338 1265 2364 εἰσιν
1283 2338 1418 2372 ἄγνωστοι
1441 2337 1488 2364 καὶ
1507 2336 1681 2372 ἀμφιτίσταὶ,
1705 2335 1739 2362 τὰ
1761 2335 1811 2370 τῆς

1021 2385 1112 2411 αὐτῶν
1130 2384 1282 2420 μαρτυρίας
1307 2383 1544 2416 κακονιζέσοωσαν
1570 2384 1594 2410 oi
1609 2382 1746 2413 Sinoni,
1763 2381 1811 2408 καὶ

1020 2430 1064 2457 διὰ
1079 2430 1205 2465 βασάνων
1228 2429 1402 2465 ὲρχέσθωσαν
1425 2429 1494 2465 πρὸς
1518 2429 1627 2461 αὐτοὺς,
1659 2429 1733 2459 ὅπως
1761 2426 1810 2462 τὴν

1021 2477 1070 2511 τῆς
1085 2476 1214 2512 ἀληθείας
1227 2476 1379 2510 κατάληψιν
1396 2475 1523 2511 εὕρωσιν.

1056 2521 1091 2556 γ’.
1108 2522 1139 2548 Οί
1153 2523 1242 2556 γονεῖς
1256 2521 1302 2548 καὶ
1320 2522 1355 2548 τὰ
1368 2521 1452 2548 τέκνα
1469 2521 1530 2548 κατ’
1546 2520 1669 2555 ἀλλήλων
1683 2520 1809 2554 λέγοντες

1022 2568 1059 2603 μὴ
1083 2567 1348 2602 προσδεχέσθωσαν·
1379 2568 1447 2602 μήτε
1475 2566 1545 2602 ὑπὲρ
1567 2566 1710 2598 δεσπότου,
1739 2565 1809 2599 μήτε

1019 2613 1090 2640 κατὰ
1105 2613 1246 2646 δεσπότου,
1267 2613 1359 2646 δοῦλος
1380 2613 1397 2649 ἢ
1419 2613 1601 2648 ἀπελεύθερος
1617 2613 1808 2648 μαρτυρεῖται.

1056 2701 1085 2729 δ’.
1103 2702 1210 2737 Πατὴρ,
1227 2703 1275 2729 καὶ
1290 2703 1347 2734 υίὸς
1363 2702 1535 2734 ὑπεξούσιος,
1559 2702 1606 2729 καὶ
1622 2702 1669 2729 δύ’)
1696 2702 1808 2737 ἀδελφοὶ

1019 2749 1184 2784 ὑπεξούσιοι,
1204 2750 1408 2785 μαρτυροῦνται
1425 2751 1454 2777 ἐν
1469 2750 1511 2777 ἑνὶ
1527 2750 1681 2785 πράγματι.

1053 2794 1084 2823 ε’.
1105 2796 1136 2822 υἱ
1152 2796 1290 2831 μάρτυρες
1301 2796 1348 2823 ἐπὶ
1360 2796 1414 2822 τῶν
1433 2796 1569 2824 δικαστῶν
1595 2797 1636 2828 εἰς
1664 2795 1806 2830 μάρτυρας

1017 2841 1158 2876 ἀγόμενοι,
1186 2842 1296 2877 πρῶτον
1324 2841 1388 2869 ἄνευ
1400 2842 1482 2877 ὅρκου
1500 2842 1548 2868 ἐπὶ
1572 2841 1648 2869 δυσὶν
1674 2841 1690 2877 ἦ
1717 2839 1807 2875 τρισὶν

1017 2886 1178 2923 ἀνακρίσεσι
1193 2887 1227 2916 τὰ
1238 2887 1287 2923 τῆς
1303 2888 1432 2924 είδὴσεως
1451 2888 1543 2916 αὐτῶν
1569 2888 1732 2923 λεγέτωσαν·
1760 2887 1807 2914 καὶ
