1945 3073
117 157 172 187 533

751 158 946 189 DELECTUS
967 159 1111 191 LEGUM.

1689 157 1746 190 ωε

117 211 166 238 ἐὰν
179 211 245 247 περ)⁸
261 211 307 238 τοῦ
319 211 485 247 ζητουμένου
501 211 635 248 εὗρεοῶσι
651 212 774 247 λέγοντες
791 213 818 240 τί
830 221 906 246 ποτε,

981 222 1000 248 3,
1018 223 1077 250 quas
1098 215 1256 250 inquiritur,
1272 215 1373 243 invenlt
1393 214 1495 243 fuerint
1516 214 1616 250 aliquid
1641 215 1743 248 dicere.

117 257 180 283 τότε
196 257 383 291 ὀμνυέτωσαν.

156 302 193 335 ς’.
210 304 241 330 Οἱ
257 303 366 338 μακρὰν
377 303 516 337 διάγοντες
528 304 666 341 μάρτυρες
681 305 709 331 ὲν
723 305 784 336 ταῖς
799 313 907 340 χρημα-

118 352 212 382 τικαῐς
239 350 385 377 ὑποθέσεσι
403 351 473 378 κατά
488 351 533 378 τὸν
550 351 633 378 τόπον
648 352 686 387 μὴ
700 352 909 386 ἀναγκαζέσθω-

120 405 173 423 σαν
201 397 419 432 παραγενέσθαι,
445 398 514 424 ἀλλὰ
530 398 563 425 δι’
583 398 713 425 ἐντολέων
727 398 794 434 πρὸς
808 399 908 431 αὐτοὺς

118 443 303 478 στελλομένων
314 443 348 470 τὰ
359 443 409 479 τῆς
420 444 550 480 εἰδήσεως
563 444 653 471 αὐτῶν
667 444 905 480 μαρτυρείτωσαν.

155 487 186 520 ζ’.
222 489 266 515 Ἐν
296 489 472 525 έκμαρτυρίῳ
515 489 553 525 μὴ
591 490 745 517 πιστευέτω
771 489 906 516 ταὸουλά-

119 543 188 569 ριος.

154 583 189 615 η’.
206 581 237 607 Οἱ
254 580 405 616 μάρτυρες,
422 581 480 609 ὅσοι
495 581 595 617 δήποτε
616 582 725 618 ἀριθμῷ
746 580 808 616 ὦσι,
827 584 908 620 μέχρι

117 625 260 661 τεσσάρων
276 626 403 659 ταξιδίων
427 627 476 654 καὶ
495 627 575 663 μόνον
599 628 770 662 ἀγὲαοωσαν,
791 629 908 664 ἑκάστης

117 673 290 707 παραγωγῆς
302 672 367 706 μίαν
384 673 400 707 ἡ
405 672 503 708 μέραν.

154 716 185 742 0'.
214 714 262 748 Εἲς
288 717 394 753 μάρτυς
419 718 566 754 μαρτυρῶν
587 719 617 747 οὔ
645 719 826 752 πιστεύεται,
851 720 909 747 ἀλλ’

117 761 306 790 ἐκϐαλλέσθω.

157 806 182 834 ι’,
217 807 280 835 Ἐὰν
308 808 338 835 δὲ
369 809 490 837 τοιοῦτόν
519 811 577 839 ἐστι
611 812 643 840 τὸ
673 816 807 852 πρᾶγμα,
838 818 909 846 ὥστε

116 852 247 886 δέξασθαι
275 855 466 890 μαρτυροῦντα
496 857 560 891 ἕνα,
590 859 607 894 ἢ
637 862 773 896 κυνηγὸν,
799 863 815 899 ἢ
845 865 909 897 τοὺς

116 899 237 934 ὁμοίους,
251 903 335 936 χωρὶς
346 901 471 936 βασάνων
486 904 517 930 οὐ
528 905 696 934 πιστεύεται.

155 948 199 972 ια’,
218 946 249 972 οι
276 946 403 981 πένητες,
426 949 450 974 οι
477 949 516 984 μὴ
542 949 650 985 ἔχοντες
676 954 846 990 πεντήκοντα
862 965 905 983 νο-

119 990 264 1025 μισμάτων
276 993 446 1028 περιουσίαν,
459 995 489 1021 οὐ
505 997 702 1032 μαρτυροῦσιν.

155 1035 199 1070 ιβ’.
215 1037 246 1063 οι
265 1038 402 1073 μάρτυρες
416 1038 432 1074 ἢ
445 1039 534 1074 ἀξίαν,
551 1041 567 1076 ἤ
581 1044 710 1077 στρατιὰν
724 1046 908 1082 [etpassim],

119 1081 136 1115 ἢ
156 1082 370 1128 ἐπιτηδεύματα,
398 1085 414 1119 ἥ
441 1086 578 1121 ἐμπορίαν
604 1088 760 1127 [εὐπορίαν]
789 1081 910 1128 ἔχοντες,

120 1126 192 1152 κατὰ
203 1127 338 1163 πρόληψιν
346 1129 467 1156 δεκταίοι
477 1132 668 1166 τυγχάνουσιν.

139 1171 201 1223 ,ιγη
225 1173 255 1199 '0
282 1175 490 1223 καταδικασθεὶς
515 1178 579 1212 περὶ
596 1180 732 1214 μοιχείας,
756 1183 786 1208 οὐ
803 1183 911 1219 δέχεται

121 1218 162 1247 εἰς
177 1218 344 1253 μαρτυρίαν.

159 1262 201 1289 ιδ’.
219 1263 249 1290 '0
260 1264 351 1299 ἥττων
360 1265 414 1292 τῶν
423 1266 509 1293 εἴκοσι
522 1268 600 1300 ἐτῶν,
613 1269 644 1296 οὐ
657 1273 804 1307 μαρτυρεῖ.

160 1309 201 1337 ιε’.
231 1310 261 1338 '0
285 1311 389 1345 δοῦλος,
408 1313 454 1339 καὶ
469 1314 483 1339 6
497 1315 599 1349 κωφὸς,
625 1316 672 1343 καὶ
695 1318 709 1344 6
735 1319 911 1355 μαινόμενος,

121 1354 153 1380 οὐ
170 1357 312 1391 μαρτυρεῖ.

159 1403 208 1447 ιςξ.
231 1400 324 1447 Ὃγτὴν
336 1402 441 1430 οἰκείαν
458 1403 601 1441 ξδιόχειρον
615 1406 662 1433 τοῦ
677 1409 774 1444 χρέους
789 1418 911 1447 συγγρα-

122 1445 177 1491 ιρὴν
189 1445 366 1491 άρνοὺμενος,
383 1447 399 1483 ἢ
413 1448 447 1474 τὰ
467 1450 557 1476 οἰκεῖα
573 1452 726 1488 γράμματα
737 1445 910 1491 ἐπιθέμενος,

122 1490 287 1525 ἀρνούμενος
306 1492 334 1518 δὲ
348 1493 399 1528 τὴν
426 1494 581 1531 καταϐολὴν
607 1497 655 1532 τῆς
668 1499 828 1534 ποσότητος,
842 1502 912 1536 μετὰ

960 265 1023 288 tunc
1036 260 1224 296 jusjurandum
1241 266 1380 295 pnestent.

993 306 1021 333 6.
1036 307 1087 340 Qui
1113 307 1205 341 procul
1221 307 1322 342 degunt
1341 312 1436 340 testes,
1456 308 1482 334 in
1497 307 1586 335 causis
1612 307 1747 342 pecunia-

959 351 1006 379 riis
1020 352 1053 378 ad
1070 351 1156 386 ipsum
1171 352 1259 379 locqu
1275 359 1304 379 se
1320 352 1447 379 conferre
1461 359 1514 379 non
1529 357 1662 386 coguntor
1674 371 1682 384 ,
1701 352 1747 379 sed

959 404 1008 431 per
1040 396 1233 430 mandatorcs,
1249 397 1282 424 ad
1302 404 1350 425 eos
1370 397 1480 429 missos,
1501 402 1632 432 quantum
1657 397 1750 425 norint

960 445 1101 470 testanlor.

994 488 1019 515 7.
1037 487 1066 515 ln
1080 488 1224 516 testimonii
1239 488 1358 516 dictione
1378 488 1445 515 ﬁdes
1467 488 1602 516 tabulario
1624 495 1677 516 non
1696 488 1748 515 ha-

958 532 1048 560 betor.

993 578 1020 605 8.
1040 578 1146 611 Testes,
1167 583 1340 614 quotcunque
1361 579 1472 606 tandem
1500 586 1615 606 numero
1638 578 1748 612 fuerim,

959 623 992 650 ad
1007 630 1124 658 quatuor
1143 624 1284 652 dumtaxat
1302 625 1473 653 accessiones
1498 625 1692 660 producuntur,
1716 625 1749 651 ad

959 676 1042 696 unum
1060 670 1131 698 diem
1148 671 1323 705 productione
1340 671 1470 706 qualibet.

994 715 1021 742 9.
1038 714 1090 743 Uni
1106 715 1180 747 testi.
1196 716 1381 744 testimonium
1400 716 1511 750 dicenti,
1525 715 1591 744 ﬁdes
1603 723 1655 744 non
1668 715 1750 744 habe-

961 763 1004 787 tur
1011 780 1019 793 ,
1037 761 1084 788 sed
1099 760 1230 795 rejicitor.

997 806 1039 833 10.
1058 806 1086 834 Si
1099 814 1162 834 vero
1175 807 1228 834 tale
1249 807 1384 842 negotium
1395 808 1442 840 sit,
1455 811 1484 834 ut
1498 807 1657 835 admittatur
1673 807 1751 836 testis

960 859 1041 886 unus,
1053 852 1094 880 vcl
1106 853 1247 880 arenarius
1256 852 1308 888 (ὅ),
1318 853 1360 881 vel
1371 853 1413 880 his
1426 853 1541 886 similes,
1554 853 1612 880 sine
1621 854 1750 888 quzestio,

961 899 1040 927 nibus
1056 899 1096 927 cis
1113 899 1180 928 ﬁdes
1195 907 1248 927 non
1263 899 1386 927 habetur.

997 944 1041 972 11.
1059 944 1205 980 Pauperes,
1217 945 1262 980 qui
1275 953 1401 973 nummos
1414 946 1652 982 quinquagintain
1669 946 1750 975 bonis

962 998 1014 1017 non
1033 990 1143 1024 habent,
1157 996 1239 1019 testes
1255 998 1316 1019 esse
1328 997 1478 1026 nequeunt.

1000 1037 1039 1065 12.
1058 1037 1108 1072 Qui
1129 1042 1215 1066 testes
1235 1043 1282 1066 aut
1296 1039 1457 1074 dignitatem
1480 1038 1592 1072 habent,
1612 1043 1659 1066 aut
1681 1038 1752 1066 mili-

962 1084 1039 1116 tiam,
1054 1088 1100 1111 aut
1115 1083 1326 1119 professionem,
1349 1089 1395 1112 aut
1411 1084 1555 1112 facultates
1568 1084 1691 1117 idoneas,
1703 1091 1752 1119 pet'

963 1130 1200 1165 praesumptionem
1216 1130 1404 1158 admittuntur.

999 1176 1043 1203 t3.
1063 1175 1209 1203 Damnatus
1220 1176 1246 1203 in
1258 1175 1360 1210 judicio
1374 1175 1512 1210 adulterii,
1523 1183 1577 1204 non
1592 1176 1747 1205 admittitur

964 1221 997 1248 ad
1015 1221 1160 1249 dicendum
1172 1222 1369 1250 testimonium.

999 1266 1043 1292 N.
1061 1265 1148 1293 Minor
1160 1267 1239 1294 annis
1254 1267 1348 1302 viginti
1365 1267 1443 1295 testis
1456 1275 1519 1296 esse
1538 1275 1591 1296 non
1605 1272 1704 1303 potest.

1001 1311 1046 1338 15.
1059 1311 1160 1340 Servus
1170 1316 1197 1340 et
1209 1312 1317 1345 surdus,
1333 1317 1360 1340 et
1376 1312 1504 1347 furiosus,
1520 1318 1646 1348 non-sunt
1657 1317 1750 1341 testes.

1007 1402 1049 1431 16.
1066 1403 1116 1436 Qui
1135 1403 1264 1438 scriptam
1288 1410 1369 1431 manu
1393 1410 1441 1431 sua
1465 1402 1648 1439 syngrapham
1668 1402 1752 1430 debiti

964 1454 1053 1484 negat,
1071 1453 1118 1476 aut
1136 1456 1213 1476 suam
1227 1449 1336 1484 quidem
1352 1450 1408 1477 edit
1426 1450 1599 1485 scripturam,
1616 1449 1663 1477 sed
1677 1448 1752 1476 solu-

965 1495 1066 1522 tionem
1087 1502 1200 1522 summa:
1211 1495 1351 1523 inﬁtiando
1365 1500 1460 1530 negat;
1481 1496 1640 1530 probatione
1654 1494 1752 1523 verita-

123 1536 259 1592 d1z65et5t‘v
271 1537 321 1592 τῆς
337 1538 477 1574 ἀληθείας,
497 1541 577 1578 διπλῇ
602 1543 731 1580 ποσότητι
754 1546 768 1572 6
789 1547 909 1581 ἀρνησά-

981 1542 998 1568 is
1016 1545 1119 1574 secuta,
1141 1541 1167 1568 in
1183 1541 1291 1576 duplam
1304 1549 1439 1569 summam
1455 1541 1661 1569 condemnatur.

125 1590 205 1616 μενος
222 1582 253 1609 τὸ
268 1583 349 1619 χρέος
361 1586 584 1619 καταδικάζεται.

161 1627 204 1675 ιζ’.
217 1629 248 1655 Et
263 1629 292 1656 δέ
301 1638 343 1662 τις
357 1631 462 1668 ἀρνηθῇ
472 1632 503 1660 τὸ
513 1634 699 1672 ἐκμαρτύριον
709 1637 792 1665 αὑτοῦ
804 1638 911 1675 ιδιόχει-

125 1682 182 1721 ρον,
196 1674 277 1710 ὅρκος
294 1675 440 1711 ὲπαγέσοω
455 1678 494 1715 τῷ
513 1679 653 1718 λεγομένῳ
676 1682 806 1721 [λέγοντι]
822 1674 909 1714 ταῦτα

125 1720 163 1756 μὴ
177 1724 405 1759 χειρογραφῆσαι.

160 1769 206 1801 ιη’.
225 1767 253 1794 '0
271 1768 356 1797 θέλων
381 1770 505 1806 ἐπισχεῖν
528 1774 593 1806 τοὺς
614 1775 768 1813 μάρτυρας,
789 1778 910 1813 δαπάνας

124 1812 215 1845 αὐτοῖς
227 1813 331 1842 διδότω.

160 1859 203 1887 ιθ’.
220 1861 277 1887 Οὐκ
290 1861 402 1889 ἀπαιτεῖ
416 1863 431 1890 6
445 1864 610 1900 ὲναγόμενος
625 1868 719 1903 φέρειν
732 1871 795 1898 καθ’
810 1873 909 1900 ἑαυτοῦ

123 1905 297 1953 δικαιώματα
312 1908 379 1943 πρὸς
393 1909 544 1944 ἀπόδειξιν.
562 1912 591 1939 ’0
602 1914 657 1949 γὰρ
678 1916 782 1950 ὲνάγων
807 1918 910 1953 ὀφείλει

123 1951 220 1984 δεῖξαι,
235 1952 281 1979 καὶ
292 1954 316 1980 εἰ
329 1954 367 1990 μὴ
379 1955 464 1992 δείξῃ,
476 1957 542 1992 νικᾷ
551 1959 565 1984 6
580 1959 753 1995 ἑναγόμενος.

160 1997 195 2024 κ’.
217 1999 246 2025 ’0
265 2000 407 2036 ἐπιφέρων
431 2003 486 2030 τινὶ
512 2005 604 2040 ὅρκον,
631 2007 684 2042 πρὸ
709 2008 756 2035 τοῦ
782 2009 911 2042 δέξασθαι

124 2044 170 2072 τὸν
186 2045 268 2081 ὅρκον
281 2046 392 2075 δύναται
414 2049 483 2084 μετὰ
505 2051 585 2079 τοῦτο
602 2051 687 2088 [μετὰ
718 2054 760 2090 τὸ]
774 2057 911 2092 τραπῆναι

124 2091 340 2138 είςγάπόδειειν.
374 2093 404 2120 '0
431 2094 634 2124 διαὸεϐαιοῦται
666 2097 718 2134 [δὶς
746 2099 910 2138 βεϐαιώσας]

123 2137 155 2164 οὐ
170 2137 283 2165 δύναται
299 2139 347 2166 ἐπὶ
358 2139 404 2167 τὸν
415 2140 496 2176 ὅρκον
509 2142 680 2172 ἐπανελθεῖν.

158 2183 212 2211 κα’.
236 2184 265 2212 Ὀ
275 2185 379 2221 ὀμόσας
394 2187 463 2214 [διον
475 2186 545 2216 εἶναι
558 2190 589 2216 τὸ
608 2191 737 2227 πρᾶγμα,
756 2192 868 2221 ἀπαιτεῖ
879 2203 910 2221 τε

124 2230 247 2265 καρποὺς
266 2231 313 2258 καὶ
326 2232 438 2260 τοκετδν
451 2233 630 2270 Θρεμμάτων.

158 2274 209 2310 κβ’.
236 2276 265 2304 ’0
281 2278 362 2312 ὅρκος
384 2278 499 2314 δύναμιν
520 2281 685 2316 ἀποφάσεως
708 2282 776 2318 ἔχει.
806 2284 836 2311 Ὀ
857 2285 911 2322 γὰρ

124 2322 262 2358 ἐπιφέρων
278 2323 369 2359 ὅρκον,
384 2325 432 2352 τοῦ
448 2326 584 2354 ἀντιδίκου
596 2328 679 2355 αὐτοῦ
695 2329 770 2356 δοκεῖ
779 2329 911 2367 δικαστὴν

124 2367 205 2394 αὑτὸν
221 2369 318 2396 ποιεῖν.

159 2416 210 2448 κγ’.
232 2414 264 2440 Οἱ
284 2414 419 2449 ἄγνωστοι
443 2417 499 2444 τῶν
525 2416 672 2453 μαρτύρων
699 2417 747 2445 καὶ
771 2418 911 2454 βασανιζέ-

125 2459 241 2493 σοωσαν,
258 2462 282 2488 εί
296 2462 397 2497 δεήσει.

160 2506 208 2532 κδ’.
229 2506 274 2532 Ἐν
289 2508 348 2540 ταῖς
367 2510 563 2544 παραγραφαῖς
575 2510 589 2537 ὁ
602 2511 765 2547 ὲναγὸμενος
787 2512 910 2548 βαρεῖται

124 2552 156 2586 τῇ
170 2551 318 2584 ἀποδείξει.

161 2595 211 2624 κε’.
227 2597 311 2623 Ὀταν
339 2598 364 2624 οἱ
392 2598 530 2635 μάρτυρες
555 2600 662 2632 ἑαυτοῖς
679 2601 874 2636 ἐναντιοῦνται,
893 2603 909 2638 ἢ

124 2641 212 2673 ἄλλως
234 2642 259 2668 oi
288 2643 437 2678 μάρτυρες,
464 2645 480 2679 ἢ
500 2645 626 2677 πλαστῶς
644 2647 823 2682 μαρτυροῦσι,
850 2649 911 2675 τότε

124 2687 244 2731 δεχέσθω
259 2689 273 2715 6
290 2688 419 2724 δικαστὴς
431 2689 494 2721 τοὺς
510 2690 539 2722 ἐξ
550 2690 641 2718 αὐτῶν
658 2692 908 2729 ἁξιοπιστοτέρους,

126 2735 172 2760 καὶ
190 2734 346 2767 κολαζέσθω
361 2736 424 2767 τοὺς
437 2735 586 2770 ὑπόπτους,
607 2738 686 2773 εἰπερ
707 2738 834 2774 ἐπίτηδες
851 2748 911 2774 φα-

125 2781 195 2808 ναῖεν
207 2781 436 2818 κακουργοῦντες.

163 2869 201 2906 (5)
217 2870 272 2901 Hoc
286 2878 336 2908 est,
358 2873 403 2909 qui
420 2874 539 2902 decertat
568 2872 595 2900 in
622 2881 705 2901 arena
721 2873 763 2902 vel
793 2873 909 2902 theatro.

998 1633 1041 1660 1⁸1.
1054 1632 1089 1660 At
1101 1632 1125 1660 si
1145 1633 1205 1668 quis
1223 1633 1407 1661 testimonium
1423 1641 1503 1662 suum
1525 1641 1620 1661 manus
1634 1633 1751 1669 propria

964 1678 1114 1714 negaverit,
1129 1678 1386 1713 tuncjuramcntum
1404 1679 1441 1707 illi
1457 1679 1587 1713 del‘crtor,
1599 1679 1645 1715 qui
1660 1687 1690 1708 se
1704 1679 1750 1706 illa

963 1733 1044 1752 manu
1062 1726 1175 1761 propria
1192 1734 1245 1753 non
1257 1726 1403 1761 Scripsisse
1418 1726 1494 1754 dicit.

998 1771 1042 1800 18.
1061 1772 1112 1806 Qui
1131 1776 1212 1800 testes
1225 1772 1342 1800 retinere
1352 1773 1419 1800 vult.
1433 1773 1477 1800 det
1491 1772 1531 1801 eis
1549 1772 1696 1807 impensas.

999 1865 1043 1893 19.
1061 1865 1134 1894 Reus
1148 1866 1327 1893 instrumenta
1342 1871 1439 1894 contra
1457 1872 1486 1892 se
1504 1864 1618 1899 proferri
1639 1864 1672 1891 ad
1686 1871 1752 1899 pro-

963 1911 1080 1940 bandum
1093 1919 1146 1940 non
1162 1912 1240 1946 petit.
1253 1911 1320 1939 Nam
1331 1916 1408 1939 actor
1420 1911 1535 1947 probare
1547 1911 1637 1944 debet,
1653 1917 1684 1937 ac
1697 1910 1752 1938 nisi

963 1957 1129 1993 probaverit,
1146 1958 1230 1985 vincit
1245 1965 1318 1985 reus.

990 2002 1043 2030 '20.
1060 2003 1305 2038 Quijuramentum
1320 2001 1401 2029 alicui
1427 2001 1525 2034 defert.
1553 2001 1576 2028 is
1597 2004 1756 2036 antequam-

960 2048 1145 2083 juramentum
1163 2048 1335 2080 admittatur.
1349 2048 1383 2075 ad
1405 2047 1574 2082 probandum
1591 2051 1762 2075 convertere

963 2101 992 2122 se
1004 2098 1103 2129 potest.
1120 2094 1170 2128 Qui
1184 2093 1226 2121 bis
1245 2093 1348 2128 aliquid
1368 2094 1545 2128 asseveravit,
1564 2094 1597 2122 ad
1611 2093 1754 2129 juramen-

964 2145 1021 2167 tum
1032 2139 1120 2167 redire
1135 2139 1241 2174 nequit.

999 2186 1044 2213 21.
1057 2185 1108 2219 Qui
1125 2193 1182 2212 rem
1202 2192 1279 2213 suam
1294 2191 1355 2213 esse
1372 2184 1483 2220 iuravit,
1494 2189 1521 2212 et
1535 2183 1639 2212 fructus
1655 2189 1682 2212 et
1701 2184 1753 2212 fae-

926 2229 951 2259 D
965 2236 1052 2260 turam
1066 2231 1201 2267 pecudum
1219 2230 1297 2266 petit.

997 2277 1042 2306 22.
1058 2277 1245 2305 Juramentum
1268 2277 1410 2305 sententia:
1421 2276 1476 2303 vim
1494 2276 1609 2304 obtinet.
1625 2275 1691 2303 Nam
1707 2277 1753 2311 qui

961 2324 1143 2359 juramcntum
1155 2323 1252 2357 defert,
1265 2323 1412 2351 adversarii
1425 2322 1467 2350 sui
1479 2322 1600 2358 iudicem
1615 2330 1645 2350 se
1662 2321 1752 2349 facere

963 2370 1079 2398 videtur.

996 2415 1043 2443 23.
1058 2415 1144 2451 Ignoti
1159 2419 1242 2444 testes
1254 2417 1336 2443 etiam
1349 2413 1546 2450 quaestionibus
1561 2414 1750 2449 subjiciuntor,

963 2462 985 2489 si
1000 2469 1070 2496 opus
1086 2460 1177 2488 fuerit.

997 2507 1042 2535 94.
1057 2506 1086 2534 lu
1106 2506 1310 2542 exceptionibus
1327 2513 1389 2534 reus
1401 2510 1532 2533 oneratur
1547 2504 1716 2540 probatione.

997 2600 1044 2628 25.
1059 2600 1127 2629 Cum
1144 2604 1228 2628 testes
1252 2599 1303 2628 sibi
1319 2599 1385 2635 ipsis
1399 2599 1588 2632 adversantur,
1601 2602 1643 2626 vel
1658 2598 1750 2626 diver-

962 2655 1002 2680 sa,
1021 2646 1063 2675 vel
1081 2647 1144 2674 ﬁcta
1159 2646 1313 2674 testimonia
1329 2645 1472 2682 proferunt
1489 2653 1497 2672 :
1514 2649 1578 2673 tunc
1597 2645 1680 2680 judex
1696 2644 1749 2672 ﬁde

962 2694 1098 2729 digniores
1115 2701 1148 2721 ex
1166 2693 1206 2720 eis
1223 2692 1356 2726 admittat,
1383 2696 1411 2720 et
1436 2696 1577 2726 suspectos
1596 2691 1703 2728 puniat,
1724 2690 1752 2719 si

962 2739 1024 2767 data
1040 2745 1121 2774 opera
1135 2738 1257 2773 improbe
1271 2745 1352 2774 agere
1366 2737 1416 2767 visi
1432 2736 1544 2770 fuerint.
