1945 3073
180 160 233 192 535

695 166 952 198 ΩΟΝΞΤΑΝΤΙΜ
971 169 1310 204 POBPHYROGENITI

1751 180 1803 210 536

210 216 256 244 26.
273 216 323 250 Qui
339 217 487 245 advocatus
503 219 529 246 in
542 218 633 254 aliqua
653 227 738 248 causa
754 221 815 256 fuit,
830 222 858 249 in
870 223 956 250 eaden

1052 227 1110 259 κς¹.
1132 227 1160 254 ’0
1176 230 1364 265 συνηγορήσας
1381 230 1410 257 ἑν
1423 231 1562 264 ὑποθέσει,
1579 232 1609 259 οὐ
1626 235 1763 269 μαρτυρεῖ
1775 235 1807 261 ἐν

172 269 228 290 non
243 266 284 290 est
297 263 384 290 testis.

207 308 252 335 27.
270 308 435 337 Prohibetur
449 317 511 338 esse
527 312 605 340 testis
621 312 757 348 impubes,
773 321 879 348 servus,
899 320 961 341 sur-

171 354 235 387 dus,
250 358 278 382 et
289 360 393 388 mutus,
406 361 453 383 aut
470 356 600 391 furiosus,
616 363 663 386 aut
678 359 748 387 illius
762 359 878 387 familias
898 367 964 395 prov

171 399 261 435 digus,
281 408 345 429 cum
357 407 434 437 pater
447 402 508 438 ejus
518 403 552 432 ab
566 404 620 432 alio
636 404 755 440 scriptus
768 405 851 434 fuerit
863 407 962 434 haeres.

425 497 577 532 TITULUS
602 504 711 533 XXVII.

442 549 482 577 De
502 551 690 578 transactione.

204 603 367 632 Transactio
395 612 444 640 per
473 606 648 642 scripturam,
667 615 728 635 cum
756 607 837 635 trium
851 608 962 636 testium

168 649 380 685 subscriptione,
397 651 452 678 fiat.
466 651 494 679 Si
511 652 572 687 quis
585 660 670 681 annos
687 654 777 682 aetatis
793 654 879 689 plena:
894 661 962 681 nan-

168 695 234 723 dum
253 696 366 729 habens,
378 705 440 725 cum
458 698 548 733 aliquo
563 692 736 735 transegerit,
746 704 769 728 et
786 705 896 735 propter
912 700 963 726 im-

169 741 366 776 perfectionem
386 745 654 773 annorum-fortasse
669 751 841 781 contemptus
853 766 860 778 ,
878 750 905 772 et
923 744 963 773 af-

169 785 258 816 fectus
275 788 374 816 damno
393 788 486 823 fuerit,
510 797 542 818 ac
563 791 642 825 plene
668 791 797 825 deinceps
819 790 918 825 viginti
935 795 963 818 et

168 833 291 868 quinque
303 839 383 863 natus
395 843 492 872 annos,
505 836 632 863 damnum
649 835 699 864 sibi
715 837 791 872 prius
803 836 904 864 illatum
919 835 963 863 in-

169 877 321 911 tellexerit;
341 870 504 913 potesta'tem
520 880 619 908 habeat
635 870 730 916 agendi
751 881 820 908 hanc
851 887 961 908 causam

167 923 238 956 apud
249 923 365 958 iudices,
381 932 413 952 ac
426 925 541 953 veritate
557 925 681 961 probata,
695 925 740 961 jus
754 925 779 953 ei
796 933 874 954 suum
896 932 958 953 ser-

168 974 257 996 νειοῖ-

417 1027 569 1055 TITULUS
594 1027 714 1056 XXVIII.

400 1072 516 1100 Paenulis
541 1073 729 1100 criminalium.

203 1125 232 1153 1.
244 1125 330 1154 Nemo
344 1127 546 1163 confugientetn
561 1128 593 1156 ad
607 1129 762 1162 ecclesiam,
777 1130 804 1157 vi
818 1129 960 1158 abstrahi-

168 1176 197 1200 to
213 1180 220 1200 :
239 1173 286 1200 sed
301 1173 426 1209 coniuga:
449 1181 560 1202 causam
587 1175 713 1211 episcopo
728 1175 901 1203 manifestam
917 1175 959 1203 fa-

168 1218 235 1250 cito,
250 1223 276 1247 et
292 1219 325 1246 ab
341 1226 385 1252 eo,
402 1220 574 1249 cautionibus
592 1221 845 1256 intervenientibus,
863 1222 959 1250 confu-

168 1264 286 1299 gientem
300 1265 333 1292 ad
353 1266 498 1293 ecclesiam
522 1267 647 1302 accipiat,
669 1271 698 1295 ut
722 1267 754 1295 de
772 1267 906 1295 intentato
921 1267 959 1295 illi

168 1310 257 1343 capite
271 1308 389 1343 legitime
407 1315 546 1345 quaeratur
562 1316 589 1339 et
601 1317 708 1347 agatur.
726 1312 803 1346 Quod
816 1313 838 1340 si
854 1313 897 1340 cul
913 1320 958 1348 po-

167 1355 223 1382 tius
241 1355 328 1382 visum
351 1356 442 1388 fuerit,
457 1364 648 1393 quemcunque
665 1353 810 1394 eonfugam
826 1366 906 1385 manu
925 1359 958 1386 ab

166 1400 282 1428 ecclesia
297 1400 405 1429 auferre
422 1410 430 1430 ε
450 1402 473 1430 is
485 1402 582 1430 allacla
603 1402 707 1438 (ﬂagra)
727 1404 870 1432 duodecim
887 1405 959 1432 acci-

165 1445 234 1480 piat,
250 1453 303 1482 qno
327 1445 411 1480 facto,
435 1455 516 1476 causa
535 1449 669 1483 confuge,
685 1456 733 1477 ceu
749 1450 828 1477 decet
852 1450 958 1477 exami-

166 1494 257 1519 netur.

202 1536 230 1563 2.
247 1536 288 1570 Ei,
307 1537 352 1572 qui
370 1538 404 1566 de
417 1539 550 1566 sententia
564 1539 676 1573 judicis,
693 1540 734 1567 vel
754 1540 861 1568 dicendi
882 1540 957 1568 testi-

171 1582 259 1610 monii
277 1590 359 1610 causa
375 1583 543 1618 producitur,
568 1585 611 1613 vel
627 1585 790 1614 adversariis
802 1586 959 1621 urgentibus

166 1634 245 1655 sacra
265 1627 312 1655 Dei
325 1628 471 1664 Evangelia
490 1630 620 1666 tangit,et
633 1631 822 1666 jusjurandum
837 1635 958 1666 przestal,

170 1680 203 1700 ac
216 1672 313 1701 deinde
322 1674 447 1710 perjurus
459 1682 518 1703 esse
533 1675 674 1710 probatur,
691 1677 781 1712 lingua
795 1676 957 1712 przcciditor.

201 1767 228 1794 5.
248 1765 299 1800 Qui
316 1767 447 1796 adversus
461 1768 652 1804 imperatorem
669 1771 762 1799 turbas
777 1771 958 1805 concitat,vel

166 1812 280 1841 insidias
299 1814 389 1846 struit,
402 1814 443 1842 vel
461 1815 660 1849 conjurationes
673 1816 804 1844 adversus
819 1825 895 1849 eum,
917 1817 958 1845 vel

164 1859 294 1887 adversus
316 1860 509 1895 rempublicam
531 1861 716 1889 Christianam
738 1862 869 1896 molitur,
883 1863 958 1899 ejus-

165 1905 238 1933 modi
261 1905 397 1933 hominem
422 1914 472 1941 par
504 1907 612 1942 quidem
640 1915 708 1941 erat,
737 1908 781 1936 illa
807 1909 866 1944 ipsa
890 1909 957 1938 hora

166 1955 255 1979 morte
274 1951 357 1984 afﬂci,
380 1952 464 1980 veluti
478 1953 524 1987 qui
547 1953 758 1982 destructionem
781 1962 872 1983 rerum
893 1956 955 1983 uni-

164 1997 296 2026 versalem
313 1998 458 2027 meditatus
470 1999 561 2028 fuerit.
573 1995 673 2027 Verum
691 2008 726 2028 ne
735 2001 781 2036 qui
793 2009 856 2038 erga
868 2009 952 2037 quos-

165 2043 228 2072 dam
241 2044 399 2080 plerumque
409 2046 542 2075 hostiliter
559 2046 663 2081 affecti,
681 2048 755 2076 nullo
767 2048 953 2076 intervenien-

167 2095 195 2118 te
216 2089 318 2125 judicio
345 2091 520 2126 interficiant,
549 2093 752 2122 satisfactiones
769 2099 893 2123 extremo
908 2102 955 2123 co-

165 2140 232 2164 natu
253 2135 412 2170 afferentes,
444 2145 526 2173 quam
555 2139 639 2167 multa
661 2140 766 2168 scilicet
793 2140 832 2168 illi
860 2145 954 2168 contra

165 2181 335 2216 maiestatem
360 2183 492 2219 principis
520 2185 603 2213 locuti
628 2186 684 2214 sint
706 2194 713 2213 :
738 2192 848 2222 oportet
874 2187 945 2215 hunc

1017 273 1098 308 αὐτῇ.

1053 320 1104 353 κζ’.
1123 322 1267 350 Κωλύιται
1285 324 1436 360 μαρτυρεῖν
1449 324 1463 351 ό
1480 324 1591 360 ἄνηϐος,
1614 326 1734 360 οἰκέτης,
1750 323 1818 353 κω-”

1016 365 1077 400 φὺς,
1099 367 1146 393 καὶ
1160 367 1269 400 ἀλαλος,
1293 368 1310 403 ἢ
1328 369 1501 404 μαινόμενος,
1526 370 1659 406 ἢάσωτος
1681 371 1738 402 υίὸς
1751 371 1806 397 ὐπ-

1016 411 1147 445 εεοὺσιος,
1159 412 1204 439 ὅτε
1219 413 1233 439 ὁ
1246 414 1338 450 πατὴρ
1351 415 1434 442 αὑτοῦ
1454 417 1520 452 παρ’
1533 416 1614 444 ἀλλου
1630 418 1723 452 γραφῇ
1738 417 1804 452 κλη-

1018 457 1078 492 ρονό
1081 466 1141 493 μσς.

1306 517 1429 544 ΤΙΤΛΟΣ
1449 518 1511 546 ΚΖ’.

1273 561 1343 596 Περὶ
1363 562 1543 598 διαλύσεως.

1057 616 1090 642 Ἦ
1106 615 1226 647 διάλυσις
1244 616 1401 652 ἐγγράφως,
1414 616 1448 643 δι’
1461 617 1623 654 ὑπογραφῆς
1635 619 1719 654 τριῶν
1732 627 1803 654 μαρ-

1015 662 1116 697 τύρων,
1129 662 1261 697 γενέσθω.
1286 662 1348 689 Ἐάν
1373 672 1414 696 τις
1437 663 1493 690 τῶν
1512 664 1616 700 χρόνων
1631 665 1669 700 μὴ
1686 664 1724 691 ὦν
1744 665 1802 692 διᾶ‹

1016 709 1093 736 λυσιν
1108 709 1211 745 ποιήσῃ
1228 709 1295 745 πρὸς
1309 718 1380 743 τινα,
1411 709 1459 736 καὶ
1485 710 1530 737 διὰ
1548 711 1598 746 τὴν
1621 711 1675 737 τῶν
1698 710 1801 745 χρόνων

1016 755 1142 781 ἀτέλειαν
1155 755 1220 787 ἴσως
1236 755 1440 791 καταφρονηῦῇ,
1457 756 1503 783 καὶ
1519 755 1616 793 βλαὸῇ,
1637 758 1684 784 καλ⁵
1698 757 1738 788 εἰς
1751 756 1802 791 τὴν

1015 800 1069 827 τῶν
1086 801 1254 828 εἰκοσιπέντε
1281 802 1384 837 χρόνων
1399 803 1536 830 ἑντέλειαν
1552 804 1654 840 διαγνῷ
1669 804 1717 839 τὴν
1735 812 1802 838 προ-

1015 847 1165 882 γενομένην
1185 847 1260 883 αὐτῷ
1285 848 1397 884 βλάὸην,
1414 849 1506 876 ἄδειαν
1522 851 1607 885 ἐχέτω
1629 851 1704 885 παρὰ
1725 851 1805 877 Ema-

978 903 1000 930 Β
1017 892 1095 923 σταῖς
1118 893 1204 919 κινεῖν
1226 892 1261 919 τά
1280 892 1329 928 τῆς
1350 893 1514 927 ὑποθέσεως,
1537 895 1583 922 καὶ
1600 895 1649 930 τῆς
1672 896 1802 931 ἀληθείας

1012 937 1256 974 ἁποδεικνυμένης,
1271 939 1447 973 φυλαττέσθω
1458 939 1540 966 αὺτοῦ
1552 940 1582 967 τδ
1595 940 1711 969 δίκαιον,

1297 1035 1423 1063 ΤΙΤΛΟΣ
1441 1036 1509 1064 KH’.

1157 1081 1317 1115 Hotrdlzoc
1331 1082 1390 1109 τῶν
1400 1076 1639 1119 ἐγκληματικῶν.

1046 1135 1082 1163 α’.
1103 1137 1206 1172 Μηδεὶς
1219 1137 1265 1165 τὸν
1278 1138 1411 1174 ἐκκλησίᾳ
1435 1139 1641 1175 προσφεύγοντα
1657 1140 1702 1177 βίᾳ
1716 1141 1801 1176 ἀφαι-

1012 1181 1121 1216 ρείσθω,
1135 1182 1203 1209 ἁλλά
1217 1183 1265 1216 τὴν
1277 1184 1367 1210 αἰτίαν
1380 1183 1427 1210 τοῦ
1450 1184 1608 1219 πρόσφυγος
1630 1185 1802 1220 δηλοποιήτω

1009 1227 1047 1261 τῷ
1061 1227 1139 1262 ἱερεῖ,
1153 1228 1199 1254 καὶ
1217 1228 1282 1264 παρ’
1296 1228 1378 1254 αὐτοῦ
1396 1229 1464 1264 μετὰ
1480 1230 1535 1256 τῶν
1547 1230 1677 1265 ἀσφαλῶν
1700 1231 1802 1267 [ἀσφα-

1009 1273 1099 1309 λειῶν]
1115 1274 1353 1309 παραλαμϐανέτω
1364 1274 1409 1301 τὸν
1422 1276 1640 1311 προσ-φεύγοντα,
1655 1276 1703 1303 τοῦ
1718 1277 1797 1312 νομί-

1011 1328 1068 1354 μως
1082 1320 1233 1355 ζητηθῆναι
1254 1321 1301 1347 καὶ
1317 1321 1489 1356 διοικηθῆναι
1508 1322 1539 1348 τὺ
1551 1322 1611 1348 κατ’
1622 1322 1704 1349 αὐτοῦ
1718 1323 1800 1355 κεφά-

1009 1365 1095 1392 λαιον.
1112 1365 1145 1391 El
1160 1374 1200 1396 τις
1222 1365 1364 1400 δοκιμάσει
1379 1366 1452 1401 χειρὶ
1466 1366 1520 1393 ἀπὸ
1541 1367 1689 1403 ἐκκλησίας
1713 1368 1801 1402 πρόσο

1012 1420 1085 1445 φυγα
1111 1412 1214 1447 ἐπᾶραι
1237 1411 1284 1439 τὸν
1313 1412 1480 1447 οἱονδήποτε,
1505 1413 1520 1440 ό
1546 1413 1669 1446 τοιοῦτος
1694 1413 1801 1441 δώδεκα

1009 1457 1129 1484 ἀλλακτά
1145 1457 1317 1492 λαμϐανέτω,
1342 1459 1389 1484 καὶ
1407 1458 1468 1485 τότε
1486 1459 1556 1486 κατά
1582 1460 1613 1486 τδ
1634 1459 1740 1495 πρέπον
1766 1459 1798 1486 τὸ

1009 1502 1057 1528 τοῦ
1072 1501 1154 1529 αὑτοῦ
1170 1502 1326 1537 πρόσφυγος
1338 1502 1471 1538 ζητείσθω
1481 1503 1638 1537 κεφάλαιον.

972 1573 993 1602 C
1046 1549 1078 1584 β’.
1101 1549 1130 1575 '0
1153 1550 1184 1575 ὲκ
1202 1549 1362 1585 δικαστικῆς
1377 1549 1480 1584 ψήφου,
1493 1550 1510 1585 ἢ
1527 1551 1574 1577 καὶ
1587 1551 1634 1577 ἐπὶ
1659 1550 1798 1586 μαρτυρίᾳ

1011 1595 1214 1631 παραγόμενος,
1228 1595 1245 1631 ἦ
1260 1593 1290 1627 ὲε
1313 1595 1461 1630 ἐπαγωγῆς
1483 1595 1624 1623 ἀντιδίκων
1640 1596 1798 1632 ἐφαπτόμε-

1010 1651 1055 1675 νος
1068 1643 1124 1670 τῶν
1135 1643 1221 1677 ἁγίων
1237 1641 1283 1668 τοῦ
1298 1642 1366 1669 Θεοῦ
1380 1642 1565 1677 Εὐαγγελίων,
1576 1643 1622 1670 καὶ
1634 1643 1799 1678 ὀμνύμενος,

1010 1689 1139 1724 ἐπίορκος
1154 1689 1182 1716 δὲ
1199 1689 1269 1724 μετὰ
1281 1688 1368 1716 ταῦτα
1387 1689 1630 1725 ἀποδεικνύμενος,
1642 1689 1800 1724 γλωσσοκο-

1010 1735 1124 1763 πείσθω.

1043 1781 1078 1816 γ’.
1098 1781 1127 1808 '0
1146 1780 1217 1808 κατά
1239 1780 1378 1816 βασιλείας
1398 1781 1538 1817 φατρίζων
1571 1781 1763 1818 [φατριάξων],
1779 1781 1798 1817 ἢ

1008 1827 1272 1862 ἐπιϐουλευόμενος,
1294 1827 1310 1861 ἢ
1333 1827 1496 1863 συνομοσίας
1518 1828 1578 1854 κατ’
1596 1827 1691 1860 αὐτοῦ,
1709 1828 1725 1862 ἢ
1747 1828 1798 1862 τῆς

1009 1873 1148 1904 πολιτείας
1160 1872 1216 1899 τῶν
1228 1872 1398 1907 Χριστιανῶν
1421 1872 1517 1905 ποιῶν,
1541 1872 1587 1899 τὸν
1610 1874 1660 1908 μὲν
1675 1872 1797 1899 τοιοῦτον

1007 1919 1112 1956 ἥρμοζε
1135 1920 1206 1946 κατά
1220 1919 1271 1954 τὴν
1285 1919 1362 1955 ὤραν
1394 1919 1587 1952 θανατοῦσθαι,
1614 1920 1652 1952 ὠς
1682 1920 1731 1956 τὴν
1748 1919 1797 1946 τοῦ

1008 1966 1108 1998 παντὸς
1120 1965 1268 1992 κατάλυσιν
1284 1965 1481 2000 μελετήσαντα.
1505 1965 1574 1992 Ἀλλ’
1600 1965 1643 1992 ἵνα
1671 1966 1707 2001 μή
1724 1975 1798 1998 τινες

1007 2013 1054 2041 καὶ
1080 2013 1224 2049 ἐχθρωδῶς
1255 2011 1384 2043 πολλάκις
1410 2012 1578 2046 διακείμενοι
1608 2012 1679 2048 πρός
1705 2021 1795 2044 τινας,

1007 2058 1127 2095 ἀκρίτως
1152 2057 1330 2093 φονεύσωσιν,
1354 2057 1505 2092 ἀπολογίας
1534 2058 1656 2093 ἐσχάτως
1673 2058 1795 2093 προσφέ-

1009 2113 1112 2140 ροντες,
1126 2105 1177 2131 ὅσα
1192 2104 1264 2131 κατὰ
1280 2104 1330 2139 τῆς
1358 2103 1497 2138 βασιλείας
1513 2103 1658 2139 ἐλάλησαν,
1673 2104 1733 2130 δέον
1748 2105 1796 2130 τὸν

1005 2152 1127 2179 τοιοῦτον
1144 2151 1214 2178 κατά
1230 2151 1276 2177 τὸν
1291 2151 1373 2177 τόπον
1389 2150 1441 2177 ὑπὸ
1457 2150 1571 2186 στερεὰν
1584 2150 1708 2185 φυλακὴν
1722 2150 1796 2184 γίνε-

1007 2199 1079 2229 σθαι.
1097 2198 1144 2224 καὶ
1162 2197 1197 2224 τὰ
1219 2199 1284 2232 περὶ
1298 2196 1394 2223 τούτου
1420 2196 1526 2231 βασιλεῖ
1537 2196 1734 2231 ἀναφέρεσθαι,
1748 2196 1796 2223 καὶ

163 2227 301 2256 hominem
329 2235 363 2256 eo
393 2229 453 2257 loco
477 2231 528 2257 sub
547 2230 623 2257 ﬁrma
652 2231 745 2259 haberi
769 2233 902 2266 custodia,
926 2237 953 2261 et

1016 2227 1098 2276 ιαθως
1122 2244 1214 2271 λοιπὸν
1241 2227 1324 2276 αὐτὸς
1352 2227 1495 2279 ἀνακρινεϊ
1521 2243 1569 2270 καὶ
1598 2242 1794 2278 βουλεύσεται,

164 2274 252 2309 ipsius
266 2274 419 2302 molitiones
434 2274 469 2302 ad
486 2275 678 2310 imperatorem
689 2277 796 2310 referri,
806 2286 839 2305 ac
854 2285 952 2313 quern-

163 2321 309 2350 admodum
327 2320 372 2349 ille
395 2321 524 2356 deinceps
549 2329 607 2350 rem
628 2323 791 2351 examinarit
804 2329 831 2352 et
843 2325 954 2353 consul-

163 2367 239 2400 tarit,
259 2366 358 2395 facere.

198 2412 227 2441 ι.
242 2411 283 2440 De
298 2413 448 2440 homicidia.
459 2428 497 2434 ——
512 2414 562 2447 Qui
578 2414 671 2442 volens
684 2414 794 2448 occidit,
809 2414 955 2449 cujuscun-

162 2465 216 2493 que
234 2458 322 2485 artatis
345 2461 398 2491 est,
418 2458 507 2493 gladio
526 2459 645 2493 punitor.
669 2458 697 2486 Si
721 2467 785 2487 vero
807 2468 955 2495 percussus

162 2512 218 2534 non
233 2504 399 2538 decesserit,
416 2512 513 2534 manus
532 2506 574 2539 ei,
596 2507 641 2542 qui
656 2506 754 2536 vulnus
771 2508 878 2541 inﬂixit,
899 2516 954 2536 am-

161 2556 271 2587 putator
286 2561 294 2579 :
311 2552 383 2587 quod
398 2551 509 2579 omnino
524 2551 614 2587 gladio
623 2552 760 2581 hominem
775 2553 858 2582 ferire
872 2553 953 2582 fuerit

160 2606 253 2628 ausus.

195 2644 223 2671 5.
242 2644 272 2672 Si
285 2645 346 2680 quis
367 2652 476 2673 servum
500 2644 566 2673 loris
587 2650 635 2673 aut
657 2645 774 2674 fustibus
793 2647 931 2686 ceciderit
944 2669 951 2681 ,

160 2694 243 2725 atque
254 2690 298 2718 ille
306 2691 468 2724 decesserit,
487 2691 613 2720 dominus
627 2692 687 2728 ejus
703 2697 732 2720 ut
742 2692 876 2722 homicida
887 2702 952 2722 con-

161 2736 314 2764 demnatur.
326 2737 374 2765 Sin
384 2745 447 2766 eum
461 2738 604 2766 immodice
616 2739 757 2767 tormentis
770 2740 896 2775 subjecit,
906 2746 952 2768 aut

161 2786 269 2810 Veneno
294 2784 415 2817 sustulit,
431 2784 474 2811 vel
496 2784 609 2817 adussit,
626 2785 760 2819 plectitur,
778 2787 817 2814 uti
840 2787 886 2822 qui
899 2795 951 2815 ca:-

161 2826 222 2856 tlem
237 2827 385 2856 admiserit.

197 2874 223 2903 8.
238 2874 267 2903 Si
283 2875 342 2903 rixa
352 2876 380 2904 in
393 2876 524 2910 Quosdam
537 2876 666 2911 excitata,
679 2884 751 2906 mors
770 2877 950 2913 quorumdam

1007 2291 1105 2317 ποιεῖν.

1040 2421 1072 2450 δ’.
1083 2423 1154 2457 Περὶ
1168 2421 1295 2457 φονέων.
1307 2436 1338 2442 --
1349 2421 1379 2448 '0
1392 2420 1513 2456 φονεύων
1524 2420 1665 2452 ἑκουσίως,
1681 2419 1793 2455 οῑασδή-

1005 2477 1070 2496 ποτε
1086 2468 1194 2500 ἡλικίας
1207 2468 1276 2501 ἐστὶ,
1290 2467 1363 2503 ξίφει
1378 2467 1568 2502 τιμωρείσθω*
1582 2467 1607 2493 εί
1621 2466 1650 2493 δὲ
1662 2467 1712 2493 οὐκ
1725 2466 1795 2493 dm-

1005 2513 1100 2549 θάνῃό
1114 2513 1240 2548 πληγεὶς,
1258 2511 1473 2548 χειροκοπείσθω
1497 2513 1512 2538 ὸ
1535 2512 1673 2544 δεδωκὼς,
1698 2511 1732 2538 δι’
1755 2509 1798 2538 ὦν

1003 2559 1073 2591 ὅλως
1089 2558 1159 2594 μετὰ
1174 2558 1267 2593 ξίφους
1283 2557 1376 2586 δοῦναι
1391 2558 1554 2593 ἐτόλμησεν.

1038 2651 1068 2675 ε’.
1091 2647 1154 2675 Ἐάν
1177 2656 1220 2679 τις
1240 2648 1285 2675 τδν
1310 2648 1375 2675 ίδιον
1396 2648 1506 2684 οἰκέτην
1531 2649 1629 2684 λώροις
1648 2650 1664 2685 ἢ
1683 2649 1794 2685 ῥάϐδοις

1003 2694 1087 2731 τύψῃ,
1103 2695 1150 2721 καὶ
1164 2695 1298 2731 ἀποθάνῃ,
1309 2696 1505 2731 κατακρίνεται
1517 2697 1530 2723 ὁ
1546 2696 1681 2732 δεσπότης
1697 2696 1793 2730 αὐτοῦ,

1003 2740 1041 2772 ὼς
1057 2739 1229 2775 ἀνδροφόνος.
1254 2740 1286 2767 El
1303 2741 1332 2767 δὲ
1347 2741 1475 2776 ἀμέτρως
1490 2741 1573 2768 αὐτὸν
1590 2741 1761 2772 ἐϐασάνισεν,
1775 2741 1794 2777 ἦ

1004 2787 1143 2822 φαρμάκῳ
1161 2786 1276 2818 ἀνεῖλεν,
1305 2786 1322 2821 ἢ
1354 2785 1553 2821 προσέκαυσεν,
1581 2785 1619 2817 ὡς
1646 2785 1727 2820 φόνον
1744 2793 1794 2811 πε-

1004 2832 1128 2867 ποιηκὼς
1143 2832 1330 2868 τιμωρείσθω.

1039 2881 1075 2911 ς’.
1098 2879 1160 2907 Ἐὰν
1185 2879 1280 2915 μάχης
1303 2879 1404 2915 pani")
1429 2880 1508 2907 τινῶν
1526 2879 1674 2914 γινομένης
1701 2878 1793 2916 συμϐῇ
