1945 3073
110 153 166 186 ἶιὲΠ

749 157 946 189 DELECTUS
966 158 1111 189 LEGUM.

1686 156 1740 190 538

110 213 229 240 Θάνατον
244 212 395 247 προελθεῖν,
423 213 644 248 συγκρινέτωσαν
656 214 682 242 οἱ
699 215 833 250 ἀκροαταὶ
849 215 896 242 καὶ

963 217 1119 248 uceesserit,
1142 215 1286 243 conferant
1311 214 1383 242 inter
1410 221 1440 242 se
1453 213 1569 249 iudices,
1588 218 1614 242 et
1637 215 1739 243 instrn-

110 258 284 294 τηρείτωσαν
300 259 333 285 τὰ
350 259 463 294 ὕργανα,
481 259 513 285 δι’
531 256 568 286 ὦν
590 260 774 296 κατειργάσθη
791 261 805 287 6
819 260 900 287 θάνα-

111 313 170 337 τος.
184 305 240 332 Καὶ
250 305 274 332 εἰ
289 305 390 340 εὕρωσι
406 305 449 333 διὰ
460 305 547 339 ξύλων
562 307 684 340 τελείων,
711 307 728 342 ἦ
752 307 834 333 λίθων
848 315 898 341 με-

111 352 217 386 γάλων,
247 351 264 386 ἢ
291 351 413 378 λακτέων
438 352 484 379 τὸν
511 353 591 388 φόνον
616 353 754 388 γενέσθαι,
779 354 793 380 ὀ
819 353 900 380 τοῦτο

111 398 211 431 ποιῶν,
227 398 449 433 χειροκοπείσθω.

149 444 181 476 ζ’.
202 444 234 471 El
252 445 281 471 δὲ
302 445 335 471 δι’
359 445 484 480 ἐλαφρῶν
505 454 586 473 τινων
607 446 698 482 συμϐῇ
714 445 840 480 γενέσθαι
854 446 900 474 τὸν

113 489 240 523 θάνατον,
251 489 400 516 τύπτεσθαι
416 490 497 518 αὑτὸν
523 491 572 518 καὶ
585 491 769 524 ὲβοοίζεσθαι.

150 581 186 612 η’.
205 577 233 604 '0
249 577 278 603 ὲν
294 578 368 613 μάχῃ
385 578 455 613 μετά
471 578 564 614 χειρὸς
576 577 688 606 τύπτων
703 579 748 606 καὶ
767 579 901 613 φονεύων,

112 620 258 647 τυπτέσθω
272 621 319 647 καὶ
336 622 509 656 ὲξοριζέσθω,
521 623 559 654 ὡς
573 623 709 656 ἀκουσίως
721 624 854 658 φονεύων.

151 679 186 711 η’.
199 677 269 710 Περὶ
282 676 406 711 μοιχῶν.
418 677 489 704 -Ὁ
502 678 542 709 είς
557 680 675 712 γυναῖκα
693 678 829 714 ὕπανδρον
842 688 902 714 μοι·

113 722 213 757 χεύων,
231 722 427 757 ρινοκοπείσϐω
441 723 487 749 καὶ
499 723 592 757 αὐτὸς,
611 725 659 751 καὶ
675 725 692 761 ἡ
714 725 848 760 μοιχαλὶς,
865 726 903 757 ὡς

114 768 244 794 ἐντεῦθεν
256 768 397 804 χωρισμοῦ
412 769 555 804 γινομένου
566 789 574 802 ,
589 771 635 797 καὶ
647 770 785 803 ἀπωλείας
799 772 903 798 τέκνων

113 813 349 849 προσερχομένης,
366 815 413 841 καὶ
427 814 474 840 τοῦ
491 815 633 850 Κυριακοῦ
652 816 732 851 λόγου
748 817 785 853 μὴ
800 818 904 853 φυλατ-

97 857 242 894 ’τομένου,
258 859 305 886 τοῦ
316 859 550 893 διδάσκοντος,ὂτι
567 862 581 888 ὁ
592 861 658 894 Θεὸς
675 863 715 895 εις
728 863 819 897 σάρκα
838 864 903 900 μίαν

114 904 229 936 τούτους
243 906 395 941 συνήνωσεο
426 908 495 942 μετά
520 908 549 935 δὲ
564 907 596 934 τὸ
623 909 836 945 ρινοκοπηθῆναι
852 911 903 946 τὴν

116 950 271 986 μοιχαλίδα,
300 951 449 986 λαμϐάνειν
477 952 562 988 αὐτὴν
583 953 619 980 τὰ
643 954 697 981 ἴδια
723 955 807 990 αὐτῆς
832 955 903 991 πρά-

115 1005 220 1033 γματα,
246 999 318 1036 ειπερ
333 1000 465 1034 εἰσήγαγε
480 1000 519 1035 τῷ
535 1001 613 1036 ἀνδρὶ
639 1001 734 1037 αὐτῆς,
754 1002 801 1028 καὶ
819 1002 903 1037 μηδὲν

115 1044 228 1079 ἕτερον·
246 1045 292 1072 τὸν
308 1045 336 1071 δὲ
353 1046 447 1080 μοιχὸν
463 1046 495 1072 ἐκ
508 1047 557 1081 τῆς
573 1047 640 1079 ιδίας
654 1048 784 1081 γυναικὸς
799 1048 835 1083 μὴ
850 1057 903 1083 χω-

117 1090 241 1126 ρίζεσθαι
250 1111 258 1123 ,
272 1091 297 1117 ει
308 1091 355 1118 καὶ
367 1091 562 1127 ὲρινοκοπήθη.
581 1092 659 1120 Μετά
671 1093 769 1128 πολλῆς
781 1093 809 1120 δὲ
823 1095 903 1129 ἀκρι-

115 1136 195 1167 ϐείας
218 1136 249 1163 τδ
274 1136 338 1171 περὶ
362 1137 485 1172 μοιχείας
511 1137 646 1172 ζητείσθω
669 1139 828 1173 κεφάλαιον,
856 1139 904 1166 καὶ

115 1182 336 1217 ἐπιτηρείτωσαν
362 1182 387 1208 oi
414 1183 548 1218 ἀκροαταὶ
569 1183 633 1215 τοὺς
659 1184 827 1219 κατηγόρους
853 1184 903 1220 τῆς

115 1227 246 1262 τοιαύτης
262 1227 426 1259 ὑποθέσεως.
442 1227 496 1254 Καὶ
511 1228 536 1254 ει
557 1229 608 1263 μέν
621 1230 695 1255 ἐστιν
713 1229 777 1261 ἴδιος
791 1229 871 1265 ἀνὴρ,
886 1229 903 1265 ἢ

115 1273 130 1299 ὁ
143 1273 234 1308 πατὴρ
246 1273 342 1308 αὐτῆς,
367 1273 383 1309 ἢ
398 1274 412 1300 ὁ
427 1273 553 1308 ἀδελφὸς,
570 1275 586 1309 ἢ
605 1274 677 1306 θεῖος
699 1276 713 1302 ὁ
730 1276 904 1310 κατηγορῶν,

116 1319 298 1353 εὐπιστοτέρα
316 1320 332 1355 ἡ
347 1320 484 1356 πρόφασις
498 1321 548 1355 τῆς
564 1320 706 1356 ζητήσεως
728 1322 854 1356 γίνεται·
880 1323 904 1349 εἰ

115 1363 143 1389 δὲ
155 1363 225 1395 ξένοι
240 1363 310 1390 εἰσὶν
323 1364 349 1390 ot
363 1364 590 1399 κατηγοροῦντες,
602 1365 661 1392 δέον
671 1365 859 1398 κανονίζεσοαι
872 1366 905 1393 τὰ

115 1408 261 1443 πρὰσωπα,
278 1408 357 1440 ποίας
373 1409 510 1441 πολιτείας
538 1410 592 1436 εἰσὶ
607 1429 614 1441 ,
641 1410 688 1436 καὶ
712 1411 825 1443 τούτους
843 1420 906 1439 κατι

115 1454 327 1489 ασφαλίζεσθαι,
343 1456 390 1482 καὶ
404 1456 530 1482 ἀπαιτεῖν
554 1457 653 1488 αὐτοὺς
668 1457 716 1492 τὴν
729 1457 794 1491 περὶ
808 1457 903 1484 τούτου

950 266 1039 288 menta
1053 262 1237 291 considerent,
1253 268 1302 296 per
1317 268 1377 295 qua:
1397 260 1485 287 caedes
1502 264 1655 295 perpetrata
1675 261 1739 288 fuit.

947 308 986 334 Ac
996 307 1018 335 si
1033 307 1144 342 quidem
1174 306 1415 342 deprehenderint,
1436 305 1553 334 fustibus
1573 306 1677 339 solidis,
1694 310 1741 333 aut

949 352 1055 386 magnis
1073 351 1216 386 lapidibus,
1243 356 1290 378 aut
1317 350 1416 378 calcib.
1441 351 1542 378 caedem
1567 351 1715 378 admissam
1730 371 1738 384 ,

955 398 1060 426 auctori
1076 398 1159 426 caedis
1179 405 1275 425 manus
1287 402 1452 432 amputatur.

984 443 1012 470 7.
1030 443 1079 472 Sin
1107 443 1210 471 levibus
1235 443 1395 478 quibusdam
1426 442 1614 470 instrumentis
1639 443 1740 470 cmdem

951 488 1008 516 ﬂeri
1021 488 1177 524 contigerit,
1188 494 1284 516 auctor
1292 488 1350 522 ejus
1356 489 1526 522 verberator,
1534 493 1563 516 et
1575 489 1602 516 in
1613 489 1740 517 exsilium

951 534 1077 562 mittitor.

986 580 1013 608 8.
1028 580 1078 614 Qui
1096 580 1123 608 in
1141 580 1198 608 rixa
1217 588 1297 608 manu
1317 580 1443 616 percutit,
1462 587 1490 609 et
1506 581 1618 614 occidit,
1641 581 1741 609 verbe-

951 631 1026 655 rator
1041 631 1069 654 et
1084 626 1228 661 relegator,
1244 631 1274 654 ut
1286 626 1485 654 involuntarius
1495 627 1641 655 homicida.

987 681 1015 709 9.
1032 680 1071 708 De
1085 681 1223 709 adulteris.
1239 696 1272 702 —
1287 681 1338 715 Qui
1361 681 1524 709 adulterium
1547 689 1608 709 cum
1629 681 1742 709 muliere

954 727 1081 754 maritata
1094 728 1251 761 committit,
1270 732 1323 754 tam
1341 728 1407 762 ipse,
1418 736 1500 763 quam
1525 728 1644 755 adultera
1660 736 1742 755 nares

953 773 1061 800 amittat
1084 782 1091 800 :
1117 780 1178 800 cum
1198 781 1231 801 ex
1252 781 1285 801 eo
1300 773 1382 807 facto,
1395 774 1540 802 divortium
1558 779 1695 810 sequatur,
1716 779 1744 801 et

954 819 1104 847 internecio
1121 819 1265 848 liberorum
1283 820 1435 854 proveniat,
1448 826 1473 848 et
1489 820 1658 848 Dominicnm
1678 820 1741 847 illud

955 864 1067 892 verbum
1081 871 1136 891 nou
1148 870 1283 898 servetur,
1299 871 1353 898 quo
1368 865 1507 897 docemur,
1521 865 1603 893 Deum
1620 865 1651 892 in-
1661 872 1742 892 unam

955 917 1064 938 carnem
1088 910 1138 938 bos
1162 909 1347 945 coniunxisse.
1365 911 1544 946 Posteaquam
1571 919 1636 939 vero
1662 918 1744 938 nares

955 955 1083 984 adultera;
1100 957 1220 991 prtecisa:
1243 956 1354 989 fuerint.
1379 965 1423 985 res
1450 959 1506 992 ipsa
1537 964 1600 984 suas
1626 956 1744 991 accipiat

954 1009 1021 1037 quas
1034 1003 1068 1030 ad
1084 1003 1171 1030 virum
1187 1011 1265 1030 suum
1289 1003 1399 1036 attulit,
1416 1010 1467 1031 nec
1483 1003 1556 1030 aliud
1574 1003 1721 1038 quidquam
1736 1009 1744 1028 :

954 1048 1060 1076 adulter
1074 1052 1165 1076 autem
1180 1049 1215 1076 ab
1231 1056 1317 1076 uxore
1337 1056 1385 1076 sua
1403 1057 1457 1076 non
1472 1053 1622 1083 separetur,
1638 1047 1745 1075 tametsi

954 1101 1033 1121 nares
1045 1093 1068 1120 ei
1081 1093 1202 1128 praecisa!
1216 1093 1283 1122 sint.
1298 1093 1394 1128 Magna
1409 1102 1474 1122 vero
1490 1102 1552 1121 cum
1567 1093 1742 1121 acettraliune

954 1139 1079 1166 adulterii
1099 1144 1181 1174 caput
1198 1140 1379 1173 examinator,
1409 1144 1436 1167 et
1462 1143 1635 1166 accusatores
1661 1139 1686 1165 in
1713 1146 1746 1166 ea

954 1190 1036 1210 causa
1051 1183 1156 1217 iudices
1176 1185 1360 1212 considerent.
1379 1185 1418 1212 Ac
1432 1184 1454 1212 si
1468 1184 1576 1219 quidem
1599 1184 1640 1211 vir
1661 1183 1747 1218 ipsius

955 1233 1006 1260 est,
1022 1233 1068 1255 aut
1083 1233 1160 1263 pater
1171 1229 1302 1261 mulieris,
1317 1230 1462 1262 autfrater,
1477 1234 1523 1256 aut
1538 1234 1650 1264 patruus
1659 1236 1747 1256 avun-

955 1273 1078 1306 culusm,
1110 1274 1156 1307 qui
1191 1279 1303 1301 accusat
1323 1283 1330 1301 :
1355 1274 1407 1301 ﬁde
1428 1275 1534 1308 dignior
1556 1274 1585 1301 lit
1614 1274 1748 1302 examinis

956 1326 1049 1346 causa.
1076 1318 1123 1346 Sin
1143 1320 1267 1347 extranei
1283 1325 1356 1351 sunt.
1377 1320 1421 1353 qui
1443 1320 1644 1346 accusationem
1667 1320 1748 1346 insti-

955 1367 1044 1398 tuunt,
1062 1364 1135 1392 velut
1152 1366 1185 1392 ad
1204 1365 1323 1400 regulam
1340 1366 1484 1400 quamdam
1501 1365 1672 1400 exploranda:
1685 1369 1749 1392 sunt

955 1417 1090 1444 persona,
1115 1410 1222 1445 qualem
1240 1411 1322 1438 vitam
1341 1413 1433 1446 agant,
1449 1414 1476 1438 et
1494 1410 1635 1438 cautiones
1654 1410 1688 1436 ab
1703 1409 1748 1442 iis,

957 1465 1017 1485 cum
1033 1457 1238 1492 probationibus
1251 1458 1284 1485 de
1300 1458 1420 1486 admisso
1435 1457 1579 1490 adulterio,
1596 1458 1744 1491 cxigcndm.

115 1499 265 1532 ἀπόδειξιν.
283 1501 336 1527 Καὶ
351 1501 375 1527 εί
393 1501 441 1536 μὲν
460 1501 624 1535 ἀποδείξωσι
637 1502 686 1536 τὴν
712 1505 847 1537 μοιχείαν,
864 1504 902 1537 ρι-

961 1504 1006 1537 Qui
1032 1504 1054 1531 si
1078 1503 1254 1531 commissum
1288 1504 1450 1531 adulterium
1479 1503 1668 1538 probaverim,
1693 1508 1746 1530 tam

115 1546 346 1578 νοκοπείσθωσαν,
360 1547 375 1573 ὅ
391 1555 421 1573 τε
438 1547 542 1582 μοιχὸς,
559 1548 606 1574 καὶ
633 1548 649 1583 ἡ
666 1547 805 1582 μοιχαλίς·
834 1547 859 1574 εἰ
874 1548 902 1574 δὲ

961 1549 1090 1582 ιιιυιιθτο,
1104 1557 1184 1583 quam
1199 1548 1336 1581 adulterze,
1351 1557 1431 1577 nares
1449 1549 1640 1583 prmeidunton
1654 1548 1682 1575 Si
1695 1557 1747 1575 non

115 1591 169 1618 οὐκ
180 1591 372 1624 ἀποδείξωσιν,
389 1592 457 1619 ἀλλὰ
472 1593 506 1619 δι’
524 1593 625 1628 ἔχθραν
639 1593 701 1620 τινὰ
720 1592 769 1628 τὴν
784 1601 905 1629 κατηγο-

117 1638 178 1672 ρίαν
200 1637 348 1672 ιποίησαν,
372 1638 422 1673 τὴν
443 1639 646 1667 ταυτοπάθειαν
685 1640 710 1666 oi
736 1640 905 1675 συκοφάνται

117 1684 337 1717 ὑπομενέτωσαν.

154 1740 179 1765 ι’.
209 1738 279 1772 Περὶ
303 1739 446 1773 φθορέων.
461 1755 496 1761 -—
515 1739 546 1766 '0
562 1739 722 1775 βιαζόμενος
735 1741 820 1776 κόρην
857 1741 906 1769 καὶ

116 1784 235 1818 φθείρων
249 1785 345 1820 αὐτὴν,
362 1785 567 1820 ῥινοκοπείσθω.

154 1832 197 1858 ια’.
224 1830 254 1857 Ὀ
270 1831 320 1864 τὴν
344 1830 487 1865 ἀλλοτρίαν
501 1832 623 1867 μνήστην
641 1832 778 1868 φθείρων,
807 1833 832 1859 εί
858 1833 907 1860 καὶ

117 1876 277 1911 προαιρέσει
315 1875 366 1910 τῆς
401 1876 486 1912 κόρης
521 1877 600 1904 τοῦτο
633 1878 763 1912 ἐγένετο,
801 1879 906 1914 ῥινοκο-

117 1921 232 1948 πείσθω.

153 1973 196 2008 ιβ’.
223 1974 252 2000 ’0
282 1974 400 2009 φθείρων
418 1975 502 2010 κόρην
527 1975 580 2010 πρὸ
601 1975 739 2011 τῆςῆὃης.
754 1977 838 2012 ἤγουν
853 1977 907 2012 πρὸ

116 2018 164 2046 τοῦ
178 2019 431 2054 τρισκαιδεκαετοῦς
444 2020 550 2055 χρόνου,
569 2021 765 2056 ῥινοκοπείσθω
779 2030 784 2036 ·
814 2024 860 2048 καὶ
874 2023 906 2050 τὸ

116 2065 202 2100 ἥμισυ
213 2065 261 2100 τῆς
273 2064 447 2097 ὑποστάσεως
459 2065 542 2093 αὑτοῦ
555 2066 705 2102 παρεχέτω
721 2068 754 2103 τῇ
770 2067 905 2105 φθαρείσῃ

117 2111 196 2146 κόρῃ.

153 2175 180 2201 ιγ
191 2187 198 2194 .
217 2165 246 2193 '0
263 2165 394 2202 ἁρπάζων
407 2175 573 2203 μοναστριιν
587 2167 604 2203 ῆ
623 2167 758 2204 παρθένον
772 2168 904 2206 βιωτικὴν

958 1595 1143 1630 probaverim,
1155 1595 1201 1622 sed
1215 1601 1249 1622 ex
1264 1594 1405 1622 inimicitia
1417 1595 1533 1629 quadam
1546 1594 1746 1621 accusationem

956 1641 1132 1674 instituerint,
1152 1641 1260 1669 easdem
1283 1648 1379 1676 pmnas
1399 1641 1450 1675 ipsi
1474 1639 1687 1667 calumniatores
1703 1647 1750 1667 su-

957 1687 1088 1715 stinento.

994 1741 1038 1769 10.
1057 1741 1096 1769 De
1109 1739 1380 1776 stupra!oribus.—-Ei
1391 1741 1436 1777 qui
1455 1740 1550 1775 puclla:
1569 1740 1623 1767 vim
1648 1739 1749 1772 adfert,

957 1795 1073 1822 eamque
1088 1793 1204 1823 stuprat,
1218 1796 1298 1816 nares
1314 1787 1520 1815 abscinduntur.

994 1834 1037 1861 ll.
1054 1833 1083 1861 Ei
1099 1834 1145 1868 qui
1169 1841 1296 1869 sponsam
1323 1833 1439 1860 alienam
1468 1836 1588 1867 stnprat,
1613 1830 1676 1858 licet
1698 1831 1750 1858 hoc

957 1880 1047 1915 puella
1061 1880 1166 1908 volente
1180 1880 1281 1908 factum
1302 1880 1348 1913 sit,
1370 1886 1450 1907 nares
1469 1879 1675 1907 abscinduntur.

996 1976 1040 2003 12.
1056 1975 1087 2003 Εἰ
1103 1976 1148 2011 qui
1174 1976 1252 2003 vitiat
1273 1975 1390 2011 puellam
1407 1979 1471 2002 ante
1493 1973 1677 2009 pubertatem,
1699 1972 1750 1999 hoc

960 2026 1012 2054 est,
1028 2027 1092 2049 ante
1115 2021 1250 2049 decimum
1272 2021 1381 2048 tertium
1404 2027 1516 2053 annuat,
1539 2027 1619 2046 nares
1642 2018 1750 2046 abscin-

960 2067 1069 2099 duntor,
1086 2071 1113 2093 et
1128 2066 1270 2093 semissem
1291 2065 1336 2092 ille
1358 2064 1490 2092 bonorum
1514 2071 1624 2091 suorum
1644 2063 1750 2090 violatae

959 2112 1055 2147 puellae
1071 2115 1207 2146 pmstato.

995 2167 1039 2195 13.
1058 2166 1088 2194 Ei
1108 2167 1154 2202 qui
1174 2166 1379 2200 [mouastriam,
1414 2164 1455 2193 vel
1481 2164 1644 2192 mundanam
1665 2164 1750 2199 virgi-
1791 2160 1803 2164 “

117 2211 147 2245 ὶξ
170 2211 338 2247 οίουδήποτε,
362 2211 409 2238 ἐὰν
426 2212 525 2249 φθείρῃ
542 2212 636 2248 αὐτὴν,
650 2214 865 2249 ρινοκοπείσθω¹
880 2216 902 2243 ol

961 2220 1031 2246 nem,
1044 2213 1240 2248 cujuscumque
1259 2212 1304 2243 sit.
1317 2211 1388 2247 rapit
1407 2218 1439 2238 ac
1462 2214 1579 2244 stuprat,
1600 2217 1682 2237 nares
1696 2210 1751 2236 ab-

116 2259 144 2286 δὲ
155 2259 195 2291 είς
209 2258 257 2294 τὴν
266 2257 395 2294 τοιαύτην
411 2259 540 2295 ἁρπαγὴν
558 2259 761 2296 συντρέχοντες,
780 2261 902 2297 ιξοριζέ-

118 2306 236 2334 σοωσαν.
746 2310 749 2314 ’

153 2359 192 2388 ιδ’.
212 2360 281 2395 Περὶ
298 2361 488 2396 αΙμομίκτων.
504 2376 539 2382 —
553 2361 585 2388 Oi
596 2362 770 2398 αἱμομίκται,
784 2362 800 2398 ἦ
816 2363 906 2397 γονεῖς

116 2405 183 2440 προς
205 2406 298 2440 τέκνα,
322 2406 339 2442 ἢ
358 2407 440 2435 τέκνα
459 2407 528 2444 πρὸς
543 2409 642 2440 γὸνεϊς,
667 2408 684 2444 ἢ
703 2408 815 2443 ἀδελφοὶ
834 2408 904 2444 πρὸς

116 2451 242 2486 ἀδελφὰς,
272 2452 343 2486 ξίφει
360 2453 607 2489 τιμωρείσθωσαν·
631 2454 656 2481 οἱ
680 2454 709 2481 δὲ
727 2455 796 2490 πρὸς
819 2455 904 2490 ἀλλην

117 2497 278 2531 συγγένειαν
308 2499 560 2535 συμφθειρόμενοι,
582 2500 709 2526 τουτέστι
741 2500 832 2536 πατὴρ
863 2501 902 2532 είς

115 2544 230 2577 γυναῖκα
251 2543 330 2576 υἱοῦ,
347 2544 403 2576 υίὸς
428 2545 497 2580 πρὸς
523 2547 642 2580 γυναῖκα
668 2546 791 2582 πατρὸς,
817 2547 902 2582 ἤγουν

117 2590 182 2625 πρὸς
201 2590 346 2625 μητρυιὰν,
361 2591 377 2625 ἢ
394 2591 520 2627 πατρωὸς
535 2593 575 2623 είς
591 2593 739 2628 προγόνην,
760 2593 902 2629 ἦάδελφδς

115 2635 153 2666 εἰς
169 2637 286 2668 γυναῖκα
298 2635 424 2669 ἀδελφοῦ,
443 2637 458 2672 ἢ
474 2636 545 2669 θεῖος
560 2638 600 2669 εἰς
615 2637 738 2672 ἀνεψιὰν,
755 2638 772 2674 ἢ
790 2639 905 2674 ἀνεψιὸς

116 2683 154 2712 εἰς
168 2681 255 2716 θείαν,
272 2682 532 2717 ρινοκοπείσοωσαν.
564 2683 680 2719 ὀμοίως
697 2684 744 2712 καὶ
758 2685 772 2712 ὁ
790 2686 830 2718 είς
852 2685 901 2713 δύο

115 2725 230 2761 ἀδελφὰς
245 2727 347 2763 είδήσει
361 2728 538 2764 μιγνύμενος.

149 2857 188 2887 ιε’.
217 2859 280 2888 Ἐὰν
295 2859 363 2895 γυνὴ
379 2860 527 2896 πορνεύσῃ,
548 2861 595 2888 καὶ
606 2861 718 2897 γένηται
729 2862 837 2898 ἔγκυος,
851 2862 898 2891 καὶ

958 2259 1140 2287 scinduntor:
1156 2262 1184 2287 et
1203 2258 1248 2294 qui
1263 2258 1314 2286 bac
1333 2257 1360 2285 in
1376 2255 1470 2293 rapina
1487 2255 1688 2287 concurrerint,
1706 2261 1750 2282 re-

957 2304 1034 2340 legan
1040 2310 1091 2333 tor.

992 2360 1038 2388 H.
1055 2360 1094 2388 De
1108 2361 1215 2396 proprio
1233 2361 1360 2397 sanguini
1377 2369 1404 2389 se
1424 2361 1606 2389 intuentibus.
1636 2373 1669 2379 —
1697 2357 1749 2391 Qui

956 2414 1018 2435 cum
1047 2407 1156 2442 proprio
1180 2408 1312 2442 sanguine
1337 2415 1367 2435 se
1393 2407 1582 2438 commiscent,
1617 2404 1675 2432 sive
1703 2411 1749 2438 pa-

955 2458 1048 2481 rentes
1063 2461 1125 2481 cum
1140 2453 1243 2486 liberis,
1266 2453 1323 2481 sive
1337 2453 1414 2480 liberi
1435 2460 1496 2481 cum
1517 2451 1684 2487 parentibus,
1706 2450 1750 2477 vel

955 2498 1054 2527 fratres
1069 2507 1129 2528 cum
1150 2500 1300 2531 sororibus,
1324 2499 1413 2535 gladio
1435 2499 1593 2534 puniuntor.
1613 2497 1660 2524 Eis
1671 2503 1748 2528 vero,

954 2545 1000 2579 qui
1015 2553 1048 2572 cx
1063 2545 1116 2573 alio
1132 2545 1301 2580 cognationis
1312 2545 1398 2581 gradu
1416 2545 1531 2573 invicem
1547 2543 1599 2572 sibi
1620 2548 1747 2577 stuprum

954 2589 1105 2624 intulerint,
1127 2590 1207 2617 veluti
1222 2595 1299 2625 pater
1311 2589 1390 2617 nurui
1411 2589 1452 2617 vel
1467 2589 1538 2616 illius
1551 2588 1627 2616 uxori
1648 2586 1747 2622 patris,

953 2635 1012 2663 sive
1042 2636 1254 2670 novercae,‘vel
1282 2636 1396 2664 vitricus
1416 2635 1558 2670 privignae,
1586 2634 1629 2662 vel
1661 2635 1747 2662 frater

953 2680 1031 2708 uxori
1052 2680 1156 2714 fratris,
1182 2679 1224 2708 vel
1237 2684 1349 2716 patruus
1362 2678 1545 2707 avunculnsve
1563 2677 1625 2706 ﬁliae
1650 2676 1745 2705 fratris

953 2730 1000 2752 aut
1025 2725 1140 2758 sororis,
1166 2725 1257 2753 amitae
1279 2729 1327 2752 aut
1344 2727 1498 2752 matertera
1513 2742 1521 2756 ,
1537 2730 1618 2751 nares
1629 2722 1745 2750 abscin—

952 2771 1061 2799 duntor.
1082 2770 1214 2799 Similiter
1233 2776 1261 2800 et
1275 2770 1325 2804 illi,
1337 2770 1458 2806 quicum
1476 2769 1582 2798 duabus
1598 2767 1748 2797 sororibus

953 2818 1041 2845 sciens
1057 2817 1181 2845 coiverit.

988 2863 1032 2892 l5.
1051 2863 1078 2891 Si
1107 2864 1204 2893 mulier
1228 2867 1345 2892 scortata
1375 2862 1466 2897 fuerit,
1483 2866 1509 2890 ct
1531 2860 1641 2898 gravida
1671 2859 1744 2886 lacte
