1945 3073
171 136 225 168 539

684 138 943 170 CONSTAN'HNI
965 141 1089 171 PORI‘H
1096 141 1248 172 YliOGEN
1255 143 1263 171 Ξ
1270 142 1309 170 Ti

1746 144 1816 174 510

165 194 254 221 ventri
270 201 319 222 suo
333 195 463 222 struxerit
484 194 608 228 insidias,
623 200 652 222 ut
667 196 802 229 ahortiat,
817 198 955 224 verberata

1032 199 1186 233 τιῆηυὶεύσῃ
1215 199 1247 233 τῇ
1276 198 1328 233 itii;
1356 198 1456 233 γαστρὶ
1486 198 1552 233 πρὸς
1589 198 1618 224 τὺ
1648 198 1804 234 ἐκτρῶσαι,

166 238 309 273 relegator.

202 285 244 320 ίϐ.
259 285 310 318 Qui
324 293 384 313 cum
396 286 484 320 puella
500 287 603 321 virgine
614 287 709 320 coivit,
720 295 750 315 ca
760 289 956 320 consentiente,

165 331 326 366 parentibus
341 332 541 367 ignorantibus,
560 334 666 360 tandem
685 341 714 361 re
726 334 842 369 cognita,
859 335 882 362 si
894 334 959 362 velit

166 385 225 404 cam
242 385 356 405 uxorem
374 378 483 410 ducere,
505 379 663 413 parentibus
682 380 796 415 virginis
819 380 889 408 idem
909 388 958 407 vo-

165 423 295 456 lentibus,
307 424 509 451 matrimonium
520 425 699 453 contrahitur.
718 426 766 453 Stn
777 434 828 453 una
841 427 957 461 partium

167 469 244 502 nolit,
260 474 286 496 et
300 475 439 505 stuprator
451 470 571 505 locuples
584 471 630 504 sit,
649 471 758 498 violata:
775 471 871 506 puellae
899 471 958 498 auri

168 515 264 542 libram
278 523 373 549 unam;
389 516 411 544 si
427 517 558 551 egentior,
580 517 719 545 semissem
735 518 892 552 patrimonii
914 518 954 544 sui

169 566 308 594 prtestato.
321 562 348 589 Si
362 563 473 590 omnino
491 563 525 590 sit
538 571 640 598 pauper
655 569 682 592 et
700 564 787 599 inops,
800 565 959 592 verberatus

172 612 200 634 οι
216 611 310 634 ιοιιευς
328 607 416 642 relega
421 613 473 636 tor.

1007 244 1164 278 τυπτομένη
1177 243 1355 278 ὲξοριζέσοω.

1044 293 1092 322 ις’.
1119 291 1148 316 ὐ
1164 291 1365 324 συγγενόμενος
1386 289 1454 324 κόρῃ
1475 289 1615 324 παρθένῳ,
1640 288 1810 324 προαιρέσει

1009 336 1059 372 μὲν
1077 338 1125 371 τῆς
1147 336 1252 371 κόρης,
1285 335 1401 370 ὰγνὼμῃ
1426 334 1549 370 [ἀγνοίᾳ]
1579 334 1607 361 δὲ
1636 334 1691 361 τῶν
1715 335 1811 368 αὐτῆς

1007 380 1120 414 γονέων,
1139 381 1168 407 ὲν
1186 380 1294 415 ὑστέρῳ
1308 380 1412 406 τούτων
1437 379 1674 413 διαγινωσκόντων
1685 378 1809 416 [τούτου

1008 425 1281 461 διαγινωσκομένου],
1305 426 1329 452 εί
1352 426 1401 460 μὲν
1417 425 1526 461 θελήσει
1536 425 1628 452 λαϐεῖν
1642 426 1736 460 αὐτὴν,
1755 427 1811 452 καὶ

1009 473 1143 508 θελήσωσι
1155 473 1201 498 καὶ
1212 472 1236 498 oi.
1255 472 1344 506 γονεῖς
1359 471 1457 505 αὐτῆς.
1474 471 1593 505 γινέσθω
1607 471 1654 498 τὸν
1669 470 1810 497 συνάλλα-

1011 527 1081 553 γμα.
1107 519 1137 544 Εἰ
1161 518 1190 544 δὲ
1210 517 1239 544 ἐν
1259 517 1314 544 τῶν
1329 517 1421 552 μερῶν
1437 517 1474 552 μὴ
1492 516 1606 552 θελήσῃ,
1620 517 1645 543 εἰ
1662 516 1711 551 μέν
1728 517 1810 543 ἐστιν

1012 564 1127 598 εὔπορος
1151 563 1166 590 ὸ
1184 563 1311 598 φθορεὺς,
1337 562 1432 589 διδότω
1457 564 1491 598 τῇ
1513 562 1583 598 κόρῃ
1607 563 1641 597 τῇ
1668 562 1810 597 φθαρείσῃ

1013 609 1126 644 χρυσίου
1136 608 1232 644 λίτραν
1249 609 1324 644 μίαν·
1342 609 1366 635 εἰ
1379 608 1407 635 δέ
1422 609 1497 635 ἐστιν
1513 608 1696 643 ἐνδεέστερος,
1708 607 1810 634 διδότω

169 653 200 679 τὸ
220 653 307 688 ἥμισυ
325 654 372 688 τῆς
390 654 566 687 ὑποστάσεως
589 655 682 683 αὐτοῦ.
710 656 742 683 El
765 656 793 683 δὲ
813 655 954 688 παντελῶς
973 656 1086 692 ὑπάρχῃ
1102 656 1188 691 πένης
1203 656 1250 683 καὶ
1282 655 1452 691 ἀνεὺπορος,
1476 654 1646 690 τυπτόμενος
1680 655 1727 681 καὶ
1744 663 1812 682 κου·

172 699 318 733 ρευόμενος
332 699 508 735 ὲξοριζέσοω.

208 743 251 772 Π.
269 744 319 777 Qui
341 753 393 772 non
407 745 489 773 habet
505 753 627 779 uxorem,
639 751 821 779 ctscortatur,
849 753 897 774 sex
910 746 958 773 al-

172 789 249 817 lactis
262 790 430 819 verberator.

1049 744 1092 776 ιζ’.
1108 744 1138 770 '0
1150 743 1188 778 μὴ
1203 742 1274 778 ἔχων
1289 743 1419 777 γυναῖκα,
1435 743 1481 768 καὶ
1495 740 1646 776 πορνεύων,
1661 741 1812 767 τυπτέσθω

1015 790 1136 818 ἁλλακτὰ
1152 788 1192 822 ἓξ.

208 835 251 863 18.
265 835 316 868 Qui
332 836 478 870 legitimam
491 845 601 865 uxorem
613 837 703 871 habet,
713 846 745 865 ac
758 839 783 866 in
796 838 962 866 scortatione

1053 835 1098 870 ui.
1123 835 1153 862 '0
1168 835 1286 869 γυναῖκα
1305 833 1431 869 νομίμως
1454 832 1535 868 ἔχων,
1561 833 1608 860 καῖΙ
1624 833 1665 863 εἰς
1678 831 1812 867 πορνείαν

174 881 406 916 deprehenditur:
421 883 503 910 veluti
519 884 564 918 qui
576 884 677 911 dictmu
690 884 755 912 illud
774 884 879 911 Domini
897 891 965 912 con-

174 927 279 959 temnit,
294 934 348 960 quo
363 927 484 962 docetur,
513 928 571 956 Non
595 930 771 962 scortaheris,
797 929 904 957 allactis
920 936 966 957 ca-

172 972 324 1008 stigationis
337 981 417 1001 causa
433 974 575 1002 duodecim
591 974 756 1003 verberator.

210 1029 355 1066 Scholium.
367 1046 403 1051 —
415 1031 465 1064 Qui
486 1036 631 1064 scortntur,
650 1031 749 1066 inquit,
762 1032 784 1058 si
801 1031 882 1058 habet
898 1040 966 1059 uxo-

174 1071 253 1101 rem,
269 1065 411 1093 duodecim
425 1066 541 1098 allactis,
559 1068 609 1093 hoc
633 1065 695 1099 est,’
707 1067 804 1101 plagis,
818 1067 877 1094 sive
891 1075 967 1094 man-

175 1099 281 1132 claviis,
296 1104 324 1126 ut
339 1100 418 1135 vulgo
432 1101 588 1135 loquuntur,
608 1099 765 1136 castigator.

213 1156 258 1184 19.
277 1156 306 1183 Si
319 1158 380 1191 quis
392 1165 504 1185 uxorem
519 1158 633 1191 habens,
647 1165 708 1185 cum
723 1158 818 1185 ancilla
833 1166 880 1185 sua
897 1166 966 1186 con-

178 1201 308 1233 sueverit,
325 1209 354 1229 re
366 1202 484 1237 cognita,
496 1202 595 1230 auferri
609 1210 640 1230 ea
651 1203 727 1230 debet
744 1210 758 1229 a
775 1203 889 1238 praeside
902 1203 967 1235 loci,

178 1253 206 1275 ct
226 1252 301 1274 extra
321 1248 486 1282 provinciam
505 1249 540 1277 ab
557 1249 602 1277 illo
622 1249 758 1277 distrahi:
776 1249 862 1284 pretio
883 1249 910 1277 in
933 1250 967 1277 ii-

179 1285 258 1323 scum.
273 1294 425 1322 inferendo.

213 1383 259 1412 20.
275 1384 325 1417 Qui
349 1392 410 1412 cum
434 1385 521 1413 aliena
543 1386 642 1413 ancilla
657 1391 803 1419 scortatur,
820 1387 842 1414 si
866 1386 903 1414 sit
919 1386 968 1412 ho-

179 1432 282 1458 nestior
319 1431 368 1468 [αι.
395 1432 538 1467 ἰοειιριυδ],
570 1432 722 1466 huiusmodi
747 1432 838 1459 delicti
862 1432 970 1458 nomine

181 1477 289 1504 domino
304 1477 410 1505 ancillae
424 1478 531 1511 triginta
548 1485 593 1504 sex
608 1477 710 1505 solidos
725 1481 834 1512 prmstet
851 1486 857 1504 :
875 1477 968 1504 humi-

1016 882 1218 917 εὑρισκόμενος.
1233 880 1271 912 ὡς
1285 880 1316 907 τδ
1334 880 1411 915 ῥῆμα
1424 878 1472 906 τοῦ
1491 878 1594 913 Κυρίου
1615 878 1811 913 καταφρονῶν,

1016 928 1046 955 τὸ
1057 929 1191 960 διδάσκον,
1210 927 1253 963 Μὴ
1268 926 1433 962 πορνεύσῃς,
1445 925 1589 952 τυπτέσθω
1602 924 1724 952 ὰλλακτὶι
1738 923 1814 960 πρὸς

1018 973 1208 1010 σωφρονισμὸν
1224 973 1342 1000 δώδεκα.

1054 1032 1267 1066 Σχύλιον.-Ὀ
1286 1031 1437 1067 πορνεύων,
1454 1029 1547 1067 φησὶν,
1562 1031 1589 1067 εί
1606 1030 1662 1067 ἔχει
1678 1029 1812 1067 γυναῖκα,

1017 1068 1061 1094 διὰ
1078 1065 1112 1101 ιβ’
1122 1067 1272 1098 ἁλλακτῶν,
1283 1065 1407 1094 τουτέστι
1419 1066 1542 1101 δαρμῶν,
1559 1065 1665 1101 ἥγπαρὰ
1683 1065 1738 1095 τοῖς
1753 1071 1809 1090 κοι-

1018 1104 1071 1134 νοῖς
1085 1100 1238 1137 λεγομένων
1255 1101 1442 1137 μαγκλαϐίων,
1455 1100 1673 1135 σωφρονιζέσυω.

1055 1160 1097 1186 ιο’.
1124 1161 1153 1186 ’0
1168 1159 1236 1194 ἔχων
1255 1160 1385 1193 γυναῖκα,
1404 1159 1452 1185 καὶ
1475 1159 1510 1193 τῇ
1537 1157 1590 1192 ίδία
1610 1155 1812 1190 συγγενόμενος

1018 1206 1109 1242 δούλῃ,
1125 1205 1374 1240 ὃιαγινωσκομένου
1392 1204 1439 1231 τοῦ
1455 1203 1628 1239 πράγματος,
1642 1202 1747 1237 ταύτην
1757 1201 1812 1228 ὑπὸ

1018 1252 1065 1278 τοῦ
1083 1251 1154 1278 κατὰ
1169 1251 1214 1278 τὸν
1233 1251 1316 1277 τόπον
1341 1250 1471 1286 ἄρχοντος
1491 1248 1665 1284 ἐπαίρεσθαι,
1681 1248 1726 1274 καὶ
1744 1246 1811 1281 παρ’

1019 1296 1102 1324 αὐτοῦ
1132 1296 1203 1331 ὑπὲρ
1229 1295 1364 1330 ἐπαρχίαν
1392 1293 1615 1330 πιπράσκεσθαι·
1641 1292 1695 1319 τῶν
1722 1291 1811 1327 τιμῶν

1021 1342 1107 1376 αὐτῆς
1124 1341 1358 1376 εἰσκομιζομένων
1374 1341 1403 1367 ὲν
1414 1339 1452 1375 τῷ
1466 1339 1543 1376 μέρει
1556 1339 1602 1365 τοῦ
1614 1338 1755 1373 δημοσίου.

1057 1391 1091 1414 κ’.
1111 1387 1141 1415 '0
1163 1387 1302 1423 πορνεύων
1324 1388 1363 1419 εἰς
1389 1386 1485 1421 δούλην
1518 1385 1673 1420 ἀλλοτρίαν,
1702 1384 1809 1418 ἔντιμος

1021 1433 1103 1469 ιγᾶλλ.
1121 1433 1303 1469 καὶεῦπορος]
1325 1433 1363 1459 ῶν
1387 1432 1530 1468 παρεχέτω
1551 1431 1621 1466 ὑπὲρ
1633 1431 1679 1457 τοῦ
1689 1429 1810 1457 τοιούτου

1022 1479 1194 1514 πταίσματος
1207 1479 1246 1514 τῷ
1261 1479 1377 1515 αὐθέντῃ
1391 1478 1440 1514 τῆς
1451 1478 1546 1512 δούλης
1562 1478 1719 1512 νομίσματα
1734 1476 1811 1510 τριά-

181 1520 234 1548 lior
255 1526 356 1555 autem,
372 1522 538 1555 verberator,
552 1527 579 1549 et
599 1523 625 1549 in
651 1527 778 1556 quantum
799 1526 896 1556 potest,
922 1529 970 1557 pro

1032 1533 1104 1552 ιοντα
1113 1525 1153 1558 ἓξ.
1168 1526 1287 1560 Εὐτελὴς
1300 1526 1327 1552 δὲ
1336 1526 1374 1551 ῶν
1383 1534 1414 1551 τυ
1422 1524 1539 1554 πτέσοω.
1550 1525 1596 1551 καὶ
1608 1524 1648 1554 εἰς
1662 1523 1676 1549 ὃ
1687 1522 1810 1558 εὐπορεῖ,

182 1571 240 1593 rata
255 1566 401 1593 solidorum
418 1566 525 1601 triginta
539 1575 587 1594 sex
604 1567 701 1595 solvat.

220 1611 264 1639 11.
290 1611 330 1638 De
356 1612 773 1647 pwdirouMum—l’wdicones,
800 1618 854 1640 tam
880 1613 903 1641 is
924 1614 970 1648 qui

183 1657 259 1692 facit,
272 1665 353 1692 quam
363 1658 408 1693 qui
421 1659 532 1692 patitur,
546 1659 634 1694 gladio
648 1660 807 1694 puuittntor.
820 1659 867 1687 Sin
881 1661 915 1693 is,
925 1661 972 1696 qui

185 1702 307 1737 patitur,
332 1703 423 1729 minor
442 1704 522 1730 anuis
547 1704 689 1732 duodecim
717 1704 843 1732 inventus
874 1705 971 1739 fuerit,

184 1747 332 1782 ignoscitor
358 1748 383 1775 ei
397 1756 404 1774 :
422 1755 484 1775 cum
501 1753 568 1776 tetas
585 1749 642 1784 ipsa
660 1749 694 1777 sit
712 1749 826 1783 indicio,
842 1758 894 1778 non
911 1758 972 1778 eum

183 1791 268 1824 seire,
285 1792 347 1824 quid
363 1792 490 1824 patiatur.

218 1837 263 1865 ΞΕ.
282 1837 320 1864 De
335 1838 484 1864 ineuntibus
495 1837 627 1872 jumentu.
638 1854 674 1859 —
685 1839 741 1873 Eis,
753 1840 798 1875 qui
812 1848 873 1867 cum
889 1840 975 1868 brutis

183 1888 375 1917 consuescunt,
390 1884 440 1912 hoc
454 1888 505 1917 est,
521 1884 565 1919 qui
578 1884 700 1919 jumenta
714 1886 819 1918 ineunt,
836 1885 914 1920 penis
928 1885 976 1913 ab-

189 1929 332 1957 scinditur.

217 1975 263 2002 ‘23.
287 1975 324 2002 De
339 1976 515 2010 tycopltantir.
534 1991 570 1997 —
592 1975 823 2009 Calumniatores,
847 1978 872 2004 iu
898 1984 970 2011 qua-

184 2028 301 2055 cumque
333 2027 414 2048 causa
436 2021 595 2049 calumniati
629 2021 747 2054 fuerint,
773 2022 868 2049 iisdem
889 2021 978 2057 pannis

185 2071 320 2094 ιοιιοιιιιπ.

219 2113 265 2140 τι.
282 2113 321 2141 De
338 2115 468 2150 veneﬁcis.
483 2131 519 2136 —
531 2115 601 2150 Magi
621 2121 649 2143 et
667 2115 791 2146 veneﬁci,
814 2114 860 2149 qui
879 2118 909 2142 ut
929 2114 978 2141 ho-

187 2159 304 2187 minibus
321 2166 447 2194 noceant,
461 2162 596 2189 dzemones
613 2161 801 2196 alloquuntur,
822 2161 911 2196 gladio
928 2168 977 2195 pu-

186 2205 305 2233 niuntor.

224 2253 269 2280 ‘25.
291 2253 342 2286 Qui
358 2253 477 2281 amulcla
493 2253 649 2284 coniiciunt,
668 2253 759 2286 specie
775 2257 855 2281 tenus
878 2252 912 2280 ad
928 2253 978 2279 ho-

187 2304 290 2328 minum
302 2300 552 2335 utilitatem,turpis
566 2298 635 2326 lucri
648 2300 689 2327 sui
711 2306 806 2333 causa,
832 2300 978 2335 publicatis

187 2348 265 2376 bonis
279 2347 445 2382 relegantur.

220 2394 265 2421 26.
286 2393 351 2421 Sive
366 2400 472 2426 servus,
493 2393 552 2421 sive
578 2394 722 2427 ingenuus,
738 2393 782 2427 qui
808 2400 981 2428 quocumque

187 2446 324 2476 praetextu
352 2446 445 2474 potqu
469 2439 536 2467 dare
564 2440 786 2475 deprehenditur,
809 2444 855 2466 aut
883 2439 980 2466 marito

188 2487 297 2520 mulier,
319 2491 366 2514 aut
387 2487 491 2514 mulieri
508 2487 635 2520 maritus,
661 2492 708 2514 aut
733 2486 831 2513 ancilla
846 2485 980 2519 dominae;

186 2538 268 2568 atque
289 2533 339 2561 hac
357 2534 500 2561 occasione
515 2533 563 2568 qui
585 2538 677 2568 putum
700 2532 815 2566 sumpsit
830 2532 979 2559 exhibitum

187 2581 222 2608 ab
237 2580 283 2608 illo
300 2580 363 2613 sibi,
380 2580 402 2608 si
423 2580 502 2608 cadat
518 2580 544 2607 iu
564 2582 698 2612 morbum,
718 2578 850 2614 quasique
872 2577 980 2610 deﬂuat,

185 2632 213 2654 et
227 2626 359 2654 moriatur
372 2647 380 2659 ,
398 2627 487 2661 gladio
502 2626 638 2662 plectitor.

224 2672 271 2700 27.
286 2672 316 2700 Ei
329 2674 445 2707 quicum
459 2673 606 2700 monastria
619 2675 764 2704 scortntur,
777 2676 915 2706 tamquam
930 2668 982 2696 Ec‘

189 2718 299 2746 clcsiam
310 2718 356 2746 Dei
369 2719 531 2746 contumelia
547 2718 689 2752 aiﬁrienti,
700 2725 780 2746 nares
789 2716 983 2745 abscinduntor

190 2770 342 2800 propterea,
359 2766 429 2799 quod
444 2767 525 2793 etiam
542 2767 601 2801 ipse
613 2766 777 2794 adulterium
800 2764 980 2794 commiserit,

189 2810 237 2838 illa
257 2811 291 2839 ab
304 2810 425 2838 Ecclesia
450 2811 567 2838 alienata
594 2820 600 2837 :
625 2811 721 2839 cadent
743 2810 916 2840 exsecutione
934 2810 981 2837 nd-

191 2864 287 2887 versus
300 2858 387 2894 ipsam
408 2865 515 2893 quoque
530 2859 673 2885 servanda.

1021 1571 1090 1608 πρὸς
1103 1572 1249 1606 ἀναλογίαν
1265 1573 1319 1600 τῶν
1333 1571 1378 1605 λς’
1394 1572 1570 1607 νομισμάτων
1584 1571 1688 1597 διδότω.

1056 1616 1109 1645 κα’.
1128 1618 1197 1651 Περὶ
1212 1616 1362 1652 ἀσελγῶν.
1377 1617 1408 1643 υί
1421 1617 1555 1650 ἀσελγεῖς,
1575 1617 1590 1642 δ
1602 1623 1632 1641 τε
1647 1613 1742 1645 ποιῶν,
1762 1612 1808 1640 καὶ

1021 1664 1036 1691 ὁ
1048 1664 1202 1699 ὑπομένων.
1216 1663 1286 1698 ξίφει
1299 1662 1535 1698 τιμωρείσθωσαν.
1547 1662 1578 1688 Et
1594 1662 1622 1689 δὲ
1637 1662 1651 1688 ό
1666 1659 1810 1694 ὑπομένων

1022 1710 1111 1745 ἥττων
1134 1710 1189 1736 τῶν
1207 1708 1241 1744 ιβ’
1267 1709 1336 1735 ὲτῶν
1350 1709 1464 1743 εὑρεθῇ,
1482 1707 1689 1742 συγχωρείσθω·
1711 1705 1748 1736 ὡς
1762 1706 1810 1739 τῆς

1024 1753 1133 1789 ἡλικίας
1156 1753 1289 1789 δηλοὺσης
1304 1773 1311 1786 ,
1343 1753 1380 1788 μὴ
1407 1753 1508 1779 εἰδέναι
1534 1751 1616 1779 αὐτὸν
1640 1750 1671 1777 τὺ
1694 1749 1721 1776 τί
1746 1749 1811 1776 ὓπο-

1026 1799 1111 1834 μένει.

1061 1845 1113 1872 ιι6¹.
1133 1844 1203 1879 Περὶ
1217 1843 1499 1878 κτηνοσατῶν.-οῑ
1511 1841 1714 1877 ἀλογευόμενοι,
1729 1838 1812 1874 ἦγουν

1026 1889 1200 1927 κτηνοῦἀται,
1213 1889 1496 1917 καυλοκοπείσοωσαν.

1063 1977 1116 2013 κγ’.
1138 1975 1514 2012 Περίσυκοφαντῶν.-Οι
1530 1973 1696 2008 συκοφάνται
1719 1973 1748 1998 ὲν
1770 1972 1814 2006 οἷς.

1028 2025 1051 2052 δ’
1064 2025 1097 2052 ἂν
1111 2025 1187 2060 αἰτίᾳ
1201 2023 1436 2059 συκοφαντήσωσι,
1454 2023 1488 2057 τῇ
1505 2019 1688 2054 ταυτοπαθείᾳ
1707 2018 1815 2045 ὑποκεί-

1030 2070 1148 2098 σθωσαν.

1064 2116 1102 2144 κδ’
1107 2138 1113 2144 .
1132 2116 1201 2150 Περὶ
1217 2114 1425 2151 φαρμακῶνμ-
1431 2115 1461 2141 Οἱ
1470 2114 1567 2149 γόητες
1576 2114 1623 2140 καὶ
1631 2113 1655 2139 οί
1665 2111 1813 2146 φαρμακοὶ,

1030 2163 1054 2189 οἱ
1066 2162 1204 2198 ἑπὶβλάὸῃ
1220 2162 1373 2197 ἀνθρώπων
1388 2159 1605 2196 προσλαλοῦντες
1628 2159 1684 2189 τοῖς
1697 2156 1814 2192 δαίμοσι,

992 2211 1014 2238 D
1030 2209 1102 2244 ξίφει
1118 2208 1358 2244 τιμωρείσοωσαν.

1066 2253 1114 2281 κε’.
1153 2254 1185 2280 οι
1212 2254 1240 2280 δὲ
1267 2253 1408 2284 ποιοῦντες
1437 2251 1563 2286 φυλακτὰ
1588 2249 1636 2277 τοῦ
1662 2249 1752 2276 δοκεῖν
1775 2248 1814 2275 ἐπ’

1030 2299 1148 2335 ὠφελείᾳ
1155 2299 1314 2334 ἀνθρώπων,
1324 2298 1369 2325 διὰ
1380 2298 1448 2325 ἰδίαν
1457 2295 1691 2332 αἰσχροκέρδειαν,
1700 2294 1814 2331 δημευό-

1032 2354 1107 2381 μενοι
1123 2345 1351 2381 ἐξοριζέσοωσαν.

1066 2390 1123 2424 κς⁴.
1145 2392 1176 2418 Ὀ
1196 2391 1403 2426 εὑρισκόμενος,
1415 2391 1470 2416 εἴτε
1483 2389 1588 2421 δοῦλος,
1599 2388 1654 2415 εἴτε
1669 2387 1815 2422 ἐλεύθερος,

1031 2439 1077 2465 ἐπὶ
1103 2437 1240 2474 προφάσει
1267 2437 1412 2473 omanem;
1445 2436 1534 2467 διδοὺς
1558 2434 1650 2467 ποτὸν,
1674 2434 1729 2460 εἴτε
1752 2433 1815 2468 γυνὴ

1031 2484 1117 2519 ἀνδρὶ,
1137 2484 1192 2510 εἴτε
1211 2483 1281 2518 ἀνὴρ
1295 2482 1418 2517 γυναικὶ,
1435 2481 1490 2508 εἴτε
1504 2481 1584 2516 δούλη
1607 2482 1640 2515 τῇ
1663 2479 1813 2514 αὐθεντρίᾳ,

1032 2531 1079 2557 καὶ
1087 2529 1185 2564 διὰτῆς
1198 2528 1328 2564 τοιαύτης
1335 2528 1501 2563 προφάσεως
1512 2525 1640 2561 ἀσθενείᾳ
1656 2525 1792 2560 περιπέσοι
1802 2524 1816 2550 ό

1031 2575 1121 2603 λαϐὼν
1139 2576 1184 2602 τιν
1212 2575 1264 2602 ὑπὸ
1290 2574 1386 2601 τούτου
1415 2573 1497 2600 ποτόν
1513 2593 1520 2605 ,
1545 2574 1591 2599 καὶ
1619 2571 1709 2606 συμϐῇ
1739 2570 1813 2597 αὐτὸν

1033 2621 1198 2657 καταρεῦσαι
1217 2621 1264 2648 καὶ
1279 2620 1437 2650 ἀποθανεῖν,
1454 2619 1525 2652 ξίφει
1542 2617 1728 2653 τιμωρείσθω.

1067 2667 1118 2700 κζ’.
1145 2668 1173 2695 Ὀ
1188 2667 1328 2703 πορνεύων
1344 2667 1384 2698 εἰς
1402 2666 1578 2701 μονέστριαν,
1590 2665 1628 2696 ὡς
1642 2663 1690 2698 τὴν
1706 2661 1816 2696 Ἐκκλη.

1033 2715 1095 2742 σίαν
1128 2714 1174 2741 τοῦ
1198 2714 1266 2741 Θεοῦ
1283 2712 1456 2748 καουῦρξζων
1471 2731 1479 2743 ,
1510 2709 1727 2746 ρινοκοπείσθω·
1755 2708 1814 2735 διότι

1033 2762 1158 2792 κάκεῖνος
1179 2760 1300 2795 μοιχείαν
1319 2759 1478 2794 εἰργάσατο,
1497 2757 1546 2792 τῆς
1558 2755 1725 2791 Ἑκκλησίας
1739 2753 1814 2788 αὐτὴν

1033 2807 1226 2843 ἀλλοτριώσας*
1247 2807 1294 2843 τῆς
1307 2807 1402 2842 ὁμοίας
1417 2805 1464 2832 καὶ
1478 2805 1522 2832 ἐπ“
1534 2804 1602 2838 αὐτῇ
1617 2800 1814 2838 φυλαττομένης

1035 2853 1244 2887 ἐπεξελεύσεως.
