1945 3073
113 179 161 212 ΞΗ

745 185 943 217 DELECTUS
963 185 1109 218 LEGUM.

1692 182 1746 215 5i2

146 239 200 275 κη’.
233 239 263 265 ’0
291 238 420 274 ἀλλοτρίᾳ
446 240 531 276 μητρὶ
551 239 599 267 καὶ
622 241 657 276 τῇ
681 241 767 276 αὐτῆς
786 241 902 277 θυγατρλ

996 242 1042 270 28.
1063 242 1092 270 Ei
1116 241 1161 277 qui
1186 249 1246 269 cum
1264 245 1392 269 extranea
1412 244 1510 272 matre,
1527 246 1558 267 ac
1582 239 1655 268 illius
1679 241 1744 273 ﬁlia,

109 285 253 322 σαρκικῶς
264 286 291 311 ἐν
308 285 410 320 είδῄσει
435 285 618 321 μιγνύμενος,
633 287 830 322 ρινοκοπείσοω
842 296 849 302 ·
867 289 901 323 τῇ

109 331 181 367 αὐτῇ
197 332 276 366 ποινῇ
293 330 340 357 καὶ
354 331 402 366 τῆς
417 332 446 357 ἐν
461 331 562 367 εἰδήσει
573 331 811 369 πλημμελησάσης
827 333 902 369 αὐτῷ

110 377 307 411 ὑποκειμένης.

149 423 202 452 ιϐ’,
218 423 248 449 Ὀ
257 422 302 449 δύο
313 422 436 457 γαμετὰς
445 423 526 458 ἔχων,
537 424 688 451 τυπτέσθω
702 424 901 459 ἐκδιωκομένου

110 469 159 496 τοῦ
175 468 340 495 ἐπεισάκτου
357 467 470 501 γυναίου
481 469 550 503 μετὰ
567 468 622 495 τῶν
645 467 675 500 ἐξ
689 468 773 503 αὐτῆς
792 467 903 503 τεχθέν-

109 523 165 542 των
176 514 290 541 τέκνων.

146 559 180 586 λ’.
196 559 227 586 '0
238 559 381 595 ἀλλοτρίας
396 559 496 594 ἀγέλης
507 559 557 594 τῆς
570 559 731 594 οίασδήποτε
751 558 902 585 ἀπελσσίαν

109 602 283 638 ποιούμενος,
295 605 324 630 ὲν
340 603 390 639 μέν
409 604 530 639 πρώτοις
544 604 624 632 τοῦτο
639 604 735 637 ποιῶν,
748 603 901 630 τυπτέσθω·

108 646 236 682 δεύτερον
244 647 282 680 δὲ,
297 649 390 684 ἐξορῖᾳ.
401 649 641 684 παραπεμπέσθω·
657 649 748 684 τρίτον
763 649 801 679 δὲ,
814 657 903 684 χειρο-

109 693 250 720 κοπείσθω
265 702 272 709 ·
298 694 462 728 ὀφειλόντων
484 695 607 731 δηλονότι
631 695 685 721 τῶν
720 695 785 730 παρ’
818 695 902 722 αὑτοῦ

108 738 321 774 ἁπολλυομένων
334 742 366 775 τῇ
380 740 433 776 ἰδίᾳ
446 740 682 767 ἀποκαθίστασθαι
695 740 849 776 δεσποτεία.

145 785 197 812 λα’.
215 785 246 811 '0
256 785 406 821 λῃστεύων,
420 787 468 813 καὶ
480 787 591 822 ἐνέδρας
602 787 698 820 ποιῶν,
711 787 759 813 καὶ
770 786 903 821 φονεύων,

111 831 142 858 ἐν
152 827 174 864 ᾧ
189 833 332 867 κρατεῖται
347 831 434 868 τόπῳ,
457 833 660 868 φουρκιζέσθω.
800 864 812 880 Ι

145 921 197 958 λβ¹.
221 922 250 949 '0
267 923 384 958 πρᾶγμα
402 922 471 957 ἔχων
485 923 556 957 μετά
570 931 654 955 τινος,
668 923 714 950 καὶ
731 923 768 958 μὴ
782 924 815 958 τῇ
831 923 901 959 ἀρχῇ
917 914 941 945 Β

108 967 290 1002 προσφωνῶν,
311 967 369 994 ἀλλ’
389 967 561 999 αὺτοὸούλως
581 968 640 994 εἴτε
656 968 717 995 κατ’
737 968 900 1003 ἐξουσίαν,ῆ

109 1013 158 1040 καί
174 1022 233 1040 τινα
245 1013 406 1041 δυναστείαν
418 1014 490 1049 χειρὶ
503 1014 653 1041 ἐπιόαίνων
667 1014 715 1041 καὶ
732 1015 856 1049 ἐπαίρων
872 1013 902 1040 τὸ

109 1059 222 1086 εῑτιοῦν·
241 1060 266 1086 εἰ
284 1059 332 1094 μὲν
348 1060 419 1086 uti
438 1059 569 1095 ἀλήθειαν
590 1061 620 1087 τὺ
638 1061 704 1090 ἴδιον
716 1059 806 1093 ζητῶν
822 1060 901 1086 τοῦτο

108 1105 261 1142 ἐποίησιν,
294 1106 450 1133 ἐκπιπτέτω
475 1106 521 1133 τοῦ
551 1107 616 1132 ἰδίου
643 1107 821 1142 πράγματος,
854 1107 902 1133 καὶ

109 1152 259 1179 ἀναδιδότω
273 1152 311 1186 τῷ
332 1152 430 1187 ἑτέρῳ.
444 1152 474 1178 Et
488 1151 516 1178 δὲ
530 1151 577 1178 καὶ
592 1152 733 1186 ἀλλότριόν
747 1160 773 1177 τι
787 1151 901 1186 ἐπῆρεν,

111 1197 165 1224 ὑπὸ
179 1196 228 1231 μὲν
236 1196 282 1223 τοῦ
293 1198 362 1223 κατὰ
373 1196 418 1223 τὸν
431 1197 513 1223 τόπον
525 1197 657 1232 ἄρχοντος
667 1196 798 1232 δερέσθω,
809 1196 847 1228 ὡς
865 1197 902 1232 μὴ

111 1243 276 1279 ἀρχόμενος,
297 1243 344 1270 καὶ
368 1243 450 1270 αὑτοῦ
466 1243 612 1278 γενόμενος
625 1243 741 1275 ἔκδικος,
757 1244 805 1270 καὶ
817 1242 904 1274 οὕτως

111 1289 163 1324 τὴν
174 1289 397 1315 ἀποκατάστασιν
409 1288 540 1315 ποιείσθω
552 1285 619 1314 οῦπε
624 1297 639 1324 ρ
652 1289 791 1322 ἀφείλετο.

149 1333 199 1369 λγ’.
227 1334 256 1362 '0
272 1335 346 1370 ίερέα
356 1335 409 1361 εἴτε
418 1335 447 1361 ἐν
460 1333 604 1370 ἐκκλησίᾳ,
617 1335 672 1361 εἴτε
684 1335 713 1361 ἐν
723 1334 784 1372 λιτῇ
800 1337 905 1372 ἐπιχειο

113 1380 180 1415 ρῶν,
195 1382 365 1415 τυπτόμενος
380 1379 552 1415 ἐξοριζέσθω.

147 1425 195 1453 >.δ’.
219 1425 250 1453 Ὀ
266 1427 457 1462 εἰσερχόμενος
476 1427 505 1453 ἐν
521 1426 720 1462 θυσιαστηρίῳ,
733 1427 762 1454 ὲν
780 1428 902 1464 ήμέρᾳῆ

111 1472 160 1499 καὶ
174 1473 204 1498 ὲν
218 1473 307 1506 νυκτὶ,
324 1472 371 1499 καί
382 1481 408 1499 τι
424 1473 477 1512 τῶν
494 1472 575 1508 ιερῶν
589 1472 768 1507 ἀφελόμενος,
784 1473 902 1508 τυφλού-

112 1519 179 1546 00w.
200 1519 229 1546 '0
245 1519 273 1546 δέ
289 1519 342 1553 ἔξω
358 1519 404 1546 τοῦ
420 1519 615 1556 θυσιαστηρίου
636 1520 758 1555 ἐπαίρων
768 1529 794 1547 τι
809 1521 904 1556 ἐκίτοῦ

110 1566 188 1612 ναοῦ,
201 1565 321 1602 δερέσθω
335 1565 372 1598 ὡς
387 1565 500 1601 ἀσεὸὴς,
527 1566 576 1592 καὶ
591 1566 791 1602 κουριυόμενος
812 1566 900 1603 ἐξορι-
913 1581 937 1612 C

111 1610 209 1643 ζέσοω.

145 1657 192 1684 λε’.
207 1657 239 1684 Οί
253 1657 298 1685 διά
321 1666 398 1690 τινας
423 1657 524 1693 ἐχθρὰς
541 1658 558 1694 ἢ
576 1659 706 1695 ἁρπαγὰς
717 1660 900 1696 πραγμάτων,

111 1702 129 1737 ἢ
144 1702 312 1738 ἐμπρησμὸν
327 1704 356 1729 ἐν
372 1703 447 1730 πόλει
459 1703 611 1736 ποιοῦντες,
623 1705 690 1740 πυρὶ
701 1704 903 1740 παραδιδὸσθω-

112 1757 174 1776 σαν.
203 1749 235 1775 Ei
250 1749 278 1776 δέ
294 1749 347 1782 ἐξω
361 1749 466 1781 πόλεως
499 1750 598 1785 χωρία,
618 1751 634 1786 ἢ
655 1752 768 1786 ἀγροὺς,
785 1751 802 1786 ἢ
814 1751 902 1783 οἰκίας

110 1794 205 1829 ἀγρῶν
216 1794 374 1830 ἐξεπίτηδες
386 1795 560 1830 ὲμπρήσωσι,
575 1795 647 1829 ξίφει
662 1796 901 1832 τιμωρείσθωσαν.

110 1840 143 1867 Et
174 1839 203 1866 δέ
213 1849 254 1871 τις
265 1841 315 1876 τὴν
329 1840 457 1876 καλάμην
472 1840 520 1867 τοῦ
541 1841 608 1867 ίδίου
628 1842 768 1877 χωραιρίου
781 1861 789 1874 ,
815 1842 832 1877 ἢ
852 1841 902 1874 τὰς

111 1885 231 1917 ἀκάνθας
247 1885 409 1920 βουλόμενος
424 1885 537 1919 καῦσαι,
565 1886 677 1914 ἐνέϐαλε
694 1886 750 1923 πῦρ
777 1887 837 1914 κατ’
854 1888 903 1915 αὐ-

109 1932 176 1964 τῶν,
194 1932 224 1958 τὸ
239 1932 267 1958 δὲ
282 1931 339 1966 πῦρ
356 1931 403 1958 καὶ
418 1932 574 1967 περαιτέρω
587 1932 720 1967 προῆλθε,
734 1934 782 1960 καὶ
802 1933 902 1960 ἔκαυσε

110 1978 147 2004 τὰ
163 1977 293 2012 ἀλλότρια
304 1977 443 2013 χωράφια,
463 1978 479 2013 ἢ
505 1978 552 2004 τὸν
567 1978 707 2014 ἀλλότριον
732 1979 902 2014 ἀμπελῶνα·

110 2024 154 2050 δεῖ
171 2023 402 2059 περιεργάζεσθαι
423 2023 471 2050 τὸν
484 2024 633 2059 ἀκροατὴν,
656 2024 705 2051 καὶ
724 2025 749 2051 εί
766 2025 816 2060 μὲν
831 2025 903 2053 κατὰ

111 2070 241 2105 ἀπειρίαν
253 2070 270 2105 ἢ
287 2069 425 2106 ῥᾳθυμίαν
441 2069 488 2096 τοῦ
505 2069 632 2105 βαλόντος
646 2070 677 2097 τὸ
693 2070 750 2107 πῦρ
763 2072 842 2099 τοῦτο
857 2072 904 2105 γέ-

111 2124 187 2151 γονε,
202 2116 232 2143 τὸ
247 2116 365 2152 ἀζήμιον
381 2115 419 2151 τῷ
437 2116 562 2151 βλαϐέντι
587 2116 699 2143 ποιείτω
710 2124 717 2133 ·
746 2118 771 2144 εἰ
797 2118 850 2153 γὰρ
873 2119 903 2146 ἐν

111 2162 206 2198 ἡμέρᾳ
217 2161 319 2197 ἄνεμον
333 2161 417 2188 πολὺν
428 2161 529 2197 ἐχούσῃ
541 2162 572 2188 τὸ
580 2161 637 2198 πῦρ
650 2162 758 2195 ἔϐαλεν,
771 2163 787 2198 ἢ
804 2163 852 2190 καὶ
865 2163 903 2199 μὴ

112 2207 289 2242 παρεφύλαξε
300 2207 538 2244 [παρεφυλάξατοῙ
553 2207 582 2234 τὸ
595 2207 634 2244 μὴ
650 2207 792 2244 προελθεῖν
805 2209 836 2235 τὸ
847 2209 904 2245 πῦρ

954 288 1043 315 Sciens
1057 287 1204 314 carnaliter
1215 294 1244 313 se
1254 286 1423 317 commiscet,
1440 293 1519 313 nares
1534 285 1743 312 abscinduntur:

954 333 1040 361 cidem
1065 340 1144 367 poena
1168 331 1212 358 illa
1232 337 1341 366 quoque
1367 329 1548 364 subjicienda,
1569 336 1630 364 quae
1655 330 1746 356 sciens

954 386 1014 406 ctntt
1031 378 1075 405 illo
1090 377 1218 405 delictum
1234 376 1284 404 hoc
1300 375 1421 403 admisit.

988 424 1032 452 29.
1049 423 1101 457 Qui
1115 423 1184 450 duas
1196 429 1294 450 uxores
1306 422 1399 454 habet,
1412 421 1572 448 verberator
1589 429 1595 447 :
1610 420 1743 454 ejiciendo

954 469 1110 498 muliercula
1123 469 1169 497 illa
1190 474 1402 502 extranea,cum
1422 467 1495 495 natis
1509 474 1542 494 ex
1560 466 1620 502 ipsa
1638 467 1742 494 liberis.

988 561 1033 589 '50.
1054 561 1190 596 Abigeus,
1209 558 1255 594 qui
1282 564 1474 594 quemcunque
1494 563 1602 591 gregem
1626 555 1745 582 alienum

954 608 1050 643 abigit,
1073 607 1095 634 si
1114 606 1203 641 prima
1222 605 1249 633 id
1266 605 1326 632 vice
1347 603 1439 635 faciat,
1460 603 1620 630 verberatur
1636 609 1643 628 :
1661 601 1684 628 si
1702 608 1746 628 se-

953 653 1052 684 tunda,
1068 652 1096 679 in
1115 651 1240 679 exsilium
1255 650 1371 677 tniltitor
1383 655 1391 675 :
1404 649 1426 675 si
1440 648 1532 680 tertia,
1547 654 1642 674 manus
1655 647 1679 674 ei
1695 646 1746 673 ab-

953 697 1086 726 scinditor
1102 704 1109 723 :
1129 696 1162 723 iis
1177 695 1289 728 scilicet,
1304 701 1365 729 qum
1380 693 1465 729 ipsius
1487 692 1564 727 culpa
1579 691 1742 726 perdutttur,

954 743 1064 771 domino
1083 749 1134 768 suo
1151 740 1338 768 restituendis.

989 786 1035 813 3|.
1052 785 1103 818 Qui
1124 784 1310 816 latrocinatur.
1329 789 1355 812 et
1368 783 1481 811 insidias
1497 783 1585 815 locat,
1607 787 1634 810 et
1657 781 1745 819 cadus

954 831 1088 865 admittit,
1101 838 1156 866 quo
1173 830 1200 858 itt
1214 830 1274 858 loco
1286 830 1403 866 capitur,
1420 830 1520 858 ibidem
1535 829 1612 857 furca
1632 836 1745 864 suspen-

955 878 1036 906 ditor.

989 923 1035 951 32.
1054 922 1105 956 Qui
1126 929 1189 950 cum
1205 921 1296 956 aliqtm
1320 919 1456 955 negotium
1479 919 1572 953 habet,
1593 925 1643 946 nec
1658 917 1745 953 magi-

953 975 1067 998 stratum
1081 969 1235 1004 compellat,
1252 968 1299 995 sed
1313 967 1424 1002 proprio
1440 965 1564 996 consilio,
1580 965 1639 992 sive
1666 968 1745 996 pote-

952 1022 1033 1048 state,
1053 1016 1110 1043 siVe
1120 1015 1239 1048 potentia
1254 1014 1371 1048 quatiam
1385 1012 1481 1044 fretus,
1495 1019 1579 1039 manu
1599 1010 1702 1037 invadit
1719 1014 1747 1037 et

953 1061 1061 1097 quidvis
1091 1060 1181 1088 aufert
1203 1067 1211 1086 :
1238 1058 1373 1093 siquidem
1404 1057 1493 1092 reipsa
1517 1055 1588 1091 quod
1606 1062 1685 1082 suum
1704 1057 1747 1081 est

952 1115 1088 1144 qmnrens,
1105 1107 1131 1133 id
1147 1106 1224 1139 fecit;
1241 1113 1270 1132 re
1285 1112 1334 1132 sua
1351 1103 1446 1136 cadat,
1464 1109 1581 1137 eamque
1605 1101 1682 1128 alteri
1701 1107 1746 1128 re-

953 1155 1059 1182 stituat.
1087 1153 1134 1181 Sin
1161 1152 1279 1179 alienum
1294 1150 1358 1186 quid
1379 1149 1503 1182 abstulit,
1521 1156 1536 1176 a
1559 1147 1674 1184 praeside
1694 1147 1745 1174 loci

954 1201 1045 1236 ﬂagris
1074 1199 1195 1231 czeditor,
1216 1197 1298 1226 veluti
1317 1196 1375 1231 qui,
1398 1203 1460 1223 cum
1479 1194 1670 1229 magistratum
1692 1200 1745 1219 non

955 1250 1072 1282 gereret,
1096 1244 1284 1279 suimetipsius
1315 1251 1346 1271 se
1369 1242 1506 1270 vindicem
1526 1240 1619 1268 fecerit
1637 1258 1644 1273 ,
1664 1244 1746 1275 atque

955 1295 991 1322 ita
1008 1293 1080 1328 quod
1096 1291 1218 1324 abstulit,
1231 1291 1367 1319 restituat.

990 1341 1035 1368 55.
1052 1339 1102 1373 Qui
1119 1339 1289 1368 sacerdotem
1300 1337 1358 1365 sive
1370 1337 1397 1364 in
1414 1336 1543 1369 ecclesia,
1562 1335 1620 1363 sive
1634 1334 1661 1362 in
1677 1333 1746 1361 lita-

955 1387 1000 1415 nia
1017 1385 1184 1422 aggreditur,
1200 1383 1359 1412 verberatus
1373 1383 1519 1417 relcgator.

991 1431 1036 1459 54.
1051 1430 1102 1464 Qui
1117 1429 1266 1458 sacrarium
1283 1428 1432 1463 ingressus,
1449 1426 1571 1454 interdiu
1593 1425 1634 1453 vel
1652 1428 1746 1457 noctu,

955 1484 1096 1505 sacrorum
1112 1475 1213 1510 aliquid
1235 1474 1298 1502 inde
1313 1473 1412 1507 aufert,
1429 1476 1592 1500 excaecator.
1609 1470 1661 1504 Qui
1682 1477 1747 1497 vero

955 1526 1033 1550 extra
1056 1520 1206 1549 sacrarium
1227 1527 1244 1547 e
1272 1518 1372 1552 templo
1390 1518 1454 1553 quid
1482 1516 1582 1549 aufert,
1608 1515 1699 1550 ﬂagris
1718 1518 1747 1541 ut

957 1568 1056 1604 impius
1069 1566 1192 1599 ceditor,
1204 1570 1232 1594 et
1243 1570 1338 1594 tonsus
1347 1564 1442 1593 exsilio
1458 1563 1613 1592 mulctator.

988 1657 1034 1685 35.
1050 1655 1099 1690 Qui
1113 1659 1226 1691 propter
1241 1653 1400 1682 inimicitias
1414 1652 1557 1688 quasdam,
1571 1652 1601 1680 in
1616 1652 1683 1679 urbe
1703 1658 1746 1678 re-

955 1709 1014 1729 rum
1029 1700 1195 1734 direptiones
1208 1702 1257 1726 aut
1271 1697 1425 1725 incendium
1439 1696 1551 1729 faciunt,
1566 1696 1621 1730 igni
1635 1695 1748 1722 tradun-

955 1752 1009 1775 tor.
1021 1745 1068 1773 Sin
1083 1749 1161 1773 extra
1177 1743 1271 1772 urbem
1282 1743 1390 1776 fundos,
1401 1746 1449 1769 aut
1461 1749 1550 1776 agros.
1564 1745 1610 1768 aut
1619 1747 1746 1775 agrorum

954 1793 1081 1825 mdiﬂcia,
1097 1792 1160 1820 data
1173 1798 1256 1827 opera
1274 1789 1457 1820 incenderim,
1482 1788 1572 1824 gladio
1587 1788 1744 1822 puniuntor.

955 1841 984 1869 Si
1001 1839 1063 1876 quis
1077 1844 1168 1868 autem
1185 1837 1298 1873 stipulas
1311 1837 1368 1872 agri
1386 1838 1439 1869 sui,
1459 1835 1502 1862 vel
1523 1839 1613 1862 sentes
1631 1839 1747 1860 exurere

956 1886 1061 1919 volens,
1078 1886 1168 1921 ignem
1185 1884 1212 1912 in
1227 1891 1274 1911 eas
1290 1882 1424 1918 iniecerit,
1441 1886 1468 1908 et
1484 1880 1555 1916 igttis
1576 1880 1620 1907 ille
1631 1878 1747 1906 ulterius

955 1932 1101 1968 scrpserit,
1119 1935 1201 1966 atque
1223 1929 1327 1957 alienos
1348 1927 1459 1960 fundos,
1482 1932 1528 1954 aut
1549 1925 1657 1953 vineam
1682 1923 1748 1951 alie-

954 1987 1016 2006 nam
1032 1977 1166 2006 exusserit
1179 1985 1186 2004 :
1201 1976 1285 2010 judex
1304 1981 1365 2002 eam
1387 1980 1444 2000 rem
1463 1971 1569 2000 curiose
1590 1969 1747 2004 perquirere

954 2025 1049 2057 debet,
1082 2031 1114 2052 ac
1139 2022 1272 2057 siquidem
1299 2028 1347 2056 per
1372 2018 1536 2055 imperitiam
1569 2015 1610 2044 vel
1640 2015 1747 2050 culpam

954 2071 1029 2105 ejus,
1052 2070 1098 2105 qui
1123 2069 1212 2105 ignem
1237 2067 1311 2096 illum
1332 2065 1439 2101 iniecit,
1461 2066 1513 2092 hoc
1545 2064 1645 2091 factum
1676 2061 1746 2089 fuit:

954 2122 1082 2149 damnum
1105 2118 1150 2145 hic
1171 2118 1263 2144 datum
1287 2115 1338 2147 illi,
1359 2114 1405 2149 qui
1426 2120 1522 2147 passus
1546 2115 1598 2144 est,
1616 2116 1747 2144 compen-

955 2172 1007 2195 set.
1040 2165 1106 2193 Nam
1127 2163 1150 2192 si
1180 2163 1241 2196 die,
1271 2168 1325 2196 quo
1353 2165 1452 2188 ventus
1477 2158 1559 2186 ﬂabat
1584 2157 1747 2187 vehemens,

955 2214 1044 2249 ignem
1072 2210 1206 2240 immisit:
1223 2213 1270 2236 aut
1285 2208 1308 2236 si
1332 2214 1384 2235 non
1405 2205 1487 2238 cavit,
1515 2211 1550 2232 ne
1573 2203 1653 2231 latius
1678 2201 1749 2237 ignis

111 2253 279 2289 περαιτέρω,
297 2253 335 2285 ὡς
350 2253 493 2288 ἀμελήσας
510 2254 557 2280 καὶ
575 2253 739 2290 ῥᾳθυμήσας
755 2255 902 2282 καταδικά-

961 2248 1079 2295 serperet
1099 2266 1107 2285 :
1129 2256 1212 2285 veluti
1233 2255 1374 2291 negligens
1400 2257 1428 2281 et
1454 2251 1517 2279 latae
1542 2249 1629 2285 culpae
1650 2248 1748 2276 adﬂnis

114 2300 201 2332 ξεται.
217 2300 247 2326 El
258 2299 286 2326 δέ
296 2299 344 2326 καὶ
354 2299 442 2326 πάντα
457 2300 506 2334 μὲν
519 2300 742 2335 παρεφυλάξατο,
753 2301 852 2336 ἀθρόον
875 2301 904 2328 δὲ

115 2345 224 2381 πνεῦμα
249 2345 338 2380 βίαιον
364 2345 493 2379 ἐνέπεσε,
523 2347 570 2373 καὶ
581 2346 627 2373 διὰ
640 2347 720 2374 τοῦτο
734 2348 904 2383 πορρωτέρω

113 2393 233 2428 προῆλθε
244 2392 274 2418 τὸ
286 2392 352 2429 πῦρ,
365 2392 395 2418 οὐ
408 2392 632 2425 καταδικάζεται.
653 2393 717 2420 Ἐὰν
729 2394 760 2421 ὲκ
773 2393 821 2422 τοῦ
835 2402 904 2430 συμ-

113 2439 260 2474 ϐεϐηκότος
288 2438 465 2475 ἐμπυρισμοῦ
495 2439 643 2476 ὲμπρησῢῇ
658 2438 733 2472 οἶκός
750 2449 836 2474 τινος,
854 2441 903 2468 καὶ

114 2484 269 2511 ἐκκαυϐὦσί
287 2494 348 2512 τινα
364 2485 419 2512 τῶν
438 2485 511 2512 ἰδίων
537 2486 620 2513 αὑτοῦ
652 2487 835 2523 πραγμάτων,
856 2487 904 2514 καὶ

114 2530 237 2566 ὲκδράμῃ
254 2529 285 2556 τὸ
300 2530 366 2565 πῦρ,
382 2530 430 2557 καὶ
445 2531 584 2566 ἐμπρήσει
609 2532 671 2559 τινὰ
693 2533 748 2559 τῶν
766 2541 903 2568 παρακει-

116 2578 204 2613 μένων
218 2577 292 2612 αὺτῷ
308 2577 477 2612 οἰκημάτων,
493 2578 660 2614 ἀνέγκλητος
671 2579 753 2612 ἔστω,
768 2579 806 2612 ὡς
821 2580 904 2606 ἀκου-

115 2626 180 2656 σίως
196 2625 243 2652 τοῦ
257 2624 379 2651 τοιούτου
391 2625 559 2660 ἐμπρησμοῦ
575 2627 735 2661 γενομένου.

147 2672 202 2704 λς’.
223 2671 329 2702 Οιτοὺς
351 2671 465 2706 νεκροὺς
493 2672 523 2697 ἐν
539 2673 596 2703 τοῖς
620 2672 717 2706 τάφοις
747 2673 902 2707 ἐκδύοντες,

114 2718 391 2755 χειροκοπείσῦωσαν.

149 2764 199 2798 λζ’.
225 2765 254 2791 Ὀ
267 2765 346 2800 σῶμα
360 2764 503 2800 ἐλεύθερον
518 2763 644 2792 κλέπτων
665 2765 712 2792 καὶ
727 2766 902 2802 πιπράσκων,

114 2810 341 2847 χειροκοπείσθω.

149 2856 201 2892 λη’.
224 2858 254 2884 '0
284 2857 468 2891 bnovoesdwv,
500 2858 548 2885 καὶ
573 2857 714 2893 κρύπτων,
741 2858 788 2885 καὶ
812 2858 904 2893 ἀφανῆ

114 2904 200 2933 ποιῶν
212 2905 351 2941 ἀλτ-ότριον
366 2904 486 2941 οἰκέτην,
498 2905 566 2941 πρὸς
576 2906 608 2941 τῇ
622 2904 844 2933 ἀποκαταστάσει
857 2905 903 2932 τοῦ

956 2293 1160 2334 condemnatur.
1184 2301 1232 2329 Sin
1255 2308 1317 2328 cum
1342 2298 1394 2326 sibi
1413 2298 1531 2325 cavisset
1554 2296 1585 2330 _in
1609 2293 1747 2326 omnibus,

955 2350 1046 2378 subito
1064 2351 1162 2376 ventus
1184 2346 1354 2381 impetuosus
1375 2343 1474 2376 irruit,
1501 2348 1586 2377 eaque
1605 2341 1639 2368 de
1664 2346 1747 2367 causa

956 2398 1036 2426 latius
1050 2397 1121 2430 ignis
1142 2395 1186 2423 ille
1206 2393 1306 2429 serpsit
1321 2402 1328 2420 :
1344 2399 1398 2419 non
1412 2391 1621 2419 condemnatur.
1637 2388 1666 2416 Si
1685 2395 1747 2415 cum

956 2445 1045 2481 ignem
1064 2443 1090 2470 in
1111 2440 1225 2474 alicujus
1240 2440 1321 2467 domo
1335 2437 1447 2466 accendi
1463 2436 1632 2470 Contigisset,
1651 2442 1683 2461 ea
1699 2434 1748 2461 do-

955 2479 1016 2518 mus
1032 2489 1093 2524 igne
1111 2491 1236 2522 correpta
1252 2485 1345 2518 fuerit,
1370 2488 1398 2511 et
1418 2482 1561 2518 ipsiusmet
1581 2479 1684 2508 domini
1703 2486 1747 2507 res

955 2536 1077 2572 quazdam
1091 2537 1192 2561 exusta:
1209 2541 1216 2559 :
1232 2531 1329 2559 deinde
1349 2535 1509 2565 progressus
1537 2526 1617 2562 ignis,
1632 2524 1746 2552 aedilicia

955 2570 1079 2618 quaadam
1091 2579 1217 2614 contigua
1229 2576 1346 2604 ﬂammis
1358 2573 1532 2608 corripuerit,
1551 2577 1628 2600 extra
1641 2570 1746 2605 culpam

955 2616 1025 2660 esto,
1041 2625 1120 2654 veluti
1140 2632 1194 2660 quo
1210 2624 1294 2651 invito
1308 2621 1462 2649 incendiutn
1478 2617 1543 2646 illud
1556 2616 1699 2644 acciderit.

991 2675 1035 2703 56.
1051 2675 1107 2708 Eis,
1118 2674 1164 2708 qui
1181 2676 1301 2700 mortuos
1317 2669 1345 2696 in
1367 2667 1499 2702 sepulcris
1518 2670 1631 2698 exuunt,
1649 2671 1746 2691 manus

957 2722 1136 2750 abscinditor.

989 2768 1035 2795 57.
1052 2767 1093 2798 Ei,
1111 2765 1156 2800 qui
1179 2771 1279 2799 corpus
1300 2762 1415 2790 liberum
1432 2761 1538 2788 furatur
1558 2766 1590 2787 ac
1605 2756 1743 2790 distrahit,

956 2821 1052 2841 manus
1067 2811 1247 2839 abscinditor.

991 2860 1036 2887 '58.
1051 2858 1103 2892 Qui
1118 2857 1256 2889 sollicitat,
1271 2860 1299 2883 et
1311 2855 1400 2887 celat,
1414 2857 1443 2882 et
1457 2859 1591 2887 nusquam
1609 2854 1742 2885 apparere

956 2905 1021 2933 facit
1037 2904 1287 2941 alicnuntservum,
1304 2905 1402 2937 prancr
1422 2901 1481 2934 ejus
1502 2897 1574 2927 servi
1591 2893 1744 2925 restitutio-
