1945 3073
170 98 227 131 ΜΠ

682 90 937 123 CONSTANTINI
950 85 1288 120 PORPHYROGENITI

1755 79 1824 110 548

212 155 265 182 Tit.
279 154 324 181 60.
341 152 453 186 Quando
469 151 619 179 creditores
634 157 715 185 agere
733 149 850 177 debeant
866 134 962 175 adver-

1056 146 1116 173 Tir.
1133 144 1168 176 ξ’.
1187 143 1257 178 Περὶ
1271 141 1318 169 τοῦ
1335 140 1398 167 πότε
1412 139 1452 167 δεῖ
1464 139 1572 172 ἐνάγειν
1587 137 1648 169 τοὺς
1665 137 1828 168 δανειστὰς

172 208 220 228 sus
234 199 352 226 hmredes
366 198 565 225 defunctorum.

210 243 265 273 Tit.
282 244 326 271 6i.
351 242 426 277 Quod
448 242 569 277 reliquize
589 242 627 277 (4)
647 241 866 269 Christianorum
893 239 964 275 inju-

173 290 221 319 riis
234 297 249 317 a
264 289 443 316 creditoribus
460 288 531 316 afﬁci
549 297 600 316 nou
616 288 744 316 debeant.

210 335 263 362 Tit.
280 334 325 362 62.
343 336 379 361 lle
393 335 470 362 novis
487 334 626 369 operibus.

211 381 264 409 Tit.
280 381 324 408 65.
341 380 378 408 De
395 380 492 414 pcenis.

211 427 264 453 Tit.
282 426 326 453 64.
343 426 379 454 De
394 425 488 460 spoliis
503 425 664 452 dividendis.

213 473 266 501 Tit.
281 473 325 501 65.
343 473 380 500 De
393 473 428 505 vi,
447 478 475 501 et
491 479 567 508 raptu
591 480 682 500 rerum
695 477 722 500 et
739 473 824 509 agris,
836 478 863 500 et
877 471 970 500 incen—

174 520 239 550 diis.
259 524 286 546 et
302 519 448 553 sepulcris.

212 565 266 592 Tit.
282 564 327 591 66.
343 564 380 592 De
395 565 453 598 his,
470 571 530 599 qua:
549 564 576 592 in
590 565 684 592 ﬁscum
698 564 880 600 publicantur,
894 568 921 591 et
935 563 970 590 de

176 610 356 646 inquirendis,
371 615 397 638 et
415 611 598 646 deportandis.

214 655 266 682 Tit.
285 655 330 682 (i7.
351 656 388 683 De
409 655 528 690 injuriis.

216 700 268 728 Tit.
283 701 327 728 68.
345 701 382 729 De
396 700 543 729 liberorum
553 708 749 737 servorumque
762 701 879 730 delictis.

215 792 269 819 Tit.
304 792 348 820 69.
371 792 410 820 De
431 792 686 825 calumniatoribus,
706 797 733 820 et
748 792 966 824 accusatoribus,

178 842 207 866 et
221 838 395 870 delatoribus,
412 838 499 873 deque
511 838 591 871 falso,
608 843 635 866 et
652 839 686 866 de
700 839 840 866 thesauro.

218 883 272 910 Tit.
293 883 338 911 70.
367 884 405 910 De
419 883 534 917 furibus,
546 889 574 912 et
585 885 815 920 receptatoribus,
826 889 854 912 et
883 885 968 913 sacri-

179 928 257 964 legis,
273 933 300 956 ct
312 929 462 965 plagiariis.

217 972 271 1001 Tit.
291 974 336 1002 71.
363 974 401 1002 De
416 976 505 1010 pretiis
528 976 702 1009 militaribus,
727 984 760 1004 ex
784 975 865 1010 Rufo,
891 982 919 1004 et
938 977 971 1005 de

183 1019 290 1053 legibus
303 1020 431 1048 ordinum
448 1022 618 1050 militarium.

221 1065 275 1093 Tit.
290 1065 334 1093 72.
360 1066 398 1094 De
413 1067 545 1096 societate
564 1068 760 1100 contrahenda,
785 1072 812 1096 et
831 1067 970 1096 solvenda.

221 1153 276 1182 Tit.
293 1154 339 1182 75.
358 1154 396 1183 De
412 1160 502 1190 pacto,
518 1160 545 1184 et
555 1161 702 1190 convento,
727 1161 754 1185 et
777 1157 972 1191 transactione,

183 1203 212 1226 ct
225 1198 259 1227 de
277 1198 321 1232 iis,
334 1206 393 1235 quae
411 1201 558 1235 patrocinii
576 1201 691 1229 nomine
704 1201 814 1230 dantur.

456 1256 618 1286 TITULUS.
635 1277 642 1285 .
658 1278 665 1286 .
680 1278 687 1286 .

364 1308 376 1323 ’
416 1310 456 1339 De
470 1312 561 1347 spoliis
574 1312 733 1340 dividendis.

227 1369 279 1403 Qui
302 1370 329 1396 in
344 1369 449 1398 hostem
475 1370 611 1405 pugnandi
627 1377 708 1398 causa
726 1370 912 1407 egrediuntur,
930 1378 976 1399 ca-

184 1423 247 1443 vere
260 1415 359 1443 debent
372 1415 406 1443 ab
421 1416 494 1444 omni
509 1416 583 1444 dicto
598 1421 625 1444 et
643 1416 715 1444 l‘acto
728 1424 824 1452 pravo,
840 1422 977 1445 mentem-

183 1469 237 1497 que
263 1469 341 1489 suam
357 1466 384 1489 et
398 1461 582 1496 precationem
596 1463 628 1490 ad
644 1463 730 1490 solum
747 1462 829 1490 Deum
844 1463 974 1491 directam

187 1509 298 1538 habere,
315 1508 485 1542 consilioque
504 1508 628 1535 adhibito
643 1509 767 1543 praelium
789 1509 973 1537 committere.

185 1552 254 1580 Nam
272 1553 416 1585 auxilium,
428 1561 489 1580 cum
504 1554 588 1581 corde
597 1554 703 1582 consilii
717 1554 809 1590 pleno,
823 1562 837 1582 a
858 1554 913 1582 Deo
927 1555 976 1583 da-

187 1602 243 1624 tur.
277 1596 336 1624 Non
356 1597 429 1625 enim
457 1597 484 1625 in
504 1597 679 1626 multitudine
699 1598 839 1634 copiarum
865 1599 977 1626 victoria

187 1641 249 1669 belli
278 1642 365 1677 posita
389 1646 442 1675 est,
466 1643 514 1671 sed
538 1651 552 1670 a
575 1643 630 1671 Deo
648 1644 791 1672 victoriam
813 1645 978 1673 concedente

186 1687 383 1722 proﬁciscitur.

223 1733 374 1761 2.Sextam
396 1737 501 1769 partem
537 1733 685 1769 spoliorum
724 1734 791 1764 ﬁsco
826 1736 980 1765 consecrari

192 1784 310 1814 oportet,
328 1780 494 1816 etquidquid
517 1781 627 1808 omnino
660 1786 782 1816 superat,
796 1782 822 1809 id
851 1783 980 1818 populum

191 1826 348 1854 universum
361 1834 395 1854 ex
415 1834 492 1862 :equa
509 1832 538 1855 et
556 1827 582 1854 in
594 1834 697 1862 aequam
710 1828 861 1863 portionem
873 1829 979 1864 partiri,

189 1870 246 1898 sive
257 1870 320 1906 quis
337 1878 461 1906 magnus,
473 1872 530 1900 sive
541 1879 640 1907 parvus
650 1873 695 1900 sit.
712 1873 818 1900 Suﬁicit
827 1874 899 1901 enim
911 1882 981 1909 prae-

190 1916 268 1944 fectis
285 1917 482 1944 incrementum
507 1918 704 1952 stipendiorum
727 1925 848 1947 suorum.
865 1918 940 1952 Quod
958 1919 980 1947 si

190 1963 292 1997 reperti
330 1964 440 1998 quidam
466 1963 585 1999 praefecti
601 1964 713 1997 fuerint,
742 1965 789 2000 qui
808 1965 923 1993 viriliter
954 1966 980 1993 in

190 2006 311 2036 hostem
326 2009 469 2038 ferantur:
486 2011 526 2038 eis
542 2015 642 2046 praztor
667 2012 805 2039 exercitus
827 2011 929 2046 aliquid
948 2011 982 2040 de

190 2055 310 2082 iudicata
327 2061 404 2083 sexta
422 2061 499 2090 parte
512 2056 570 2084 ﬁsci
593 2057 733 2092 largiatur,
746 2062 773 2084 et
791 2057 865 2092 ipsos
878 2065 911 2085 ex
936 2065 982 2084 ra-

193 2101 265 2128 tione
278 2101 370 2128 decori
386 2106 530 2130 sustentet.
544 2102 678 2130 Cancrum
693 2111 742 2138 pro
757 2104 863 2131 ratione
871 2103 983 2139 portio-

1018 190 1089 218 κατὰ
1099 189 1153 216 τῶν
1168 187 1347 223 κληρονόμων
1359 184 1415 212 τῶν
1427 179 1628 211 τελευτώντων.

1055 238 1114 264 Τίτ.
1134 236 1189 268 ξω.
1205 234 1274 270 Περὶ
1292 233 1339 261 τοῦ
1356 232 1392 267 μὴ
1407 229 1598 265 ὲνυόρίζεσθαι
1614 228 1649 255 τὰ
1671 227 1725 255 τῶν
1741 228 1824 263 X9:-

1019 282 1132 310 στιανῶν
1147 280 1261 315 λείψανα
1279 278 1355 313 παρὰ
1367 277 1421 303 τῶν
1435 275 1596 302 δανειστῶν.

1056 329 1114 355 Τίτ.
1130 326 1188 360 Eﬁ'.
1203 326 1270 361 Περὶ
1283 323 1474 358 καινοτομιῶν.

1059 375 1115 401 Tit.
1132 372 1186 407 ἐτ’.
1204 373 1272 407 Περὶ
1291 370 1403 397 ποινῶν.

1056 421 1115 448 Tit.
1130 419 1184 452 ξδ’.
1200 419 1268 454 Περὶ
1279 417 1462 453 διαμερισμοῦ
1477 415 1594 443 σκύλων.

1055 466 1113 493 Τίτ.
1127 464 1177 497 ξδ’.
1191 463 1259 499 Περὶ
1277 463 1337 498 βίας
1354 462 1400 489 καὶ
1416 462 1545 497 ἁρπαγῆς
1561 460 1745 496 πραγμάτων,
1766 461 1823 487 καὶ

1020 511 1124 547 ἀγρῶν,
1142 511 1190 537 καὶ
1207 510 1269 544 περὶ
1282 507 1468 543 έμπρησμῶν,
1487 507 1535 533 καὶ
1549 507 1656 540 τάφων.

1056 558 1114 584 Τίτ.
1134 555 1192 589 ξς¹,
1207 555 1275 591 Περὶ
1286 555 1340 581 τῶν
1351 553 1545 589 δημευομένων
1557 553 1586 579 ὲν
1601 552 1639 587 τῷ
1650 551 1752 586 φίσκῳ,
1767 552 1823 578 καὶ

1021 603 1085 637 περὶ
1100 601 1338 637 άναζητουμένων,
1355 600 1402 626 καὶ
1413 597 1698 634 δεπορτατευομένων.

1060 650 1117 676 Τίτ.
1135 647 1187 680 εἴ.
1208 647 1276 683 Περὶ
1291 646 1407 681 ὕϐρεων.

1059 694 1116 721 Τίτ.
1132 694 1186 728 Εη’.
1209 692 1276 728 Περὶ
1296 689 1503 727 ἁμαρτημάτων
1525 689 1580 715 τῶν
1605 687 1758 723 ἐλευθέρων
1787 694 1821 712 τε

1021 741 1069 768 καὶ
1087 739 1200 766 δούλων.

1058 785 1180 818 Τι’τ.εθ⁹.
1200 784 1268 820 Περὶ
1295 782 1482 818 συκοφαντῶν,
1501 781 1549 808 καὶ
1572 782 1743 817 κατηγόρων,
1769 783 1822 808 καὶ

983 822 1005 850 Β
1019 831 1188 866 δηλατόρων,
1212 830 1260 856 καὶ
1275 829 1340 864 περὶ
1353 827 1484 860 πλαστοῦ,
1505 827 1552 854 καὶ
1573 827 1637 862 περὶ
1663 827 1819 862 θησαυροῦ.

1059 877 1117 905 Tit.
1133 875 1167 904 θ’.
1188 875 1256 911 Περὶ
1272 874 1408 906 κλεπτῶν,
1426 874 1472 900 καὶ
1487 872 1653 906 ὑπώεκτῶν,
1682 874 1729 900 καὶ
1745 874 1822 908 ἱερο-

1022 922 1120 955 σύλων,
1133 922 1181 949 κα)⁵
1194 919 1457 957 ὲξανδραποδιστῶν.

1063 970 1122 998 Τίτ.
1138 967 1191 996 οα’.
1213 968 1282 1004 Περὶ
1308 965 1513 1002 στρατιωτικῶν
1540 965 1697 1001 ἐπιτιμίων,
1724 966 1757 992 ἐκ
1769 964 1820 992 τοῦ

1029 1015 1157 1049 Ῥούφου,
1177 1014 1225 1041 καὶ
1240 1013 1294 1039 τῶν
1303 1012 1439 1040 τακτικῶν

1062 1062 1120 1089 Tir.
1140 1059 1195 1094 οβ’.
1214 1060 1283 1096 Περὶ
1299 1060 1454 1091 συστάσεως
1478 1058 1630 1092 κοινωνίας,
1645 1059 1691 1085 καὶ
1713 1057 1821 1089 λύσεως

1025 1109 1123 1144 αὐτῆς.

1065 1153 1123 1182 Tit.
1136 1156 1189 1188 ογ.
1210 1152 1278 1188 Περὶ
1299 1152 1415 1184 πάκτου,
1441 1151 1489 1179 καὶ
1512 1151 1670 1187 συμφώνου,
1689 1151 1736 1177 καὶ
1759 1150 1821 1176 δια-

1025 1201 1139 1233 λύσεως,
1156 1200 1203 1227 καὶ
1218 1199 1282 1235 περὶ
1297 1198 1353 1225 τῶν
1367 1199 1415 1225 ἐπὶ
1428 1198 1580 1234 προστασίᾳ
1593 1198 1748 1234 διδομένων.

1282 1255 1408 1282 τιτΑοΣ
1427 1254 1483 1289 (5).
1500 1273 1530 1281 ..
1549 1273 1556 1281 .

1221 1312 1291 1347 Περὶ
1307 1312 1456 1348 μερισμοῦ
1478 1312 1613 1339 σκύλων.

1063 1371 1098 1400 α’.
1118 1372 1191 1403 Τοὺς
1217 1363 1412 1405 έξερχομένους
1433 1369 1473 1401 είς
1496 1368 1610 1404 ἐχθροὺς
1632 1368 1678 1394 ἐπὶ
1695 1367 1818 1402 πολέμῳ.

1029 1417 1147 1453 φυλάξαι
1164 1417 1204 1443 δεῑ
1217 1415 1272 1443 ἀπὸ
1286 1414 1388 1446 παντὸς
1407 1414 1526 1449 πονηροῦ
1547 1415 1668 1449 ῥήματος
1685 1414 1731 1440 καὶ
1749 1414 1820 1448 πράο

1029 1471 1146 1499 γματος.
1170 1461 1217 1488 καὶ
1240 1461 1309 1497 πρὸς
1335 1460 1414 1496 μόνον
1431 1459 1476 1486 τὸν
1503 1460 1569 1486 Θεὸν
1581 1459 1626 1486 τὸν
1653 1458 1714 1486 νοῦν
1730 1459 1820 1485 αὐτῶν

1028 1510 1100 1545 ἔχειν
1117 1509 1165 1536 καὶ
1178 1507 1227 1543 τὴν
1247 1508 1350 1542 δέησιν,
1368 1507 1415 1534 καὶ
1431 1507 1500 1542 μετὰ
1529 1506 1692 1540 συμὸουλίας
1709 1506 1821 1541 ποιῆσαι

1029 1555 1076 1581 τὸν
1099 1553 1230 1588 πόλεμον.
1259 1552 1375 1587 Βοήθεια
1401 1552 1456 1587 γὰρ
1479 1551 1512 1578 ὲκ
1535 1551 1605 1578 Θεοῦ
1631 1551 1732 1577 δίδοται
1751 1552 1820 1585 μετὰ

1030 1600 1144 1637 καρδίας
1186 1598 1375 1634 βουλευτικῆς.
1410 1598 1467 1625 Οὐκ
1495 1599 1523 1624 ὲν
1537 1597 1635 1632 πλήθει
1661 1597 1715 1632 γάρ
1741 1597 1820 1624 δυνά-

1031 1655 1106 1682 μεως
1146 1645 1208 1680 νίκη
1243 1645 1373 1680 πολέμου,
1403 1644 1469 1670 ἀλλ’
1488 1644 1521 1670 ἐκ
1552 1642 1619 1670 Θεσῦ
1657 1643 1821 1678 παρέχοντος

1033 1691 1122 1727 νίκην.

1067 1739 1100 1774 β’.
1121 1739 1159 1765 To
1177 1738 1256 1765 ἕκτον
1270 1737 1352 1773 μέρος
1367 1735 1545 1771 ἀφιεροῦσθαι
1562 1735 1603 1762 δεῖ
1625 1734 1664 1770 τῷ
1687 1734 1817 1770 δημοσίῳ,

1031 1788 1079 1814 καὶ
1100 1787 1131 1814 τὸ
1153 1786 1246 1813 λοιπὸν
1275 1787 1330 1812 πᾶν
1355 1785 1455 1820 μέτρον
1477 1785 1582 1815 πάντας
1610 1783 1673 1815 τοὺς
1696 1783 1776 1814 λαοὺς
1791 1782 1819 1815 ἐξ

1032 1833 1093 1868 ῐσης
1121 1832 1170 1859 καὶ
1186 1833 1228 1859 ἐπ’
1249 1832 1311 1867 ἴσης
1335 1832 1432 1867 μοίρας
1456 1830 1628 1867 μερίζεσθαι,
1652 1829 1697 1856 τὸν
1724 1829 1818 1864 μέγαν,

1032 1879 1079 1906 καὶ
1097 1879 1142 1905 τὸν
1163 1879 1270 1913 μικρόν.
1301 1878 1395 1913 ’Δρκεϊ
1410 1878 1464 1912 γὰρ
1481 1878 1537 1909 τοῖς
1553 1877 1682 1912 ἄρχουσιν
1700 1876 1717 1911 ἡ
1736 1884 1819 1910 πρισ-

1033 1925 1104 1961 θήκη
1121 1925 1175 1952 τῶν
1201 1925 1289 1961 ρογὼν
1303 1924 1404 1951 αὐτῶν.
1437 1924 1469 1951 El
1492 1924 1520 1951 δὲ
1543 1923 1676 1959 εὑρεθῶσί
1691 1931 1761 1954 τιιιες
1788 1923 1819 1949 ὲκ

1031 1971 1086 1997 τῶν
1099 1971 1189 1997 αὐτῶν
1217 1970 1356 2006 ἀρχόντων
1379 1970 1510 2005 ἀνδρείως
1527 1969 1684 2005 φερόμενοι,
1705 1969 1719 1995 ό
1748 1970 1819 2004 εὑρι-

1033 2015 1166 2050 σκόμενος
1186 2015 1336 2050 στρατηγὸς
1351 2015 1384 2042 ὲκ
1396 2015 1444 2042 τοῦ
1459 2015 1605 2050 εἰρημένου
1619 2015 1699 2041 εκτου
1720 2014 1818 2050 μέρους

1031 2062 1079 2088 τοῦ
1104 2061 1235 2097 δημοσίου
1260 2062 1304 2089 ῐνα
1330 2062 1470 2098 παράσχῃ,
1488 2061 1535 2088 καὶ
1562 2061 1632 2088 κατὰ
1653 2061 1685 2088 τὸ
1717 2063 1817 2096 πρέπον

1034 2109 1209 2144 συγκροτήσῃ
1226 2107 1333 2139 αὐτούς.
1359 2108 1438 2134 Κατὰ
1457 2107 1485 2134 δὲ
1502 2107 1551 2142 τὴν
1569 2107 1665 2142 μερίδα
1681 2108 1728 2134 τοῦ
1745 2108 1818 2143 εὑρι-

191 2146 234 2174 uis
248 2153 353 2180 e0rum,
368 2147 416 2182 qui
438 2155 534 2183 pugnae
558 2148 704 2183 intersunt,
738 2149 792 2177 erit
819 2155 846 2176 et
872 2149 977 2177 illorum

1044 2153 1169 2188 ῖκομένου
1184 2154 1224 2184 εἰς
1242 2153 1287 2180 τδν
1307 2153 1436 2188 πόλεμον,
1452 2151 1539 2184 οὕτως
1553 2152 1624 2179 ἔστω
1640 2153 1687 2179 καὶ
1709 2154 1724 2187 ἡ
1743 2154 1816 2188 μερὶς

191 2193 280 2228 portio
291 2194 336 2228 qui
353 2194 386 2222 ad
405 2195 546 2223 tuldorum
561 2197 620 2224 sive
632 2197 896 2231 impedimentorum
919 2204 982 2224 cus-

192 2240 293 2267 todiam
309 2241 537 2276 sesc;coul'erunt.

473 2307 635 2335 TITULUS.
646 2327 653 2334 .
668 2328 675 2335 .
690 2327 697 2334 .

191 2376 232 2404 De
260 2376 404 2408 militibus,
423 2377 469 2412 qui
484 2377 574 2412 generi
590 2382 663 2409 sunt,
675 2382 699 2404 et
723 2385 874 2405 socerorum
890 2378 982 2405 domos

227 2412 424 2447 ingrediuntur,
439 2417 464 2439 et
485 2412 601 2442 inferunt
623 2413 758 2445 stipendia
779 2421 840 2446 sua,
866 2414 984 2440 laboru-

228 2456 279 2483 que
294 2449 434 2475 sustinent.

228 2503 388 2531 Statuerunt
409 2503 445 2538 pii
472 2508 499 2531 et
520 2508 646 2531 amantes
666 2503 777 2538 iustitia:
804 2503 984 2539 imperatores

193 2550 291 2582 nostri,
304 2550 382 2585 juxta
398 2550 539 2586 religiosas
554 2550 638 2585 leges,
667 2555 696 2578 ut
723 2558 817 2578 omnes
841 2551 903 2586 quis
925 2559 984 2586 spe-

194 2596 250 2624 cies
264 2601 290 2624 et
301 2604 355 2628 res,
369 2604 437 2631 quas
453 2597 479 2624 iu
492 2596 624 2631 ejusmodi
637 2596 747 2625 domutn
761 2596 861 2629 intulit,
884 2598 923 2625 sic
938 2606 986 2624 au-

194 2641 274 2675 ferat,
287 2642 391 2670 utnihil
411 2643 490 2671 exiis
502 2643 572 2671 desit
587 2652 594 2676 ;
615 2647 670 2670 tum
685 2643 815 2678 quidquid
836 2651 896 2671 eam
921 2651 985 2671 cou-

194 2688 339 2716 stiteritex
359 2688 548 2723 largitionibus
562 2689 755 2724 imperatoriis,
776 2694 803 2717 et
823 2689 910 2724 gladio
936 2698 986 2717 suo

233 2777 273 2811 (ι)
290 2777 319 2804 ld
334 2782 386 2809 est,
402 2777 546 2805 cadavera.

229 2812 270 2850 (5)
296 2812 431 2840 Incertum
450 2812 529 2846 cujus
552 2813 640 2848 operis
659 2813 709 2842 huc
735 2814 915 2848 fragmentum
937 2815 985 2843 sit.

1034 2200 1088 2226 τῶν
1099 2200 1134 2226 κέν
1146 2200 1201 2231 τοῖς
1221 2199 1348 2231 τουῖδίοις
1367 2198 1510 2236 [τούλδοις]
1525 2199 1731 2236 ἀπερχομένων.

1323 2311 1448 2338 ΤΙΤΛΟΣ
1464 2332 1470 2338 .
1485 2332 1492 2339 .
1508 2331 1515 2338 .
1532 2331 1540 2338 .

1035 2379 1105 2414 Περὶ
1132 2378 1269 2414 γαμϐρῶν
1305 2377 1503 2414 στρατιωτῶν,
1540 2379 1757 2412 εὶσερχομενων
1777 2379 1818 2412 εἰς

1073 2413 1186 2446 οἶκους,
1211 2414 1260 2439 καὶ
1286 2413 1487 2447 δίο-φερόντων
1514 2414 1567 2447 τὰς
1592 2414 1687 2448 ρόγας
1713 2413 1817 2447 αὐτῶν,

1073 2450 1123 2477 καί
1145 2448 1298 2483 καμάτους
1311 2448 1489 2475 ποιούντων.

1076 2506 1209 2541 Ἔκριναν
1226 2506 1249 2531 οἱ
1265 2504 1389 2535 εὐσεὸεἴς
1412 2504 1458 2530 καὶ
1474 2503 1634 2538 φιλοδικαιω
1653 2504 1732 2539 ἡμῶν
1747 2503 1816 2539 βασι-

1039 2551 1096 2583 λεῖς
1110 2551 1179 2578 κατὰ
1192 2551 1255 2582 τοὺς
1268 2550 1389 2581 εὐσεϐεῖς
1404 2550 1512 2585 νόμους,
1532 2549 1575 2576 ἵνα
1587 2550 1675 2577 πάντα
1689 2559 1742 2582 τις,
1754 2550 1817 2586 άπερ

1039 2598 1186 2633 εἰσήγαγεν
1206 2597 1262 2632 εῐδη
1278 2597 1323 2623 καὶ
1340 2596 1490 2631 πράγματα
1503 2596 1532 2622 έν
1558 2595 1597 2630 τῷ
1620 2595 1731 2631 τοιούτῳ
1747 2595 1816 2631 οἴκῳ,

1040 2645 1129 2680 ἐπάρῃ
1145 2644 1320 2676 άνελλειπῶς,
1339 2644 1385 2670 καὶ
1409 2644 1517 2678 εῐτιπερ
1532 2644 1603 2678 φανῇ
1630 2643 1753 2678 ἐσχηκὼς
1770 2643 1818 2669 άπὸ

1042 2691 1187 2726 βασιλικῶν
1202 2691 1382 2726 δωρημάτων,
1406 2689 1454 2716 καὶ
1481 2690 1513 2716 ἐκ
1533 2688 1581 2714 tot")
1595 2689 1711 2715 σπαθίου
1732 2688 1817 2721 αὐτοῦ,

1043 2779 1175 2807 [ὶίίΐοι-ιιιιι
1191 2780 1248 2806 lucc
1264 2779 1372 2813 quidem
1392 2779 1425 2805 ah
1453 2778 1495 2810 iis,
1513 2786 1572 2813 qua:
1591 2777 1669 2804 titulo
1684 2777 1738 2805 LVI
1754 2778 1815 2810 libri.

1040 2815 1117 2850 cujus
1129 2820 1155 2842 ct
1172 2815 1239 2842 alios
1255 2815 1298 2842 hic
1315 2815 1406 2842 titulos
1417 2814 1550 2846 dedimus,
1566 2813 1702 2849 leguntur.
