  <div class='ocr_page' id='page_1' title='image "/cluster/home/n/w/nwhite01/storage/ocr_20150623/113/njp.32101077772968/304.png"; bbox 0 0 1945 3073; ppageno 0'>
   <div class='ocr_carea' id='block_1_1' title="bbox 86 159 144 196">
    <p class='ocr_par' dir='ltr' id='par_1_1' title="bbox 86 159 144 196">
     <span class='ocr_line' id='line_1_1' title="bbox 86 159 144 196; baseline 0.017 -1"><span class='ocrx_word' id='word_1_1' title='bbox 86 159 144 196; x_wconf 77' lang='lat'><strong>553</strong></span> 
     </span>
    </p>
   </div>
   <div class='ocr_carea' id='block_1_2' title="bbox 634 155 1173 194">
    <p class='ocr_par' dir='ltr' id='par_1_2' title="bbox 634 155 1173 194">
     <span class='ocr_line' id='line_1_2' title="bbox 634 155 1173 194; baseline -0.006 0"><span class='ocrx_word' id='word_1_2' title='bbox 634 158 818 194; x_wconf 66' lang='lat' dir='ltr'><strong>NOVELLIE</strong></span> <span class='ocrx_word' id='word_1_3' title='bbox 838 155 1173 193; x_wconf 36' lang='lat' dir='ltr'><strong>CONSTITUTIO&#39;NES.</strong></span> 
     </span>
    </p>
   </div>
   <div class='ocr_carea' id='block_1_3' title="bbox 1666 158 1718 191">
    <p class='ocr_par' dir='ltr' id='par_1_3' title="bbox 1666 158 1718 191">
     <span class='ocr_line' id='line_1_3' title="bbox 1666 158 1718 191; baseline -0.038 0"><span class='ocrx_word' id='word_1_4' title='bbox 1666 158 1718 191; x_wconf 66' lang='grc'><strong>554</strong></span> 
     </span>
    </p>
   </div>
   <div class='ocr_carea' id='block_1_4' title="bbox 90 215 881 255">
    <p class='ocr_par' dir='ltr' id='par_1_4' title="bbox 90 219 879 255">
     <span class='ocr_line' id='line_1_4' title="bbox 90 219 879 255; baseline 0.001 -9"><span class='ocrx_word' id='word_1_5' title='bbox 90 220 197 253; x_wconf 78' lang='grc' dir='ltr'><strong>γενείας</strong></span> <span class='ocrx_word' id='word_1_6' title='bbox 213 219 386 255; x_wconf 78' lang='grc' dir='ltr'><strong>διῃρημένως</strong></span> <span class='ocrx_word' id='word_1_7' title='bbox 402 220 418 255; x_wconf 76' lang='grc' dir='ltr'>ἢ</span> <span class='ocrx_word' id='word_1_8' title='bbox 435 219 605 255; x_wconf 71' lang='grc' dir='ltr'><strong>ἀδιαιρέτως,</strong></span> <span class='ocrx_word' id='word_1_9' title='bbox 631 221 647 255; x_wconf 80' lang='grc' dir='ltr'><strong>ἦ</strong></span> <span class='ocrx_word' id='word_1_10' title='bbox 671 220 708 252; x_wconf 77' lang='grc' dir='ltr'><strong>ὡς</strong></span> <span class='ocrx_word' id='word_1_11' title='bbox 729 222 760 247; x_wconf 82' lang='grc' dir='ltr'><strong>ὲκ</strong></span> <span class='ocrx_word' id='word_1_12' title='bbox 786 220 879 255; x_wconf 78' lang='grc' dir='ltr'><strong>κοινῆς</strong></span> 
     </span>
    </p>
   </div>
   <div class='ocr_carea' id='block_1_5' title="bbox 934 215 1718 255">
    <p class='ocr_par' dir='ltr' id='par_1_5' title="bbox 934 215 1718 250">
     <span class='ocr_line' id='line_1_5' title="bbox 934 215 1718 250; baseline -0.003 -4"><span class='ocrx_word' id='word_1_13' title='bbox 934 219 1016 247; x_wconf 94' lang='lat' dir='ltr'><strong>divise</strong></span> <span class='ocrx_word' id='word_1_14' title='bbox 1032 218 1073 245; x_wconf 86' lang='lat' dir='ltr'><strong>vel</strong></span> <span class='ocrx_word' id='word_1_15' title='bbox 1089 217 1214 250; x_wconf 75' lang='lat' dir='ltr'><strong>indivise,</strong></span> <span class='ocrx_word' id='word_1_16' title='bbox 1233 216 1274 243; x_wconf 91' lang='lat' dir='ltr'><strong>vel</strong></span> <span class='ocrx_word' id='word_1_17' title='bbox 1295 219 1422 250; x_wconf 84' lang='lat' dir='ltr'><strong>tauquam</strong></span> <span class='ocrx_word' id='word_1_18' title='bbox 1435 221 1467 242; x_wconf 89' lang='lat' dir='ltr'><strong>ex</strong></span> <span class='ocrx_word' id='word_1_19' title='bbox 1487 215 1622 250; x_wconf 87' lang='lat' dir='ltr'><strong>emptione</strong></span> <span class='ocrx_word' id='word_1_20' title='bbox 1644 224 1718 244; x_wconf 84' lang='lat' dir='ltr'><strong>COlll-</strong></span> 
     </span>
    </p>
   </div>
   <div class='ocr_carea' id='block_1_6' title="bbox 89 264 879 301">
    <p class='ocr_par' dir='ltr' id='par_1_6' title="bbox 89 264 879 301">
     <span class='ocr_line' id='line_1_6' title="bbox 89 264 879 301; baseline -0.01 -4"><span class='ocrx_word' id='word_1_21' title='bbox 89 265 240 300; x_wconf 70' lang='grc' dir='ltr'><strong>ἀγορασίαις</strong></span> <span class='ocrx_word' id='word_1_22' title='bbox 258 264 275 299; x_wconf 76' lang='grc' dir='ltr'><strong>ἢ</strong></span> <span class='ocrx_word' id='word_1_23' title='bbox 301 265 383 300; x_wconf 78' lang='grc' dir='ltr'><strong>ἄλλης</strong></span> <span class='ocrx_word' id='word_1_24' title='bbox 406 266 614 300; x_wconf 71' lang='grc' dir='ltr'><strong>τοιουτοτρόπου</strong></span> <span class='ocrx_word' id='word_1_25' title='bbox 642 267 776 300; x_wconf 75' lang='grc' dir='ltr'><strong>κτήσεως,</strong></span> <span class='ocrx_word' id='word_1_26' title='bbox 808 266 824 301; x_wconf 83' lang='grc' dir='ltr'>ἢ</span> <span class='ocrx_word' id='word_1_27' title='bbox 854 267 879 292; x_wconf 73' lang='grc' dir='ltr'><strong>οἱ</strong></span> 
     </span>
    </p>
   </div>
   <div class='ocr_carea' id='block_1_7' title="bbox 90 310 880 344">
    <p class='ocr_par' dir='ltr' id='par_1_7' title="bbox 90 310 880 344">
     <span class='ocr_line' id='line_1_7' title="bbox 90 310 880 344; baseline 0.003 -9"><span class='ocrx_word' id='word_1_28' title='bbox 90 310 142 344; x_wconf 65' lang='grc' dir='ltr'><strong>μὲν</strong></span> <span class='ocrx_word' id='word_1_29' title='bbox 159 311 190 336; x_wconf 77' lang='grc' dir='ltr'><strong>ἐκ</strong></span> <span class='ocrx_word' id='word_1_30' title='bbox 205 310 376 343; x_wconf 63' lang='grc' dir='ltr'><strong>συγγωείας,</strong></span> <span class='ocrx_word' id='word_1_31' title='bbox 388 312 412 336; x_wconf 77' lang='grc' dir='ltr'><strong>οἱ</strong></span> <span class='ocrx_word' id='word_1_32' title='bbox 436 310 463 336; x_wconf 77' lang='grc' dir='ltr'><strong>δὲ</strong></span> <span class='ocrx_word' id='word_1_33' title='bbox 481 311 510 343; x_wconf 79' lang='grc' dir='ltr'><strong>ἐξ</strong></span> <span class='ocrx_word' id='word_1_34' title='bbox 534 311 715 344; x_wconf 74' lang='grc' dir='ltr'><strong>ὲπικτὴσεως,</strong></span> <span class='ocrx_word' id='word_1_35' title='bbox 742 311 880 338; x_wconf 72' lang='grc' dir='ltr'><strong>ἐπίκοινον</strong></span> 
     </span>
    </p>
   </div>
   <div class='ocr_carea' id='block_1_8' title="bbox 89 354 880 391">
    <p class='ocr_par' dir='ltr' id='par_1_8' title="bbox 89 354 880 391">
     <span class='ocr_line' id='line_1_8' title="bbox 89 354 880 391; baseline 0.003 -11"><span class='ocrx_word' id='word_1_36' title='bbox 89 354 206 390; x_wconf 78' lang='grc' dir='ltr'><strong>οἰκίανῆ</strong></span> <span class='ocrx_word' id='word_1_37' title='bbox 220 355 308 390; x_wconf 79' lang='grc' dir='ltr'><strong>ἀγρὸν</strong></span> <span class='ocrx_word' id='word_1_38' title='bbox 354 355 503 390; x_wconf 72' lang='grc' dir='ltr'><strong>ἀμπελῶνα</strong></span> <span class='ocrx_word' id='word_1_39' title='bbox 518 356 534 391; x_wconf 76' lang='grc' dir='ltr'><strong>ἢ</strong></span> <span class='ocrx_word' id='word_1_40' title='bbox 550 357 643 391; x_wconf 74' lang='grc' dir='ltr'><strong>ἕτερον</strong></span> <span class='ocrx_word' id='word_1_41' title='bbox 659 356 689 382; x_wconf 82' lang='grc' dir='ltr'><strong>τὸ</strong></span> <span class='ocrx_word' id='word_1_42' title='bbox 702 355 805 382; x_wconf 76' lang='grc' dir='ltr'><strong>οἱονοῦν</strong></span> <span class='ocrx_word' id='word_1_43' title='bbox 819 356 880 383; x_wconf 82' lang='grc' dir='ltr'><strong>ἀκί-</strong></span> 
     </span>
    </p>
   </div>
   <div class='ocr_carea' id='block_1_9' title="bbox 89 400 880 437">
    <p class='ocr_par' dir='ltr' id='par_1_9' title="bbox 89 400 880 437">
     <span class='ocr_line' id='line_1_9' title="bbox 89 400 880 437; baseline 0.004 -12"><span class='ocrx_word' id='word_1_44' title='bbox 89 409 171 434; x_wconf 72' lang='grc' dir='ltr'><strong>νητον</strong></span> <span class='ocrx_word' id='word_1_45' title='bbox 179 400 301 436; x_wconf 68' lang='grc' dir='ltr'><strong>ἔχοντες,</strong></span> <span class='ocrx_word' id='word_1_46' title='bbox 316 401 332 436; x_wconf 82' lang='grc' dir='ltr'>ἦ</span> <span class='ocrx_word' id='word_1_47' title='bbox 348 402 434 433; x_wconf 72' lang='grc' dir='ltr'><strong>ἄλλως</strong></span> <span class='ocrx_word' id='word_1_48' title='bbox 451 403 496 428; x_wconf 81' lang='grc' dir='ltr'><strong>καὶ</strong></span> <span class='ocrx_word' id='word_1_49' title='bbox 512 403 559 437; x_wconf 73' lang='grc' dir='ltr'><strong>οὐχ</strong></span> <span class='ocrx_word' id='word_1_50' title='bbox 578 402 616 434; x_wconf 82' lang='grc' dir='ltr'><strong>ὡς</strong></span> <span class='ocrx_word' id='word_1_51' title='bbox 627 401 656 434; x_wconf 75' lang='grc' dir='ltr'><strong>ἐξ</strong></span> <span class='ocrx_word' id='word_1_52' title='bbox 672 402 809 429; x_wconf 80' lang='grc' dir='ltr'><strong>ὲπικοίνου</strong></span> <span class='ocrx_word' id='word_1_53' title='bbox 824 403 880 434; x_wconf 75' lang='grc' dir='ltr'><strong>τοῖς</strong></span> 
     </span>
    </p>
   </div>
   <div class='ocr_carea' id='block_1_10' title="bbox 91 444 879 482">
    <p class='ocr_par' dir='ltr' id='par_1_10' title="bbox 91 444 879 482">
     <span class='ocr_line' id='line_1_10' title="bbox 91 444 879 482; baseline 0.003 -12"><span class='ocrx_word' id='word_1_54' title='bbox 91 444 231 477; x_wconf 74' lang='grc' dir='ltr'><strong>ἐγγίζουσι</strong></span> <span class='ocrx_word' id='word_1_55' title='bbox 251 445 374 480; x_wconf 79' lang='grc' dir='ltr'><strong>κτήμασι</strong></span> <span class='ocrx_word' id='word_1_56' title='bbox 391 446 460 473; x_wconf 75' lang='grc' dir='ltr'><strong>κατὰ</strong></span> <span class='ocrx_word' id='word_1_57' title='bbox 479 455 504 473; x_wconf 87' lang='grc' dir='ltr'><strong>τι</strong></span> <span class='ocrx_word' id='word_1_58' title='bbox 532 447 614 481; x_wconf 79' lang='grc' dir='ltr'><strong>μέρος</strong></span> <span class='ocrx_word' id='word_1_59' title='bbox 629 446 848 482; x_wconf 74' lang='grc' dir='ltr'><strong>ἀναμεμιγμένοι</strong></span> <span class='ocrx_word' id='word_1_60' title='bbox 862 447 879 481; x_wconf 86' lang='grc' dir='ltr'><strong>ἥ</strong></span> 
     </span>
    </p>
   </div>
   <div class='ocr_carea' id='block_1_11' title="bbox 90 490 878 527">
    <p class='ocr_par' dir='ltr' id='par_1_11' title="bbox 90 490 878 527">
     <span class='ocr_line' id='line_1_11' title="bbox 90 490 878 527; baseline 0.003 -11"><span class='ocrx_word' id='word_1_61' title='bbox 90 490 347 526; x_wconf 71' lang='grc' dir='ltr'><strong>συμπαρακείμενοι</strong></span> <span class='ocrx_word' id='word_1_62' title='bbox 363 491 502 526; x_wconf 54' lang='lat' dir='ltr'><strong>sumam;</strong></span> <span class='ocrx_word' id='word_1_63' title='bbox 524 491 541 527; x_wconf 86' lang='grc' dir='ltr'>ἢ</span> <span class='ocrx_word' id='word_1_64' title='bbox 559 491 653 524; x_wconf 78' lang='grc' dir='ltr'><strong>άπλῶς</strong></span> <span class='ocrx_word' id='word_1_65' title='bbox 673 492 878 527; x_wconf 75' lang='grc' dir='ltr'><strong>πλησιάζοντες,</strong></span> 
     </span>
    </p>
   </div>
   <div class='ocr_carea' id='block_1_12' title="bbox 92 534 882 573">
    <p class='ocr_par' dir='ltr' id='par_1_12' title="bbox 92 534 882 573">
     <span class='ocr_line' id='line_1_12' title="bbox 92 534 882 573; baseline 0.005 -13"><span class='ocrx_word' id='word_1_66' title='bbox 92 534 249 569; x_wconf 79' lang='grc' dir='ltr'><strong>βουληθεῖεν</strong></span> <span class='ocrx_word' id='word_1_67' title='bbox 267 537 411 571; x_wconf 79' lang='grc' dir='ltr'><strong>ἐκποιῆσαι</strong></span> <span class='ocrx_word' id='word_1_68' title='bbox 428 536 462 563; x_wconf 72' lang='grc' dir='ltr'><strong>τὰ</strong></span> <span class='ocrx_word' id='word_1_69' title='bbox 478 537 531 564; x_wconf 78' lang='grc' dir='ltr'><strong>ἴδια</strong></span> <span class='ocrx_word' id='word_1_70' title='bbox 548 537 619 564; x_wconf 78' lang='grc' dir='ltr'><strong>κατὰ</strong></span> <span class='ocrx_word' id='word_1_71' title='bbox 635 538 737 573; x_wconf 77' lang='grc' dir='ltr'><strong>πρᾶσιν</strong></span> <span class='ocrx_word' id='word_1_72' title='bbox 751 537 768 573; x_wconf 81' lang='grc' dir='ltr'>ἢ</span> <span class='ocrx_word' id='word_1_73' title='bbox 793 538 882 573; x_wconf 77' lang='grc' dir='ltr'><strong>ἐμφύ-</strong></span> 
     </span>
    </p>
   </div>
   <div class='ocr_carea' id='block_1_13' title="bbox 92 580 880 618">
    <p class='ocr_par' dir='ltr' id='par_1_13' title="bbox 92 580 880 618">
     <span class='ocr_line' id='line_1_13' title="bbox 92 580 880 618; baseline 0.005 -12"><span class='ocrx_word' id='word_1_74' title='bbox 92 588 186 606; x_wconf 83' lang='grc' dir='ltr'><strong>τευσιν</strong></span> <span class='ocrx_word' id='word_1_75' title='bbox 200 580 217 615; x_wconf 82' lang='grc' dir='ltr'>ἢ</span> <span class='ocrx_word' id='word_1_76' title='bbox 235 581 379 616; x_wconf 79' lang='grc' dir='ltr'><strong>μίσθωσιν,</strong></span> <span class='ocrx_word' id='word_1_77' title='bbox 404 582 441 618; x_wconf 76' lang='grc' dir='ltr'><strong>μή</strong></span> <span class='ocrx_word' id='word_1_78' title='bbox 464 582 596 617; x_wconf 75' lang='grc' dir='ltr'><strong>πρότερον</strong></span> <span class='ocrx_word' id='word_1_79' title='bbox 612 582 698 618; x_wconf 70' lang='grc' dir='ltr'><strong>ἑτέρῳ</strong></span> <span class='ocrx_word' id='word_1_80' title='bbox 715 583 768 610; x_wconf 73' lang='grc' dir='ltr'><strong>τινὶ</strong></span> <span class='ocrx_word' id='word_1_81' title='bbox 794 583 880 611; x_wconf 79' lang='grc' dir='ltr'><strong>ταῦτα</strong></span> 
     </span>
    </p>
   </div>
   <div class='ocr_carea' id='block_1_14' title="bbox 91 626 879 664">
    <p class='ocr_par' dir='ltr' id='par_1_14' title="bbox 91 626 879 664">
     <span class='ocr_line' id='line_1_14' title="bbox 91 626 879 664; baseline 0.004 -12"><span class='ocrx_word' id='word_1_82' title='bbox 91 626 300 659; x_wconf 73' lang='grc' dir='ltr'><strong>ἐκποιείτωσαν,</strong></span> <span class='ocrx_word' id='word_1_83' title='bbox 315 629 339 654; x_wconf 83' lang='grc' dir='ltr'><strong>εί</strong></span> <span class='ocrx_word' id='word_1_84' title='bbox 358 628 395 663; x_wconf 76' lang='grc' dir='ltr'><strong>μὴ</strong></span> <span class='ocrx_word' id='word_1_85' title='bbox 412 628 479 662; x_wconf 80' lang='grc' dir='ltr'><strong>πρὸς</strong></span> <span class='ocrx_word' id='word_1_86' title='bbox 491 628 613 659; x_wconf 72' lang='grc' dir='ltr'><strong>ἐκείνους</strong></span> <span class='ocrx_word' id='word_1_87' title='bbox 629 628 879 664; x_wconf 82' lang='grc' dir='ltr'><strong>διαμαρτῦρωνται,</strong></span> 
     </span>
    </p>
   </div>
   <div class='ocr_carea' id='block_1_15' title="bbox 88 671 882 710">
    <p class='ocr_par' dir='ltr' id='par_1_15' title="bbox 88 671 882 710">
     <span class='ocr_line' id='line_1_15' title="bbox 88 671 882 710; baseline 0.004 -12"><span class='ocrx_word' id='word_1_88' title='bbox 88 671 139 704; x_wconf 79' lang='grc' dir='ltr'><strong>οὓς</strong></span> <span class='ocrx_word' id='word_1_89' title='bbox 156 672 293 708; x_wconf 79' lang='grc' dir='ltr'><strong>καλοῦμεν</strong></span> <span class='ocrx_word' id='word_1_90' title='bbox 307 674 376 700; x_wconf 79' lang='grc' dir='ltr'><strong>κατὰ</strong></span> <span class='ocrx_word' id='word_1_91' title='bbox 390 674 468 706; x_wconf 79' lang='grc' dir='ltr'><strong>τάξιν</strong></span> <span class='ocrx_word' id='word_1_92' title='bbox 487 673 555 710; x_wconf 73' lang='grc' dir='ltr'><strong>προς</strong></span> <span class='ocrx_word' id='word_1_93' title='bbox 569 675 620 709; x_wconf 81' lang='grc' dir='ltr'><strong>τὴν</strong></span> <span class='ocrx_word' id='word_1_94' title='bbox 637 674 802 709; x_wconf 87' lang='grc' dir='ltr'><strong>προτίμησιν</strong></span> <span class='ocrx_word' id='word_1_95' title='bbox 814 682 822 690; x_wconf 89' lang='grc'>·</span> <span class='ocrx_word' id='word_1_96' title='bbox 839 674 882 701; x_wconf 80' lang='grc' dir='ltr'><strong>ἵνα</strong></span> 
     </span>
    </p>
   </div>
   <div class='ocr_carea' id='block_1_16' title="bbox 91 717 881 755">
    <p class='ocr_par' dir='ltr' id='par_1_16' title="bbox 91 717 881 755">
     <span class='ocr_line' id='line_1_16' title="bbox 91 717 881 755; baseline 0.008 -14"><span class='ocrx_word' id='word_1_97' title='bbox 91 717 197 751; x_wconf 81' lang='grc' dir='ltr'><strong>πρῶτοι</strong></span> <span class='ocrx_word' id='word_1_98' title='bbox 211 718 348 753; x_wconf 69' lang='grc' dir='ltr'><strong>κληθῶσιν</strong></span> <span class='ocrx_word' id='word_1_99' title='bbox 368 719 392 745; x_wconf 87' lang='grc' dir='ltr'><strong>οί</strong></span> <span class='ocrx_word' id='word_1_100' title='bbox 408 719 509 754; x_wconf 68' lang='grc' dir='ltr'><strong>ἀναμὶξ</strong></span> <span class='ocrx_word' id='word_1_101' title='bbox 529 719 703 755; x_wconf 76' lang='grc' dir='ltr'><strong>συγκείμενοι</strong></span> <span class='ocrx_word' id='word_1_102' title='bbox 717 721 857 754; x_wconf 78' lang='grc' dir='ltr'><strong>συγγενεῖς</strong></span> <span class='ocrx_word' id='word_1_103' title='bbox 874 728 881 735; x_wconf 87' lang='grc'>·</span> 
     </span>
    </p>
   </div>
   <div class='ocr_carea' id='block_1_17' title="bbox 90 759 883 800">
    <p class='ocr_par' dir='ltr' id='par_1_17' title="bbox 90 759 883 800">
     <span class='ocr_line' id='line_1_17' title="bbox 90 759 883 800; baseline 0.006 -13"><span class='ocrx_word' id='word_1_104' title='bbox 90 759 154 788; x_wconf 79' lang='grc' dir='ltr'><strong>εἶτα</strong></span> <span class='ocrx_word' id='word_1_105' title='bbox 169 762 194 788; x_wconf 69' lang='lat' dir='ltr'><strong>cl.</strong></span> <span class='ocrx_word' id='word_1_106' title='bbox 217 762 304 794; x_wconf 70' lang='grc' dir='ltr'><strong>οὕτως</strong></span> <span class='ocrx_word' id='word_1_107' title='bbox 324 764 568 798; x_wconf 79' lang='grc' dir='ltr'><strong>συμπεπλεγμένοι</strong></span> <span class='ocrx_word' id='word_1_108' title='bbox 586 765 710 792; x_wconf 80' lang='grc' dir='ltr'><strong>κοινωνοί</strong></span> <span class='ocrx_word' id='word_1_109' title='bbox 725 772 734 780; x_wconf 79' lang='lat'><strong>&#39;</strong></span> <span class='ocrx_word' id='word_1_110' title='bbox 758 765 818 800; x_wconf 77' lang='grc' dir='ltr'><strong>μεθ’</strong></span> <span class='ocrx_word' id='word_1_111' title='bbox 835 765 883 797; x_wconf 75' lang='grc' dir='ltr'><strong>οὓς</strong></span> 
     </span>
    </p>
   </div>
   <div class='ocr_carea' id='block_1_18' title="bbox 89 807 884 845">
    <p class='ocr_par' dir='ltr' id='par_1_18' title="bbox 89 807 884 845">
     <span class='ocr_line' id='line_1_18' title="bbox 89 807 884 845; baseline 0.006 -13"><span class='ocrx_word' id='word_1_112' title='bbox 89 807 117 832; x_wconf 78' lang='grc' dir='ltr'><strong>οἱ</strong></span> <span class='ocrx_word' id='word_1_113' title='bbox 134 807 214 841; x_wconf 72' lang='grc' dir='ltr'><strong>μόνον</strong></span> <span class='ocrx_word' id='word_1_114' title='bbox 236 808 465 844; x_wconf 72' lang='grc' dir='ltr'><strong>ἀναμεμιγμένοι,</strong></span> <span class='ocrx_word' id='word_1_115' title='bbox 480 810 504 836; x_wconf 81' lang='grc' dir='ltr'><strong>εί</strong></span> <span class='ocrx_word' id='word_1_116' title='bbox 525 810 572 836; x_wconf 66' lang='grc' dir='ltr'><strong>καὶ</strong></span> <span class='ocrx_word' id='word_1_117' title='bbox 592 809 662 842; x_wconf 76' lang='grc' dir='ltr'><strong>ξένοι</strong></span> <span class='ocrx_word' id='word_1_118' title='bbox 681 809 769 845; x_wconf 81' lang='grc' dir='ltr'><strong>πάντη</strong></span> <span class='ocrx_word' id='word_1_119' title='bbox 784 809 823 845; x_wconf 80' lang='grc' dir='ltr'><strong>τῷ</strong></span> <span class='ocrx_word' id='word_1_120' title='bbox 838 810 884 837; x_wconf 71' lang='grc' dir='ltr'><strong>ὲκ-</strong></span> 
     </span>
    </p>
   </div>
   <div class='ocr_carea' id='block_1_19' title="bbox 90 852 884 892">
    <p class='ocr_par' dir='ltr' id='par_1_19' title="bbox 90 852 884 892">
     <span class='ocr_line' id='line_1_19' title="bbox 90 852 884 892; baseline 0.006 -14"><span class='ocrx_word' id='word_1_121' title='bbox 90 852 228 888; x_wconf 83' lang='grc' dir='ltr'><strong>χωροῦντι</strong></span> <span class='ocrx_word' id='word_1_122' title='bbox 254 854 412 889; x_wconf 78' lang='grc' dir='ltr'><strong>τυγχάνοιεν</strong></span> <span class='ocrx_word' id='word_1_123' title='bbox 430 862 437 870; x_wconf 83' lang='grc'>·</span> <span class='ocrx_word' id='word_1_124' title='bbox 467 855 563 882; x_wconf 78' lang='grc' dir='ltr'><strong>ἔπειτα</strong></span> <span class='ocrx_word' id='word_1_125' title='bbox 587 855 634 882; x_wconf 79' lang='grc' dir='ltr'><strong>καὶ</strong></span> <span class='ocrx_word' id='word_1_126' title='bbox 651 856 675 882; x_wconf 91' lang='grc' dir='ltr'><strong>οί</strong></span> <span class='ocrx_word' id='word_1_127' title='bbox 695 856 884 892; x_wconf 85' lang='grc' dir='ltr'><strong>συμπαρακεί-</strong></span> 
     </span>
    </p>
   </div>
   <div class='ocr_carea' id='block_1_20' title="bbox 932 260 1716 297">
    <p class='ocr_par' dir='ltr' id='par_1_20' title="bbox 932 260 1716 297">
     <span class='ocr_line' id='line_1_20' title="bbox 932 260 1716 297; baseline -0.005 -5"><span class='ocrx_word' id='word_1_128' title='bbox 932 265 1018 297; x_wconf 86' lang='lat' dir='ltr'><strong>muni,</strong></span> <span class='ocrx_word' id='word_1_129' title='bbox 1041 264 1083 292; x_wconf 89' lang='lat' dir='ltr'><strong>vel</strong></span> <span class='ocrx_word' id='word_1_130' title='bbox 1107 263 1160 290; x_wconf 86' lang='lat' dir='ltr'><strong>alio</strong></span> <span class='ocrx_word' id='word_1_131' title='bbox 1183 262 1300 297; x_wconf 79' lang='lat' dir='ltr'><strong>quodam</strong></span> <span class='ocrx_word' id='word_1_132' title='bbox 1320 261 1453 296; x_wconf 88' lang='lat' dir='ltr'><strong>ejusmodi</strong></span> <span class='ocrx_word' id='word_1_133' title='bbox 1483 260 1594 289; x_wconf 88' lang='lat' dir='ltr'><strong>dominii</strong></span> <span class='ocrx_word' id='word_1_134' title='bbox 1628 262 1716 295; x_wconf 77' lang='lat' dir='ltr'><strong>titulo,</strong></span> 
     </span>
    </p>
   </div>
   <div class='ocr_carea' id='block_1_21' title="bbox 933 306 1718 344">
    <p class='ocr_par' dir='ltr' id='par_1_21' title="bbox 933 306 1718 344">
     <span class='ocr_line' id='line_1_21' title="bbox 933 306 1718 344; baseline -0.001 -8"><span class='ocrx_word' id='word_1_135' title='bbox 933 315 979 337; x_wconf 86' lang='lat' dir='ltr'><strong>aut</strong></span> <span class='ocrx_word' id='word_1_136' title='bbox 1026 308 1183 343; x_wconf 69' lang='lat' dir='ltr'><strong>acquirendi</strong></span> <span class='ocrx_word' id='word_1_137' title='bbox 1210 307 1288 334; x_wconf 86' lang='lat' dir='ltr'><strong>modo</strong></span> <span class='ocrx_word' id='word_1_138' title='bbox 1315 307 1355 333; x_wconf 81' lang='lat' dir='ltr'><strong>vel</strong></span> <span class='ocrx_word' id='word_1_139' title='bbox 1376 306 1473 341; x_wconf 83' lang='lat' dir='ltr'><strong>partim</strong></span> <span class='ocrx_word' id='word_1_140' title='bbox 1492 314 1525 334; x_wconf 81' lang='lat' dir='ltr'><strong>ex</strong></span> <span class='ocrx_word' id='word_1_141' title='bbox 1546 309 1718 344; x_wconf 72' lang='lat' dir='ltr'><strong>cognatione,</strong></span> 
     </span>
    </p>
   </div>
   <div class='ocr_carea' id='block_1_22' title="bbox 932 353 1720 391">
    <p class='ocr_par' dir='ltr' id='par_1_22' title="bbox 932 353 1720 391">
     <span class='ocr_line' id='line_1_22' title="bbox 932 353 1720 391; baseline 0 -9"><span class='ocrx_word' id='word_1_142' title='bbox 932 357 1029 391; x_wconf 80' lang='lat' dir='ltr'><strong>partim</strong></span> <span class='ocrx_word' id='word_1_143' title='bbox 1050 359 1179 382; x_wconf 78' lang='lat' dir='ltr'><strong>extranea</strong></span> <span class='ocrx_word' id='word_1_144' title='bbox 1194 353 1408 388; x_wconf 71' lang='lat' dir='ltr'><strong>comparatione,</strong></span> <span class='ocrx_word' id='word_1_145' title='bbox 1435 353 1556 386; x_wconf 88' lang='lat' dir='ltr'><strong>domum,</strong></span> <span class='ocrx_word' id='word_1_146' title='bbox 1579 359 1627 382; x_wconf 86' lang='lat' dir='ltr'><strong>aut</strong></span> <span class='ocrx_word' id='word_1_147' title='bbox 1655 354 1720 382; x_wconf 85' lang='lat' dir='ltr'><strong>Iun-</strong></span> 
     </span>
    </p>
   </div>
   <div class='ocr_carea' id='block_1_23' title="bbox 932 398 1721 434">
    <p class='ocr_par' dir='ltr' id='par_1_23' title="bbox 932 398 1721 434">
     <span class='ocr_line' id='line_1_23' title="bbox 932 398 1721 434; baseline -0.001 -6"><span class='ocrx_word' id='word_1_148' title='bbox 932 401 1006 433; x_wconf 91' lang='lat' dir='ltr'><strong>dum,</strong></span> <span class='ocrx_word' id='word_1_149' title='bbox 1025 402 1071 427; x_wconf 83' lang='lat' dir='ltr'><strong>au‘t</strong></span> <span class='ocrx_word' id='word_1_150' title='bbox 1082 400 1201 430; x_wconf 84' lang='lat' dir='ltr'><strong>vineam,</strong></span> <span class='ocrx_word' id='word_1_151' title='bbox 1217 404 1262 425; x_wconf 89' lang='lat' dir='ltr'><strong>aut</strong></span> <span class='ocrx_word' id='word_1_152' title='bbox 1280 398 1365 425; x_wconf 84' lang='lat' dir='ltr'><strong>aliam</strong></span> <span class='ocrx_word' id='word_1_153' title='bbox 1388 405 1579 434; x_wconf 90' lang='lat' dir='ltr'><strong>quamcunque</strong></span> <span class='ocrx_word' id='word_1_154' title='bbox 1595 407 1653 427; x_wconf 88' lang='lat' dir='ltr'><strong>rem</strong></span> <span class='ocrx_word' id='word_1_155' title='bbox 1670 401 1721 427; x_wconf 89' lang='lat' dir='ltr'><strong>soli</strong></span> 
     </span>
    </p>
   </div>
   <div class='ocr_carea' id='block_1_24' title="bbox 932 442 1720 480">
    <p class='ocr_par' dir='ltr' id='par_1_24' title="bbox 932 442 1720 480">
     <span class='ocr_line' id='line_1_24' title="bbox 932 442 1720 480; baseline 0 -8"><span class='ocrx_word' id='word_1_156' title='bbox 932 451 1104 473; x_wconf 87' lang='lat' dir='ltr'><strong>communem</strong></span> <span class='ocrx_word' id='word_1_157' title='bbox 1139 444 1268 471; x_wconf 73' lang='lat' dir='ltr'><strong>habentes</strong></span> <span class='ocrx_word' id='word_1_158' title='bbox 1289 447 1359 476; x_wconf 80' lang='lat' dir='ltr'><strong>;aut</strong></span> <span class='ocrx_word' id='word_1_159' title='bbox 1392 443 1416 470; x_wconf 93' lang='lat' dir='ltr'><strong>si</strong></span> <span class='ocrx_word' id='word_1_160' title='bbox 1442 443 1490 477; x_wconf 86' lang='lat' dir='ltr'><strong>qui</strong></span> <span class='ocrx_word' id='word_1_161' title='bbox 1521 442 1612 477; x_wconf 78' lang='lat' dir='ltr'><strong>aliter,</strong></span> <span class='ocrx_word' id='word_1_162' title='bbox 1636 452 1720 480; x_wconf 87' lang='lat' dir='ltr'><strong>quam</strong></span> 
     </span>
    </p>
   </div>
   <div class='ocr_carea' id='block_1_25' title="bbox 930 487 1721 526">
    <p class='ocr_par' dir='ltr' id='par_1_25' title="bbox 930 487 1721 526">
     <span class='ocr_line' id='line_1_25' title="bbox 930 487 1721 526; baseline 0.001 -9"><span class='ocrx_word' id='word_1_163' title='bbox 930 490 992 526; x_wconf 77' lang='lat' dir='ltr'><strong>iure</strong></span> <span class='ocrx_word' id='word_1_164' title='bbox 1008 490 1151 522; x_wconf 80' lang='lat' dir='ltr'><strong>consortii,</strong></span> <span class='ocrx_word' id='word_1_165' title='bbox 1167 489 1263 516; x_wconf 83' lang='lat' dir='ltr'><strong>vicinis</strong></span> <span class='ocrx_word' id='word_1_166' title='bbox 1280 489 1368 517; x_wconf 76' lang='lat' dir='ltr'><strong>modis</strong></span> <span class='ocrx_word' id='word_1_167' title='bbox 1384 487 1474 524; x_wconf 76' lang='lat' dir='ltr'><strong>aliqua</strong></span> <span class='ocrx_word' id='word_1_168' title='bbox 1497 496 1531 516; x_wconf 84' lang='lat' dir='ltr'><strong>ex</strong></span> <span class='ocrx_word' id='word_1_169' title='bbox 1558 495 1636 524; x_wconf 85' lang='lat' dir='ltr'><strong>parte</strong></span> <span class='ocrx_word' id='word_1_170' title='bbox 1657 498 1721 526; x_wconf 86' lang='lat' dir='ltr'><strong>per-</strong></span> 
     </span>
    </p>
   </div>
   <div class='ocr_carea' id='block_1_26' title="bbox 931 534 1720 572">
    <p class='ocr_par' dir='ltr' id='par_1_26' title="bbox 931 534 1720 572">
     <span class='ocr_line' id='line_1_26' title="bbox 931 534 1720 572; baseline 0 -8"><span class='ocrx_word' id='word_1_171' title='bbox 931 536 1015 570; x_wconf 87' lang='lat' dir='ltr'><strong>misti,</strong></span> <span class='ocrx_word' id='word_1_172' title='bbox 1032 535 1074 564; x_wconf 89' lang='lat' dir='ltr'><strong>vel</strong></span> <span class='ocrx_word' id='word_1_173' title='bbox 1088 534 1252 569; x_wconf 82' lang='lat' dir='ltr'><strong>adjaccutes,</strong></span> <span class='ocrx_word' id='word_1_174' title='bbox 1280 534 1327 569; x_wconf 85' lang='lat' dir='ltr'><strong>qui</strong></span> <span class='ocrx_word' id='word_1_175' title='bbox 1341 534 1392 562; x_wconf 78' lang='lat' dir='ltr'><strong>sub</strong></span> <span class='ocrx_word' id='word_1_176' title='bbox 1404 535 1499 563; x_wconf 89' lang='lat' dir='ltr'><strong>eodem</strong></span> <span class='ocrx_word' id='word_1_177' title='bbox 1514 535 1594 563; x_wconf 82' lang='lat' dir='ltr'><strong>titulo</strong></span> <span class='ocrx_word' id='word_1_178' title='bbox 1604 537 1720 572; x_wconf 79' lang='lat' dir='ltr'><strong>vectigal</strong></span> 
     </span>
    </p>
   </div>
   <div class='ocr_carea' id='block_1_27' title="bbox 932 580 1721 618">
    <p class='ocr_par' dir='ltr' id='par_1_27' title="bbox 932 580 1721 618">
     <span class='ocr_line' id='line_1_27' title="bbox 932 580 1721 618; baseline -0.001 -8"><span class='ocrx_word' id='word_1_179' title='bbox 932 583 1078 618; x_wconf 80' lang='lat' dir='ltr'><strong>pcnsltant,</strong></span> <span class='ocrx_word' id='word_1_180' title='bbox 1100 581 1142 609; x_wconf 85' lang='lat' dir='ltr'><strong>vel</strong></span> <span class='ocrx_word' id='word_1_181' title='bbox 1155 580 1318 616; x_wconf 83' lang='lat' dir='ltr'><strong>simpliciter</strong></span> <span class='ocrx_word' id='word_1_182' title='bbox 1330 580 1457 615; x_wconf 80' lang='lat' dir='ltr'><strong>proximi,</strong></span> <span class='ocrx_word' id='word_1_183' title='bbox 1477 580 1598 609; x_wconf 84' lang='lat' dir='ltr'><strong>alienare</strong></span> <span class='ocrx_word' id='word_1_184' title='bbox 1612 589 1660 608; x_wconf 85' lang='lat' dir='ltr'><strong>sua</strong></span> <span class='ocrx_word' id='word_1_185' title='bbox 1678 582 1721 610; x_wconf 89' lang='lat' dir='ltr'><strong>vel</strong></span> 
     </span>
    </p>
   </div>
   <div class='ocr_carea' id='block_1_28' title="bbox 932 626 1719 662">
    <p class='ocr_par' dir='ltr' id='par_1_28' title="bbox 932 626 1719 662">
     <span class='ocr_line' id='line_1_28' title="bbox 932 626 1719 662; baseline -0.001 -6"><span class='ocrx_word' id='word_1_186' title='bbox 932 628 1118 660; x_wconf 83' lang='lat' dir='ltr'><strong>distrahendo,</strong></span> <span class='ocrx_word' id='word_1_187' title='bbox 1141 627 1182 654; x_wconf 90' lang='lat' dir='ltr'><strong>vel</strong></span> <span class='ocrx_word' id='word_1_188' title='bbox 1206 634 1253 662; x_wconf 90' lang='lat' dir='ltr'><strong>per</strong></span> <span class='ocrx_word' id='word_1_189' title='bbox 1271 626 1472 662; x_wconf 83' lang='lat' dir='ltr'><strong>empltyteusin,</strong></span> <span class='ocrx_word' id='word_1_190' title='bbox 1489 626 1531 654; x_wconf 86' lang='lat' dir='ltr'><strong>vel</strong></span> <span class='ocrx_word' id='word_1_191' title='bbox 1559 627 1719 655; x_wconf 86' lang='lat' dir='ltr'><strong>locationem</strong></span> 
     </span>
    </p>
   </div>
   <div class='ocr_carea' id='block_1_29' title="bbox 934 672 1724 708">
    <p class='ocr_par' dir='ltr' id='par_1_29' title="bbox 934 672 1724 708">
     <span class='ocr_line' id='line_1_29' title="bbox 934 672 1724 708; baseline 0.003 -9"><span class='ocrx_word' id='word_1_192' title='bbox 934 674 1069 702; x_wconf 85' lang='lat' dir='ltr'><strong>voluerint</strong></span> <span class='ocrx_word' id='word_1_193' title='bbox 1085 683 1093 707; x_wconf 78' lang='lat'><strong>;</strong></span> <span class='ocrx_word' id='word_1_194' title='bbox 1113 681 1147 701; x_wconf 88' lang='lat' dir='ltr'><strong>ne</strong></span> <span class='ocrx_word' id='word_1_195' title='bbox 1165 673 1240 707; x_wconf 90' lang='lat' dir='ltr'><strong>prius</strong></span> <span class='ocrx_word' id='word_1_196' title='bbox 1252 673 1309 701; x_wconf 74' lang='lat' dir='ltr'><strong>haec</strong></span> <span class='ocrx_word' id='word_1_197' title='bbox 1322 672 1348 699; x_wconf 90' lang='lat' dir='ltr'><strong>iu</strong></span> <span class='ocrx_word' id='word_1_198' title='bbox 1361 672 1443 700; x_wconf 84' lang='lat' dir='ltr'><strong>alium</strong></span> <span class='ocrx_word' id='word_1_199' title='bbox 1455 679 1618 708; x_wconf 86' lang='lat' dir='ltr'><strong>quemquam</strong></span> <span class='ocrx_word' id='word_1_200' title='bbox 1636 678 1724 702; x_wconf 58' lang='lat' dir='ltr'><strong>trans.</strong></span> 
     </span>
    </p>
   </div>
   <div class='ocr_carea' id='block_1_30' title="bbox 934 718 1741 754">
    <p class='ocr_par' dir='ltr' id='par_1_30' title="bbox 934 718 1741 754">
     <span class='ocr_line' id='line_1_30' title="bbox 934 718 1741 754; baseline 0 -8"><span class='ocrx_word' id='word_1_201' title='bbox 934 720 1034 753; x_wconf 80' lang='lat' dir='ltr'><strong>ferant,</strong></span> <span class='ocrx_word' id='word_1_202' title='bbox 1051 727 1132 754; x_wconf 85' lang='lat' dir='ltr'><strong>quam</strong></span> <span class='ocrx_word' id='word_1_203' title='bbox 1147 719 1180 746; x_wconf 88' lang='lat' dir='ltr'><strong>ad</strong></span> <span class='ocrx_word' id='word_1_204' title='bbox 1198 726 1245 746; x_wconf 86' lang='lat' dir='ltr'><strong>eos</strong></span> <span class='ocrx_word' id='word_1_205' title='bbox 1269 718 1441 746; x_wconf 83' lang='lat' dir='ltr'><strong>testationem</strong></span> <span class='ocrx_word' id='word_1_206' title='bbox 1461 718 1583 752; x_wconf 81' lang='lat' dir='ltr'><strong>fecerint,</strong></span> <span class='ocrx_word' id='word_1_207' title='bbox 1602 727 1670 754; x_wconf 92' lang='lat' dir='ltr'><strong>quos</strong></span> <span class='ocrx_word' id='word_1_208' title='bbox 1688 722 1721 747; x_wconf 84' lang='lat' dir='ltr'><strong>ad</strong></span> <span class='ocrx_word' id='word_1_209' title='bbox 1734 718 1741 725; x_wconf 90' lang='lat'>&#39;</span> 
     </span>
    </p>
   </div>
   <div class='ocr_carea' id='block_1_31' title="bbox 934 765 1721 801">
    <p class='ocr_par' dir='ltr' id='par_1_31' title="bbox 934 765 1721 801">
     <span class='ocr_line' id='line_1_31' title="bbox 934 765 1721 801; baseline 0 -9"><span class='ocrx_word' id='word_1_210' title='bbox 934 765 1119 801; x_wconf 64' lang='lat' dir='ltr'><strong>praelationem</strong></span> <span class='ocrx_word' id='word_1_211' title='bbox 1132 765 1229 792; x_wconf 86' lang='lat' dir='ltr'><strong>ordine</strong></span> <span class='ocrx_word' id='word_1_212' title='bbox 1246 772 1372 793; x_wconf 84' lang='lat' dir='ltr'><strong>vocamus</strong></span> <span class='ocrx_word' id='word_1_213' title='bbox 1390 773 1397 791; x_wconf 88' lang='lat'><strong>:</strong></span> <span class='ocrx_word' id='word_1_214' title='bbox 1415 769 1444 792; x_wconf 91' lang='lat' dir='ltr'><strong>ut</strong></span> <span class='ocrx_word' id='word_1_215' title='bbox 1457 765 1537 800; x_wconf 89' lang='lat' dir='ltr'><strong>primi</strong></span> <span class='ocrx_word' id='word_1_216' title='bbox 1554 765 1658 794; x_wconf 81' lang='lat' dir='ltr'><strong>scilicet</strong></span> <span class='ocrx_word' id='word_1_217' title='bbox 1674 774 1721 793; x_wconf 90' lang='lat' dir='ltr'><strong>vo-</strong></span> 
     </span>
    </p>
   </div>
   <div class='ocr_carea' id='block_1_32' title="bbox 935 810 1720 846">
    <p class='ocr_par' dir='ltr' id='par_1_32' title="bbox 935 810 1720 846">
     <span class='ocr_line' id='line_1_32' title="bbox 935 810 1720 846; baseline 0 -7"><span class='ocrx_word' id='word_1_218' title='bbox 935 816 1030 839; x_wconf 85' lang='lat' dir='ltr'><strong>centur</strong></span> <span class='ocrx_word' id='word_1_219' title='bbox 1051 811 1207 846; x_wconf 86' lang='lat' dir='ltr'><strong>promiscue</strong></span> <span class='ocrx_word' id='word_1_220' title='bbox 1225 810 1361 846; x_wconf 76' lang='lat' dir='ltr'><strong>conjuncti</strong></span> <span class='ocrx_word' id='word_1_221' title='bbox 1376 811 1496 846; x_wconf 80' lang='lat' dir='ltr'><strong>cognati,</strong></span> <span class='ocrx_word' id='word_1_222' title='bbox 1528 811 1626 840; x_wconf 84' lang='lat' dir='ltr'><strong>deinde</strong></span> <span class='ocrx_word' id='word_1_223' title='bbox 1652 819 1720 839; x_wconf 82' lang='lat' dir='ltr'><strong>cort-</strong></span> 
     </span>
    </p>
   </div>
   <div class='ocr_carea' id='block_1_33' title="bbox 936 855 1720 892">
    <p class='ocr_par' dir='ltr' id='par_1_33' title="bbox 936 855 1720 892">
     <span class='ocr_line' id='line_1_33' title="bbox 936 855 1720 892; baseline 0.001 -9"><span class='ocrx_word' id='word_1_224' title='bbox 936 860 1023 884; x_wconf 75' lang='lat' dir='ltr'><strong>sortes</strong></span> <span class='ocrx_word' id='word_1_225' title='bbox 1042 857 1114 884; x_wconf 87' lang='lat' dir='ltr'><strong>inter</strong></span> <span class='ocrx_word' id='word_1_226' title='bbox 1127 863 1157 884; x_wconf 85' lang='lat' dir='ltr'><strong>se</strong></span> <span class='ocrx_word' id='word_1_227' title='bbox 1171 856 1300 888; x_wconf 87' lang='lat' dir='ltr'><strong>connexi,</strong></span> <span class='ocrx_word' id='word_1_228' title='bbox 1328 861 1390 891; x_wconf 88' lang='lat' dir='ltr'><strong>post</strong></span> <span class='ocrx_word' id='word_1_229' title='bbox 1407 863 1476 891; x_wconf 85' lang='lat' dir='ltr'><strong>quos</strong></span> <span class='ocrx_word' id='word_1_230' title='bbox 1504 855 1521 884; x_wconf 92' lang='lat' dir='ltr'><strong>ii</strong></span> <span class='ocrx_word' id='word_1_231' title='bbox 1545 857 1591 892; x_wconf 90' lang='lat' dir='ltr'><strong>qui</strong></span> <span class='ocrx_word' id='word_1_232' title='bbox 1615 861 1720 885; x_wconf 82' lang='lat' dir='ltr'><strong>tantum</strong></span> 
     </span>
    </p>
   </div>
   <div class='ocr_carea' id='block_1_34' title="bbox 94 896 881 938">
    <p class='ocr_par' dir='ltr' id='par_1_34' title="bbox 94 898 881 938">
     <span class='ocr_line' id='line_1_34' title="bbox 94 898 881 938; baseline 0.008 -15"><span class='ocrx_word' id='word_1_233' title='bbox 94 898 322 933; x_wconf 82' lang='grc' dir='ltr'><strong>μενοιὸμοτελετς</strong></span> <span class='ocrx_word' id='word_1_234' title='bbox 335 907 341 914; x_wconf 92' lang='grc'><strong>·</strong></span> <span class='ocrx_word' id='word_1_235' title='bbox 365 901 512 934; x_wconf 82' lang='grc' dir='ltr'><strong>μετέπειτα</strong></span> <span class='ocrx_word' id='word_1_236' title='bbox 540 901 563 927; x_wconf 81' lang='grc' dir='ltr'><strong>οἱ</strong></span> <span class='ocrx_word' id='word_1_237' title='bbox 583 901 678 932; x_wconf 78' lang='grc' dir='ltr'><strong>ἁπλῶς</strong></span> <span class='ocrx_word' id='word_1_238' title='bbox 690 901 720 928; x_wconf 74' lang='grc' dir='ltr'><strong>ἓν</strong></span> <span class='ocrx_word' id='word_1_239' title='bbox 737 908 788 928; x_wconf 83' lang='grc' dir='ltr'><strong>τινι</strong></span> <span class='ocrx_word' id='word_1_240' title='bbox 805 903 881 938; x_wconf 72' lang='grc' dir='ltr'><strong>μέρει</strong></span> 
     </span>
    </p>
   </div>
   <div class='ocr_carea' id='block_1_35' title="bbox 934 896 1725 938">
    <p class='ocr_par' dir='ltr' id='par_1_35' title="bbox 937 901 1725 936">
     <span class='ocr_line' id='line_1_35' title="bbox 937 901 1725 936; baseline 0.004 -8"><span class='ocrx_word' id='word_1_241' title='bbox 937 902 1058 936; x_wconf 85' lang='lat' dir='ltr'><strong>perutisti</strong></span> <span class='ocrx_word' id='word_1_242' title='bbox 1071 906 1144 934; x_wconf 87' lang='lat' dir='ltr'><strong>sunt,</strong></span> <span class='ocrx_word' id='word_1_243' title='bbox 1159 901 1223 929; x_wconf 88' lang='lat' dir='ltr'><strong>licet</strong></span> <span class='ocrx_word' id='word_1_244' title='bbox 1238 902 1262 929; x_wconf 89' lang='lat' dir='ltr'><strong>ei</strong></span> <span class='ocrx_word' id='word_1_245' title='bbox 1277 902 1321 936; x_wconf 94' lang='lat' dir='ltr'><strong>qui</strong></span> <span class='ocrx_word' id='word_1_246' title='bbox 1340 909 1397 929; x_wconf 88' lang='lat' dir='ltr'><strong>rem</strong></span> <span class='ocrx_word' id='word_1_247' title='bbox 1411 902 1524 936; x_wconf 83' lang='lat' dir='ltr'><strong>alienat,</strong></span> <span class='ocrx_word' id='word_1_248' title='bbox 1545 904 1655 930; x_wconf 88' lang='lat' dir='ltr'><strong>omnino</strong></span> <span class='ocrx_word' id='word_1_249' title='bbox 1668 904 1725 931; x_wconf 88' lang='lat' dir='ltr'><strong>sint</strong></span> 
     </span>
    </p>
   </div>
   <div class='ocr_carea' id='block_1_36' title="bbox 93 944 883 982">
    <p class='ocr_par' dir='ltr' id='par_1_36' title="bbox 93 944 883 982">
     <span class='ocr_line' id='line_1_36' title="bbox 93 944 883 982; baseline 0.008 -13"><span class='ocrx_word' id='word_1_250' title='bbox 93 944 240 975; x_wconf 80' lang='grc' dir='ltr'><strong>συναπτῶς</strong></span> <span class='ocrx_word' id='word_1_251' title='bbox 262 945 409 980; x_wconf 81' lang='grc' dir='ltr'><strong>ήνωμένοι.</strong></span> <span class='ocrx_word' id='word_1_252' title='bbox 437 946 591 981; x_wconf 80' lang='grc' dir='ltr'><strong>’ϐμοτελεῖς</strong></span> <span class='ocrx_word' id='word_1_253' title='bbox 617 946 645 973; x_wconf 83' lang='grc' dir='ltr'><strong>δέ</strong></span> <span class='ocrx_word' id='word_1_254' title='bbox 667 955 758 982; x_wconf 79' lang='grc' dir='ltr'><strong>φαμεν</strong></span> <span class='ocrx_word' id='word_1_255' title='bbox 779 948 883 979; x_wconf 80' lang='grc' dir='ltr'><strong>πάντας</strong></span> 
     </span>
    </p>
   </div>
   <div class='ocr_carea' id='block_1_37' title="bbox 91 989 880 1028">
    <p class='ocr_par' dir='ltr' id='par_1_37' title="bbox 91 989 880 1028">
     <span class='ocr_line' id='line_1_37' title="bbox 91 989 880 1028; baseline 0.005 -12"><span class='ocrx_word' id='word_1_256' title='bbox 91 989 157 1019; x_wconf 75' lang='grc' dir='ltr'><strong>τοὺς</strong></span> <span class='ocrx_word' id='word_1_257' title='bbox 172 990 224 1016; x_wconf 75' lang='grc' dir='ltr'><strong>ὑπὸ</strong></span> <span class='ocrx_word' id='word_1_258' title='bbox 237 990 282 1018; x_wconf 77' lang='grc' dir='ltr'><strong>τὸν</strong></span> <span class='ocrx_word' id='word_1_259' title='bbox 296 991 377 1018; x_wconf 68' lang='grc' dir='ltr'><strong>αὑτὸν</strong></span> <span class='ocrx_word' id='word_1_260' title='bbox 393 991 611 1027; x_wconf 73' lang='grc' dir='ltr'><strong>ὑποτεταγμένον</strong></span> <span class='ocrx_word' id='word_1_261' title='bbox 625 994 880 1028; x_wconf 67' lang='grc' dir='ltr'><strong>ἀναγραφομένους,</strong></span> 
     </span>
    </p>
   </div>
   <div class='ocr_carea' id='block_1_38' title="bbox 92 1035 882 1074">
    <p class='ocr_par' dir='ltr' id='par_1_38' title="bbox 92 1035 882 1074">
     <span class='ocr_line' id='line_1_38' title="bbox 92 1035 882 1074; baseline 0.006 -13"><span class='ocrx_word' id='word_1_262' title='bbox 92 1035 145 1062; x_wconf 76' lang='grc' dir='ltr'><strong>κᾶν</strong></span> <span class='ocrx_word' id='word_1_263' title='bbox 159 1037 188 1062; x_wconf 78' lang='grc' dir='ltr'><strong>ὲν</strong></span> <span class='ocrx_word' id='word_1_264' title='bbox 204 1036 341 1071; x_wconf 66' lang='grc' dir='ltr'><strong>διαφόροις</strong></span> <span class='ocrx_word' id='word_1_265' title='bbox 355 1037 448 1069; x_wconf 74' lang='grc' dir='ltr'><strong>τόποις</strong></span> <span class='ocrx_word' id='word_1_266' title='bbox 463 1038 497 1064; x_wconf 76' lang='grc' dir='ltr'><strong>τὰ</strong></span> <span class='ocrx_word' id='word_1_267' title='bbox 512 1038 565 1064; x_wconf 84' lang='grc' dir='ltr'><strong>ἴδια</strong></span> <span class='ocrx_word' id='word_1_268' title='bbox 580 1038 733 1074; x_wconf 76' lang='grc' dir='ltr'><strong>τελέσματα</strong></span> <span class='ocrx_word' id='word_1_269' title='bbox 745 1039 882 1066; x_wconf 79' lang='grc' dir='ltr'><strong>καταϐάλ-</strong></span> 
     </span>
    </p>
   </div>
   <div class='ocr_carea' id='block_1_39' title="bbox 92 1079 882 1121">
    <p class='ocr_par' dir='ltr' id='par_1_39' title="bbox 92 1079 882 1121">
     <span class='ocr_line' id='line_1_39' title="bbox 92 1079 882 1121; baseline 0.008 -15"><span class='ocrx_word' id='word_1_270' title='bbox 92 1079 203 1108; x_wconf 81' lang='grc' dir='ltr'><strong>λωνται.</strong></span> <span class='ocrx_word' id='word_1_271' title='bbox 218 1081 327 1108; x_wconf 75' lang='grc' dir='ltr'><strong>Πολλῶν</strong></span> <span class='ocrx_word' id='word_1_272' title='bbox 345 1082 374 1109; x_wconf 87' lang='grc' dir='ltr'><strong>δὲ</strong></span> <span class='ocrx_word' id='word_1_273' title='bbox 396 1083 477 1119; x_wconf 73' lang='grc' dir='ltr'><strong>πέριξ</strong></span> <span class='ocrx_word' id='word_1_274' title='bbox 493 1083 539 1110; x_wconf 82' lang='grc' dir='ltr'><strong>τοῦ</strong></span> <span class='ocrx_word' id='word_1_275' title='bbox 553 1085 761 1120; x_wconf 80' lang='grc' dir='ltr'><strong>ἑκχωρουμένου</strong></span> <span class='ocrx_word' id='word_1_276' title='bbox 774 1085 882 1121; x_wconf 87' lang='grc' dir='ltr'><strong>κτήμα-</strong></span> 
     </span>
    </p>
   </div>
   <div class='ocr_carea' id='block_1_40' title="bbox 91 1126 881 1166">
    <p class='ocr_par' dir='ltr' id='par_1_40' title="bbox 91 1126 881 1166">
     <span class='ocr_line' id='line_1_40' title="bbox 91 1126 881 1166; baseline 0.008 -15"><span class='ocrx_word' id='word_1_277' title='bbox 91 1133 139 1157; x_wconf 82' lang='grc' dir='ltr'><strong>τος</strong></span> <span class='ocrx_word' id='word_1_278' title='bbox 154 1126 340 1161; x_wconf 73' lang='grc' dir='ltr'><strong>ὁμορούντων,</strong></span> <span class='ocrx_word' id='word_1_279' title='bbox 356 1128 426 1154; x_wconf 81' lang='grc' dir='ltr'><strong>κατὰ</strong></span> <span class='ocrx_word' id='word_1_280' title='bbox 444 1128 492 1163; x_wconf 87' lang='grc' dir='ltr'><strong>τὴν</strong></span> <span class='ocrx_word' id='word_1_281' title='bbox 520 1128 605 1163; x_wconf 75' lang='grc' dir='ltr'><strong>αὐτὴν</strong></span> <span class='ocrx_word' id='word_1_282' title='bbox 631 1129 707 1161; x_wconf 80' lang='grc' dir='ltr'><strong>τάξιν</strong></span> <span class='ocrx_word' id='word_1_283' title='bbox 732 1130 839 1166; x_wconf 75' lang='grc' dir='ltr'><strong>ἑκάστῳ</strong></span> <span class='ocrx_word' id='word_1_284' title='bbox 864 1132 881 1166; x_wconf 79' lang='grc' dir='ltr'>ἠ</span> 
     </span>
    </p>
   </div>
   <div class='ocr_carea' id='block_1_41' title="bbox 92 1172 883 1212">
    <p class='ocr_par' dir='ltr' id='par_1_41' title="bbox 92 1172 883 1212">
     <span class='ocr_line' id='line_1_41' title="bbox 92 1172 883 1212; baseline 0.008 -15"><span class='ocrx_word' id='word_1_285' title='bbox 92 1172 261 1207; x_wconf 76' lang='grc' dir='ltr'><strong>προτίμησις</strong></span> <span class='ocrx_word' id='word_1_286' title='bbox 274 1172 319 1198; x_wconf 72' lang='grc' dir='ltr'><strong>διὰ</strong></span> <span class='ocrx_word' id='word_1_287' title='bbox 334 1175 490 1208; x_wconf 76' lang='grc' dir='ltr'><strong>μαρτυρίας</strong></span> <span class='ocrx_word' id='word_1_288' title='bbox 502 1173 642 1206; x_wconf 73' lang='grc' dir='ltr'><strong>τελείσθω,</strong></span> <span class='ocrx_word' id='word_1_289' title='bbox 663 1176 706 1201; x_wconf 85' lang='grc' dir='ltr'><strong>ἴνα</strong></span> <span class='ocrx_word' id='word_1_290' title='bbox 724 1175 779 1203; x_wconf 81' lang='grc' dir='ltr'><strong>τῶν</strong></span> <span class='ocrx_word' id='word_1_291' title='bbox 791 1185 883 1212; x_wconf 80' lang='grc' dir='ltr'><strong>προτι-</strong></span> 
     </span>
    </p>
   </div>
   <div class='ocr_carea' id='block_1_42' title="bbox 95 1216 882 1253">
    <p class='ocr_par' dir='ltr' id='par_1_42' title="bbox 95 1216 882 1253">
     <span class='ocr_line' id='line_1_42' title="bbox 95 1216 882 1253; baseline 0.005 -12"><span class='ocrx_word' id='word_1_292' title='bbox 95 1216 231 1250; x_wconf 83' lang='grc' dir='ltr'><strong>μωμένων</strong></span> <span class='ocrx_word' id='word_1_293' title='bbox 244 1216 308 1248; x_wconf 77' lang='grc' dir='ltr'><strong>ἴσως</strong></span> <span class='ocrx_word' id='word_1_294' title='bbox 318 1217 554 1252; x_wconf 75' lang='grc' dir='ltr'><strong>παραιτουμένων,</strong></span> <span class='ocrx_word' id='word_1_295' title='bbox 565 1219 589 1244; x_wconf 81' lang='grc' dir='ltr'><strong>οί</strong></span> <span class='ocrx_word' id='word_1_296' title='bbox 601 1218 699 1253; x_wconf 68' lang='grc' dir='ltr'><strong>ἑφεξῆς</strong></span> <span class='ocrx_word' id='word_1_297' title='bbox 711 1219 882 1253; x_wconf 83' lang='grc' dir='ltr'><strong>καλούμενοι,</strong></span> 
     </span>
    </p>
   </div>
   <div class='ocr_carea' id='block_1_43' title="bbox 92 1260 884 1297">
    <p class='ocr_par' dir='ltr' id='par_1_43' title="bbox 92 1260 884 1297">
     <span class='ocr_line' id='line_1_43' title="bbox 92 1260 884 1297; baseline 0.005 -11"><span class='ocrx_word' id='word_1_298' title='bbox 92 1262 154 1294; x_wconf 63' lang='lat' dir='ltr'><strong>sive</strong></span> <span class='ocrx_word' id='word_1_299' title='bbox 172 1260 321 1295; x_wconf 77' lang='grc' dir='ltr'><strong>βούλοιντο,</strong></span> <span class='ocrx_word' id='word_1_300' title='bbox 343 1262 547 1295; x_wconf 78' lang='grc' dir='ltr'><strong>συναλλάξαιεν.</strong></span> <span class='ocrx_word' id='word_1_301' title='bbox 565 1262 596 1289; x_wconf 79' lang='lat' dir='ltr'><strong>El</strong></span> <span class='ocrx_word' id='word_1_302' title='bbox 621 1264 712 1297; x_wconf 83' lang='grc' dir='ltr'><strong>μέντοι</strong></span> <span class='ocrx_word' id='word_1_303' title='bbox 733 1263 833 1295; x_wconf 84' lang='grc' dir='ltr'><strong>πάντες</strong></span> <span class='ocrx_word' id='word_1_304' title='bbox 853 1264 884 1290; x_wconf 80' lang='grc' dir='ltr'><strong>ὲκ</strong></span> 
     </span>
    </p>
   </div>
   <div class='ocr_carea' id='block_1_44' title="bbox 91 1306 885 1345">
    <p class='ocr_par' dir='ltr' id='par_1_44' title="bbox 91 1306 885 1345">
     <span class='ocr_line' id='line_1_44' title="bbox 91 1306 885 1345; baseline 0.005 -13"><span class='ocrx_word' id='word_1_305' title='bbox 91 1306 152 1332; x_wconf 74' lang='grc' dir='ltr'><strong>τῶν</strong></span> <span class='ocrx_word' id='word_1_306' title='bbox 176 1307 241 1333; x_wconf 88' lang='grc' dir='ltr'><strong>ἰσων</strong></span> <span class='ocrx_word' id='word_1_307' title='bbox 256 1307 383 1342; x_wconf 73' lang='grc' dir='ltr'><strong>ἔρχονται</strong></span> <span class='ocrx_word' id='word_1_308' title='bbox 412 1309 579 1343; x_wconf 79' lang='grc' dir='ltr'><strong>προνομίων,</strong></span> <span class='ocrx_word' id='word_1_309' title='bbox 607 1308 678 1335; x_wconf 80' lang='grc' dir='ltr'><strong>ὥστε</strong></span> <span class='ocrx_word' id='word_1_310' title='bbox 703 1309 774 1336; x_wconf 77' lang='grc' dir='ltr'><strong>κατὰ</strong></span> <span class='ocrx_word' id='word_1_311' title='bbox 802 1309 885 1345; x_wconf 70' lang='grc' dir='ltr'><strong>μηδὲν</strong></span> 
     </span>
    </p>
   </div>
   <div class='ocr_carea' id='block_1_45' title="bbox 91 1351 883 1390">
    <p class='ocr_par' dir='ltr' id='par_1_45' title="bbox 91 1351 883 1390">
     <span class='ocr_line' id='line_1_45' title="bbox 91 1351 883 1390; baseline 0.003 -12"><span class='ocrx_word' id='word_1_312' title='bbox 91 1351 221 1386; x_wconf 75' lang='grc' dir='ltr'><strong>ἀλλήλων</strong></span> <span class='ocrx_word' id='word_1_313' title='bbox 241 1352 439 1388; x_wconf 78' lang='grc' dir='ltr'><strong>προκεκρίσθαι</strong></span> <span class='ocrx_word' id='word_1_314' title='bbox 456 1353 502 1379; x_wconf 75' lang='grc' dir='ltr'><strong>ἐπὶ</strong></span> <span class='ocrx_word' id='word_1_315' title='bbox 529 1355 562 1388; x_wconf 82' lang='grc' dir='ltr'><strong>τῇ</strong></span> <span class='ocrx_word' id='word_1_316' title='bbox 587 1354 699 1390; x_wconf 74' lang='grc' dir='ltr'><strong>τοιαύτῃ</strong></span> <span class='ocrx_word' id='word_1_317' title='bbox 724 1354 883 1389; x_wconf 81' lang='grc' dir='ltr'><strong>προκλήσει,</strong></span> 
     </span>
    </p>
   </div>
   <div class='ocr_carea' id='block_1_46' title="bbox 93 1397 884 1435">
    <p class='ocr_par' dir='ltr' id='par_1_46' title="bbox 93 1397 884 1435">
     <span class='ocr_line' id='line_1_46' title="bbox 93 1397 884 1435; baseline 0.004 -11"><span class='ocrx_word' id='word_1_318' title='bbox 93 1398 112 1433; x_wconf 80' lang='grc' dir='ltr'><strong>ὴ</strong></span> <span class='ocrx_word' id='word_1_319' title='bbox 127 1397 198 1431; x_wconf 81' lang='grc' dir='ltr'><strong>αὑτὴ</strong></span> <span class='ocrx_word' id='word_1_320' title='bbox 215 1399 299 1425; x_wconf 73' lang='grc' dir='ltr'><strong>πᾶσιν</strong></span> <span class='ocrx_word' id='word_1_321' title='bbox 319 1399 420 1434; x_wconf 80' lang='grc' dir='ltr'><strong>ὁμοίως</strong></span> <span class='ocrx_word' id='word_1_322' title='bbox 442 1398 560 1432; x_wconf 77' lang='grc' dir='ltr'><strong>γινέσθω</strong></span> <span class='ocrx_word' id='word_1_323' title='bbox 575 1399 761 1435; x_wconf 77' lang='grc' dir='ltr'><strong>προῳώνησις,</strong></span> <span class='ocrx_word' id='word_1_324' title='bbox 782 1400 825 1427; x_wconf 75' lang='grc' dir='ltr'><strong>ἶνα</strong></span> <span class='ocrx_word' id='word_1_325' title='bbox 841 1401 884 1427; x_wconf 72' lang='grc' dir='ltr'><strong>ἑν-</strong></span> 
     </span>
    </p>
   </div>
   <div class='ocr_carea' id='block_1_47' title="bbox 93 1442 883 1482">
    <p class='ocr_par' dir='ltr' id='par_1_47' title="bbox 93 1442 883 1482">
     <span class='ocr_line' id='line_1_47' title="bbox 93 1442 883 1482; baseline 0.005 -13"><span class='ocrx_word' id='word_1_326' title='bbox 93 1443 140 1475; x_wconf 78' lang='grc' dir='ltr'><strong>τδς</strong></span> <span class='ocrx_word' id='word_1_327' title='bbox 151 1442 172 1469; x_wconf 92' lang='grc' dir='ltr'><strong>λ’</strong></span> <span class='ocrx_word' id='word_1_328' title='bbox 188 1444 300 1479; x_wconf 75' lang='grc' dir='ltr'><strong>ἡμερῶν</strong></span> <span class='ocrx_word' id='word_1_329' title='bbox 317 1444 347 1471; x_wconf 77' lang='grc' dir='ltr'><strong>τὸ</strong></span> <span class='ocrx_word' id='word_1_330' title='bbox 368 1444 442 1477; x_wconf 75' lang='grc' dir='ltr'><strong>ἄξιον</strong></span> <span class='ocrx_word' id='word_1_331' title='bbox 461 1444 570 1480; x_wconf 89' lang='grc' dir='ltr'><strong>τίμημα</strong></span> <span class='ocrx_word' id='word_1_332' title='bbox 586 1445 602 1480; x_wconf 78' lang='grc' dir='ltr'><strong>ἢ</strong></span> <span class='ocrx_word' id='word_1_333' title='bbox 626 1446 694 1481; x_wconf 82' lang='grc' dir='ltr'><strong>ὅπερ</strong></span> <span class='ocrx_word' id='word_1_334' title='bbox 722 1446 883 1482; x_wconf 65' lang='grc' dir='ltr'><strong>ἀρρᾳδιουρ-</strong></span> 
     </span>
    </p>
   </div>
   <div class='ocr_carea' id='block_1_48' title="bbox 93 1489 884 1526">
    <p class='ocr_par' dir='ltr' id='par_1_48' title="bbox 93 1489 884 1526">
     <span class='ocr_line' id='line_1_48' title="bbox 93 1489 884 1526; baseline 0.003 -11"><span class='ocrx_word' id='word_1_335' title='bbox 93 1489 187 1524; x_wconf 69' lang='grc' dir='ltr'><strong>γήτως</strong></span> <span class='ocrx_word' id='word_1_336' title='bbox 202 1490 216 1515; x_wconf 82' lang='grc' dir='ltr'>ὁ</span> <span class='ocrx_word' id='word_1_337' title='bbox 235 1489 338 1525; x_wconf 75' lang='grc' dir='ltr'><strong>ἀληθὴς</strong></span> <span class='ocrx_word' id='word_1_338' title='bbox 353 1489 461 1517; x_wconf 82' lang='grc' dir='ltr'><strong>δίδωσιν</strong></span> <span class='ocrx_word' id='word_1_339' title='bbox 491 1490 657 1525; x_wconf 75' lang='grc' dir='ltr'><strong>ἀγοραστής,</strong></span> <span class='ocrx_word' id='word_1_340' title='bbox 673 1490 749 1517; x_wconf 71' lang='grc' dir='ltr'><strong>αὐτοὶ</strong></span> <span class='ocrx_word' id='word_1_341' title='bbox 764 1492 884 1526; x_wconf 80' lang='grc' dir='ltr'><strong>ἀνυπερ-</strong></span> 
     </span>
    </p>
   </div>
   <div class='ocr_carea' id='block_1_49' title="bbox 93 1535 883 1572">
    <p class='ocr_par' dir='ltr' id='par_1_49' title="bbox 93 1535 883 1572">
     <span class='ocr_line' id='line_1_49' title="bbox 93 1535 883 1572; baseline 0.003 -11"><span class='ocrx_word' id='word_1_342' title='bbox 93 1535 180 1567; x_wconf 77' lang='grc' dir='ltr'><strong>θέτως</strong></span> <span class='ocrx_word' id='word_1_343' title='bbox 194 1535 392 1567; x_wconf 74' lang='grc' dir='ltr'><strong>καταϐαλόντες</strong></span> <span class='ocrx_word' id='word_1_344' title='bbox 405 1536 544 1571; x_wconf 75' lang='grc' dir='ltr'><strong>ἀναλόγως</strong></span> <span class='ocrx_word' id='word_1_345' title='bbox 556 1536 603 1570; x_wconf 66' lang='grc' dir='ltr'><strong>ἀφ’</strong></span> <span class='ocrx_word' id='word_1_346' title='bbox 616 1536 720 1563; x_wconf 81' lang='grc' dir='ltr'><strong>ἑαυτῶν</strong></span> <span class='ocrx_word' id='word_1_347' title='bbox 739 1536 755 1572; x_wconf 79' lang='grc' dir='ltr'>ἢ</span> <span class='ocrx_word' id='word_1_348' title='bbox 769 1536 801 1563; x_wconf 76' lang='grc' dir='ltr'><strong>ἔκ</strong></span> <span class='ocrx_word' id='word_1_349' title='bbox 811 1545 883 1569; x_wconf 83' lang='grc' dir='ltr'><strong>τινος</strong></span> 
     </span>
    </p>
   </div>
   <div class='ocr_carea' id='block_1_50' title="bbox 94 1579 876 1617">
    <p class='ocr_par' dir='ltr' id='par_1_50' title="bbox 94 1579 876 1617">
     <span class='ocr_line' id='line_1_50' title="bbox 94 1579 876 1617; baseline 0.003 -11"><span class='ocrx_word' id='word_1_350' title='bbox 94 1580 186 1615; x_wconf 76' lang='grc' dir='ltr'><strong>ἀρχῆς</strong></span> <span class='ocrx_word' id='word_1_351' title='bbox 200 1579 280 1608; x_wconf 81' lang='grc' dir='ltr'><strong>τοῦτο</strong></span> <span class='ocrx_word' id='word_1_352' title='bbox 305 1581 530 1616; x_wconf 73' lang='grc' dir='ltr'><strong>ἑπιμερίσωνται.</strong></span> <span class='ocrx_word' id='word_1_353' title='bbox 552 1582 630 1608; x_wconf 78' lang='grc' dir='ltr'><strong>Ὅσοι</strong></span> <span class='ocrx_word' id='word_1_354' title='bbox 645 1581 677 1617; x_wconf 84' lang='grc' dir='ltr'><strong>δὴ</strong></span> <span class='ocrx_word' id='word_1_355' title='bbox 693 1581 730 1617; x_wconf 73' lang='grc' dir='ltr'><strong>μὴ</strong></span> <span class='ocrx_word' id='word_1_356' title='bbox 745 1582 876 1617; x_wconf 75' lang='grc' dir='ltr'><strong>ἐμπροθέ-</strong></span> 
     </span>
    </p>
   </div>
   <div class='ocr_carea' id='block_1_51' title="bbox 95 1626 882 1663">
    <p class='ocr_par' dir='ltr' id='par_1_51' title="bbox 95 1626 882 1663">
     <span class='ocr_line' id='line_1_51' title="bbox 95 1626 882 1663; baseline 0.004 -11"><span class='ocrx_word' id='word_1_357' title='bbox 95 1634 173 1661; x_wconf 75' lang='grc' dir='ltr'><strong>σμως</strong></span> <span class='ocrx_word' id='word_1_358' title='bbox 188 1626 237 1662; x_wconf 81' lang='grc' dir='ltr'><strong>τὴν</strong></span> <span class='ocrx_word' id='word_1_359' title='bbox 260 1626 459 1654; x_wconf 70' lang='grc' dir='ltr'><strong>ἐπιϐάλλουσαν</strong></span> <span class='ocrx_word' id='word_1_360' title='bbox 482 1628 575 1659; x_wconf 82' lang='grc' dir='ltr'><strong>αὐτοῖς</strong></span> <span class='ocrx_word' id='word_1_361' title='bbox 592 1628 759 1663; x_wconf 80' lang='grc' dir='ltr'><strong>παράσχοιεν</strong></span> <span class='ocrx_word' id='word_1_362' title='bbox 787 1628 882 1655; x_wconf 83' lang='grc' dir='ltr'><strong>ἀποτί-</strong></span> 
     </span>
    </p>
   </div>
   <div class='ocr_carea' id='block_1_52' title="bbox 93 1673 882 1710">
    <p class='ocr_par' dir='ltr' id='par_1_52' title="bbox 93 1673 882 1710">
     <span class='ocr_line' id='line_1_52' title="bbox 93 1673 882 1710; baseline 0.004 -12"><span class='ocrx_word' id='word_1_363' title='bbox 93 1681 190 1708; x_wconf 79' lang='grc' dir='ltr'><strong>μησιν,</strong></span> <span class='ocrx_word' id='word_1_364' title='bbox 204 1673 295 1700; x_wconf 64' lang='grc' dir='ltr'><strong>οὐκέτι</strong></span> <span class='ocrx_word' id='word_1_365' title='bbox 315 1673 418 1701; x_wconf 85' lang='grc' dir='ltr'><strong>δίκαιον</strong></span> <span class='ocrx_word' id='word_1_366' title='bbox 439 1674 530 1706; x_wconf 66' lang='grc' dir='ltr'><strong>ἕξουσι</strong></span> <span class='ocrx_word' id='word_1_367' title='bbox 551 1674 755 1710; x_wconf 83' lang='grc' dir='ltr'><strong>προτιμήσεως.</strong></span> <span class='ocrx_word' id='word_1_368' title='bbox 771 1674 842 1710; x_wconf 80' lang='grc' dir='ltr'><strong>πλὴν</strong></span> <span class='ocrx_word' id='word_1_369' title='bbox 858 1675 882 1701; x_wconf 86' lang='grc' dir='ltr'><strong>εί</strong></span> 
     </span>
    </p>
   </div>
   <div class='ocr_carea' id='block_1_53' title="bbox 95 1719 882 1756">
    <p class='ocr_par' dir='ltr' id='par_1_53' title="bbox 95 1719 882 1756">
     <span class='ocr_line' id='line_1_53' title="bbox 95 1719 882 1756; baseline 0.001 -10"><span class='ocrx_word' id='word_1_370' title='bbox 95 1720 134 1754; x_wconf 81' lang='grc' dir='ltr'><strong>μή</strong></span> <span class='ocrx_word' id='word_1_371' title='bbox 150 1727 191 1751; x_wconf 79' lang='grc' dir='ltr'><strong>τις</strong></span> <span class='ocrx_word' id='word_1_372' title='bbox 207 1719 297 1747; x_wconf 73' lang='grc' dir='ltr'><strong>αὐτῶν</strong></span> <span class='ocrx_word' id='word_1_373' title='bbox 313 1720 485 1755; x_wconf 72' lang='grc' dir='ltr'><strong>αίκμάλωτός</strong></span> <span class='ocrx_word' id='word_1_374' title='bbox 502 1722 576 1747; x_wconf 74' lang='grc' dir='ltr'><strong>εστιν</strong></span> <span class='ocrx_word' id='word_1_375' title='bbox 601 1721 618 1756; x_wconf 73' lang='grc' dir='ltr'><strong>ἢ</strong></span> <span class='ocrx_word' id='word_1_376' title='bbox 636 1721 853 1756; x_wconf 80' lang='grc' dir='ltr'><strong>περιωρισμένος</strong></span> <span class='ocrx_word' id='word_1_377' title='bbox 865 1721 882 1756; x_wconf 75' lang='grc' dir='ltr'>ἢ</span> 
     </span>
    </p>
   </div>
   <div class='ocr_carea' id='block_1_54' title="bbox 92 1766 884 1801">
    <p class='ocr_par' dir='ltr' id='par_1_54' title="bbox 92 1766 884 1801">
     <span class='ocr_line' id='line_1_54' title="bbox 92 1766 884 1801; baseline 0.001 -9"><span class='ocrx_word' id='word_1_378' title='bbox 92 1766 245 1801; x_wconf 68' lang='grc' dir='ltr'><strong>ἰξόριστο;,</strong></span> <span class='ocrx_word' id='word_1_379' title='bbox 258 1766 275 1801; x_wconf 84' lang='grc' dir='ltr'><strong>ἢ</strong></span> <span class='ocrx_word' id='word_1_380' title='bbox 288 1766 317 1792; x_wconf 69' lang='grc' dir='ltr'><strong>ιν</strong></span> <span class='ocrx_word' id='word_1_381' title='bbox 331 1766 475 1801; x_wconf 84' lang='grc' dir='ltr'><strong>δημοσίαις</strong></span> <span class='ocrx_word' id='word_1_382' title='bbox 487 1766 503 1801; x_wconf 83' lang='grc' dir='ltr'><strong>ἢ</strong></span> <span class='ocrx_word' id='word_1_383' title='bbox 516 1767 562 1793; x_wconf 72' lang='grc' dir='ltr'><strong>καὶ</strong></span> <span class='ocrx_word' id='word_1_384' title='bbox 573 1766 651 1798; x_wconf 78' lang='grc' dir='ltr'><strong>ἰδίαις</strong></span> <span class='ocrx_word' id='word_1_385' title='bbox 661 1767 767 1801; x_wconf 85' lang='grc' dir='ltr'><strong>χρείαις</strong></span> <span class='ocrx_word' id='word_1_386' title='bbox 783 1766 884 1798; x_wconf 77' lang='grc' dir='ltr'><strong>ἀδόλως</strong></span> 
     </span>
    </p>
   </div>
   <div class='ocr_carea' id='block_1_55' title="bbox 93 1812 883 1848">
    <p class='ocr_par' dir='ltr' id='par_1_55' title="bbox 93 1812 883 1848">
     <span class='ocr_line' id='line_1_55' title="bbox 93 1812 883 1848; baseline 0 -10"><span class='ocrx_word' id='word_1_387' title='bbox 93 1812 326 1847; x_wconf 76' lang='grc' dir='ltr'><strong>ἁπολιμπάνεται,</strong></span> <span class='ocrx_word' id='word_1_388' title='bbox 347 1813 364 1847; x_wconf 80' lang='grc' dir='ltr'>ἢ</span> <span class='ocrx_word' id='word_1_389' title='bbox 394 1813 471 1839; x_wconf 75' lang='grc' dir='ltr'><strong>οὔπω</strong></span> <span class='ocrx_word' id='word_1_390' title='bbox 483 1813 529 1839; x_wconf 77' lang='grc' dir='ltr'><strong>τὸν</strong></span> <span class='ocrx_word' id='word_1_391' title='bbox 548 1815 586 1838; x_wconf 86' lang='grc' dir='ltr'><strong>κε’</strong></span> <span class='ocrx_word' id='word_1_392' title='bbox 614 1813 708 1848; x_wconf 81' lang='grc' dir='ltr'><strong>χρόνον</strong></span> <span class='ocrx_word' id='word_1_393' title='bbox 732 1813 781 1847; x_wconf 83' lang='grc' dir='ltr'><strong>τῆς</strong></span> <span class='ocrx_word' id='word_1_394' title='bbox 815 1813 883 1844; x_wconf 82' lang='grc' dir='ltr'><strong>ιδίας</strong></span> 
     </span>
    </p>
   </div>
   <div class='ocr_carea' id='block_1_56' title="bbox 93 1858 884 1894">
    <p class='ocr_par' dir='ltr' id='par_1_56' title="bbox 93 1858 884 1894">
     <span class='ocr_line' id='line_1_56' title="bbox 93 1858 884 1894; baseline 0.003 -10"><span class='ocrx_word' id='word_1_395' title='bbox 93 1858 193 1893; x_wconf 71' lang='grc' dir='ltr'><strong>ήνυσεν</strong></span> <span class='ocrx_word' id='word_1_396' title='bbox 207 1859 325 1894; x_wconf 85' lang='grc' dir='ltr'><strong>ήλικίας.</strong></span> <span class='ocrx_word' id='word_1_397' title='bbox 342 1858 451 1886; x_wconf 82' lang='grc' dir='ltr'><strong>Τούτων</strong></span> <span class='ocrx_word' id='word_1_398' title='bbox 468 1861 522 1894; x_wconf 72' lang='grc' dir='ltr'><strong>γὰρ</strong></span> <span class='ocrx_word' id='word_1_399' title='bbox 545 1859 570 1885; x_wconf 80' lang='grc' dir='ltr'><strong>οἱ</strong></span> <span class='ocrx_word' id='word_1_400' title='bbox 593 1860 644 1894; x_wconf 76' lang='grc' dir='ltr'><strong>τὴν</strong></span> <span class='ocrx_word' id='word_1_401' title='bbox 670 1859 803 1894; x_wconf 84' lang='grc' dir='ltr'><strong>διοίκησιν</strong></span> <span class='ocrx_word' id='word_1_402' title='bbox 829 1859 884 1886; x_wconf 84' lang='grc' dir='ltr'><strong>τῶν</strong></span> 
     </span>
    </p>
   </div>
   <div class='ocr_carea' id='block_1_57' title="bbox 93 1904 884 1941">
    <p class='ocr_par' dir='ltr' id='par_1_57' title="bbox 93 1904 884 1941">
     <span class='ocr_line' id='line_1_57' title="bbox 93 1904 884 1941; baseline 0.003 -11"><span class='ocrx_word' id='word_1_403' title='bbox 93 1904 251 1938; x_wconf 82' lang='grc' dir='ltr'><strong>προσόντων</strong></span> <span class='ocrx_word' id='word_1_404' title='bbox 280 1905 372 1936; x_wconf 78' lang='grc' dir='ltr'><strong>αὐτοῖς</strong></span> <span class='ocrx_word' id='word_1_405' title='bbox 398 1905 606 1940; x_wconf 80' lang='grc' dir='ltr'><strong>ἀναδεδεγμένοι</strong></span> <span class='ocrx_word' id='word_1_406' title='bbox 635 1905 710 1937; x_wconf 82' lang='grc' dir='ltr'><strong>ὲντὺς</strong></span> <span class='ocrx_word' id='word_1_407' title='bbox 738 1906 759 1931; x_wconf 84' lang='grc' dir='ltr'><strong>δ’</strong></span> <span class='ocrx_word' id='word_1_408' title='bbox 791 1905 884 1941; x_wconf 85' lang='grc' dir='ltr'><strong>μηνῶν</strong></span> 
     </span>
    </p>
   </div>
   <div class='ocr_carea' id='block_1_58' title="bbox 94 1949 884 1986">
    <p class='ocr_par' dir='ltr' id='par_1_58' title="bbox 94 1949 884 1986">
     <span class='ocr_line' id='line_1_58' title="bbox 94 1949 884 1986; baseline 0.001 -10"><span class='ocrx_word' id='word_1_409' title='bbox 94 1950 166 1985; x_wconf 79' lang='grc' dir='ltr'><strong>μετὰ</strong></span> <span class='ocrx_word' id='word_1_410' title='bbox 177 1949 232 1976; x_wconf 83' lang='grc' dir='ltr'><strong>τῶν</strong></span> <span class='ocrx_word' id='word_1_411' title='bbox 249 1950 521 1985; x_wconf 73' lang='grc' dir='ltr'><strong>συμπαρακειμένων</strong></span> <span class='ocrx_word' id='word_1_412' title='bbox 546 1951 616 1977; x_wconf 83' lang='grc' dir='ltr'><strong>νέων</strong></span> <span class='ocrx_word' id='word_1_413' title='bbox 630 1950 790 1986; x_wconf 82' lang='grc' dir='ltr'><strong>ἀγοραστῶν</strong></span> <span class='ocrx_word' id='word_1_414' title='bbox 816 1951 884 1985; x_wconf 80' lang='grc' dir='ltr'><strong>πρὸς</strong></span> 
     </span>
    </p>
   </div>
   <div class='ocr_carea' id='block_1_59' title="bbox 91 1995 884 2032">
    <p class='ocr_par' dir='ltr' id='par_1_59' title="bbox 91 1995 884 2032">
     <span class='ocr_line' id='line_1_59' title="bbox 91 1995 884 2032; baseline 0.001 -10"><span class='ocrx_word' id='word_1_415' title='bbox 91 1995 247 2030; x_wconf 76' lang='grc' dir='ltr'><strong>ἀναλογοῦν</strong></span> <span class='ocrx_word' id='word_1_416' title='bbox 266 1996 496 2032; x_wconf 80' lang='grc' dir='ltr'><strong>συνεισέρχονται,</strong></span> <span class='ocrx_word' id='word_1_417' title='bbox 514 1996 734 2032; x_wconf 66' lang='grc' dir='ltr'><strong>ἀναπληριῡντες</strong></span> <span class='ocrx_word' id='word_1_418' title='bbox 749 1997 841 2029; x_wconf 79' lang='grc' dir='ltr'><strong>αὐτοῖς</strong></span> <span class='ocrx_word' id='word_1_419' title='bbox 853 1997 884 2024; x_wconf 74' lang='grc' dir='ltr'><strong>τὸ</strong></span> 
     </span>
    </p>
   </div>
   <div class='ocr_carea' id='block_1_60' title="bbox 92 2043 884 2079">
    <p class='ocr_par' dir='ltr' id='par_1_60' title="bbox 92 2043 884 2079">
     <span class='ocr_line' id='line_1_60' title="bbox 92 2043 884 2079; baseline 0.001 -10"><span class='ocrx_word' id='word_1_420' title='bbox 92 2044 196 2078; x_wconf 80' lang='grc' dir='ltr'><strong>ἀνῆκον</strong></span> <span class='ocrx_word' id='word_1_421' title='bbox 225 2044 334 2079; x_wconf 79' lang='grc' dir='ltr'><strong>τίμημα</strong></span> <span class='ocrx_word' id='word_1_422' title='bbox 359 2044 429 2079; x_wconf 80' lang='grc' dir='ltr'><strong>μετὰ</strong></span> <span class='ocrx_word' id='word_1_423' title='bbox 445 2043 493 2070; x_wconf 74' lang='grc' dir='ltr'><strong>τοῦ</strong></span> <span class='ocrx_word' id='word_1_424' title='bbox 512 2044 628 2079; x_wconf 83' lang='grc' dir='ltr'><strong>νομίμου</strong></span> <span class='ocrx_word' id='word_1_425' title='bbox 656 2044 735 2070; x_wconf 76' lang='grc' dir='ltr'><strong>τόκου</strong></span> <span class='ocrx_word' id='word_1_426' title='bbox 760 2044 807 2070; x_wconf 74' lang='grc' dir='ltr'><strong>καὶ</strong></span> <span class='ocrx_word' id='word_1_427' title='bbox 829 2043 884 2070; x_wconf 78' lang='grc' dir='ltr'><strong>τῶν</strong></span> 
     </span>
    </p>
   </div>
   <div class='ocr_carea' id='block_1_61' title="bbox 93 2089 884 2125">
    <p class='ocr_par' dir='ltr' id='par_1_61' title="bbox 93 2089 884 2125">
     <span class='ocr_line' id='line_1_61' title="bbox 93 2089 884 2125; baseline 0 -9"><span class='ocrx_word' id='word_1_428' title='bbox 93 2089 253 2124; x_wconf 76' lang='grc' dir='ltr'><strong>ἀναγκαίων</strong></span> <span class='ocrx_word' id='word_1_429' title='bbox 275 2089 464 2125; x_wconf 83' lang='grc' dir='ltr'><strong>ἀναλωμάτων</strong></span> <span class='ocrx_word' id='word_1_430' title='bbox 480 2099 486 2105; x_wconf 90' lang='grc'>·</span> <span class='ocrx_word' id='word_1_431' title='bbox 503 2090 565 2122; x_wconf 79' lang='grc' dir='ltr'><strong>τοὺς</strong></span> <span class='ocrx_word' id='word_1_432' title='bbox 581 2090 609 2117; x_wconf 84' lang='grc' dir='ltr'><strong>δὲ</strong></span> <span class='ocrx_word' id='word_1_433' title='bbox 624 2090 715 2122; x_wconf 81' lang='grc' dir='ltr'><strong>ξένους</strong></span> <span class='ocrx_word' id='word_1_434' title='bbox 729 2090 884 2125; x_wconf 83' lang='grc' dir='ltr'><strong>ἀγοραστὰς</strong></span> 
     </span>
    </p>
   </div>
   <div class='ocr_carea' id='block_1_62' title="bbox 93 2134 884 2171">
    <p class='ocr_par' dir='ltr' id='par_1_62' title="bbox 93 2134 884 2171">
     <span class='ocr_line' id='line_1_62' title="bbox 93 2134 884 2171; baseline 0.001 -11"><span class='ocrx_word' id='word_1_435' title='bbox 93 2134 270 2161; x_wconf 73' lang='grc' dir='ltr'><strong>ἀπωθοῦνται</strong></span> <span class='ocrx_word' id='word_1_436' title='bbox 293 2135 415 2168; x_wconf 78' lang='grc' dir='ltr'><strong>τελείως,</strong></span> <span class='ocrx_word' id='word_1_437' title='bbox 432 2135 462 2162; x_wconf 82' lang='grc' dir='ltr'><strong>τὸ</strong></span> <span class='ocrx_word' id='word_1_438' title='bbox 480 2135 589 2171; x_wconf 81' lang='grc' dir='ltr'><strong>τίμημα</strong></span> <span class='ocrx_word' id='word_1_439' title='bbox 616 2135 687 2170; x_wconf 83' lang='grc' dir='ltr'><strong>μετὰ</strong></span> <span class='ocrx_word' id='word_1_440' title='bbox 713 2135 768 2161; x_wconf 83' lang='grc' dir='ltr'><strong>τῶν</strong></span> <span class='ocrx_word' id='word_1_441' title='bbox 794 2135 884 2162; x_wconf 85' lang='grc' dir='ltr'><strong>αὐτῶν</strong></span> 
     </span>
    </p>
   </div>
   <div class='ocr_carea' id='block_1_63' title="bbox 92 2183 884 2220">
    <p class='ocr_par' dir='ltr' id='par_1_63' title="bbox 92 2183 884 2220">
     <span class='ocr_line' id='line_1_63' title="bbox 92 2183 884 2220; baseline 0.003 -11"><span class='ocrx_word' id='word_1_442' title='bbox 92 2183 181 2210; x_wconf 77' lang='grc' dir='ltr'><strong>τόκων</strong></span> <span class='ocrx_word' id='word_1_443' title='bbox 196 2192 225 2210; x_wconf 87' lang='grc' dir='ltr'><strong>τε</strong></span> <span class='ocrx_word' id='word_1_444' title='bbox 241 2184 288 2211; x_wconf 79' lang='grc' dir='ltr'><strong>καὶ</strong></span> <span class='ocrx_word' id='word_1_445' title='bbox 309 2184 513 2220; x_wconf 73' lang='grc' dir='ltr'><strong>δαπανημάτων</strong></span> <span class='ocrx_word' id='word_1_446' title='bbox 541 2185 707 2216; x_wconf 67' lang='grc' dir='ltr'><strong>ἀναᾱδόντες</strong></span> <span class='ocrx_word' id='word_1_447' title='bbox 734 2185 836 2216; x_wconf 76' lang='grc' dir='ltr'><strong>αὐτοῖς.</strong></span> <span class='ocrx_word' id='word_1_448' title='bbox 852 2185 884 2211; x_wconf 85' lang='grc' dir='ltr'><strong>Εί</strong></span> 
     </span>
    </p>
   </div>
   <div class='ocr_carea' id='block_1_64' title="bbox 91 2229 882 2266">
    <p class='ocr_par' dir='ltr' id='par_1_64' title="bbox 91 2229 882 2266">
     <span class='ocr_line' id='line_1_64' title="bbox 91 2229 882 2266; baseline 0.003 -11"><span class='ocrx_word' id='word_1_449' title='bbox 91 2229 121 2255; x_wconf 73' lang='grc' dir='ltr'><strong>δὲ</strong></span> <span class='ocrx_word' id='word_1_450' title='bbox 135 2230 159 2255; x_wconf 82' lang='grc' dir='ltr'><strong>οἱ</strong></span> <span class='ocrx_word' id='word_1_451' title='bbox 170 2229 224 2256; x_wconf 87' lang='grc' dir='ltr'><strong>τῶν</strong></span> <span class='ocrx_word' id='word_1_452' title='bbox 235 2230 389 2265; x_wconf 71' lang='grc' dir='ltr'><strong>εἰρημένων</strong></span> <span class='ocrx_word' id='word_1_453' title='bbox 403 2231 556 2266; x_wconf 83' lang='grc' dir='ltr'><strong>προσώπων</strong></span> <span class='ocrx_word' id='word_1_454' title='bbox 567 2230 702 2265; x_wconf 81' lang='grc' dir='ltr'><strong>διοικηταὶ</strong></span> <span class='ocrx_word' id='word_1_455' title='bbox 716 2230 882 2265; x_wconf 85' lang='grc' dir='ltr'><strong>ὑφορῶνται,</strong></span> 
     </span>
    </p>
   </div>
   <div class='ocr_carea' id='block_1_65' title="bbox 95 2275 882 2312">
    <p class='ocr_par' dir='ltr' id='par_1_65' title="bbox 95 2275 882 2312">
     <span class='ocr_line' id='line_1_65' title="bbox 95 2275 882 2312; baseline 0.003 -12"><span class='ocrx_word' id='word_1_456' title='bbox 95 2275 194 2309; x_wconf 80' lang='grc' dir='ltr'><strong>μήπως</strong></span> <span class='ocrx_word' id='word_1_457' title='bbox 208 2275 237 2302; x_wconf 80' lang='grc' dir='ltr'><strong>τὸ</strong></span> <span class='ocrx_word' id='word_1_458' title='bbox 261 2275 327 2311; x_wconf 80' lang='grc' dir='ltr'><strong>παρ’</strong></span> <span class='ocrx_word' id='word_1_459' title='bbox 351 2276 441 2303; x_wconf 82' lang='grc' dir='ltr'><strong>αὐτῶν</strong></span> <span class='ocrx_word' id='word_1_460' title='bbox 465 2275 585 2312; x_wconf 81' lang='grc' dir='ltr'><strong>πραχθὲν</strong></span> <span class='ocrx_word' id='word_1_461' title='bbox 606 2277 705 2302; x_wconf 75' lang='grc' dir='ltr'><strong>ἐκεῖνοι</strong></span> <span class='ocrx_word' id='word_1_462' title='bbox 722 2276 817 2302; x_wconf 74' lang='grc' dir='ltr'><strong>δεκτδν</strong></span> <span class='ocrx_word' id='word_1_463' title='bbox 833 2277 882 2311; x_wconf 74' lang='grc' dir='ltr'><strong>οὐχ</strong></span> 
     </span>
    </p>
   </div>
   <div class='ocr_carea' id='block_1_66' title="bbox 92 2321 881 2359">
    <p class='ocr_par' dir='ltr' id='par_1_66' title="bbox 92 2321 881 2359">
     <span class='ocr_line' id='line_1_66' title="bbox 92 2321 881 2359; baseline 0.001 -12"><span class='ocrx_word' id='word_1_464' title='bbox 92 2321 262 2356; x_wconf 70' lang='grc' dir='ltr'><strong>ἡγήσωνται,</strong></span> <span class='ocrx_word' id='word_1_465' title='bbox 287 2322 502 2359; x_wconf 66' lang='grc' dir='ltr'><strong>μετ’ὲγγρᾶφου</strong></span> <span class='ocrx_word' id='word_1_466' title='bbox 521 2323 636 2357; x_wconf 78' lang='grc' dir='ltr'><strong>νομικῆς</strong></span> <span class='ocrx_word' id='word_1_467' title='bbox 664 2322 836 2356; x_wconf 84' lang='grc' dir='ltr'><strong>διαγνώσεως</strong></span> <span class='ocrx_word' id='word_1_468' title='bbox 864 2322 881 2358; x_wconf 79' lang='grc' dir='ltr'><strong>ἢ</strong></span> 
     </span>
    </p>
   </div>
   <div class='ocr_carea' id='block_1_67' title="bbox 91 2367 880 2404">
    <p class='ocr_par' dir='ltr' id='par_1_67' title="bbox 91 2367 880 2404">
     <span class='ocr_line' id='line_1_67' title="bbox 91 2367 880 2404; baseline 0.005 -11"><span class='ocrx_word' id='word_1_469' title='bbox 91 2367 341 2396; x_wconf 79' lang='grc' dir='ltr'><strong>ἀποϐαλλέσθωσαν</strong></span> <span class='ocrx_word' id='word_1_470' title='bbox 356 2369 372 2404; x_wconf 88' lang='grc' dir='ltr'>ἢ</span> <span class='ocrx_word' id='word_1_471' title='bbox 389 2368 630 2403; x_wconf 80' lang='grc' dir='ltr'><strong>καταδεχέσθωσαν</strong></span> <span class='ocrx_word' id='word_1_472' title='bbox 645 2368 676 2395; x_wconf 81' lang='grc' dir='ltr'><strong>τὸ</strong></span> <span class='ocrx_word' id='word_1_473' title='bbox 692 2369 880 2404; x_wconf 82' lang='grc' dir='ltr'><strong>συνάλλαγμα.</strong></span> 
     </span>
    </p>
   </div>
   <div class='ocr_carea' id='block_1_68' title="bbox 93 2410 882 2447">
    <p class='ocr_par' dir='ltr' id='par_1_68' title="bbox 93 2410 882 2447">
     <span class='ocr_line' id='line_1_68' title="bbox 93 2410 882 2447; baseline 0.004 -12"><span class='ocrx_word' id='word_1_474' title='bbox 93 2410 125 2435; x_wconf 84' lang='grc' dir='ltr'><strong>Εἰ</strong></span> <span class='ocrx_word' id='word_1_475' title='bbox 141 2410 169 2436; x_wconf 67' lang='grc' dir='ltr'><strong>δὲ</strong></span> <span class='ocrx_word' id='word_1_476' title='bbox 183 2411 229 2436; x_wconf 79' lang='grc' dir='ltr'><strong>καὶ</strong></span> <span class='ocrx_word' id='word_1_477' title='bbox 242 2411 310 2445; x_wconf 74' lang='grc' dir='ltr'><strong>πρὸς</strong></span> <span class='ocrx_word' id='word_1_478' title='bbox 325 2411 404 2438; x_wconf 83' lang='grc' dir='ltr'><strong>τοῦτο</strong></span> <span class='ocrx_word' id='word_1_479' title='bbox 420 2411 635 2447; x_wconf 73' lang='grc' dir='ltr'><strong>ῥᾳθυμήσουσιν,</strong></span> <span class='ocrx_word' id='word_1_480' title='bbox 656 2411 763 2437; x_wconf 83' lang='grc' dir='ltr'><strong>οἴκοθεν</strong></span> <span class='ocrx_word' id='word_1_481' title='bbox 788 2411 882 2443; x_wconf 79' lang='grc' dir='ltr'><strong>αὐτοῖς</strong></span> 
     </span>
    </p>
   </div>
   <div class='ocr_carea' id='block_1_69' title="bbox 93 2453 880 2492">
    <p class='ocr_par' dir='ltr' id='par_1_69' title="bbox 93 2453 880 2492">
     <span class='ocr_line' id='line_1_69' title="bbox 93 2453 880 2492; baseline 0.006 -15"><span class='ocrx_word' id='word_1_482' title='bbox 93 2453 289 2487; x_wconf 72' lang='grc' dir='ltr'><strong>παρεχέτωσαν</strong></span> <span class='ocrx_word' id='word_1_483' title='bbox 316 2455 370 2482; x_wconf 77' lang='grc' dir='ltr'><strong>πᾶν</strong></span> <span class='ocrx_word' id='word_1_484' title='bbox 394 2456 489 2491; x_wconf 81' lang='grc' dir='ltr'><strong>κέρδος</strong></span> <span class='ocrx_word' id='word_1_485' title='bbox 501 2456 546 2482; x_wconf 75' lang='grc' dir='ltr'><strong>καὶ</strong></span> <span class='ocrx_word' id='word_1_486' title='bbox 564 2456 654 2482; x_wconf 82' lang='grc' dir='ltr'><strong>πᾶσαν</strong></span> <span class='ocrx_word' id='word_1_487' title='bbox 673 2455 820 2490; x_wconf 79' lang='grc' dir='ltr'><strong>ὠφέλειαν,</strong></span> <span class='ocrx_word' id='word_1_488' title='bbox 846 2456 880 2492; x_wconf 79' lang='grc' dir='ltr'><strong>ἢν</strong></span> 
     </span>
    </p>
   </div>
   <div class='ocr_carea' id='block_1_70' title="bbox 90 2497 881 2538">
    <p class='ocr_par' dir='ltr' id='par_1_70' title="bbox 90 2497 881 2538">
     <span class='ocr_line' id='line_1_70' title="bbox 90 2497 881 2538; baseline 0.009 -16"><span class='ocrx_word' id='word_1_489' title='bbox 90 2497 204 2532; x_wconf 72' lang='grc' dir='ltr'><strong>ιμελλον</strong></span> <span class='ocrx_word' id='word_1_490' title='bbox 229 2499 300 2532; x_wconf 75' lang='grc' dir='ltr'><strong>ἕξειν</strong></span> <span class='ocrx_word' id='word_1_491' title='bbox 317 2501 428 2533; x_wconf 67' lang='grc' dir='ltr'><strong>ἐκείνοι,</strong></span> <span class='ocrx_word' id='word_1_492' title='bbox 453 2502 532 2537; x_wconf 82' lang='grc' dir='ltr'><strong>εἴπερ</strong></span> <span class='ocrx_word' id='word_1_493' title='bbox 559 2502 695 2528; x_wconf 78' lang='grc' dir='ltr'><strong>ἔσπευσαν</strong></span> <span class='ocrx_word' id='word_1_494' title='bbox 711 2499 784 2529; x_wconf 81' lang='grc' dir='ltr'><strong>οὗτοι</strong></span> <span class='ocrx_word' id='word_1_495' title='bbox 813 2501 881 2538; x_wconf 76' lang='grc' dir='ltr'><strong>πρὸς</strong></span> 
     </span>
    </p>
   </div>
   <div class='ocr_carea' id='block_1_71' title="bbox 90 2543 881 2582">
    <p class='ocr_par' dir='ltr' id='par_1_71' title="bbox 90 2543 881 2582">
     <span class='ocr_line' id='line_1_71' title="bbox 90 2543 881 2582; baseline 0.008 -13"><span class='ocrx_word' id='word_1_496' title='bbox 90 2543 122 2570; x_wconf 78' lang='grc' dir='ltr'><strong>τδ</strong></span> <span class='ocrx_word' id='word_1_497' title='bbox 138 2543 325 2580; x_wconf 82' lang='grc' dir='ltr'><strong>συνάλλαγμα.</strong></span> <span class='ocrx_word' id='word_1_498' title='bbox 349 2547 404 2573; x_wconf 75' lang='grc' dir='ltr'><strong>Καὶ</strong></span> <span class='ocrx_word' id='word_1_499' title='bbox 417 2547 504 2573; x_wconf 82' lang='grc' dir='ltr'><strong>ταῦτα</strong></span> <span class='ocrx_word' id='word_1_500' title='bbox 520 2547 569 2582; x_wconf 79' lang='grc' dir='ltr'><strong>μὲν</strong></span> <span class='ocrx_word' id='word_1_501' title='bbox 585 2547 632 2574; x_wconf 74' lang='grc' dir='ltr'><strong>ἐπὶ</strong></span> <span class='ocrx_word' id='word_1_502' title='bbox 657 2547 805 2582; x_wconf 83' lang='grc' dir='ltr'><strong>συγγενῶν,</strong></span> <span class='ocrx_word' id='word_1_503' title='bbox 834 2548 881 2575; x_wconf 76' lang='grc' dir='ltr'><strong>καὶ</strong></span> 
     </span>
    </p>
   </div>
   <div class='ocr_carea' id='block_1_72' title="bbox 90 2588 881 2628">
    <p class='ocr_par' dir='ltr' id='par_1_72' title="bbox 90 2588 881 2628">
     <span class='ocr_line' id='line_1_72' title="bbox 90 2588 881 2628; baseline 0.005 -12"><span class='ocrx_word' id='word_1_504' title='bbox 90 2588 240 2621; x_wconf 76' lang='grc' dir='ltr'><strong>κοινωνῶν,</strong></span> <span class='ocrx_word' id='word_1_505' title='bbox 263 2589 310 2616; x_wconf 74' lang='grc' dir='ltr'><strong>καὶ</strong></span> <span class='ocrx_word' id='word_1_506' title='bbox 333 2590 479 2625; x_wconf 75' lang='grc' dir='ltr'><strong>ὁμοτελῶν,</strong></span> <span class='ocrx_word' id='word_1_507' title='bbox 498 2593 546 2618; x_wconf 80' lang='grc' dir='ltr'><strong>καὶ</strong></span> <span class='ocrx_word' id='word_1_508' title='bbox 571 2592 624 2619; x_wconf 84' lang='grc' dir='ltr'><strong>τῶν</strong></span> <span class='ocrx_word' id='word_1_509' title='bbox 649 2593 737 2620; x_wconf 74' lang='grc' dir='ltr'><strong>ἄλλων</strong></span> <span class='ocrx_word' id='word_1_510' title='bbox 757 2601 881 2628; x_wconf 78' lang='grc' dir='ltr'><strong>παρακε-</strong></span> 
     </span>
    </p>
   </div>
   <div class='ocr_carea' id='block_1_73' title="bbox 91 2636 880 2676">
    <p class='ocr_par' dir='ltr' id='par_1_73' title="bbox 91 2636 880 2676">
     <span class='ocr_line' id='line_1_73' title="bbox 91 2636 880 2676; baseline 0.006 -13"><span class='ocrx_word' id='word_1_511' title='bbox 91 2636 249 2671; x_wconf 84' lang='grc' dir='ltr'><strong>κτημένων.</strong></span> <span class='ocrx_word' id='word_1_512' title='bbox 257 2637 338 2664; x_wconf 79' lang='grc' dir='ltr'><strong>Ἀλλὰ</strong></span> <span class='ocrx_word' id='word_1_513' title='bbox 349 2638 397 2664; x_wconf 69' lang='grc' dir='ltr'><strong>καὶ</strong></span> <span class='ocrx_word' id='word_1_514' title='bbox 408 2639 454 2664; x_wconf 74' lang='grc' dir='ltr'><strong>ἐπὶ</strong></span> <span class='ocrx_word' id='word_1_515' title='bbox 467 2639 516 2674; x_wconf 83' lang='grc' dir='ltr'><strong>τῆς</strong></span> <span class='ocrx_word' id='word_1_516' title='bbox 526 2640 625 2674; x_wconf 80' lang='grc' dir='ltr'><strong>ὁμάδος</strong></span> <span class='ocrx_word' id='word_1_517' title='bbox 636 2641 691 2667; x_wconf 83' lang='grc' dir='ltr'><strong>τῶν</strong></span> <span class='ocrx_word' id='word_1_518' title='bbox 705 2641 880 2676; x_wconf 80' lang='grc' dir='ltr'><strong>καλουμένων</strong></span> 
     </span>
    </p>
   </div>
   <div class='ocr_carea' id='block_1_74' title="bbox 90 2681 880 2722">
    <p class='ocr_par' dir='ltr' id='par_1_74' title="bbox 90 2681 880 2722">
     <span class='ocr_line' id='line_1_74' title="bbox 90 2681 880 2722; baseline 0.008 -15"><span class='ocrx_word' id='word_1_519' title='bbox 90 2681 202 2717; x_wconf 83' lang='grc' dir='ltr'><strong>χωρίων</strong></span> <span class='ocrx_word' id='word_1_520' title='bbox 230 2682 246 2717; x_wconf 79' lang='grc' dir='ltr'>ἢ</span> <span class='ocrx_word' id='word_1_521' title='bbox 272 2682 404 2719; x_wconf 83' lang='grc' dir='ltr'><strong>ἀγριδίων</strong></span> <span class='ocrx_word' id='word_1_522' title='bbox 431 2684 522 2719; x_wconf 83' lang='grc' dir='ltr'><strong>πολλῷ</strong></span> <span class='ocrx_word' id='word_1_523' title='bbox 549 2685 648 2720; x_wconf 83' lang='grc' dir='ltr'><strong>μᾶλλον</strong></span> <span class='ocrx_word' id='word_1_524' title='bbox 667 2686 815 2722; x_wconf 86' lang='grc' dir='ltr'><strong>κρατείτω,</strong></span> <span class='ocrx_word' id='word_1_525' title='bbox 837 2687 880 2714; x_wconf 75' lang='grc' dir='ltr'><strong>ἵνα</strong></span> 
     </span>
    </p>
   </div>
   <div class='ocr_carea' id='block_1_75' title="bbox 90 2729 881 2768">
    <p class='ocr_par' dir='ltr' id='par_1_75' title="bbox 90 2729 881 2768">
     <span class='ocr_line' id='line_1_75' title="bbox 90 2729 881 2768; baseline 0.005 -13"><span class='ocrx_word' id='word_1_526' title='bbox 90 2729 139 2755; x_wconf 76' lang='grc' dir='ltr'><strong>καὶ</strong></span> <span class='ocrx_word' id='word_1_527' title='bbox 156 2729 181 2755; x_wconf 76' lang='lat' dir='ltr'><strong>al</strong></span> <span class='ocrx_word' id='word_1_528' title='bbox 201 2729 332 2764; x_wconf 84' lang='grc' dir='ltr'><strong>κτήτορες</strong></span> <span class='ocrx_word' id='word_1_529' title='bbox 357 2730 450 2756; x_wconf 77' lang='grc' dir='ltr'><strong>αὐτῶν</strong></span> <span class='ocrx_word' id='word_1_530' title='bbox 475 2731 543 2766; x_wconf 74' lang='grc' dir='ltr'><strong>πρὸς</strong></span> <span class='ocrx_word' id='word_1_531' title='bbox 567 2730 698 2767; x_wconf 80' lang='grc' dir='ltr'><strong>ἀλλήλους</strong></span> <span class='ocrx_word' id='word_1_532' title='bbox 724 2731 806 2767; x_wconf 76' lang='grc' dir='ltr'><strong>ἔχωσι</strong></span> <span class='ocrx_word' id='word_1_533' title='bbox 832 2732 881 2768; x_wconf 78' lang='grc' dir='ltr'><strong>τὴν</strong></span> 
     </span>
    </p>
   </div>
   <div class='ocr_carea' id='block_1_76' title="bbox 91 2774 881 2812">
    <p class='ocr_par' dir='ltr' id='par_1_76' title="bbox 91 2774 881 2812">
     <span class='ocr_line' id='line_1_76' title="bbox 91 2774 881 2812; baseline 0.004 -11"><span class='ocrx_word' id='word_1_534' title='bbox 91 2774 268 2810; x_wconf 84' lang='grc' dir='ltr'><strong>προτίμησιν.</strong></span> <span class='ocrx_word' id='word_1_535' title='bbox 287 2776 318 2802; x_wconf 83' lang='grc' dir='ltr'><strong>Εἰ</strong></span> <span class='ocrx_word' id='word_1_536' title='bbox 331 2775 359 2803; x_wconf 82' lang='grc' dir='ltr'><strong>δὲ</strong></span> <span class='ocrx_word' id='word_1_537' title='bbox 379 2776 479 2808; x_wconf 79' lang='grc' dir='ltr'><strong>πάντες</strong></span> <span class='ocrx_word' id='word_1_538' title='bbox 494 2777 708 2812; x_wconf 86' lang='grc' dir='ltr'><strong>παραιτήσονται</strong></span> <span class='ocrx_word' id='word_1_539' title='bbox 724 2774 766 2809; x_wconf 74' lang='grc' dir='ltr'><strong>οἷς</strong></span> <span class='ocrx_word' id='word_1_540' title='bbox 781 2777 881 2805; x_wconf 84' lang='grc' dir='ltr'><strong>δίδοται</strong></span> 
     </span>
    </p>
   </div>
   <div class='ocr_carea' id='block_1_77' title="bbox 91 2821 882 2860">
    <p class='ocr_par' dir='ltr' id='par_1_77' title="bbox 91 2821 882 2860">
     <span class='ocr_line' id='line_1_77' title="bbox 91 2821 882 2860; baseline 0.006 -14"><span class='ocrx_word' id='word_1_541' title='bbox 91 2822 108 2856; x_wconf 90' lang='grc' dir='ltr'><strong>ή</strong></span> <span class='ocrx_word' id='word_1_542' title='bbox 124 2821 301 2857; x_wconf 77' lang='grc' dir='ltr'><strong>προτίμησις,</strong></span> <span class='ocrx_word' id='word_1_543' title='bbox 319 2822 336 2857; x_wconf 81' lang='grc' dir='ltr'><strong>ή</strong></span> <span class='ocrx_word' id='word_1_544' title='bbox 362 2822 516 2850; x_wconf 81' lang='grc' dir='ltr'><strong>δείκνυνται</strong></span> <span class='ocrx_word' id='word_1_545' title='bbox 543 2824 626 2851; x_wconf 82' lang='grc' dir='ltr'><strong>αῐτιοι</strong></span> <span class='ocrx_word' id='word_1_546' title='bbox 646 2824 819 2859; x_wconf 81' lang='grc' dir='ltr'><strong>χρηματικῆς</strong></span> <span class='ocrx_word' id='word_1_547' title='bbox 836 2823 882 2860; x_wconf 83' lang='grc' dir='ltr'><strong>ζη-</strong></span> 
     </span>
    </p>
   </div>
   <div class='ocr_carea' id='block_1_78' title="bbox 93 2867 881 2906">
    <p class='ocr_par' dir='ltr' id='par_1_78' title="bbox 93 2867 881 2906">
     <span class='ocr_line' id='line_1_78' title="bbox 93 2867 881 2906; baseline 0.003 -12"><span class='ocrx_word' id='word_1_548' title='bbox 93 2867 158 2903; x_wconf 81' lang='grc' dir='ltr'><strong>μίας</strong></span> <span class='ocrx_word' id='word_1_549' title='bbox 173 2867 190 2903; x_wconf 77' lang='grc' dir='ltr'>ἢ</span> <span class='ocrx_word' id='word_1_550' title='bbox 205 2868 366 2904; x_wconf 80' lang='grc' dir='ltr'><strong>σωματικῆς</strong></span> <span class='ocrx_word' id='word_1_551' title='bbox 382 2868 529 2905; x_wconf 77' lang='grc' dir='ltr'><strong>ἐπιϐουλῆς</strong></span> <span class='ocrx_word' id='word_1_552' title='bbox 545 2878 575 2896; x_wconf 84' lang='grc' dir='ltr'><strong>τε</strong></span> <span class='ocrx_word' id='word_1_553' title='bbox 600 2870 648 2896; x_wconf 76' lang='grc' dir='ltr'><strong>καὶ</strong></span> <span class='ocrx_word' id='word_1_554' title='bbox 675 2869 788 2906; x_wconf 78' lang='grc' dir='ltr'><strong>ἀτιμίας</strong></span> <span class='ocrx_word' id='word_1_555' title='bbox 816 2878 881 2904; x_wconf 82' lang='grc' dir='ltr'><strong>τρα-</strong></span> 
     </span>
    </p>
   </div>
   <div class='ocr_carea' id='block_1_79' title="bbox 252 2915 605 2949">
    <p class='ocr_par' dir='ltr' id='par_1_79' title="bbox 252 2915 605 2949">
     <span class='ocr_line' id='line_1_79' title="bbox 252 2915 605 2949; baseline 0.008 -3"><span class='ocrx_word' id='word_1_556' title='bbox 252 2915 389 2949; x_wconf 69' lang='lat' dir='ltr'><strong>Pax-son.</strong></span> <span class='ocrx_word' id='word_1_557' title='bbox 412 2917 470 2949; x_wconf 77' lang='lat' dir='ltr'><strong>Gn.</strong></span> <span class='ocrx_word' id='word_1_558' title='bbox 494 2916 605 2949; x_wconf 82' lang='lat' dir='ltr'><strong>CXIII.</strong></span> 
     </span>
    </p>
   </div>
   <div class='ocr_carea' id='block_1_80' title="bbox 935 947 1723 983">
    <p class='ocr_par' dir='ltr' id='par_1_80' title="bbox 935 947 1723 983">
     <span class='ocr_line' id='line_1_80' title="bbox 935 947 1723 983; baseline 0.001 -8"><span class='ocrx_word' id='word_1_559' title='bbox 935 947 1077 979; x_wconf 74' lang='lat' dir='ltr'><strong>extranei;</strong></span> <span class='ocrx_word' id='word_1_560' title='bbox 1095 947 1225 982; x_wconf 83' lang='lat' dir='ltr'><strong>deinceps</strong></span> <span class='ocrx_word' id='word_1_561' title='bbox 1245 947 1415 982; x_wconf 84' lang='lat' dir='ltr'><strong>adjacentes,</strong></span> <span class='ocrx_word' id='word_1_562' title='bbox 1443 947 1540 976; x_wconf 87' lang='lat' dir='ltr'><strong>iisdem</strong></span> <span class='ocrx_word' id='word_1_563' title='bbox 1564 949 1723 983; x_wconf 83' lang='lat' dir='ltr'><strong>pensitatio—</strong></span> 
     </span>
    </p>
   </div>
   <div class='ocr_carea' id='block_1_81' title="bbox 936 992 1724 1028">
    <p class='ocr_par' dir='ltr' id='par_1_81' title="bbox 936 992 1724 1028">
     <span class='ocr_line' id='line_1_81' title="bbox 936 992 1724 1028; baseline 0.001 -9"><span class='ocrx_word' id='word_1_564' title='bbox 936 992 1015 1019; x_wconf 81' lang='lat' dir='ltr'><strong>nibus</strong></span> <span class='ocrx_word' id='word_1_565' title='bbox 1050 992 1178 1025; x_wconf 79' lang='lat' dir='ltr'><strong>obnoxii;</strong></span> <span class='ocrx_word' id='word_1_566' title='bbox 1193 993 1341 1021; x_wconf 87' lang='lat' dir='ltr'><strong>secundum</strong></span> <span class='ocrx_word' id='word_1_567' title='bbox 1363 1000 1429 1028; x_wconf 90' lang='lat' dir='ltr'><strong>quos</strong></span> <span class='ocrx_word' id='word_1_568' title='bbox 1440 993 1470 1025; x_wconf 90' lang='lat' dir='ltr'><strong>ii,</strong></span> <span class='ocrx_word' id='word_1_569' title='bbox 1491 993 1536 1028; x_wconf 90' lang='lat' dir='ltr'><strong>qui</strong></span> <span class='ocrx_word' id='word_1_570' title='bbox 1563 993 1724 1028; x_wconf 85' lang='lat' dir='ltr'><strong>simpliciter</strong></span> 
     </span>
    </p>
   </div>
   <div class='ocr_carea' id='block_1_82' title="bbox 933 1036 1721 1074">
    <p class='ocr_par' dir='ltr' id='par_1_82' title="bbox 933 1036 1721 1074">
     <span class='ocr_line' id='line_1_82' title="bbox 933 1036 1721 1074; baseline 0.004 -11"><span class='ocrx_word' id='word_1_571' title='bbox 933 1044 965 1064; x_wconf 87' lang='lat' dir='ltr'><strong>ex</strong></span> <span class='ocrx_word' id='word_1_572' title='bbox 975 1036 1063 1073; x_wconf 87' lang='lat' dir='ltr'><strong>aliqua</strong></span> <span class='ocrx_word' id='word_1_573' title='bbox 1079 1037 1226 1074; x_wconf 82' lang='lat' dir='ltr'><strong>parte[rei</strong></span> <span class='ocrx_word' id='word_1_574' title='bbox 1242 1038 1403 1074; x_wconf 74' lang='lat' dir='ltr'><strong>alienandae]</strong></span> <span class='ocrx_word' id='word_1_575' title='bbox 1415 1038 1542 1074; x_wconf 75' lang='lat' dir='ltr'><strong>contigue</strong></span> <span class='ocrx_word' id='word_1_576' title='bbox 1553 1039 1640 1074; x_wconf 87' lang='lat' dir='ltr'><strong>juncti</strong></span> <span class='ocrx_word' id='word_1_577' title='bbox 1649 1044 1721 1066; x_wconf 89' lang='lat' dir='ltr'><strong>sunt.</strong></span> 
     </span>
    </p>
   </div>
   <div class='ocr_carea' id='block_1_83' title="bbox 934 1084 1724 1121">
    <p class='ocr_par' dir='ltr' id='par_1_83' title="bbox 934 1084 1724 1121">
     <span class='ocr_line' id='line_1_83' title="bbox 934 1084 1724 1121; baseline 0.003 -10"><span class='ocrx_word' id='word_1_578' title='bbox 934 1084 1032 1112; x_wconf 87' lang='lat' dir='ltr'><strong>Iisdem</strong></span> <span class='ocrx_word' id='word_1_579' title='bbox 1049 1092 1113 1113; x_wconf 85' lang='lat' dir='ltr'><strong>vero</strong></span> <span class='ocrx_word' id='word_1_580' title='bbox 1125 1085 1354 1121; x_wconf 87' lang='lat' dir='ltr'><strong>pensitationibus</strong></span> <span class='ocrx_word' id='word_1_581' title='bbox 1364 1086 1497 1114; x_wconf 84' lang='lat' dir='ltr'><strong>obnoxios</strong></span> <span class='ocrx_word' id='word_1_582' title='bbox 1507 1086 1632 1120; x_wconf 86' lang='lat' dir='ltr'><strong>dicimus,</strong></span> <span class='ocrx_word' id='word_1_583' title='bbox 1645 1093 1724 1121; x_wconf 86' lang='lat' dir='ltr'><strong>quot-</strong></span> 
     </span>
    </p>
   </div>
   <div class='ocr_carea' id='block_1_84' title="bbox 934 1131 1723 1166">
    <p class='ocr_par' dir='ltr' id='par_1_84' title="bbox 934 1131 1723 1166">
     <span class='ocr_line' id='line_1_84' title="bbox 934 1131 1723 1166; baseline 0.001 -8"><span class='ocrx_word' id='word_1_584' title='bbox 934 1136 1001 1166; x_wconf 88' lang='lat' dir='ltr'><strong>quot</strong></span> <span class='ocrx_word' id='word_1_585' title='bbox 1015 1132 1066 1159; x_wconf 85' lang='lat' dir='ltr'><strong>sub</strong></span> <span class='ocrx_word' id='word_1_586' title='bbox 1086 1133 1180 1159; x_wconf 84' lang='lat' dir='ltr'><strong>eodem</strong></span> <span class='ocrx_word' id='word_1_587' title='bbox 1195 1132 1331 1160; x_wconf 83' lang='lat' dir='ltr'><strong>censitore</strong></span> <span class='ocrx_word' id='word_1_588' title='bbox 1352 1131 1480 1166; x_wconf 86' lang='lat' dir='ltr'><strong>descripti</strong></span> <span class='ocrx_word' id='word_1_589' title='bbox 1500 1137 1574 1164; x_wconf 85' lang='lat' dir='ltr'><strong>sunt,</strong></span> <span class='ocrx_word' id='word_1_590' title='bbox 1601 1132 1664 1160; x_wconf 88' lang='lat' dir='ltr'><strong>licet</strong></span> <span class='ocrx_word' id='word_1_591' title='bbox 1680 1133 1723 1160; x_wconf 90' lang='lat' dir='ltr'><strong>di-</strong></span> 
     </span>
    </p>
   </div>
   <div class='ocr_carea' id='block_1_85' title="bbox 936 1177 1722 1206">
    <p class='ocr_par' dir='ltr' id='par_1_85' title="bbox 936 1177 1722 1206">
     <span class='ocr_line' id='line_1_85' title="bbox 936 1177 1722 1206; baseline 0.001 -2"><span class='ocrx_word' id='word_1_592' title='bbox 936 1179 1023 1205; x_wconf 84' lang='lat' dir='ltr'><strong>versis</strong></span> <span class='ocrx_word' id='word_1_593' title='bbox 1053 1178 1080 1205; x_wconf 88' lang='lat' dir='ltr'><strong>iu</strong></span> <span class='ocrx_word' id='word_1_594' title='bbox 1100 1177 1167 1206; x_wconf 75' lang='lat' dir='ltr'><strong>locis</strong></span> <span class='ocrx_word' id='word_1_595' title='bbox 1191 1179 1292 1206; x_wconf 86' lang='lat' dir='ltr'><strong>tributa</strong></span> <span class='ocrx_word' id='word_1_596' title='bbox 1321 1186 1369 1206; x_wconf 87' lang='lat' dir='ltr'><strong>sua</strong></span> <span class='ocrx_word' id='word_1_597' title='bbox 1389 1178 1507 1206; x_wconf 84' lang='lat' dir='ltr'><strong>solvant.</strong></span> <span class='ocrx_word' id='word_1_598' title='bbox 1535 1178 1603 1206; x_wconf 91' lang='lat' dir='ltr'><strong>Cum</strong></span> <span class='ocrx_word' id='word_1_599' title='bbox 1631 1183 1722 1205; x_wconf 82' lang='lat' dir='ltr'><strong>autent</strong></span> 
     </span>
    </p>
   </div>
   <div class='ocr_carea' id='block_1_86' title="bbox 935 1223 1725 1259">
    <p class='ocr_par' dir='ltr' id='par_1_86' title="bbox 935 1223 1725 1259">
     <span class='ocr_line' id='line_1_86' title="bbox 935 1223 1725 1259; baseline 0 -8"><span class='ocrx_word' id='word_1_600' title='bbox 935 1223 1112 1251; x_wconf 76' lang='lat' dir='ltr'><strong>circumcirca</strong></span> <span class='ocrx_word' id='word_1_601' title='bbox 1127 1224 1216 1259; x_wconf 85' lang='lat' dir='ltr'><strong>plures</strong></span> <span class='ocrx_word' id='word_1_602' title='bbox 1225 1224 1249 1252; x_wconf 86' lang='lat' dir='ltr'><strong>ei</strong></span> <span class='ocrx_word' id='word_1_603' title='bbox 1260 1224 1330 1259; x_wconf 87' lang='lat' dir='ltr'><strong>quod</strong></span> <span class='ocrx_word' id='word_1_604' title='bbox 1340 1223 1512 1258; x_wconf 83' lang='lat' dir='ltr'><strong>distrahitur,</strong></span> <span class='ocrx_word' id='word_1_605' title='bbox 1525 1224 1646 1259; x_wconf 75' lang='lat' dir='ltr'><strong>adjacent</strong></span> <span class='ocrx_word' id='word_1_606' title='bbox 1659 1243 1667 1258; x_wconf 90' lang='lat'><strong>,</strong></span> <span class='ocrx_word' id='word_1_607' title='bbox 1678 1229 1725 1251; x_wconf 85' lang='lat' dir='ltr'><strong>aut</strong></span> 
     </span>
    </p>
   </div>
   <div class='ocr_carea' id='block_1_87' title="bbox 936 1268 1725 1304">
    <p class='ocr_par' dir='ltr' id='par_1_87' title="bbox 936 1268 1725 1304">
     <span class='ocr_line' id='line_1_87' title="bbox 936 1268 1725 1304; baseline 0.003 -9"><span class='ocrx_word' id='word_1_608' title='bbox 936 1268 1010 1296; x_wconf 83' lang='lat' dir='ltr'><strong>l&#39;umli</strong></span> <span class='ocrx_word' id='word_1_609' title='bbox 1026 1269 1161 1296; x_wconf 87' lang='lat' dir='ltr'><strong>alienandi</strong></span> <span class='ocrx_word' id='word_1_610' title='bbox 1187 1269 1255 1297; x_wconf 87' lang='lat' dir='ltr'><strong>lines</strong></span> <span class='ocrx_word' id='word_1_611' title='bbox 1287 1270 1418 1304; x_wconf 86' lang='lat' dir='ltr'><strong>attignnt,</strong></span> <span class='ocrx_word' id='word_1_612' title='bbox 1442 1270 1548 1297; x_wconf 89' lang='lat' dir='ltr'><strong>cunctis</strong></span> <span class='ocrx_word' id='word_1_613' title='bbox 1567 1269 1662 1297; x_wconf 91' lang='lat' dir='ltr'><strong>eodem</strong></span> <span class='ocrx_word' id='word_1_614' title='bbox 1679 1278 1725 1297; x_wconf 87' lang='lat' dir='ltr'><strong>or-</strong></span> 
     </span>
    </p>
   </div>
   <div class='ocr_carea' id='block_1_88' title="bbox 936 1315 1725 1350">
    <p class='ocr_par' dir='ltr' id='par_1_88' title="bbox 936 1315 1725 1350">
     <span class='ocr_line' id='line_1_88' title="bbox 936 1315 1725 1350; baseline -0.001 -8"><span class='ocrx_word' id='word_1_615' title='bbox 936 1315 1009 1347; x_wconf 88' lang='lat' dir='ltr'><strong>dine,</strong></span> <span class='ocrx_word' id='word_1_616' title='bbox 1027 1322 1076 1342; x_wconf 85' lang='lat' dir='ltr'><strong>sua</strong></span> <span class='ocrx_word' id='word_1_617' title='bbox 1088 1315 1186 1350; x_wconf 90' lang='lat' dir='ltr'><strong>cuique</strong></span> <span class='ocrx_word' id='word_1_618' title='bbox 1203 1315 1237 1342; x_wconf 85' lang='lat' dir='ltr'><strong>de</strong></span> <span class='ocrx_word' id='word_1_619' title='bbox 1262 1315 1442 1350; x_wconf 61' lang='lat' dir='ltr'><strong>praerogativa</strong></span> <span class='ocrx_word' id='word_1_620' title='bbox 1473 1315 1581 1342; x_wconf 85' lang='lat' dir='ltr'><strong>testatio</strong></span> <span class='ocrx_word' id='word_1_621' title='bbox 1604 1315 1725 1342; x_wconf 82' lang='lat' dir='ltr'><strong>insinue-</strong></span> 
     </span>
    </p>
   </div>
   <div class='ocr_carea' id='block_1_89' title="bbox 937 1360 1723 1396">
    <p class='ocr_par' dir='ltr' id='par_1_89' title="bbox 937 1360 1723 1396">
     <span class='ocr_line' id='line_1_89' title="bbox 937 1360 1723 1396; baseline -0.003 -8"><span class='ocrx_word' id='word_1_622' title='bbox 937 1366 1030 1393; x_wconf 91' lang='lat' dir='ltr'><strong>tur,ut</strong></span> <span class='ocrx_word' id='word_1_623' title='bbox 1045 1361 1114 1388; x_wconf 77' lang='lat' dir='ltr'><strong>forte</strong></span> <span class='ocrx_word' id='word_1_624' title='bbox 1130 1360 1335 1396; x_wconf 84' lang='lat' dir='ltr'><strong>repudiantibus</strong></span> <span class='ocrx_word' id='word_1_625' title='bbox 1351 1361 1396 1394; x_wconf 90' lang='lat' dir='ltr'><strong>iis,</strong></span> <span class='ocrx_word' id='word_1_626' title='bbox 1420 1361 1466 1396; x_wconf 81' lang='lat' dir='ltr'><strong>qui</strong></span> <span class='ocrx_word' id='word_1_627' title='bbox 1489 1360 1552 1395; x_wconf 86' lang='lat' dir='ltr'><strong>jure</strong></span> <span class='ocrx_word' id='word_1_628' title='bbox 1569 1360 1723 1396; x_wconf 68' lang='lat' dir='ltr'><strong>praeferun-</strong></span> 
     </span>
    </p>
   </div>
   <div class='ocr_carea' id='block_1_90' title="bbox 938 1406 1726 1442">
    <p class='ocr_par' dir='ltr' id='par_1_90' title="bbox 938 1406 1726 1442">
     <span class='ocr_line' id='line_1_90' title="bbox 938 1406 1726 1442; baseline -0.003 -8"><span class='ocrx_word' id='word_1_629' title='bbox 938 1411 996 1439; x_wconf 86' lang='lat' dir='ltr'><strong>tur;</strong></span> <span class='ocrx_word' id='word_1_630' title='bbox 1017 1407 1062 1442; x_wconf 90' lang='lat' dir='ltr'><strong>qui</strong></span> <span class='ocrx_word' id='word_1_631' title='bbox 1078 1407 1207 1442; x_wconf 83' lang='lat' dir='ltr'><strong>deinceps</strong></span> <span class='ocrx_word' id='word_1_632' title='bbox 1220 1411 1364 1438; x_wconf 83' lang='lat' dir='ltr'><strong>vocantur,</strong></span> <span class='ocrx_word' id='word_1_633' title='bbox 1379 1406 1513 1441; x_wconf 85' lang='lat' dir='ltr'><strong>siquidem</strong></span> <span class='ocrx_word' id='word_1_634' title='bbox 1537 1406 1632 1439; x_wconf 90' lang='lat' dir='ltr'><strong>velint,</strong></span> <span class='ocrx_word' id='word_1_635' title='bbox 1659 1413 1726 1433; x_wconf 87' lang='lat' dir='ltr'><strong>eon-</strong></span> 
     </span>
    </p>
   </div>
   <div class='ocr_carea' id='block_1_91' title="bbox 937 1450 1725 1487">
    <p class='ocr_par' dir='ltr' id='par_1_91' title="bbox 937 1450 1725 1487">
     <span class='ocr_line' id='line_1_91' title="bbox 937 1450 1725 1487; baseline -0.004 -7"><span class='ocrx_word' id='word_1_636' title='bbox 937 1453 1056 1480; x_wconf 85' lang='lat' dir='ltr'><strong>trahant.</strong></span> <span class='ocrx_word' id='word_1_637' title='bbox 1082 1451 1159 1485; x_wconf 84' lang='lat' dir='ltr'><strong>Quod</strong></span> <span class='ocrx_word' id='word_1_638' title='bbox 1188 1452 1210 1480; x_wconf 89' lang='lat' dir='ltr'><strong>si</strong></span> <span class='ocrx_word' id='word_1_639' title='bbox 1232 1451 1344 1487; x_wconf 83' lang='lat' dir='ltr'><strong>paribus</strong></span> <span class='ocrx_word' id='word_1_640' title='bbox 1370 1459 1465 1479; x_wconf 83' lang='lat' dir='ltr'><strong>omnes</strong></span> <span class='ocrx_word' id='word_1_641' title='bbox 1489 1451 1551 1478; x_wconf 80' lang='lat' dir='ltr'><strong>freti</strong></span> <span class='ocrx_word' id='word_1_642' title='bbox 1579 1450 1725 1486; x_wconf 72' lang='lat' dir='ltr'><strong>privilegiis</strong></span> 
     </span>
    </p>
   </div>
   <div class='ocr_carea' id='block_1_92' title="bbox 935 1496 1726 1533">
    <p class='ocr_par' dir='ltr' id='par_1_92' title="bbox 935 1496 1726 1533">
     <span class='ocr_line' id='line_1_92' title="bbox 935 1496 1726 1533; baseline -0.003 -8"><span class='ocrx_word' id='word_1_643' title='bbox 935 1497 1078 1530; x_wconf 84' lang='lat' dir='ltr'><strong>accedant,</strong></span> <span class='ocrx_word' id='word_1_644' title='bbox 1094 1503 1123 1524; x_wconf 90' lang='lat' dir='ltr'><strong>ut</strong></span> <span class='ocrx_word' id='word_1_645' title='bbox 1136 1497 1161 1524; x_wconf 91' lang='lat' dir='ltr'><strong>in</strong></span> <span class='ocrx_word' id='word_1_646' title='bbox 1172 1497 1326 1532; x_wconf 76' lang='lat' dir='ltr'><strong>huiusmodi</strong></span> <span class='ocrx_word' id='word_1_647' title='bbox 1339 1496 1497 1533; x_wconf 71' lang='lat' dir='ltr'><strong>praelatione</strong></span> <span class='ocrx_word' id='word_1_648' title='bbox 1510 1496 1577 1524; x_wconf 85' lang='lat' dir='ltr'><strong>nihil</strong></span> <span class='ocrx_word' id='word_1_649' title='bbox 1593 1496 1643 1524; x_wconf 82' lang='lat' dir='ltr'><strong>sibi</strong></span> <span class='ocrx_word' id='word_1_650' title='bbox 1656 1503 1726 1530; x_wconf 78' lang='lat' dir='ltr'><strong>pra:-</strong></span> 
     </span>
    </p>
   </div>
   <div class='ocr_carea' id='block_1_93' title="bbox 933 1542 1724 1580">
    <p class='ocr_par' dir='ltr' id='par_1_93' title="bbox 933 1542 1724 1580">
     <span class='ocr_line' id='line_1_93' title="bbox 933 1542 1724 1580; baseline -0.003 -9"><span class='ocrx_word' id='word_1_651' title='bbox 933 1544 1056 1580; x_wconf 84' lang='lat' dir='ltr'><strong>judicent</strong></span> <span class='ocrx_word' id='word_1_652' title='bbox 1079 1544 1212 1577; x_wconf 78' lang='lat' dir='ltr'><strong>invicem,</strong></span> <span class='ocrx_word' id='word_1_653' title='bbox 1239 1544 1336 1571; x_wconf 86' lang='lat' dir='ltr'><strong>eadem</strong></span> <span class='ocrx_word' id='word_1_654' title='bbox 1369 1550 1464 1571; x_wconf 90' lang='lat' dir='ltr'><strong>rursus</strong></span> <span class='ocrx_word' id='word_1_655' title='bbox 1487 1543 1657 1570; x_wconf 84' lang='lat' dir='ltr'><strong>denuntiatio</strong></span> <span class='ocrx_word' id='word_1_656' title='bbox 1675 1542 1724 1570; x_wconf 82' lang='lat' dir='ltr'><strong>[iat</strong></span> 
     </span>
    </p>
   </div>
   <div class='ocr_carea' id='block_1_94' title="bbox 938 1589 1723 1625">
    <p class='ocr_par' dir='ltr' id='par_1_94' title="bbox 938 1589 1723 1625">
     <span class='ocr_line' id='line_1_94' title="bbox 938 1589 1723 1625; baseline -0.004 -7"><span class='ocrx_word' id='word_1_657' title='bbox 938 1596 969 1618; x_wconf 87' lang='grc' dir='ltr'><strong>ιιι</strong></span> <span class='ocrx_word' id='word_1_658' title='bbox 989 1591 1024 1618; x_wconf 84' lang='lat' dir='ltr'><strong>ab</strong></span> <span class='ocrx_word' id='word_1_659' title='bbox 1042 1591 1083 1618; x_wconf 86' lang='lat' dir='ltr'><strong>eis</strong></span> <span class='ocrx_word' id='word_1_660' title='bbox 1103 1591 1173 1618; x_wconf 84' lang='lat' dir='ltr'><strong>intra</strong></span> <span class='ocrx_word' id='word_1_661' title='bbox 1187 1591 1259 1618; x_wconf 87' lang='lat' dir='ltr'><strong>diem</strong></span> <span class='ocrx_word' id='word_1_662' title='bbox 1279 1589 1447 1625; x_wconf 83' lang='lat' dir='ltr'><strong>trigesimum</strong></span> <span class='ocrx_word' id='word_1_663' title='bbox 1471 1589 1544 1624; x_wconf 74' lang='lat' dir='ltr'><strong>iusto</strong></span> <span class='ocrx_word' id='word_1_664' title='bbox 1565 1589 1664 1624; x_wconf 91' lang='lat' dir='ltr'><strong>pretio,</strong></span> <span class='ocrx_word' id='word_1_665' title='bbox 1681 1589 1723 1616; x_wconf 81' lang='lat' dir='ltr'><strong>vcl</strong></span> 
     </span>
    </p>
   </div>
   <div class='ocr_carea' id='block_1_95' title="bbox 934 1635 1723 1673">
    <p class='ocr_par' dir='ltr' id='par_1_95' title="bbox 934 1635 1723 1673">
     <span class='ocr_line' id='line_1_95' title="bbox 934 1635 1723 1673; baseline -0.004 -9"><span class='ocrx_word' id='word_1_666' title='bbox 934 1638 1006 1673; x_wconf 86' lang='lat' dir='ltr'><strong>quod</strong></span> <span class='ocrx_word' id='word_1_667' title='bbox 1015 1637 1083 1664; x_wconf 84' lang='lat' dir='ltr'><strong>citra</strong></span> <span class='ocrx_word' id='word_1_668' title='bbox 1093 1637 1213 1664; x_wconf 85' lang='lat' dir='ltr'><strong>fraudem</strong></span> <span class='ocrx_word' id='word_1_669' title='bbox 1224 1642 1304 1664; x_wconf 85' lang='lat' dir='ltr'><strong>verus</strong></span> <span class='ocrx_word' id='word_1_670' title='bbox 1312 1640 1417 1670; x_wconf 90' lang='lat' dir='ltr'><strong>emptor</strong></span> <span class='ocrx_word' id='word_1_671' title='bbox 1425 1640 1569 1670; x_wconf 71' lang='lat' dir='ltr'><strong>praestaret</strong></span> <span class='ocrx_word' id='word_1_672' title='bbox 1578 1635 1637 1662; x_wconf 83' lang='lat' dir='ltr'><strong>sine</strong></span> <span class='ocrx_word' id='word_1_673' title='bbox 1647 1641 1723 1662; x_wconf 74' lang='lat' dir='ltr'><strong>mora</strong></span> 
     </span>
    </p>
   </div>
   <div class='ocr_carea' id='block_1_96' title="bbox 934 1680 1724 1717">
    <p class='ocr_par' dir='ltr' id='par_1_96' title="bbox 934 1680 1724 1717">
     <span class='ocr_line' id='line_1_96' title="bbox 934 1680 1724 1717; baseline -0.006 -6"><span class='ocrx_word' id='word_1_674' title='bbox 934 1682 1046 1715; x_wconf 84' lang='lat' dir='ltr'><strong>soluto,</strong></span> <span class='ocrx_word' id='word_1_675' title='bbox 1074 1690 1124 1717; x_wconf 86' lang='lat' dir='ltr'><strong>pro</strong></span> <span class='ocrx_word' id='word_1_676' title='bbox 1145 1686 1202 1709; x_wconf 84' lang='lat' dir='ltr'><strong>rata</strong></span> <span class='ocrx_word' id='word_1_677' title='bbox 1226 1681 1268 1708; x_wconf 81' lang='lat' dir='ltr'><strong>vel</strong></span> <span class='ocrx_word' id='word_1_678' title='bbox 1284 1688 1332 1716; x_wconf 81' lang='lat' dir='ltr'><strong>per</strong></span> <span class='ocrx_word' id='word_1_679' title='bbox 1347 1688 1387 1712; x_wconf 87' lang='lat' dir='ltr'><strong>se,</strong></span> <span class='ocrx_word' id='word_1_680' title='bbox 1415 1681 1456 1708; x_wconf 90' lang='lat' dir='ltr'><strong>vel</strong></span> <span class='ocrx_word' id='word_1_681' title='bbox 1478 1681 1651 1716; x_wconf 78' lang='lat' dir='ltr'><strong>magistratus</strong></span> <span class='ocrx_word' id='word_1_682' title='bbox 1672 1680 1724 1707; x_wconf 84' lang='lat' dir='ltr'><strong>ali-</strong></span> 
     </span>
    </p>
   </div>
   <div class='ocr_carea' id='block_1_97' title="bbox 933 1725 1724 1763">
    <p class='ocr_par' dir='ltr' id='par_1_97' title="bbox 933 1725 1724 1763">
     <span class='ocr_line' id='line_1_97' title="bbox 933 1725 1724 1763; baseline -0.004 -7"><span class='ocrx_word' id='word_1_683' title='bbox 933 1727 1012 1763; x_wconf 76' lang='lat' dir='ltr'><strong>cujtrs</strong></span> <span class='ocrx_word' id='word_1_684' title='bbox 1038 1734 1121 1763; x_wconf 81' lang='lat' dir='ltr'><strong>opera</strong></span> <span class='ocrx_word' id='word_1_685' title='bbox 1151 1732 1210 1755; x_wconf 80' lang='lat' dir='ltr'><strong>rem</strong></span> <span class='ocrx_word' id='word_1_686' title='bbox 1227 1727 1390 1761; x_wconf 79' lang='lat' dir='ltr'><strong>partiuntur.</strong></span> <span class='ocrx_word' id='word_1_687' title='bbox 1409 1725 1538 1761; x_wconf 77' lang='lat' dir='ltr'><strong>Quoquot</strong></span> <span class='ocrx_word' id='word_1_688' title='bbox 1556 1732 1647 1753; x_wconf 81' lang='lat' dir='ltr'><strong>autem</strong></span> <span class='ocrx_word' id='word_1_689' title='bbox 1669 1733 1724 1753; x_wconf 85' lang='lat' dir='ltr'><strong>non</strong></span> 
     </span>
    </p>
   </div>
   <div class='ocr_carea' id='block_1_98' title="bbox 935 1773 1723 1809">
    <p class='ocr_par' dir='ltr' id='par_1_98' title="bbox 935 1773 1723 1809">
     <span class='ocr_line' id='line_1_98' title="bbox 935 1773 1723 1809; baseline -0.004 -7"><span class='ocrx_word' id='word_1_690' title='bbox 935 1775 1003 1802; x_wconf 87' lang='lat' dir='ltr'><strong>intra</strong></span> <span class='ocrx_word' id='word_1_691' title='bbox 1015 1775 1085 1802; x_wconf 88' lang='lat' dir='ltr'><strong>diem</strong></span> <span class='ocrx_word' id='word_1_692' title='bbox 1102 1774 1280 1809; x_wconf 65' lang='lat' dir='ltr'><strong>prmstitutum</strong></span> <span class='ocrx_word' id='word_1_693' title='bbox 1293 1780 1342 1808; x_wconf 90' lang='lat' dir='ltr'><strong>pro</strong></span> <span class='ocrx_word' id='word_1_694' title='bbox 1355 1777 1413 1800; x_wconf 85' lang='lat' dir='ltr'><strong>rata</strong></span> <span class='ocrx_word' id='word_1_695' title='bbox 1424 1778 1500 1807; x_wconf 88' lang='lat' dir='ltr'><strong>parte</strong></span> <span class='ocrx_word' id='word_1_696' title='bbox 1508 1773 1624 1808; x_wconf 89' lang='lat' dir='ltr'><strong>pretium</strong></span> <span class='ocrx_word' id='word_1_697' title='bbox 1650 1780 1723 1807; x_wconf 72' lang='lat' dir='ltr'><strong>prae-</strong></span> 
     </span>
    </p>
   </div>
   <div class='ocr_carea' id='block_1_99' title="bbox 934 1816 1725 1852">
    <p class='ocr_par' dir='ltr' id='par_1_99' title="bbox 934 1816 1725 1852">
     <span class='ocr_line' id='line_1_99' title="bbox 934 1816 1725 1852; baseline -0.004 -6"><span class='ocrx_word' id='word_1_698' title='bbox 934 1819 1064 1851; x_wconf 83' lang='lat' dir='ltr'><strong>stiterint,</strong></span> <span class='ocrx_word' id='word_1_699' title='bbox 1080 1817 1182 1845; x_wconf 89' lang='lat' dir='ltr'><strong>nullum</strong></span> <span class='ocrx_word' id='word_1_700' title='bbox 1199 1817 1364 1852; x_wconf 67' lang='lat' dir='ltr'><strong>praelatiouis</strong></span> <span class='ocrx_word' id='word_1_701' title='bbox 1384 1817 1429 1852; x_wconf 89' lang='lat' dir='ltr'><strong>jus</strong></span> <span class='ocrx_word' id='word_1_702' title='bbox 1456 1817 1573 1852; x_wconf 82' lang='lat' dir='ltr'><strong>amplius</strong></span> <span class='ocrx_word' id='word_1_703' title='bbox 1587 1816 1725 1844; x_wconf 86' lang='lat' dir='ltr'><strong>habebunt</strong></span> 
     </span>
    </p>
   </div>
   <div class='ocr_carea' id='block_1_100' title="bbox 934 1862 1723 1898">
    <p class='ocr_par' dir='ltr' id='par_1_100' title="bbox 934 1862 1723 1898">
     <span class='ocr_line' id='line_1_100' title="bbox 934 1862 1723 1898; baseline -0.003 -8"><span class='ocrx_word' id='word_1_704' title='bbox 934 1868 1012 1891; x_wconf 75' lang='lat' dir='ltr'><strong>extra</strong></span> <span class='ocrx_word' id='word_1_705' title='bbox 1035 1869 1116 1898; x_wconf 83' lang='lat' dir='ltr'><strong>quant</strong></span> <span class='ocrx_word' id='word_1_706' title='bbox 1133 1863 1156 1890; x_wconf 90' lang='lat' dir='ltr'><strong>si</strong></span> <span class='ocrx_word' id='word_1_707' title='bbox 1173 1862 1235 1898; x_wconf 86' lang='lat' dir='ltr'><strong>quis</strong></span> <span class='ocrx_word' id='word_1_708' title='bbox 1259 1869 1353 1890; x_wconf 79' lang='lat' dir='ltr'><strong>eorum</strong></span> <span class='ocrx_word' id='word_1_709' title='bbox 1373 1862 1399 1889; x_wconf 90' lang='lat' dir='ltr'><strong>in</strong></span> <span class='ocrx_word' id='word_1_710' title='bbox 1424 1862 1541 1889; x_wconf 83' lang='lat' dir='ltr'><strong>hostium</strong></span> <span class='ocrx_word' id='word_1_711' title='bbox 1560 1867 1723 1896; x_wconf 80' lang='lat' dir='ltr'><strong>potestatem</strong></span> 
     </span>
    </p>
   </div>
   <div class='ocr_carea' id='block_1_101' title="bbox 935 1907 1723 1945">
    <p class='ocr_par' dir='ltr' id='par_1_101' title="bbox 935 1907 1723 1945">
     <span class='ocr_line' id='line_1_101' title="bbox 935 1907 1723 1945; baseline -0.004 -8"><span class='ocrx_word' id='word_1_712' title='bbox 935 1910 1048 1942; x_wconf 84' lang='lat' dir='ltr'><strong>venerit,</strong></span> <span class='ocrx_word' id='word_1_713' title='bbox 1065 1914 1112 1937; x_wconf 87' lang='lat' dir='ltr'><strong>aut</strong></span> <span class='ocrx_word' id='word_1_714' title='bbox 1128 1910 1288 1945; x_wconf 85' lang='lat' dir='ltr'><strong>deportatus</strong></span> <span class='ocrx_word' id='word_1_715' title='bbox 1305 1909 1350 1940; x_wconf 86' lang='lat' dir='ltr'><strong>sit,</strong></span> <span class='ocrx_word' id='word_1_716' title='bbox 1366 1912 1413 1935; x_wconf 83' lang='lat' dir='ltr'><strong>aut</strong></span> <span class='ocrx_word' id='word_1_717' title='bbox 1434 1907 1581 1943; x_wconf 80' lang='lat' dir='ltr'><strong>relegatus,</strong></span> <span class='ocrx_word' id='word_1_718' title='bbox 1600 1912 1646 1934; x_wconf 86' lang='lat' dir='ltr'><strong>aut</strong></span> <span class='ocrx_word' id='word_1_719' title='bbox 1673 1915 1723 1942; x_wconf 90' lang='lat' dir='ltr'><strong>pu-</strong></span> 
     </span>
    </p>
   </div>
   <div class='ocr_carea' id='block_1_102' title="bbox 935 1953 1725 1989">
    <p class='ocr_par' dir='ltr' id='par_1_102' title="bbox 935 1953 1725 1989">
     <span class='ocr_line' id='line_1_102' title="bbox 935 1953 1725 1989; baseline -0.006 -5"><span class='ocrx_word' id='word_1_720' title='bbox 935 1956 1068 1984; x_wconf 86' lang='lat' dir='ltr'><strong>blicorum</strong></span> <span class='ocrx_word' id='word_1_721' title='bbox 1093 1961 1240 1983; x_wconf 88' lang='lat' dir='ltr'><strong>suorumve</strong></span> <span class='ocrx_word' id='word_1_722' title='bbox 1267 1954 1438 1989; x_wconf 78' lang='lat' dir='ltr'><strong>negotiorum</strong></span> <span class='ocrx_word' id='word_1_723' title='bbox 1468 1961 1551 1981; x_wconf 84' lang='lat' dir='ltr'><strong>causa</strong></span> <span class='ocrx_word' id='word_1_724' title='bbox 1578 1954 1645 1980; x_wconf 83' lang='lat' dir='ltr'><strong>citra</strong></span> <span class='ocrx_word' id='word_1_725' title='bbox 1675 1953 1725 1979; x_wconf 86' lang='lat' dir='ltr'><strong>do-</strong></span> 
     </span>
    </p>
   </div>
   <div class='ocr_carea' id='block_1_103' title="bbox 936 1997 1724 2034">
    <p class='ocr_par' dir='ltr' id='par_1_103' title="bbox 936 1997 1724 2034">
     <span class='ocr_line' id='line_1_103' title="bbox 936 1997 1724 2034; baseline -0.008 -5"><span class='ocrx_word' id='word_1_726' title='bbox 936 2001 990 2029; x_wconf 88' lang='lat' dir='ltr'><strong>lqu</strong></span> <span class='ocrx_word' id='word_1_727' title='bbox 1005 2007 1113 2028; x_wconf 87' lang='lat' dir='ltr'><strong>manum</strong></span> <span class='ocrx_word' id='word_1_728' title='bbox 1127 2000 1209 2033; x_wconf 86' lang='lat' dir='ltr'><strong>absit,</strong></span> <span class='ocrx_word' id='word_1_729' title='bbox 1220 2003 1266 2026; x_wconf 83' lang='lat' dir='ltr'><strong>aut</strong></span> <span class='ocrx_word' id='word_1_730' title='bbox 1278 1999 1397 2026; x_wconf 88' lang='lat' dir='ltr'><strong>nomium</strong></span> <span class='ocrx_word' id='word_1_731' title='bbox 1416 1998 1577 2034; x_wconf 74' lang='lat' dir='ltr'><strong>vigesimum</strong></span> <span class='ocrx_word' id='word_1_732' title='bbox 1599 1997 1724 2032; x_wconf 89' lang='lat' dir='ltr'><strong>quintum</strong></span> 
     </span>
    </p>
   </div>
   <div class='ocr_carea' id='block_1_104' title="bbox 934 2043 1719 2080">
    <p class='ocr_par' dir='ltr' id='par_1_104' title="bbox 934 2043 1719 2080">
     <span class='ocr_line' id='line_1_104' title="bbox 934 2043 1719 2080; baseline -0.005 -6"><span class='ocrx_word' id='word_1_733' title='bbox 934 2046 1021 2074; x_wconf 65' lang='lat' dir='ltr'><strong>aetatis</strong></span> <span class='ocrx_word' id='word_1_734' title='bbox 1037 2053 1136 2073; x_wconf 85' lang='lat' dir='ltr'><strong>annum</strong></span> <span class='ocrx_word' id='word_1_735' title='bbox 1152 2045 1312 2080; x_wconf 89' lang='lat' dir='ltr'><strong>impleverit.</strong></span> <span class='ocrx_word' id='word_1_736' title='bbox 1330 2043 1397 2071; x_wconf 85' lang='lat' dir='ltr'><strong>Nam</strong></span> <span class='ocrx_word' id='word_1_737' title='bbox 1415 2044 1462 2078; x_wconf 91' lang='lat' dir='ltr'><strong>qui</strong></span> <span class='ocrx_word' id='word_1_738' title='bbox 1481 2044 1578 2071; x_wconf 89' lang='lat' dir='ltr'><strong>horutn</strong></span> <span class='ocrx_word' id='word_1_739' title='bbox 1598 2043 1719 2071; x_wconf 81' lang='lat' dir='ltr'><strong>faculta-</strong></span> 
     </span>
    </p>
   </div>
   <div class='ocr_carea' id='block_1_105' title="bbox 935 2089 1721 2124">
    <p class='ocr_par' dir='ltr' id='par_1_105' title="bbox 935 2089 1721 2124">
     <span class='ocr_line' id='line_1_105' title="bbox 935 2089 1721 2124; baseline -0.005 -5"><span class='ocrx_word' id='word_1_740' title='bbox 935 2096 975 2120; x_wconf 87' lang='lat' dir='ltr'><strong>tes</strong></span> <span class='ocrx_word' id='word_1_741' title='bbox 985 2090 1213 2118; x_wconf 70' lang='lat' dir='ltr'><strong>administrandas</strong></span> <span class='ocrx_word' id='word_1_742' title='bbox 1222 2093 1415 2124; x_wconf 81' lang='lat' dir='ltr'><strong>susceperunt,</strong></span> <span class='ocrx_word' id='word_1_743' title='bbox 1430 2089 1501 2116; x_wconf 89' lang='lat' dir='ltr'><strong>intra</strong></span> <span class='ocrx_word' id='word_1_744' title='bbox 1511 2094 1626 2124; x_wconf 83' lang='lat' dir='ltr'><strong>quatuor</strong></span> <span class='ocrx_word' id='word_1_745' title='bbox 1643 2097 1721 2117; x_wconf 85' lang='lat' dir='ltr'><strong>men-</strong></span> 
     </span>
    </p>
   </div>
   <div class='ocr_carea' id='block_1_106' title="bbox 936 2135 1725 2172">
    <p class='ocr_par' dir='ltr' id='par_1_106' title="bbox 936 2135 1725 2172">
     <span class='ocr_line' id='line_1_106' title="bbox 936 2135 1725 2172; baseline -0.005 -6"><span class='ocrx_word' id='word_1_746' title='bbox 936 2146 980 2166; x_wconf 88' lang='lat' dir='ltr'><strong>ses</strong></span> <span class='ocrx_word' id='word_1_747' title='bbox 991 2145 1052 2165; x_wconf 89' lang='lat' dir='ltr'><strong>cum</strong></span> <span class='ocrx_word' id='word_1_748' title='bbox 1067 2136 1253 2170; x_wconf 78' lang='lat' dir='ltr'><strong>ndjaceulibus</strong></span> <span class='ocrx_word' id='word_1_749' title='bbox 1267 2136 1345 2163; x_wconf 87' lang='lat' dir='ltr'><strong>novis</strong></span> <span class='ocrx_word' id='word_1_750' title='bbox 1356 2135 1523 2172; x_wconf 88' lang='lat' dir='ltr'><strong>emptoribus</strong></span> <span class='ocrx_word' id='word_1_751' title='bbox 1536 2140 1644 2170; x_wconf 85' lang='lat' dir='ltr'><strong>prorata</strong></span> <span class='ocrx_word' id='word_1_752' title='bbox 1660 2143 1725 2171; x_wconf 90' lang='lat' dir='ltr'><strong>por-</strong></span> 
     </span>
    </p>
   </div>
   <div class='ocr_carea' id='block_1_107' title="bbox 936 2181 1722 2216">
    <p class='ocr_par' dir='ltr' id='par_1_107' title="bbox 936 2181 1722 2216">
     <span class='ocr_line' id='line_1_107' title="bbox 936 2181 1722 2216; baseline -0.004 -5"><span class='ocrx_word' id='word_1_753' title='bbox 936 2184 1010 2211; x_wconf 86' lang='lat' dir='ltr'><strong>tione</strong></span> <span class='ocrx_word' id='word_1_754' title='bbox 1028 2182 1219 2214; x_wconf 83' lang='lat' dir='ltr'><strong>admittuntur,</strong></span> <span class='ocrx_word' id='word_1_755' title='bbox 1233 2181 1358 2209; x_wconf 71' lang='lat' dir='ltr'><strong>eXsquto</strong></span> <span class='ocrx_word' id='word_1_756' title='bbox 1370 2182 1538 2209; x_wconf 83' lang='lat' dir='ltr'><strong>convenienti</strong></span> <span class='ocrx_word' id='word_1_757' title='bbox 1549 2182 1647 2216; x_wconf 88' lang='lat' dir='ltr'><strong>pretio,</strong></span> <span class='ocrx_word' id='word_1_758' title='bbox 1661 2189 1722 2209; x_wconf 92' lang='lat' dir='ltr'><strong>cum</strong></span> 
     </span>
    </p>
   </div>
   <div class='ocr_carea' id='block_1_108' title="bbox 900 2227 1724 2263">
    <p class='ocr_par' dir='ltr' id='par_1_108' title="bbox 900 2227 1724 2263">
     <span class='ocr_line' id='line_1_108' title="bbox 900 2227 1724 2263; baseline -0.004 -6"><span class='ocrx_word' id='word_1_759' title='bbox 900 2235 922 2263; x_wconf 75' lang='grc' dir='ltr'><strong>ι)</strong></span> <span class='ocrx_word' id='word_1_760' title='bbox 939 2230 1030 2257; x_wconf 87' lang='lat' dir='ltr'><strong>usuris</strong></span> <span class='ocrx_word' id='word_1_761' title='bbox 1040 2228 1179 2263; x_wconf 76' lang='lat' dir='ltr'><strong>legitimis,</strong></span> <span class='ocrx_word' id='word_1_762' title='bbox 1195 2232 1222 2256; x_wconf 91' lang='lat' dir='ltr'><strong>et</strong></span> <span class='ocrx_word' id='word_1_763' title='bbox 1240 2228 1402 2255; x_wconf 76' lang='lat' dir='ltr'><strong>necesaariis</strong></span> <span class='ocrx_word' id='word_1_764' title='bbox 1417 2227 1549 2263; x_wconf 80' lang='lat' dir='ltr'><strong>impensis</strong></span> <span class='ocrx_word' id='word_1_765' title='bbox 1563 2236 1569 2254; x_wconf 92' lang='lat'>:</span> <span class='ocrx_word' id='word_1_766' title='bbox 1586 2234 1724 2263; x_wconf 59' lang='lat' dir='ltr'><strong>emptoris</strong></span> 
     </span>
    </p>
   </div>
   <div class='ocr_carea' id='block_1_109' title="bbox 933 2273 1723 2309">
    <p class='ocr_par' dir='ltr' id='par_1_109' title="bbox 933 2273 1723 2309">
     <span class='ocr_line' id='line_1_109' title="bbox 933 2273 1723 2309; baseline -0.005 -5"><span class='ocrx_word' id='word_1_767' title='bbox 933 2281 1023 2304; x_wconf 87' lang='lat' dir='ltr'><strong>autem</strong></span> <span class='ocrx_word' id='word_1_768' title='bbox 1051 2279 1196 2302; x_wconf 73' lang='lat' dir='ltr'><strong>extraneos</strong></span> <span class='ocrx_word' id='word_1_769' title='bbox 1221 2274 1247 2302; x_wconf 94' lang='lat' dir='ltr'><strong>in</strong></span> <span class='ocrx_word' id='word_1_770' title='bbox 1279 2273 1435 2302; x_wconf 88' lang='lat' dir='ltr'><strong>universum</strong></span> <span class='ocrx_word' id='word_1_771' title='bbox 1462 2274 1634 2306; x_wconf 86' lang='lat' dir='ltr'><strong>submovent,</strong></span> <span class='ocrx_word' id='word_1_772' title='bbox 1663 2282 1723 2309; x_wconf 86' lang='lat' dir='ltr'><strong>pre-</strong></span> 
     </span>
    </p>
   </div>
   <div class='ocr_carea' id='block_1_110' title="bbox 934 2321 1724 2356">
    <p class='ocr_par' dir='ltr' id='par_1_110' title="bbox 934 2321 1724 2356">
     <span class='ocr_line' id='line_1_110' title="bbox 934 2321 1724 2356; baseline -0.004 -6"><span class='ocrx_word' id='word_1_773' title='bbox 934 2323 999 2350; x_wconf 90' lang='lat' dir='ltr'><strong>tium</strong></span> <span class='ocrx_word' id='word_1_774' title='bbox 1019 2322 1131 2349; x_wconf 86' lang='lat' dir='ltr'><strong>eiscum</strong></span> <span class='ocrx_word' id='word_1_775' title='bbox 1161 2321 1257 2349; x_wconf 86' lang='lat' dir='ltr'><strong>iisdem</strong></span> <span class='ocrx_word' id='word_1_776' title='bbox 1271 2321 1363 2349; x_wconf 87' lang='lat' dir='ltr'><strong>usttris</strong></span> <span class='ocrx_word' id='word_1_777' title='bbox 1385 2326 1414 2348; x_wconf 87' lang='lat' dir='ltr'><strong>et</strong></span> <span class='ocrx_word' id='word_1_778' title='bbox 1427 2321 1558 2356; x_wconf 86' lang='lat' dir='ltr'><strong>impensis</strong></span> <span class='ocrx_word' id='word_1_779' title='bbox 1576 2321 1724 2349; x_wconf 84' lang='lat' dir='ltr'><strong>restituen-</strong></span> 
     </span>
    </p>
   </div>
   <div class='ocr_carea' id='block_1_111' title="bbox 935 2367 1723 2404">
    <p class='ocr_par' dir='ltr' id='par_1_111' title="bbox 935 2367 1723 2404">
     <span class='ocr_line' id='line_1_111' title="bbox 935 2367 1723 2404; baseline -0.004 -7"><span class='ocrx_word' id='word_1_780' title='bbox 935 2373 985 2397; x_wconf 89' lang='lat' dir='ltr'><strong>tes.</strong></span> <span class='ocrx_word' id='word_1_781' title='bbox 1002 2368 1079 2402; x_wconf 72' lang='lat' dir='ltr'><strong>Quod</strong></span> <span class='ocrx_word' id='word_1_782' title='bbox 1093 2367 1115 2396; x_wconf 92' lang='lat' dir='ltr'><strong>si</strong></span> <span class='ocrx_word' id='word_1_783' title='bbox 1128 2375 1306 2404; x_wconf 89' lang='lat' dir='ltr'><strong>personarum</strong></span> <span class='ocrx_word' id='word_1_784' title='bbox 1335 2367 1516 2395; x_wconf 88' lang='lat' dir='ltr'><strong>iudicatarum</strong></span> <span class='ocrx_word' id='word_1_785' title='bbox 1540 2372 1648 2395; x_wconf 84' lang='lat' dir='ltr'><strong>actores</strong></span> <span class='ocrx_word' id='word_1_786' title='bbox 1674 2374 1723 2393; x_wconf 84' lang='lat' dir='ltr'><strong>ve-</strong></span> 
     </span>
    </p>
   </div>
   <div class='ocr_carea' id='block_1_112' title="bbox 936 2411 1723 2448">
    <p class='ocr_par' dir='ltr' id='par_1_112' title="bbox 936 2411 1723 2448">
     <span class='ocr_line' id='line_1_112' title="bbox 936 2411 1723 2448; baseline -0.006 -6"><span class='ocrx_word' id='word_1_787' title='bbox 936 2420 1059 2448; x_wconf 81' lang='lat' dir='ltr'><strong>reantur,</strong></span> <span class='ocrx_word' id='word_1_788' title='bbox 1085 2421 1120 2442; x_wconf 91' lang='lat' dir='ltr'><strong>ne</strong></span> <span class='ocrx_word' id='word_1_789' title='bbox 1136 2413 1207 2442; x_wconf 90' lang='lat' dir='ltr'><strong>Iorte</strong></span> <span class='ocrx_word' id='word_1_790' title='bbox 1226 2414 1299 2448; x_wconf 91' lang='lat' dir='ltr'><strong>quod</strong></span> <span class='ocrx_word' id='word_1_791' title='bbox 1329 2413 1364 2440; x_wconf 84' lang='lat' dir='ltr'><strong>ab</strong></span> <span class='ocrx_word' id='word_1_792' title='bbox 1377 2420 1406 2441; x_wconf 87' lang='lat' dir='ltr'><strong>se</strong></span> <span class='ocrx_word' id='word_1_793' title='bbox 1423 2417 1527 2448; x_wconf 86' lang='lat' dir='ltr'><strong>gestum</strong></span> <span class='ocrx_word' id='word_1_794' title='bbox 1559 2412 1651 2443; x_wconf 77' lang='lat' dir='ltr'><strong>fuerit,</strong></span> <span class='ocrx_word' id='word_1_795' title='bbox 1671 2411 1723 2438; x_wconf 67' lang='lat' dir='ltr'><strong>illae</strong></span> 
     </span>
    </p>
   </div>
   <div class='ocr_carea' id='block_1_113' title="bbox 936 2457 1724 2493">
    <p class='ocr_par' dir='ltr' id='par_1_113' title="bbox 936 2457 1724 2493">
     <span class='ocr_line' id='line_1_113' title="bbox 936 2457 1724 2493; baseline -0.006 -5"><span class='ocrx_word' id='word_1_796' title='bbox 936 2466 1024 2487; x_wconf 88' lang='lat' dir='ltr'><strong>ratum</strong></span> <span class='ocrx_word' id='word_1_797' title='bbox 1039 2467 1091 2488; x_wconf 91' lang='lat' dir='ltr'><strong>non</strong></span> <span class='ocrx_word' id='word_1_798' title='bbox 1109 2460 1244 2492; x_wconf 82' lang='lat' dir='ltr'><strong>habeant;</strong></span> <span class='ocrx_word' id='word_1_799' title='bbox 1262 2466 1323 2485; x_wconf 90' lang='lat' dir='ltr'><strong>cttm</strong></span> <span class='ocrx_word' id='word_1_800' title='bbox 1344 2458 1463 2493; x_wconf 83' lang='lat' dir='ltr'><strong>legitima</strong></span> <span class='ocrx_word' id='word_1_801' title='bbox 1477 2457 1642 2492; x_wconf 72' lang='lat' dir='ltr'><strong>cognitione,</strong></span> <span class='ocrx_word' id='word_1_802' title='bbox 1663 2464 1724 2491; x_wconf 71' lang='lat' dir='ltr'><strong>qua:</strong></span> 
     </span>
    </p>
   </div>
   <div class='ocr_carea' id='block_1_114' title="bbox 937 2501 1720 2538">
    <p class='ocr_par' dir='ltr' id='par_1_114' title="bbox 937 2501 1720 2538">
     <span class='ocr_line' id='line_1_114' title="bbox 937 2501 1720 2538; baseline -0.003 -8"><span class='ocrx_word' id='word_1_803' title='bbox 937 2504 1132 2531; x_wconf 81' lang='lat' dir='ltr'><strong>interveniente</strong></span> <span class='ocrx_word' id='word_1_804' title='bbox 1155 2503 1288 2538; x_wconf 88' lang='lat' dir='ltr'><strong>scriptura</strong></span> <span class='ocrx_word' id='word_1_805' title='bbox 1303 2501 1359 2535; x_wconf 89' lang='lat' dir='ltr'><strong>liat,</strong></span> <span class='ocrx_word' id='word_1_806' title='bbox 1387 2507 1434 2529; x_wconf 87' lang='lat' dir='ltr'><strong>aut</strong></span> <span class='ocrx_word' id='word_1_807' title='bbox 1458 2502 1584 2529; x_wconf 85' lang='lat' dir='ltr'><strong>omittant</strong></span> <span class='ocrx_word' id='word_1_808' title='bbox 1612 2506 1720 2529; x_wconf 86' lang='lat' dir='ltr'><strong>contra-</strong></span> 
     </span>
    </p>
   </div>
   <div class='ocr_carea' id='block_1_115' title="bbox 934 2547 1724 2583">
    <p class='ocr_par' dir='ltr' id='par_1_115' title="bbox 934 2547 1724 2583">
     <span class='ocr_line' id='line_1_115' title="bbox 934 2547 1724 2583; baseline -0.003 -6"><span class='ocrx_word' id='word_1_809' title='bbox 934 2554 1021 2582; x_wconf 90' lang='lat' dir='ltr'><strong>ctum,</strong></span> <span class='ocrx_word' id='word_1_810' title='bbox 1042 2553 1089 2576; x_wconf 84' lang='lat' dir='ltr'><strong>aut</strong></span> <span class='ocrx_word' id='word_1_811' title='bbox 1102 2553 1258 2583; x_wconf 85' lang='lat' dir='ltr'><strong>acceptent.</strong></span> <span class='ocrx_word' id='word_1_812' title='bbox 1274 2548 1331 2582; x_wconf 84' lang='lat' dir='ltr'><strong>Qua</strong></span> <span class='ocrx_word' id='word_1_813' title='bbox 1348 2548 1374 2575; x_wconf 88' lang='lat' dir='ltr'><strong>In</strong></span> <span class='ocrx_word' id='word_1_814' title='bbox 1390 2556 1419 2575; x_wconf 90' lang='lat' dir='ltr'><strong>re</strong></span> <span class='ocrx_word' id='word_1_815' title='bbox 1435 2547 1458 2575; x_wconf 91' lang='lat' dir='ltr'><strong>si</strong></span> <span class='ocrx_word' id='word_1_816' title='bbox 1480 2547 1646 2582; x_wconf 77' lang='lat' dir='ltr'><strong>negligentes</strong></span> <span class='ocrx_word' id='word_1_817' title='bbox 1662 2555 1724 2575; x_wconf 83' lang='lat' dir='ltr'><strong>sese</strong></span> 
     </span>
    </p>
   </div>
   <div class='ocr_carea' id='block_1_116' title="bbox 934 2591 1724 2630">
    <p class='ocr_par' dir='ltr' id='par_1_116' title="bbox 934 2591 1724 2630">
     <span class='ocr_line' id='line_1_116' title="bbox 934 2591 1724 2630; baseline -0.005 -8"><span class='ocrx_word' id='word_1_818' title='bbox 934 2594 1079 2630; x_wconf 76' lang='lat' dir='ltr'><strong>gesserint,</strong></span> <span class='ocrx_word' id='word_1_819' title='bbox 1096 2593 1129 2620; x_wconf 87' lang='lat' dir='ltr'><strong>de</strong></span> <span class='ocrx_word' id='word_1_820' title='bbox 1142 2600 1192 2621; x_wconf 88' lang='lat' dir='ltr'><strong>suo</strong></span> <span class='ocrx_word' id='word_1_821' title='bbox 1204 2596 1332 2628; x_wconf 76' lang='lat' dir='ltr'><strong>praestent</strong></span> <span class='ocrx_word' id='word_1_822' title='bbox 1346 2592 1385 2619; x_wconf 90' lang='lat' dir='ltr'><strong>eis</strong></span> <span class='ocrx_word' id='word_1_823' title='bbox 1393 2597 1475 2618; x_wconf 88' lang='lat' dir='ltr'><strong>omne</strong></span> <span class='ocrx_word' id='word_1_824' title='bbox 1486 2591 1590 2618; x_wconf 88' lang='lat' dir='ltr'><strong>lucrutn</strong></span> <span class='ocrx_word' id='word_1_825' title='bbox 1601 2595 1629 2618; x_wconf 88' lang='lat' dir='ltr'><strong>et</strong></span> <span class='ocrx_word' id='word_1_826' title='bbox 1642 2595 1724 2618; x_wconf 84' lang='lat' dir='ltr'><strong>omne</strong></span> 
     </span>
    </p>
   </div>
   <div class='ocr_carea' id='block_1_117' title="bbox 934 2635 1722 2673">
    <p class='ocr_par' dir='ltr' id='par_1_117' title="bbox 934 2635 1722 2673">
     <span class='ocr_line' id='line_1_117' title="bbox 934 2635 1722 2673; baseline -0.01 -5"><span class='ocrx_word' id='word_1_827' title='bbox 934 2639 1130 2672; x_wconf 87' lang='lat' dir='ltr'><strong>commodum,</strong></span> <span class='ocrx_word' id='word_1_828' title='bbox 1161 2638 1232 2673; x_wconf 91' lang='lat' dir='ltr'><strong>quod</strong></span> <span class='ocrx_word' id='word_1_829' title='bbox 1260 2637 1297 2665; x_wconf 94' lang='lat' dir='ltr'><strong>illi</strong></span> <span class='ocrx_word' id='word_1_830' title='bbox 1328 2635 1447 2664; x_wconf 86' lang='lat' dir='ltr'><strong>habituri</strong></span> <span class='ocrx_word' id='word_1_831' title='bbox 1476 2635 1594 2668; x_wconf 81' lang='lat' dir='ltr'><strong>fuerant,</strong></span> <span class='ocrx_word' id='word_1_832' title='bbox 1621 2635 1642 2662; x_wconf 90' lang='lat' dir='ltr'><strong>si</strong></span> <span class='ocrx_word' id='word_1_833' title='bbox 1664 2642 1722 2661; x_wconf 80' lang='lat' dir='ltr'><strong>ma-</strong></span> 
     </span>
    </p>
   </div>
   <div class='ocr_carea' id='block_1_118' title="bbox 934 2680 1722 2716">
    <p class='ocr_par' dir='ltr' id='par_1_118' title="bbox 934 2680 1722 2716">
     <span class='ocr_line' id='line_1_118' title="bbox 934 2680 1722 2716; baseline -0.004 -4"><span class='ocrx_word' id='word_1_834' title='bbox 934 2689 995 2712; x_wconf 86' lang='lat' dir='ltr'><strong>ture</strong></span> <span class='ocrx_word' id='word_1_835' title='bbox 1015 2688 1185 2712; x_wconf 81' lang='lat' dir='ltr'><strong>contractum</strong></span> <span class='ocrx_word' id='word_1_836' title='bbox 1200 2683 1226 2710; x_wconf 91' lang='lat' dir='ltr'><strong>lti</strong></span> <span class='ocrx_word' id='word_1_837' title='bbox 1251 2682 1390 2710; x_wconf 85' lang='lat' dir='ltr'><strong>celebrare</strong></span> <span class='ocrx_word' id='word_1_838' title='bbox 1414 2680 1610 2716; x_wconf 87' lang='lat' dir='ltr'><strong>perrexisseut.</strong></span> <span class='ocrx_word' id='word_1_839' title='bbox 1634 2681 1722 2716; x_wconf 86' lang='lat' dir='ltr'><strong>Atque</strong></span> 
     </span>
    </p>
   </div>
   <div class='ocr_carea' id='block_1_119' title="bbox 935 2727 1722 2765">
    <p class='ocr_par' dir='ltr' id='par_1_119' title="bbox 935 2727 1722 2765">
     <span class='ocr_line' id='line_1_119' title="bbox 935 2727 1722 2765; baseline -0.005 -7"><span class='ocrx_word' id='word_1_840' title='bbox 935 2731 993 2758; x_wconf 69' lang='lat' dir='ltr'><strong>ha‘c</strong></span> <span class='ocrx_word' id='word_1_841' title='bbox 1007 2730 1114 2765; x_wconf 84' lang='lat' dir='ltr'><strong>quidem</strong></span> <span class='ocrx_word' id='word_1_842' title='bbox 1130 2730 1156 2756; x_wconf 90' lang='lat' dir='ltr'><strong>in</strong></span> <span class='ocrx_word' id='word_1_843' title='bbox 1171 2728 1343 2764; x_wconf 82' lang='lat' dir='ltr'><strong>propinquis,</strong></span> <span class='ocrx_word' id='word_1_844' title='bbox 1366 2732 1393 2755; x_wconf 92' lang='lat' dir='ltr'><strong>et</strong></span> <span class='ocrx_word' id='word_1_845' title='bbox 1411 2727 1596 2758; x_wconf 89' lang='lat' dir='ltr'><strong>consortibus,</strong></span> <span class='ocrx_word' id='word_1_846' title='bbox 1615 2732 1642 2754; x_wconf 80' lang='lat' dir='ltr'><strong>et</strong></span> <span class='ocrx_word' id='word_1_847' title='bbox 1673 2733 1722 2754; x_wconf 85' lang='lat' dir='ltr'><strong>snt)</strong></span> 
     </span>
    </p>
   </div>
   <div class='ocr_carea' id='block_1_120' title="bbox 933 2774 1721 2809">
    <p class='ocr_par' dir='ltr' id='par_1_120' title="bbox 933 2774 1721 2809">
     <span class='ocr_line' id='line_1_120' title="bbox 933 2774 1721 2809; baseline -0.005 -5"><span class='ocrx_word' id='word_1_848' title='bbox 933 2777 1027 2804; x_wconf 77' lang='lat' dir='ltr'><strong>eodem</strong></span> <span class='ocrx_word' id='word_1_849' title='bbox 1044 2775 1122 2803; x_wconf 89' lang='lat' dir='ltr'><strong>titulo</strong></span> <span class='ocrx_word' id='word_1_850' title='bbox 1137 2774 1248 2809; x_wconf 79' lang='lat' dir='ltr'><strong>vectigal</strong></span> <span class='ocrx_word' id='word_1_851' title='bbox 1263 2774 1471 2808; x_wconf 85' lang='lat' dir='ltr'><strong>peusitautihus,</strong></span> <span class='ocrx_word' id='word_1_852' title='bbox 1497 2774 1657 2808; x_wconf 68' lang='lat' dir='ltr'><strong>catterisquo</strong></span> <span class='ocrx_word' id='word_1_853' title='bbox 1680 2774 1721 2800; x_wconf 89' lang='lat' dir='ltr'><strong>vi-</strong></span> 
     </span>
    </p>
   </div>
   <div class='ocr_carea' id='block_1_121' title="bbox 934 2819 1721 2857">
    <p class='ocr_par' dir='ltr' id='par_1_121' title="bbox 934 2819 1721 2857">
     <span class='ocr_line' id='line_1_121' title="bbox 934 2819 1721 2857; baseline -0.005 -7"><span class='ocrx_word' id='word_1_854' title='bbox 934 2823 1004 2850; x_wconf 86' lang='lat' dir='ltr'><strong>cinis</strong></span> <span class='ocrx_word' id='word_1_855' title='bbox 1021 2820 1233 2857; x_wconf 67' lang='lat' dir='ltr'><strong>possessoribus.</strong></span> <span class='ocrx_word' id='word_1_856' title='bbox 1251 2820 1321 2853; x_wconf 82' lang='lat' dir='ltr'><strong>Quin</strong></span> <span class='ocrx_word' id='word_1_857' title='bbox 1339 2825 1367 2847; x_wconf 88' lang='lat' dir='ltr'><strong>et</strong></span> <span class='ocrx_word' id='word_1_858' title='bbox 1397 2821 1423 2847; x_wconf 90' lang='lat' dir='ltr'><strong>in</strong></span> <span class='ocrx_word' id='word_1_859' title='bbox 1445 2819 1622 2846; x_wconf 80' lang='lat' dir='ltr'><strong>universitate</strong></span> <span class='ocrx_word' id='word_1_860' title='bbox 1644 2820 1721 2846; x_wconf 81' lang='lat' dir='ltr'><strong>vico-</strong></span> 
     </span>
    </p>
   </div>
   <div class='ocr_carea' id='block_1_122' title="bbox 934 2866 1719 2904">
    <p class='ocr_par' dir='ltr' id='par_1_122' title="bbox 934 2866 1719 2904">
     <span class='ocr_line' id='line_1_122' title="bbox 934 2866 1719 2904; baseline -0.005 -8"><span class='ocrx_word' id='word_1_861' title='bbox 934 2877 1005 2902; x_wconf 89' lang='lat' dir='ltr'><strong>rutn,</strong></span> <span class='ocrx_word' id='word_1_862' title='bbox 1016 2868 1060 2904; x_wconf 89' lang='lat' dir='ltr'><strong>qui</strong></span> <span class='ocrx_word' id='word_1_863' title='bbox 1077 2868 1217 2901; x_wconf 87' lang='lat' dir='ltr'><strong>dicuntur,</strong></span> <span class='ocrx_word' id='word_1_864' title='bbox 1231 2871 1276 2895; x_wconf 84' lang='lat' dir='ltr'><strong>aut</strong></span> <span class='ocrx_word' id='word_1_865' title='bbox 1291 2874 1429 2903; x_wconf 75' lang='lat' dir='ltr'><strong>agrorum,</strong></span> <span class='ocrx_word' id='word_1_866' title='bbox 1443 2866 1529 2894; x_wconf 87' lang='lat' dir='ltr'><strong>multo</strong></span> <span class='ocrx_word' id='word_1_867' title='bbox 1548 2866 1631 2901; x_wconf 77' lang='lat' dir='ltr'><strong>magis</strong></span> <span class='ocrx_word' id='word_1_868' title='bbox 1649 2866 1719 2893; x_wconf 72' lang='lat' dir='ltr'><strong>oliti-</strong></span> 
     </span>
    </p>
   </div>
   <div class='ocr_carea' id='block_1_123' title="bbox 1505 2911 1539 2944">
    <p class='ocr_par' dir='ltr' id='par_1_123' title="bbox 1505 2911 1539 2944">
     <span class='ocr_line' id='line_1_123' title="bbox 1505 2911 1539 2944; baseline -0.059 0"><span class='ocrx_word' id='word_1_869' title='bbox 1505 2911 1539 2944; x_wconf 82' lang='lat'>18</span> 
     </span>
    </p>
   </div>
  </div>
