1945 3073
235 142 287 173 Ξιῖῡ

747 135 999 169 CONSTANTINI
1017 137 1356 168 PORPHYROGENITI

1809 139 1867 170 5'55

235 203 306 230 neut,
321 203 349 224 ut
369 201 395 224 ct
407 196 513 224 illorum
525 194 696 223 habitatores
708 199 735 222 et
760 202 934 230 possessores
951 195 1022 222 inter

1077 195 1146 230 (είας
1161 195 1201 230 τῷ
1216 194 1370 221 ὲκποιοῦντι
1391 195 1436 221 καὶ
1454 195 1487 230 τῇ
1503 195 1586 222 αὑτοῦ
1605 195 1731 232 φαμιλίᾳ,
1749 196 1779 223 οὺ
1795 199 1868 223 κακὰ

235 252 263 272 se
278 244 323 278 jus
335 241 501 278 prailationis
513 241 641 270 habeant.
654 242 690 268 At
704 241 726 268 si
741 241 909 276 repudiarint
926 248 1021 269 omnes

234 289 333 323 quibus
353 292 396 317 est
421 294 552 316 concessa
579 287 770 322 praerogativa,
807 287 849 314 vel
880 288 1020 322 probatum

233 334 314 361 fuerit
327 340 374 361 eos
390 332 540 368 pecuniarii
555 332 658 365 damni,
674 332 716 359 vel
731 331 890 360 insidiarum
906 332 1017 366 corpori

234 384 412 413 structorum,
433 379 476 406 vel
497 378 598 407 atrocis
618 377 737 407 infamia:
761 383 886 406 auctores
912 377 950 418 illi
972 385 1021 405 ex-

232 422 348 456 stitisse,
363 423 408 457 qui
423 429 479 450 rem
501 422 613 456 alienat,
636 422 750 458 ejusque
765 421 894 455 familiae,
921 430 969 450 nec
995 422 1021 450 id

234 462 358 502 tor'tuito,
370 469 417 496 sed
432 469 493 496 data
508 475 602 504 opera,
617 475 665 503 per
679 475 720 501 se,
736 468 777 495 vel
790 476 838 503 per
852 467 975 496 homines
988 468 1022 496 ad

233 522 264 542 se
289 514 456 550 pertinentes
472 522 480 542 :
497 515 565 543 tales
581 521 614 542 eo
636 514 732 547 invito,
746 514 792 549 qui
811 514 943 550 ejusmodi
961 521 1023 549 per-

234 566 329 593 pessus
348 563 402 592 est,
418 558 494 586 nullo
510 559 590 587 modo
605 559 639 587 ad
667 559 752 594 ipsius
767 559 897 594 praedium
924 566 1022 595 pervc-

236 605 294 632 nire
314 604 448 633 volumus.
465 601 503 632 Ek
538 611 620 632 causa
633 609 720 633 tamen
735 604 817 638 dotis,
835 610 883 633 aut
897 605 1022 633 donatio-

237 651 278 678 nis
292 656 405 686 propter
429 651 551 687 nuptias.
565 656 612 679 aut
636 651 767 686 simplicis
784 651 914 680 mortisve
939 660 1020 680 causa

238 695 406 729 donationis,
423 701 469 724 aut
480 703 514 723 ex
527 700 690 724 testamento
707 696 750 724 vel
759 691 967 732 permutatione,
980 698 1023 725 vel

238 742 432 776 transactione,
443 747 495 770 tam
507 743 651 778 propinqui
673 750 779 777 omnes,
796 751 876 778 quam
886 744 1020 777 extranei,

236 785 357 816 alienare
368 792 483 823 possunt
497 797 503 815 :
518 788 599 816 modo
610 796 642 816 ne
654 789 715 824 quis
725 796 773 825 per
783 790 983 817 simulationem
993 797 1022 818 re

235 831 305 859 clam
320 832 353 860 iis
370 833 478 861 vendita
494 832 535 861 vel
553 833 651 866 locata,
665 834 711 870 qui
738 833 839 862 nullum
856 835 1022 869 prtelationis

232 877 278 912 jus
293 877 405 914 habent,
421 879 509 914 palam
531 886 562 908 se
575 865 688 913 donare,
710 880 750 908 vel
772 865 874 916 legare,
891 882 933 909 vel
954 883 1020 917 quid
1037 865 1058 893 Β

234 924 308 952 aliud
322 931 428 958 eorum,
444 933 504 960 quae
515 931 726 954 commemorata
738 931 811 961 sunt,
831 935 885 962 pne
894 935 923 956 se
940 928 1020 956 ferat.

233 969 301 998 Nam
316 975 462 1006 propterea
476 973 523 1006 qui
539 972 715 1008 privilegium
736 973 901 1007 prmlationis
911 974 1020 1008 habent,

236 1020 289 1042 tam
305 1024 319 1043 a
335 1016 426 1051 dante,
443 1024 524 1052 quam
543 1017 576 1044 ab
589 1018 750 1053 accipiente,
764 1018 951 1054 jusjurandum
962 1020 1021 1046 exi-

236 1069 299 1097 gere
316 1067 439 1097 possunt.
467 1062 495 1090 Si
510 1071 572 1091 vero
583 1064 628 1098 qui
638 1064 767 1097 alienant,
781 1064 808 1091 in
823 1064 945 1092 fraudem
958 1065 1024 1101 legis

236 1111 336 1135 nostrae
347 1107 420 1135 aliud
429 1108 492 1143 quid
508 1116 589 1152 aqere
600 1108 701 1137 iuerint
715 1109 785 1150 ausi,
803 1114 829 1138 et
848 1110 919 1137 aliud
929 1115 1024 1145 aperte

235 1162 292 1189 prce
324 1163 353 1183 se
381 1155 493 1183 tulerint
524 1147 531 1182 ἐ
568 1155 702 1191 siquidem
738 1147 797 1190 post
833 1156 1022 1192 jusjurandum

236 1200 355 1228 convicti
370 1200 482 1235 fuerint,
497 1205 550 1228 tam
574 1200 635 1240 ipsi,
660 1207 740 1237 quam
755 1201 801 1236 qui
821 1200 889 1229 adeo
910 1201 1022 1229 fraudu-

237 1245 324 1272 lenter
338 1249 394 1273 tum
407 1245 447 1274 eis
461 1249 669 1279 centraxerunt,
683 1250 710 1274 et
724 1246 838 1281 perjurii
853 1253 948 1281 pwnas
958 1254 1021 1274 sus-

239 1290 374 1324 tinebunt,
392 1295 418 1318 et
439 1291 509 1319 alter
526 1291 621 1325 fundo,
640 1286 710 1319 alter
728 1291 817 1326 pretio
834 1291 903 1319 clam
929 1299 1023 1319 nume-

237 1342 295 1363 rato
311 1336 435 1370 excidet;
454 1337 576 1372 utrisque
595 1336 662 1364 ﬁsco
683 1336 840 1370 inferendis,
865 1342 895 1364 ut
919 1344 934 1364 a
958 1337 1024 1364 ﬁsco

236 1389 279 1407 res
293 1382 334 1414 iis,
352 1383 396 1416 qui
413 1382 528 1417 proximi
559 1387 633 1415 sunt,
663 1384 853 1411 venumdetur.
887 1382 935 1410 Sin
960 1388 1024 1410 ante

1072 240 1168 275 τύχην,
1180 240 1240 267 ἀλλ’
1249 241 1281 266 ἐκ
1298 240 1438 275 προνοίας,
1449 239 1484 266 δι’
1501 240 1608 268 ἑαυτῶν
1623 241 1640 277 ἢ
1655 241 1699 268 διὰ
1709 242 1764 269 15w
1779 251 1867 278 προσ-

1072 286 1194 321 ηκόντων
1215 286 1307 318 αὐτοῖς
1323 286 1478 321 γεγονότες,
1497 286 1562 319 τοὺς
1587 289 1726 320 τοιούτους
1750 288 1868 322 ἄκοντος

1072 332 1119 359 τοῦ
1133 332 1298 365 πεπονθότος
1320 333 1379 365 κατ’
1395 332 1492 359 οὐδένα
1502 333 1604 369 τρόπον
1619 334 1658 365 είς
1684 333 1733 369 τὴν
1759 335 1868 361 ἐκείνου

1073 379 1171 413 κτῆσιν
1202 378 1388 414 εἰσενεχθῆναι
1418 377 1580 413 βουλόμεθα.
1615 378 1695 405 Κατὰ
1727 379 1868 413 πρόφασιν

1074 423 1167 459 μέντοι
1184 423 1297 459 προικὸς
1314 423 1331 460 ἢ
1352 424 1540 460 προγαμιαίας
1556 423 1660 460 δωρεᾶς
1734 424 1824 458 ἁπλῆς
1849 425 1868 460 ἢ

1073 468 1190 496 θανάτου
1202 469 1279 504 αἰτίᾳ
1290 469 1396 504 δωρεᾶς
1410 468 1426 503 ἢ
1439 469 1472 495 ὲκ
1484 468 1618 504 διαθήκης
1630 469 1648 504 ἢ
1661 469 1834 506 ἀπαλλαγῆς
1849 470 1867 504 ἦ

1074 514 1222 546 διαλύσεως
1233 515 1280 542 καὶ
1295 516 1390 542 οἰκεῖοι
1407 515 1455 542 καὶ
1471 515 1597 549 ἑξωτικοὶ
1609 515 1729 548 ἅπαντες
1742 516 1867 543 ὲκποιεῖν

1072 557 1224 587 δύνανται·
1254 558 1335 593 μόνον
1350 559 1394 586 ῖνα
1423 559 1461 594 μή
1491 567 1533 591 τις
1558 559 1628 588 κατὰ
1650 560 1752 596 σκῆψιν
1778 560 1867 596 λάθρα

1073 604 1202 640 πωλήσας
1214 605 1231 640 ἢ
1249 604 1394 640 μισθώσας
1405 606 1463 638 τοῖς
1482 606 1520 641 μὴ
1534 600 1764 642 προτιμωμένοις,
1780 608 1809 634 ὲν
1826 608 1869 642 τῷ

1074 650 1185 686 φανερῷ
1207 651 1354 686 δωρεῖσθαι
1368 651 1384 686 ἢ
1399 652 1557 686 λεγατεύειν
1571 653 1588 687 ἡ
1602 661 1629 679 τι
1642 652 1697 679 τῶν
1711 653 1869 688 εἰρημένων

1074 696 1307 731 προσποιήσηται.
1336 697 1387 723 Διὰ
1413 697 1500 724 ταῦτα
1518 697 1572 733 γὰρ
1587 699 1635 725 καὶ
1660 699 1741 733 ὅρκον
1760 699 1808 725 τοῦ
1835 708 1868 725 τε

1073 741 1189 774 διδόντος
1219 743 1267 770 καὶ
1290 743 1338 770 τοῦ
1352 743 1536 778 λαμϐάνοντος
1551 744 1576 770 oi
1591 744 1621 771 τὸ
1645 745 1792 780 προνόμιον
1815 745 1868 777 τῆς

1073 787 1267 823 προτιμήσεως
1289 788 1396 824 ἔχοντες
1421 789 1549 817 δύνανται
1567 791 1705 818 ἀπαιτεῖν.
1731 791 1763 817 Et
1778 791 1807 818 δέ
1833 799 1868 825 γα

1074 833 1098 859 οἱ
1113 833 1291 866 ἐκποιοῦντες
1308 833 1376 870 πρὸς
1401 835 1576 871 περιγραφὴν
1599 835 1650 871 τῆς
1666 837 1803 871 ἡμετέρας
1821 845 1870 863 νο-

1077 878 1207 914 μοθεσῑας
1224 878 1288 905 ἄλλο
1301 887 1328 905 τι
1344 879 1447 915 πρᾶξαι
1462 880 1626 916 τολμήσουσι
1643 881 1690 908 καὶ
1714 881 1779 909 ἄλλο
1797 890 1825 908 τι
1835 883 1869 908 ἑκ

1075 924 1122 951 τοῦ
1139 924 1258 961 φανεροῦ
1274 926 1516 962 προσποιήσονται,
1534 928 1560 953 εί
1579 927 1629 962 μὲν
1644 927 1714 962 μετὰ
1724 928 1770 954 τὸν
1783 928 1869 963 ὁρκον

1075 971 1252 1007 ἐλεγχθῶσιν,
1273 972 1350 999 αὐτοί
1364 981 1395 1000 τε
1413 974 1460 1000 καὶ
1483 975 1508 1000 οἱ
1535 973 1607 1001 οὕτω
1628 974 1746 1009 δολερῶς
1773 975 1870 1006 αὐτοῖς

1076 1017 1291 1050 συναλλάξαντες
1302 1018 1351 1050 τάς
1361 1027 1391 1045 τε
1402 1019 1450 1054 τῆς
1463 1019 1605 1054 ἐπιορκίας
1617 1020 1713 1051 ποινὰς
1724 1020 1869 1055 ὑφέξουσι,

1078 1062 1125 1090 καὶ
1140 1063 1154 1089 ό
1172 1063 1221 1098 μὲν
1239 1063 1286 1090 τοῦ
1300 1064 1452 1100 κτήματος,
1466 1066 1480 1091 6
1498 1065 1526 1091 δὲ
1546 1064 1594 1092 τοῦ
1616 1065 1703 1101 λάθρα
1725 1066 1871 1100 καταϐλη-

1078 1107 1170 1139 θέντος
1199 1107 1357 1143 τιμήματος
1382 1110 1552 1142 ἐκπεσεῖται,
1582 1110 1629 1137 καὶ
1656 1110 1800 1146 ἀμφότερα
1827 1111 1868 1145 τῷ

1076 1153 1199 1188 δημοσίῳ
1212 1154 1482 1190 είσκομισθὴσονται,
1499 1157 1542 1183 ἴνα
1557 1157 1589 1182 ὲκ
1606 1155 1653 1183 τοῦ
1672 1157 1804 1191 δημοσίου
1826 1158 1868 1188 εἰς

1076 1200 1139 1232 τοὺς
1154 1200 1355 1235 πλησιάζοντας
1376 1201 1524 1237 διαπραθῇ.
1549 1201 1581 1228 Εἰ
1601 1201 1630 1228 δὲ
1652 1201 1705 1237 πρὸ
1717 1201 1764 1228 τοῦ
1782 1202 1868 1236 ὅρκου

1075 1247 1225 1283 φωραθεῖεν
1235 1248 1355 1274 τοιοῦτόν
1367 1257 1393 1274 τι
1406 1248 1633 1284 διαπραξάμενοι,
1645 1248 1732 1275 καὶτὸ
1743 1247 1868 1283 πραχθὲν

1075 1292 1178 1328 ἄκυρον
1193 1292 1280 1326 ἔσται,
1296 1295 1344 1321 καὶ
1366 1294 1397 1320 τὸ
1418 1296 1511 1330 κτῆμα
1536 1295 1550 1321 ὁ
1567 1294 1640 1328 ἅπαξ
1655 1293 1797 1329 πειραθεὶς
1813 1302 1866 1320 κα-

1075 1338 1132 1371 κῶς
1149 1340 1296 1374 ὲκποιῆσαι
1315 1341 1362 1367 καὶ
1383 1340 1458 1367 ἄκων
1474 1340 1668 1376 ἀπεμπολῆσαι
1689 1340 1867 1374 ἀναγκασθή-

1077 1392 1152 1411 σεται
1165 1385 1205 1417 είς
1218 1385 1348 1417 ἐκείνους,
1364 1382 1403 1417 οἷς
1419 1385 1576 1421 δεδώκαμεν
1590 1387 1639 1422 τὴν
1649 1386 1827 1421 προτίμησιν.

236 1428 582 1463 pra-stilumjusjurandum
595 1427 646 1454 tale
653 1428 716 1462 quid
731 1427 817 1462 egisse
825 1428 984 1462 deprehensi
1001 1428 1111 1462 fuerint,
1131 1431 1237 1464 etquod
1247 1437 1334 1460 actum
1345 1432 1396 1459 erit
1406 1432 1513 1459 irritum
1523 1432 1590 1464 erit.
1606 1437 1633 1459 et
1644 1432 1689 1466 qui
1705 1432 1788 1459 semel
1801 1431 1866 1458 ru..-

237 1475 299 1502 dnm
314 1476 436 1510 nequiter
447 1475 566 1502 alienare
574 1479 689 1502 conatus
697 1479 749 1507 est,
760 1475 803 1502 vel
813 1475 913 1502 invitus
924 1482 984 1501 eum
994 1479 1104 1509 cogetur
1122 1476 1155 1503 iis
1165 1478 1290 1508 vendere,
1301 1478 1453 1512 quibusjns
1470 1478 1656 1513 praerogativae
1667 1478 1866 1506 concessimus.

272 1521 300 1548 2.
314 1521 472 1549 Potentibus
492 1525 582 1548 autem
594 1521 718 1556 personis
735 1521 767 1548 tle
792 1525 892 1549 caetero
913 1521 1026 1548 interdi-

1116 1523 1150 1557 β’.
1167 1524 1229 1555 Τοῖς
1241 1524 1270 1550 δὲ
1285 1524 1406 1556 δυνατοῖς
1420 1524 1630 1560 ἁπαγορεύομεν
1641 1523 1688 1550 τοῦ
1703 1524 1797 1550 λοιποῦ
1809 1524 1867 1549 uic-

242 1567 340 1598 cimus,
356 1574 387 1593 ne
398 1573 446 1600 per
461 1565 570 1593 modum
584 1565 749 1600 adoptionis,
762 1571 808 1594 aut
824 1565 967 1601 simplicis,
979 1571 1024 1593 aut

1078 1569 1171 1600 Θεσίας
1183 1570 1276 1606 τρόπῳ
1293 1570 1310 1605 ἢ
1323 1571 1428 1605 δωρεᾶς
1443 1558 1533 1605 ἁπλῆς
1549 1570 1566 1605 ἢ
1582 1570 1699 1597 θανάτου
1714 1569 1789 1604 αἰτίᾳ
1801 1570 1818 1604 ἢ
1835 1571 1868 1596 ὲκ

240 1611 336 1638 mortis
348 1618 430 1638 causa
457 1610 622 1644 dormtionis,
648 1616 697 1639 aut
721 1619 755 1639 ex
780 1615 954 1644 testamento,
980 1617 1026 1639 aut

240 1656 350 1683 nomine
359 1656 442 1683 solius
456 1657 638 1691 ususit‘uclus,
648 1661 694 1684 aut
709 1656 822 1692 alicujus
831 1658 972 1693 patrocinii
986 1657 1026 1684 vel

239 1701 344 1734 attxilii,
360 1703 506 1737 quidquam
524 1703 557 1730 ab
575 1702 768 1731 humilioribus
798 1703 933 1738 aecipiant
975 1703 1026 1731 nisi

239 1748 309 1786 forte
325 1747 469 1783 propinqui
487 1754 581 1774 eorum
600 1747 713 1775 fuerint.
723 1747 779 1776 Nec
795 1748 860 1776 item
876 1755 959 1776 navas
971 1756 1027 1775 ent-

239 1793 357 1829 ptiones,
372 1797 420 1820 aut
432 1792 591 1826 locationes,
607 1798 655 1821 aut
666 1794 877 1829 permutationes
892 1794 918 1821 in
947 1795 1025 1827 vicis,

240 1845 286 1867 aut
300 1839 383 1875 agris,
405 1840 430 1867 in
447 1840 545 1875 quibus
557 1840 682 1876 proprios
698 1840 795 1868 fundos
821 1840 909 1868 nullos
927 1841 1027 1869 habent

240 1891 303 1911 cum
316 1884 469 1912 earumdem
481 1885 846 1922 possessoribusinstituant.
858 1886 933 1920 Quod
940 1887 962 1914 si
972 1894 1025 1918 non

239 1922 336 1957 horum
351 1931 483 1958 stationes
496 1935 570 1965 sunt,
586 1931 633 1959 sed
650 1931 683 1959 ad
700 1939 830 1966 personas
843 1932 910 1960 alias
928 1933 1028 1961 subur-

238 1976 321 2010 bana,
341 1983 401 2011 quae
415 1975 615 2010 distrahuntur,
629 1978 785 2013 pertinent;
804 1978 861 2006 sive
876 1986 891 2006 a
907 1978 972 2006 ﬁsco
987 1978 1026 2006 lo-

237 2028 354 2056 ca,qutn
369 2021 511 2049 tributaria
541 2021 679 2055 dicuntur,
705 2022 792 2050 aliave
817 2023 917 2058 praedia
941 2022 1026 2058 ipsius

239 2067 413 2095 alienantur:
433 2067 560 2096 similiter
578 2068 660 2096 iidem
677 2076 851 2104 possessores
877 2069 1026 2104 praeferan-

239 2119 293 2141 tur.
308 2114 343 2141 At
357 2114 408 2147 ,his
426 2119 521 2150 sponte
536 2122 584 2143 sua
598 2115 814 2150 repudiantibus,
832 2116 915 2144 etiam
931 2122 1026 2150 poten-

239 2159 311 2186 tibus
328 2160 491 2195 contrabere
505 2158 547 2187 fas
561 2164 614 2187 est.
626 2158 753 2188 Potentes
773 2163 863 2188 autem
875 2159 1026 2196 intelligan-

1076 1614 1208 1650 διαθήκης
1225 1616 1243 1652 ἢ
1256 1616 1325 1642 κατὰ
1353 1616 1437 1652 μόνην
1462 1617 1561 1651 χρῆσιν
1587 1615 1604 1650 ἢ
1619 1614 1657 1647 ὡς
1670 1615 1716 1642 ἒπί
1729 1623 1783 1642 τινι
1798 1623 1868 1649 προ-

1079 1661 1177 1696 στασίᾳ
1193 1662 1239 1687 καὶ
1256 1661 1394 1696 συ·,δρομῇ
1410 1661 1560 1696 λαμϐάνειν
1577 1669 1602 1687 τι
1625 1659 1701 1695 παρὰ
1713 1659 1768 1686 τῶν
1789 1660 1869 1686 εὐτε-

1077 1705 1221 1742 λεστέρων,
1245 1707 1270 1732 εἱ
1295 1706 1333 1742 μὴ
1348 1707 1403 1740 ἄρα
1423 1707 1564 1740 συγγενεῖς
1579 1705 1669 1734 αὐτῶν
1685 1703 1751 1732 εἶεν.
1784 1704 1868 1732 Ἀλλὰ

1078 1751 1146 1786 μηδὲ
1162 1751 1224 1783 νέας
1240 1751 1390 1786 ἀγορασίας
1411 1752 1547 1779 ποιεῖσθαι
1561 1751 1578 1786 ἢ
1597 1750 1746 1787 μισθώσεις
1763 1750 1780 1785 ἢ
1799 1751 1868 1777 ἀντ-

1077 1797 1198 1832 αλλαγὰς
1227 1797 1255 1824 ἐν
1279 1806 1335 1824 τισι
1359 1797 1471 1833 χωρίοις
1503 1797 1520 1832 ἢ
1540 1797 1684 1831 ἁγριδίοις,
1707 1797 1738 1823 ὲν
1759 1793 1800 1827 οἷς
1815 1796 1868 1823 οὐκ

1077 1843 1184 1878 ἔχουσιν
1199 1843 1251 1870 ῖδια
1267 1843 1406 1877 κτήματα,
1428 1843 1460 1869 ἐκ
1477 1842 1533 1870 τῶν
1554 1841 1695 1877 κτητόρων
1713 1840 1814 1868 αὐτῶν.
1835 1841 1868 1867 Εἰ

1077 1888 1105 1916 δὲ
1127 1889 1166 1924 μὴ
1188 1889 1292 1916 τούτων
1316 1889 1343 1916 αἱ
1359 1889 1481 1922 στάσεις,
1502 1888 1559 1916 ἀλλ’
1585 1888 1686 1924 ἐτέρων
1711 1887 1869 1923 προσώπων

1077 1935 1133 1962 etei
1145 1935 1180 1962 τὰ
1200 1935 1457 1970 διαπιπραακόμενα
1484 1935 1646 1970 προάστεια,
1671 1935 1727 1962 εἴτε
1755 1935 1788 1961 ὲκ
1817 1932 1869 1959 τοῦ

1077 1981 1207 2016 δημοσίου
1220 1981 1244 2007 ot
1262 1980 1403 2016 λεγόμενοι
1416 1980 1601 2015 κλασματικοὶ
1613 1979 1691 2006 τόποι
1702 1979 1720 2014 ἢ
1737 1978 1784 2006 καὶ
1799 1978 1869 2012 ἄλλη

1077 2027 1175 2062 κτῆσις
1189 2026 1330 2061 ἀνήκουσα
1342 2025 1417 2061 αὺτῷ
1428 2026 1600 2060 ﬂammei-rat,
1626 2025 1675 2052 atat
1695 2023 1826 2054 ὡσαύτως
1841 2024 1868 2048 αἱ

1077 2073 1155 2100 αὐτοὶ
1185 2073 1317 2108 κτήτορες
1345 2071 1586 2107 πῳτιμάσθωσαν.
1603 2070 1713 2098 Τούτων
1729 2069 1757 2096 δὲ
1787 2069 1871 2095 ἑκου-

1077 2117 1143 2149 σίως
1160 2117 1400 2152 ἀποτασσομὲνων,
1417 2116 1478 2144 τότε
1496 2116 1613 2150 καὶτοῖς
1632 2115 1754 2145 δυνατοῖς
1777 2113 1869 2146 ἔξεστι

1078 2162 1281 2191 συναλλάττειν.
1296 2163 1410 2190 Ἐκεῖνοι
1421 2161 1450 2189 δὲ
1460 2161 1625 2189 νοείσθωσαν
1638 2160 1757 2193 δυνατοὶ,
1768 2160 1868 2191 οἵτινες

238 2210 301 2238 tur,
332 2205 390 2241 qui,
423 2205 613 2244 tametsinon
643 2214 693 2241 per
722 2206 835 2241 seipsos,
863 2210 954 2234 tamen
978 2214 1024 2242 per

1078 2210 1129 2237 κᾶν
1145 2209 1183 2245 μὴ
1196 2209 1230 2236 δι’
1248 2209 1365 2243 ἑαυτῶν,
1386 2208 1443 2235 ἀλλ’
1463 2206 1510 2235 οὖν
1534 2208 1579 2235 διὰ
1605 2209 1654 2244 τῆς
1671 2208 1772 2241 ἐτέρων
1784 2207 1869 2234 δυνα-

237 2251 352 2279 aliorum
365 2251 525 2287 potentiam,
543 2252 642 2291 quibus
655 2258 716 2279 cum
729 2251 827 2280 ﬁducia
846 2257 873 2280 et
893 2251 1022 2280 libertate

236 2291 353 2334 quadam
371 2297 520 2335 familiares
540 2302 615 2332 sunt,
629 2298 697 2326 satis
710 2298 808 2326 virium
832 2298 867 2326 ad
884 2299 1027 2328 terrendos

237 2345 388 2372 :tlienantes
398 2343 510 2376 habent,
526 2343 569 2381 vel
587 2343 623 2371 ad
637 2343 822 2378 efﬁciendum,
835 2348 865 2372 ut
887 2344 920 2372 de
945 2345 1027 2382 benc-

239 2390 300 2418 licio
314 2390 365 2418 sibi
384 2389 520 2428 promisso
536 2390 604 2423 certi
619 2390 686 2418 sint.
704 2390 732 2418 Si
745 2398 798 2426 qua
815 2398 881 2419 vero
911 2399 944 2420 ex
964 2399 1027 2427 per-

238 2436 312 2464 sonis
330 2436 486 2472 potentibns
499 2435 602 2472 aliquid
617 2435 750 2471 ejusmodi
764 2441 926 2472 perpetrare
942 2445 1025 2465 cona-

238 2488 266 2511 ta
285 2482 379 2516 fuerit,
395 2486 423 2510 et
436 2481 520 2510 fundo
534 2481 708 2522 spoliabitur,
718 2487 746 2510 et
760 2482 883 2518 ejusdem
908 2483 1025 2518 pretium

237 2530 272 2556 ab
284 2536 317 2557 ea
333 2528 415 2559 ﬁscus
427 2528 527 2564 exiget.
554 2522 618 2559 Post
642 2528 804 2561 decennium
825 2534 916 2557 tamen
942 2534 1027 2557 attes-

238 2575 341 2603 latione
353 2575 427 2603 nulla
442 2574 635 2615 interruptum,
650 2576 781 2606 adversus
804 2583 863 2610 eos,
886 2576 932 2612 qui
958 2584 1026 2611 quo-

240 2628 349 2656 cunque
364 2621 443 2650 modo
468 2625 675 2656 contraxerunt,
692 2626 739 2650 aut
756 2622 915 2651 donationes
931 2630 1028 2651 conse-

240 2667 295 2695 cuti
322 2659 397 2702 sunt,
422 2672 469 2695 aut
479 2675 514 2695 ex
537 2672 698 2698 testamento
714 2669 780 2703 quid
805 2669 1027 2703 acquisiverunt:

240 2713 274 2740 ab
290 2720 385 2741 eorum
407 2713 526 2747 nemine,
542 2714 588 2750 qui
604 2714 768 2749 praelationis
786 2714 902 2750 hincjus
917 2714 1028 2748 habent,

240 2766 291 2787 nec
303 2758 368 2786 item
380 2766 395 2786 ιι
407 2757 473 2786 ﬁsco
484 2759 537 2786 ulla
555 2750 739 2788 controversia
757 2760 920 2788 movebitur.

273 2804 301 2832 3.
312 2803 417 2831 Praeter
431 2803 626 2839 haeejubcmus
641 2809 670 2831 ut
684 2812 779 2833 omnes
803 2805 879 2833 t‘un-tli
895 2805 1027 2834 militares

239 2850 286 2886 qui
310 2855 475 2885 quocunque
493 2849 573 2881 modo
589 2850 662 2879 intra
682 2852 798 2885 spatium
821 2860 953 2880 annorum
971 2854 1029 2882 :tri-

1076 2256 1181 2289 στείας,
1195 2256 1264 2290 πρὸς
1276 2254 1323 2287 οὒς
1335 2255 1620 2292 πιπαρῤησιασμὲνως
1629 2253 1794 2289 ᾠκείωνται,
1807 2254 1870 2279 ικα-

1078 2302 1118 2329 νοί
1134 2303 1203 2329 εἰσιν
1219 2301 1371 2337 ἐκφοϐῆσαι
1383 2301 1447 2333 τοὺς
1461 2300 1651 2333 ἐκποιοῠντας,
1666 2301 1683 2335 ἢ
1702 2300 1771 2336 πρὸς
1788 2300 1870 2334 εὐερ-

1077 2349 1173 2385 γεσίας
1201 2348 1350 2383 ὑπόσχεσιν
1376 2347 1427 2383 τὴν
1442 2347 1631 2383 πληροφορίαν
1656 2347 1749 2379 αὐτοῖς
1777 2355 1869 2381 παρα-

1079 2396 1165 2432 σχεῖν.
1180 2395 1211 2422 Et
1229 2395 1258 2422 δέ
1271 2403 1313 2426 τις
1326 2395 1358 2423 ὲκ
1371 2394 1426 2421 τῶν
1438 2394 1560 2422 δυνατῶν
1578 2393 1733 2429 προσώπων
1747 2392 1872 2419 τοιοῦτον

1077 2451 1105 2470 τι
1136 2435 1542 2477 ὲγχειρήσειδιαπράξασθαι,
1573 2439 1621 2467 καὶ
1651 2439 1699 2466 τοῦ
1728 2439 1870 2473 κτήματος

1079 2487 1278 2524 στερηθήσεται
1303 2487 1350 2514 καὶ
1380 2486 1429 2522 τὴν
1459 2486 1626 2521 ἀποτίμησιν
1654 2483 1736 2511 αὑτοῦ
1762 2484 1794 2509 ὲκ
1821 2482 1871 2508 τοῦ

1078 2533 1207 2570 δημοσίου
1232 2532 1474 2569 εἰσπραχοήσεται.
1499 2531 1578 2559 Μετὰ
1606 2531 1699 2566 μέντοι
1724 2527 1870 2554 δεκαετίαν

1078 2578 1283 2614 ἀνεπιφιῦνητον
1298 2578 1369 2605 κατὰ
1390 2578 1445 2606 τῶν
1463 2577 1585 2604 ὁπωσοῦν
1610 2573 1830 2606 συναλλαξάντων
1853 2573 1871 2608 ἦ

1078 2626 1183 2662 δωρεὰς
1207 2625 1364 2660 δεξαμένων
1387 2625 1404 2660 ἦ
1422 2624 1454 2651 ὲκ
1480 2622 1614 2658 διαθήκης
1638 2629 1666 2647 τι
1688 2619 1872 2654 κτησαμένων

1079 2672 1191 2707 οὐδεμία
1209 2671 1276 2707 παρ’
1294 2670 1400 2703 οὐδενδς
1418 2671 1473 2697 τῶν
1489 2668 1617 2697 ἐντεῦθεν
1640 2665 1870 2702 προτιμωμένων,

1079 2718 1095 2753 ἢ
1111 2720 1156 2745 καὶ
1169 2718 1207 2750 ὡς
1222 2718 1254 2744 ὲκ
1266 2717 1312 2744 τοῦ
1328 2717 1460 2753 δημοσίου
1475 2716 1589 2751 ζήτησις
1604 2713 1694 2741 ἔσται.

1114 2810 1150 2841 γ’.
1167 2807 1237 2842 Πρὸς
1256 2806 1361 2840 τούτοις
1386 2805 1416 2832 δὲ
1445 2804 1606 2839 κελεύομεν,
1635 2802 1707 2829 ὥστε
1733 2801 1822 2827 πάντα
1837 2800 1873 2826 τὰ

1082 2853 1268 2890 στρατιωτικά
1295 2853 1436 2888 κτήματα,
1465 2852 1519 2881 ὅσα
1543 2850 1620 2883 ἐντὸς
1646 2847 1872 2885 τριακονταετίας
