1945 3073
215 117 268 149 ἒιῗιῦ

722 102 969 136 CONSTANTINI
986 100 1207 132 PORPHYROG
1213 99 1319 130 ENITI

1788 99 1850 130 ἴε]

249 176 275 202 5.
294 174 330 201 De
349 176 475 198 concesso
490 165 596 195 triennii
620 170 739 199 tempore
753 167 863 198 propter
880 161 991 188 refusin-

1080 156 1109 182 ε’.
1125 157 1192 192 Περὶ
1205 156 1252 182 τοῦ
1269 156 1393 186 δοθέντος
1408 154 1531 190 τριετοῦς
1547 155 1644 190 χρόνου
1669 156 1764 182 ’ἕνεκεν
1786 159 1845 189 τῆς

213 227 272 247 nem
298 216 387 252 pretii.
410 218 491 247 utque
508 211 598 240 statim
622 210 732 244 juvetur
757 208 833 241 inops
848 207 880 233 ad
903 206 994 241 praedii

214 251 452 297 recuperationem,
471 265 521 285 una
545 264 606 284 cum
625 254 743 287 caeteris,
760 253 857 288 quibus
874 252 923 279 hac
937 251 995 286 lege

212 305 331 343 praelatio
344 310 471 332 concessa
488 305 540 329 est.

246 394 271 422 ti.
295 393 333 421 De
349 390 463 420 venditis
487 394 547 425 post
573 388 745 417 indictionem
771 387 885 423 primam
909 392 993 421 usque

210 441 242 468 a'l
259 444 395 471 octavam,
414 436 619 464 aestimationem
635 434 716 469 duplo
727 433 855 468 majorem
868 432 992 460 habenti-

211 487 270 517 bus,
290 488 319 511 ut
334 483 436 518 absque
450 481 538 517 pretio
552 479 708 508 reddantur.

247 529 272 556 7.
294 529 332 557 De
347 525 572 556 condcmnatione
587 524 706 556 illorum,
722 523 766 558 qui
781 525 905 550 emerunt
922 520 993 549 intra

210 575 368 611 praedictum
385 577 488 607 tempus
505 571 609 598 minore
624 569 722 605 pretio,
740 575 819 603 quam
830 567 913 602 justo.

245 621 272 648 8.
292 619 327 648 Ut
340 618 502 646 monasteria
515 616 688 652 pmdiorum,
704 622 764 650 quae
778 614 842 649 ipsis
861 613 936 641 titulo
949 620 992 640 re-

211 665 387 694 nuntiatiOnis
404 664 503 692 mundo
527 663 605 691 facta:
628 662 736 694 dantur,
759 659 950 688 aestimationes
965 664 992 688 et

211 714 305 749 pretia,
322 719 375 740 non
392 711 464 746 ipsos
477 709 574 738 fundos
590 708 731 743 accipiant.

247 759 405 787 llominibus
425 758 468 791 iis,
485 757 530 792 qui
550 756 632 783 vafrze
655 762 751 783 manus
767 759 795 782 et
817 754 994 784 fraudulenta

210 806 359 837 solertiam,
390 804 517 832 eximium
540 806 566 830 ct
588 806 728 836 augustum
746 801 872 836 quiddam
892 801 993 829 ducunt

211 856 291 886 atque
315 853 482 884 nuncupant,
505 847 594 882 magni
612 847 663 875 hoc
677 847 836 879 mstimutur,
851 851 879 874 et
902 847 993 875 studio

209 895 339 931 singulari
362 893 513 930 expetitur;
536 897 567 920 ut
589 892 621 920 ad
640 891 712 920 illius
734 892 814 927 primi
841 892 993 928 deceptoris

210 941 398 973 imitationem,
410 938 532 967 habitum
544 938 694 966 animorum
702 945 812 966 suorum
824 944 991 973 comparent.

208 987 311 1021 Quibus
326 991 416 1014 autem
435 985 486 1013 hoc
503 991 630 1020 magnum
649 991 681 1012 ac
695 983 857 1011 fortunatum
873 988 992 1019 putatur,

209 1034 242 1062 iis
255 1040 321 1061 sane
336 1032 403 1060 nihil
420 1031 491 1059 aliud
513 1035 576 1058 ante
599 1029 692 1058 oculos
714 1030 830 1064 positum
845 1035 897 1062 est,
913 1037 992 1065 quam

210 1084 239 1107 ut
257 1084 282 1107 et
303 1078 459 1110 creationis,
481 1082 509 1104 et
528 1076 621 1111 iudicii
644 1075 792 1103 doctrinam
816 1075 991 1103 inlicientur:

211 1132 261 1152 nee
277 1124 348 1152 aliud
366 1128 460 1155 restat,
478 1129 559 1158 quam
576 1126 605 1148 nt
623 1129 683 1150 esse
700 1122 751 1149 hoc
767 1121 919 1148 institutum
934 1120 994 1148 ani-

213 1170 248 1197 mi
266 1170 307 1197 sui
329 1168 477 1200 declarent,
496 1171 526 1195 ut
545 1168 626 1194 vitam
646 1174 751 1194 omnem
768 1167 794 1194 in
812 1168 890 1194 terris
905 1166 994 1202 perci-

211 1216 297 1250 piant,
312 1219 341 1242 et
356 1215 382 1241 in
401 1214 450 1241 hoc
465 1213 532 1241 orbe
548 1213 684 1240 duntaxat
700 1220 732 1240 ex
750 1216 812 1241 voto
828 1220 878 1240 suo
892 1213 993 1240 vivant.

212 1261 388 1296 llincingens
408 1259 452 1287 illa
473 1259 596 1287 confusio
621 1266 722 1292 rerum,
749 1259 812 1287 hinc
837 1259 881 1286 illa
899 1266 993 1294 magna

212 1304 375 1331 nefariorum
392 1303 542 1330 facinorum
560 1303 674 1336 illuvies,
692 1303 754 1330 hinc
770 1302 861 1337 gravis
883 1306 911 1330 et
933 1302 992 1330 diu-

212 1353 290 1377 turna
305 1357 451 1384 pauperum
466 1349 618 1382 calamitas,
631 1353 658 1376 et
670 1356 802 1381 :erumna,
815 1348 995 1383 frequensque

211 1395 325 1430 gemitus
342 1395 461 1430 inopum,
477 1401 590 1429 quorum
605 1401 688 1422 causa
707 1394 834 1422 Dominus
863 1395 994 1430 exsurgit,

213 1440 374 1468 utdicitur:
394 1439 504 1474 Propter
528 1447 675 1467 «erumnam
698 1447 854 1474 pauperum,
886 1444 912 1467 et
937 1441 996 1468 ino-

213 1494 274 1519 pum
297 1486 432 1521 gemitum,
457 1493 525 1512 nunc
548 1492 670 1520 exsurgo,
702 1485 766 1512 dicit
782 1484 910 1512 Dominus
924 1485 944 1513 '.
965 1486 994 1513 Si

215 1531 286 1558 Deus
303 1531 335 1558 ad
350 1530 497 1558 vindictam
517 1530 650 1564 exsurgit,
674 1530 719 1564 qui
745 1534 772 1557 et
793 1529 870 1557 tinxit
889 1538 949 1563 nos,
968 1535 995 1558 et

214 1574 291 1602 saluti
305 1574 433 1608 restituit,
447 1578 473 1601 et
489 1578 584 1609 regnat
598 1583 605 1601 :
620 1581 673 1609 quo
691 1579 769 1609 pacto
779 1582 794 1601 a
807 1574 884 1603 nobis
898 1582 929 1603 ea
946 1583 994 1603 ne-

1047 202 1221 236 ἀναστροφῆς
1237 201 1283 228 τοῦ
1301 202 1466 237 τιμήματος,
1480 201 1528 228 καὶ
1542 202 1591 236 τῆς
1605 202 1773 229 ἁπεντεῦθεν
1786 204 1846 237 ἥδη

1047 247 1223 281 παραδόσεως
1248 246 1295 273 τοῦ
1334 247 1474 282 κτήματος
1508 246 1636 281 βοήθειαν
1667 246 1706 281 τῷ
1737 247 1843 282 ἀπόρῳ

1047 297 1178 332 πράττειν
1192 296 1240 324 καὶ
1254 297 1310 327 τοῖς
1330 295 1434 327 λοιποῖς
1450 296 1506 327 τοίς
1522 295 1576 322 ἀπὸ
1590 294 1667 321 τοῦδε
1683 294 1731 321 τοῦ
1748 295 1841 329 νόμου

1047 341 1250 377 προτιμηθεῑσι.

1083 387 1118 420 ς’.
1139 387 1206 420 Περὶ
1226 386 1281 413 τῶν
1298 387 1353 414 ἀπὸ
1365 387 1416 421 τῆς
1433 385 1546 421 πρώτης
1567 385 1733 417 ίνδικτιῶνος
1750 386 1839 421 μέχρι

1046 434 1095 467 τῆς
1116 432 1213 467 ὀγδόης
1235 432 1407 467 πραθέντων,
1429 431 1513 464 ἀξίων
1532 431 1617 458 δντων
1634 430 1765 458 ἐπέκεινα
1783 432 1836 457 τοῦ

1045 478 1225 511 διπλασίονος,
1239 477 1460 514 ἀναστρέφεσθαι
1480 477 1585 513 ἀναργύ
1591 486 1644 514 ρως

1080 524 1111 556 ζ’.
1127 524 1196 560 Περὶ
1210 525 1259 560 τῆς
1279 524 1429 558 καταδίκης
1444 523 1498 551 τῶν
1513 523 1707 558 ἀγορασὰντων
1724 522 1837 549 ἔνδοθεν

1044 570 1090 596 τοῦ
1102 570 1303 606 προρρηθέντος
1315 570 1410 605 χρόνου
1433 569 1542 596 ἔλαττον
1558 569 1606 603 τῆς
1615 568 1722 599 δικαίας
1736 569 1834 602 τιμῆς.

1081 617 1116 653 η’.
1134 617 1201 653 Περὶ
1223 616 1271 642 τοῦ
1285 615 1379 642 λαϐεῖν
1402 615 1452 650 (6),
1472 615 1540 641 ἀλλὰ
1562 615 1609 641 καὶ
1629 613 1778 649 λαμϐάνειν
1800 615 1835 640 τὰ

1046 662 1215 699 μοναστήρια
1236 661 1291 688 τῶν
1314 660 1381 695 ὑπὲρ
1401 660 1545 695 ἀποταγῆς
1565 659 1713 694 διδομένων
1727 659 1834 685 τοπέων

1045 708 1094 740 τὰς
1109 707 1203 743 τιμὰς,
1218 706 1266 733 καὶ
1276 706 1306 732 οὺ
1317 705 1364 732 τὸν
1381 705 1474 732 τόπον.

1086 755 1253 790 Ἀνθρώποις
1267 753 1327 780 ἐστὶ
1341 753 1462 790 ζηλωτὸν
1477 753 1523 780 καὶ
1535 752 1779 788 περισπούδαστον,
1789 751 1832 784 οἷς

1044 804 1115 840 μέγα
1129 803 1175 837 καὶ.
1199 803 1347 838 σεϐάσμιον
1369 802 1400 828 τδ
1415 801 1464 836 τῆς
1491 800 1662 836 παντουργοῦ
1682 801 1773 836 χειρὸς
1789 810 1834 826 ν(-

1045 847 1172 884 μίξεσθαί
1189 855 1218 874 τε
1234 847 1282 874 καὶ
1306 846 1488 882 ὀνομάζεσθαι
1503 846 1700 881 φιλοτέχνημα,
1715 847 1747 872 τὸ
1760 847 1834 879 τρῖς

1042 893 1093 929 τὴν
1108 892 1156 920 τοῦ
1181 892 1390 928 παραγαγόντος
1414 892 1531 927 μίμησιν
1544 891 1593 926 τὴν
1606 891 1724 927 ψυχικὴν
1741 900 1834 926 παρα-

1045 938 1188 970 σκευάζειν
1206 938 1339 965 διάθεσιν·
1368 935 1409 970 οἷς
1430 938 1458 964 δὲ
1489 938 1526 973 μὴ
1555 937 1626 972 μέγα
1652 937 1732 963 τοῦτο
1762 937 1832 972 μηδὲ

1046 985 1180 1021 μακάριον
1204 984 1368 1019 λελόγισται,
1398 984 1504 1016 τούτοις
1519 985 1572 1019 ἄρα
1596 983 1664 1019 μετὰ
1682 984 1732 1018 τῆς
1759 986 1833 1010 πλά-

1046 1040 1114 1063 σεως
1128 1031 1173 1058 καὶ
1187 1032 1201 1057 ὁ
1215 1031 1265 1066 τῆς
1279 1030 1396 1066 κρίσεως
1408 1030 1831 1066 ἐξαρνεῖσθαιπρόκειταιλόγος,

1045 1077 1092 1103 καὶ
1109 1077 1300 1103 ὑπολέλειπται
1331 1076 1368 1108 ὡς
1396 1077 1424 1102 ἐν
1438 1077 1473 1111 γῇ
1490 1076 1523 1102 τὸ
1548 1077 1602 1102 πᾶν
1618 1075 1832 1111 ἀναδεξαμὲνοις

1045 1123 1093 1157 τῆς
1116 1121 1235 1157 βιώσεως
1250 1122 1297 1148 καὶ
1315 1121 1399 1156 μόνης
1421 1122 1466 1147 ἐπὶ
1483 1122 1532 1156 τῆς
1561 1122 1612 1156 γῆς
1629 1121 1761 1155 βιοτεύειν
1784 1123 1830 1147 ci-

1047 1177 1093 1203 ρου
1099 1168 1190 1202 μένοις
1197 1168 1228 1194 τδ
1243 1167 1293 1201 τῆς
1303 1167 1405 1199 οἰκείας
1416 1167 1617 1194 ἐπιδείκνυσθαι
1628 1168 1828 1203 προαιρέσεως.

1051 1213 1191 1240 Ἐντεῦθεν
1215 1214 1230 1248 ἠ
1256 1213 1341 1248 πολλὴ
1358 1213 1412 1239 τῶν
1437 1214 1608 1249 πραγμάτων
1631 1213 1772 1248 σύγχυσις,
1790 1215 1834 1239 ἐι*-

1044 1259 1139 1286 mea;
1153 1260 1169 1294 ἡ
1188 1258 1295 1294 μεγάλη
1305 1258 1359 1284 τῶν
1371 1258 1547 1293 ἀδικημάτων
1563 1259 1690 1292 ἐπιφορὰ,
1705 1258 1833 1284 ἐντεῦθεν

1044 1305 1060 1339 ἡ
1078 1304 1184 1339 μεγάλη
1201 1304 1249 1330 καὶ
1273 1304 1366 1340 μακρὰ
1381 1304 1434 1331 τῶν
1453 1304 1568 1339 πτωχῶν
1581 1303 1763 1339 ταλαιπωρία,
1782 1304 1832 1330 καὶ

1044 1350 1059 1376 ὁ
1074 1350 1156 1382 πολὺς
1172 1350 1323 1385 στεναγμὸς
1340 1351 1393 1377 τῶν
1412 1350 1547 1385 πενήτων,
1563 1350 1596 1376 δι’
1613 1350 1660 1382 οὓς
1684 1351 1830 1376 ἀνίσταται

1046 1395 1157 1431 Κύριος.
1172 1396 1283 1422 Ἕνεκα
1307 1396 1372 1429 γὰρ,
1389 1395 1465 1430 φησὶ,
1482 1394 1537 1428 τῆς
1554 1395 1755 1428 ταλαιπωρίας
1769 1394 1831 1421 τῶν

1045 1442 1170 1477 πτωχῶν
1178 1442 1227 1469 καὶ
1241 1442 1294 1469 τοῦ
1302 1442 1471 1477 στεναγμοῦ
1479 1441 1538 1468 τῶν
1545 1441 1682 1474 πενήτων
1693 1442 1751 1468 νῦν
1759 1441 1832 1467 dru-

1045 1487 1206 1522 στήσομαι,
1221 1487 1301 1522 λέγει
1321 1487 1439 1521 Κύριος.
1455 1487 1486 1512 Ei
1503 1486 1569 1518 Θεὸς
1583 1487 1622 1517 εἰς
1634 1486 1773 1522 ἐκδίκησιν
1791 1487 1830 1513 δι-

1047 1533 1189 1560 ανίσταται
1201 1534 1216 1559 ὁ
1229 1533 1278 1560 καὶ
1288 1533 1392 1565 πλάσας
1404 1534 1478 1568 ἡμᾶς
1491 1534 1537 1559 καὶ
1546 1533 1635 1565 σώσας
1644 1533 1690 1560 καὶ
1705 1533 1830 1568 βασιῖεύ-

1047 1587 1106 1611 σας,
1122 1578 1182 1610 πῶς
1195 1579 1260 1614 ἡμῖν
1273 1578 1492 1614 ὕπεροφθήσεται
1518 1579 1565 1605 καὶ
1579 1579 1619 1610 είς
1632 1579 1707 1610 τέλος
1732 1578 1828 1613 ἐπιλη-

214 1619 346 1653 gligetur,
369 1622 397 1645 et
432 1617 558 1646 oblivioni
588 1623 725 1654 perpetuae
754 1619 893 1647 tradetur?
931 1628 992 1648 cum

1049 1624 1187 1660 σθήσεται;
1196 1625 1257 1651 ἐπεὶ
1269 1625 1365 1660 μόνους
1373 1625 1437 1655 τοὺς
1449 1624 1497 1658 τῆς
1510 1624 1648 1659 βασιλείας
1672 1625 1829 1659 ὀφθαλμοὺς

214 1665 286 1692 solos
306 1663 476 1699 imperatoris
500 1663 592 1692 oculos
607 1670 707 1700 pauper
726 1664 761 1692 ad
782 1665 993 1695 consolationem

214 1711 254 1737 sui
276 1709 454 1744 prmstoletur.
473 1709 641 1745 Quapropter
661 1710 693 1737 ad
717 1710 813 1738 horum
837 1711 993 1746 vindictam,

215 1763 267 1782 non
288 1755 358 1790 quod
373 1756 407 1783 de
422 1762 518 1783 recens
542 1756 568 1782 in
591 1762 639 1783 eos
659 1755 783 1784 admissis
796 1756 996 1792 dcsignatisque

215 1800 343 1828 sanandis
358 1800 564 1835 dispexerimus,
581 1808 673 1828 rerum
691 1803 759 1828 utet
775 1801 880 1835 publice
897 1802 995 1836 perdu-

216 1851 319 1874 rantem
336 1847 375 1874 rei
394 1846 553 1874 medicinam
572 1846 733 1880 faceremus,
750 1851 908 1882 praesentem
926 1848 995 1876 bane

215 1893 299 1928 legem
322 1892 564 1928 promulgavimus;
591 1891 739 1921 confectam
760 1900 776 1921 a
799 1893 887 1926 nobis.
913 1898 942 1921 ut
961 1894 996 1922 sit

215 1938 286 1966 velut.
300 1938 422 1973 expulsio
438 1938 559 1974 quasdam
576 1942 604 1965 et
616 1939 774 1974 expurgalio
789 1939 941 1974 cupiditatis
955 1940 996 1968 in-

213 1985 346 2013 satiabilis
358 1993 365 2012 :
379 1992 413 2013 ne
425 1984 480 2019 jam
494 1985 555 2020 quis
568 1985 683 2020 amplius
696 1985 776 2013 rebus
785 1986 841 2013 suis
855 1985 994 2020 spulietur,

214 2039 248 2059 ne
262 2038 310 2067 per
327 2030 472 2066 potentiam
488 2037 589 2066 pauper
605 2030 776 2065 opprimatur
792 2039 799 2058 :
818 2038 898 2065 quam
909 2031 995 2066 legem

213 2082 241 2104 et
257 2076 362 2112 publice
375 2076 581 2109 conducibilem,
602 2081 630 2104 et
648 2080 786 2112 acceptam
801 2076 867 2109 Deo,
882 2081 909 2105 et
921 2084 995 2105 com-

215 2123 320 2160 modam
337 2122 394 2150 fore
408 2122 483 2156 ﬁsco,
497 2127 525 2150 et
540 2122 692 2158 reipublicae
709 2123 875 2151 fructuosam
895 2123 996 2150 utilita-

215 2174 269 2195 tem
285 2167 427 2195 allaturum
441 2168 638 2202 perspeximus.
669 2168 827 2203 Quanquam
849 2176 902 2196 non
920 2169 997 2203 igno-

215 2222 306 2242 remus
332 2215 419 2249 _lianc
455 2221 564 2242 causam
596 2214 660 2242 olim
691 2222 798 2249 quoque
827 2214 997 2242 convenienti

215 2261 314 2295 studio,
327 2260 521 2296 diligentiaque
543 2265 687 2288 tractatam
703 2270 710 2288 :
726 2268 786 2288 cum
804 2265 914 2296 propter
937 2267 998 2289 eam

1045 1671 1085 1702 si;
1100 1670 1273 1705 παράκλησιν
1288 1671 1302 1697 ὁ
1325 1670 1409 1705 πένης
1424 1670 1610 1705 προσδέχεται.
1628 1670 1677 1697 Διὰ
1692 1670 1777 1697 ταῦτα
1790 1671 1829 1702 εἰς

1046 1716 1094 1752 τὴν
1108 1716 1211 1743 τούτων
1229 1717 1369 1752 ἐκδίκησιν
1390 1716 1419 1743 οὺ
1438 1717 1472 1743 τὰ
1493 1716 1562 1751 πρὸς
1576 1716 1674 1748 αὐτοὺς
1689 1717 1769 1751 μόνον
1787 1716 1831 1742 ἔν-

1045 1770 1127 1797 αγχος
1139 1762 1300 1789 τελεσθέντα
1320 1771 1350 1789 τε
1364 1762 1380 1797 ἢ
1403 1762 1566 1798 τολμώμενα
1583 1761 1704 1794 ἐξιᾶσθαι
1720 1762 1828 1788 διασκο-

1046 1810 1195 1844 πήσαντες,
1223 1808 1291 1835 ἀλλὰ
1313 1808 1361 1835 καὶ
1381 1808 1474 1844 κοινὴν
1500 1809 1547 1835 καὶ
1578 1807 1758 1842 διαμένουσαν
1790 1808 1829 1842 τῷ

1046 1856 1190 1892 πράγματι
1205 1855 1354 1891 θεραπείαν
1374 1855 1570 1890 ἐπιτιθέμενοι,
1589 1854 1635 1881 τδν
1648 1854 1770 1888 παρόντα
1785 1854 1828 1879 νό-

1048 1910 1097 1937 μον
1113 1901 1272 1937 ἐξεθέμεθα,
1298 1901 1380 1927 οἱονεί
1401 1909 1463 1927 τινα
1487 1899 1602 1934 ἐκϐολὴν
1619 1899 1665 1925 καὶ¹
1687 1897 1829 1933 καθαρμὸν

1046 1949 1095 1983 τῆς
1110 1948 1248 1983 ἀπλήστου
1266 1947 1378 1983 γνώμης
1400 1946 1494 1973 τοῦτον
1520 1945 1761 1975 ἐπισκευάσαντες,
1791 1944 1830 1976 ὡς

1048 1995 1148 2029 μηκέτι
1161 1993 1222 2020 τινὰ
1243 1993 1298 2020 τῶν
1324 1993 1433 2020 οἰκείων
1448 1991 1654 2027 ἁλλοτριοῦσθαι
1670 1991 1728 2023 νῦν,
1740 1990 1777 2021 ὡς
1791 1990 1828 2024 μὴ

1047 2038 1327 2067 καταδυναστεύεσθαι
1343 2038 1457 2073 πένητα,
1480 2037 1517 2069 ὡς
1531 2038 1607 2072 κοινῇ
1625 2036 1827 2066 λυσιτελοῦσαν,

1047 2084 1096 2111 καὶ
1104 2083 1162 2119 Θεῷ
1178 2083 1357 2110 εὐαπόδεκτον
1369 2084 1417 2110 καὶ
1428 2083 1467 2118 τῷ
1481 2083 1604 2118 δημοσίῳ
1618 2082 1772 2117 πρόσφορον
1782 2081 1828 2107 καὶ

1047 2131 1080 2165 τῇ
1095 2129 1218 2164 πολιτείᾳ
1230 2129 1375 2165 χρήσιμον,
1390 2128 1439 2164 τὴν
1454 2129 1548 2164 χρείαν
1561 2127 1632 2162 ἔχειν
1645 2126 1830 2160 διασκεψάμε-

1048 2184 1098 2203 νοι.
1117 2175 1184 2202 οὺδέ
1196 2175 1280 2202 πάλαι
1300 2175 1350 2208 μὲν
1369 2173 1503 2208 λαθούσης
1518 2174 1534 2208 ἢ
1551 2174 1601 2208 τῆς
1618 2172 1654 2207 μὴ
1676 2171 1830 2206 προσηκού-

1050 2229 1100 2256 σης
1119 2220 1254 2255 τυχούσης
1276 2220 1434 2255 ἐπιμελείας
1450 2219 1498 2254 τῆς
1514 2218 1641 2252 τοιαύτης
1661 2217 1828 2245 ὑποθέσεως·

1049 2266 1081 2293 δι’
1108 2267 1141 2301 ἢν
1169 2266 1217 2292 καὶ
1243 2266 1328 2300 ψῆφοι
1351 2266 1398 2292 καὶ
1413 2265 1529 2300 κρίσεις,
1554 2263 1584 2290 τὸ
1609 2262 1761 2296 κακοῦργον
1781 2262 1829 2296 τῆς

213 2307 353 2336 sententia:
368 2307 531 2342 decretaque
551 2306 704 2341 iudiciaria,
725 2307 822 2341 quibus
837 2307 994 2342 improbitas

1049 2311 1161 2347 γνώμης
1188 2311 1399 2338 ἀναστέλλουσαι
1421 2310 1468 2336 καὶ
1492 2309 1540 2345 τὴν
1563 2309 1612 2343 τῆς
1638 2307 1831 2341 πλεονεκτικῆς

213 2355 365 2381 animorum
382 2358 564 2385 coerceretur,
588 2360 681 2380 omnes
697 2352 832 2387 subiectas
857 2353 933 2380 nobis
956 2353 997 2380 di-

214 2401 303 2428 tiones
316 2407 348 2430 ac
363 2399 519 2435 provincias
533 2399 586 2427 sint
600 2404 755 2435 pervagata.
772 2398 824 2427 Sed
841 2399 902 2433 quia
920 2399 997 2426 mali-

215 2447 250 2474 tia
265 2451 403 2474 versutum
419 2445 546 2481 quiddam
562 2449 614 2478 est,
634 2449 661 2472 et
685 2445 761 2472 valde
786 2445 900 2477 varium,
918 2445 998 2479 idque

213 2498 274 2518 cum
291 2491 324 2519 de
338 2491 411 2518 vitiis
426 2489 561 2522 omnibus,
578 2495 633 2517 tum
656 2497 708 2516 non
725 2489 836 2517 minime
855 2489 888 2517 de
907 2489 997 2517 avari-

216 2536 263 2570 tia,
274 2537 316 2565 vel
333 2536 419 2572 magis
433 2536 533 2572 potius,
549 2543 629 2572 quam
649 2536 682 2563 de
698 2535 813 2570 caeteris,
828 2543 920 2564 verum
937 2540 996 2568 est;

214 2582 252 2610 ita
267 2583 388 2618 quidem,
404 2587 434 2611 ut
448 2583 531 2611 etiam
550 2582 675 2611 moliatur
693 2582 842 2610 sanctionis
863 2581 922 2617 lege
935 2589 998 2616 pro-

246 2665 255 2680 ‘
271 2665 342 2693 Psal.
362 2673 400 2698 xt,
411 2666 438 2694 6.

1050 2357 1140 2392 χειρὺς
1158 2356 1268 2382 ἔκτασιν
1284 2355 1526 2387 καταστέλλουσαι,
1552 2355 1599 2380 καὶ
1612 2354 1641 2379 ἐν
1656 2353 1756 2383 πάσαις
1772 2353 1831 2383 ταῖς

1049 2403 1094 2437 ὑφ’
1119 2403 1195 2438 ἡμᾶς
1219 2402 1400 2437 τεταγμέναις
1422 2401 1521 2435 ἀρχαῖς
1550 2399 1830 2434 καταπεφοιτήκασιν.

1055 2448 1125 2475 Ἀλλ’
1139 2449 1200 2475 ἐπεὶ
1226 2448 1396 2483 πολύτροπον
1412 2448 1427 2482 ἠ
1441 2447 1525 2473 κακία
1537 2446 1582 2473 καὶ
1599 2443 1831 2472 πολυποικιλὼτσ-

1048 2502 1105 2526 τον,
1126 2495 1172 2521 καὶ
1196 2494 1302 2521 ἅπασαι
1320 2494 1379 2528 μὲν,
1404 2494 1453 2528 οὐχ
1467 2493 1569 2528 ἥκιστα
1592 2492 1620 2517 δὲ
1640 2489 1793 2521 πλεονεξία,
1808 2490 1831 2514 εί

1052 2539 1091 2575 μή
1104 2548 1135 2574 γε
1151 2540 1197 2566 καὶ
1213 2539 1324 2575 μᾶλλον,
1336 2538 1373 2570 ὡς
1382 2539 1472 2573 νόμων
1483 2537 1530 2565 καὶ
1541 2536 1735 2570 θεσπισμάτων
1750 2534 1833 2564 λαὸἁς

1051 2584 1251 2619 διαδιδράσκειν
1281 2583 1456 2619 μηχανᾶσθαι
1483 2583 1531 2610 καὶ
1553 2583 1599 2609 τδν
1618 2581 1751 2616 ἀλάθητον
1770 2585 1834 2613 παρ’

251 2732 439 2772 (ﬁi‘fortasse
457 2734 530 2769 leg.,:
551 2734 619 2771 Περὶ
633 2735 682 2763 τοῦ
696 2735 870 2772 μονασάντων
899 2734 994 2771 κτήσει

1049 2735 1071 2771 νὴ
1102 2736 1253 2772 λαμδάνειν
1276 2737 1311 2765 τὰ
1326 2736 1509 2772 μοναστὴρια,
1526 2734 1584 2763 ἀλλ’
1600 2733 1670 2769 ὑπὲρ
1695 2733 1834 2768 ἀποταγῆς

214 2766 269 2794 τῶν
278 2768 326 2795 διδ.
343 2769 401 2795 κτλ.
