1945 3073
112 176 161 208 551

657 184 837 216 NOVELL/E
858 185 1192 218 CONSTITUTlONES.

1681 183 1733 214 562

112 232 192 259 οὐδὲν
205 233 253 267 τῆς
268 233 342 266 θείας
359 235 437 270 δίκης
450 237 573 264 τίθεσθαι
587 239 736 275 ὀφθαλμὸν,
753 242 795 268 διὰ
811 243 897 269 ταῦτα

952 243 1077 278 mulgatze
1093 241 1196 270 viucrrla
1213 239 1370 276 pervadere,
1385 243 1464 272 atque
1478 238 1582 266 oculum
1595 239 1661 266 adeo
1676 240 1734 266 viu-

112 278 160 303 νῦν
187 279 394 315 ἀσφαλεστέρας
422 283 468 308 καὶ
501 283 715 321 ἐπιμελεστέρας
737 288 899 324 ἀναγραφῆς

112 324 227 358 ἠξίωται
243 325 340 358 ταῦτα,
357 327 405 362 τῆς
423 328 478 354 τῶν
502 331 728 366 κακουργούντων
745 333 899 369 βουλήσεως

113 371 147 396 τὰ
160 371 313 406 σοφίσματα
331 372 461 407 ῥίπτοντὰ
480 383 510 401 τε
525 376 572 402 καὶ
585 377 783 413 ἀποτέμνοντα.
796 380 898 406 Θεσπί-

114 417 197 450 ζομεν
214 417 369 453 τοιγαροῦν,
383 419 447 458 τοὺς
466 419 495 446 ἐν
510 420 583 457 πάσῃ
599 421 676 458 χώρᾳ
703 424 749 450 καὶ
765 424 897 460 πολιτείᾳ,

112 462 146 497 ἢν
161 462 228 496 μετὰ
243 462 309 489 Θεὸν
324 464 339 499 ἡ
358 463 402 498 ὑφ’
420 465 499 499 ἡμῶν
524 466 612 494 διέπει
635 468 724 504 ἀρχὴ,
753 470 898 505 διάγοντας

113 507 258 542 ἐλευθέραν
279 509 327 535 καὶ
338 509 516 545 ἀνενόχλητον
529 510 578 547 τὴν
591 512 728 548 λαχοῦσαν
745 515 817 550 ἔχειν
830 525 896 542 κατ-

111 553 229 587 οίκησιν.
242 554 313 581 Ἀλλ’
326 556 349 582 εί
363 555 412 591 μὲν
422 555 502 583 τοῦτο
519 558 595 592 μένει
609 559 752 594 φυλάττων
766 562 780 587 ό
791 562 896 596 χρόνος,

113 598 183 625 ἔστω
208 601 257 635 τῆς
271 601 325 627 τῶν
340 601 477 638 τέκνωνῆ
502 605 643 638 συγγενῶν
666 605 843 641 κληροδοσίας
868 609 899 634 τὸ

113 643 256 679 ἐπίκτημα
282 644 298 679 ἢ
325 645 375 679 τῆς
405 646 452 672 τοῦ
475 648 636 682 κατέχοντος
659 650 846 685 προαιρέσεως
868 653 899 679 τὸ

114 689 239 725 βούλημα
256 691 513 728 συμπληρούμενον.
533 693 563 720 El
579 695 617 727 δὲ,
638 693 681 722 οἶα
699 696 748 731 τῆς
761 697 898 733 ἀνθρωπί-

113 744 162 770 ’λης
177 735 298 770 βιώσεως
312 737 416 772 καὶτῆς
429 738 475 765 τοῦ
488 740 583 774 χρόνου
593 740 765 777 παλιρροίας,
776 743 899 778 ἀνάγκης

113 779 130 814 ἢ
146 781 242 815 χρείας
259 782 449 818 ἐπικειμένης,
463 784 479 819 ἢ
497 785 543 811 καὶ
567 784 702 821 θελήσεως
720 787 800 822 τυχὸν
816 788 901 824 μόνης

114 827 330 862 ὑποτιθεμένης,
357 828 407 864 τὴν
423 829 476 856 τῶν
492 830 601 857 οίκείων
618 832 710 858 τόπων
726 832 899 869 ὑπεισάγειῆ

115 872 238 906 μερικῶς
256 873 271 908 ἢ
286 873 399 901 καθόλου
426 875 579 910 ὲκποίησιν,
605 878 661 908 τοῖς
687 877 742 904 τῶν
765 879 855 905 αὐτῶν
883 879 898 913 ἢ

114 917 229 944 καὶτῶν
245 918 420 955 ὁμορούντων
443 921 537 956 ἀγρῶν
554 921 570 957 ἢ
589 923 696 958 χωρίων
712 925 868 960 οἰκήτορσιν
881 926 898 960 ἡ
918 916 938 943 Β

115 961 248 998 ἑξώνησις
274 964 440 999 προκείσθω.
467 965 506 992 Οὐ
524 965 598 1000 μίσει
623 967 651 993 δὲ
668 968 714 994 καὶ
732 968 821 1003 φθόνῳ
847 969 901 996 τῶν

114 1009 296 1044 ἰσχυροτέρων
324 1011 410 1037 ταῦτα
427 1011 656 1047 θεσμοθετοῦμεν,
674 1013 731 1041 ἀλλ’
747 1014 838 1050 εὐνοίᾳ
854 1016 901 1041 καὶ

116 1054 268 1090 προστασίᾳ
282 1055 336 1082 τῶν
352 1057 475 1090 πενήτων
504 1059 550 1084 καὶ
575 1060 652 1093 κοινῇ
671 1059 793 1095 σωτηρίᾳ.
822 1059 901 1087 τοῦτο

113 1100 299 1135 διοριζόμεθα.
324 1101 393 1128 ¹Ᾱνθ¹
416 1099 453 1129 ὧν
476 1103 530 1138 γὰρ
554 1104 637 1140 ἐχρῆν
664 1105 726 1136 τοὺς
751 1106 846 1142 ἄρχειν
869 1108 901 1134 ὲκ

113 1143 182 1170 Θεοῦ
199 1144 342 1180 λαχόντας,
362 1147 425 1178 τοὺς
451 1147 513 1183 δόξῃ
531 1149 576 1174 καὶ
592 1149 698 1185 πλούτῳ
723 1151 777 1177 τῶν
796 1153 902 1179 πολλῶν

115 1190 383 1225 ὺπερανεστηκότας,
417 1193 480 1227 περὶ
498 1193 596 1219 πολλοῦ
619 1194 668 1229 τὴν
694 1195 747 1221 τῶν
775 1198 898 1232 πενήτων

114 1235 252 1261 ποιεῖσθαι
279 1236 462 1271 προμήθειαν,
485 1234 558 1264 οὗτοι
590 1239 761 1274 κατὰὁρωμα
788 1240 899 1274 τοιῖτους

114 1279 224 1314 ἔχοντες
237 1280 278 1307 ὅτι
296 1281 333 1316 μὴ
347 1281 440 1316 τάχιον
452 1281 538 1309 ταῦτα
555 1283 698 1318 κατέχουσι
710 1284 899 1321 δυσχεραίνου-

116 1333 167 1352 σιν.
179 1326 209 1352 El
224 1326 251 1352 δὲ
267 1326 314 1352 καὶ
331 1327 369 1361 μὴ
387 1327 496 1353 πάντων
505 1328 536 1353 ab
549 1329 669 1355 τοιοῦτον
679 1330 897 1367 ἀνοσιούργημα,

113 1371 173 1396 ἀλλ’
189 1370 258 1397 ἔστω
274 1373 341 1398 πᾶσι
358 1372 445 1398 κοινὸν
465 1373 496 1399 τὸ
510 1373 555 1400 τοῦ
570 1375 652 1408 νόμου
674 1376 846 1410 συντήρημα,
861 1376 899 1408 ὡς

116 1415 147 1441 ἓν
167 1415 204 1450 μὴ
220 1415 288 1452 λάθῃ
305 1416 343 1452 τῷ
360 1417 425 1453 σίτῳ
442 1419 683 1454 συνεισφερόμενον
714 1421 744 1447 τὸ
768 1421 896 1453 ζιζάνιον.

949 289 1028 317 dicte
1039 289 1147 321 divinze,
1163 295 1243 322 quem
1261 286 1329 314 nillil
1341 286 1417 318 latet,
1433 285 1508 313 flocci
1523 285 1619 312 faciat:
1632 285 1733 312 idcirco

950 343 1022 362 nunc
1038 341 1148 370 operam
1163 333 1295 365 dedimus,
1312 336 1339 359 ut
1356 332 1411 358 bac
1426 331 1504 366 longe
1519 335 1573 357 tam
1589 331 1695 358 caulius
1707 335 1734 358 et

950 383 1062 412 certius,
1077 387 1160 415 quam
1172 378 1326 412 diligentius
1339 376 1588 412 perscriberentur;
1604 383 1654 410 qua
1672 383 1734 410 per-

949 424 1096 459 soriplione
1110 427 1262 451 commenta
1275 421 1393 448 libidinis
1406 420 1589 447 fraudulenter
1597 421 1733 455 agentium

950 473 1106 498 resecentur
1135 473 1162 496 et
1192 468 1381 502 explodantur.
1408 465 1551 494 Sancimus
1581 466 1673 500 igitur,
1707 471 1735 492 ut

948 519 1082 550 quotquot
1107 514 1133 542 iu
1161 514 1287 541 universa
1309 514 1411 540 ditioue
1432 519 1464 540 ac
1486 512 1632 546 republica,
1653 519 1734 546 quam

949 560 1096 590 secundum
1115 560 1209 592 Deum,
1223 564 1344 587 nostrum
1363 559 1431 593 regit
1446 558 1600 593 imperium,
1619 558 1716 591 degunt
1728 576 1734 587 ,

949 606 1126 638 domicilium,
1151 605 1222 640 quod
1251 605 1316 640 ipsis
1341 604 1448 639 obtigit,
1481 603 1564 631 libere
1592 602 1736 637 quieteque

950 652 1116 687 possideant.
1143 651 1275 678 Nimirum
1300 651 1321 678 si
1350 649 1479 684 temporis
1503 655 1534 676 ea
1559 648 1737 676 commoditas

949 703 1001 730 est,
1017 703 1046 724 ut
1062 705 1141 725 suum
1156 697 1206 724 sibi
1224 696 1353 732 praedium
1378 695 1493 730 quisque
1516 699 1617 726 servet,
1634 696 1737 720 'succe-

950 744 1015 772 dant
1030 744 1056 770 in
1078 751 1110 771 eo
1133 742 1211 770 liberi
1232 747 1278 769 aut
1306 741 1423 776 cognati,
1449 740 1490 767 vel
1517 739 1682 775 possessoris
1705 739 1737 764 de

951 796 983 816 eo
1000 789 1141 817 statuentis
1150 788 1274 816 voluntas
1289 787 1442 822 impleatur.
1462 786 1491 814 Si
1509 793 1573 813 vero
1587 785 1649 820 quis
1663 785 1738 812 loco-

953 843 1012 863 rum
1039 842 1148 863 suorum
1164 835 1205 862 vel
1223 834 1422 869 particularem,
1441 833 1482 860 vel
1499 833 1649 859 universam
1669 831 1735 858 alie-

952 882 1089 909 nationem
1110 880 1243 912 instituat,
1268 884 1331 915 puta
1349 879 1389 907 sic
1408 879 1527 906 humano
1551 878 1673 910 consilio,
1695 876 1737 904 vel

950 931 1010 954 orta
1026 926 1059 953 de
1080 925 1266 952 vicissitudine
1283 923 1412 959 temporis
1432 922 1595 950 necessitate
1612 925 1738 956 urgente,

950 971 992 999 vel
1005 970 1087 998 etiam
1103 969 1161 997 sola
1171 969 1309 996 voluntate
1324 971 1484 1003 suggerente
1498 975 1505 993 :
1520 965 1680 1000 praediorum
1697 963 1738 991 vel

950 1024 1076 1051 agrorum
1091 1015 1259 1046 earumdem,
1280 1020 1326 1041 aut
1343 1013 1425 1040 etiam
1440 1011 1588 1040 confinium
1605 1010 1739 1038 habitato-

950 1061 1024 1088 ribus
1041 1060 1173 1095 permissa
1195 1059 1230 1087 sit
1253 1058 1365 1094 eruptio,
1393 1065 1445 1085 non
1471 1056 1543 1092 quod
1564 1057 1615 1084 boc
1637 1055 1680 1083 vel
1705 1055 1738 1082 ad

949 1107 1051 1139 odium,
1078 1106 1119 1134 vel
1144 1105 1272 1132 invidiam
1298 1104 1482 1139 potentiorum
1507 1100 1740 1135 statuamus;st

951 1152 984 1179 ad
999 1151 1118 1180 favorem
1143 1155 1171 1179 et
1192 1150 1372 1186 patrocinium
1391 1156 1552 1185 pauperum,
1570 1148 1741 1181 salutemque

951 1197 1096 1232 publicam,
1110 1197 1147 1224 ita
1159 1196 1332 1224 deliuiamus.
1345 1195 1450 1230 Quippe
1462 1201 1511 1228 pro
1523 1201 1567 1225 eo,
1584 1193 1655 1228 quod
1669 1192 1738 1223 illos.

951 1242 997 1277 qui
1014 1242 1143 1270 divinitus
1159 1242 1349 1277 magistratum
1368 1241 1480 1276 gerendi
1496 1243 1658 1274 potestatem
1670 1245 1738 1265 cono

951 1287 1036 1315 secuti
1048 1290 1120 1318 sunt,
1134 1286 1234 1321 quique
1247 1290 1300 1312 tam
1312 1285 1408 1320 gloria.
1417 1291 1497 1319 quam
1509 1283 1606 1319 opibus
1621 1282 1741 1316 reliquos

951 1331 1127 1364 antecellunt,
1156 1331 1233 1358 valde
1263 1331 1297 1358 de
1324 1329 1487 1364 pauperibus
1521 1335 1582 1356 esse
1611 1327 1741 1355 sollicitos

950 1378 1109 1413 Oportebat;
1126 1377 1175 1412 ipsi
1193 1384 1239 1405 eos
1255 1384 1304 1412 pro
1321 1383 1382 1404 esca
1404 1382 1452 1404 sua
1474 1375 1614 1407 ducentes,
1634 1379 1742 1408 permo-

952 1423 1020 1451 leste
1040 1423 1144 1456 ferunt,
1162 1430 1256 1451 eorum
1279 1429 1308 1449 se
1324 1422 1394 1450 bona
1418 1421 1497 1448 citius
1518 1427 1570 1448 non
1590 1418 1740 1454 possidere.

116 1463 192 1494 Quod
208 1463 231 1490 si
254 1471 306 1490 non
328 1465 353 1490 in
372 1472 467 1491 omnes
485 1465 596 1500 impium
612 1467 678 1493 adeo
695 1467 799 1496 fucinus
816 1469 899 1502 cadit,
919 1473 947 1498 at
964 1470 1030 1505 legis
1047 1471 1127 1506 hujus
1149 1469 1305 1498 observatio
1337 1467 1491 1496 communis
1505 1465 1644 1502 [omnibus
1660 1468 1718 1492 esto
1733 1471 1739 1488 τ

115 1517 149 1535 ut:
164 1509 276 1535 latenter
293 1518 344 1536 uua
358 1519 418 1537 cum
433 1512 522 1538 tritico
538 1512 629 1539 lolium
647 1514 798 1548 Colligatur.

152 1555 185 1582 α’.
199 1556 301 1590 Μηδεὶς
318 1555 364 1583 οὖν
377 1559 475 1593 μηκέτι
492 1559 561 1594 μήτε
575 1559 629 1585 τῶν
651 1562 807 1595 περκφανῶν
823 1563 904 1597 μαγί-
919 1565 939 1594 C

116 1609 204 1636 στρων
220 1602 235 1636 ἢ
252 1603 415 1634 πατρικίων,
426 1604 495 1638 μήτε
511 1604 566 1630 τῶν
581 1605 677 1640 ἀρχαῖς
691 1607 706 1641 ἢ
721 1607 899 1642 στρατηγίαις

114 1647 131 1681 ἢ
159 1647 305 1679 πολιτικοῖς
331 1649 569 1684 ῆστρατιωτικοῖς
592 1651 730 1686 ἀξιώμασι
747 1654 899 1688 τετιμημέ-

115 1701 179 1724 νων,
197 1693 264 1728 μήτε
282 1694 334 1729 μὴν
353 1695 421 1727 ὅλως
437 1696 490 1722 τῶν
505 1697 545 1727 εἰς
564 1698 717 1733 συγκλήτου
733 1698 831 1735 βουλὴν
847 1701 900 1727 ἀπ-

116 1738 323 1774 ηριθμημένων,
340 1741 408 1775 μήτε
423 1741 476 1767 τῶν
492 1742 648 1777 θεματικῶν
661 1744 800 1779 ἀρχόντων
847 1747 900 1772 ἁπ-

114 1785 265 1819 αρχόντων.
280 1787 348 1821 μήτε
363 1788 417 1814 τῶν
431 1787 644 1822 θεοφιλεστάτων
661 1791 867 1825 μητροπολιτῶν
883 1792 899 1827 ἢ

113 1831 337 1864 ἀρχιεπισκόπιιν
354 1833 369 1868 ἢ
390 1834 548 1860 ἐπισκόπων
563 1835 579 1870 ἢ
600 1836 759 1871 ἡγουμένων
777 1837 792 1872 ἢ
808 1838 905 1872 ἐκκλη-

116 1876 266 1902 σιαστικῶν
280 1878 418 1913 ἀρχόντων
432 1879 448 1913 ἢ
465 1879 518 1905 τῶν
533 1880 582 1915 τὴν
599 1881 768 1914 προστασίαν
784 1883 830 1908 καὶ
844 1883 903 1909 ἐπι-

115 1922 246 1953 κράτειαν
259 1922 313 1948 τῶν
328 1924 434 1956 εὐαγῶν
445 1924 462 1959 ἢ
478 1924 625 1958 βασιλικῶν
641 1927 723 1954 οἴκων
737 1928 863 1961 ἐχόντων,
884 1929 900 1963 ἢ

114 1968 155 1998 εἰς
172 1968 271 1994 οἰκεῖον
286 1969 430 2004 πρόσωπον
444 1970 460 2004 ἢ
475 1970 525 2004 τῆς
549 1970 692 2007 βασιλικῆς
709 1973 868 2007 περιουσίας
884 1974 899 2008 ἢ

112 2012 164 2045 τῆς
181 2012 354 2047 Ἐκκλησίας,
366 2014 382 2048 ἢ
394 2015 427 2040 δι’
439 2015 567 2052 ἑαυτῶνῆ
578 2016 621 2043 διὰ
636 2018 799 2052 παρενθέτου
813 2027 899 2053 προσ-

113 2059 190 2085 ώπου
208 2059 336 2094 τολμήσει
353 2060 451 2096 μηκέτι
468 2061 523 2089 εἴτε
541 2063 580 2094 εἰς
594 2063 693 2098 χωρίον
707 2064 723 2098 ἢ
740 2065 780 2096 εἰς
798 2065 896 2100 ἀγρὸν,

113 2103 131 2139 ἢ
148 2105 263 2132 καθόλου
281 2106 297 2141 ἢ
316 2107 437 2142 μερικῶς
464 2108 634 2135 ὑπεισελθεῖν
661 2109 676 2145 ἢ
695 2111 798 2145 ἀγορᾶς
816 2111 832 2146 ἢ
847 2110 898 2137 δω-

116 2150 181 2182 psi;
194 2151 210 2184 ἢ
225 2150 403 2187 κληροδοσίας
421 2152 437 2188 ἢ
451 2153 534 2189 ἄλλης
551 2154 662 2181 οίασοῦν
679 2156 841 2191 προφάσεως
858 2157 900 2182 0.!-

113 2197 169 2232 ττᾳ,
195 2197 232 2229 ὡς
260 2198 407 2234 ἀνισχύρον
426 2200 474 2234 μὲν
487 2199 669 2236 διορισθείτης
690 2202 740 2237 τῆς
767 2202 897 2237 τοιαύτης

996 1564 1017 1588 t.
1044 1561 1140 1588 Nullus
1155 1560 1235 1595 igitur
1251 1559 1277 1587 in
1294 1563 1430 1594 posterum
1445 1565 1495 1585 nec
1516 1557 1659 1584 illustrium
1682 1562 1739 1582 nta-

953 1609 1113 1644 gistrorum,
1130 1610 1177 1633 aut
1193 1605 1376 1640 patriciorum,
1393 1611 1442 1632 uec
1460 1602 1671 1639 magistratibus.
1694 1606 1740 1628 aut

954 1653 1089 1689 prmturis,
1122 1656 1168 1679 aut
1191 1650 1314 1678 civilibus
1338 1650 1533 1677 tuilitaribusve
1562 1646 1737 1683 dignitatibus

953 1699 1157 1729 honoratorum,
1181 1703 1231 1724 nec
1254 1703 1347 1724 eorum
1370 1695 1492 1730 omnino,
1516 1695 1561 1729 qui
1583 1697 1737 1721 senatorum

955 1751 1068 1772 ntunero
1082 1747 1236 1774 censentur,
1250 1748 1299 1769 nec
1311 1739 1515 1776 provincialium
1531 1738 1684 1773 praesidum.
1698 1736 1739 1764 vel

953 1787 1144 1824 espnnsidum,
1159 1794 1209 1814 nec
1223 1785 1469 1813 antautissimorum
1488 1783 1534 1811 Dei
1551 1782 1739 1817 metropolita-

954 1843 1062 1867 norum,
1078 1833 1119 1861 vel
1135 1833 1412 1867 archiepiscoporum,
1429 1830 1473 1858 vel
1486 1830 1684 1865 episcoporum,
1699 1828 1753 1855 vol-

953 1882 1091 1913 abbatum,
1112 1880 1169 1907 sive
1184 1879 1314 1914 priorum,
1331 1877 1373 1905 vel
1387 1875 1630 1904 ecclesiasticorum
1646 1874 1739 1908 prmsi-

954 1928 1028 1960 dum,
1042 1926 1085 1954 vel
1099 1932 1204 1956 eorum,
1222 1924 1266 1959 qui
1289 1923 1423 1958 religiosis
1438 1921 1542 1949 aedibus
1560 1926 1607 1948 aut
1622 1922 1753 1953 augusta:—

954 1973 1032 2001 alicui
1049 1972 1140 2000 domui
1167 1979 1229 1998 cum
1255 1973 1389 2005 potestate
1417 1972 1548 2003 praesunt,
1575 1965 1602 1993 in
1627 1971 1749 1999 persona.

954 2026 1013 2050 sua,
1031 2018 1074 2045 vel
1090 2016 1197 2045 nomine
1217 2015 1372 2051 patrimonii
1393 2012 1534 2048 principis,
1549 2011 1592 2039 vel
1606 2010 1739 2042 ecclesiae,

953 2072 1001 2100 per
1011 2071 1051 2096 se,
1064 2063 1105 2090 vel
1116 2069 1164 2097 per
1175 2061 1324 2096 subiectam
1338 2065 1495 2095 personam,
1512 2057 1610 2086 audeat
1623 2055 1741 2091 amplius

955 2111 981 2138 in
998 2108 1126 2145 praedium
1144 2107 1185 2135 vel
1200 2113 1294 2142 agrum
1311 2106 1337 2133 in
1350 2104 1464 2134 solidum
1482 2108 1528 2131 aut
1544 2111 1577 2131 ex
1591 2106 1668 2138 parte
1681 2109 1743 2130 suc-

956 2157 1063 2187 cedere,
1081 2154 1122 2182 vel
1138 2152 1292 2188 emptionis,
1308 2151 1349 2179 vel
1364 2149 1529 2183 donationis,
1545 2148 1584 2176 vel
1598 2148 1741 2176 haeredita-

958 2202 1003 2235 tis,
1017 2200 1058 2228 vel
1072 2197 1222 2228 occasionis
1237 2197 1350 2226 alterius
1370 2195 1554 2231 cujuscunque
1568 2194 1644 2222 titulo
1661 2203 1667 2222 :
1681 2201 1741 2221 cum

115 2243 322 2277 προσκτήσεως,
336 2245 501 2281 ἀναργύρως
517 2245 545 2272 δὲ
556 2246 610 2273 τῶν
623 2247 818 2282 ὲπικτωμένων
832 2247 900 2282 μετᾶ

954 2243 1257 2282 lmjusmodiacquisitio
1272 2243 1369 2271 nullius
1384 2248 1445 2270 esse
1460 2241 1590 2269 momenti
1606 2239 1742 2268 declarata

113 2290 163 2322 τῆς
180 2290 396 2326 προσγινομένης
414 2291 588 2327 καλλιεργίας
606 2293 673 2328 προς
691 2293 754 2324 τοὺς
769 2293 898 2328 κατέχον-

114 2343 175 2365 τας,
188 2334 204 2369 ἢ
218 2335 321 2362 τούτων
333 2336 348 2372 ἢ
361 2337 502 2371 συγγενῶν
513 2338 604 2364 αὐτῶν
615 2337 653 2373 μὴ
666 2338 821 2373 προσόντων
832 2339 899 2372 πρὸς

112 2380 178 2411 τοὺς
200 2380 253 2407 τῶν
273 2382 380 2417 χωρίων
396 2383 411 2418 ἢ
426 2383 518 2418 ἀγρῶν
533 2384 680 2419 οἰκήτορας
696 2385 795 2419 χωρεῖν
810 2384 901 2411 διακε-

114 2425 291 2453 λευσθὲντων.
310 2427 341 2452 'H
357 2426 411 2463 γὰρ
428 2427 481 2454 τῶν
492 2428 620 2455 τοιούτων
638 2429 802 2464 ἐπικράτεια
816 2438 899 2464 προτι-

113 2471 197 2496 ώπων
211 2471 257 2498 καὶ
272 2472 326 2499 τῶν
344 2473 467 2507 πενήτων
492 2474 541 2509 τὴν
565 2474 665 2509 πολλὴν
691 2474 831 2510 ἐπηύξησε
851 2484 899 2501 τα-

114 2516 279 2552 λαιπωρίαν,
301 2517 339 2552 τῷ
362 2518 459 2554 πλήθει
474 2519 528 2546 τῶν
550 2520 675 2550 οἰκετῶν.
699 2521 754 2547 τῶν
784 2521 899 2557 μισθαρ-

113 2562 245 2594 νούντων,
259 2563 313 2590 τῶν
327 2563 415 2595 ἄλλως
432 2565 630 2600 ὲπιτρεχόντων
645 2567 692 2593 καὶ
704 2567 837 2594 συνόντων
849 2567 899 2598 τὰς

115 2608 328 2640 ἐπαναστάσεις,
338 2609 387 2641 τὰς
397 2610 512 2645 διώξεις,
520 2611 569 2644 τὰς
583 2612 734 2647 ἀγγαρείας
746 2613 897 2647 ἐπάγουσα,

114 2653 165 2684 τὰς
175 2653 263 2684 ἄλλως
277 2654 514 2687 ἐπακολουθούσας
524 2656 628 2691 θλίψεις
643 2658 689 2684 καὶ
706 2650 901 2694 στενοχωρίας,

116 2699 164 2725 καὶ
181 2699 230 2734 τὴν
240 2699 288 2726 τοῦ
302 2701 392 2727 κοινοῦ
407 2701 556 2737 διαφθορὰν
570 2703 624 2735 τοῖς
647 2704 764 2739 συνορᾷν
778 2704 900 2739 δυναμέ-

114 2753 173 2776 νοις
188 2744 218 2770 of;
236 2744 348 2779 μικρὰν,
358 2746 381 2772 εί
391 2746 428 2782 μὴ
440 2747 599 2782 προφθάσας
610 2749 623 2775 ὁ
641 2748 735 2783 παρὼν
748 2749 902 2776 ἁναστεέλει

115 2788 209 2822 νόμος,
231 2788 422 2824 προεξένησεν.
443 2791 475 2817 'H
489 2790 543 2826 γὰρ
557 2791 611 2817 τῶν
626 2791 730 2819 πολλῶν
742 2792 902 2828 κατοίκησις

116 2835 218 2870 π’)λλὴν
239 2835 360 2862 δείκνυσι
376 2836 425 2871 τῆς
438 2837 531 2872 χρείας
546 2837 596 2873 τὴν
618 2838 764 2872 ὠφέλειαν,
780 2839 829 2874 τὴν
847 2839 901 2866 τῶν

114 2880 255 2921 δημοσίων
277 2883 466 2918 συνεισφορὰν,
484 2883 533 2919 τὴν
555 2883 609 2913 τῶν
626 2885 828 2919 στρατιωτικῶν
849 2885 901 2912 λει-

954 2295 998 2326 sit,
1024 2297 1051 2320 et
1063 2293 1164 2327 absque
1182 2289 1262 2326 pretii
1286 2288 1456 2318 restitutione
1470 2295 1513 2316 res
1528 2286 1676 2322 acquisitas
1689 2294 1740 2313 una

952 2346 1013 2366 cum
1029 2337 1193 2373 eapolitione
1210 2336 1269 2372 [hoc
1286 2341 1335 2370 est,
1363 2342 1424 2363 cum
1442 2331 1661 2369 emponematis],
1682 2340 1741 2366 qua:

952 2385 1076 2416 accessit,
1108 2383 1140 2411 ad
1174 2389 1356 2418 possessores,
1389 2385 1436 2408 aut
1465 2379 1665 2416 possessoribus
1694 2387 1739 2405 eo-

954 2438 1048 2459 rumve
1069 2428 1226 2464 propiuquis
1250 2435 1304 2456 non
1331 2426 1513 2457 exstantibus,
1543 2425 1576 2452 ad
1605 2424 1739 2451 habitata-

953 2484 997 2504 res
1025 2477 1144 2503 vicorum
1171 2475 1212 2502 vel
1229 2481 1354 2510 agrorqu
1375 2472 1525 2508 pervenire,
1556 2470 1652 2498 merito
1684 2475 1740 2497 stu—

953 2525 1042 2548 tutum
1071 2519 1116 2547 sit.
1151 2518 1218 2546 Nam
1251 2516 1384 2553 ejusmodi
1413 2522 1590 2551 personarum
1620 2517 1741 2548 potestas

953 2573 1077 2601 magnam
1106 2564 1178 2592 illam
1203 2561 1356 2599 pauperum‘
1375 2561 1511 2590 miseriam
1536 2559 1659 2591 adauxit,
1685 2558 1741 2593 ipsa

953 2611 1125 2639 umltitudine
1154 2609 1325 2640 famulorum,
1353 2606 1591 2636 mercenariorum,
1623 2608 1650 2632 et
1673 2603 1740 2630 alias

953 2657 1148 2685 accurrentium
1185 2659 1266 2690 atque
1294 2661 1354 2682 curn
1392 2652 1433 2680 eis
1467 2651 1632 2687 degentium,
1658 2649 1741 2678 insul-

954 2707 1005 2734 tus,
1034 2707 1062 2729 et
1089 2700 1300 2736 persecutiones,
1327 2702 1354 2726 et
1373 2696 1742 2732 angariasinferens,atqun

954 2747 1114 2776 comitantes
1133 2745 1201 2773 alias
1224 2743 1396 2775 aﬂlictioues,
1421 2746 1451 2777 et
1480 2741 1629 2777 angustias,
1649 2746 1676 2768 ct
1700 2742 1740 2768 rei

954 2792 1107 2822 communis
1117 2791 1230 2820 exitium
1243 2790 1396 2819 confinibus
1407 2797 1459 2818 non
1470 2788 1719 2826 eaigunm’gignens
1732 2798 1738 2814 :

952 2840 1003 2868 nisi
1016 2838 1057 2867 lex
1070 2845 1199 2874 praesens,
1216 2838 1275 2865 Ittec
1287 2836 1470 2872 anticipaudo,
1484 2839 1619 2864 coerceat.
1636 2834 1740 2869 Quippe

951 2884 1068 2920 plurium
1086 2881 1234 2912 incolarum
1248 2881 1399 2918 frequentia
1414 2886 1519 2917 magna:
1534 2879 1746 2909 commodorum.
