1945 3073
191 92 200 119 ἰ
207 89 245 120 GT
701 91 952 122 CONSTANTINI
971 93 1306 125 PURPIIYROGENITI

1763 98 1820 131 5⁸η

193 152 219 171 et
244 145 317 179 inopi
343 153 495 173 “cumtum
526 146 658 178 solvendi,
691 147 786 175 aﬂ'erre
815 149 928 183 poterit;
952 153 972 176 cl

1029 149 1102 175 δουιν
1116 150 1227 182 ἀλύπως
1244 151 1374 187 παρέχειν
1391 151 1596 187 ταμιευόμενος.
1613 153 1660 180 Δεῖ
1676 153 1734 189 γὰρ
1749 156 1821 188 μετὰ

193 191 308 223 eihcere,
325 198 380 226 quo
400 191 478 226 pretii
500 191 567 219 citra
588 192 741 220 molestiam
766 194 904 228 prmstntio
921 195 976 221 tim.

192 237 304 272 Oportet
317 239 388 265 enim
401 245 461 265 cum
480 246 524 270 eo,
537 239 607 274 quod
622 239 726 274 justum
739 244 766 267 et
782 241 845 268 utile
858 245 909 272 est,
926 241 976 267 hn-

194 283 352 309 inanitatem
375 290 482 318 quoque
504 283 641 320 conjungi,
669 285 749 319 eique
772 285 860 313 locum
887 287 920 312 ab
945 287 977 314 iis

190 327 261 360 dari,
277 327 321 362 qui
340 328 412 363 leges
426 329 543 356 condunt
557 337 565 355 :
582 330 731 364 praesertim
747 338 808 357 cnm
832 335 859 357 et
878 330 976 365 alioqui

191 381 265 400 mora
286 374 408 408 qumdam
432 374 561 409 temporis
583 375 736 403 introducta
757 375 802 403 sil.
827 375 894 403 Nam
916 383 976 403 enni

192 419 326 446 sententia
343 419 376 446 de
391 419 432 447 his
448 420 531 448 semel
546 421 713 456 promulgata
732 421 821 454 fuerit,
841 429 892 449 non
909 423 976 450 inso-

190 463 259 497 lens,
276 471 325 491 nec
341 465 456 492 alienum
469 464 539 492 foret
559 473 615 497 eos,
637 466 681 500 qui
705 466 839 494 mandatis
860 474 912 494 non
929 467 977 494 ob-

191 516 343 544 temperare
361 511 523 545 deprehensi
548 516 622 543 sunt,
640 511 718 545 digna
741 510 819 539 factis
835 512 891 539 suis
906 520 975 546 prm-

193 555 246 581 mia
261 556 401 590 consequi,
418 559 446 583 et
458 556 588 590 quidquid
602 556 736 583 habebant
748 556 826 591 juris,
842 557 974 585 amittere.

192 599 292 627 Verum
314 601 451 628 enimvero
473 609 580 635 semper
601 601 671 635 juris
693 602 779 629 stricti
804 603 974 630 severitatem

190 646 245 673 leni
259 646 374 681 quadam
396 647 529 675 sententia
546 652 737 682 temperantes,
755 655 804 682 pro
823 648 874 676 hac
892 649 976 677 amis-

190 692 277 725 sione,
295 700 354 727 quae
375 693 460 720 locum
478 693 576 721 habere
599 694 722 724 debebat.
743 695 848 723 triennii
869 696 974 723 dilat‘o-

191 744 252 764 nem
269 737 411 765 statuimus
425 746 433 765 :
450 738 555 765 modice
573 738 681 773 quidem
701 739 841 773 punientes
855 747 912 772 eos,
927 742 972 777 qui

190 782 376 817 deliquerunt;
393 791 524 819 pauperes
543 791 608 812 vero
620 785 723 820 dignos,
739 785 783 820 qui
797 786 971 814 commisera-

1027 195 1074 221 τοῦ
1086 196 1270 231 συμφέροντος
1292 197 1338 223 καὶ
1355 196 1386 223 τδ
1401 197 1591 234 φιλάνθρωπον
1621 199 1822 234 ωνεξυφαίνε-

1028 239 1090 267 σθαι
1105 243 1160 272 τοῖς
1180 241 1438 277 θεσμοθετουμένοις
1451 243 1498 270 καὶ
1515 244 1756 280 συνεισφέρεσϐαι,
1773 246 1825 272 καὶ

1026 283 1112 316 ἄλλως
1128 285 1156 311 δὲ
1168 285 1215 311 τοῦ
1226 286 1322 321 χρόνου
1338 287 1513 322 ὑπερθέσεως
1522 288 1708 324 εἰσαχθείσης.
1724 290 1824 321 Ἀπαξ

1027 329 1081 364 γὰρ
1093 330 1142 364 τῆς
1167 331 1230 365 περὶ
1245 331 1347 358 τούτων
1359 333 1523 367 ἀποφάσεως
1537 334 1738 370 ἐξενεχθείσης,
1757 337 1824 366 τοὺς

1026 378 1152 411 παρακοῇ
1171 377 1224 404 τῶν
1238 379 1487 414 προστεταγμένων
1502 379 1659 412 ἑαλωκότας
1691 383 1723 408 οὐ
1743 381 1824 413 ξένον

1025 422 1088 449 οὐδὲ
1098 423 1187 457 νόμων
1199 423 1336 459 ἀλλότριον
1346 425 1400 451 τῶν
1412 425 1520 453 οἰκείων
1529 426 1715 453 ἐπαπολαύειν
1727 427 1826 454 πόνων

1026 468 1061 496 τὰ
1074 469 1200 505 ἐπίχειρα
1214 471 1261 497 καὶ
1285 471 1339 497 τῶν
1368 471 1524 506 προσόντων
1546 472 1757 507 ἀλλοτριοῦσθαι
1783 473 1824 499 δι-

1026 515 1205 549 καιωμάτων.
1230 516 1309 543 Ἀλλὰ
1327 516 1380 552 γὰρ
1408 516 1452 543 ἀεὶ
1466 516 1651 553 φιλανθρώπῳ
1664 517 1695 544 τὸ
1710 518 1827 550 αὐστη-

1027 563 1073 598 ρὸν
1097 563 1146 598 τῆς
1172 564 1317 599 ἀκριϐείας
1347 565 1527 601 κεραννύντες
1552 565 1659 601 γνώμῃ,
1675 565 1741 592 ἀντὶ
1771 565 1827 599 τῆς

1026 609 1217 644 προσηκούσης
1234 610 1395 643 ἐκπτώσεως
1403 612 1454 644 τὴν
1469 612 1517 645 τῆς
1532 610 1654 645 τριετίας
1677 610 1827 644 ἀναϐολὴν

1025 653 1221 690 διωρισάμεθα,
1239 655 1357 689 μετρίως
1381 655 1430 690 μὲν
1443 656 1507 686 τοὺς
1522 655 1755 691 ἐξημαρτηκότας
1773 663 1825 680 κο-

1027 698 1164 731 λάζοντες,
1191 699 1274 732 ἀξίως
1303 701 1331 727 δὲ
1358 701 1404 728 καὶ
1431 701 1494 732 τοὺς
1510 700 1601 732 ἐλέους
1612 702 1703 735 τυχεῖν
1721 700 1828 732 ἀξίους

1029 743 1147 779 πένητας
1165 746 1197 780 τῇ
1220 745 1338 781 ἀναϐολῇ
1363 745 1544 780 ἀγαούνοντές
1566 753 1596 772 τε
1625 745 1672 771 καὶ
1689 751 1827 779 παρηγο-

1030 791 1166 826 ρούμενοι,
1188 793 1234 819 καὶ
1260 793 1416 829 σύμμετρον
1444 793 1586 827 ἑκατέροις
1601 792 1650 827 τὴν
1665 791 1828 827 θεραπείαν

189 829 291 856 tionem
310 829 465 863 impetrent,
491 831 547 864 ipsa
571 831 628 866 (ceu
645 831 752 865 dignum
773 831 824 867 est)
847 832 972 860 dilatione

1027 837 1227 872 προσφέροντές
1243 847 1271 865 τε
1287 839 1335 865 καὶ
1349 839 1552 874 ἀφοσιούμενοι.

188 873 305 909 benigne
326 873 448 903 foventes
464 879 491 903 et
508 876 701 909 consolantes;
716 877 837 912 adeoque
859 879 1062 908 convenientem
1084 883 1206 917 utrisque
1222 883 1382 911 medicinam
1398 873 1557 911 adhibentes
1577 889 1604 911 et
1624 884 1824 919 expedientes.

225 922 251 949 7.
270 923 401 956 Quoniam
415 931 479 951 vero
498 924 640 952 nonnullos
661 925 693 952 ad
711 929 812 952 tantam
828 934 907 961 opum
928 934 974 954 cu-

189 969 330 1004 piditatem
346 977 505 1005 progressos
518 971 687 1005 accepimus,
700 976 727 997 ut
741 971 884 999 instituant
894 972 977 1000 etiam

190 1015 234 1042 vili
247 1015 334 1049 pretio
349 1023 495 1050 pauperum
512 1015 709 1050 possessiunes,
721 1024 812 1044 emere
825 1017 924 1050 dicam,
942 1025 977 1044 an

189 1060 279 1095 potius
296 1060 381 1088 hianti
399 1069 446 1089 ore
465 1061 618 1096 deglutire?
643 1061 729 1094 ipsum
754 1061 836 1089 animi
859 1061 977 1097 factique

190 1105 335 1133 discrimen
352 1105 453 1138 ell'ecit,
470 1111 498 1133 ut
514 1111 540 1133 et
556 1106 694 1134 dissimilis
713 1107 763 1135 hac
781 1107 807 1135 in
824 1113 899 1144 parte
916 1116 977 1135 sen-

190 1150 276 1178 tentia
293 1150 329 1177 sit
354 1151 388 1178 ab
413 1151 457 1184 iis,
480 1159 540 1186 quae
559 1159 732 1187 praecessere.
756 1152 934 1187 Quamobrem
953 1153 975 1181 si

189 1194 325 1229 reperitur
343 1194 415 1230 justa
438 1202 527 1223 rerum
555 1195 726 1224 venditarum
752 1199 905 1232 aestimatio,
922 1199 976 1227 dati

189 1240 272 1275 pretii
288 1240 398 1276 duplum
415 1243 548 1271 excedere
567 1253 574 1272 :
597 1243 671 1272 nullo
685 1245 773 1279 pretio
790 1246 907 1279 reddito,
920 1253 977 1273 ein~

188 1291 280 1321 plores
306 1288 484 1322 expellantnr.
512 1288 541 1317 Si
566 1297 631 1318 vero
657 1298 712 1317 non
739 1290 764 1318 in
791 1296 906 1323 tantum,
929 1290 975 1317 sed

188 1336 278 1358 tamen
301 1331 327 1359 in
351 1332 472 1362 fraudem
489 1333 672 1370 damnumque
693 1336 860 1363 venditorum
880 1340 906 1362 et
919 1335 974 1368 jam

188 1377 291 1406 lucrum
307 1380 489 1413 provenientis
501 1387 515 1408 e
524 1379 608 1409 fundo
619 1381 722 1408 reditus
734 1381 811 1414 pretii
827 1380 881 1406 dati
897 1386 973 1405 sum-

189 1431 260 1453 mam
276 1426 417 1460 mquavit:
437 1426 503 1453 nihil
525 1432 660 1461 emptores
684 1430 812 1459 praeterea
837 1422 974 1455 requirere

188 1470 297 1498 debent.
312 1471 359 1499 Sin
376 1472 478 1508 aliquid
489 1472 529 1499 eis
542 1472 630 1501 adhuc
643 1470 720 1501 desit,
740 1470 871 1501 reliquum
890 1466 924 1492 ab
940 1467 973 1493 iis

188 1517 309 1552 capiant,
340 1519 439 1552 quibus
469 1516 630 1551 praediorum
666 1521 775 1541 suorum
806 1511 972 1544 recuperatio

185 1563 247 1598 jure
263 1565 429 1592 conceditur.

222 1610 249 1636 8.
269 1609 338 1644 Quin
362 1617 411 1637 nec
424 1610 558 1644 praetextu
581 1605 706 1639 alicujus,
726 1604 771 1639 qui
796 1602 970 1632 monasticam

187 1656 224 1684 sit
244 1656 393 1690 amplexus,
417 1653 457 1681 vel
478 1651 602 1685 amplecti
625 1649 697 1682 velit,
720 1656 747 1677 et
774 1648 972 1683 possessionem

186 1708 262 1728 suam
285 1707 369 1728 sacrm
394 1697 580 1726 meditantium
613 1694 711 1722 schola:
730 1694 873 1726 addixerit,
900 1700 971 1722 recte

185 1746 240 1780 jam
258 1745 374 1773 decretis
389 1743 534 1779 quidquam
557 1740 725 1769 confusionis
747 1739 878 1769 inferatur
898 1748 905 1767 :
923 1742 969 1767 sed

185 1795 316 1824 quantum
332 1791 400 1818 satis
408 1793 450 1817 est
462 1786 637 1815 emolumenti
652 1787 685 1813 de
697 1786 748 1815 hac
762 1790 853 1814 nostra
867 1787 970 1814 consti-

187 1836 291 1864 tntione
308 1836 500 1872 pereipienles,
514 1833 616 1869 justum
630 1833 704 1862 fundi
720 1832 835 1868 pretium
852 1837 970 1866 sumant;

185 1883 318 1918 siquidem
333 1883 384 1910 hoc
410 1887 504 1915 reapse
518 1879 612 1907 salutis
626 1887 719 1914 causa,
741 1887 794 1907 non
811 1879 873 1908 dolo
887 1880 968 1913 malo,

186 1936 238 1956 non
254 1928 358 1959 fraude,
374 1935 426 1955 non
447 1926 538 1954 fucata
560 1925 670 1954 valricie
690 1926 791 1954 factum
811 1930 862 1954 est.
883 1926 971 1960 Atque

185 1977 237 2002 hoc
258 1982 311 2001 non
332 1973 422 2001 minus
446 1972 479 2000 ad
505 1972 646 2000 utilitatem
672 1979 810 2001 sacrarum
831 1973 971 2004 domuum,

185 2028 266 2057 quam
283 2027 429 2055 pauperum
447 2019 506 2047 lteri
526 2019 706 2055 reputabitur,
721 2018 792 2054 quod
805 2021 832 2046 et
851 2016 971 2051 alitibus,

184 2071 213 2094 ct
226 2064 456 2100 contentionibus,
471 2070 498 2093 et
518 2065 652 2093 libertatis
666 2069 778 2100 experte
793 2063 972 2100 possessionis

184 2111 305 2140 dominio
326 2111 484 2144 liberentur.
508 2112 642 2148 simulque
664 2111 784 2139 devitem
805 2118 838 2141 ac
862 2111 972 2138 minime

185 2160 327 2185 incurrant
351 2157 380 2184 in
402 2157 477 2186 lucra
500 2161 527 2185 et
549 2157 733 2192 possessiones
752 2155 896 2192 ejusmodi,
911 2163 972 2191 quae

1065 929 1096 961 ζ’.
1119 930 1193 957 Ἐπεὶ
1204 930 1232 957 δὲ
1245 931 1292 958 καί
1302 939 1377 962 τινας
1386 931 1453 965 πρὸς
1467 930 1600 966 τοσαύτην
1610 929 1827 966 χρηματισμῶδ

1028 974 1193 1008 ἐληλακότας
1208 975 1324 1010 πόθησιν
1335 976 1505 1010 ἀκηκόαμεν,
1517 975 1554 1007 ὥς
1566 974 1675 1006 εὑώνως
1691 974 1743 1005 τὰς
1761 973 1826 999 τῶν

1028 1020 1164 1055 πδνήτων,
1188 1021 1255 1048 ἀλλὰ
1268 1021 1322 1058 γὰρ
1342 1022 1401 1054 πῶς
1423 1022 1494 1048 εῐπω
1508 1020 1695 1056 ἐξωνήσασθαι
1711 1021 1763 1047 καὶ
1781 1019 1828 1054 μὴ

1027 1067 1123 1101 χανδὸν
1156 1069 1317 1101 καταπιείν;
1348 1069 1458 1104 κτήσεις
1497 1067 1678 1102 προελέσθαι·
1702 1066 1733 1092 τὸ
1765 1067 1826 1098 τῆς

1027 1113 1139 1148 γνώμης
1159 1114 1268 1149 καὶτῆς
1283 1113 1408 1150 πράξεως
1426 1113 1555 1148 διάφορον
1572 1113 1620 1147 οὐχ
1645 1112 1743 1147 ὁμοίαν
1758 1111 1827 1138 τῶν

1028 1158 1218 1194 προλαϐόντων
1229 1160 1278 1194 τὴν
1292 1159 1430 1195 διάκρισιν
1443 1158 1630 1194 ἐξειργάσατο.
1653 1157 1739 1192 Εἴπερ
1765 1156 1824 1182 οὖν

1027 1205 1185 1241 εὑρίσκεται
1205 1204 1275 1240 ὑπὲρ
1290 1205 1320 1232 τὺ
1330 1204 1470 1232 διπλάσιον
1495 1206 1513 1240 ἡ
1532 1203 1622 1231 δικαία
1632 1202 1686 1229 τῶν
1701 1210 1818 1237 πεπρα-

1028 1251 1118 1285 μένων
1140 1250 1323 1284 ἁποτίμησις,
1350 1249 1515 1284 ἁναργύρως
1535 1250 1599 1281 τοὺς
1621 1248 1824 1283 ἀγοράσαντας

1028 1296 1237 1324 ἀπελαύνεσθαι.
1255 1295 1286 1319 Et
1299 1294 1326 1318 δὲ
1340 1294 1433 1324 καὶμὴ
1447 1292 1515 1325 πρὸς
1531 1293 1670 1326 τοσοῦτον,
1694 1294 1770 1328 ὅμως
1786 1292 1822 1319 δὲ

1026 1342 1066 1370 εις
1077 1338 1250 1373 περιγραφὴν
1264 1336 1310 1360 καὶ
1323 1333 1424 1367 βλάϐην
1435 1333 1489 1358 τῶν
1501 1338 1694 1370 πεπραχότων,
1709 1338 1820 1372 ἔφθασε

1024 1384 1052 1408 δὲ
1082 1383 1131 1415 τῆς
1147 1380 1252 1406 ἐκεῖθεν
1279 1376 1416 1412 προσόδου
1443 1376 1474 1402 τὸ
1486 1376 1582 1412 κέρδος
1597 1379 1761 1415 ἐξισωθῆναι
1777 1383 1820 1416 τῇ

1025 1424 1160 1458 καταϐολῇ
1174 1422 1219 1449 τοῦ
1231 1421 1399 1457 τιμήματος,
1411 1420 1494 1458 μηδὲν
1517 1421 1614 1453 αὐτοὺς
1628 1421 1722 1456 ἕτερον
1748 1426 1820 1451 ἐπι-

1024 1468 1126 1503 ζητεῖν,
1145 1467 1357 1503 Ἐλαττουμένου
1385 1466 1423 1498 δὲ,
1439 1466 1469 1492 τὸ
1494 1466 1586 1492 λεῖπον
1603 1465 1818 1500 ἀπολαμϐάνειν

1024 1514 1100 1550 παρᾶ
1125 1515 1179 1541 τῶν
1191 1512 1389 1549 δικαιουμένων
1409 1513 1449 1544 εἰς
1464 1512 1512 1547 τὴν
1531 1513 1585 1539 τῶν
1599 1512 1687 1542 τόπων
1702 1512 1814 1549 ἀπόλη-

1021 1560 1078 1595 φιν.

1057 1605 1091 1640 η’.
1115 1607 1193 1634 ’Λλλὰ
1209 1607 1276 1642 μηδὲ
1294 1607 1427 1642 προφάσει
1450 1604 1615 1642 μονάσαντός
1638 1611 1709 1634 τινος
1720 1603 1737 1633 ἣ
1755 1611 1806 1637 μο-

1022 1654 1102 1681 visat.
1119 1654 1281 1689 βουλομένου
1295 1654 1342 1680 καὶ
1353 1653 1403 1688 τὴν
1420 1653 1487 1680 ίδίαν
1506 1649 1752 1686 προσκυρώσαντος
1766 1648 1810 1683 τῷ

1023 1700 1088 1735 ἱερῷ
1116 1699 1317 1735 φροντιστηρίῳ
1341 1700 1438 1734 κτῆσιν
1465 1698 1499 1724 τὰ
1522 1697 1613 1728 καλῶς
1628 1695 1676 1722 νῦν
1693 1694 1811 1727 δόξαντα.

1023 1747 1154 1782 σύγχυσίν
1170 1755 1230 1772 τινα
1254 1745 1384 1780 δεχέσθω,
1416 1744 1510 1777 ἱκανὴν
1538 1743 1570 1769 ἐκ
1589 1742 1639 1776 τῆς
1663 1741 1807 1775 παρούσης

1021 1793 1184 1828 διακρίσεως
1195 1792 1375 1828 εὐμοιροῦντα
1386 1791 1436 1826 τὴν
1448 1790 1590 1825 ὠφέλειαν,
1602 1788 1631 1814 τὺ
1640 1786 1689 1822 τὴν
1697 1786 1807 1812 δικαίαν

1021 1840 1104 1875 τιμὴν
1118 1839 1165 1866 τοῦ
1185 1840 1324 1874 κτήματος
1341 1836 1554 1872 ἀπολαμϐάνειν,
1574 1835 1597 1861 εἰ
1625 1832 1732 1868 ἀληθῶς
1750 1840 1806 1858 σω-

1021 1886 1117 1921 τηρίας
1132 1886 1213 1912 ἕνεκα
1226 1885 1304 1912 τοῦτο
1325 1885 1370 1911 καὶ
1389 1883 1427 1918 μὴ
1447 1882 1515 1917 δόλῳ
1529 1881 1575 1908 καλ⁸
1585 1879 1732 1915 περιεργία
1757 1879 1809 1904 καὶ

1023 1931 1206 1966 σεσοφισμένῃ
1230 1929 1433 1963 διαπέπρακται
1452 1926 1586 1962 περινοίᾳ.
1600 1925 1685 1952 Τοῦτο
1700 1924 1729 1950 δὲ
1756 1924 1808 1958 οὐχ

1021 1975 1102 2013 ἦττον
1115 1977 1155 2008 εἰς
1165 1976 1334 2002 λυσιτέλειαν
1343 1975 1396 2001 τῶν
1408 1974 1488 2009 ἱερῶν
1499 1974 1581 2000 οῐκων
1592 1973 1608 2006 ἢ
1619 1972 1673 1998 τῶν
1682 1971 1808 2006 πενήτων

1022 2023 1224 2057 λογισθήσεται,
1240 2018 1489 2054 ἀπαλλαττομένων
1505 2018 1553 2053 μὲν
1565 2016 1652 2052 ἔριδος
1670 2015 1718 2042 καὶ
1733 2015 1810 2049 φιλο-

1023 2068 1131 2098 νεικιῶν
1145 2068 1192 2094 καὶ
1205 2065 1384 2100 ἀνελευθέρου
1397 2064 1531 2099 κτήσεως,
1552 2061 1706 2096 φευγόντων
1719 2060 1748 2086 δὲ
1760 2061 1809 2086 καὶ

1022 2115 1072 2142 ob):
1087 2113 1286 2150 ἐπιτρεχόντων
1311 2110 1467 2145 πτωμάτων
1483 2108 1585 2139 αἰτίους
1609 2106 1732 2142 εὑρέσεις
1759 2106 1809 2132 καὶ

1023 2159 1214 2195 κατασχέσεις,
1225 2155 1380 2193 ἀνθρώποις
1393 2163 1423 2182 τε
1441 2153 1558 2193 οὔσισκαὶ
1572 2152 1613 2178 ἔτι
1630 2151 1713 2186 σαρκὶ
1743 2159 1807 2178 συν-

186 2205 309 2237 lapsuum
325 2210 424 2231 causas
441 2203 474 2231 iis
491 2203 623 2239 praebent,
652 2203 697 2237 qui
711 2205 740 2230 et
754 2202 876 2230 homines
896 2206 970 2235 sunt,

1027 2206 1175 2241 δεδεμένοις
1187 2205 1234 2231 καὶ
1246 2203 1297 2230 οὐκ
1311 2201 1460 2231 ἀναλώτοις
1473 2199 1563 2234 μένειν
1580 2197 1809 2232 πεπιστευμένοις

188 2253 216 2276 et
231 2249 306 2276 carni
323 2248 412 2277 adhuc
423 2249 535 2284 alligati,
548 2255 598 2276 nec
610 2252 713 2277 tantum
725 2247 780 2276 sibi
790 2247 884 2280 llduat,
901 2251 930 2274 ut
939 2254 969 2276 se

186 2294 323 2322 immunes
336 2301 351 2321 a
365 2294 485 2329 lapsibus
495 2293 623 2322 humanis
633 2299 694 2321 esse
705 2293 829 2323 credantt

222 2339 349 2370 Sedenim
356 2340 414 2369 hate
421 2340 590 2375 perhumane
595 2339 698 2368 sancito
704 2343 778 2373 sunt,
784 2346 844 2374 quae
850 2343 876 2366 et
881 2339 972 2374 acqui-

187 2386 262 2414 rendi
278 2386 416 2415 libidinem
437 2385 617 2414 insatiabilem
625 2392 687 2413 cum
699 2385 882 2413 moderatione
895 2392 973 2413 coer-a

188 2437 259 2465 cent,
275 2437 301 2461 et
313 2432 384 2467 quod
396 2431 504 2467 expedit
516 2430 630 2467 publica,
641 2431 756 2459 suadent
768 2440 776 2458 :
792 2435 821 2458 ut
831 2438 911 2459 nemo
921 2438 972 2459 nec

189 2477 374 2511 spectabilium
388 2477 579 2512 magistrorum
593 2480 639 2502 aut
651 2475 837 2510 patriciorum,
854 2483 903 2503 nec
914 2482 970 2502 ma-

189 2523 358 2557 gistratibus,
371 2526 418 2552 aut
431 2521 623 2558 potestatibus,
642 2526 690 2549 aut
708 2520 900 2556 principalibus
913 2527 972 2547 om»

188 2567 252 2594 nino
275 2567 452 2603 dignitatibus
474 2567 681 2598 honoratorum,
710 2565 752 2592 vel
772 2565 903 2597 civilium.
928 2565 970 2593 vel

189 2613 355 2648 militarium,
369 2614 412 2642 vel
424 2612 630 2650 provincialium
642 2611 796 2647 praesidum,
811 2611 852 2639 vel
868 2617 971 2646 exprm-

188 2658 287 2693 sidum,
309 2660 352 2688 vel
376 2660 657 2696 metropolitanorum,
681 2658 724 2688 vel
751 2658 969 2693 archiepiscopo-

190 2708 261 2733 rum.
274 2704 316 2732 vel
329 2703 531 2740 episcoporum,
544 2703 588 2732 vel
603 2703 741 2736 abbatum,
756 2703 799 2731 vel
812 2710 906 2731 eorum
923 2702 970 2737 qui

189 2746 321 2781 religiosis
355 2748 479 2777 domibus
508 2753 639 2784 praesunt,
664 2753 712 2778 aut
738 2748 820 2779 alium
856 2747 971 2782 denique

189 2791 352 2822 mundanum
391 2794 520 2823 honorem
545 2795 684 2823 consecuti
711 2799 783 2827 sunt,
813 2794 966 2829 emptionis,

1023 2252 1078 2284 τοῖς
1093 2249 1273 2285 ἀνθρωπίνοις
1280 2246 1470 2282 όλισθήμασιν.

1067 2337 1147 2365 Ἀλλὰ
1158 2336 1245 2364 ταῦτα
1263 2336 1311 2371 μὲν
1323 2332 1576 2370 φιλανθρωπότερον
1594 2329 1734 2365 διωρίσθη,
1759 2331 1807 2357 καὶ

1022 2385 1052 2414 τὸ
1068 2385 1116 2419 τῆς
1131 2381 1368 2418 φιλοκτημοσύνης
1383 2379 1532 2414 ἀκόρεστον
1549 2377 1730 2413 μετριώτερον
1744 2376 1805 2402 ἐπι-

1022 2432 1176 2466 τιμώμενα,
1186 2428 1235 2455 καὶ
1248 2429 1279 2455 τὸ
1291 2428 1366 2462 κοινῇ
1384 2424 1542 2452 λυσιτελοῦν
1559 2423 1750 2458 είσηγούμενα,
1769 2423 1806 2454 ὡς

1025 2472 1127 2509 μηδένα
1140 2472 1239 2507 μηκέτι
1256 2471 1324 2506 μήτε
1336 2471 1390 2497 τῶν
1409 2468 1597 2502 περιϐλέπτων
1613 2467 1772 2503 μαγίστρων
1789 2467 1806 2502 ἦ

1024 2518 1187 2554 πατρικίων,
1215 2518 1283 2552 μήτε
1307 2516 1362 2543 τῶν
1377 2516 1474 2550 ἀρχαῖς
1499 2514 1516 2549 ἢ
1543 2512 1678 2545 ἐξουσίαις
1705 2512 1804 2548 ἢὸλως

1023 2564 1173 2599 βασιλικοῖς
1193 2562 1332 2596 ἀξιώμασι
1357 2557 1591 2594 τετιμημένων,ἢ
1617 2556 1764 2583 πολιτικῶν
1788 2557 1804 2592 ἢ

1023 2608 1228 2646 στρατιωτικῶν
1239 2608 1255 2643 ἢ
1267 2605 1424 2640 θεματικῶν
1438 2604 1577 2640 ἀρχόντων
1588 2603 1604 2638 ἢ
1616 2603 1804 2637 ἁπαρχόντων,

1023 2656 1094 2691 μήτε
1109 2652 1346 2690 μητροπολιτῶνῆ
1373 2650 1595 2687 ἁρχιεπισκόπων
1614 2649 1631 2684 ἢ
1649 2648 1804 2675 ἐπισκόπων

1025 2702 1042 2736 ἢ
1056 2700 1215 2736 ἡγουμένων
1231 2700 1247 2735 ἢ
1263 2698 1316 2725 τῶν
1343 2697 1449 2732 εὐαγῶν
1469 2698 1558 2723 τόπων
1578 2694 1767 2730 προεστώτων,
1786 2694 1803 2730 ἢ

1023 2747 1079 2774 τῶν
1089 2746 1177 2778 ἄλλως
1189 2745 1324 2781 κοσμικῆς
1340 2744 1356 2779 ἦ
1366 2742 1505 2778 ἱερατικῆς
1517 2741 1595 2776 δόξης
1605 2739 1802 2774 τυγχανόντων,

1024 2793 1039 2827 ἦ
1055 2793 1156 2828 ἀγορᾶς
1172 2792 1187 2827 ἢ
1204 2791 1308 2826 δωρεᾶς
1327 2789 1344 2825 ἧ
1361 2789 1433 2824 ἄλλῳ
1451 2787 1504 2817 τινὶ
1519 2786 1612 2822 τρόπῳ
1642 2784 1801 2820 ὑπεισέρχε-
