1945 3073
134 126 184 160 L77

132 182 220 215 πετῶς
235 181 282 208 τοῦ
301 181 438 209 ἀντιδίκου
462 179 663 215 ἀποληφθέντος
681 180 726 205 ἐπὶ

134 229 187 264 φθῇ
202 228 232 254 τὸ
251 227 343 263 ἕτερον
356 227 450 262 μέρος,
468 226 529 252 οὐδὲ
552 225 621 256 δλως
647 226 698 260 χρὴ
727 225 778 260 πρὸ
802 225 918 259 πέρατος

134 275 182 309 τῆς
195 275 274 310 δίκης
288 274 512 301 ἀποκατάστασιν
529 272 663 306 γίνεσθαι,
684 273 744 298 οὐδὲ
779 272 842 306 τῇδε
868 272 918 298 κά-

136 321 210 347 κεῖσε
230 320 264 347 τά
290 320 440 355 πράγματα
470 318 680 354 μεταφερόμενα
713 318 918 352 διαφθείρεσθαι

136 365 188 392 ἀπὸ
203 365 253 399 τῆς
264 364 415 398 ἐναλλαγῆς
432 363 485 390 τῶν
510 362 664 399 προσώπων
690 363 707 397 ἢ
731 362 781 396 τῆς
803 362 918 397 θατέρου

133 411 237 438 ’τούτων
255 410 412 444 ἐπιϐουλῆς,
428 409 509 444 τυχὸν
520 408 660 444 δυσμενῶς
676 408 744 442 πρὸς
757 408 803 434 τὸν
817 407 917 434 ἀντίδι-

135 464 182 482 κον
194 456 302 491 ἔχοντος
318 455 335 490 ἢ
349 455 396 482 καὶ
411 454 561 486 συνειδότος
575 454 612 490 μὴ
622 453 711 484 καλῶς
723 453 916 486 ἀγωνίζεσθαι.

158 497 220 527 ὑται
237 500 266 527 δὲ
282 501 311 527 at
325 499 466 534 συνήθειαι
484 500 555 526 κατὰ
584 499 633 534 τὴν
659 500 842 534 προκειμένην
864 498 918 525 διά-

135 547 220 581 στιξιν
235 548 282 574 καὶ
298 546 344 573 ἐπὶ
355 546 410 573 τῶν
426 545 655 582 ὑπηρετουμένων
669 544 827 580 ἁπαιτητῶν
859 545 918 579 ἦτοι

135 591 305 619 ὲκὸιϐαστῶν
327 592 412 619 άπασι
431 592 486 623 τοῖς
504 591 651 622 πολιτικοῖς
665 590 806 621 δικασταῖς
832 589 918 616 ἔστω-

135 649 195 673 σαν,
207 641 254 667 καὶ
278 639 360 675 μηδὲν
375 639 530 674 περαιτέρω
541 646 547 652 ·
570 637 678 669 τούτοις
693 637 747 672 γὰρ
769 636 918 670 ἀναγκαῖόν

135 688 203 718 km,
227 686 264 722 μὴ
279 686 358 720 μόνον
375 684 510 719 καθαραῖς
532 684 592 714 ταῖς
609 683 704 718 χερσὶν
722 682 828 718 ἄρχειν,
852 681 919 708 ἀλλὰ

135 733 182 758 καὶ
202 731 264 762 τοὺς
282 730 484 764 ὑπουργοῦντας
504 729 577 764 ἔχειν
598 729 698 760 παντὸς
714 727 828 762 αἰσχροῦ
849 727 919 761 λήμ-

137 786 221 812 ματος
241 777 401 812 ἁνωτέρυυς.
424 776 492 811 Περὶ
518 775 547 802 δὲ
575 775 630 801 τῶν
654 773 862 810 ὑπουργούντων
891 773 919 799 ὲν

135 824 196 854 ταῖς
226 823 346 858 γραφαῖς
379 823 436 852 τοῖς
469 821 522 853 ἔξω
549 820 704 852 δικάζουσιν
738 819 755 854 ἢ
787 819 833 846 καὶ
863 818 919 849 τοῖς

679 122 859 154 NUVELLE
876 124 1213 156 CONS'I‘ITUTIONES.

1702 127 1755 159 578

752 182 821 214 νομῇ
855 187 922 214 πεμ-
936 178 961 207 Δ
976 181 1018 207 sin
1039 181 1195 211 illustrium,
1210 180 1243 207 de
1257 180 1325 208 libra
1342 182 1469 209 dimidius
1485 182 1585 210 solidus
1600 187 1752 218 prastetnr.

975 225 1002 253 Si
1016 234 1075 252 Ctllll
1092 226 1264 253 adversarius
1274 229 1446 254 contumacitt
1458 236 1469 253 r
1479 227 1609 261 judicium
1622 228 1755 255 deseruis-

968 277 1021 305 set,
1037 279 1099 306 pars
1116 271 1198 298 altera
1215 271 1295 299 fuerit
1310 272 1335 299 in
1355 274 1553 306 possussionem
1568 274 1665 306 missa;
1681 274 1754 301 nnlto

968 319 1048 345 modo
1060 321 1123 345 ante
1152 318 1226 345 litem
1244 317 1345 345 linitant
1371 319 1507 346 restitutio
1528 319 1592 351 fiat;
1609 327 1694 353 neque
1712 326 1755 346 res

968 363 1003 390 ab
1020 371 1073 390 una
1096 368 1173 397 parte
1198 363 1231 390 ad
1255 363 1367 390 alteram
1388 364 1529 392 translata:
1545 371 1756 400 corrumpantur

968 409 1119 436 mutatione
1138 409 1287 440 hominum,
1309 409 1350 436 Vel
1363 408 1433 437 forte
1457 410 1630 438 insidiatione
1656 412 1751 438 horum

968 453 1147 485 alterutrius,
1181 453 1251 480 male
1271 461 1334 489 erga
1365 454 1551 482 adversarium
1581 454 1669 483 aﬂ'ecti
1687 476 1694 489 ,
1729 462 1756 483 ιιι

968 497 1074 526 conscii
1091 498 1124 526 de
1140 505 1192 526 non
1212 502 1283 525 recta
1301 499 1422 534 litigandi
1434 499 1548 526 ratione.
1567 499 1672 527 Eaedem
1686 508 1750 527 vero

968 543 1178 571 consuetudines
1189 543 1338 571 secundum
1364 545 1531 579 propositam
1552 544 1754 574 distinctioriem

968 589 1094 616 omnibtts
1103 588 1240 622 iudicibus
1257 589 1378 620 urbanis,
1392 589 1449 616 sive
1463 589 1590 616 civilibus
1604 595 1695 621 sunto,
1711 599 1755 616 ra-

969 633 1042 661 tione
1066 638 1236 665 exacturum,
1260 633 1317 660 sive
1340 639 1548 665 exsecutorum,
1580 633 1625 667 qui
1643 634 1755 661 subser-

968 681 1055 711 viunt,
1071 683 1098 707 et
1122 678 1189 705 nihil
1203 679 1328 714 amplius.
1346 678 1402 708 llos
1419 679 1490 706 enim
1510 686 1562 706 non
1580 679 1664 706 solum
1681 681 1755 714 puris

970 725 1093 752 manibus
1110 725 1296 759 magistratum
1311 731 1448 757 exercere,
1459 732 1552 751 verum
1571 725 1653 752 etiam
1670 734 1756 760 appa-

970 771 1077 805 ritores,
1095 773 1140 807 qui
1156 772 1245 807 turpia
1265 772 1339 799 lucra
1355 776 1539 805 contemnant,
1558 773 1656 800 habere
1672 782 1755 808 opor-

972 820 1019 844 tet.
1037 817 1070 844 Iis
1090 822 1192 850 autem,
1219 817 1264 852 qui
1278 818 1413 852 judicibus
1430 818 1579 850 extraneis,
1605 823 1650 845 aut
1666 820 1754 846 tribu-

136 868 254 895 ἐνταῦθα
290 867 494 903 δικαστηρίοις,
527 866 688 898 αὐτοτελοῦς
727 865 917 900 ἀπολυομένης

973 863 1076 890 nalibus
1095 863 1215 894 urbanis,
1228 863 1254 889 in
1268 863 1410 897 scripturis
1422 863 1557 896 serviunt,
1572 864 1594 890 si
1617 865 1754 891 deﬁnitiva

136 914 263 950 κρίσεως,
292 913 339 940 hri
369 913 419 948 μὲν
449 912 504 940 τῶν
531 912 730 946 εὐτελεστέρων
762 911 918 937 ὑποθέσεων

135 961 198 994 ἄχρι
214 959 309 994 λίτρας
324 959 388 994 μιᾶς
403 958 419 993 ἢ
433 959 480 985 καὶ
497 958 625 985 ἐπέκεινα
650 957 746 992 μέχρις
769 957 829 988 ἐνὸς
840 956 918 991 νομί-

137 1012 239 1039 σματος
271 1002 407 1030 δίδοσθαι·
432 1002 572 1033 ἐλάττονος
607 1001 636 1028 δὲ
665 1001 759 1034 οὔσης,
790 999 917 1034 ὑφαιρεῖν

136 1049 203 1084 πρὸς
220 1048 365 1083 ἀναλογίαν
379 1048 411 1075 ὲκ
420 1047 467 1075 τοῦ
484 1047 648 1082 νομίσματος
661 1058 667 1064 ~
686 1046 780 1080 ὥσπερ
792 1045 917 1077 αὐξάνειν

136 1096 217 1122 πάλιν
229 1095 276 1121 ἐπὶ
292 1094 346 1121 τῶν
361 1093 583 1129 ὑπερϐαινουσῶν
589 1093 638 1124 τὰς
648 1094 720 1127 τρεῖς
730 1091 825 1126 λίτρας
836 1090 917 1117 δικῶν

136 1140 199 1175 ἄχρι
214 1140 260 1166 δύο
274 1139 290 1175 ἢ
306 1139 354 1166 καὶ
366 1138 450 1174 τριῶν
463 1139 637 1173 νομισμάτων
651 1145 658 1153 ·
678 1137 812 1171 μηδέποτε
825 1136 853 1162 δὲ
864 1135 918 1162 ἀπὸ

136 1186 258 1220 πενήτων
282 1184 437 1216 πολιτικῶν,
464 1184 481 1218 ἢ
507 1182 673 1218 ἁγροιτικῶν
694 1181 760 1216 μηδὲ
788 1181 918 1216 μεγίστης

137 1231 219 1265 οὔσης
243 1231 292 1264 τῆς
308 1230 471 1261 ὑποθέσεως,
488 1229 597 1264 γραφῆς
632 1228 711 1262 χάριν
738 1227 818 1252 πλέον
850 1235 918 1261 παρ-

136 1275 246 1309 έχεσθαι
259 1274 305 1301 τοῦ
321 1274 496 1310 νομίσματος.
518 1273 579 1300 Ἐπὶ
592 1273 620 1299 δὲ
645 1274 703 1304 ταῖς
721 1271 919 1306 ἁπολυομέναις

135 1321 236 1355 ψήφοις
255 1320 325 1346 κατὰ
340 1319 466 1346 κέλευσιν
479 1319 546 1353 πρὸς
569 1319 630 1349 τοὺς
646 1318 698 1350 ἔξω
719 1318 877 1349 δικάζοντας
889 1317 920 1344 τὸ

135 1366 295 1395 δωδέκατον.
311 1365 440 1396 πολλάκις
449 1364 476 1391 δὲ
491 1365 538 1390 καὶ
552 1364 631 1399 μέχρι
647 1364 726 1390 ἕκτου
741 1363 841 1389 διδόναι
857 1363 919 1394 τοὺς

136 1411 340 1447 εὐπορωτέρους
356 1419 362 1426 ·
383 1410 446 1442 τοὺς
460 1410 488 1437 δὲ
506 1410 624 1445 ἀπόρους
646 1409 715 1444 πρὸς
727 1409 757 1435 τὸ
771 1408 919 1442 ἀναλογοῦν

135 1457 185 1492 τῆς
202 1457 309 1491 γραφῆς
325 1455 371 1482 καὶ
394 1455 440 1482 τοῦ
459 1454 631 1488 πράγματος,
649 1454 713 1488 περὶ
731 1450 761 1480 οὑ
786 1453 802 1489 ὴ
830 1452 919 1488 ψῆφος

138 1502 287 1538 προϐαίνει,
315 1501 370 1528 ἐσθ’
386 1501 430 1527 ὅτε
445 1501 491 1527 καὶ
509 1500 589 1526 πλέον
606 1499 652 1526 τοῦ
667 1500 834 1534 νομίσματος
850 1498 919 1533 μετὰ

970 911 1102 938 sententia
1119 911 1318 946 ‘promulgetur,
1348 910 1379 938 ad
1412 919 1494 938 unum
1521 919 1607 945 usque
1635 912 1752 938 solidum

968 957 1095 991 sportula:
1106 958 1212 989 dentur,
1237 957 1263 984 in
1278 957 1366 984 causis
1376 957 1482 992 quidem
1502 957 1680 989 tenuioribus,
1696 965 1755 992 qum

968 1003 1002 1030 ad
1015 1011 1095 1030 unam
1108 1011 1192 1038 ttsque
1207 1003 1316 1036 libram,
1343 1008 1369 1030 et
1387 1003 1465 1038 paulo
1478 1003 1595 1038 amplius
1611 1011 1640 1031 se
1664 1004 1752 1038 porti-

968 1053 1045 1083 gnnt.
1067 1048 1115 1075 S'n
1132 1049 1221 1076 minor
1235 1053 1277 1076 est
1289 1056 1405 1082 summa,
1419 1055 1469 1083 pro
1487 1053 1543 1076 rata
1557 1048 1590 1075 de
1602 1049 1687 1075 solido
1708 1049 1756 1076 de-

970 1094 1066 1121 tractio
1096 1095 1160 1126 liat;
1194 1094 1273 1121 sicuti
1302 1094 1524 1129 rursusadjectio
1548 1094 1672 1121 facienda
1690 1113 1698 1125 .
1731 1095 1755 1120 in

969 1140 1058 1167 causis
1078 1143 1133 1167 tres
1148 1139 1231 1167 libras
1258 1139 1462 1172 excedentibus,
1483 1141 1517 1167 ad
1536 1139 1615 1172 duos,
1634 1145 1679 1166 aut
1701 1145 1756 1166 [res

969 1193 1054 1220 usque
1069 1185 1179 1212 solidos.
1195 1185 1336 1220 Nunquam
1351 1186 1565 1220 amunicipibus,
1589 1189 1614 1212 et
1630 1186 1754 1217 rusticis,

970 1230 1016 1264 qui
1028 1237 1158 1263 pauperes
1173 1236 1245 1263 sunt,
1262 1238 1294 1257 ne
1314 1231 1336 1258 si
1353 1231 1460 1265 quidem
1474 1231 1589 1257 maxima
1601 1239 1680 1257 causa
1709 1231 1754 1260 sit,

971 1276 1114 1306 scripturae
1138 1276 1247 1303 nomine
1275 1277 1334 1311 plus
1365 1284 1418 1304 uno
1445 1276 1530 1304 solido
1556 1281 1708 1311 pra-stetur.
1727 1277 1756 1303 In

971 1321 1121 1353 sententiis,
1138 1321 1288 1356 quasjnssu
1306 1322 1434 1356 principis
1448 1322 1592 1356 adjudices
1614 1327 1757 1348 extraneos

971 1366 1154 1399 remittuntur,
1173 1366 1361 1401 locupletiores
1373 1367 1481 1402 quidem
1491 1367 1644 1399 decumam,
1669 1374 1756 1400 smpe-

971 1418 1083 1439 numero
1110 1417 1215 1439 sextam
1239 1419 1347 1447 quoque
1366 1417 1470 1447 partetn
1492 1416 1638 1446 praestant;
1666 1412 1759 1446 inopes

970 1462 1071 1489 autem,
1085 1465 1133 1491 pro
1148 1458 1251 1485 ratione
1266 1458 1420 1491 inventarii,
1434 1462 1462 1485 et
1477 1458 1561 1492 ipsius
1576 1458 1624 1489 rei,
1648 1458 1682 1484 de
1705 1465 1757 1491 qua

969 1503 1102 1531 sententia
1126 1504 1221 1531 fertur.
1240 1503 1438 1538 Nonnunquam
1464 1509 1491 1531 et
1511 1503 1570 1538 plus
1591 1511 1643 1529 uno
1665 1503 1754 1530 solido

136 1547 306 1582 διαγνώσεως
342 1546 388 1573 τοῦ
415 1546 580 1577 δικάζοντος.
606 1545 637 1571 Εἰ
660 1545 689 1571 δέ
713 1553 745 1578 γε
776 1544 918 1580 παρόντων

973 1549 1071 1582 datur,
1099 1549 1295 1576 interveniente
1329 1549 1483 1584 cognitione
1509 1549 1618 1584 judicis.
1642 1548 1669 1575 Si
1694 1556 1758 1575 vero

137 1593 298 1628 ἀμφοτέρων
311 1591 366 1618 τῶν
385 1591 476 1627 μερῶν
493 1592 546 1618 ἀπὸ
559 1591 676 1627 κρίσεως
688 1591 826 1626 ἔγγραφος
852 1589 919 1616 ἁπό-

138 1647 219 1674 φασις
230 1638 364 1673 ἀπολυθῇ,
380 1637 418 1673 τῷ
433 1637 556 1672 μέλλοντι
567 1637 688 1669 δικάζειν
704 1636 752 1663 ἐπὶ
764 1635 811 1663 τοῦ
824 1636 919 1669 τόπου,

137 1684 253 1719 εὐπόρου
279 1683 381 1719 δηλαδὴ
408 1683 564 1718 περιουσίας
580 1681 823 1717 ὑποδεικνυμένης,
840 1682 920 1708 δυνα-

136 1729 182 1756 τὴν
195 1729 264 1756 κατὰ
279 1729 423 1763 διάγνωσιν
434 1728 482 1755 καὶ
492 1728 544 1760 ἕως
564 1727 636 1755 δυοῖν
654 1727 837 1762 ,νομισμάτων
848 1728 920 1762 ,ἀνα-

137 1774 296 1807 ὅιδάζεσθαι
323 1774 353 1801 τὺ
372 1774 510 1812 μίσθωμα.

175 1863 208 1900 β’.
230 1863 378 1899 Ἐπειδὴδὲ
399 1863 428 1889 αι
452 1862 581 1898 διαθῆκαι
603 1862 679 1897 παρὰ
702 1861 740 1897 τῷ
760 1861 920 1896 κοιαίστωρι

136 1911 302 1944 ἀνοίγονται,
315 1910 371 1940 τοϊς
387 1907 569 1943 ὑπουργοῦσιν
589 1909 618 1934 ὲν
635 1909 668 1943 τῇ
684 1907 782 1941 ἀνοίξει
803 1907 920 1941 καγγελ-

135 1956 240 1993 λαριοις
260 1955 306 1982 ἐπί
317 1964 346 1982 τε
364 1956 397 1990 τῇ
411 1955 556 1989 συναγωγῇ
570 1954 625 1979 τῶν
641 1953 787 1988 μαρτύρων
800 1954 848 1979 καὶ
866 1952 921 1979 τῶν

136 2004 167 2036 ἓξ
186 2001 326 2029 άδιαθέτου
343 2000 519 2036 κληρονόμων
529 2000 546 2034 ἢ
563 2000 610 2026 καὶ
626 1999 795 2034 λεγαταριων
808 1999 853 2025 καὶ
868 1997 922 2025 τῶν

137 2049 172 2076 δι’
187 2048 282 2083 ἑτέρας
297 2046 389 2082 χρείας
405 2045 566 2080 ὀφειλόντων
582 2043 763 2079 παρίστασθαι
789 2045 921 2079 παρέχειν

138 2095 258 2130 νόμισμα
271 2093 310 2126 ἓν,
323 2092 361 2128 τῷ
373 2093 402 2119 δὲ
413 2091 512 2127 πρώτῳ
527 2090 716 2125 καγγελλαρίῳ
730 2090 822 2125 ἓτερον
845 2090 923 2124 νόμιο

138 2149 194 2176 σμι
213 2139 252 2172 ἓν,
266 2140 313 2166 καὶ
326 2139 381 2170 τοϊς
395 2138 455 2165 δυσὶ
468 2136 605 2172 νοταρίοις
621 2136 674 2163 ἀνὰ
690 2136 776 2170 ἥμισυ
785 2134 831 2162 τοῦ
846 2135 923 2170 νομί-

140 2195 254 2221 σματος.
266 2185 421 2216 Ἐλάττονος
433 2183 461 2210 δὲ
471 2183 525 2209 τῶν
540 2182 587 2209 δύο
603 2182 703 2217 λιτρῶν
717 2180 922 2217 ἀριθμουμένης

972 1594 1101 1622 ambabus
1115 1594 1225 1629 paribus
1240 1595 1428 1628 prmsentibus,
1450 1601 1482 1621 ex
1503 1594 1698 1620 deliberatione
1713 1593 1758 1627 jn-

973 1639 1098 1672 diciaria,
1126 1640 1262 1667 sententia
1289 1639 1315 1666 in
1340 1639 1449 1673 scriptis
1475 1639 1588 1667 remissa
1616 1637 1697 1666 fuerit
1725 1639 1758 1665 ad

973 1685 1060 1718 illtnn,
1076 1685 1121 1720 qui
1137 1685 1181 1719 jus
1192 1685 1312 1711 dicturus
1327 1689 1369 1711 est
1393 1684 1417 1710 in
1434 1690 1463 1710 re
1474 1683 1617 1718 praesenti;
1643 1684 1664 1710 si
1680 1682 1757 1709 locu-

973 1731 1031 1766 ples
1051 1737 1112 1758 esse
1125 1730 1317 1765 patrimonium
1335 1732 1442 1763 pareat,
1454 1733 1543 1761 potest
1557 1728 1755 1756 interveniente

971 1776 1070 1812 judieis
1088 1775 1241 1809 cognitione
1259 1775 1389 1802 salarium
1409 1781 1518 1809 quoque
1531 1774 1565 1801 ad
1582 1773 1650 1801 duos
1673 1780 1759 1808 usque

973 1822 1073 1850 solidos
1092 1821 1195 1856 augeri.

1007 1867 1036 1894 2.
1046 1866 1178 1900 Quoniam
1194 1870 1354 1894 testamenta
1371 1865 1442 1901 apud
1457 1869 1618 1899 quaestorem
1631 1864 1759 1898 aperiun~

976 1918 1029 1947 tur,
1047 1921 1073 1940 tn
1089 1920 1181 1940 eorum
1199 1912 1339 1947 apertiOne
1355 1911 1526 1938 cancellariis
1549 1918 1613 1938 suas
1626 1910 1759 1937 exhiben-

975 1959 1046 1986 tibus
1055 1966 1164 1994 operas,
1184 1962 1239 1985 tam
1257 1957 1416 1991 colligendis
1429 1957 1552 1989 testibus,
1565 1961 1592 1982 et
1608 1955 1760 1982 bzeredilins

974 2005 1009 2033 ab
1034 2004 1162 2031 intestato
1187 2003 1407 2033 succedentibus,
1438 2006 1485 2028 aut
1506 2001 1587 2028 etiam
1610 2001 1758 2036 legatariis,

975 2057 1055 2086 quant
1071 2049 1187 2082 caeteris,
1202 2048 1248 2082 qui
1270 2048 1304 2075 ob
1329 2048 1397 2074 alias
1420 2054 1516 2074 causas
1532 2046 1627 2074 adesse
1651 2047 1758 2079 debent,

974 2096 1074 2124 solidus
1084 2102 1155 2122 unus
1174 2093 1345 2129 prazstabitur
1359 2101 1367 2125 ;
1381 2092 1470 2127 primo
1486 2096 1577 2119 autem
1587 2091 1759 2124 cancellarlo,

975 2148 1044 2168 unus
1056 2141 1121 2167 item
1143 2139 1256 2171 solidus,
1274 2143 1301 2166 et
1318 2138 1423 2166 duobus
1437 2137 1560 2169 notariis,
1571 2137 1698 2164 dimidius
1714 2145 1760 2165 so-

975 2187 1057 2214 lidus.
1075 2185 1150 2220 Quod
1165 2185 1187 2212 si
1203 2184 1358 2220 patrimonii
1373 2191 1477 2212 summa
1502 2183 1590 2210 minor
1601 2184 1636 2211 sit
1653 2184 1758 2211 duabus

137 2233 186 2267 τῆς
201 2231 386 2262 ὑποστάσεως,
401 2229 637 2265 ὑπεξαιρουμένης
654 2228 746 2264 μέντοι
768 2230 816 2263 τῆς
839 2228 920 2263 τιμῆς

976 2233 1062 2265 libris,
1084 2236 1197 2266 excepto
1221 2235 1310 2258 tamen
1342 2230 1432 2266 pretio
1460 2230 1676 2265 mancipiorum,
1702 2237 1762 2264 quae

137 2278 191 2305 τῶν
207 2278 272 2308 ἴσως
286 2276 530 2312 ἐλευθερουμένων,
547 2276 614 2301 πᾶσι
629 2275 735 2306 coiret;
753 2274 921 2309 παρέχεσθαι

137 2322 259 2358 νόμισμα
268 2321 298 2348 ἓν
308 2342 314 2348 .
325 2321 386 2348 Ἐὰν
399 2321 427 2348 δὲ
442 2321 477 2347 τὰ
488 2320 587 2347 ἑκατὸν
598 2320 752 2355 νομίσματα
763 2320 842 2354 μόνον
857 2320 923 2346 απο-

139 2369 294 2403 συνάγιται,
308 2367 390 2402 μηδὲν
404 2366 532 2393 δίδοσθαι.
548 2366 596 2392 Διὰ
619 2366 651 2401 δὴ
665 2366 760 2397 ταῦτα,
785 2364 836 2391 κᾶν
853 2364 922 2399 ὑπὲρ

137 2414 187 2445 τὰς
202 2414 275 2449 τρεῖς
291 2413 384 2448 λίτρας
408 2411 463 2447 ἔχει
478 2413 513 2438 τά
525 2411 575 2446 τῆς
589 2411 755 2447 περιουσίας,
773 2407 823 2437 ὦσι
837 2410 865 2436 δὲ
889 2411 922 2436 τὰ

139 2459 358 2494 κληρονομοῦντα
384 2458 516 2492 πρόσωπα
545 2457 655 2489 ἀτελοῦς
683 2457 801 2493 ἡλικίας,
834 2458 849 2492 ἢ
876 2456 922 2483 καὶ

140 2505 212 2539 χήρα
234 2503 351 2538 μήτηρῆ
366 2503 466 2538 μάμμη
487 2503 755 2538 συγκληρονομοῦσα,
775 2503 832 2530 ὅσοι
859 2503 921 2529 τού-

138 2558 194 2575 των
223 2548 331 2574 ἔλαττον
357 2548 454 2574 ἑκατὸν
475 2549 651 2583 νομισμάτων
678 2549 710 2575 ἐκ
741 2548 788 2574 τοῦ
822 2548 922 2584 κλήρου

140 2593 335 2629 ἀποφέρονται,
361 2593 446 2628 μηδὲν
467 2594 566 2626 αὐτοὺς
589 2594 726 2620 συντελεῖν
743 2594 783 2625 είς
797 2596 847 2628 τὴν
877 2602 923 2620 τε-

140 2639 305 2675 τυπωμένην
333 2639 487 2675 συνήθειαν,
506 2639 563 2666 ἀλλ’
583 2641 615 2666 ὲκ
632 2640 681 2674 τῆς
704 2640 819 2675 ἀλλαχοῦ
845 2641 925 2666 ὅπου·

139 2687 240 2722 δήποτε
263 2685 456 2720 ἁφορισθείσης
487 2686 646 2721 περιουσίας
669 2686 740 2720 ὑπὲρ
766 2686 799 2712 τὰ
828 2685 925 2712 ἑκατὸν

140 2732 296 2767 νομίσματα
313 2730 500 2766 συναγομένης
513 2731 543 2757 το
560 2731 747 2766 προδιορισοὲν
762 2732 843 2758 ποσὸν
861 2733 926 2758 ἀνα-

140 2779 228 2813 λόγως
244 2778 314 2805 κατὰ
326 2777 376 2813 τὴν
386 2778 637 2813 προγεγραμμένην
670 2777 847 2804 ὑποτύπωσιν
874 2788 926 2805 κα-

142 2822 333 2851 ταδάλλεσθαι.
357 2813 387 2850 ’ό
398 2822 427 2849 δὲ
442 2823 637 2858 περισσότερον
659 2823 715 2850 τῶν
741 2823 926 2858 διωρισμένων

140 2869 214 2904 λόγῳ
227 2867 428 2897 ἐκδιδαστικῶν
445 2868 582 2902 ἀπαιτῶν,
597 2868 627 2895 τὸ
638 2868 768 2904 τριπλοῦν
779 2869 924 2897 ἀποδώσει.

975 2279 1045 2306 forte
1065 2278 1309 2309 manumittuntttr;
1324 2277 1450 2304 omnibus
1467 2276 1542 2304 hisce
1564 2276 1666 2304 solidus
1686 2283 1758 2302 unus

975 2324 1157 2359 prrestabitnr.
1171 2323 1199 2350 Si
1225 2330 1290 2349 vero
1317 2326 1426 2349 centum
1455 2322 1588 2350 duntaxat
1613 2321 1760 2348 solidorum

979 2377 1082 2396 summa
1108 2369 1224 2404 cogitur,
1252 2368 1318 2396 nihil
1343 2370 1432 2396 detur.
1458 2369 1627 2403 Quapropter
1654 2368 1760 2394 etiamsi

977 2415 1164 2449 patrimonium
1177 2422 1256 2449 supra
1270 2418 1325 2443 tres
1335 2414 1419 2442 libras
1432 2414 1581 2446 contineat,
1597 2421 1629 2440 ac
1642 2412 1762 2439 lium-des

976 2460 1062 2487 aetatis
1075 2461 1187 2486 necdum
1199 2459 1298 2489 adulta
1310 2460 1374 2493 sint,
1391 2464 1418 2487 et.
1431 2464 1516 2486 muter
1529 2459 1618 2491 vidua,
1628 2458 1669 2485 vel
1692 2459 1760 2488 aria,

977 2505 1056 2532 simul
1071 2505 1252 2532 limreditatetn
1268 2505 1385 2537 adeant;
1402 2505 1554 2539 quicunque
1567 2504 1661 2530 horum
1674 2503 1762 2528 munis

977 2554 1086 2578 centum
1100 2551 1193 2578 solidis
1219 2558 1252 2578 ex
1270 2551 1430 2578 limreditate
1457 2554 1646 2584 perceperunt,
1667 2549 1683 2574 ii
1697 2550 1761 2573 nilul

977 2597 1088 2624 sane-itte
1111 2597 1314 2623 consuetudinis
1344 2596 1452 2623 nomine
1487 2595 1644 2626 conferant;
1669 2594 1714 2620 sed
1729 2602 1760 2620 ex

978 2643 1121 2670 destinatis
1143 2642 1196 2669 alio
1210 2643 1298 2673 bonis,
1315 2647 1475 2676 quocunque
1495 2640 1604 2668 tandem
1621 2639 1649 2666 id
1666 2639 1760 2672 luerit;

979 2695 1038 2722 qua:
1057 2694 1188 2713 summam
1208 2687 1354 2713 solidorum
1368 2690 1476 2713 centum
1497 2688 1637 2719 superant.
1655 2686 1764 2718 quanti-

979 2737 1021 2760 tas
1044 2732 1087 2759 illa
1117 2732 1192 2766 prius
1216 2731 1337 2764 deﬁnita,
1358 2738 1407 2766 pro
1428 2734 1485 2758 rata
1503 2734 1591 2765 parte,
1616 2731 1762 2757 secundum

981 2777 1094 2804 formam
1111 2782 1189 2804 antea
1217 2776 1392 2810 descriptam,
1419 2775 1550 2804 solvetur.
1564 2775 1640 2808 Quod
1665 2774 1687 2802 si
1702 2775 1762 2810 quis

981 2822 1106 2857 amplius,
1133 2829 1213 2856 quam
1231 2825 1361 2849 statutum
1375 2825 1427 2857 est,
1447 2820 1627 2858 sportularum
1655 2821 1762 2848 nimim:

980 2868 1082 2903 exigat,
1099 2867 1208 2903 triplum
1225 2867 1320 2897 solvet.
