1945 3073
152 121 202 155 581

700 118 880 149 ΝΟΥΕΙ,Ι,.Ε
898 117 1178 148 COXSTITUTION
1184 118 1239 147 ES.

1727 117 1780 147 5δὲ

150 180 321 216 στράτευμα,
336 175 374 206 ὧν
389 178 474 210 οὕτως
487 178 503 213 ἦ
520 177 622 212 ἑτέρως
635 178 754 212 ἑχόντων
769 177 878 211 ἀνάγκη
893 176 941 202 καὶ

993 174 1128 201 exercitus
1143 174 1168 201 in
1185 173 1332 209 republica.
1346 173 1410 207 Qua:
1430 173 1484 201 duo
1497 173 1519 201 si
1532 178 1617 207 recte,
1637 174 1676 200 vel
1691 178 1780 202 sccirs

150 227 182 253 τὸ
199 226 252 253 πᾶν
272 223 564 260 συμμεταῆάλλεσθαι,
583 223 630 250 καὶ
655 223 685 254 ὃς
717 223 754 258 μὴ
781 223 868 249 ταῦτα
890 222 942 248 ὑπὸ

152 271 253 306 πολλὴν
280 270 383 297 τίθεται
403 269 533 304 πρόνοιαν
545 289 552 300 ,
575 269 640 304 περὶ
660 268 708 304 τὴν
726 268 830 295 οἰκείαν
855 267 939 301 σφάλ-

151 317 226 343 λεται
260 315 418 350 σωτηρίαν,
453 314 534 349 είπερ
564 313 667 340 οἰκείαν
695 313 799 340 οἴεσθαι
830 312 883 348 χρὴ
910 313 942 339 τὺ

152 362 252 389 κοινόν.
274 361 328 387 Καὶ
353 360 448 396 ἐπειδὴ
470 360 510 395 τῷ
535 360 623 395 χρόνῳ
642 360 676 387 τὰ
689 359 744 386 τῶν
767 359 941 394 στρατιωτῶν

150 406 380 441 ἁῤῥωστήσαντα,
395 405 457 431 ὅθεν
473 404 564 437 αὐτοῖς
576 404 623 431 καὶ
644 404 661 439 ἡ
677 403 725 431 τοῦ
739 401 809 430 εἶναι
829 404 876 431 καὶ
891 403 940 439 ζῇν

154 451 258 486 προσῆν
273 450 396 486 ἀφορμὴ,
410 451 478 487 πρὸς
495 450 525 477 τὸ
544 449 735 486 χαλεπώτερον
752 450 938 481 ἐναπέκλινον,

151 497 168 531 ὴ
184 497 216 523 ὲκ
226 496 293 522 Θεοῦ
309 495 431 531 βασιλεία
444 495 522 531 ἡμῶν
536 495 603 531 πρὸς
617 495 647 522 τδ
657 495 785 522 εὐεκτοῦν
799 496 845 522 καὶ
860 496 941 530 ἀμει-

151 542 259 578 νότερον
274 541 361 569 ταῦτα
377 541 540 578 μετήνεγκε,
558 541 651 577 κοινήν
673 540 712 577 τῷ
727 542 809 568 παντὶ
825 549 939 577 χαρισα-

152 586 220 621 μένη
237 585 288 621 τὴν
303 585 473 613 λυσιτέλειαν
480 608 487 615 ,

186 675 220 699 α’.
251 671 423 705 Θεσπίζομεν
443 672 533 698 τοίνυν
557 671 624 699 αὐτὸ
648 671 681 707 δὴ
709 671 807 704 τοῦτο,
835 672 904 708 ὅπερ
923 673 940 708 ἡ

152 717 283 753 συνήθεια
296 718 430 753 ἀγράφως
451 717 546 752 πρώην
561 716 694 752 ἐκύρωσε,
714 717 752 752 μὴ
767 717 866 750 ἐξεῖναι
885 718 939 749 τοῖς

152 765 334 800 στρατιώταις
357 765 390 791 τὰ
414 763 444 797 ἐξ
464 761 501 792 ὧν
520 765 549 791 αἱ
575 765 714 799 στρατεῖαι
743 763 941 799 ὑπηρετοῦνται

151 811 281 845 κτήματα
305 810 467 841 διαπωλεῖν,
494 809 685 846 συνηρεῖσῦαι
709 809 737 836 δὲ
761 810 800 842 είς
823 810 941 846 ἑκάστην

153 857 306 890 στρατείαν,
333 856 439 883 ἱππέων
461 856 510 891 μὲν
529 856 656 891 ἀκίνητον
682 855 779 890 κτῆσιν
799 856 821 882 δ’
841 855 940 891 λιτρῶν

152 902 279 938 ὕπαρξινο
297 901 337 934 οἷς
361 902 536 938 ἀριθμεῖσθαι
562 901 712 937 κελεύομεν
736 902 782 929 καὶ
804 902 867 934 τοὺς
895 902 942 928 ἐπὶ

99 982 102 986 .
151 948 197 974 τον
215 948 305 975 στόλον
317 948 554 983 ἀποτεταγμένους
566 948 705 983 πλωΐμους
719 947 766 974 τοῦ
779 956 808 974 τε
828 947 941 982 Αἰγαίου

152 994 288 1028 πελάγους
313 994 361 1020 καὶ
385 994 435 1029 τῆς
460 994 552 1029 Σάμου
573 994 621 1021 καὶ
642 994 696 1020 τῶν
716 993 940 1030 Κισνρῤαιωτῶν·

152 1039 308 1066 αὐτόστολοι
335 1039 390 1075 γὰρ
421 1040 468 1066 καὶ
491 1037 563 1067 οὗτοι
591 1039 638 1070 καὶ
663 1040 809 1076 αὺτερέται
831 1039 941 1075 βαρείας

155 1086 262 1120 μετιᾶσι
273 1085 322 1117 τὰς
338 1084 500 1120 ὑπηρεσίας.
517 1085 578 1118 Τοῖς
595 1085 623 1112 δὲ
637 1085 671 1112 τὰ
688 1085 814 1121 βασιλικά
830 1085 942 1121 πλώῖμα

156 1132 202 1158 ἐπὶ
226 1133 320 1167 ρόγαις
342 1132 574 1168 ὑπηρετουμένοις
600 1132 648 1159 καὶ
666 1133 721 1164 τοῖς
734 1132 839 1164 λοιποῖς
858 1132 941 1159 πλωι-

157 1186 217 1212 μοις
238 1178 290 1213 ἥδη
305 1178 352 1204 νῦν
373 1178 526 1213 ἐκράτησεν
551 1178 583 1204 ὲκ
612 1177 755 1212 συνηθείας
778 1178 824 1204 δύο
843 1178 942 1213 λιτρῶν

155 1225 196 1254 εἰς
213 1223 330 1258 ἑκάστην
359 1223 503 1258 στρατείαν
527 1222 655 1257 ἀκίνητον
678 1222 857 1254 διασώζεσθαι
876 1223 943 1258 κτῆ-

158 1278 210 1301 σιν,
226 1268 239 1294 ὃ
252 1269 298 1295 καὶ
312 1269 378 1304 ἡμῖν
389 1269 543 1304 ἀρκούντως
560 1269 633 1303 ἔχειν
648 1268 732 1294 δοκεῖ.
746 1269 776 1294 Ei
788 1268 838 1302 μὲν
854 1266 900 1295 οὖν
915 1269 944 1294 ὲν

157 1313 274 1349 τοσαύτῃ
290 1313 412 1348 ἀκινήτῳ
435 1313 530 1348 κτήσει
543 1311 598 1339 εἷεν
614 1313 639 1338 οἱ
655 1313 684 1339 ἐν
700 1313 844 1347 ἑκατέραις
863 1321 944 1348 στρα-

156 1358 242 1389 τείαις
259 1358 485 1393 κατειλεγμένοι,
507 1359 554 1385 καὶ
578 1357 690 1389 σώζοιεν
716 1357 821 1392 ταύτην
849 1366 945 1392 συντηο

159 1402 268 1438 ροῦντες
286 1403 484 1438 ἀνεκποίητον,
511 1403 558 1430 καὶ
583 1402 796 1438 παραπέμπιιεν
822 1403 861 1434 εἰς
882 1403 944 1434 τοὺς

158 1450 289 1482 φυσικοὺς
305 1449 488 1484 κληρονόμους
505 1448 566 1476 καθ’
581 1448 610 1475 ὃν
628 1448 661 1475 ἂν
681 1448 818 1483 βούλοιντο
830 1449 944 1483 νόμιμον

157 1494 277 1529 τρόπον,
303 1494 372 1528 μετὰ
391 1494 438 1521 τοῦ
462 1495 563 1521 οἰκείου
589 1493 715 1528 μέντοιγε
741 1493 861 1529 βάρους,
888 1493 941 1520 εἴτε
957 1512 978 1540 C

156 1539 294 1571 κατιόντες
308 1538 362 1566 εἷεν
379 1540 447 1575 πρὸς
459 1539 506 1572 οὒς
522 1539 766 1575 παραπέμπονται,
781 1540 836 1565 εἴτε
853 1538 943 1565 ἀνιόν-

153 1593 212 1617 τες,
231 1585 286 1612 είτε
312 1586 343 1612 ὲκ
359 1585 491 1620 πλαγίου,
508 1586 564 1612 εἴτε
588 1585 618 1618 ἐξ
641 1585 782 1612 ἁδιαθέτου
802 1585 944 1620 ίσοκληρία

155 1631 226 1657 τισὶν
240 1630 367 1667 ἁρμόσει,
384 1632 441 1659 εἴτε
466 1631 520 1659 ἀπὸ
536 1631 668 1666 διαθήκης
685 1631 714 1665 ἐξ
737 1631 837 1658 ἀνίσων
853 1631 943 1666 μερῶν

149 1675 268 1707 ἐἰκότως
289 1675 430 1711 κληθεῖεν,
464 1677 570 1712 γνήσιοι
599 1675 616 1711 ἢ
643 1675 755 1711 φυσικοὶ
776 1676 792 1708 ῆ
820 1675 944 1707 ὲξωτικοὶ

156 1723 272 1755 παγανοὶ
295 1722 459 1758 κληρονόμοι
475 1722 549 1757 (τοὺς
572 1721 774 1758 ἀξιωματικοὺς
789 1721 843 1756 γὰρ
862 1721 943 1748 παντὶ

155 1767 249 1802 τρόπῳ
273 1767 455 1803 ἁποκλείομεν
478 1768 546 1803 πρὸς
571 1768 619 1800 τὰς
644 1767 772 1799 τοιαύτας
795 1767 943 1803 διαδοχὰς),

156 1813 202 1839 καὶ
223 1813 293 1840 κατά
316 1813 463 1848 ἀναλογίαν
481 1813 528 1841 τοῦ
551 1813 664 1850 κέρδους
688 1814 737 1849 τῆς
761 1813 944 1849 κληρονομίας

155 1859 268 1885 ἕπεσθαι
292 1859 442 1894 ὁριζόμεοα
468 1859 517 1886 καὶ
538 1860 569 1885 τὺ
597 1859 680 1895 βάρος
701 1859 752 1894 τῆς
775 1858 942 1890 συντελείας.

156 1904 274 1939 Κινητὴν
291 1904 319 1931 δὲ
343 1904 374 1931 οὗ
399 1904 640 1940 περιεργαζόμεθα
668 1904 796 1940 ὓπαρξιν,
826 1905 885 1932 ἀλλ’
913 1905 944 1932 ἐν

156 1952 264 1987 sinesi;
288 1951 355 1987 αὕτη
376 1951 496 1979 κείσεται
519 1951 565 1980 τοῦ
588 1953 779 1988 κεκτημένου,
800 1953 826 1980 εί
850 1953 943 1988 μήπου

156 1995 227 2023 κατᾶ
241 1997 308 2023 πολὺ
331 1998 348 2032 ὴ
365 1997 494 2031 ἀκίνητος
520 1997 701 2024 ἐλαττοῦται·
724 1998 783 2025 δέον
808 1998 862 2034 γὰρ
882 1999 942 2026 τότε

156 2041 253 2078 ἀνδρὸς
274 2042 378 2076 ἀγαθοῦ
397 2043 547 2079 δοκιμασίᾳ
561 2042 592 2070 τὸ
605 2043 714 2075 ἐλλιπὲς
736 2044 786 2079 τῆς
811 2044 942 2079 ἀκινήτου

156 2089 187 2114 ἐκ
209 2088 263 2114 τῶν
288 2088 407 2124 κινητῶν
428 2087 663 2123 ἀναπληροῦσθαι.
676 2089 708 2115 Et
719 2089 748 2116 δὲ
760 2090 789 2116 ὲν
801 2089 944 2125 περιουσίᾳ

155 2134 261 2161 πολλῶν
288 2134 425 2170 ἀκινήτων
447 2135 460 2160 ὁ
484 2133 654 2170 στρατιώτης
681 2134 857 2169 καθεστήκοι,
872 2135 943 2163 ὥστε

993 220 1088 246 structa
1105 221 1180 247 sitit:
1202 228 1313 248 necesse
1337 224 1378 248 est
1398 227 1459 247 cum
1484 220 1524 248 eis
1548 221 1647 248 tuutari
1676 222 1778 249 omu’a.

993 267 1081 300 Atque
1102 266 1146 293 his
1160 268 1205 301 qui
1234 274 1329 301 magna
1342 274 1408 293 cura
1424 274 1476 293 non
1489 267 1630 302 prospicit,
1650 267 1683 296 de
1694 268 1780 294 saluta

992 317 1042 338 sua
1058 310 1227 345 periclitatur
1240 320 1246 338 :
1259 311 1281 337 si
1295 311 1374 339 tnodo
1389 319 1468 339 suum
1490 312 1664 339 exsistimare
1686 312 1778 344 debet,

991 356 1061 390 quod
1080 356 1217 390 publicum
1231 361 1283 383 est.
1299 356 1331 383 Et
1354 356 1481 391 quoniam
1494 357 1623 390 paulatim
1648 365 1692 385 res
1707 358 1779 385 mili-

993 407 1047 429 tum
1063 402 1229 434 laborantes,
1255 410 1309 430 una
1325 402 1430 430 scilicet
1449 403 1513 438 ipsis
1534 407 1561 430 et
1582 404 1730 431 essistendi
1753 408 1781 430 et

991 447 1130 475 victitandi
1156 448 1319 482 suppetebat
1340 449 1542 483 opportunitas,
1566 449 1593 475 in
1614 450 1776 477 deteriorem

990 501 1023 520 ac
1040 493 1218 521 diﬂiciliorcm
1233 493 1417 521 conditionem
1432 493 1602 521 deﬂexerunt
1614 504 1621 522 :
1631 496 1779 523 constituta

990 538 1122 566 divinitus
1134 539 1262 573 maiestas
1275 543 1367 566 nostra
1381 538 1414 566 ad
1435 543 1536 566 statum
1550 539 1607 566 haec
1623 544 1695 567 recte
1707 547 1781 567 com-

991 589 1114 619 paratqu
1130 588 1157 611 et
1171 584 1328 616 meliorem,
1350 583 1457 619 publico
1473 584 1560 619 ipsam
1584 585 1778 620 rempublicam

990 631 1137 656 commodo
1158 630 1293 662 afﬁciens,
1312 630 1444 657 traduxit.

1027 675 1053 702 l.
1081 674 1224 702 Saucimus
1251 675 1333 711 igitur
1358 674 1395 706 id.
1427 674 1498 710 quod
1529 675 1586 710 ipsa
1612 676 1781 703 consuetudo

988 719 1148 755 jamdudum
1165 720 1232 748 citra
1258 721 1422 756 scripturam
1444 721 1625 753 conﬁrmavit,
1652 729 1686 749 ne
1706 722 1779 749 mili-

993 767 1063 794 tibus
1080 774 1111 793 ea
1131 767 1240 801 praedia,
1256 769 1287 794 de
1301 767 1400 802 quibus
1422 766 1526 794 militiae
1535 767 1689 795 funt-tiones
1703 768 1780 794 exhi-

993 813 1099 845 bentur,
1119 812 1273 839 distrahere
1298 813 1396 843 liceat;
1410 813 1456 840 sed
1476 813 1508 839 ad
1524 813 1675 848 quamlibet
1708 813 1779 840 utili-

994 857 1067 890 tiam,
1083 857 1204 892 equitum
1223 857 1332 891 quidem
1349 858 1486 892 posseSsio
1499 858 1525 885 iu
1545 859 1626 885 rebus
1638 859 1687 886 soli
1714 867 1781 886 eun-

993 902 1098 934 stituta,
1127 903 1262 937 ejusmodi
1292 909 1483 935 conservetur,
1506 907 1534 930 ut
1563 910 1680 938 quatuor
1696 904 1780 932 libras

992 954 1090 983 aequet.
1102 949 1207 982 Quibus
1222 950 1397 976 annumerari
1421 949 1549 984 iubemus
1569 955 1596 977 et
1615 951 1779 980 classiarios.

992 994 1025 1020 ad
1037 993 1152 1021 classem
1167 994 1318 1026 ordinatos,
1334 994 1481 1030 tamEga‘i
1498 995 1589 1027 muris,
1600 1003 1678 1029 quam
1695 995 1779 1028 Sami,

992 1042 1018 1065 et
1036 1037 1294 1074 Cibyrrhaotarum.
1312 1036 1380 1065 Nam
1395 1046 1457 1065 cum
1489 1038 1516 1066 hi
1541 1043 1568 1066 et
1601 1038 1782 1073 personalitrr

992 1083 1087 1112 adesse
1115 1084 1204 1117 classi,
1234 1089 1262 1112 et
1294 1084 1409 1120 remiges
1421 1085 1528 1118 ipsimet
1546 1092 1606 1113 esse
1629 1090 1780 1120 cogantur:

992 1129 1146 1158 functiones
1156 1138 1222 1158 sane
1235 1138 1314 1165 quam
1328 1138 1423 1166 graves
1443 1130 1553 1158 obeunt.
1572 1132 1606 1159 At
1620 1131 1647 1158 in
1668 1132 1711 1163 iis,
1734 1134 1780 1166 qui

993 1177 1135 1211 stipendiis
1164 1177 1294 1211 acceptis,
1323 1184 1420 1212 operas
1439 1177 1623 1212 imperatoriis
1648 1178 1781 1206 classibus

993 1220 1134 1253 exhibent,
1148 1225 1175 1248 et
1192 1221 1218 1248 iu
1231 1221 1380 1249 classiariis
1391 1223 1507 1255 czeteris,
1531 1230 1561 1249 ex
1579 1225 1780 1251 consuetudine

993 1266 1155 1300 jampridem
1172 1266 1299 1298 obtinuit,
1321 1267 1387 1294 utin
1406 1268 1528 1302 singulas
1547 1268 1701 1296 functiones
1728 1270 1779 1296 mi-

995 1311 1087 1338 litares
1097 1316 1222 1338 St-rt'etur
1239 1311 1265 1338 iu
1282 1312 1365 1339 rebus
1377 1312 1425 1339 soli
1447 1314 1592 1341 constituta
1615 1315 1726 1341 duarum
1747 1316 1781 1342 li-

996 1357 1103 1383 brarum
1116 1356 1262 1390 pOsscssio,
1281 1356 1352 1391 quod
1368 1357 1445 1385 nobis
1454 1359 1617 1386 etianrsatis
1632 1367 1692 1386 esse
1708 1360 1750 1386 vid
1768 1374 1782 1380 -

996 1407 1048 1435 tur,
1061 1403 1196 1434 Quantum
1213 1409 1278 1430 sane
1295 1401 1322 1430 in
1339 1403 1424 1430 rebus
1439 1403 1488 1430 soli
1501 1403 1523 1430 si
1540 1405 1705 1438 possideant,
1733 1407 1779 1440 qui

995 1453 1149 1475 a'lt‘t'l.tt‘:lttt
1166 1449 1262 1475 harum
1278 1449 1400 1475 militiam
1423 1449 1537 1481 obeunt.
1556 1450 1638 1485 idque
1652 1450 1702 1478 sibi
1722 1458 1781 1478 ser-

996 1498 1057 1521 vent
1070 1495 1137 1520 citra
1153 1494 1232 1520 ullam
1249 1493 1453 1527 alienationem,
1466 1498 1493 1521 et
1507 1495 1540 1521 ad
1557 1495 1678 1522 lueredes
1696 1501 1777 1523 natu-

995 1540 1063 1567 rales
1078 1539 1273 1572 transmittant,
1284 1547 1446 1575 quocunque
1455 1540 1535 1567 tnodo
1545 1540 1667 1575 legitimo
1686 1542 1780 1569 volue-

995 1586 1059 1618 rint,
1078 1592 1139 1612 cum
1154 1593 1237 1612 onere
1255 1590 1344 1613 tamen
1358 1593 1424 1619 suo;
1452 1586 1509 1613 sive
1524 1586 1601 1614 liberi
1616 1594 1648 1614 ac
1665 1588 1779 1616 descen-

993 1631 1088 1661 dentes
1105 1632 1171 1664 siut,
1185 1632 1218 1659 ad
1230 1639 1297 1666 quos
1320 1632 1518 1666 transmittunt,
1540 1633 1598 1661 sive
1613 1640 1740 1668 parentes
1753 1640 1782 1661 et

993 1678 1170 1706 ascendentes
1191 1678 1248 1706 sive
1276 1685 1310 1705 es
1330 1682 1504 1712 transverso;
1525 1678 1582 1706 sive
1596 1679 1631 1706 ab
1652 1679 1782 1707 intestato

992 1723 1153 1758 quibusdam
1165 1723 1303 1758 portiones
1322 1723 1440 1758 aequales
1452 1727 1619 1758 competant,
1639 1724 1698 1752 sive
1721 1725 1778 1752 for-

994 1768 1074 1795 tassis
1099 1768 1133 1798 ab
1159 1767 1334 1803 inaequalibus
1359 1768 1529 1802 portionibus
1550 1776 1585 1796 ex
1615 1774 1779 1798 testamento

993 1819 1135 1846 vocentur.
1151 1814 1205 1846 sui,
1222 1815 1263 1842 vel
1289 1813 1435 1847 naturales,
1452 1814 1494 1841 vel
1518 1815 1641 1843 extranei
1658 1817 1780 1851 page-tiri

993 1859 1114 1887 haeredes
1129 1869 1136 1887 :
1157 1860 1230 1895 (nam
1247 1860 1273 1887 in
1289 1859 1423 1894 dignitate
1435 1860 1598 1888 constitutos
1612 1863 1684 1888 omni
1698 1863 1781 1888 modo

993 1905 1027 1933 ab
1042 1905 1196 1941 huiusmodi
1223 1905 1441 1933 successionibus
1471 1905 1650 1940 excludi-nus)
1684 1911 1714 1933 ut
1733 1915 1781 1940 ιιι-ιι

993 1956 1051 1979 rata
1068 1951 1146 1983 lucri.
1160 1959 1192 1979 ex
1210 1951 1367 1978 haereditate
1389 1951 1586 1986 provenieutis,
1608 1951 1690 1978 etiam
1717 1952 1779 1978 l'uu-

992 1997 1089 2025 ctionis
1108 2003 1176 2024 unus
1203 1999 1344 2030 sequatur.
1370 1995 1408 2023 De
1423 1996 1502 2023 bonis
1517 2000 1610 2023 autem
1633 1996 1782 2024 mobilibus

993 2043 1060 2070 nihil
1072 2043 1179 2070 curiose
1189 2042 1344 2072 statuimus,
1358 2042 1404 2068 sed
1426 2046 1507 2068 erunt
1521 2041 1580 2068 luet:
1604 2041 1630 2068 in
1647 2047 1781 2076 potestate

992 2088 1174 2124 possidentis:
1188 2086 1241 2114 nisi
1256 2086 1326 2114 forte.
1342 2086 1459 2119 accidat,
1476 2091 1505 2114 ut
1517 2094 1607 2115 rerum
1619 2088 1668 2115 soli
1684 2096 1778 2123 uiagua

993 2135 1063 2162 facta
1077 2134 1111 2161 sit
1125 2133 1289 2160 imminutio.
1317 2131 1393 2159 Tunc
1416 2132 1488 2159 cnim
1503 2132 1616 2160 arbitrio
1645 2133 1694 2160 viri
1716 2134 1778 2160 boni

157 2179 228 2206 κατά
252 2180 319 2207 πολὺ
337 2180 385 2215 τὴν
405 2179 514 2207 δικαίαν
538 2180 715 2216 ὑπερϐαίνειν
737 2181 894 2215 ποσότητα,
918 2181 941 2208 εί

995 2180 1066 2215 quod
1083 2179 1109 2206 in
1122 2180 1200 2206 rebus
1215 2178 1266 2206 soli
1277 2177 1433 2205 constitutae
1448 2178 1611 2212 pessessioui
1636 2179 1721 2212 άορμι,
1744 2181 1777 2207 de

155 2226 204 2261 μὲν
220 2225 329 2253 ἅπαντα
345 2227 373 2252 ὲν
393 2227 448 2258 τοῖς
467 2228 673 2261 στρατιωτικοῖς
694 2227 804 2259 κώδιξιν
815 2227 941 2263 ἀπογρά-

154 2280 259 2306 φονται,
272 2271 311 2307 μὴ
324 2271 455 2299 δύνασθαι
468 2273 536 2308 μήτε
548 2272 636 2300 ταῦτα
654 2273 723 2309 μήτε
735 2274 768 2300 ὲκ
783 2272 885 2300 τούτων
895 2273 941 2301 τὸν

155 2319 324 2355 στρατιώτην
343 2320 498 2353 διαπωλεῖν,
519 2319 570 2349 κᾶν
593 2319 714 2355 μείζονος
734 2318 789 2347 εἷεν
802 2320 941 2355 ἠξιωμένα

152 2366 234 2401 τιμῆς
253 2365 287 2392 τὰ
312 2365 582 2401 περιλιμπανόμενα·
603 2365 702 2401 μᾶλλον
716 2365 744 2391 δὲ
761 2365 798 2401 μὴ
811 2365 941 2394 δύνασθαί

153 2421 212 2439 τινα
224 2412 257 2438 ὲκ
267 2412 369 2439 τούτων
389 2412 549 2448 ἀγοράζειν,
561 2412 608 2439 καὶ
622 2411 741 2447 μάλιστα
760 2411 941 2447 περίϐλεπτον

153 2457 170 2493 ἢ
185 2457 397 2494 ἀξιωματικδνῆ
413 2458 614 2494 μητροπολίτην
630 2458 645 2493 ἢ
662 2457 842 2493 ἐπίσκοπονῆ
857 2466 941 2492 μονα-

155 2502 266 2536 στήριον
293 2503 310 2537 ἢ
333 2502 427 2538 ἕτερον
456 2503 501 2530 τὸν
528 2504 684 2538 οίονδήποτε
707 2503 794 2538 εὐαγῆ
823 2501 898 2530 οἷκον
915 2503 939 2539 ,ἢ

154 2546 288 2582 δυνάστην
315 2548 396 2582 μέχρι
415 2548 558 2583 σχολαρίου
570 2569 578 2581 ,
602 2549 706 2581 εἰδότας
717 2569 724 2581 ,
746 2549 783 2580 ὡς
798 2549 848 2575 οὐκ
864 2548 940 2575 ἔσται

155 2593 247 2624 αὐτοῖς
256 2593 321 2627 περὶ
332 2593 385 2619 τῶν
396 2594 559 2628 τιμημάτων
579 2595 684 2629 ἀγωγὴ,
696 2595 753 2622 ἀλλ’
767 2595 826 2620 οὐδὲ
844 2595 858 2621 ὀ
877 2595 941 2629 περὶ

155 2637 208 2664 τῶν
219 2638 422 2673 δαπανημάτων
435 2638 524 2672 λόγος,
543 2639 593 2666 κᾶν
605 2639 629 2665 εί
645 2640 751 2674 τύχοιεν
772 2640 856 2666 πολλὰ
876 2649 942 2666 κατ-

153 2682 325 2714 αναλωκότες
332 2691 344 2708 ε
350 2683 372 2713 ίς
379 2683 534 2717 φιλοπονίαν
539 2683 592 2709 τῶν
599 2684 803 2718 ἠγορασμένων·
812 2683 940 2719 λήψονται

156 2728 282 2763 μέντοιγε
301 2728 350 2759 τὰς
373 2727 439 2759 ὕλας
453 2727 553 2758 αὐτῶν,
570 2729 638 2762 μετὰ
658 2728 705 2754 τοῦ
721 2729 758 2763 μὴ
772 2729 870 2763 βλάψαι
891 2729 940 2764 τὴν

154 2774 290 2809 προτέραν
305 2774 480 2800 κατάστασιν.
495 2774 524 2799 Εἰ
536 2774 559 2799 δ’
572 2775 601 2800 οὐ
613 2775 698 2800 πάντα
708 2775 940 2809 ἁπιγεγραμμένα

153 2819 232 2853 εἰσὶν,
249 2819 306 2846 ἀλλ’
322 2819 378 2854 ἔχει
393 2819 506 2850 είκότως
525 2820 538 2845 ὸ
550 2818 719 2854 στρατιώτης
735 2819 827 2854 κτῆμα
839 2819 939 2846 ἱδιοπε-

995 2225 1141 2254 mobilibus
1153 2224 1333 2260 supplendum
1348 2224 1410 2252 erit.
1430 2224 1478 2251 Sin
1495 2228 1586 2252 autem
1609 2225 1702 2252 multis
1728 2226 1778 2252 soli

995 2272 1077 2300 rebus
1094 2270 1211 2299 abundet
1231 2270 1318 2302 miles.
1339 2270 1376 2297 ita
1393 2274 1423 2297 ut
1437 2270 1516 2305 longe
1527 2270 1627 2304 justam
1643 2271 1781 2306 quantita-

995 2321 1048 2344 tem
1070 2317 1203 2344 excedant
1223 2324 1231 2343 :
1254 2317 1387 2351 siquidem
1406 2316 1497 2344 omnia
1518 2317 1654 2351 descripta
1668 2324 1729 2344 sunt
1751 2317 1778 2343 iu

994 2364 1132 2394 codicibus
1155 2365 1330 2398 militaribus,
1353 2371 1442 2399 neque
1466 2365 1566 2399 poterit
1589 2366 1662 2397 haec,
1692 2373 1779 2400 neque

994 2411 1028 2438 de
1055 2410 1097 2437 bis
1120 2410 1267 2444 quidquam
1295 2410 1449 2437 distrahere
1473 2410 1570 2442 miles,
1606 2413 1779 2445 quantumvis

994 2456 1080 2484 multo
1098 2455 1206 2490 majoris
1223 2455 1392 2483 :estimentur
1406 2462 1467 2490 quae
1486 2460 1640 2490 supersunt.
1665 2456 1713 2482 Vel
1733 2464 1779 2490 pn-

994 2502 1048 2529 tius
1060 2509 1141 2529 nemo
1161 2501 1308 2536 quidquam
1323 2501 1418 2528 horum
1433 2508 1524 2528 emere
1544 2501 1653 2534 poterit,
1666 2509 1783 2535 praeser-

996 2548 1041 2574 titn
1071 2546 1236 2581 spectabilis,
1265 2551 1310 2572 aut
1338 2545 1364 2572 in
1390 2546 1523 2580 dignitate
1544 2547 1721 2577 constitutus,
1734 2551 1778 2572 au'.

994 2593 1235 2628 metrupolitauus,
1259 2597 1305 2619 aut
1321 2592 1476 2626 episcopus,
1502 2592 1544 2617 vel
1572 2591 1777 2625 monasterium,

995 2640 1035 2666 vel
1046 2639 1097 2665 alia
1115 2645 1283 2673 «linteumque
1300 2638 1426 2671 religiosa
1437 2637 1545 2668 domuit,
1564 2636 1606 2664 vel
1624 2642 1729 2670 potens,
1745 2638 1778 2663 ad

994 2683 1144 2710 seholarcm
1167 2690 1279 2716 usque:
1300 2682 1394 2709 scituri
1422 2688 1452 2708 se
1487 2681 1589 2710 nullam
1620 2681 1653 2708 de
1685 2682 1778 2716 pretiis

995 2730 1129 2756 actionem
1147 2728 1295 2754 habituros.
1315 2727 1384 2760 Quin
1401 2726 1643 2760 necimpeusarum
1667 2727 1780 2757 habebi-

995 2778 1038 2800 tur
1059 2773 1139 2804 ratio,
1154 2772 1280 2807 quamris
1298 2772 1324 2799 in
1341 2771 1502 2800 excolendas
1517 2779 1561 2798 res
1574 2777 1682 2806 emptas
1694 2772 1778 2800 multa

994 2819 1183 2854 expemlel‘lnl.
1203 2817 1329 2845 Meterius
1355 2822 1445 2848 tamen
1463 2825 1527 2848 suas
1545 2817 1582 2851 ita
1593 2816 1732 2852 recipient,
1751 2822 1779 2845 at
