1945 3073
157 101 209 132 583

611 93 862 125 CONSTANTINI
883 90 1160 122 PORPIIYROGEN‘
1167 92 1218 122 lTI

1727 89 1789 123 58L

156 162 256 185 statum
276 155 392 191 priorem
409 160 460 180 non
478 152 585 179 laedant.
600 150 675 184 Quod
691 152 714 178 si
731 150 821 178 omnia
839 150 939 177 descri-

994 148 1138 183 ριόριστον,
1157 147 1204 174 καὶ
1220 148 1251 182 τῇ
1267 147 1394 182 στρατείᾳ
1410 146 1643 180 ἁκαταόούλωτον,
1656 147 1789 181 ἐξουσίαν

155 207 199 238 pta
213 209 265 228 non
277 204 350 231 sunt,
363 198 409 225 sed
423 197 492 225 forte
505 197 704 232 possessionem
724 195 801 222 miles
815 202 936 222 Scorsum

154 247 211 274 suis
223 245 353 273 inclusam
367 242 490 271 terminis
504 242 595 273 habet,
611 249 659 268 nec
672 241 717 267 ulli
735 240 836 267 militiae
850 240 936 267 servi-

155 292 205 320 tuti
221 291 365 318 obnox'am
389 299 395 316 :
412 289 566 316 facultatem
581 287 679 315 habeat
698 287 756 321 ejus
776 285 935 317 alienandte,

153 344 317 372 quocunque
340 335 421 363 modo
443 335 538 362 volet:
564 338 669 361 tantum
693 337 723 359 ut
747 332 882 366 descripta
909 330 936 357 iu

155 383 237 409 rebus
264 381 312 408 soli
334 380 470 415 posses.~io
486 379 546 414 ejus
570 379 604 406 ad
621 378 799 406 exhibendam
822 376 937 404 functio-

155 435 214 454 ncm
229 427 374 453 militarem
389 424 512 452 sulliriat.
525 423 629 458 Quippe
645 424 666 450 si
683 423 747 458 quid
761 423 842 455 desit,
858 430 937 457 coge-

156 477 198 499 tur
223 472 256 505 is,
286 471 366 506 quia
394 470 480 497 milite
507 471 635 505 prmdium
672 476 704 496 ex
739 468 825 504 aliqua
857 476 938 496 causa

155 521 251 545 nactus
265 522 314 550 est,
341 517 413 552 quod
430 516 521 543 deﬁt-it
535 523 581 551 per
596 515 656 542 illas
671 515 744 549 ipsas
754 521 798 542 res
811 514 859 542 soli
874 522 939 549 sup-

155 562 239 596 plere.
255 561 301 589 Siu
332 569 375 589 res
397 561 458 595 soli,
474 569 542 596 quas
568 560 646 588 utiles
671 560 801 594 possidet,
829 567 939 593 prorsus

154 608 296 642 descripta:
311 614 363 634 non
377 612 464 634 sunt:
484 614 544 642 quae
568 606 654 641 magis
680 605 783 632 fertiles
808 609 879 638 sunt,
905 605 938 631 ad

154 659 274 688 quatuor
288 661 373 687 usque
392 653 473 680 libras
486 653 565 680 tacite
579 652 634 679 sint
649 651 783 686 obligatae.
798 650 856 684 Quo
872 651 936 685 qui-

154 699 216 725 dem
235 699 287 726 illae
313 699 452 734 privilegio
475 706 507 726 ex
531 697 697 733 providentia
719 701 811 724 nostra
830 698 938 723 inunita:

155 749 227 771 sunt.
242 744 339 771 Eorum
352 750 452 776 autem,
468 751 528 779 quae
549 744 650 778 reliqua
662 747 735 775 sunt,
759 742 889 778 permissa
904 742 939 769 sit

153 790 194 817 eis
215 789 351 816 alienatio.
369 789 407 815 Ac
435 789 458 816 si
484 788 593 823 quidem
620 788 785 820 usuvenerit,
813 792 842 814 ut
866 794 937 814 unus

153 834 284 862 [utiliora
305 835 379 868 prius
396 839 478 866 emat,
495 833 564 860 alius
581 834 670 860 minus
684 832 759 859 utilia
782 833 938 867 posterius;
956 827 978 854 Β

154 885 181 907 et
194 888 226 907 ex
243 878 383 914 privilegio
395 879 452 914 jam
465 878 598 914 exposito,
617 877 750 905 fertiliora
766 878 867 904 iuerint
881 877 940 904 evi-

152 923 285 958 ctazjura
298 923 450 958 prioritatis
469 924 600 951 adversus
620 923 800 958 posteriorem
820 923 942 949 auterior

153 969 259 997 habeat.
278 970 355 1003 Quod
368 969 391 996 si
407 969 594 1004 possessimies
605 969 630 995 in
647 969 725 996 rebus
740 968 788 995 Sull
810 967 898 1002 plures
912 973 941 995 et

152 1015 284 1048 pretiosas
297 1015 440 1042 admodum
463 1014 603 1047 habentes,
626 1021 686 1041 eam
712 1021 772 1047 qua:
808 1013 940 1047 descripta

152 1060 214 1094 fuit,
227 1060 406 1088 alienaverint
416 1067 424 1093 ;
436 1065 582 1094 posteaque
596 1063 626 1086 ut
639 1059 800 1093 descriptam
816 1058 941 1086 evincere

156 1106 291 1133 voluerint.
312 1105 479 1132 :evictionis
505 1105 654 1132 subsidium
675 1104 715 1131 cis
739 1104 844 1135 damus,
860 1109 886 1131 et
911 1108 941 1131 ut

156 1151 217 1177 aliis
231 1158 263 1177 ex
273 1151 490 1184 possessionibus
503 1150 618 1184 emptori
629 1149 751 1182 satirﬁat.
766 1157 826 1177 eum
837 1150 940 1177 scilicet

155 1196 224 1222 ul.ra
240 1202 358 1231 quatuor
374 1195 480 1230 quidem
499 1195 581 1223 libras
593 1196 707 1230 equites,
731 1195 862 1223 classiarii
876 1203 939 1223 vero

155 1241 225 1268 ultra
248 1241 315 1268 duas
340 1241 366 1267 iu
384 1241 460 1267 bouis
485 1240 594 1268 habent.
611 1240 686 1272 Quod
700 1240 722 1267 si
745 1246 848 1275 partem
878 1241 939 1268 iuri-

158 1288 259 1316 t-tionis
283 1287 410 1314 militaris
434 1287 534 1321 aliquis
556 1287 682 1319 exhibet,
708 1293 756 1321 pro
772 1292 829 1313 ruta
857 1286 940 1320 partis

151 1333 211 1367 ejus
224 1332 305 1360 etiam
327 1333 359 1360 de
378 1339 421 1366 eo,
442 1332 514 1367 quod
531 1332 556 1359 iu
571 1333 648 1360 boais
662 1332 761 1360 habere
780 1333 868 1364 debet,
885 1337 940 1359 sta-

152 1378 278 1405 tuendam
295 1378 357 1405 erit.
378 1377 435 1404 Non
452 1377 530 1404 aliter
546 1382 636 1404 autent
665 1377 812 1404 dominium
826 1378 940 1411 praedio-

153 1431 211 1450 rum
227 1422 384 1450 miiitarium
409 1423 442 1450 iis
465 1423 634 1456 acquiratur,
656 1422 702 1456 qui
729 1430 761 1449 ea
776 1430 940 1457 quocunque

153 1469 230 1495 titulo
247 1468 403 1502 possident;
419 1467 471 1494 nisi
486 1474 618 1494 auuorum
640 1467 818 1502 quadraginta
832 1471 938 1502 tempus

153 1514 326 1541 attustatioue
340 1512 413 1539 nulla
427 1512 624 1539 interveniente
638 1511 782 1540 ellluxerit.
794 1513 940 1548 Propemo-

156 1557 221 1585 dum
237 1558 310 1585 euim
327 1558 402 1584 male
419 1557 478 1585 ﬁdei
495 1557 697 1592 possessoribus
719 1559 767 1586 hos
785 1559 849 1587 olim
872 1567 939 1595 quo-

155 1611 208 1638 que
223 1603 392 1630 consuetudo
406 1603 566 1630 numerabat
579 1611 585 1629 :
603 1604 654 1631 nisi
670 1605 740 1639 quod
753 1612 785 1633 ex
802 1610 939 1634 contravtu

156 1650 339 1684 possidentes,
352 1649 456 1676 nullttm
473 1648 607 1677 fructuum
620 1650 747 1678 damnum
769 1651 919 1679 sentiebant
932 1662 938 1680 :

156 1695 233 1721 malae
245 1701 309 1721 vero
327 1694 386 1722 ﬁdei
405 1701 592 1730 possessores,
613 1700 642 1723 et
664 1695 767 1724 fruetus
784 1702 812 1725 et
825 1698 938 1732 reditus,

161 1746 189 1767 et
208 1748 289 1767 omne
313 1740 504 1768 detrimentum
533 1741 695 1770 solvebant:
714 1743 740 1770 id
766 1745 837 1779 quod
863 1745 941 1772 nobis

155 1793 263 1820 quaque
278 1785 376 1820 placet.
386 1785 484 1814 Milites
496 1794 559 1814 vero
575 1788 769 1817 existimandos
785 1791 939 1824 statuimus,

158 1838 211 1858 non
238 1838 285 1858 eos
303 1831 384 1859 modo
413 1832 459 1867 qui
476 1833 561 1860 sacris
578 1834 692 1861 militum
713 1835 861 1870 legionibus
877 1843 941 1864 sunt

152 1876 241 1903 devoti
254 1885 262 1903 τ
275 1876 322 1904 sed
338 1881 365 1904 et
379 1877 439 1910 hos,
463 1878 508 1913 qui
524 1886 556 1905 ex
574 1879 670 1915 injuria
695 1883 808 1915 quadam
825 1882 940 1911 fortunae

155 1922 247 1956 inopes
262 1921 336 1956 facti,
360 1930 408 1958 per
431 1924 548 1952 edictum
577 1925 776 1954 immunitatem
800 1930 939 1956 consecuti

154 1973 241 1995 sunt:
264 1975 332 2003 quos
354 1968 449 1996 iisdem
472 1977 532 1997 eum
551 1971 603 1998 illis
613 1973 655 1999 cui
668 1973 815 2009 privilegiis
831 1982 938 2010 aequum

153 2021 306 2046 censemus,
321 2021 374 2041 non
391 2015 580 2048 concedentes,
605 2021 634 2043 ut
648 2017 690 2045 vel
712 2018 745 2045 ab
769 2018 889 2053 ipsismet
907 2027 939 2048 ea

154 2059 350 2093 distrahantur,
370 2061 403 2087 de
424 2062 522 2096 quibus
537 2062 689 2091 functiones
711 2064 844 2092 militares
864 2066 941 2093 exhi-

154 2104 268 2137 bentur;
286 2105 369 2134 tnulto
387 2107 475 2134 minus
492 2115 506 2134 a
525 2108 600 2136 ﬁsco.
613 2107 680 2135 Nam
694 2109 716 2136 si
738 2117 800 2138 vere
820 2112 940 2145 proprie-

993 195 1078 228 ἐχέτω
1093 191 1115 228 ᾧ
1133 193 1165 229 δὴ
1181 193 1301 228 βούλοιτο
1325 193 1418 228 τρόπῳ
1442 193 1521 220 τοῦτο
1540 194 1680 226 ἑκτιοιείν,
1707 195 1736 219 ὲν
1766 190 1791 226 ᾧ

993 241 1116 275 μέντοιγε
1139 241 1156 275 ἡ
1174 240 1410 275 ἀπογεγραμμένη
1433 240 1561 275 ἀκίνητος
1583 240 1680 274 κτῆσις
1701 239 1790 265 αὑτοῦ

993 286 1071 321 ἱκανή
1087 287 1159 312 ἐστιν
1175 285 1369 320 ὑπηρετεῖσθαι
1384 287 1418 320 τῇ
1433 286 1570 320 στρατείᾳ·
1590 286 1613 311 εἰ
1638 286 1694 320 γὰρ
1714 287 1791 312 ἀπε-

991 331 1135 363 λείπεται,
1167 331 1291 365 ἀνάγκην
1310 331 1367 363 ἔξει
1393 332 1407 357 ὁ
1435 331 1510 366 παρὰ
1535 331 1581 356 τοῦ
1616 330 1751 366 στριτιώτ
1772 340 1789 356 υ

991 377 1082 404 λαϐὼν
1099 377 1130 404 ἔκ
1144 385 1217 408 τινος
1228 377 1317 408 αἰτίας
1334 377 1364 404 τὸ
1383 377 1489 411 κτῆμα,
1503 376 1533 402 τὸ
1546 377 1654 409 ἐλλιπὲς
1668 377 1703 404 δι’
1723 378 1791 403 ἀκι-

992 422 1080 457 νήτων
1098 421 1305 456 ἀναπληρῶσαι.
1329 420 1360 448 Εἰ
1375 421 1396 448 δ’
1410 421 1526 453 οιὲδὸλως
1543 421 1790 457 ἀποτετριμμέκα

993 468 1046 494 εἰσὶ
1063 468 1096 494 τὰ
1120 467 1169 494 τοῦ
1185 467 1352 501 στρατιώτου
1377 467 1503 501 ἀκίνητα,
1524 467 1558 494 τὰ
1577 467 1789 503 εὐχρηστότεροι

994 512 1140 548 σιωπηρῶς
1162 512 1366 539 ὑποκείσθωσαν
1391 512 1443 544 ἕως
1462 513 1483 539 δ’
1508 512 1616 548 λιτρῶν,
1632 513 1677 539 καὶ
1691 512 1785 546 τούτῳ

992 558 1031 594 τῷ
1051 557 1190 594 προνομίῳ
1205 557 1235 590 ὲξ
1255 557 1392 593 ἡμετέρας
1405 557 1534 592 προνοίας
1560 556 1761 592 συγκροτείσΰω
1773 572 1782 576 -

993 612 1061 630 σαν·
1080 603 1114 630 τὰ
1137 603 1165 630 δὲ
1186 603 1303 638 περιττὰ
1324 603 1447 637 ἐφεῖσθαι
1470 603 1572 634 τούτοις
1595 602 1778 629 ὲκποιεῖοολ.

992 650 1048 677 Καὶ
1061 649 1138 684 είπερ
1154 649 1243 684 συμϐῇ
1259 649 1304 675 τὸν
1321 649 1369 684 μὲν
1382 649 1415 675 τὰ
1428 649 1626 684 εὐχρηστότερα
1641 648 1781 683 ἀγοράσαι

992 695 1135 730 πρότερον,
1150 695 1196 721 τὸν
1212 695 1240 721 δὲ
1254 694 1288 722 τὰ
1304 695 1490 730 ἀχρηστότερα
1507 694 1629 730 ὕστερον,
1644 694 1781 729 ὲκνικηθῇ

991 739 1020 767 δὲ
1033 740 1064 766 ἐκ
1074 739 1121 766 τοῦ
1136 739 1346 775 προτεθειμένον
1358 741 1452 767 τούτου
1470 741 1616 775 προνομίου
1629 740 1664 766 τὰ
1677 739 1783 775 εὔχρη-

993 794 1056 818 στα,
1081 786 1166 821 ἐχέτω
1188 786 1223 812 τὰ
1246 786 1295 821 τῆς
1319 786 1498 820 προγενεσίας
1523 786 1615 812 δίκαια
1642 786 1713 813 κατὰ
1731 785 1782 812 τοῦ

993 832 1222 866 μεταγενεστέρου
1233 833 1247 858 ὁ
1258 832 1481 868 προγενέστερος.
1503 831 1535 858 Εἰ
1545 833 1573 858 δὲ
1590 831 1692 863 πολλὰς
1705 832 1784 866 ἕχον-

992 886 1037 909 τες
1059 878 1203 912 ἀκινήτους
1222 878 1332 912 κτήσεις
1353 879 1399 904 καὶ
1420 878 1583 912 πολυτίμους
1606 879 1656 913 τὴν
1678 879 1785 911 ἀπογε-

992 923 1156 959 γραμμένην
1175 924 1370 959 ὲκποιήσαιεν,
1397 924 1538 958 ἐκνικῆσαι
1567 923 1596 950 δὲ
1621 923 1784 958 βουληθεῖεν

996 968 1110 1004 ὕστερον
1127 968 1175 995 ἆτε
1192 969 1451 1005 ἀπογεγραμμένην,
1473 969 1591 996 δίδοσθαι
1616 970 1667 1004 μὲν
1689 969 1785 1000 αὐτοῖς

992 1015 1042 1048 τὴν
1071 1014 1196 1050 βοήθειαν
1223 1015 1271 1050 τῆς
1298 1015 1483 1049 ἐκνικήσεως,
1511 1015 1542 1040 ὲκ
1572 1014 1622 1049 τῆς
1645 1014 1728 1048 ἄλλης
1754 1013 1785 1039 δὲ

992 1060 1094 1086 τούτων
1110 1060 1204 1092 οὐσίας
1214 1059 1252 1095 τῷ
1264 1060 1401 1095 ἀγοραττῇ
1417 1060 1446 1086 τὸ
1461 1060 1552 1086 ἱκανὸν
1565 1058 1783 1093 περιποιεῖσθαι,

992 1105 1035 1132 ὅτε
1050 1105 1064 1132 δ
1077 1105 1150 1141 ,λαδὴ
1163 1106 1304 1141 εὐπορτῖεν
1316 1106 1386 1140 ὑπὲρ
1398 1105 1446 1137 τὰς
1463 1105 1599 1140 τέσσαρας
1617 1104 1712 1139 λίτρας
1729 1105 1783 1139 μὲν

991 1151 1016 1177 οἱ
1033 1152 1135 1183 ἱππεῖς,
1154 1151 1223 1187 ὑπὲρ
1234 1151 1283 1183 τὰς
1295 1151 1340 1178 δύο
1354 1151 1381 1178 δὲ
1394 1152 1417 1177 οἰ
1431 1151 1585 1186 πλωτῆρες.
1606 1150 1636 1177 Εἰ
1656 1150 1685 1176 δὲ
1700 1151 1782 1184 μέρει

992 1198 1136 1233 στρατείας
1161 1196 1339 1233 ὑπηρετεῖταί
1362 1206 1425 1229 τις,
1455 1196 1527 1223 κατὰ
1556 1196 1702 1230 ἀναλογίαν
1730 1195 1780 1222 τοῦ

992 1244 1090 1278 μέρους
1120 1243 1203 1269 αὑτοῦ
1226 1243 1272 1269 καὶ
1298 1242 1348 1278 τὴν
1376 1241 1506 1277 εὐπορίαν
1529 1240 1694 1268 τυποῦσθαι.
1731 1241 1781 1275 Μὴ

990 1288 1077 1320 ἄλλως
1096 1288 1124 1315 δὲ
1143 1288 1317 1323 κυριεύεσθαι
1344 1287 1378 1314 τὰ
1404 1286 1587 1322 στρατιωτικὰ
1607 1287 1663 1318 τοῖς
1689 1286 1780 1312 ταῦτα

989 1334 1127 1370 οζῳδήτινι
1154 1334 1247 1369 τρόπῳ
1271 1333 1437 1367 κτωμένοις,
1457 1333 1481 1359 εί
1499 1332 1536 1367 μὴ
1551 1333 1565 1359 ὁ
1580 1332 1629 1367 τῆς
1643 1340 1780 1366 τεσσαρα-

991 1380 1149 1412 κονταετίας
1160 1378 1367 1414 ἀνεπιφώνητος
1377 1377 1532 1414 διαῤῥεύσει
1547 1377 1653 1412 χρόνος.
1679 1377 1780 1412 Σχεδὸν

991 1427 1046 1461 γὰρ
1061 1427 1116 1458 τοῖς
1138 1427 1209 1461 κοικῇ
1232 1425 1322 1452 πίπτει
1337 1424 1465 1458 νομεῦῖιν
1481 1423 1593 1460 ἠρίθμει
1607 1423 1718 1454 τούτους
1730 1423 1781 1449 καὶ

992 1473 1104 1508 πάλαιὴ
1120 1472 1258 1507 συνήθεια·
1272 1471 1343 1505 πλὴν
1355 1472 1415 1498 ὅσον
1429 1471 1453 1496 oi
1471 1471 1520 1505 μὲν
1540 1471 1572 1497 ὲκ
1588 1469 1782 1504 συναλλάγμα-

991 1526 1036 1550 τος
1050 1517 1213 1553 νεμηθέντες
1228 1518 1277 1553 τὴν
1289 1516 1343 1543 τῶν
1358 1516 1472 1552 καρπῶν
1487 1515 1589 1550 ζημίαν
1600 1515 1741 1550 διέφυγον,
1754 1516 1779 1540 οἱ

991 1564 1019 1590 δὲ
1037 1563 1128 1591 πίστει
1143 1564 1215 1599 κακῇ
1232 1563 1377 1598 νεμόμενοι
1396 1563 1443 1589 καὶ
1470 1562 1593 1596 καρποὺς
1615 1561 1664 1588 καὶ
1689 1569 1782 1596 προσ-

990 1609 1066 1640 όδους
1082 1608 1128 1635 καὶ
1151 1609 1241 1635 πᾶσαν
1258 1608 1360 1643 βλάϐην
1377 1607 1581 1634 κατατίθενται·
1604 1606 1619 1633 ὃ
1642 1607 1688 1632 καὶ
1711 1607 1781 1641 ἡμῖν

990 1654 1115 1690 ἀρέσκει.
1130 1654 1302 1690 Στρατιώτας
1314 1654 1342 1680 δὲ
1356 1653 1514 1688 νομίζεσθαι
1534 1652 1728 1688 διατυποῦμεν,
1747 1653 1779 1678 οὗ

991 1700 1054 1731 τοὺς
1074 1699 1296 1735 καθοσιωμένους
1313 1699 1392 1734 μόνον
1410 1700 1469 1730 ταῖς
1488 1699 1574 1734 ἱεραῖς
1593 1698 1709 1732 λεγεῶσι
1724 1699 1780 1724 τῶν

992 1741 1178 1776 στρατιωτῶν,
1199 1741 1267 1768 ἀλλὰ
1283 1742 1336 1776 γὰρ
1355 1740 1386 1775 δὴ
1408 1740 1456 1766 καὶ
1479 1739 1600 1771 τούτους,
1618 1740 1643 1765 οἳ
1658 1740 1703 1766 διά
1717 1748 1781 1767 τινα

991 1787 1074 1822 τύχης
1094 1788 1224 1822 ἐπήρειαν
1242 1787 1356 1818 ἐπιδεεῖς
1375 1786 1502 1821 ὀφθέντες
1516 1786 1647 1821 ἁδωρείας
1665 1786 1780 1818 ἐνδίκως

990 1833 1165 1868 τετυχήκασι.
1186 1833 1246 1859 Τῶν
1263 1833 1353 1859 αὐτῶν
1376 1833 1430 1867 γὰρ
1444 1833 1491 1859 καὶ
1508 1832 1619 1863 τούτους
1630 1832 1780 1859 ἀπολαύειν

990 1879 1147 1914 δικαιοῦμεν
1169 1879 1334 1914 προνομίων,
1358 1879 1387 1905 οὐ
1412 1878 1616 1914 συγχωροῦντες
1632 1879 1692 1906 οὔτε
1714 1881 1781 1914 παρ’

991 1924 1104 1950 ἐκείνων
1117 1924 1319 1960 πιπράσκεσθαι
1330 1930 1363 1950 τα
1379 1923 1408 1956 ἐξ
1421 1920 1456 1950 ὧν
1470 1925 1498 1951 αἱ
1516 1926 1655 1959 στρατεῖαι
1673 1925 1779 1960 ὑπερε-

991 1969 1103 1996 τοῦνται
1119 1978 1125 1985 ·
1144 1970 1191 1996 καὶ
1216 1970 1306 2005 πολλῷ
1324 1970 1404 1996 πλέον
1422 1969 1497 2004 παρὰ
1514 1969 1560 1997 τοῦ
1578 1970 1719 2005 δημοσζου.
1749 1971 1780 1997 Εἰ

992 2016 1046 2051 γὰρ
1062 2017 1118 2047 τοῖς
1141 2016 1243 2051 κυρίως
1265 2016 1408 2047 δεσπόταις
1435 2015 1609 2051 ἐπιτιμῶμεν
1633 2016 1679 2042 τοῦ
1702 2020 1779 2051 κοινῇ

993 2062 1180 2098 συμφέροντος
1194 2062 1298 2095 ἕνεκεν,
1312 2062 1371 2094 πῶς
1387 2062 1418 2088 ἂν
1429 2062 1468 2096 τῷ
1480 2063 1600 2097 δημοσίῳ
1611 2064 1781 2098 πιπράσκειν

992 2108 1195 2144 ἐπιτρέψωμεν,
1219 2108 1265 2135 καὶ
1285 2108 1334 2144 τὴν
1350 2109 1433 2135 πάλαι
1448 2109 1570 2144 ἄγραφον
1585 2108 1692 2135 ἀδικίαν
1707 2109 1782 2135 ἐκεῖ·

153 2155 205 2182 que
216 2148 332 2177 dominis
346 2150 556 2178 interminantur
569 2152 603 2179 ob
627 2153 663 2186 id,
679 2154 749 2188 quod
764 2156 871 2189 expedit
889 2163 939 2189 pu-

993 2162 1042 2188 νην
1059 2155 1142 2189 νόμου
1160 2154 1237 2187 τάξιν
1251 2153 1325 2189 ἔχειν
1344 2153 1517 2188 μεθήσομεν;
1535 2154 1567 2189 ῆν
1579 2154 1663 2188 ἐχρῆν
1677 2153 1729 2188 γῆς
1751 2162 1780 2179 τε

154 2194 223 2221 blice
242 2203 249 2222 :
271 2196 381 2230 quinam
406 2196 470 2224 ﬁsco
501 2197 652 2225 distrahere
682 2200 891 2233 permittemus:
910 2205 939 2228 et

154 2247 207 2267 non
219 2241 347 2276 scriptam
363 2241 435 2268 illam
452 2246 570 2270 veterem
588 2243 771 2279 iniquitatem.
788 2245 854 2280 legis
868 2246 939 2274 01)ιί⁴

154 2293 218 2313 nere
232 2287 317 2314 vicem
334 2287 530 2314 concedemus?
546 2296 626 2322 quam
648 2290 755 2324 quidem
774 2291 871 2326 ubique
886 2297 940 2319 ter-

153 2337 243 2357 rarum
260 2334 287 2358 et
301 2331 385 2358 maris
401 2331 539 2366 expulsam
554 2335 682 2367 oportuit,
698 2338 725 2360 ut
741 2341 801 2368 quas
821 2335 937 2362 maxime

156 2374 276 2402 belluina
293 2375 326 2403 sit
342 2380 370 2403 et
382 2376 588 2403 immanissima.
604 2376 670 2404 Nam
684 2379 806 2412 equidem
822 2381 942 2407 arbitror

153 2421 228 2454 illos,
242 2421 287 2455 qui
299 2421 373 2449 hanc
403 2421 621 2455 introduxerunt,
646 2425 768 2451 eamdem
782 2433 842 2452 cum
869 2427 941 2454 ursis

152 2471 277 2493 naturam
294 2467 448 2503 reipublicae
462 2468 599 2496 tribuisse.
617 2469 722 2504 Quippe
744 2471 824 2506 vulgo
851 2472 944 2506 perhi-

151 2512 241 2544 betur.
257 2512 329 2541 solas
343 2520 376 2541 ex
390 2512 454 2541 feris
470 2521 548 2542 ursas
558 2513 629 2542 fame
641 2522 749 2550 pressas
765 2516 863 2552 digitos
876 2525 940 2545 suos

993 2198 1103 2232 ἁπάσης
1115 2198 1306 2231 ὲξελαύνεσπαι
1319 2200 1366 2226 καὶ
1377 2199 1512 2234 θαλάσσης
1528 2199 1565 2230 ὡς
1579 2197 1661 2225 οὖσαν
1678 2199 1780 2234 θηριω-

993 2243 1123 2280 δεστάτην
1134 2245 1179 2271 καὶ
1192 2245 1395 2281 ἀπηνεστάτην.
1411 2243 1495 2280 Οἶμαι
1509 2246 1572 2280 γὰρ,
1586 2245 1624 2277 ὡς
1637 2246 1662 2271 oi.
1677 2246 1780 2279 ταύτην

993 2290 1186 2325 εῑσαγαγόντες
1206 2291 1254 2326 τὴν
1267 2291 1351 2328 αὐτὴν
1363 2293 1423 2322 ταῖς
1439 2292 1549 2327 ἄρκτοις
1563 2291 1643 2326 φύσιν
1659 2292 1690 2326 τῇ
1706 2293 1781 2317 πολι-

992 2335 1054 2372 τείᾳ
1069 2337 1247 2372 προσένεμον·
1267 2337 1345 2372 λόγος
1363 2338 1416 2372 γὰρ
1430 2337 1497 2373 ἔχει,
1520 2337 1602 2372 μόνας
1618 2337 1720 2372 θηρίων
1733 2338 1781 2369 τὰς

996 2381 1114 2416 ἄρκτους
1136 2382 1208 2417 λιμῷ
1233 2382 1399 2418 πιεζομένας
1413 2383 1476 2414 τοὺς
1501 2382 1648 2413 δακτύλους
1677 2383 1780 2417 περιλι-

993 2427 1116 2461 χμᾶσθαι
1128 2436 1134 2442 ·
1156 2428 1204 2454 καί
1220 2437 1271 2455 που
1289 2429 1381 2461 καλῶς
1399 2437 1442 2460 τις
1456 2428 1532 2460 είδὼς
1548 2429 1642 2464 χεῖρας
1656 2428 1689 2456 ἂν
1715 2429 1781 2463 μᾶ).-

993 2474 1039 2500 λον
1059 2475 1123 2510 ὅλης
1145 2476 1194 2511 τῆς
1217 2477 1366 2510 πολιτείας,
1388 2476 1446 2504 ἀλλ’
1467 2477 1527 2511 οὐχὶ
1550 2475 1697 2508 δακτύλους
1718 2476 1780 2507 τοὺς

996 2520 1172 2554 στρατιώτας⁴
1180 2519 1252 2549 εἶναι
1265 2521 1367 2557 δοκοίη.

152 2560 274 2594 sugendo
296 2561 519 2589 eireumlambere
535 2570 543 2589 :
559 2562 623 2590 licet
635 2563 680 2598 qui
705 2569 778 2593 recte
811 2572 867 2593 rem
890 2566 1088 2600 mstimaverit,
1115 2568 1219 2596 fortean
1253 2570 1342 2604 potius
1370 2576 1466 2597 manus
1497 2568 1578 2596 totius
1614 2568 1778 2603 reipublicte,

152 2614 233 2642 quam
249 2607 346 2641 digitos
359 2615 419 2637 esse
435 2609 535 2637 milites
552 2610 700 2638 arbitretur

187 2655 215 2681 3.
232 2654 321 2689 Atque
336 2656 394 2684 hzec
403 2657 537 2685 secuturis
551 2659 716 2694 temporibus
732 2659 810 2695 plene
823 2661 902 2688 simul
918 2667 947 2689 et

154 2698 278 2730 utiliter,
304 2698 338 2726 de
364 2704 456 2727 nostra
481 2702 587 2735 quidem
612 2704 757 2736 sententia,
786 2706 940 2734 statuimus.

155 2743 234 2777 Quod
248 2746 353 2774 adtinet
370 2748 505 2782 praeterita
518 2768 526 2781 ,
549 2749 606 2783 jam
628 2749 693 2777 olim
714 2751 823 2785 quidem
838 2752 942 2780 obtinet

156 2790 232 2818 rudis
243 2795 270 2818 et
285 2791 398 2827 simplex
414 2794 591 2828 consuetudo,
608 2799 637 2823 ut
652 2797 720 2823 citra
736 2798 813 2832 pretii
831 2799 942 2826 rest’tu-

1031 2663 1066 2694 γ’.
1087 2659 1178 2687 Ταῦτα
1199 2661 1249 2696 μὲν
1276 2660 1322 2688 οὖν
1340 2662 1397 2693 τοῖς
1420 2661 1573 2696 ἔμπροσθεν
1589 2661 1695 2696 χρόνοις
1710 2663 1781 2690 ἐντε.

996 2706 1050 2737 λῶς
1070 2706 1127 2741 ἅμα
1141 2707 1188 2733 καὶ
1203 2706 1349 2739 λυσιτελῶς
1366 2707 1437 2734 κατὰ
1452 2707 1482 2734 τὸ
1495 2708 1562 2742 ἡμῖν
1581 2707 1678 2734 δοκοῦν
1690 2707 1781 2736 διατυ-

997 2753 1112 2787 ποῦμεν.
1137 2752 1198 2779 Ἐπὶ
1218 2753 1246 2780 δὲ
1268 2755 1325 2785 τοῖς
1348 2753 1526 2789 προλαϐοῦσι,
1542 2753 1624 2781 πάλαι
1650 2754 1701 2788 μὲν
1723 2755 1780 2781 ἑπι-

996 2801 1094 2836 κρατεῐ
1109 2800 1263 2836 ἀδιαίτητος
1286 2801 1334 2827 καὶ
1358 2800 1522 2836 παχυμερὴς
1537 2800 1667 2836 συνήθεια
1679 2821 1686 2834 ,
1700 2802 1781 2837 ἀναρ-
