1945 3073
94 150 155 182 535

653 147 841 178 NOVELLI‘E
862 145 1201 178 CONSTITUTIONES.

1679 146 1732 177 586

93 204 264 240 γύρωςτοῦς
278 203 433 238 ἀγοραστὰς
443 203 496 230 τῶν
507 204 710 238 στρατιωτικῶν
726 204 894 236 ἐξωθεῖσθαι.

961 205 1048 232 ionem
1065 205 1172 239 praediis
1197 203 1360 232 militaribus
1376 207 1511 238 emptores
1526 203 1678 238 ejiciantur.
1699 207 1732 233 At

101 251 138 276 'H
153 251 183 277 δὲ
197 251 368 284 λεπτομερὴς
378 249 433 276 τῶν
451 250 521 276 κατὰ
538 250 619 285 μέρος
637 250 780 284 διοίκησις,
802 250 896 277 ἄλλοτε

93 296 190 327 ἄλλως
213 296 243 322 ὲν
265 293 363 329 οἷσπερ
387 295 420 322 ἃν
440 295 527 330 αὐτὴν
550 296 668 330 μετῆγον
695 296 720 321 οἱ
738 297 788 330 τῆς
806 296 896 331 ψήφου

94 342 195 376 κύριοι
219 342 440 377 μεταφερομένη,
459 342 560 375 πολλήν
579 350 639 367 τινα
663 341 754 376 λώϐην
781 343 896 376 παρεῖχε

93 389 160 418 τοῖς
179 387 322 422 πράγμασι
339 388 385 413 καὶ
402 388 493 413 πᾶσαν
508 387 653 421 ἀσάφειαν.
672 387 768 422 Ἰιμεῑς
780 385 826 413 οὖν
838 388 896 422 ἅμα

94 434 199 468 ’πρόσω
226 433 275 459 καὶ
309 432 397 459 ὀπίσω
428 433 491 464 τοὺς
522 432 587 467 περὶ
620 432 675 458 τῶν
701 433 896 467 συμφερόντων

95 479 270 512 στρέφοντες
297 478 511 512 ἀναλογισμοὺς,
534 478 584 509 τὰς
606 478 760 513 κεχυμένας
788 478 896 509 ὲκείνας

94 526 151 549 καὶ
171 523 397 557 ποικιλοτρόπους
420 523 711 558 ἁποδιαπομπούμενοι
728 522 852 558 πράξεις,
867 525 896 550 ὲν

97 569 202 603 ῥυθμῷ
219 571 267 595 καὶ
287 569 359 603 λόγῳ
383 568 432 603 τὴν
454 570 483 594 ὲν
499 569 586 594 ἅπασι
605 568 738 602 διοίκησιν
754 568 896 602 περιστέλ-

98 614 199 645 λοντες
223 614 407 648 θεσπίζομεν·
435 614 459 640 εἰ
482 614 530 647 μὲν
546 611 600 639 εἷεν
620 613 784 648 κληρονόμοι
805 613 898 644 αὐτοῖς

99 660 163 690 τοῖς
177 659 439 693 ἀπογεγραμμένοις
463 657 655 692 στρατιώταις,
670 658 809 688 κατιόντες
817 657 897 692 τυχὸν

98 705 118 738 ἢ
151 705 273 736 ἀνιόντες
295 704 311 739 ἢ
338 705 369 730 ὲκ
395 704 511 737 πλαγίου
545 703 643 738 μέχρις
672 703 753 729 ῑκτου
780 702 896 738 βαθμοῦ,

97 748 219 779 τούτους
236 748 344 778 πάντως
356 748 553 782 προσδέχεσθαι
569 748 639 774 κατὰ
655 748 704 782 τὴν
719 747 772 774 τῶν
786 747 898 782 βαθμῶν

97 793 247 828 ἐγγύτητα
266 793 491 828 προτιμωμένους
516 794 556 824 είς
571 794 602 819 τὸ
626 793 744 820 ἐκδικεῖν
767 793 801 820 τὰ
823 793 898 828 παρὰ

98 840 161 866 τῶν
188 840 363 875 στρατιωτῶν
384 839 567 874 ὲκποιηοέντα
583 840 677 871 κακῶς
694 839 711 874 ἢ
729 839 804 874 παρὰ
819 839 899 865 δυνά-

949 251 1122 285 particularis
1148 251 1314 284 singulorum
1343 246 1568 281 administratio,
1590 257 1649 283 qua:
1667 251 1733 278 alias

948 297 1025 323 aliter
1042 295 1243 327 immolabatur,
1262 299 1340 329 prout
1355 301 1415 322 eam
1429 294 1604 321 ittﬂectebaut
1622 294 1670 326 illi,
1686 296 1731 328 qui

945 342 1056 376 judiciis
1069 345 1219 375 praeerant,
1241 347 1366 374 tnaguam
1384 340 1529 375 quamdam
1547 339 1626 367 rebus
1641 341 1732 374 perni-

948 388 1029 419 ciem,
1053 393 1084 414 ac
1104 386 1203 413 nullam
1221 393 1275 413 non
1291 386 1484 413 obscuritatetu
1512 385 1611 412 attulit.
1633 384 1735 412 Idcirco

949 440 998 459 nos
1014 437 1068 459 tam
1083 432 1109 459 in
1126 431 1275 464 anteriora,
1291 438 1371 466 quam
1387 431 1547 466 posteriora,
1560 431 1736 465 cogitationes

949 479 981 506 de
1000 478 1044 509 iis.
1068 485 1128 512 qua:
1143 479 1287 512 expediunt
1302 498 1309 508 .
1335 482 1546 510 convertentes,
1573 483 1600 504 et
1622 478 1734 505 confusa

949 524 1010 551 illas
1040 529 1121 558 atque
1139 524 1228 551 varias
1241 523 1362 551 actione‘s
1376 523 1542 558 ablegaates,
1568 527 1595 550 cl.
1621 524 1736 551 admini-

949 570 1107 596 stratiouetn
1128 569 1155 596 in
1181 570 1260 597 rebus
1286 569 1413 597 omnibus
1437 570 1535 597 ordine
1558 570 1675 604 quodam
1703 577 1736 598 ac

949 614 1053 642 ratione
1067 615 1227 648 tnunientes,
1259 617 1406 648 sancimus,
1425 620 1454 642 ut
1467 615 1599 650 siquidem
1616 617 1737 644 luerech

952 664 1062 687 exstent
1076 660 1222 694 descriptis
1236 661 1380 694 militibus,
1394 661 1590 688 descendentes
1604 665 1679 696 puta,
1695 663 1738 690 vel

950 705 1128 732 ascendentes
1143 726 1150 738 ,
1175 705 1216 732 vel
1240 713 1273 733 ex
1293 710 1458 738 transverso.
1484 707 1517 734 ad
1532 712 1638 735 sextum
1654 715 1739 742 usque

950 754 1062 784 gradum
1075 758 1084 783 ;
1097 750 1115 777 ii
1128 758 1238 784 prorsus
1247 751 1432 783 atlmittatttur,
1442 752 1518 786 iuxta
1532 755 1662 787 graduum
1676 761 1740 787 pro.

951 795 1129 829 pinquitatem
1145 796 1206 823 aliis
1221 797 1265 823 alii
1281 797 1393 832 praelati,
1410 798 1443 825 ad
1455 798 1617 826 evictionent
1632 806 1738 834 eorutn,

951 847 1010 874 quae
1026 840 1094 867 male
1108 847 1123 867 a
1138 841 1268 872 militibus
1283 842 1400 869 alienata
1424 848 1500 875 sunt,
1527 849 1574 871 aut
1588 852 1603 871 a
1628 850 1738 880 potente

100 895 172 912 στου
192 885 237 920 βίᾳ
252 885 466 920 κατασχεθέντα.
493 885 555 912 Τῶν
579 885 728 920 ἐγγυτέρου
748 885 776 912 δὲ
791 885 896 920 βαθμοῦ

957 891 999 919 ρει-
1014 885 1068 912 vim
1088 886 1197 913 detenta
1213 891 1239 913 et
1254 894 1389 921 possessa.
1410 888 1487 921 Quod
1511 889 1535 916 si
1559 891 1659 924 gradus
1677 898 1741 924 pro-

101 931 247 965 συγγενῶν
265 931 303 965 μὴ
316 930 488 966 βουλομένων
503 930 519 965 ἢ
539 930 576 965 μὴ
596 930 763 965 δυναμένων,
778 930 825 956 καὶ
838 931 900 961 τοὺς

103 975 302 1012 πορῤωτέρους
328 974 496 1009 εἰσδέχεσθαι
522 976 674 1008 συγγενεῖς.
706 974 849 1009 Συγγενῶν
872 974 900 1000 δὲ

101 1022 156 1056 οὐχ
166 1020 300 1053 ὑπόντων,
311 1021 328 1055 ἢ
339 1021 393 1047 τῶν
401 1020 455 1046 ἀπὸ
467 1020 550 1055 νόμου
561 1020 737 1056 καλουμένων
751 1020 899 1055 ἀγχιστῶν,

102 1067 171 1098 τοὺς
201 1067 329 1098 συνδότας
358 1066 406 1092 καὶ
438 1067 605 1101 συναίχμους
631 1066 722 1093 αὐτῶν
753 1066 900 1093 ἀκούεσθαι

104 1112 359 1148 προσερχομένους.
373 1112 484 1139 Τούτων
498 1112 527 1138 δὲ
546 1112 597 1138 οὐκ
611 1112 708 1144 ὄντων,
726 1112 789 1143 τοὺς
808 1119 900 1139 συντε-

106 1158 208 1190 λεστὰς
235 1157 427 1193 ἀπορωτέρους
453 1157 641 1193 στρατιώτας,
673 1157 706 1184 ἵν’
732 1156 762 1189 ἐξ
786 1157 899 1183 ἐκείνων

107 1205 189 1231 αὐτοὶ
206 1204 238 1230 τὸ
250 1204 341 1230 ἐνδέον
358 1203 408 1238 τῆς
429 1203 547 1238 ἀπορίας
561 1202 748 1235 ὰνασώζοντες
761 1201 901 1228 ἐποικοδο-

109 1251 226 1285 μηθεῖεν
242 1249 310 1284 πρὸς
326 1250 404 1284 ἰσχὺν
421 1249 591 1283 ίκανότητος.
609 1248 640 1274 Ei
662 1248 690 1274 δὲ
704 1247 751 1274 καὶ
764 1244 837 1275 οὗτοι
852 1248 902 1274 οὐκ

109 1294 176 1327 εἷεν.
189 1296 298 1330 ἀνάγκη
313 1295 432 1326 καὶτοὺς
451 1294 607 1325 πολιτικοὺς
624 1293 803 1324 συντελεστὰς
828 1294 901 1318 εἰσα-

111 1342 242 1368 κούεσθαι
267 1343 336 1376 πρὶς
358 1341 389 1367 τὸ
406 1343 443 1376 μὴ
453 1341 609 1367 διαπίπτειν
624 1339 668 1366 τὸν
690 1340 721 1366 ὲκ
739 1339 786 1366 τοῦ
803 1339 903 1373 κήνσου

111 1389 206 1423 φόρον.
218 1389 249 1414 Εἰ
257 1388 286 1415 δέ
298 1396 328 1422 γε
347 1387 516 1423 στρατιώτης
524 1386 690 1421 στρατιώτου
700 1386 796 1420 ἑτέρου
807 1385 904 1419 κτῆσιν

109 1435 258 1470 ἠγόρασεν,
282 1435 306 1460 εἰ
319 1434 393 1469 μὶνό
409 1433 526 1468 εὔπορος
547 1432 576 1466 ἐξ
604 1431 718 1468 ἀπόρου,
746 1433 796 1467 τὴν
818 1432 904 1467 αὐτὴν

110 1481 393 1516 ὑφέξειτοϊςδυνατοτς
405 1479 512 1514 ποινὴν,
526 1478 688 1514 ἁναργύρως
701 1478 842 1505 ἐκπίπτων
849 1478 904 1505 τῶν

110 1527 307 1563 ήγορασμένων
319 1535 326 1542 ο
336 1527 359 1553 εἰ
371 1526 399 1553 δὲ
409 1526 512 1561 ἄπορος
523 1525 552 1558 ἐξ
565 1525 694 1560 εὐπόρου,
706 1524 737 1551 τδ
750 1525 904 1560 ἀγορασθὲν

112 1576 168 1608 ἔξει
176 1575 285 1606 πάντως
298 1575 313 1610 ἢ
326 1573 356 1600 τὸ
366 1572 606 1608 τίμημαλήψεται.
618 1571 684 1598 Είδὲ
693 1571 794 1607 ἀμφοῖν
801 1571 903 1606 ἀπορέα

112 1620 283 1656 εὑρίσκεται,
312 1619 351 1654 τῷ
374 1619 550 1654 ζημιουμένῳ
571 1616 648 1654 μέρει
674 1617 903 1654 προσὸοηθεῖσθαι

112 1665 263 1695 κελεύομεν
276 1685 283 1697 ,
315 1664 365 1699 τὴν
385 1663 490 1699 ἀγαθὴν
507 1663 599 1690 πίστιν
613 1663 730 1690 ἐνταῦθα
746 1662 902 1698 τηροῦντες,

112 1712 130 1747 ἥ
138 1720 179 1742 τις
187 1711 237 1737 οὐκ
250 1711 282 1746 ἑᾷ
298 1719 358 1737 τινα
367 1711 520 1746 κερδαίνειν
529 1710 563 1736 ὲκ
570 1709 620 1744 τῆς
628 1709 708 1737 ἄλλου
721 1708 832 1745 ζημίας.

149 1756 181 1782 δ’.
212 1757 307 1783 Ταῦτα
331 1757 396 1792 περὶ
425 1755 630 1792 στρατιωτικῶν
657 1755 781 1791 κτήσεων
807 1755 825 1782 ἃ.
854 1756 904 1790 μὲν

113 1803 259 1838 εὑρηκότες
274 1802 291 1829 ἂ
302 1803 330 1829 δὲ
341 1802 530 1838 ὲξευρηκότις,
542 1801 596 1829 δεῖν
607 1801 736 1837 ᾠήθημεν
753 1801 903 1836 μεταϐῆναι

115 1850 164 1875 καὶ
189 1849 232 1874 ἐπ’
253 1848 345 1875 αὐτῶν
368 1848 421 1875 τῶν
446 1847 651 1883 στρατιωτικῶν
672 1845 838 1882 προσώπων,
857 1848 904 1874 καὶ

112 1896 147 1921 τὰ
167 1894 340 1929 συμπεσόντα
357 1894 463 1925 τούτοις
483 1894 581 1929 μικρὸν
592 1893 695 1921 ἄνωθεν
708 1893 901 1930 ἀναγορεῦσαι.

114 1938 168 1966 'iiv
183 1941 228 1966 ὅτε
238 1938 272 1975 ἦν
285 1939 433 1974 ὁλοσχερὴς
448 1939 502 1966 τῶν
518 1938 690 1974 πραγμάτων
703 1939 845 1974 ἀνατροπὴ
858 1939 904 1965 καὶ

116 1988 185 2022 copi
200 1986 313 2021 ὀλέθρου
335 1985 531 2017 δυσκάθεκτος.
552 1985 600 2012 καὶ
613 1985 666 2017 πᾶς
678 1993 719 2017 τις
735 1985 789 2012 τῶν
803 1985 832 2011 ἓν
841 1985 904 2021 δόξῃ

117 2031 258 2067 κραταιῶν
287 2031 422 2058 πασσυὸεὶ
446 2030 538 2065 χώρας
558 2026 782 2066 ἀπεριγράπτους
807 2031 904 2057 ἀποτε-

119 2078 260 2112 μνόμενος,
275 2078 304 2104 ὲν
317 2076 493 2112 ἀνδραπόδων
500 2076 572 2110 λόγῳ
579 2077 641 2108 τοὺς
657 2076 764 2108 ἀθλίους
779 2076 904 2102 ὲνέταττε

119 2123 263 2157 κτήτοραις,
278 2122 390 2156 σχέτλια
411 2121 496 2147 ποιεῖν
513 2121 562 2155 οὐχ
573 2120 735 2155 ἡγούμενος,
753 2121 868 2156 πάσχειν
877 2120 905 2147 δὲ

119 2168 227 2203 μᾶλλον,
243 2167 270 2194 εί
286 2176 327 2198 τις
342 2166 435 2202 ἕτερος
456 2166 605 2201 ὑπέρτερος
615 2165 708 2193 τούτου
722 2167 751 2192 ὲν
765 2166 905 2202 πλεονεξίᾳ

117 2213 222 2248 ὀφθείη.
241 2212 295 2240 Καὶ
311 2210 346 2248 ἦν
361 2212 510 2247 ὁλοσχερὴς
532 2211 634 2246 ἄμιλλα
651 2212 756 2239 κακῶν.
770 2211 837 2238 οὐδὲ
852 2213 906 2248 γὰρ
919 2221 949 2251 D

118 2258 176 2285 οὐδὲ
192 2258 273 2293 μέχρι
284 2257 340 2284 τῶν
350 2257 472 2284 δυνατῶν
493 2256 559 2291 ἔστη
578 2256 609 2282 τὺ
620 2256 717 2289 δεινὸν,
732 2257 789 2284 ἀλλ’
802 2256 906 2284 ἐκεῖθεν

118 2303 269 2338 ἀρξάμενον
287 2303 335 2330 καὶ
353 2303 394 2334 είς
405 2302 469 2333 τοὺς
479 2300 660 2335 όλιγοσθενεῖς
677 2301 861 2336 ἐτελεύτησεν·
877 2303 906 2329 αἱ

119 2349 170 2384 γὰρ
190 2349 244 2375 τῶν
268 2347 458 2383 ὑπερεχόντων
483 2346 554 2378 ἕξεις
578 2345 729 2381 διαδόσιμοι
748 2346 784 2378 ὡς
804 2347 907 2374 ἐπίπαν

120 2393 156 2429 τῷ
168 2394 265 2428 πλήθει
277 2394 408 2428 γίνονται.
423 2393 477 2419 Καὶ
492 2391 578 2422 οὕτως
588 2392 612 2417 oi
624 2391 717 2427 ἄρχειν
732 2391 779 2418 τοῦ
791 2391 908 2427 στρατοῦ

120 2439 261 2473 λαχόντες,
286 2437 383 2473 ὥσπερ
403 2437 478 2468 όντος
505 2437 590 2471 νόμου
614 2435 736 2463 τοιοῦτον
762 2434 831 2463 εἶναι
864 2437 910 2464 τὸν

122 2484 286 2518 στρατηγδν,
313 2483 433 2514 ἅπαντες
460 2480 528 2516 ἦγον
556 2481 613 2508 ἄνω
633 2489 663 2508 τε
680 2481 729 2508 καὶ
751 2482 825 2508 κάτω
847 2482 910 2513 τοὺς

124 2529 313 2564 στρατιώτας,
341 2527 391 2554 καὶ
418 2527 493 2562 δῶρα
521 2527 707 2561 λαμϐάνοντες
738 2527 911 2554 ἀντεδίδοσαν

121 2576 209 2606 αὐτοῖς
223 2573 399 2609 ἀστρατείαν.
426 2572 583 2607 Ἄνθρωποι
601 2572 687 2604 ὤνιοι,
705 2572 826 2607 ἀμελεῖς,
846 2573 913 2600 ἀπό-

122 2624 209 2657 λεμοι,
239 2619 394 2656 μυρμήκων
410 2618 584 2652 άγενέστεροι
602 2620 650 2644 καὶ
673 2618 764 2644 λύκων
781 2619 911 2653 ἁρπακτι-

122 2669 245 2703 κώτεροι·
261 2667 295 2693 δι’
314 2663 352 2692 ὧν
367 2666 430 2696 τοὺς
444 2664 557 2699 ἐχθροὺς
577 2663 755 2697 δασμολογεῖν
771 2665 821 2690 οὺχ
838 2664 914 2699 ἔχον-

123 2723 176 2746 τες,
193 2711 397 2748 ἡρ-(υρολόγουν
412 2709 477 2741 τοὺς
503 2708 651 2742 ὑπηκόους.
676 2708 758 2734 Ὅθεν
775 2709 824 2735 οὐκ
840 2710 915 2742 ἐδεή-

125 2761 207 2795 θησαν
231 2758 329 2794 χρόνου
354 2757 422 2791 πρὸς
455 2755 485 2782 τό
515 2755 570 2781 πᾶν
602 2753 765 2788 ἀνατρέψαι,
795 2754 852 2780 ἀλλ’
884 2757 916 2781 ἑκ

125 2807 170 2838 τῆς
187 2805 262 2839 σφῶν
277 2802 439 2837 καταφορᾶς
451 2801 491 2832 είς
505 2800 619 2835 ἔσχατον
644 2798 770 2825 κινδύνου
792 2799 841 2834 τὴν
862 2800 917 2826 τῶν

132 2851 273 2887 Ῥωμαίων
282 2849 387 2884 ἤλασαν
401 2847 500 2882 ἀρχήν.
520 2846 607 2880 Ὀσην
635 2844 687 2880 μὲν
707 2844 753 2872 οὖν
766 2844 815 2880 τὴν
832 2854 915 2872 σπου-

263 2899 397 2928 ΡΑτιιυι..
420 2896 478 2927 Gtt.
502 2893 612 2926 CXIII.

952 931 1036 965 pioris
1060 933 1167 966 cognati
1193 932 1277 960 nolint
1301 938 1347 960 aut
1361 941 1414 960 non
1448 936 1571 968 possint.
1597 936 1678 963 etiatn
1695 943 1741 964 co-

952 977 1026 1012 gnati
1045 978 1206 1005 remotiores
1220 979 1406 1007 admittentur.
1421 980 1507 1008 Nullis
1519 986 1608 1008 autern
1620 982 1742 1016 cognatis

952 1022 1132 1054 exstantibus,
1159 1027 1206 1049 aut
1235 1023 1376 1056 amnibus,
1397 1025 1443 1060 qui
1469 1033 1502 1053 ex
1517 1024 1576 1060 lege
1588 1031 1718 1054 vocantur
1730 1047 1739 1060 .

953 1066 1112 1094 accedentes
1129 1067 1250 1101 ejusdem
1283 1069 1386 1096 militia:
1408 1070 1616 1106 eollalionisque
1631 1072 1742 1106 partici-

952 1119 1010 1146 pes,
1036 1113 1207 1147 audiantur;
1234 1114 1321 1149 quisi
1342 1115 1406 1142 nulli
1423 1115 1488 1150 sint,
1513 1117 1613 1145 milites
1638 1119 1742 1153 inopes,

953 1159 1046 1185 cadent
1072 1159 1240 1187 sustinentes
1267 1167 1349 1188 onera
1365 1169 1372 1194 ;
1394 1165 1422 1188 ut
1435 1169 1468 1189 ex
1481 1162 1524 1190 his
1539 1164 1690 1192 sarcientes
1705 1165 1742 1199 id,

953 1204 1024 1237 quod
1041 1211 1135 1232 eorum
1149 1205 1245 1241 inopiae
1261 1207 1355 1240 deest,
1382 1214 1414 1235 eo
1433 1215 1519 1242 usque
1537 1209 1689 1243 proﬁciant,
1713 1216 1744 1237 ut

954 1251 1019 1277 satis
1036 1251 1160 1278 habeant.
1188 1252 1266 1286 Quod
1282 1254 1304 1281 si
1320 1262 1353 1281 ne
1369 1253 1407 1281 illi
1422 1255 1530 1289 quidem
1544 1260 1661 1289 exstent,
1685 1264 1743 1284 mu-

956 1296 1086 1330 nicipalcs
1103 1304 1212 1332 quoque
1228 1299 1371 1327 collatores
1388 1300 1475 1327 audiri
1498 1308 1610 1328 necesse
1633 1307 1692 1333 est,
1714 1307 1744 1329 ut

957 1348 991 1368 tte
1007 1342 1121 1377 vectigal
1136 1350 1235 1371 census
1248 1344 1403 1372 intercidat.
1426 1345 1455 1372 Si
1471 1352 1535 1372 vero
1547 1347 1624 1374 miles
1641 1353 1746 1380 posses-

956 1387 1059 1414 sionem
1077 1387 1170 1416 militis
1183 1389 1295 1417 alterius
1319 1391 1402 1422 entit,
1428 1391 1561 1426 siquidem
1577 1391 1695 1427 locuples
1710 1394 1745 1420 ab

957 1432 1053 1467 inope,
1078 1433 1200 1461 eamdem
1220 1441 1280 1462 cum
1296 1436 1450 1470 potentibus
1465 1443 1572 1471 pcenam
1589 1438 1743 1473 sustinebit,

956 1479 1024 1507 citra
1042 1480 1240 1508 restitutionem
1256 1482 1336 1517 pretii
1353 1489 1397 1510 res
1410 1483 1550 1511 amittens.
1572 1484 1619 1512 Sin
1637 1484 1714 1520 inops
1727 1492 1743 1514 a

957 1525 1098 1561 locuplete,
1113 1527 1223 1555 omnino
1237 1535 1294 1555 rem
1306 1533 1424 1563 emptam
1439 1529 1558 1563 habebit,
1568 1534 1614 1558 aut
1626 1532 1743 1566 pretium

960 1572 1081 1607 recipiet.
1113 1571 1189 1606 Quod
1209 1573 1231 1600 si
1246 1574 1325 1601 ambo
1346 1575 1516 1609 reperiantur
1535 1576 1645 1610 inopes,
1672 1579 1743 1612 parti

958 1617 1056 1644 damno
1069 1617 1171 1645 affecta:
1188 1617 1325 1646 subveniri
1339 1618 1476 1654 iubemus,
1496 1620 1572 1648 homo
1585 1621 1646 1649 ildei
1661 1622 1745 1650 ratlo-
1783 1632 1785 1635 ·

958 1667 1018 1688 nem
1037 1661 1064 1688 in
1082 1661 1133 1690 hoe
1151 1660 1291 1695 habentes,
1308 1669 1368 1697 quas
1391 1664 1524 1691 nemiuem
1549 1671 1611 1692 cum
1632 1666 1744 1694 alterius

958 1706 1120 1734 detrimento
1133 1705 1237 1734 lucrum
1252 1706 1342 1735 facere
1359 1707 1433 1735 sinit.

992 1752 1020 1779 4.
1047 1751 1094 1779 His
1117 1752 1150 1780 de
1173 1753 1389 1788 possessionibus
1407 1753 1570 1783 militaribus
1587 1756 1683 1790 partim
1703 1758 1741 1785 ita

959 1798 1083 1833 repertis,
1101 1798 1198 1833 partim
1216 1805 1230 1825 a
1249 1799 1328 1826 nobis
1341 1800 1522 1834 excogitatis:
1538 1800 1570 1828 sd
1586 1801 1658 1836 ipsas
1674 1806 1744 1836 quo-

957 1850 1009 1878 que
1024 1850 1156 1879 persentis
1167 1844 1297 1872 militares
1311 1846 1502 1873 transeundum
1518 1846 1743 1880 existimavimus,

957 1893 984 1917 et
1000 1896 1059 1923 quae
1070 1888 1112 1916 bis
1127 1888 1308 1924 contigerunt,
1321 1889 1402 1917 altius
1415 1891 1494 1924 paulo
1506 1893 1660 1926 repetenda.
1679 1892 1745 1921 Erat

959 1933 1103 1967 aliquando
1119 1933 1145 1960 id
1162 1938 1279 1968 tempus,
1302 1941 1363 1960 cum
1384 1934 1461 1967 piens
1479 1942 1569 1962 rerum
1583 1936 1689 1965 eversio
1703 1937 1744 1965 vi-

959 1983 1044 2014 geret,
1056 1985 1088 2006 ac
1102 1978 1217 2006 infrenis
1230 1978 1346 2013 impetus
1358 1979 1449 2007 exitii:
1465 1987 1525 2008 cum
1538 1981 1627 2016 quivis
1637 1989 1743 2017 eorum,

958 2025 1005 2060 qui
1020 2024 1105 2059 gloria
1122 2025 1296 2059 prastabant,
1320 2024 1422 2060 passim
1437 2024 1536 2054 fundos
1551 2027 1620 2054 citra
1636 2029 1745 2056 tnodum

959 2071 1128 2103 abscindens,
1153 2069 1212 2097 ioco
1228 2070 1425 2105 mancipiorum
1443 2071 1556 2099 miseros
1573 2078 1744 2107 possessores

959 2116 1089 2149 haberet;
1106 2115 1190 2150 iniqui
1207 2123 1237 2142 se
1251 2115 1318 2143 nihil
1332 2116 1491 2144 existimans
1506 2116 1604 2150 facere,
1621 2118 1668 2146 sed
1683 2124 1746 2153 per-

959 2161 1012 2195 peti
1028 2161 1127 2196 potius,
1143 2161 1205 2188 dum
1217 2160 1288 2189 alius
1301 2162 1388 2196 ipsum
1407 2162 1520 2189 avaritia
1533 2169 1692 2197 superaret:
1708 2164 1745 2192 ita

961 2206 1095 2232 malorum
1107 2205 1215 2240 plenum
1233 2206 1366 2240 quoddam
1390 2211 1526 2233 certamen
1551 2211 1621 2235 erat.
1653 2207 1746 2244 Neque

961 2258 1024 2278 vero
1040 2251 1068 2278 in
1089 2251 1244 2286 potentibus
1266 2249 1408 2279 insistebat
1431 2252 1480 2279 hoc
1496 2252 1596 2280 malum
1610 2273 1617 2286 ,
1640 2254 1688 2281 sed
1713 2255 1746 2282 ab

960 2297 1025 2332 ipsis
1038 2303 1177 2329 exorsum,
1200 2296 1228 2324 in
1247 2296 1336 2324 minus
1349 2297 1473 2325 valentes
1495 2298 1654 2332 desinebat,
1682 2307 1745 2328 nam

959 2343 1130 2376 superiorum
1145 2340 1303 2368 aﬂectioues
1320 2341 1345 2368 in
1363 2341 1458 2377 vulgus
1473 2341 1633 2378 plerumque
1646 2347 1746 2379 propa-

960 2392 1066 2421 gantur.
1094 2386 1222 2421 Adeoque
1237 2387 1283 2422 qui
1298 2387 1323 2414 itt
1338 2388 1458 2415 exercitu
1472 2388 1602 2416 militibus
1617 2397 1747 2424 praesunt,

961 2432 1038 2466 quasi
1060 2432 1101 2459 ie:
1121 2432 1210 2467 aliqua
1231 2432 1312 2460 talem
1332 2440 1391 2460 esse
1407 2430 1502 2460 ducem
1515 2433 1629 2468 jubeat,
1654 2443 1748 2463 omnes

962 2484 1070 2505 sursum
1083 2478 1264 2513 deorsumque
1279 2478 1378 2506 milites
1393 2484 1486 2514 agunt,
1499 2481 1671 2516 aeccptisque
1687 2489 1746 2509 tnu-

964 2523 1074 2550 neribus
1091 2526 1118 2550 et
1131 2523 1210 2550 donis
1225 2523 1424 2551 immunitatem
1438 2523 1490 2552 illis
1506 2534 1520 2552 ιι
1536 2526 1631 2553 militia
1648 2533 1748 2561 repen-

964 2569 1040 2601 dunt,
1058 2569 1182 2596 homines
1198 2568 1323 2601 venales,
1345 2569 1522 2605 negligentes,
1546 2571 1657 2598 minime
1673 2571 1750 2599 belli-

965 2615 1032 2646 cosi,
1052 2614 1174 2642 fortuicis
1189 2614 1363 2649 ignobiliores
1375 2620 1402 2642 et
1412 2615 1481 2650 lupis
1494 2616 1646 2649 rapaciores
1658 2617 1664 2642 !
1678 2616 1750 2650 Qua-

967 2665 1075 2695 propter
1093 2668 1174 2688 unum
1193 2661 1226 2687 ab
1242 2660 1365 2689 hostibus
1381 2662 1490 2695 exigere
1506 2662 1606 2688 tributa
1623 2670 1676 2689 non
1693 2671 1752 2697 pos-

967 2712 1041 2739 sent,
1069 2713 1083 2732 a
1108 2706 1223 2733 subditis
1243 2706 1371 2741 pecunias
1393 2705 1546 2741 exigebant.
1579 2706 1672 2742 itaque
1696 2717 1751 2735 non

967 2753 1046 2786 longo
1062 2754 1103 2779 eis
1122 2751 1155 2778 ad
1172 2752 1345 2778 evsrtendatn
1361 2752 1554 2786 rempublicam
1576 2752 1664 2787 spatio
1686 2759 1752 2781 tern-

970 2800 1046 2834 poris
1073 2805 1142 2833 opus
1156 2797 1217 2830 fuit,
1233 2797 1280 2824 sed
1297 2798 1512 2831 pra’cipitatione
1534 2805 1583 2826 sua
1601 2798 1751 2828 Romanum

969 2844 1112 2880 imperium
1132 2843 1164 2870 ad
1187 2848 1338 2871 extremum
1358 2842 1508 2878 periculum
1524 2843 1696 2878 impulerunt.
1723 2842 1754 2872 in

1561 2887 1597 2922 19
