1945 3073
183 156 236 188 δδἿ

644 144 894 177 CONSTANTINI
912 142 1251 173 PORPIIYROGENITI

1762 142 1819 174 588

187 215 282 242 horum
297 217 361 246 ergo
373 208 543 243 reprcssione
553 212 684 242 quantum
699 206 779 234 studii
793 203 974 239 posuerimusl

1031 201 1077 236 δὴν
1111 203 1175 238 περὶ
1203 203 1250 237 τὴν
1279 201 1380 227 τούτων
1404 200 1554 233 ἀναστυλήν
1581 199 1820 235 κατεῧαλλόμευα,

187 258 261 286 tnulti
281 256 343 283 boni
362 253 548 286 moderatiqne
569 252 618 278 viri
634 251 804 286 prmdicaturi
819 255 891 276 sunt.
925 247 971 274 Vol

187 302 331 330 ntultiludo
346 300 436 335 potius
449 307 556 330 eorum,
582 298 626 332 qui
645 298 676 324 ad
691 296 807 331 patrium
826 296 912 321 solum
932 302 972 320 rc-

173 349 260 388 lversi
275 352 351 380 sunt,
373 353 467 374 recens
481 345 610 372 servitute
628 343 744 374 liberati,
762 341 898 369 clamabit.
920 339 971 366 Ce-

184 392 330 421 lebrabunt
343 392 437 423 etiam,
449 390 553 424 opinor,
566 389 625 415 alia:
636 395 679 415 res
692 387 718 414 in
733 386 828 413 melius
843 386 971 415 redactae,

185 446 299 474 quarum
320 437 393 464 curis
415 435 525 463 assidtto
544 436 708 465 cruciamur,
730 432 788 466 ipso
804 438 864 457 cum
881 436 974 457 somno

185 485 284 513 bellum
305 487 430 518 gerentes
445 490 452 508 :
480 488 514 508 ne
538 480 621 508 futilis
644 483 670 506 et
688 478 801 505 evanida
818 477 854 504 sit
869 484 882 502 ιι
899 475 974 502 nobis

187 529 341 564 excogitata
356 535 458 560 rerum,
477 533 537 561 qute
550 526 647 553 vitiose
665 525 799 555 feruntur,
818 521 973 552 cci-rectio;

186 583 266 611 quam
280 575 306 601 iu
323 573 413 601 edicto
426 572 564 607 pneseuti,
580 574 710 605 quantum
727 569 785 602 ejus
799 567 857 594 lieri
873 566 968 600 potuit,

187 624 312 648 accurate
329 618 508 649 instituimus,
535 621 561 643 et
577 623 634 643 :cvo
657 619 784 642 secuturo
807 613 840 639 ad
853 611 974 639 duratio-

189 675 249 694 ncm
269 671 398 693 aeternam
418 664 565 695 tradentes,
581 661 735 692 sancimus;
758 664 785 686 ut
805 659 826 685 si
844 658 905 691 quis
923 657 974 683 mi-

188 713 262 740 litem
277 711 364 738 coloni
392 710 450 736 loco
475 708 596 735 detinere
621 706 806 741 deprehensus
829 702 975 734 fucrlt,si-

189 759 296 793 quidem
316 758 339 784 is
356 757 412 790 ipse
430 754 528 781 fundos
547 752 642 784 etiam,
662 752 695 778 de
710 750 808 784 quibus
823 748 976 775 fitnctiones

190 803 324 830 militares
348 802 519 831 exhibentur,
544 802 635 832 raptos
653 797 772 828 habeat,
796 794 905 828 triginta
928 799 973 819 sex

190 849 292 875 solidos
307 853 404 874 aureos
432 845 522 872 multae
535 844 594 870 loco
603 843 700 876 solvat,
710 849 823 876 quorum
836 839 974 866 dimidiam

188 894 296 928 quidem
320 895 423 927 partem
446 890 523 917 miles
548 889 662 923 accipiet
683 888 716 914 ad
740 885 973 920 recuperationem

189 939 367 967 restitutionis
378 938 404 964 in
418 937 553 971 integrum
565 942 620 962 suae
634 942 642 967 ;
655 933 793 961 dimidiam
806 939 870 959 vero
883 931 974 962 ﬁscus,

188 985 249 1020 ejus
263 984 402 1012 servitutis
418 983 536 1015 nomine,
555 989 607 1016 qua
631 980 763 1015 spoliatus
775 983 826 1006 est.
858 977 933 1010 Quod
953 976 976 1003 si

188 1039 250 1059 eum
266 1031 363 1066 prmdia
379 1029 505 1057 militaria
518 1035 570 1055 non
590 1027 720 1062 rapuisse,
733 1025 780 1052 sed
793 1024 891 1052 emisse
901 1030 976 1050 com-

189 1081 295 1111 pertum
311 1075 404 1107 fuerit,
432 1075 497 1102 ﬁsco
510 1073 617 1108 quidem
632 1071 726 1106 viginti
740 1075 796 1097 tres
810 1069 910 1096 solidos
921 1067 977 1095 sol-

187 1128 242 1156 vet,
260 1122 390 1149 adverSus
405 1120 516 1147 militem
533 1126 598 1146 vero
613 1117 747 1145 actionem
763 1117 796 1143 de
812 1115 900 1150 pretio
915 1114 975 1141 nul-

190 1169 242 1195 lam
258 1166 377 1194 habebit.
406 1164 434 1192 Si
450 1171 515 1191 vero
537 1163 594 1190 suis
609 1162 687 1189 bouis
711 1161 744 1188 ab
760 1160 819 1187 aliis
837 1158 972 1193 expulsos,

190 1213 232 1241 vel
248 1220 296 1248 per
310 1211 469 1244 semetipsos
483 1209 607 1237 cessione
622 1215 696 1240 usos,
714 1207 757 1233 alii
773 1205 885 1233 miseriti
900 1211 975 1231 rece-

192 1263 300 1293 perunt,
323 1257 364 1284 vel
383 1257 422 1284 uti
439 1255 598 1283 colonorum
613 1253 712 1280 obeant
728 1258 849 1284 munera,
875 1249 916 1276 vel
937 1249 974 1275 uti

190 1311 239 1339 pro
253 1302 377 1330 mercede
395 1301 535 1333 serviant;
555 1305 631 1327 extra
647 1300 752 1333 culpam
768 1303 858 1325 sunto.
886 1296 914 1324 Si
928 1296 974 1330 qui

190 1353 280 1376 autem
296 1348 394 1375 milites
406 1347 515 1374 idoneos
532 1345 565 1372 ad
582 1344 735 1372 exhibenda
749 1343 899 1371 ministeria
913 1349 972 1375 sua,

188 1395 298 1423 fossatis
310 1395 453 1429 subreptos
467 1392 568 1420 habere
584 1391 685 1418 fuerint
697 1390 756 1417 ausi
768 1397 776 1421 ;
793 1396 841 1423 pro
854 1387 973 1423 quolibet

188 1447 284 1468 eorum
301 1439 335 1467 ab
347 1445 493 1466 excussare
511 1437 566 1465 sive
582 1437 734 1463 discussore
754 1434 870 1468 publico,
893 1432 972 1460 solidi

190 1494 238 1514 sex
259 1485 372 1518 singulis
386 1483 490 1510 vicibus
499 1482 652 1514 exigentur,
667 1487 736 1514 quos
752 1479 832 1505 ﬁscus
847 1477 898 1505 sibi
913 1477 972 1503 vin-

1027 247 1119 273 πολλοὶ
1135 248 1189 273 τῶν
1206 247 1331 282 χρηστῶν
1346 247 1392 272 καί
1409 245 1527 280 μετρίων
1543 246 1778 280 ὰναφωνήσουσιν,
1801 247 1821 280 ἧ

1028 292 1126 327 μᾶλλον
1140 294 1156 327 ἡ
1173 293 1279 328 πληθὺς
1296 292 1349 318 τῶν
1366 293 1404 322 εἷς
1421 292 1450 316 τὸ
1467 292 1581 325 πάτριον
1606 291 1704 324 ἔδαφος
1725 292 1821 317 ἐπινο-

1026 338 1159 364 στούντων
1183 338 1320 373 βοήσεται,
1348 337 1474 372 ἄρτι”τῆς
1499 336 1621 367 δουλείας
1644 336 1822 371 ἀπηλλαγμέ-

1025 391 1086 409 νων·
1106 382 1286 416 ἀναγγελοῦσι
1306 381 1345 414 δὲ,
1364 379 1454 415 οἶμαι,
1471 381 1517 406 καὶ
1526 381 1553 407 αί
1563 380 1616 406 τῶν
1635 380 1723 407 ἄλλων
1749 389 1823 415 πρα-

1026 428 1139 461 γμάτων
1156 428 1224 463 πρὸς
1239 427 1273 454 τὰ
1287 428 1404 462 κρείττω
1421 426 1577 461 μεταϐολαὶ,
1593 423 1637 456 αἷς
1650 426 1820 461 προσταλαι-

1027 473 1193 509 πωρούμεθα
1210 474 1268 504 ταῖς
1294 472 1432 507 φροντίσιν
1460 471 1692 506 ὐττνομαχοῦντες,
1714 472 1758 498 ἵνα
1778 473 1820 506 μὴ

1027 519 1104 553 κωφή
1122 528 1162 550 τις
1221 519 1269 545 καὶ
1291 517 1515 552 διαπεφορημὲνη
1532 518 1548 553 ή
1566 517 1740 552 ὲπινοηθεῖσα
1763 517 1821 542 τῶν

1028 564 1197 599 πλημμελῶς
1214 564 1372 599 φερομένων
1385 563 1537 597 διόρθωσις,
1552 563 1585 598 ἣν
1603 564 1630 589 ἐν
1645 562 1684 597 τῷ
1703 563 1820 596 παρόντι

1028 609 1123 642 ἐδίκτῳ
1140 608 1177 640 ὡς
1192 605 1248 634 οἷόν
1265 607 1296 634 τέ
1318 608 1392 634 ἐστιν
1406 607 1527 641 ἀκριϐῶς
1542 607 1816 641 ἀνεστοιχειώσαμεν,

1030 655 1076 680 καὶ
1092 653 1131 688 τῷ
1144 652 1298 688 ἔμπροσθεν
1314 652 1402 686 χρόνῳ
1417 652 1457 682 είς
1472 651 1602 686 διαμονὴν
1618 648 1704 677 ἀΐδιον
1727 659 1819 685 παρα-

1028 699 1144 730 διδόντες
1165 697 1443 732 θεσπίζομενοῦτως·
1473 697 1499 723 εἰ
1519 705 1561 727 τις
1590 696 1758 732 στρατιώτην
1787 697 1819 722 ὲν

1027 745 1159 779 παροίκου
1185 744 1257 778 λόγῳ
1286 743 1411 777 εὑρεθείη
1439 742 1582 777 κατέχων,
1615 744 1637 768 εἰ
1661 742 1710 777 μὲν
1734 741 1817 772 αὐτὸς

1027 790 1128 820 ἐκεῖνος
1155 790 1201 816 καὶ
1217 789 1251 815 τὰ
1267 789 1297 821 ἐξ
1309 785 1346 815 ὧν
1365 789 1381 823 ἡ
1406 788 1536 823 στρατεία.
1552 787 1728 822 ὑπηρετεῖται
1749 788 1818 822 κτή-

1030 844 1102 869 ματα
1115 834 1242 869 ἁρπάσας
1257 834 1323 868 ἔχει,
1335 833 1484 869 τριάκοντα
1496 832 1525 865 ἒξ
1534 832 1645 868 χρυσίου
1660 833 1818 867 νομίσματα

1029 880 1125 915 ποινῆς
1151 880 1244 907 ἕνεκεν
1272 879 1413 911 ἀποτίσει,
1436 877 1466 910 ὲξ
1491 875 1529 905 ὧν
1551 878 1584 904 τὰ
1602 878 1703 913 ἡμίσεα
1727 878 1775 912 μὲν
1801 879 1818 904 ὀ

1030 926 1199 960 στρατιώτης
1217 925 1330 960 λήψεται
1343 924 1410 960 πρὸς
1423 924 1593 958 ἐπανάληψιν
1608 924 1657 958 τῆς
1675 924 1818 950 ἀποκατα-

1029 973 1150 1002 στάσεως
1173 971 1266 1004 αύτοῦ,
1289 970 1322 997 τὰ
1337 970 1439 1004 ἡμίσεα
1459 969 1486 996 δὲ
1508 971 1521 996 ὸ
1537 970 1665 1004 δημόσιος
1680 967 1713 1004 ἦς
1735 969 1817 1003 χάριν

1027 1017 1161 1052 ἐστερήθη
1174 1017 1304 1048 δουλείας.
1321 1017 1350 1043 Εἰ
1365 1016 1393 1042 δὲ
1403 1016 1452 1051 οὐχ
1464 1016 1664 1052 ἁρπάσας,ἀλλ“
1676 1016 1817 1051 ἀγοράσας

1028 1061 1127 1096 εὑρεθῇ
1148 1061 1182 1087 τὰ
1198 1059 1392 1096 στρατιωτικὰ,
1408 1061 1476 1093 πρὸς
1503 1060 1554 1095 μὲν
1570 1061 1616 1086 τὸν
1627 1059 1758 1094 δημόσιον
1775 1058 1815 1086 κδ’

1027 1105 1129 1141 χρυσοῦ
1144 1105 1299 1140 νομίσματα
1317 1105 1474 1139 καταθήσει,
1491 1105 1557 1140 πρὸς
1572 1105 1601 1131 δὲ
1615 1104 1661 1130 τὸν
1679 1104 1815 1140 στρατιώο

1026 1160 1076 1186 την
1092 1151 1205 1185 ἀγωγὴν
1230 1151 1299 1186 ὑπὲρ
1326 1150 1373 1177 τοῦ
1398 1151 1550 1185 τιμήματος
1572 1151 1620 1185 οὐχ
1636 1150 1702 1183 ἔξει.
1733 1150 1764 1177 Et
1786 1149 1816 1176 δὲ

1026 1197 1128 1232 ἑτέρων
1143 1196 1328 1228 ἐξελασάντων
1343 1196 1441 1227 αὐτοὺς
1461 1196 1493 1222 ἐκ
1504 1195 1557 1222 τῶν
1571 1195 1707 1230 οἰκείωνῆ
1725 1195 1815 1222 αὐτῶν

1025 1242 1137 1268 ἐκείνων
1152 1242 1287 1277 ὲκετασίῳ
1299 1241 1490 1277 χρησαμένων,
1504 1241 1578 1267 ἄλλοι
1594 1240 1707 1272 τούτους
1722 1248 1816 1267 tta-rot-

1026 1287 1184 1322 κτείραντες
1205 1286 1339 1318 ἐδέξαντο,
1364 1286 1419 1312 είτε
1433 1287 1573 1321 παροικεῖν
1594 1285 1649 1311 εἴτε
1679 1284 1813 1320 θητεύειν,

1024 1332 1165 1360 ἀνεύθυνοι
1179 1332 1311 1359 ἔστωσαν.
1327 1331 1406 1359 Ὅσοι
1421 1332 1448 1358 δὲ
1465 1331 1633 1366 στρατιώτας
1649 1331 1757 1362 ἱκανοὺς
1773 1331 1814 1362 είς

1026 1378 1095 1410 ἰδίας
1120 1378 1271 1413 ὑπηρεσίας
1296 1378 1502 1413 κατετόλμησαν
1518 1378 1590 1413 ἔχειν
1602 1378 1655 1404 τῶν
1670 1377 1814 1411 φοσσάτων

1023 1422 1135 1454 τούτους
1161 1424 1417 1458 ἀποστερήσαντες,
1451 1424 1491 1454 είς
1514 1423 1628 1450 ἕκαστον
1655 1423 1683 1448 ἐν
1705 1422 1813 1456 ἑκάστῳ

1024 1468 1124 1502 χρόνῳ,
1133 1468 1163 1500 ἓξ
1173 1469 1326 1503 νομίσματα
1335 1470 1349 1495 ὁ
1360 1469 1556 1501 ὲεκουσσεύπας
1571 1467 1813 1504 εἰσπραχθήσεται,

190 1513 317 1559 dicabit
333 1529 384 1556 nisi
400 1528 471 1556 forte
491 1526 526 1553 ab
549 1513 614 1560 ipsis
631 1513 754 1555 ducibus,
778 1523 872 1549 aliisve
892 1521 973 1556 magi-

1031 1513 1074 1540 καὶ
1093 1514 1178 1540 ταῦτα
1197 1515 1210 1541 ὁ
1230 1514 1357 1549 δημόσιος
1383 1514 1567 1547 οἰκειώσεται,
1596 1514 1621 1540 εἰ
1648 1513 1739 1549 μήπου
1759 1513 1814 1540 ἀπὸ

191 1574 324 1603 stratibus
338 1580 385 1600 eos
401 1571 566 1606 acceperint,
588 1568 693 1603 ipsique
710 1567 810 1594 milites
834 1573 867 1592 ex
883 1571 975 1592 eorum

191 1619 246 1647 sint
262 1624 383 1650 numero,
395 1616 440 1651 qui
454 1613 606 1642 ministerio
620 1612 695 1640 ducis
711 1616 757 1638 aut
770 1610 974 1645 magistratuum

193 1663 372 1691 destinantur.
393 1661 458 1688 Nam
476 1660 499 1688 si
519 1658 640 1686 ektranei
658 1657 712 1685 sint
726 1662 754 1683 et
773 1655 899 1691 gregarii,
920 1661 974 1681 non

190 1708 352 1736 liberabitur
377 1707 421 1741 qui
441 1712 488 1733 eos
515 1703 628 1736 detinet,
651 1701 756 1730 tametsi
782 1701 897 1735 probare
922 1706 974 1726 non

193 1752 335 1780 diﬁiculter
349 1751 444 1786 possit,
457 1758 471 1777 a
496 1750 564 1777 duce
585 1747 627 1776 vel
640 1747 800 1783 magistratu
814 1749 974 1779 potestatem

191 1798 243 1825 sibi
260 1797 370 1830 factam,
384 1802 411 1824 ut
426 1796 466 1824 eis
480 1799 581 1822 utatur.

549 1881 616 1910 VIII.

193 1939 320 1975 Ejusdem
348 1938 450 1966 nouella
482 1935 872 1975 oonstitutio,_quam_dictavit
893 1933 978 1961 Theo-

225 1975 316 2001 dosius
335 1974 462 2007 patricius
476 1977 499 2000 et
514 1977 628 2007 quwstor
644 1969 812 2005 Decapoleos,
843 1969 875 1995 de
901 1977 978 2003 spor-

226 2009 300 2035 tulis.
316 2010 379 2035 Ha'e
393 2008 560 2035 m-omulaata
579 2011 617 2033 eu
630 2007 754 2035 abrogata
777 2005 860 2035 priori
876 2004 977 2030 conui-

228 2014 300 2035 mm.
316 2014 379 2035 ﬂa'e
393 2014 560 2042 promulgata
579 2014 617 2033 eu
630 2014 754 2040 aoragata
777 2014 860 2040 priori
876 2014 975 2030 conm-

228 2046 338 2076 lutione,
351 2044 413 2077 quia
430 2043 588 2076 permitteret
611 2041 744 2077 iudicibus
759 2039 975 2077 provincialibus,

226 2083 253 2117 et
262 2075 640 2117 scribte'laportulas.accipere,
652 2075 701 2108 vel,
712 2080 739 2101 ut
755 2075 876 2109 quadam
890 2081 977 2100 exem-

226 2111 313 2146 plaria
326 2111 433 2144 habent,
445 2112 578 2146 judicare.

229 2205 357 2239 lnjustam
371 2208 465 2231 contra
483 2208 591 2231 nostros
614 2203 770 2230 tributarios
788 2210 873 2236 nuper
893 2209 974 2229 cxco-

191 2251 301 2287 gitatam
317 2249 472 2285 pensionem
499 2249 548 2276 hac
563 2249 688 2283 praesenti
707 2249 763 2283 lege
780 2248 974 2275 einendandam

191 2303 253 2323 esse
276 2293 441 2322 credidimus
456 2313 463 2325 ,
479 2297 605 2327 putamus
617 2293 699 2326 enim,
714 2292 786 2328 quod
810 2293 911 2319 nullum
933 2292 978 2318 t'u-

192 2340 242 2375 git,
259 2337 365 2374 qualem
387 2336 584 2369 confusionem,
609 2341 638 2364 et
656 2336 865 2372 implicationem
893 2337 977 2364 dicta-

191 2392 251 2412 rum
275 2383 456 2418 sportularum
485 2389 566 2410 causa
595 2382 744 2409 introduxit
778 2391 785 2414 ;
814 2383 973 2416 deprehensi

193 2437 322 2465 namque,
350 2428 421 2464 quod
438 2428 496 2456 lteri
525 2435 577 2455 non
591 2428 693 2460 debuit,
718 2429 763 2455 uni
779 2435 813 2455 ex
839 2428 976 2463 judicibus

190 2476 294 2504 lucrum
308 2475 440 2503 facientes
459 2482 492 2502 ex
510 2474 598 2502 alieno
621 2475 730 2506 damno,
748 2475 787 2502 sic
803 2475 976 2510 probationes

192 2519 313 2553 eludunt,
330 2524 360 2547 ut
378 2526 564 2553 smpenumero
580 2524 671 2554 partes
689 2520 819 2547 exhibere
837 2528 898 2548 sese
921 2528 973 2548 non

191 2567 306 2594 valeant.
330 2567 398 2593 Ante
414 2566 547 2600 siquidem
574 2566 752 2593 necessariam
771 2567 972 2601 probationem,

191 2613 219 2637 ct
244 2610 409 2637 audientiam
432 2610 631 2644 possessionem
650 2610 843 2639 transferentes
872 2619 975 2646 prmve-

191 2655 290 2687 niunt;
311 2656 417 2683 interim
438 2663 508 2690 saepe
530 2656 664 2690 contingit
681 2663 715 2682 ex
733 2652 914 2692 frequentium
931 2657 973 2691 ju-

191 2700 280 2727 dicuin
304 2700 413 2731 viatico,
429 2703 457 2727 et
482 2701 576 2727 crebra
603 2700 769 2735 profectione
787 2702 973 2734 ambitionem,

191 2746 247 2773 sive
258 2746 398 2779 peettniam
412 2745 550 2780 iudicibus
567 2747 772 2781 corrumpendis
786 2747 877 2774 datam
893 2755 973 2782 supe-

192 2797 253 2816 rare
269 2797 357 2817 rerum
370 2790 403 2817 de
415 2790 512 2824 quibus
531 2791 619 2824 agitur
635 2791 856 2818 aestimationem.
870 2792 974 2818 Idcirco

193 2834 331 2863 Sereuitas
343 2841 447 2869 nostra,
465 2836 611 2864 consulens
627 2837 660 2863 iis
676 2844 735 2872 quae
747 2843 906 2870 occurrunt,
924 2846 973 2866 nec

1031 1559 1191 1594 στρατηγῶν
1207 1560 1224 1595 ἦ
1240 1560 1295 1586 τῶν
1317 1560 1403 1587 ἄλλων
1424 1561 1562 1596 ἀρχόντων
1584 1559 1695 1590 τούτους
1719 1558 1812 1593 ἔτυχον

1029 1603 1193 1639 δεδεγμένοι,
1222 1606 1269 1631 καὶ
1295 1603 1366 1632 οὗτοι
1389 1606 1421 1632 ἐκ
1447 1606 1501 1631 τῶν
1520 1604 1747 1639 ἁποτεταγμένων
1772 1605 1812 1635 εἰς

1030 1649 1182 1684 ὑπηρεσίαν
1205 1651 1259 1677 τῶν
1285 1651 1445 1687 στρατηγῶν
1459 1651 1475 1686 ἢ
1490 1651 1544 1677 τῶν
1568 1651 1655 1677 ἄλλων
1676 1649 1812 1684 ἀρχόντων

1028 1695 1255 1731 καθειστήκεσαν.
1290 1697 1322 1724 Εἰ
1347 1698 1401 1733 γὰρ
1427 1698 1459 1724 ὲκ
1486 1697 1541 1724 τῶν
1565 1697 1664 1730 ἔξωθεν
1691 1697 1737 1723 καὶ
1761 1695 1812 1730 τῆς

1030 1742 1187 1777 κοινότητος
1206 1745 1285 1775 εἰσιν,
1303 1743 1352 1770 οὐκ
1365 1743 1560 1778 ἀθωωθήσεται
1577 1743 1591 1769 δ
1607 1742 1715 1773 τούτους
1731 1741 1812 1776 ἔχων,

1028 1787 1053 1812 εί
1073 1788 1119 1813 καὶ
1140 1788 1273 1815 δεικνύειν
1301 1788 1417 1823 ἑτοίμως
1435 1788 1502 1824 ἔχει,
1527 1788 1601 1823 παρὰ
1624 1787 1777 1822 στρατηγοῦ
1794 1787 1811 1822 ἦ

1029 1832 1158 1868 ἄρχοντος
1176 1835 1360 1871 ἐπιτραπῆναι
1373 1835 1521 1871 κεχρῆσθαι
1535 1835 1635 1866 αὐτοῖς.

1402 1881 1442 1908 H'.

1029 1936 1126 1971 Νεαρὰ
1148 1941 1310 1973 νομοθεσία
1342 1939 1394 1966 τοῦ
1419 1939 1524 1970 αὐτοῦ,
1553 1938 1593 1972 ἠν
1622 1938 1812 1972 ύπηγόρευσε

1066 1973 1214 2006 Θεόδωρος
1227 1974 1380 2008 πατρίκιος
1391 1974 1440 2000 καὶ
1454 1974 1611 2006 κοιαίστωρ
1626 1974 1813 2000 όΔσκαπολί-

1065 2015 1129 2040 της,
1155 2009 1221 2042 περὶ
1243 2007 1541 2042 ἐκέαγιατικῶν..1“ῆς
1557 2010 1611 2042 γὰρ
1627 2007 1684 2041 πρὸ
1702 2009 1812 2039 ταύτης

1065 2043 1241 2078 νομοθεσίας
1267 2043 1577 2078 ἀπιδοκιμασθείσης,
1601 2042 1649 2078 διὰ
1666 2042 1699 2068 τὸ
1732 2050 1812 2074 περι-

1067 2077 1153 2112 έχειν
1169 2078 1239 2110 τοὺς
1256 2076 1430 2112 θεματικοῦς
1447 2078 1547 2110 κριτὰς
1561 2076 1607 2103 καί
1618 2077 1670 2112 (ir
1684 2077 1813 2112 rauptb'uv

1063 2111 1220 2138 δικαστικὰ
1233 2110 1405 2146 λαμϐάνειν,
1423 2112 1452 2145 ἢ,
1467 2112 1507 2143 ὼς
1522 2112 1588 2137 ἔνια
1601 2110 1661 2137 τῶν
1673 2111 1812 2145 ἀντιψά-

1063 2155 1127 2180 poor
1140 2147 1213 2180 ἔχει,
1228 2145 1366 2180 δικάζειν,
1380 2146 1579 2180 ἐνομοθετήθη
1595 2145 1683 2179 αὕτη.

1064 2203 1186 2229 Ἐιιτισίν
1207 2212 1267 2230 τινα
1291 2203 1444 2238 παράλογον
1456 2203 1517 2237 ἄρτι
1534 2201 1586 2237 πρὸ
1603 2201 1718 2237 βραχέος
1740 2201 1812 2227 κατὰ

1029 2248 1083 2274 τῶν
1094 2249 1236 2284 ἡμετέρων
1255 2249 1443 2283 ὲπινοηθεῖσαν
1456 2248 1593 2274 ὑποτελῶν
1609 2248 1665 2274 δεῖν
1681 2247 1812 2282 ᾠήθημεν

1028 2293 1071 2319 διὰ
1098 2293 1145 2319 τοῦ
1170 2294 1302 2328 παρόντος
1334 2293 1576 2329 ἐπανορθώσασθαι
1602 2292 1810 2326 διαγγὲλματος.

1028 2336 1110 2373 Οἶμαι
1135 2339 1200 2375 γὰρ,
1223 2339 1260 2371 ὡς
1280 2339 1374 2366 οὐδένα
1398 2339 1591 2373 διαπέφευγεν,
1606 2338 1665 2364 οἵαν
1680 2338 1811 2372 σύγχυσιν

1028 2386 1074 2410 καὶ
1088 2385 1238 2420 ἐπιπλοκὴν
1256 2386 1273 2423 ή
1293 2385 1348 2411 τῶν
1361 2385 1514 2420 λεγομένων
1534 2383 1730 2418 ἑκταγιατικῶν
1747 2383 1812 2409 ὑπό-

1027 2429 1101 2461 (iam;
1118 2431 1317 2465 παρεισήγαγε.
1332 2431 1490 2465 Θηρώμενοι
1507 2430 1561 2464 γὰρ
1577 2429 1614 2460 ὡς
1637 2429 1686 2456 οὐκ
1708 2428 1811 2462 ῶξελον

1026 2476 1068 2502 ἐνὶ
1094 2477 1148 2502 τῶν
1170 2477 1304 2503 δικαστῶν
1325 2477 1418 2511 κέρδος
1433 2477 1519 2502 ποιεῖν
1533 2476 1563 2501 ὲκ
1585 2475 1632 2509 τῆς
1652 2475 1746 2509 ἐτέρου
1763 2473 1812 2507 ζη-

1027 2522 1103 2556 μίας,
1122 2520 1193 2548 οὕτω
1208 2522 1402 2556 κατασχίζουσι
1417 2521 1466 2552 τὰς
1481 2520 1641 2553 ἀποδείξεις,
1656 2519 1694 2550 ὡς
1710 2518 1810 2545 πολλά-

1025 2574 1069 2597 κις
1095 2565 1161 2600 μηδὲ
1186 2566 1235 2601 τὴν
1264 2566 1319 2593 τῶν
1341 2567 1432 2602 μερῶν
1456 2566 1630 2601 παράστασιν
1650 2565 1808 2599 ὑπομένειν.

1025 2612 1082 2647 Πρὸ
1107 2612 1162 2647 γὰρ
1188 2613 1236 2648 τῆς
1256 2613 1368 2647 δεούσης
1391 2613 1552 2647 δοκιμασίας
1577 2611 1624 2638 καὶ
1652 2611 1808 2644 ἀκροάσεως

1025 2657 1156 2691 φθάνουσι
1181 2658 1231 2692 τὴν
1261 2658 1424 2693 μεταγωγὴν
1447 2657 1581 2692 δρώμενοι
1599 2657 1649 2691 τῆς
1665 2656 1764 2691 νομῆςι
1780 2656 1809 2681 ἐν

1024 2702 1064 2736 οἷς
1083 2704 1212 2736 πολλάκις
1236 2703 1390 2738 συμϐαίνει,
1412 2705 1444 2729 ὲκ
1459 2703 1508 2737 τῆς
1530 2702 1583 2729 τῶν
1602 2701 1721 2737 συνεχῶν
1734 2701 1810 2727 δικα-

1025 2751 1094 2776 στῶν
1112 2750 1207 2784 ἐφόδου
1223 2751 1269 2776 καὶ
1285 2751 1333 2783 τῆς
1351 2749 1552 2783 ἀλλεπαλλήλου
1580 2748 1734 2783 μεταφορᾶς
1760 2747 1809 2782 τὴν

1024 2795 1077 2821 τῶν
1096 2795 1286 2830 ὑποκειμένων
1315 2794 1470 2829 διατίμησιν
1492 2794 1538 2820 τὸν
1558 2793 1694 2828 δεκασμὸν
1707 2793 1811 2826 ὑπερα-

1024 2841 1154 2868 κοντίται.
1171 2841 1220 2868 Διὰ
1233 2841 1344 2868 τοιαῦτα
1360 2841 1377 2875 ὴ
1396 2841 1520 2875 ἡμετέρα
1537 2839 1692 2874 Γαληνότης
1709 2838 1810 2874 πολλὴν
