1945 3073
116 179 171 210 569

664 181 846 211 NOVELLAE
866 180 1204 212 CONSTITUTIONES.

1681 179 1735 214 590

117 235 267 269 ποιουμένη
286 243 338 261 ’ων
362 235 414 261 ὑπὸ
443 236 520 270 χεῖρα
545 236 593 271 τὴν
621 237 758 270 πρόνοιαν,
786 237 817 264 οὐ
840 237 898 263 νέαι

957 244 1052 264 novam
1084 236 1201 272 aliquam
1221 237 1441 265 constitutionem
1470 238 1661 272 introducens,
1688 239 1735 266 sed

115 280 179 306 τινὰ
195 280 375 313 ἐπεισάγουσα
388 280 557 314 νομοθεσίαν,
573 280 641 307 ἀλλὰ
655 280 704 316 τὴν
721 280 839 307 παλαιὰν
853 282 900 306 καὶ

116 326 266 352 ἀδέκαστον
278 327 456 361 ἀνακτωμένη
471 327 625 362 συνήθειαν,
641 328 767 362 συντόμῳ
785 327 856 362 λόγῳ
866 328 900 354 τὰ

116 380 149 397 πε
154 372 180 406 pl
195 372 296 398 τούτων
309 372 383 398 διατυ
388 374 443 400 ποῖ.

150 421 184 444 α’.
213 418 373 453 Περίζεσθαι
399 419 448 452 μὲν
462 416 508 445 οὖν
525 419 585 445 κατ’
601 418 694 445 οὐδένα
714 418 792 452 λόγον
807 418 900 453 βουλό-

116 465 186 496 μεθα
202 463 263 494 τοὺς
283 463 412 494 δικαστὰς
429 465 522 499 κέρδος
544 466 575 491 ὲκ
598 465 653 491 τῶν
673 464 810 496 τοιούτων,
837 464 899 491 οὐδὲ

115 509 148 543 τῇ
166 509 300 543 προφάσει
315 509 368 535 τῶν
380 510 511 544 νοταρίων
527 509 543 544 ἦ
559 510 710 545 ἀνθρώπων
724 510 824 537 αὐτῶν.
844 511 898 536 Οὐ-

113 553 142 579 δὲ
155 554 218 588 γὰρ,
236 554 294 580 οὐδὲ
310 554 421 586 τούτους
440 555 572 590 μεριστὰς
589 554 658 582 εἶναι
671 556 725 581 τῶν
745 556 899 589 ὲκταγιατι-

115 597 172 623 κῶν
189 598 392 633 συγχωροῦμεν,
411 599 480 626 ἀλλὰ
495 600 584 634 μόνοις
597 601 654 632 τοῖς
668 600 898 634 ὑπηρετουμένοις

114 642 175 673 ταῖς
185 643 278 674 τάξεσι
305 643 359 669 τῶν
377 644 478 677 κριτῶν
501 644 742 680 προελευσιμαίοις
765 644 835 670 κατὰ
851 644 900 679 τὴν

117 688 300 722 ὑποκειμένην
335 689 491 724 οἰκονομίαν
518 690 682 724 συμμέτρως
716 691 898 725 ἐπιτρέπομεν

115 731 164 766 τὴν
180 731 281 758 τούτων
296 732 386 767 λῆψιν.
409 732 577 759 Ἰκανοῦσοαι
595 733 622 760 δὲ
636 733 674 769 τῷ
688 735 737 768 μὲν
747 736 827 770 κριτῇ
843 735 900 762 δια-

116 775 281 811 κελευόμεθα
299 778 327 803 ἐν
342 777 455 809 ἐκείνοις
471 780 526 809 τοῖς
545 779 576 804 ἐκ
594 779 644 814 τῆς
663 779 804 814 βασιλικῆς
824 780 900 805 εὐσε-

115 821 180 852 ϐοῦς
197 822 286 857 χειρὸς
306 823 353 849 καὶ
377 823 425 858 τῆς
439 824 486 850 τοῦ
503 824 644 859 προσοδίου
660 825 742 851 αὑτοῦ
759 826 881 860 παροχῆς
892 834 898 840 ·

115 867 172 897 τοῖς
188 867 216 893 δὲ
239 869 271 902 τῇ
292 868 429 904 ὑπηρεσίᾳ
450 869 532 895 αὑτοῦ
558 869 797 904 ὑποτεταγμένοις,
819 879 900 898 νοτα-

115 911 184 946 ρίοις
201 920 230 937 τε
250 912 297 938 καὶ
311 913 467 947 ὑπουργοῖς,
483 914 513 945 ἐξ
527 911 564 940 ὧν
586 914 655 948 ὑπὲρ
672 915 727 940 τῶν
752 915 899 948 ἐγγράφων

114 955 231 989 κρίσεων
252 956 435 991 λαμϐάνουσιν
453 959 517 993 παρ’
535 959 657 991 ἐκείνων,
673 959 698 985 οἳ
718 959 767 995 τὴν
782 960 900 986 νικῶσαν

115 1000 315 1035 ἀποφερόμενοι
340 1001 430 1036 ψῆφον
457 1002 579 1036 κρίσεσιν
609 1004 758 1038 ἐγγράφοις
783 1013 898 1039 καταχυ-

116 1043 253 1078 ρὼσασθαι
267 1045 368 1081 ταύτην
379 1047 557 1083 προῄρηνται.
568 1049 646 1075 οὕτω
659 1049 712 1084 γὰρ
726 1049 792 1076 καὶὸ
803 1050 898 1085 κριτὴς

115 1089 315 1125 ἐπιπονώτερον
333 1092 401 1126 πρὸς
417 1093 523 1120 τελείαν
545 1094 681 1127 ἀπόφασιν
696 1095 749 1121 τῶν
766 1095 898 1131 ζητουμέ-

114 1143 166 1161 νων
188 1135 405 1172 διαναστήσεται,
420 1138 468 1164 καὶ
489 1140 513 1164 οἱ
535 1141 719 1175 προσήκοντες
735 1141 808 1176 αὐτῷ
824 1144 896 1178 ὑπη-

117 1181 192 1214 ρέται
218 1181 285 1216 πρὸς
309 1182 387 1209 τοῦτο
409 1183 570 1218 διοικήσεως
597 1186 791 1220 ὲποτρυν;ὖσιν
814 1187 896 1214 αὑτὸν

116 1227 162 1252 καὶ
178 1227 396 1262 παρακαλέσουσι
421 1229 468 1256 καὶ
490 1230 693 1266 προθυμότερον
712 1231 897 1265 θεραπεύσου-

117 1279 168 1304 σιν,
185 1271 285 1304 εἰδότες
297 1273 333 1303 ὡς
347 1273 397 1299 οὐκ
419 1273 495 1300 ἔσται
519 1274 628 1301 menon
652 1275 743 1307 αὐτοῖς
763 1277 897 1312 πορισμὸς

116 1315 192 1350 εἰμὴ
216 1317 230 1342 ὁ
246 1317 300 1344 ἀπὸ
327 1318 479 1350 συντελείας
497 1319 547 1354 τῆς
571 1319 659 1355 δίκης,
684 1321 708 1346 εἰ
733 1321 756 1346 δ’
774 1321 806 1348 ἂν
834 1323 898 1357 μίαν

952 287 1069 309 veterem
1079 282 1262 316 incorruptam
1278 283 1500 311 consuetudinem
1513 292 1657 318 renovans,
1675 285 1736 313 bre-

952 327 1018 354 viter
1037 327 1093 355 haac
1106 328 1139 354 de
1153 328 1194 355 his
1208 327 1359 355 constituit.

987 414 1095 442 LNulla
1103 416 1186 449 igitur
1194 416 1296 443 ratione
1304 416 1534 451 volumusjudices
1542 425 1574 446 ex
1582 419 1624 446 his
1633 418 1737 447 lucrum

951 461 1050 492 facere,
1069 468 1118 488 nec
1132 465 1263 495 prmtextu
1277 461 1456 493 notariorum,
1479 463 1520 490 vel
1530 470 1640 491 suorum
1651 464 1738 492 homi-

951 513 1014 532 num
1033 513 1040 538 ;
1060 512 1147 540 neque
1161 505 1352 540 permittimus,
1372 506 1444 540 ipsos
1458 507 1640 541 sportularum
1669 515 1734 543 par-

951 550 1046 584 ticipes
1069 557 1128 577 csse
1143 558 1150 583 ;
1181 550 1228 577 sed
1247 550 1281 578 iis
1299 550 1439 583 duntaxat,
1457 552 1502 586 qui
1522 551 1659 586 indicibus
1672 554 1737 582 sub-

950 595 1072 622 sorviuut
1088 595 1114 622 in
1133 595 1265 623 faciendis
1283 596 1435 629 itineribus,
1453 604 1501 630 pro
1527 597 1735 632 dispensationis

932 641 994 671 .Iiic
1022 640 1150 674 subjecta:
1180 641 1277 673 modo,
1305 642 1506 676 perceptiOnem
1523 643 1618 670 harum
1636 650 1736 671 conce-

951 687 1047 714 dimus.
1063 686 1184 714 Iudicem
1202 687 1284 722 igitur
1299 691 1456 714 contentum
1475 687 1508 715 iis
1524 695 1585 715 esse
1597 688 1735 723 iubentur.

950 740 1012 766 qua:
1025 731 1058 759 ab
1072 733 1245 767 imperaturis
1262 733 1305 768 pia
1332 741 1413 760 manu
1433 734 1540 769 accipit,
1555 734 1677 770 adeoque
1691 743 1734 763 re-

951 777 1022 803 ditus
1045 776 1085 803 sui
1101 777 1298 811 praestatione;
1331 779 1455 805 subditos
1472 783 1563 806 autem
1584 780 1737 808 ministerio

951 822 1045 856 ipsius,
1074 826 1126 848 tam
1146 823 1274 855 notarios,
1302 830 1384 858 quam
1398 825 1579 858 apparitores;
1599 825 1644 859 iis,
1676 832 1736 860 qua

951 873 1000 900 pro
1021 867 1129 898 iudiciis
1147 867 1173 894 in
1200 868 1301 902 scripta
1317 869 1434 896 redactis
1451 870 1485 897 ab
1508 869 1562 898 illis
1587 871 1736 906 accipiunt.

950 915 995 947 qui
1012 913 1173 940 sententiam
1183 913 1320 941 victricem
1333 914 1481 947 consecuti,
1493 915 1602 949 scriptis
1613 915 1736 949 indiciis,

950 962 1057 986 muttire
1073 965 1132 986 eam
1158 958 1280 993 cupiunt.
1298 958 1344 986 Sic
1371 959 1455 992 enim,
1470 959 1591 995 etjudcx
1616 960 1736 988 laborio-

949 1012 997 1032 sus
1007 1004 1040 1031 ad
1060 1003 1225 1031 deiinitivam
1254 1003 1420 1031 sententiam
1438 1005 1465 1031 in
1481 1004 1562 1033 rebus
1575 1009 1737 1033 controver-

948 1050 986 1077 sis
1012 1049 1176 1085 properabit,
1194 1054 1220 1076 et
1236 1049 1307 1077 illius
1321 1049 1490 1084 apparitores
1516 1050 1604 1085 ipsum
1624 1051 1658 1078 ad
1684 1051 1735 1079 hoc

948 1098 1082 1132 agendum
1114 1097 1275 1128 incitabunt.
1303 1101 1331 1123 et
1362 1097 1525 1131 invitabunt,
1554 1098 1720 1132 alacrioriqu

950 1144 1040 1171 animo
1059 1144 1219 1174 inservient,
1240 1143 1359 1171 scientes
1373 1142 1482 1171 aliunde
1496 1143 1614 1170 fructum
1637 1150 1731 1178 capcrs

951 1196 979 1215 sc
994 1196 1047 1215 non
1057 1195 1135 1223 posse
1147 1209 1155 1222 ,
1169 1195 1250 1222 quam
1273 1195 1305 1214 ex
1322 1188 1559 1215 consummatione
1575 1187 1641 1215 litis.
1657 1187 1736 1221 Quod

950 1233 972 1261 si
987 1233 1148 1260 sententiam
1174 1241 1254 1260 unam
1270 1233 1389 1268 quolibet
1404 1234 1448 1261 die
1461 1234 1606 1268 protulerit
1619 1234 1652 1262 de
1678 1239 1735 1261 trc-

950 1280 1036 1306 centis
1061 1279 1178 1314 amplius
1202 1279 1308 1312 solidis,
1337 1279 1447 1306 omnino
1465 1279 1568 1307 lucrum
1588 1287 1661 1308 anno
1681 1285 1737 1308 toto

951 1325 1052 1352 nullum
1070 1325 1158 1360 capiet

115 1361 252 1395 ἀπόφασιν
273 1363 314 1396 ἐφ’
336 1364 437 1399 ἑκάστῃ
458 1365 548 1400 ἡμέρα
565 1366 610 1392 καὶ
630 1367 720 1393 κοίσιν
735 1368 894 1403 ποιήσηται,
913 1371 983 1406 ὑπὲρ
1002 1372 1035 1398 τὰ
1068 1372 1211 1406 τριακόσια
1233 1370 1389 1406 νομίσματα
1422 1371 1532 1404 πάντως
1551 1372 1585 1399 δι’
1606 1372 1668 1399 ὅλου
1690 1372 1738 1400 τοῦ

115 1409 238 1435 ἐνιαυτοῦ
253 1410 411 1444 κομιοῦνται
426 1411 531 1446 κέρδος.

150 1455 182 1491 β’.
204 1455 276 1491 Πλὴν
293 1457 349 1483 ἀλλ’
363 1457 420 1483 οὐδὲ
432 1458 460 1484 ιν
474 1458 578 1491 τούτοις
593 1460 788 1497 διακεχυμένην
804 1462 895 1494 αὐτοῖς

115 1501 162 1526 καὶ
180 1500 350 1527 ὰδιάστικτον
376 1502 534 1537 παρέχομεν
550 1504 653 1537 ἄδειαν,
680 1505 748 1532 ἀλλὰ
766 1507 812 1533 καὶ
828 1507 894 1541 πρῖς

985 1461 1012 1488 2.
1030 1459 1223 1487 Verumtamen
1245 1466 1331 1494 neque
1344 1459 1483 1487 confusam
1500 1460 1526 1488 in
1543 1460 1595 1492 his,
1609 1465 1637 1487 et
1652 1461 1738 1488 indis-

951 1506 1062 1534 tinctam
1103 1505 1240 1532 licentiam
1269 1505 1337 1540 ipsis
1365 1505 1541 1533 concedimus
1564 1524 1574 1539 ,
1613 1506 1659 1533 scd
1687 1514 1737 1540 pro

115 1547 163 1581 τὴν
182 1547 230 1581 τῆς
251 1546 328 1581 δίκης
348 1548 483 1583 ποσότητα
500 1550 548 1576 καὶ
570 1550 614 1576 τὺν
637 1550 733 1586 μισθον
749 1551 895 1579 διατυποῦ-

953 1551 1099 1586 quantitate
1124 1550 1190 1582 litis,
1208 1550 1291 1576 etiam
1320 1550 1447 1577 salarium
1473 1549 1569 1584 iudicii
1599 1550 1733 1585 scriptura

118 1600 167 1625 μεν
190 1592 239 1626 τῆς
267 1592 406 1626 ἐγγράφου
430 1594 556 1629 κρίσεως.
575 1596 638 1622 Ἐπὶ
662 1596 787 1624 ὑποθέσει
807 1597 897 1624 τοίνυν

115 1638 158 1670 λς’
174 1639 348 1673 νομισμάτων
364 1638 394 1671 ἒξ
408 1640 568 1676 μιλιαρήσια
585 1641 629 1668 τὸν
645 1642 834 1677 δικαιούμενον
850 1643 897 1670 καὶ

116 1683 206 1718 κρίσιν
225 1683 363 1718 ἔγγραφον
383 1684 554 1720 λαμϐάνοντα
571 1686 764 1713 κατατίθεσθαι
788 1687 896 1713 κελευό-

117 1728 186 1763 μεθα
197 1738 204 1744 ·
223 1729 270 1756 ἐπὶ
283 1729 311 1755 δὲ
325 1730 389 1764 μιᾶς
407 1730 500 1766 λίτρας
513 1731 529 1766 ἢ
544 1731 614 1758 δυοῖν
631 1731 647 1767 ἢ
665 1733 762 1767 τριῶν,
776 1733 897 1767 νόμισμα

116 1775 145 1800 ἓν
159 1783 165 1789 ·
181 1774 226 1800 ἐπὶ
240 1774 268 1800 δὲ
282 1774 422 1810 τεσσάρων
437 1776 454 1810 ἢ
468 1775 549 1803 πέντε
564 1776 580 1810 ἢ
598 1776 637 1808 ἓξ,
662 1777 816 1811 νομίσματα
831 1777 878 1804 δύο
889 1785 897 1792 ·

116 1819 161 1845 ἐπὶ
172 1819 200 1846 δὲ
211 1820 232 1851 ζ’
245 1819 261 1855 ἢ
273 1819 296 1855 η’
315 1820 332 1854 ἢ
346 1819 379 1851 θ’,
396 1820 549 1855 νομίσματα
562 1822 625 1856 τρία
636 1830 642 1836 ·
659 1822 704 1848 ἐπὶ
717 1822 743 1848 δὲ
759 1825 773 1848 ι’
788 1822 804 1858 ἢ
829 1822 865 1849 ια’
880 1823 896 1857 ἢ

117 1864 161 1900 ιβ’,
177 1865 334 1900 νομίσματα
343 1865 364 1891 δ’
375 1873 382 1880 ·
401 1865 447 1891 ἐπὶ
463 1865 492 1891 δὲ
506 1867 655 1902 ποσότητος
673 1867 795 1899 πλείονος
808 1868 858 1903 ὅση
875 1868 899 1894 δ’

116 1910 149 1936 ἄν
166 1911 224 1936 ἐστι
244 1911 323 1945 μέχρι
351 1911 537 1946 κεντηναρίου,
566 1912 721 1946 νομίσματα
745 1912 765 1939 ε’
786 1915 833 1940 καὶ
861 1912 898 1949 μὴ

115 1957 280 1991 περαιτέρω.
297 1957 390 1984 Ταῦτα
404 1959 433 1984 ὲν
453 1959 586 1994 κρίσεσιν,
601 1958 669 1984 ὅπου
691 1959 811 1993 μερισίαι
834 1959 900 1985 πολ-

116 2001 194 2033 λάκις
212 2002 227 2036 ἢ
243 2003 384 2034 ἀποδόσεις
401 2003 637 2030 ἐπακολουθοῦσιν.
660 2004 704 2030 Ἐν
716 2001 756 2034 οἷς
776 2004 804 2030 δὲ
822 2012 899 2039 μερι-

117 2048 160 2073 xei.
187 2049 319 2083 μερισμοὶ
338 2048 353 2083 ἢ
379 2048 534 2084 ἐντάλματα
562 2048 579 2083 ἢ
602 2048 767 2083 σημειώσεις
785 2049 901 2077 καταθέ-

118 2092 185 2118 σεών
197 2101 278 2119 τινων
291 2093 402 2125 εἰκότως
413 2094 441 2128 ἢ,
453 2094 635 2128 διαγνώσεως)⁹
643 2094 746 2121 ἀτελῶν
758 2094 849 2128 μέντοι
857 2103 900 2129 γε,

117 2138 146 2163 ἐν
170 2138 225 2168 τοῖς
252 2138 384 2170 τοιούτοις
403 2140 439 2174 μὴ
464 2139 544 2166 πλέον
569 2139 616 2166 τοῦ
637 2139 803 2174 νομίσματος
830 2148 902 2175 παρ-

947 1593 1133 1629 comprehensi
1154 1593 1354 1620 constituimus.
1391 1593 1562 1628 Quapropter
1598 1593 1625 1621 in
1652 1601 1734 1621 causa

949 1640 1059 1674 triginta
1087 1646 1134 1666 sex
1155 1638 1314 1671 solidorum,
1330 1646 1376 1666 sex
1394 1639 1491 1671 millia,
1508 1640 1568 1667 sive
1592 1640 1662 1667 mala
1679 1639 1735 1668 litis

948 1685 1090 1717 victorem,
1107 1684 1153 1719 qui
1168 1684 1330 1711 sententiam
1352 1684 1379 1711 in
1395 1685 1505 1718 scriptis
1517 1685 1625 1719 accipit,
1645 1685 1735 1713 solve-

949 1739 979 1758 re
994 1731 1130 1765 jubemus.
1149 1729 1176 1756 in
1190 1737 1244 1756 una
1265 1736 1330 1756 vero
1338 1729 1418 1761 libra,
1436 1730 1477 1756 vel
1491 1730 1606 1763 duabus,
1623 1730 1665 1758 vel
1688 1731 1736 1758 tri.

950 1776 1011 1808 bus,
1021 1775 1137 1802 solidum
1155 1782 1249 1802 unum.
1265 1774 1294 1801 ln
1306 1774 1381 1802 libris
1406 1780 1534 1810 quatuor,
1549 1775 1591 1803 vel
1602 1776 1735 1813 quinque,

949 1821 991 1848 vel
1008 1828 1053 1848 sex
1085 1820 1186 1848 solidos
1214 1820 1290 1847 duos.
1306 1820 1337 1847 ln
1354 1824 1469 1854 septem,
1481 1820 1522 1847 vel
1534 1825 1606 1853 octo,
1631 1821 1670 1848 vel
1687 1829 1736 1848 no-

950 1873 1010 1893 vem
1029 1865 1115 1898 libris,
1134 1865 1235 1892 solidos
1252 1869 1316 1892 tres.
1337 1863 1364 1892 ln
1382 1864 1458 1892 libris
1472 1865 1576 1898 decem,
1593 1865 1634 1893 vel
1652 1866 1736 1893 unde-

951 1911 1004 1938 cim
1026 1930 1033 1943 ,
1059 1911 1100 1938 vel
1122 1910 1275 1943 duodecim,
1301 1909 1402 1938 solidos
1431 1914 1556 1944 quatuor.
1582 1909 1610 1937 In
1636 1910 1737 1944 majore

951 1961 1066 1988 smnma,
1092 1960 1302 1989 quantacunque
1332 1955 1413 1982 l'uerit
1439 1963 1525 1990 usque
1547 1956 1580 1982 ad
1607 1961 1736 1983 centenu-

953 2003 1034 2032 rium,
1052 2001 1152 2029 solidos
1166 2002 1295 2035 quinque,
1312 2008 1364 2027 non
1388 2001 1515 2035 amplius.
1532 2001 1620 2036 Atque
1639 2001 1696 2028 ha-c
1711 2002 1736 2028 in

947 2046 1056 2081 iudiciis
1073 2066 1081 2079 ,
1105 2046 1151 2072 ubi
1180 2045 1340 2080 partitiones
1362 2052 1560 2080 saepenumero,
1592 2046 1633 2073 vel
1660 2047 1735 2074 solu-

952 2092 1038 2119 tiones
1070 2095 1231 2126 sequuntur.
1259 2089 1287 2118 In
1315 2091 1413 2124 quibus
1436 2094 1526 2118 autem
1560 2091 1738 2127 particulares

952 2136 1110 2170 divisiones,
1126 2137 1168 2164 vel
1193 2135 1328 2168 mandata,
1354 2135 1396 2162 vel
1413 2135 1576 2170 natationes,
1605 2143 1736 2171 quarum-

117 2182 227 2218 έχεσϐαι
242 2184 288 2210 ἐπὶ
313 2183 345 2219 ιβ’
369 2185 468 2220 λιτρῶν
490 2185 619 2220 ποσότητι
636 2186 683 2212 καὶ
706 2185 833 2212 ἐπέκεινα
849 2186 898 2212 κᾶν

953 2183 1014 2210 dam
1046 2182 1115 2210 forte
1130 2182 1340 2217 depositionum,
1367 2187 1414 2209 aut
1436 2189 1525 2210 causa:
1551 2182 1736 2218 cognitionum

116 2228 187 2264 ὑπὲρ
204 2229 380 2265 κεντηναρίου
399 2228 428 2266 ᾖ,
445 2227 526 2266 ἦττον
542 2230 570 2257 δὲ
593 2230 640 2257 τοῦ
655 2230 820 2266 νομίσματος
835 2232 898 2266 μᾶλ-

953 2234 1108 2261 versantur,
1121 2236 1181 2263 qua:
1203 2235 1292 2256 tamen
1305 2229 1339 2256 ad
1361 2228 1478 2255 minores
1488 2233 1631 2263 spectent;
1654 2228 1680 2256 in
1696 2233 1738 2255 ta—

114 2273 159 2299 λον
173 2274 233 2300 κατ’
249 2273 396 2308 ἀναλογίαν
413 2276 462 2310 τῆς
478 2275 663 2311 ὑποκειμένης
679 2276 836 2310 ποσότητος,
859 2275 897 2308 ὡς

953 2275 1020 2303 libus
1032 2283 1084 2302 non
1114 2274 1229 2310 amplius
1241 2282 1294 2302 uno
1311 2274 1399 2302 solido
1415 2279 1559 2309 praestetur
1571 2275 1598 2302 in
1631 2275 1733 2302 duode-

114 2318 269 2352 λογίζεσθαι
286 2319 458 2356 μιλιαρήσιον
469 2321 512 2354 ἐφ’
529 2321 630 2356 ἑκάστῃ
651 2321 739 2357 λίτρᾳ,
754 2322 801 2348 καὶ
817 2322 847 2348 τὺ
865 2323 897 2349 ἐκ

953 2323 1002 2350 cim
1018 2323 1149 2350 librarum
1174 2329 1297 2354 summa.
1320 2326 1347 2349 et
1359 2321 1440 2354 ultra,
1462 2321 1525 2348 licet
1547 2319 1741 2348 centenarium

114 2366 216 2391 τούτων
232 2367 471 2401 ἀποσυναγόμενον
490 2367 580 2393 ίκανὺν
600 2366 740 2399 εἶναιτοῖς
762 2369 896 2404 νοταρίοις

953 2369 1072 2396 excedat.
1089 2367 1160 2401 Quin
1173 2368 1261 2402 potius
1276 2368 1357 2395 etiam
1375 2367 1466 2394 minus
1489 2366 1577 2394 solido
1588 2372 1637 2400 pro
1650 2365 1736 2392 ratio-

115 2413 161 2438 καὶ
175 2413 228 2443 τοῖς
243 2412 288 2439 τοῦ
305 2413 399 2448 κριτοῦ
414 2413 572 2448 ὑπουργοῖς.

953 2422 984 2441 nc
1001 2422 1113 2441 summa;
1145 2413 1309 2448 propositae;
1338 2413 1408 2439 utin
1427 2412 1493 2439 libra
1509 2411 1628 2446 qualibet
1653 2409 1738 2440 millia

117 2462 315 2490 computentur,
342 2463 368 2485 et
381 2459 451 2493 quod
465 2467 497 2485 ex
514 2459 547 2486 iis
561 2460 705 2495 colligitur,
723 2461 845 2493 notariis,
874 2465 900 2488 ct
918 2460 1118 2495 apparitoribus
1129 2459 1228 2494 iudicis
1240 2458 1366 2485 sulliciat.

153 2504 189 2537 γ’.
203 2504 264 2535 Τοῖς
277 2504 304 2530 δὲ
317 2506 553 2541 προελευσιμαίοις
565 2508 676 2542 ἐφίεμεν
686 2508 753 2543 μετὰ
763 2509 811 2543 τῆς
822 2508 905 2543 ἄλλης

114 2546 148 2584 ἦς
163 2547 345 2575 ἀπολαύουσιν
358 2549 543 2582 ὲξκουσσείας,
557 2552 698 2585 φοσσάτων
710 2561 738 2578 τε
755 2552 802 2579 καὶ
818 2552 897 2578 πολέ-

118 2602 176 2628 μων
190 2593 409 2628 ἀπηλλαγμένοις
425 2594 496 2630 έχειν
512 2596 559 2621 καὶ
572 2596 605 2622 τὰ
620 2597 674 2623 τῶν
689 2597 898 2631 ὲκταγιατικῶν,

117 2641 150 2666 ἵν’
163 2641 194 2666 ἐκ
210 2640 311 2666 τούτων
327 2640 361 2666 τὰ
380 2640 476 2676 διαρκῆ
499 2641 673 2676 ποριζόμενοι
692 2642 729 2677 μὴ
747 2642 899 2677 βαρύνωσιν

116 2687 145 2711 ὲν
158 2686 215 2716 τοῖς
229 2684 380 2719 ἀπλήκτοις
393 2685 456 2717 τοὺς
469 2686 577 2719 εὐαγεῖς
592 2687 692 2718 οἴκους,
709 2687 775 2722 μηδὲ
790 2696 900 2722 προστισ

117 2731 217 2757 θῶνται
239 2730 286 2756 καὶ
307 2727 378 2756 οὗτοι
398 2731 438 2761 εἰς
459 2729 570 2765 μείζονα
593 2732 767 2766 καινοτομίαν
783 2732 836 2758 τῶν
852 2733 901 2766 τὴν

117 2776 252 2811 ὑποδοχὴν
267 2776 451 2810 ποιουμένων,
468 2776 525 2802 ἀλλ’
536 2777 613 2802 αὐτοὶ
631 2777 680 2810 μὲν
695 2776 725 2808 ἐξ
741 2773 777 2803 ὦν
794 2777 902 2812 κερδαί-

119 2830 208 2849 νουσιν
229 2821 360 2848 ὠνοῦνται
381 2821 430 2857 τὴν
450 2821 556 2856 χρείαν,
578 2823 602 2847 οἱ
625 2822 652 2847 δὲ
676 2821 768 2856 κριταὶ
790 2821 904 2855 ἄφθονον

118 2867 204 2903 ἔχοιεν
219 2868 269 2904 τὴν
286 2867 339 2894 τῶν
357 2867 513 2901 ἀναγκαίων
531 2868 662 2902 παροχήν.
680 2866 899 2902 Συμμετρεῖσοαι

993 2507 1020 2534 5.
1039 2506 1206 2533 Oilicialibus
1230 2511 1331 2536 autem,
1348 2506 1394 2539 qui
1405 2504 1543 2539 indicibus
1564 2503 1739 2531 subserviunt

953 2552 981 2578 in
1011 2550 1154 2578 itineribus
1171 2550 1312 2580 farciendis.
1337 2548 1521 2583 permittimus
1535 2555 1596 2574 cum
1612 2546 1664 2574 alia
1685 2547 1738 2573 im-

953 2596 1094 2626 munitate,
1105 2602 1156 2629 qua
1174 2593 1314 2626 fruuntur,
1336 2600 1351 2619 a
1369 2592 1492 2624 lossatis,
1508 2595 1535 2619 et
1546 2590 1640 2618 militia
1654 2597 1738 2619 excu—

954 2642 1016 2674 sati,
1032 2646 1060 2669 et
1085 2641 1229 2672 immunes,
1256 2639 1440 2674 sportularum
1466 2645 1574 2672 quoquo
1595 2636 1737 2664 commoda

953 2687 1101 2722 percipere,
1117 2691 1146 2713 ut
1159 2693 1191 2713 ex
1213 2685 1247 2712 iis
1261 2688 1393 2720 quantum
1411 2683 1480 2710 satis
1496 2687 1538 2710 est
1564 2681 1737 2716 acquirentes

954 2732 1078 2766 hospitiis
1105 2730 1275 2758 venerabiles
1290 2730 1384 2757 domos
1398 2736 1451 2756 non
1473 2732 1595 2762 gravent,
1612 2734 1663 2753 nec
1684 2726 1736 2759 ipsi

955 2784 1061 2812 quoque
1071 2776 1176 2804 cancris
1186 2776 1327 2807 accedant,
1339 2773 1373 2802 Id
1387 2781 1434 2801 eos
1445 2781 1514 2801 novo
1527 2773 1645 2807 quodam
1658 2777 1734 2798 more

962 2822 1046 2855 magis
1067 2820 1359 2854 onerandos,quorum
1382 2823 1424 2847 cst
1446 2818 1562 2854 hospitia
1591 2816 1737 2852 przebcre;

953 2867 1000 2894 sed
1014 2867 1062 2902 ipsi
1077 2866 1183 2902 quidem
1203 2866 1260 2894 suis
1275 2873 1307 2894 ex
1326 2865 1418 2898 lucris,
1429 2870 1490 2900 qua:
1505 2862 1619 2896 faciunt.
1635 2861 1737 2889 victum
