1945 3073
182 155 234 188 591

679 144 915 177 CONSTANTIN
921 144 932 173 l
947 141 1283 173 PORPHYROGENITI

1756 135 1811 168 592

184 215 360 246 rumpat-ent;
393 207 496 242 jmlices
522 209 612 232 autem
641 202 723 230 ubere
751 199 968 227 necessariarum

1032 198 1050 224 ἰὲ
1065 197 1169 226 τούτοις
1185 196 1233 230 τὴν
1249 194 1303 220 τῶν
1318 191 1517 226 ὲκταγιατικῶν
1534 191 1613 226 λῆψιν
1629 191 1658 217 οὐ
1677 191 1743 225 πρὸς
1760 191 1812 226 τὴν

1083 243 1089 246 .
1202 242 1214 246 -
1261 240 1267 246 .
1313 239 1324 246 ρ.
1339 240 1350 246 ..
1394 239 1400 246 .
1558 237 1564 246 ι
1646 237 1658 246 ι.
1687 245 1702 246 α
1789 237 1798 246 ι

183 265 272 285 rerum
293 252 512 290 suppeditatione
543 251 683 277 fruantur.
698 247 831 275 Caeterum
859 251 970 280 percep-

184 303 264 330 tionis
287 302 382 327 modus
411 296 593 332 sportularum
622 298 759 321 statuatur
772 292 824 324 his,
851 299 902 318 non
922 297 971 325 pro

184 346 336 382 quantitate
352 343 528 379 praediorum,
545 340 585 367 vel
605 346 707 370 rerum,
724 345 784 372 qua:
810 336 969 366 redduntur,

174 386 230 419 'aut
243 389 432 419 restituuntur,
449 386 495 415 sed
513 393 561 420 pro
580 384 684 412 ratione
709 382 821 414 laboris,
845 386 872 409 et
897 388 971 408 mora

184 443 239 463 tum
254 434 394 469 temporis,
414 437 468 459 tum
489 430 573 466 ipsius
586 429 701 456 itineris.
713 426 817 461 Quippe
831 425 866 458 si,
894 424 970 451 verbi

183 488 274 512 causa.
291 478 373 508 semel
388 477 486 504 missus
505 476 599 503 decem
613 474 741 502 librarum
756 471 916 499 solutionem
930 469 974 497 vel‘

185 529 211 554 iu
227 526 346 562 praediis,
364 523 407 552 vel
430 522 491 549 aliis
503 520 584 548 rebus
607 523 735 554 procuret
750 526 758 551 ;
771 516 871 545 suilicit
885 515 922 548 ei,
949 515 972 542 si

184 560 300 600 solidum
316 576 399 596 unum
412 566 536 601 accipiat.
553 565 599 592 Sin
615 569 704 591 autem
720 562 810 589 decies
821 560 970 596 profectus.

186 617 285 646 multas
303 613 442 642 molestias
467 611 589 648 pertulit,
608 608 796 642 itincrelongo
827 605 972 638 confecto;

187 668 356 697 nequaquam
383 660 433 687 hoe
448 664 591 685 onerosum
610 660 661 688 est,
674 661 734 682 eum
751 653 777 681 in
791 652 883 687 viginti
901 658 969 686 qna-

188 715 249 735 tuor
278 707 372 736 solidis
412 711 494 732 unnm
527 702 642 731 solidum
677 701 809 735 accipere.
842 698 882 725 Ad
918 699 975 724 hrec

187 758 288 785 autem,
316 759 375 786 qua:
404 751 436 778 de
460 750 511 777 hoc
538 747 642 775 servari
673 747 781 778 debent,
810 743 973 775 deﬁnienda,

189 799 259 827 forte
286 799 366 832 longo
383 802 509 824 sermone
538 801 605 829 opus
618 795 699 820 esset.
713 792 766 818 Sed
780 790 906 825 quoniam
926 788 975 824 ju-

189 845 294 872 dieibns
304 843 367 870 hinc
378 842 483 869 lucrum
496 838 707 866 venireomnino
732 835 897 870 prohibitum
921 837 973 866 cst,

189 889 259 916 bona
285 888 337 914 fide
358 884 554 914 committimus
573 883 649 918 ipsis.
667 885 696 909 ut
716 887 765 915 pro
780 880 858 907 modo
875 878 977 906 laboris

188 940 294 964 eorum,
320 931 367 966 qui
391 930 544 961 mittuntur,
571 925 755 962 sportularum
782 924 976 952 aestimationes

189 977 299 1005 faciant.
317 977 442 1003 Attamen
460 974 483 1003 si
501 981 584 1002 causa
599 972 721 1007 quaedam
735 971 837 1006 gravis,
849 974 876 997 et
902 969 977 996 Iaho-

192 1023 263 1050 riosa
281 1029 342 1050 esse
367 1025 507 1054 comperta
529 1018 621 1050 fuerit,
635 1024 721 1053 usque
743 1016 775 1043 ad
796 1020 851 1043 tres
877 1014 979 1043 solidos

190 1069 217 1096 in
233 1075 286 1096 una
318 1067 386 1095 libra
401 1066 511 1094 nomine
524 1063 709 1100 sportularum
727 1061 798 1096 exigi
811 1068 892 1096 posse
916 1067 978 1087 san-

191 1115 299 1144 cimus;
317 1112 352 1140 ita
388 1116 489 1141 tamen,
508 1114 537 1136 ut
566 1107 748 1142 sportularum
784 1105 921 1141 prrestatio
939 1104 979 1131 vi-

191 1158 258 1193 ginli
283 1161 398 1193 quatuor
421 1155 521 1182 solidos
552 1161 605 1181 non
631 1152 756 1184 excedat,
785 1151 848 1179 licet
874 1150 979 1178 exactio

195 1204 313 1230 maxime
328 1201 462 1230 laboriosa
491 1199 536 1231 sit.
555 1203 581 1226 et
596 1206 655 1233 quae
678 1197 829 1228 solvuntur,
847 1203 979 1224 summam

192 1253 299 1276 centum
315 1247 442 1274 librarum
465 1250 603 1281 superent.
625 1244 652 1271 ln
669 1244 766 1271 minori
791 1250 855 1270 vero
873 1248 978 1269 summa

194 1291 375 1326 permittimus
386 1290 532 1325 iudicibus,
549 1295 577 1316 ut
589 1288 717 1316 salarium
735 1295 796 1315 cum
815 1287 908 1314 labore
921 1290 980 1312 tru-

193 1338 282 1365 tinent
303 1358 310 1370 ,
336 1341 364 1364 et
395 1335 596 1371 apparitoribus
621 1334 719 1361 itinera
748 1332 910 1361 facientibus
937 1330 980 1359 vel

193 1391 287 1415 unum,
317 1382 358 1409 vel
382 1382 461 1414 duos,
474 1380 517 1408 vel
538 1385 592 1407 tres
610 1379 711 1406 solidos
723 1399 730 1411 ,
743 1385 793 1413 pro
820 1376 980 1404 difﬁcultate

191 1436 282 1457 causae
296 1427 458 1456 concedant.
477 1427 563 1462 Atque
578 1425 636 1452 haec
658 1424 685 1451 in
703 1423 748 1456 iis,
766 1423 793 1449 in
810 1422 910 1457 quibus
922 1421 979 1456 ple-

194 1482 231 1501 no
254 1473 353 1501 solutio
368 1473 401 1500 de
424 1471 523 1507 judicis
537 1469 674 1497 sententia
702 1468 836 1502 sequitur.
863 1467 898 1494 At
916 1473 979 1501 pro-

195 1525 254 1554 pter
278 1519 460 1546 immissiones
480 1516 507 1542 in
531 1514 743 1549 posse5sionem,
770 1512 837 1539 nihil
863 1512 890 1539 in
919 1512 980 1538 uni-

1023 243 1161 277 ποσότητα
1180 242 1234 268 τῶν
1256 239 1456 273 ᾁποδιδομένων
1473 237 1623 272 κτημάτων
1644 237 1661 272 ἢ
1683 237 1814 271 πραγμά-

1022 297 1087 321 των,
1109 287 1178 314 ἀλλὰ
1201 287 1268 322 πρὸς
1288 285 1334 311 τὸν
1355 285 1440 311 κόπον
1461 283 1509 309 καὶ
1530 282 1578 317 τὴν
1600 282 1695 317 τριϐὴν
1716 282 1762 308 τοῦ
1784 289 1815 308 τε

1023 333 1119 369 χρόνου
1133 333 1180 359 καὶ
1192 333 1242 366 τῆς
1254 330 1418 365 ὁδοιπορίας.
1435 330 1466 356 E’.
1480 329 1534 364 γὰρ
1549 329 1629 362 λόγου
1643 328 1725 363 χάριν
1739 328 1815 360 ἇπαξ

1024 377 1161 412 πεμφθεὶς
1183 376 1249 403 δέκα
1271 375 1369 410 λιτρῶν
1387 374 1515 401 ἀπόδοσιν
1535 373 1683 408 ἐποιήσατο
1706 373 1816 407 κτημά-

1022 433 1076 450 των
1091 423 1107 454 ἣ
1123 422 1306 458 πραγμάτων,
1319 420 1348 447 ἒν
1360 421 1482 455 νόμισμα
1497 419 1630 454 λήψεσθαι
1646 418 1740 445 τοῦτον
1755 419 1816 445 ἱκα-

1023 469 1067 496 νὸν
1089 469 1220 503 ὑπάρχει.
1241 467 1272 493 Et
1293 467 1321 493 δὲ
1342 466 1455 496 δεκάκις
1479 465 1604 491 ἀπελθὼν
1627 464 1711 491 πο)λά
1735 473 1816 491 συνε-

1023 513 1104 549 τρίϐη
1117 513 1165 548 τῆς
1178 512 1333 548 ὁδοιπορίας
1348 512 1456 546 μακρᾶς
1470 510 1563 544 οῠσης,
1578 510 1670 536 οὐκέτι
1684 510 1817 545 φορτικόν

1023 561 1053 586 τὸ
1073 561 1102 586 ἐν
1121 559 1286 594 νομίσμασιν
1307 557 1393 584 εἴκοσι
1415 556 1460 583 καὶ
1483 557 1630 590 τέσσαρσιν
1648 555 1678 581 ἓν
1695 556 1818 590 νόμισμα

1024 606 1116 633 λαϐεῖν
1138 605 1232 632 αὐτόν.
1248 603 1409 638 Ὀρίσασθαι
1434 603 1483 637 μὲν
1505 601 1552 628 οὖν
1573 602 1607 628 τὰ
1632 601 1696 636 περὶ
1720 601 1817 627 τούτου

1024 649 1122 677 πολλοῦ
1146 650 1179 676 ἂν
1199 649 1242 683 εἴη
1264 648 1357 681 λόγου.
1391 647 1462 673 Ἀλλ’
1475 647 1535 672 ἐπεὶ
1556 646 1642 672 ταῦτα
1663 647 1702 676 εἰς
1723 645 1818 680 κέρδος

1024 697 1078 723 τῶν
1094 695 1196 731 κριτῶν
1213 693 1342 728 ἔρχεσθαι
1357 693 1430 725 ἅπαξ
1445 691 1634 726 ἁπηγορεύθη,
1651 691 1817 724 πιστεύομεν

1025 742 1114 776 ἀγαθῇ
1130 740 1222 776 χάριτι
1235 739 1341 770 τούτοις
1357 737 1508 765 τυποῦσθαι
1523 737 1591 772 πρὸς
1606 735 1750 769 ἀναλογίαν
1765 733 1812 760 τοῦ

1025 785 1112 813 κόπου
1131 784 1186 811 τῶν
1212 782 1448 819 προελευσιμαίων
1468 781 1518 812 τὰς
1537 781 1591 807 τῶν
1616 780 1818 813 ὲκταγιατικῶν

1026 831 1162 866 τιμήσεις.
1185 829 1259 864 Πλὴν
1280 829 1303 855 εἰ
1326 828 1374 863 μὲν
1397 828 1530 862 δυσχερής
1550 835 1593 858 τις
1617 825 1744 856 ὑπόθεσις
1767 825 1816 851 καὶ

992 863 1013 891 Β
1027 863 1160 906 ἐπίκοπος
1175 863 1324 909 ὲποῲθείη,
1341 872 1507 906 θεσπίζομεν
1524 871 1587 906 ἄχρι
1603 871 1658 897 τῶν
1675 871 1760 905 τριῶν
1777 879 1821 896 νο-

1029 919 1175 954 μισμάτων
1193 918 1245 945 ἐπὶ
1259 920 1292 953 τῇ
1312 918 1392 953 λίτρᾳ
1412 917 1605 950 ὲκταγιατικὺν
1623 915 1819 942 ἀπαιτεῖσθαι·

1030 964 1070 1000 μὴ
1097 962 1318 999 ὑπερϐαινούσης
1333 962 1425 997 μέντοι
1437 961 1471 988 τὰ
1486 959 1526 988 κδ’
1537 961 1692 996 νομίσματα
1707 960 1756 993 τῆς
1772 959 1821 986 τοῦ

1029 1009 1221 1043 ἑκταγιατικοῦ
1236 1008 1369 1044 παροχῆς,
1383 1007 1434 1034 κᾶν
1447 1008 1471 1033 εί
1485 1008 1518 1033 τὰ
1536 1006 1652 1042 μάλιστα
1668 1007 1685 1041 ἡ
1702 1007 1821 1042 εἰσπρα-

1031 1057 1071 1090 Εις
1088 1056 1258 1092 πολύμοχθος
1278 1056 1320 1091 εἴη
1339 1056 1386 1082 καὶ
1404 1055 1438 1082 τὰ
1455 1054 1637 1089 ἀποδιδόμενα
1655 1054 1726 1089 ὑπὲρ
1743 1055 1778 1080 τὰ
1798 1057 1820 1088 ρ’

1029 1102 1193 1137 τυγχάνουσι
1210 1102 1314 1136 λίτρας.
1333 1101 1376 1127 Ἐν
1393 1101 1485 1136 ἥττονι
1501 1100 1530 1127 δὲ
1548 1099 1679 1134 ποσότητι
1695 1100 1753 1130 τοῖς
1769 1099 1821 1130 τὰς

1030 1149 1137 1185 κρίσεις
1155 1148 1283 1183 λαχοῦσιν
1299 1147 1411 1183 ἐφίεμεν
1428 1146 1601 1182 σταθμᾶσθαι
1618 1146 1656 1181 τῷ
1678 1145 1754 1180 κόπῳ
1771 1145 1821 1180 τὴν

1030 1193 1123 1229 λῆψιν,
1143 1193 1214 1220 ὥστε
1228 1193 1283 1228 ἣὲν
1301 1193 1319 1229 ἢ
1334 1192 1380 1220 δύο
1397 1193 1414 1228 ἦ
1432 1193 1494 1227 τρία
1511 1191 1667 1227 νομίσματα
1684 1191 1752 1227 πρὸς
1770 1191 1821 1226 τὴν

1029 1241 1080 1274 τῆς
1094 1238 1248 1270 ὑποθέσεως
1261 1238 1419 1274 δυσχέρειαν
1432 1238 1609 1273 προσεφιέναι
1623 1240 1678 1268 τοῖς
1692 1237 1822 1271 προελευι

1031 1284 1162 1319 σιμαίοις.
1182 1284 1236 1311 Καὶ
1257 1284 1359 1318 ταῦτα,
1380 1284 1409 1311 ἐν
1426 1281 1473 1315 οἷς
1495 1285 1512 1319 ή
1533 1284 1660 1315 ἀπόδοσις
1680 1283 1772 1309 τελεία
1793 1282 1823 1314 ἐξ

1030 1331 1195 1364 ἀποφάσεως
1222 1329 1410 1357 ἐπακολουθεῖ.
1428 1329 1489 1356 Ἐπὶ
1513 1330 1568 1364 γὰρ
1592 1330 1652 1360 ταῖς
1675 1328 1723 1354 ἐπὶ
1749 1329 1821 1363 νομῇ

1033 1375 1217 1409 παραδόσεσι,
1238 1375 1319 1410 μηδὲν
1335 1375 1450 1401 καθόλου
1462 1375 1530 1410 ὑπὲρ
1541 1374 1734 1408 ἐκταγιατικοῦ
1749 1381 1823 1408 παρ-

1034 1420 1145 1455 έχεσθαι
1182 1420 1340 1456 κελεύομεν.
1358 1420 1388 1446 Εἰ
1405 1419 1432 1446 δὲ
1450 1420 1523 1451 ἅπαξ
1540 1420 1557 1455 ἧ
1574 1419 1613 1450 δὶς
1631 1419 1646 1445 ὁ
1662 1419 1823 1454 προελευσι-

1033 1466 1112 1500 μαῖος
1135 1466 1175 1496 εἰς
1194 1465 1240 1492 τὸν
1259 1466 1341 1492 τόπον
1363 1465 1486 1499 ἀφίκετο,
1510 1465 1549 1500 μὴ
1569 1464 1650 1491 πλέον
1671 1463 1718 1491 τοῦ
1740 1464 1821 1498 νομὶ-

1033 1519 1144 1546 σματος,
1163 1511 1179 1546 ἢ
1199 1511 1229 1537 τὸ
1247 1511 1315 1537 πολὺ
1335 1511 1382 1538 δύο
1401 1510 1520 1538 δίδοσθαι
1540 1510 1626 1545 αὐτῷ,
1648 1510 1700 1537 κᾶν
1721 1509 1823 1544 πολλῆς

196 1552 302 1591 versum
318 1562 499 1598 sportularum
510 1559 618 1588 nomine
626 1557 748 1594 praestari
756 1556 891 1591 iubemus.
906 1557 978 1590 Quod

1036 1556 1181 1591 ποσότητος
1197 1556 1241 1592 εἴη
1254 1557 1284 1583 τὺ
1297 1556 1497 1591 ἀποδιδόμενον.

198 1609 221 1635 Si
246 1609 343 1641 semel,
364 1612 411 1635 aut
425 1607 466 1634 his
479 1605 604 1634 oilicialis
620 1604 762 1632 itineribus
789 1602 919 1630 faciendis
944 1602 1096 1631 inserviens
1112 1603 1138 1630 iu
1158 1610 1222 1629 eum
1253 1603 1341 1630 locum
1369 1603 1459 1635 iverit,
1485 1610 1537 1630 non
1554 1602 1670 1638 amplius
1693 1608 1746 1630 uno
1776 1608 1822 1629 so-

198 1653 265 1687 lido.
278 1654 318 1680 vel
333 1658 361 1681 ut
384 1652 541 1687 plurimum,
554 1650 660 1678 duobus
673 1654 840 1682 numeretur,
856 1648 919 1676 licet
945 1648 984 1682 id,
1004 1649 1075 1684 quod
1090 1648 1216 1681 solvitur,
1229 1656 1332 1683 magna:
1345 1655 1457 1677 suunnze
1474 1648 1519 1677 sit.

571 1711 621 1739 ιι.

200 1759 327 1795 Ejusdem
339 1759 490 1787 constitutio
502 1758 533 1786 de
556 1757 596 1785 his
647 1757 655 1782 i
669 1757 753 1784 mdes
766 1760 856 1791 sponte
867 1757 990 1783 commil-

236 1800 304 1827 umt,
315 1800 338 1822 ιι
354 1795 389 1821 ad
401 1793 549 1821 Ecclesium
559 1765 732 1827 conﬁgunt,“
743 1796 771 1819 ιιι
787 1799 838 1818 non
846 1791 990 1818 admittan-

236 1836 289 1856 tur.

235 1875 290 1902 Lex
310 1873 392 1902 Mosis
407 1874 415 1889 ¹
437 1872 568 1900 adversus
581 1871 742 1900 homicidam
756 1870 886 1903 decernit,
900 1877 960 1898 eum
972 1877 988 1897 e

201 1919 323 1947 sacrario
336 1917 523 1953 abripiendum
540 1924 610 1944 esse.
625 1915 709 1950 Hujus
721 1915 786 1950 legis
797 1915 918 1950 vestigiis
933 1920 986 1942 tam

200 1965 321 1993 Romana
344 1964 395 1999 (9),
420 1971 501 1999 quam
529 1966 619 1990 nostra
641 1962 685 1989 lex
709 1961 838 1989 insistens
861 1969 988 1997 expresso

201 2011 337 2038 mandat:
360 2014 389 2037 ut
414 2008 554 2041 adulteris,
578 2012 605 2035 et
620 2007 753 2044 virginum
777 2006 940 2042 raptoribus,
960 2011 988 2035 et

200 2055 355 2090 homicidis,
382 2059 410 2082 et
422 2054 536 2087 furibus,
560 2060 613 2089 quo
640 2052 806 2089 confugiant,
827 2051 914 2080 nullus
938 2060 988 2088 pro

199 2101 274 2136 asylo
305 2101 339 2128 sit
359 2099 444 2128 locus.
469 2098 573 2135 Quippe
588 2098 746 2133 templorum
767 2098 899 2126 securitas
918 2097 984 2125 οπο-

198 2148 250 2174 ctis
264 2146 375 2181 injuria,
387 2153 439 2173 non
454 2145 581 2181 injuriam
603 2144 782 2172 inferentibus
804 2148 846 2171 est
869 2144 984 2171 tributa.

1373 1711 1412 1739 8'.

1039 1755 1098 1784 Τοῦ
1120 1757 1214 1785 αὐτοῦ
1242 1757 1406 1791 νομοθεσία
1442 1754 1589 1791 περὶτῶν
1605 1754 1751 1791 ἑκουσίως
1770 1761 1824 1787 φο-

1071 1792 1223 1833 ’ζευόντωιν
1246 1789 1297 1819 κά)
1316 1791 1359 1852 τ’τὲ
1372 1790 1539 1825 Ἑκκλησίᾳ
1561 1789 1824 1823 προσφευτόνταηέ,

1071 1835 1147 1852 ωστε
1158 1827 1269 1852 αὑτοὺρ
1285 1827 1324 1852 ah
1360 1825 1492 1852 ἐγεο-θαι.

1069 1826 1147 1853 ὥστε
1158 1827 1269 1860 αὐτοὺς
1282 1827 1324 1861 μὴ
1341 1825 1492 1860 δέχεσθαι.

1077 1873 1109 1899 Ἦ
1127 1873 1173 1899 τοῦ
1192 1873 1314 1905 Μωσέως
1334 1872 1480 1907 νομοθεσία
1502 1871 1572 1898 κατά
1590 1870 1636 1896 τοῦ
1658 1868 1824 1904 ἀνδροφόνου

1035 1918 1233 1953 ἀποφαίνεται,
1251 1918 1291 1944 ὅτι
1312 1918 1344 1944 ἐκ
1360 1916 1408 1944 τοῦ
1428 1916 1622 1951 θυσιαστηρίου
1640 1915 1713 1951 λήψῃ
1728 1914 1823 1943 αὐτόν,

1035 1964 1128 1999 Τούτῳ
1143 1963 1208 1998 γοῦν
1222 1964 1261 2000 τῷ
1275 1963 1349 1998 νόμῳ
1363 1963 1412 1990 καὶ
1425 1963 1439 1988 ὁ
1453 1961 1605 1996 Ῥωμαϊκὸς
1622 1961 1669 1988 καὶ
1685 1960 1822 1996 ἡμέτερος

1035 2008 1244 2035 κατακολουθῶν
1269 2007 1375 2042 τρανῶς
1402 2007 1593 2042 ὲγκελεύεται·
1630 2007 1748 2041 μοιχοῖς,
1775 2006 1824 2032 καὶ

1036 2053 1179 2089 παρθένων
1192 2053 1308 2088 ἀρπαξι,
1322 2053 1369 2080 καὶ
1383 2052 1565 2088 ἀνδροφόνοις,
1577 2052 1625 2078 καὶ
1640 2051 1729 2086 φωρσὶ
1741 2051 1823 2076 τόπον

1036 2099 1147 2130 ἀσυλίας
1168 2099 1235 2134 πρὸς
1255 2098 1416 2133 καταφυγὴν
1439 2097 1477 2133 μὴ
1499 2095 1586 2124 εἶναι·
1607 2098 1624 2131 ἡ
1645 2097 1699 2132 γὰρ
1719 2096 1750 2122 ὲκ
1768 2095 1824 2122 τῶν

1039 2144 1117 2180 ἱερῶν
1129 2143 1265 2178 ἀσφάλεια
1276 2145 1332 2175 τοῖς
1346 2144 1548 2178 ἀδικουμένοις,
1560 2143 1622 2177 οὐχὶ
1633 2143 1687 2174 rei;
1701 2141 1824 2168 ἀδικοῦσι

199 2190 267 2223 Quia
284 2197 349 2217 vero
362 2189 430 2223 legis
446 2188 526 2223 hujus
538 2193 643 2220 auctor,
667 2188 784 2223 inclytus
797 2187 842 2214 ille
860 2187 978 2222 princeps

1037 2188 1146 2215 δίδοται.
1166 2188 1242 2214 Ἐπεὶ
1257 2188 1284 2214 δὲ
1299 2189 1313 2214 6
1327 2188 1405 2214 τοῦτο
1420 2187 1605 2223 νομοθετήσας
1620 2187 1648 2213 ὲν
1664 2185 1823 2222 βασιλεῦσιν

198 2234 379 2266 Justinianus,
393 2233 439 2268 qui
453 2232 562 2266 Maioris
570 2232 696 2259 Ecclesia:
713 2232 759 2258 Dei
775 2232 903 2266 templum
919 2231 983 2258 illud

199 2279 358 2307 admirabile
375 2277 503 2311 condidit,
523 2278 608 2305 eidem
631 2285 710 2304 sacro
735 2277 796 2304 fano
813 2277 983 2312 privilegium

198 2323 346 2357 concessit,
359 2327 389 2350 ut
399 2323 466 2357 asyli
480 2322 566 2349 locum
583 2322 682 2349 haheat
695 2330 703 2348 :
714 2321 860 2349 verisimile
871 2330 923 2349 non
942 2327 983 2349 est

197 2377 259 2397 eum
270 2369 304 2396 ab
315 2376 344 2396 se
355 2369 462 2396 decreta
474 2368 627 2395 rescindere
638 2367 754 2394 vicissim
766 2367 892 2394 voluisse.
904 2366 984 2394 Post-

197 2422 278 2450 quam
298 2414 371 2442 enim
403 2413 562 2442 sancivissct
581 2416 612 2439 ut
634 2411 763 2439 adulteris
783 2417 810 2440 et
839 2411 983 2440 homicidis

197 2449 225 2488 et
239 2461 373 2497 virginum
385 2449 538 2494 rapttiribus
553 2465 601 2492 pro
612 2457 687 2493 asylo
696 2458 784 2485 nullus
793 2462 865 2485 esset
886 2457 962 2485 locus
976 2477 984 2490 ,

198 2507 264 2534 nihil
283 2507 347 2533 huic
370 2506 513 2532 adversum
530 2503 657 2536 deinceps
677 2502 799 2537 protulit,
821 2511 882 2531 cum
904 2503 983 2536 dixit,

197 2551 350 2586 hujusmodi
373 2556 503 2585 personas
525 2548 551 2576 in
569 2548 679 2576 condito
701 2548 735 2575 ab
756 2556 786 2576 se
797 2548 897 2583 templo
913 2549 983 2584 asyli

196 2596 286 2624 lot-um
307 2596 424 2625 habere:
442 2595 490 2622 sed
503 2593 621 2621 arbitror
631 2593 766 2627 equidem,
778 2593 800 2620 si
813 2594 855 2627 pie
869 2593 940 2628 quis,
955 2598 982 2621 et

194 2640 319 2674 religiose
330 2647 440 2667 causatur
455 2638 619 2674 propositam
637 2637 825 2670 considerans,
843 2637 927 2672 ipsam
940 2637 979 2664 le-

195 2691 254 2718 gem
265 2686 404 2719 scriptam,
428 2688 457 2712 et
472 2683 641 2712 sanctionem
660 2683 693 2711 de
710 2683 776 2718 asyli
792 2683 864 2718 jure,
879 2683 981 2718 disqui-

229 2730 237 2745 ¹
255 2729 364 2758 Denter.
382 2738 439 2761 ιιι.

1037 2234 1157 2269 ἀοίδιμος
1173 2234 1358 2265 Ἰουστινιανὺς
1368 2254 1375 2267 ,
1391 2234 1405 2260 ὁ
1422 2233 1469 2260 καὶ
1483 2233 1528 2260 τὸν
1544 2232 1756 2267 πανθαύμαστον
1771 2231 1824 2266 τῆς

1037 2278 1084 2305 τοῦ
1108 2278 1175 2305 Θεοῦ
1191 2279 1320 2314 Μεγάλης
1343 2279 1508 2314 Ἐκκλησίας
1523 2278 1731 2309 κατασκευάσας
1746 2277 1821 2310 ναὸν,

1036 2324 1134 2351 δέδωκε
1144 2325 1290 2359 προνόμιον
1299 2324 1354 2360 (10)
1366 2325 1439 2359 αὐτῷ
1449 2325 1481 2360 δὴ
1493 2325 1531 2360 τῷ
1545 2324 1609 2359 ἰερῷ
1621 2323 1728 2359 τεμένει
1740 2323 1823 2349 τόπον

1036 2370 1152 2402 ἀσυλίας
1167 2370 1248 2405 ἔχειν,
1265 2371 1295 2397 οὐ
1311 2371 1419 2402 πάντως
1437 2371 1517 2402 αὐτὸς
1532 2370 1566 2397 τὰ
1583 2369 1680 2396 ἑαυτοῦ
1697 2369 1730 2396 δι’
1741 2369 1823 2404 ἀλλή-

1035 2415 1088 2442 λων
1108 2416 1309 2451 ἀνατρέπεσθαι
1329 2416 1531 2451 παρεσχεύασε.
1550 2415 1744 2451 Νομοθετήσας
1766 2415 1823 2449 γὰρ

1036 2461 1210 2496 μοιχοῖςνκαῖ¹
1222 2462 1407 2496 ἀνδροφόνοις,
1416 2462 1463 2489 καὶ
1474 2461 1616 2497 παρθένων
1627 2459 1730 2495 ἃρπαξι
1740 2460 1822 2486 τόπον

1033 2505 1146 2537 ἀσυλίας
1164 2505 1201 2541 μὴ
1217 2503 1302 2540 εἷναι,
1319 2507 1396 2534 οὐδὲν
1411 2507 1532 2534 ἐναντίον
1548 2506 1663 2541 ὕστερον
1679 2505 1731 2540 ἔφη
1741 2524 1748 2537 ,
1765 2506 1822 2536 τοῖς

1031 2552 1162 2583 τοιούτοις
1184 2552 1340 2587 προσώποις
1359 2551 1429 2580 εἶναι
1449 2553 1531 2580 τόπον
1552 2552 1637 2579 εἰπὼν
1657 2551 1770 2583 ἀσυλίας
1791 2552 1821 2577 ἐν

1032 2595 1071 2631 τῷ
1090 2597 1156 2629 παρ’
1171 2597 1254 2623 αὑτοῦ
1275 2598 1526 2625 κατασκευασθέντι
1559 2597 1631 2633 ναῷ·
1652 2596 1710 2623 ἀλλ’
1724 2593 1818 2630 οἶμαι,

1033 2641 1071 2672 ὡς
1088 2642 1168 2674 εἴτις
1185 2642 1237 2669 τῶν
1251 2643 1371 2674 εὐσεϐῶς
1386 2644 1432 2670 καὶ
1449 2643 1579 2678 φιλοθέως
1597 2641 1819 2669 ἐπισκοπούντων

1034 2685 1082 2720 τὴν
1095 2687 1280 2723 προκειμένην
1293 2687 1420 2716 ὑπόθεσιν
1433 2688 1514 2716 αὐτόν
1527 2696 1555 2715 τε
1569 2688 1613 2714 τὸν
1627 2686 1821 2722 γεγραμμένοι

231 2788 268 2818 (9)
281 2787 374 2816 Novel.
391 2789 434 2821 l7,
448 2795 508 2823 cap.
523 2788 552 2823 7,
565 2796 625 2823 qum
636 2793 662 2814 et
679 2788 697 2814 Ι.
710 2787 788 2823 ᾄσει,
808 2787 838 2815 C.
859 2788 890 2814 de
904 2787 993 2815 mand.
1013 2789 1085 2823 prin.

233 2808 382 2856 ὶῖὸῖὀὶῗόἑι
395 2808 514 2850 ἶίυῖυέἳῖιὲ
528 2808 558 2849 ἷιὶ
565 2808 788 2849 ὶὶῐιῖέιῗιῖἧῐῗ
797 2808 894 2857 irim}.
905 2808 958 2849 "is:
