1945 3073
142 160 198 194 593

691 157 875 191 NOVELLE
894 156 1173 188 CONSTITUTION
1176 158 1231 189 ES.

1709 153 1764 186 50$

141 217 226 251 νόμον
242 213 288 242 καὶ
304 213 349 241 τὸν
366 214 503 250 διορισμὸν
519 213 584 250 περὶ
598 215 648 250 τῆς
665 214 794 246 ἀσυλίας,
811 213 941 248 πρόσφοιι

994 210 1104 239 itionem
1115 212 1319 240 convenientem
1337 211 1493 243 instituens.
1503 210 1574 238 inter
1589 218 1619 238 se
1633 211 1763 238 concilia-

142 269 192 296 ρον
211 259 371 294 ποιούμενος
391 259 440 294 τὴν
456 259 583 294 ζήτησιν,
602 259 793 294 συμσιδάσειε,
811 259 860 292 τὴν
880 258 927 292 ἁρ-

143 305 235 340 μόδιον
251 305 284 330 ἂν
299 303 374 339 εὕροι
391 304 459 338 πρὸς
476 305 510 330 τὰ
522 303 714 339 συμπίπτοντα
729 303 784 330 τῶν
800 303 928 338 πραγμάο

140 358 197 376 των
211 349 348 383 ἀπόφασιν
361 357 368 364 ·
386 349 434 375 καὶ
455 350 618 384 συντηρήσει
634 348 684 384 μὲν
697 348 747 384 τὴν
759 348 884 379 ἀσυλίαν,
899 348 927 374 ιν

142 392 189 425 αἶς
209 393 352 421 ὑποθέσεσι
372 393 573 426 κεκινόνισται,
593 393 745 429 παρόψεται
766 394 795 420 δὲ
813 394 928 428 ταύτην,

142 438 207 465 ἔνθα
225 437 262 474 μὴ
278 438 381 465 δίκαιον
396 436 466 466 εἶναι
478 439 559 465 τόπον
573 439 696 471 ἀσυλίας.
709 438 788 466 Ἐπεὶ
803 438 831 465 δὲ
845 439 928 465 πολυ-

143 483 239 518 σχιδὴς
257 484 419 510 καθίσταται
439 492 481 516 τις
500 485 515 510 6
534 484 584 518 τῆς
605 485 761 519 μιαιφονίας
780 484 880 520 τρόπος
901 483 928 520 (ἢ

142 527 199 562 γὰρ
222 527 354 558 ἑκουσίως
379 527 427 554 καὶ
450 528 504 555 ὰπδ
529 529 657 564 προνοίας
681 529 728 556 καὶ
752 529 930 564 παρασκευῆς

144 573 296 608 ἁμαρτάνει
309 581 367 605 τις,
381 573 419 605 ὡς
433 574 447 600 ὁ
461 573 630 609 εὖτρεπίζων
643 574 721 609 ξίφος
737 575 777 606 είς
792 575 822 601 τὸ
835 573 931 609 φονεῦ-

144 626 191 644 σαι
204 618 346 653 ἄνθρωπον
356 627 364 634 ·
389 619 405 654 ἢ
429 619 482 646 ἀπὺ
496 619 593 654 θυμοῦ,
607 619 645 651 ὠς
657 621 686 646 ὲν
698 620 795 655 ἐφόδῳ,
808 621 852 647 ὅτε
867 628 931 646 σκο-

144 664 236 690 πείται
255 663 302 691 καὶ
316 664 347 691 τὺ
363 664 428 700 παρ’
439 664 520 692 αὑτοῦ
539 665 737 701 ἐπιφερόμενον
753 666 834 693 ὅπλον
850 666 897 693 καὶ
914 667 930 702 ή

145 709 319 744 ἐγχείρησις·
346 709 363 745 ἢ
383 710 453 737 κατὰ
466 709 563 745 τύχην,
579 711 617 742 ὼς
634 712 663 737 ὲν
677 711 831 746 κυνηγεσίῳ
850 711 932 746 ῥίψας

147 755 197 789 μδν
212 763 247 781 κα
254 755 283 781 τὰ
296 755 379 791 θηρὸς
392 756 423 782 τὸ
439 756 525 791 βέλος,
540 756 682 793 ἄνθρωπον
694 756 722 784 δὲ
739 758 890 793 ἀναιρήσας
904 757 934 790 ἐξ

145 799 268 832 ἀγνοίας·
284 800 300 836 ἢ
319 801 347 826 ὲν
364 801 438 838 μάχῃ
457 803 524 837 μετὰ
540 803 631 837 χειρὸς
647 803 761 838 πλήξας,
777 803 794 838 ἢ
813 803 866 830 ἀπὺ
883 803 932 838 μέ-

978 259 1065 292 verit,
1081 265 1144 286 eum
1166 259 1327 286 sententiam
1350 258 1383 286 ad
1403 265 1447 286 res
1465 257 1649 285 coincidentes
1673 261 1764 290 aptam

978 304 1162 335 inventurum,
1176 309 1202 332 et
1222 305 1309 339 ipsum
1327 304 1437 339 quidem
1459 303 1526 339 asyli
1545 303 1590 338 ins
1605 303 1632 330 in
1652 302 1685 330 iis
1700 309 1766 329 cau—

979 349 1016 376 sis
1041 357 1102 384 quae
1116 349 1265 376 canonibus
1282 348 1397 376 deﬁnita:
1409 352 1481 380 sunt,
1493 347 1666 375 conservabit
1678 355 1685 373 :
1701 351 1728 373 at
1740 346 1766 373 in

979 394 1040 421 aliis
1052 395 1122 421 idem
1140 394 1266 428 negliget.
1282 393 1326 420 ubi
1340 400 1394 420 non
1408 393 1510 427 justum
1523 399 1571 420 nec
1586 399 1692 426 aquum
1706 392 1765 418 fue-

980 439 1025 470 rit,
1040 438 1106 474 asyli
1125 438 1211 466 locum
1228 438 1351 466 concedi.
1367 437 1400 466 Et
1413 437 1539 474 quoniam
1555 437 1647 465 multis
1664 445 1696 464 ac
1718 444 1766 463 va-

981 484 1028 512 riis
1039 484 1126 512 modis
1143 484 1316 512 homicidium
1327 484 1505 512 committitur
1518 483 1576 519 (aut
1587 483 1658 511 enim
1671 489 1766 518 sponte

980 537 1027 558 sna
1040 530 1186 565 quispiam,
1204 535 1231 558 et
1250 530 1373 558 consulto
1390 531 1506 565 dataque
1519 537 1602 565 opera
1620 530 1768 558 instructus

981 580 1086 610 peccat,
1105 580 1133 602 nt
1158 576 1191 608 is,
1215 576 1262 610 qui
1279 576 1396 611 gladium
1421 575 1534 603 necandi
1551 575 1668 603 hominis
1687 583 1768 602 causa

981 625 1096 656 apparat
1110 629 1118 655 ;
1133 626 1180 648 aut
1196 629 1228 648 ex
1240 621 1390 654 iracundia,
1400 622 1473 649 velut
1484 621 1510 649 in
1524 621 1625 655 impetu
1639 620 1768 655 quodam,

983 666 1028 693 ubi
1041 666 1250 694 considerantur
1261 670 1286 694 et
1299 674 1373 694 arma
1387 674 1446 701 quae
1458 666 1590 702 gestabat,
1605 671 1632 694 et
1647 666 1705 700 ipse
1721 672 1769 693 co-

983 716 1061 739 natus
1076 719 1083 744 ;
1097 715 1143 738 aut
1161 711 1281 745 fortuito,
1304 718 1333 739 ut
1346 712 1372 739 in
1388 717 1495 745 venatu,
1513 712 1535 739 si
1545 712 1626 740 telum
1644 711 1670 738 in
1686 710 1770 738 feram

983 756 1140 792 conjcceril,
1154 757 1324 785 etitominem
1343 757 1499 792 ignoranter
1516 756 1647 785 occiderit
1662 764 1669 789 ;
1687 761 1732 782 aut
1744 755 1770 782 in

984 803 1054 835 rixa,
1064 803 1086 830 si
1099 811 1179 830 manu
1192 804 1367 838 percusserit,
1374 803 1415 831 vel
1427 811 1458 832 ex
1469 803 1624 832 temulentis
1632 809 1713 838 quem
1723 809 1772 828 ne-

147 845 196 879 οης
213 845 272 871 τινὰ
289 846 432 880 φονεύσας,
450 847 525 878 ὅστις
542 847 590 874 καὶ
606 847 653 874 ἐπὶ
670 848 830 875 πενταετίαν
845 848 931 884 ἐξορί-

994 849 1101 882 :averit,
1111 848 1157 884 qui
1169 849 1278 884 quidem
1288 849 1320 876 ad
1335 848 1549 884 quinquennium
1562 847 1717 882 relegatur),
1731 853 1774 874 se-

147 893 247 929 ζεται),
265 894 334 929 πρὸς
352 894 401 926 τὰς
421 894 545 926 τοιαύτας
564 894 710 930 διαιρέσεις
727 894 776 921 καὶ
794 894 844 926 τὰς
863 895 934 922 κατὰ

149 939 232 974 μέρος
253 940 343 972 αίτίας
362 940 461 976 ἔχομεν
479 940 572 975 σαφῶς
592 940 641 966 καὶ
660 940 730 967 κατὰ
747 940 777 967 τὸ
797 941 936 975 προσῆκον

149 984 198 1011 καὶ
217 985 266 1019 τὴν
288 986 321 1012 ὲκ
341 985 387 1012 τοῦ
407 985 490 1020 νόμου
511 985 659 1020 ἀπόφασιν.
680 985 735 1011 Καὶ
756 985 770 1011 6
793 985 842 1019 μὲν
863 984 935 1011 κατὰ

149 1028 260 1062 ἄγνοιαν
269 1029 388 1064 φονεύων
394 1029 457 1056 οὔτε
465 1030 510 1056 τὸν
518 1029 586 1057 κατὰ
593 1029 646 1056 τῶν
653 1029 824 1065 ἀνδροφόνων
832 1029 934 1056 δέδοικε

149 1076 233 1110 νόμον
247 1076 308 1102 οὔτε
326 1076 440 1108 ἀσυλίας
456 1075 551 1112 χρῇζει
573 1084 580 1091 ·
594 1075 689 1111 ὥσπερ
706 1077 753 1103 καὶ
767 1076 782 1103 6
799 1077 851 1104 ἀπο
867 1085 935 1112 τρυ-

152 1122 205 1157 φῆς
219 1121 332 1154 ἀνελὼν,
345 1123 391 1149 καὶ
403 1123 416 1149 6
431 1122 468 1157 μὴ
482 1121 606 1157 ἐσχηκὼς
621 1121 734 1157 γνώμην
746 1122 792 1149 τοῦ
807 1122 936 1157 φονεῦσαι

152 1168 200 1194 ἐὰν
215 1168 343 1203 φονεύσῃ.
361 1167 442 1195 ams
457 1167 544 1194 ταῦτα
563 1168 611 1202 μὲν
627 1169 656 1194 ἐν
670 1167 774 1200 τούτοις
793 1168 936 1203 περιίστα-

153 1220 217 1240 ται·
242 1213 329 1240 ἐκεῖνο
350 1212 378 1239 δέ
410 1213 468 1239 ὲστ.
489 1211 520 1238 τὸ
542 1210 759 1246 πολυθρὺλλητον
778 1210 887 1246 ζήτημα
907 1211 938 1238 τὺ

154 1259 218 1293 περὶ
236 1257 282 1284 τοῦ
302 1258 426 1285 ἑκουσίου
448 1257 493 1284 καὶ
511 1257 544 1284 ἐκ
563 1256 749 1292 προαιρέσεως
768 1257 816 1282 καὶ
836 1256 937 1291 προοέ-

155 1311 223 1333 σεως
243 1303 335 1336 φόνου.
352 1301 452 1329 Τοῦτον
469 1301 523 1336 γὰρ
539 1301 585 1327 τὸν
602 1299 726 1327 ἑκούσιον
742 1301 823 1334 φόνον
839 1300 902 1327 οὔτε
920 1301 936 1336 ἡ

154 1348 276 1379 Μωσέως
305 1347 451 1382 νομοθεσία
483 1346 684 1382 συγχωρεῖσθαι
715 1345 789 1378 ἀξιοῖ
829 1346 890 1373 οὔτε
921 1348 937 1382 ἡ

160 1394 301 1429 Ῥιιιμαῖχὴ
316 1394 332 1430 ἡ
348 1394 422 1428 παρὰ
436 1393 490 1420 τῶν
506 1393 590 1428 ἁγίων
603 1392 732 1427 Πατίρων
747 1393 937 1428 ἀποδεχθεῖσα,

154 1438 216 1465 οὔτε
230 1447 272 1470 τις
287 1439 400 1474 εὐσεϐὴς
415 1438 544 1473 λογισμὸς
560 1439 684 1473 ἀνέχεται
698 1438 744 1466 τὸν
758 1439 829 1465 κατὰ
842 1439 938 1466 τοσοῦ-

155 1493 200 1511 τον
216 1484 393 1519 ἀδικήσαντα,
410 1484 454 1511 ἵνα
467 1485 514 1511 καὶ
528 1483 602 1518 ξίφος
616 1483 764 1520 εὖτρεπίσῃ
779 1484 826 1511 καὶ
841 1484 938 1520 διαμε-

989 894 1105 923 cundum
1117 893 1271 930 huiusmodi
1284 894 1441 927 divisiones,
1452 898 1479 921 ct
1489 893 1624 929 expositas
1634 891 1774 928 particular

990 940 1037 967 tim
1053 946 1162 972 causas,
1181 939 1263 966 etiam
1278 938 1422 966 manifesto
1445 937 1577 973 planeque
1603 936 1773 965 convenienti

989 984 1105 1016 ratione,
1121 983 1188 1019 legis
1215 984 1380 1012 sententiam
1404 984 1544 1012 habemus.
1560 982 1594 1010 Et
1611 982 1635 1010 is
1654 981 1773 1018 quidem,

988 1030 1036 1066 qui
1054 1031 1154 1058 caedem
1175 1031 1336 1066 ignorantcr
1349 1030 1485 1063 admittit;
1507 1035 1558 1056 nec
1577 1028 1659 1056 latam
1680 1027 1707 1054 in
1726 1026 1774 1054 bo-

989 1075 1102 1104 micidas
1117 1075 1202 1111 legem
1217 1075 1323 1108 metuit,
1345 1082 1394 1102 nec
1413 1075 1488 1110 asylo
1503 1074 1605 1109 indiget
1622 1083 1630 1102 :
1645 1073 1775 1108 quemad-

990 1122 1098 1149 modum
1111 1126 1137 1149 ct
1155 1121 1188 1153 is,
1203 1121 1249 1156 qui
1263 1128 1310 1156 per
1326 1121 1418 1148 ludum
1436 1119 1569 1155 acjocum
1582 1118 1732 1151 necaverit,
1749 1122 1777 1144 et

989 1167 1035 1203 qui
1055 1167 1174 1194 animum
1188 1167 1332 1199 occidendi
1354 1174 1408 1194 non
1426 1166 1530 1198 habuit,
1547 1165 1569 1192 si
1585 1164 1725 1193 occiderit.
1744 1163 1776 1191 Et

992 1214 1049 1241 haec
1061 1213 1170 1248 quidem
1194 1213 1220 1240 itt
1239 1213 1280 1240 his
1299 1213 1462 1240 consistunt.
1476 1212 1522 1239 illa
1537 1219 1601 1239 vero
1619 1210 1776 1246 pervulgata

991 1258 1103 1293 quaestio
1113 1262 1166 1291 est,
1179 1257 1213 1285 de
1228 1257 1383 1290 hotiiicidio,
1402 1257 1474 1293 quod
1490 1261 1586 1290 sponte
1598 1255 1778 1284 committitur

992 1307 1018 1332 ct
1029 1311 1062 1331 ex
1075 1303 1158 1330 animi
1173 1303 1306 1330 arbitratu
1325 1307 1404 1337 atquc
1424 1301 1572 1337 proposito.
1588 1301 1656 1328 Nam
1677 1300 1777 1328 caedem

993 1350 1065 1378 illam
1077 1353 1253 1384 spontaneum
1270 1355 1319 1376 nec
1335 1347 1450 1376 MOSaica
1466 1347 1509 1375 lex
1520 1346 1633 1374 concedi
1647 1345 1714 1379 vult,
1728 1353 1779 1372 nec

992 1395 1124 1428 Romana,
1138 1394 1239 1422 sanctis
1253 1402 1267 1420 a
1280 1393 1403 1421 Patribus
1417 1392 1581 1427 approbata;
1594 1391 1654 1425 pius
1664 1390 1781 1424 denique

992 1439 1064 1467 ferre
1083 1438 1176 1472 neqttit
1192 1438 1311 1468 animus,
1338 1443 1367 1465 ut
1387 1437 1433 1472 qtti
1459 1441 1512 1464 tam
1534 1435 1650 1469 inlustus
1673 1434 1734 1465 fuit.
1752 1437 1782 1460 ut

992 1484 1074 1512 etiam
1095 1483 1212 1519 gladium
1228 1486 1403 1519 praepararet,
1426 1489 1457 1509 ac
1475 1480 1591 1516 proximi
1610 1480 1652 1508 sui
1665 1483 1780 1506 mortem

155 1529 256 1565 λετήσῃ
272 1530 316 1556 τὸν
331 1529 379 1556 τοῦ
397 1529 510 1565 πλησίον
527 1529 642 1556 θάνατον
656 1529 705 1556 καὶ
718 1529 812 1557 τοῦτον
826 1530 941 1568 τελέσῃ,

995 1530 1182 1563 meditaretur,
1192 1537 1306 1564 eamque
1327 1528 1478 1564 perliceret,
1494 1526 1595 1554 auxilio
1608 1530 1636 1554 et
1648 1532 1699 1561 ope
1715 1530 1782 1552 tem-

156 1574 310 1610 χρήσασθαι
325 1576 358 1610 τῇ
375 1575 406 1600 ix
420 1574 466 1600 τοῦ
483 1574 556 1610 ίεροῦ
573 1573 692 1609 βοηθείᾳ.
706 1574 763 1601 οὐκ
777 1574 836 1602 ἔστι
851 1576 941 1609 τοῦτο,

158 1621 208 1648 οὐκ
223 1620 281 1647 εστι
297 1620 352 1647 τῶν
365 1620 483 1652 εὐσεϐῶς
497 1620 694 1656 διανοουμένων
708 1628 715 1635 ·
734 1621 802 1648 ἀλλὰ
815 1621 943 1654 δυνατὸν,

157 1665 195 1698 ὡς
207 1665 324 1702 εἴρηται,
337 1667 383 1692 καὶ
394 1667 457 1698 τοὺς
469 1665 567 1701 νόμους
577 1665 730 1702 τηρηθῆναι
742 1667 789 1693 καὶ
803 1667 944 1703 φυλαχθῆ-

159 1720 204 1739 νιι
218 1711 249 1738 τὸ
261 1711 481 1747 τῆςἘχκλησίας
490 1712 647 1747 προνόμιον.
667 1711 763 1739 Ἦνίκα
780 1712 834 1748 γὰρ
848 1713 882 1740 ἂν
896 1713 944 1740 ἄν·

159 1757 269 1792 θρωπος
288 1758 320 1784 ὲκ
340 1757 387 1792 τῆς
405 1757 482 1790 θείας
496 1757 629 1793 Προνοίας
650 1758 876 1792 ἐγκαταλειφθεὶς
899 1759 947 1785 ἀν-

160 1803 271 1838 θρώπου
285 1803 473 1839 διαμελετήσει
490 1803 603 1830 θάνατον
619 1803 665 1830 καὶ
678 1803 771 1830 τοῦτον
785 1804 946 1839 ἁπαρτίσει,

160 1849 209 1875 καὶ
231 1849 337 1883 ἀφανὴς
361 1849 409 1876 καὶ
432 1848 596 1883 ἀνέγκλητος
620 1849 732 1884 γένηται
754 1849 768 1875 6
789 1849 947 1885 παράὑτοῦ

162 1894 353 1930 χαταρτισθεὶς
366 1894 461 1929 φόνος,
477 1894 516 1926 είς
532 1893 627 1920 ἑαυτὸν
641 1893 669 1920 δὲ
683 1894 828 1929 γενόμενος
843 1895 947 1930 μετρή-

163 1948 205 1966 σει
219 1939 249 1966 τὸ
267 1940 380 1975 μέγεθος
396 1939 443 1967 τοῦ
459 1939 638 1976 τολμηθέντος
654 1939 800 1975 πτώματος
816 1941 863 1967 καὶ
879 1941 949 1976 πρὸς

163 1985 341 2021 ὲξαγόρευσιν
354 1987 471 2022 ὁρμήσει
481 2005 488 2018 ,
503 1986 640 2020 λογίζεται
654 1986 741 2021 δήπου
751 2005 758 2018 ,
774 1986 844 2021 ποίῳ
856 1987 949 2023 τρόπῳ

163 2033 266 2068 ταύτην
282 2033 409 2067 ἀσφαλῶς
429 2032 576 2067 ποιήσηται
587 2040 595 2048 ·
622 2033 669 2059 καὶ
685 2031 858 2066 λογιζόμενος
877 2033 950 2068 εὑρί-

165 2086 225 2105 σκει
240 2078 365 2110 πάντως,
381 2079 421 2105 ὅτι
435 2077 483 2105 τοῦ
498 2078 684 2114 ἐρευνωμένου
699 2077 820 2113 ἀφανοῦς
833 2077 950 2105 θανάτου

165 2126 230 2159 παρ’
242 2125 325 2152 αὑτοῦ
343 2124 574 2160 ἐξαγγελλομένου
592 2125 732 2159 φωρᾶται,
749 2124 796 2150 καὶ
813 2124 951 2159 φωραθεὶς

165 2171 203 2202 ὡς
219 2170 381 2206 ἀνδροφόνος
397 2170 429 2197 ὲκ
443 2169 490 2197 τοῦ
505 2170 587 2204 νόμου
605 2171 652 2197 καὶ
667 2168 713 2196 τοῦ
731 2169 887 2204 προσφόρου
902 2169 952 2205 ἄρ-

165 2204 289 2251 χοντοςῆ
305 2215 520 2250 συλλαμϐάνεται
535 2214 552 2250 ἢ
568 2214 626 2248 ...(1
636 2214 671 2249 l).
681 2214 736 2241 Καὶ
751 2213 797 2240 διὰ.
811 2213 897 2241 ταῦτα
911 2204 951 2247 είς
967 2204 990 2232 θ

164 2262 195 2288 τὸ
213 2262 286 2297 ἱερόν
303 2261 492 2296 εἰσερχόμενος
512 2261 559 2288 καὶ
577 2260 615 2296 τῷ
634 2261 702 2296 ἱερεῖ
721 2260 951 2296 προσερχόμενος,

165 2307 210 2334 καὶ
222 2307 391 2341 πανταχόθεν
405 2306 475 2341 ἔχων
487 2306 519 2333 τὸ
532 2306 652 2341 ἀσφαλὲς
664 2307 780 2333 ποιεῖται
796 2305 844 2342 τὴν
859 2306 954 2340 ἐξαγό-

165 2362 269 2389 ρευσιν,
288 2353 371 2389 τυχὸν
388 2353 437 2388 οἴῳ
457 2352 551 2389 τρόπῳ
573 2353 620 2379 καὶ
641 2352 686 2387 οἷα
709 2353 817 2388 μηχανῇ
838 2351 888 2387 τὴν
905 2351 952 2379 τοῦ

166 2399 341 2433 φονευθέντος
364 2398 528 2433 κατήρτισεν
552 2398 739 2433 ἀγνοουμένην
762 2397 881 2433 σφαγὴν,
906 2397 954 2424 καὶ

167 2444 339 2479 δπιτυγχάνει
354 2444 405 2479 τῆς
421 2444 554 2478 ἀφέσεως.
571 2443 645 2480 Αὕτη
663 2444 718 2479 γὰρ
734 2444 781 2470 καὶ
795 2443 870 2470 ἐστιν
884 2443 953 2479 ἀλη-

169 2489 222 2520 θῶς
242 2488 290 2515 καὶ
307 2488 415 2522 λέγεται
433 2489 636 2523 ἐξομολόγησις,
654 2489 671 2524 ἡ
691 2488 739 2516 τοῦ
759 2487 951 2524 κεκρυμμένου

170 2532 393 2569 παραπτώματος
410 2533 569 2569 αὐθαίρετος
585 2534 712 2569 δήλωσις.
732 2533 764 2560 Ἦ
781 2533 809 2559 δὲ
825 2533 890 2568 περὶ
904 2532 953 2567 τῆς

170 2579 289 2615 φανερᾶς
304 2579 351 2606 καί
366 2579 498 2615 προδήλου
513 2579 638 2614 πράξεως
653 2579 700 2606 καὶ
715 2579 871 2614 μιαιφονίας
886 2586 954 2613 συγ-

171 2625 318 2657 κατάθεσις
336 2625 394 2656 πῶς
411 2625 458 2651 καὶ
474 2624 636 2660 λεχθήσεται
652 2625 721 2656 ὅλως
739 2624 953 2659 ὲξομολόγησιςς

178 2669 225 2696 Ἐκ
241 2668 288 2695 τοῦ
306 2669 428 2696 τοιούτου
444 2666 492 2696 οὖν
510 2669 656 2703 συνάγεται
674 2669 721 2695 καὶ
737 2670 858 2704 τηρεῖται
877 2669 925 2696 καὶ
940 2669 957 2704 ἡ

171 2715 218 2742 τοῦ
231 2715 314 2749 νόμου
326 2715 463 2749 ἀπόφασις
479 2715 526 2742 καὶ
540 2715 557 2748 ἡ
572 2713 618 2741 τοῦ
634 2713 707 2750 ίεροῦ
722 2713 867 2748 ἀσφάλεια.
883 2714 914 2741 Ei
929 2714 958 2742 δὲ

169 2761 240 2796 ἀὕτη
257 2761 319 2797 Ιμὴ]
346 2761 404 2797 (l2)
431 2761 502 2789 οὕτω
530 2761 690 2796 διορισθείη,
707 2760 824 2796 μάχεται
851 2759 959 2792 πάντως

209 2808 232 2839 (Ι
242 2808 265 2842 Ι)
279 2808 382 2836 Desunt
392 2808 532 2835 nonnulla.

995 1576 1031 1612 pii
1053 1575 1170 1604 fruatur.
1191 1575 1248 1603 Non
1270 1579 1310 1603 est
1328 1575 1388 1607 hoc,
1417 1581 1469 1601 non
1493 1577 1535 1600 est
1556 1571 1708 1599 animorum
1739 1569 1783 1604 pie

995 1622 1190 1658 cogitantium:
1209 1620 1256 1650 sed
1273 1620 1328 1648 ileri
1344 1625 1442 1655 potest,
1459 1626 1507 1647 ceu
1528 1618 1628 1645 dictum
1643 1619 1695 1649 est,
1712 1619 1741 1643 ut
1753 1619 1781 1642 et

995 1667 1067 1704 leges
1081 1667 1270 1699 observentur.
1293 1671 1320 1694 et
1338 1665 1506 1701 privilegium
1525 1664 1652 1692 Ecclesiae
1676 1662 1780 1690 salvum

996 1715 1041 1742 sit.
1052 1713 1155 1747 Quippe
1169 1719 1231 1740 cum
1242 1712 1324 1739 homo
1339 1712 1461 1738 desertus
1474 1718 1488 1737 a
1499 1709 1588 1736 divina
1599 1706 1783 1738 Providentia,

998 1760 1098 1787 caedem
1113 1758 1231 1786 hominis
1245 1757 1337 1785 animo
1351 1755 1516 1790 conceperit,
1532 1761 1646 1788 eamque
1663 1753 1784 1788 perfece-

999 1803 1044 1834 rit,
1059 1807 1140 1838 atque
1154 1802 1197 1829 illa
1207 1801 1295 1830 caedes
1308 1800 1342 1828 ab
1352 1807 1385 1828 eo
1395 1799 1550 1830 commissa,
1563 1796 1742 1833 cognitionem
1758 1801 1785 1822 ct

1000 1849 1201 1877 accusationem
1219 1847 1359 1874 hominum
1378 1844 1513 1880 emtgerit,
1531 1843 1589 1878 ipse
1611 1849 1677 1869 vero
1689 1841 1786 1868 ductus

999 1894 1070 1921 intra
1090 1901 1130 1926 se,
1156 1893 1247 1927 lapsus
1267 1892 1310 1919 sui
1334 1890 1546 1926 magnitudinem
1563 1887 1743 1924 perpenderit,
1760 1891 1785 1912 et

999 1940 1032 1967 ad
1045 1938 1243 1966 confessionem
1266 1937 1324 1972 ejus
1344 1944 1404 1964 sese
1421 1934 1566 1963 contulerit
1582 1943 1589 1961 :
1610 1939 1676 1960 sane
1695 1939 1786 1960 secum

1001 1985 1059 2021 ipse
1066 1985 1178 2020 cogitat,
1189 1990 1307 2018 quonam
1315 1981 1484 2016 paclopossit
1497 1987 1557 2007 eam
1570 1984 1628 2006 tuto
1636 1977 1788 2009 instituere,

1001 2032 1082 2066 idque
1107 2029 1243 2065 cogitans,
1265 2027 1377 2056 omnino
1413 2026 1533 2053 futurtun
1554 2023 1690 2059 intelligit,
1713 2028 1742 2051 ut
1765 2024 1787 2050 si

1000 2076 1102 2105 caedem
1119 2074 1293 2110 incognitam,
1311 2079 1372 2107 qua:
1390 2070 1578 2105 investigatur,
1595 2069 1726 2102 enuntiet,
1742 2068 1790 2096 dc-

1003 2121 1185 2158 prehendatur
1199 2129 1206 2147 :
1218 2127 1250 2147 ac
1265 2118 1460 2153 deprehensus,
1482 2116 1555 2143 velut
1566 2115 1700 2143 homicida
1723 2114 1788 2149 legis

1003 2167 1178 2199 auctoritate,
1195 2165 1422 2199 magistratusque
1450 2161 1639 2197 competentia,
1652 2164 1698 2188 aut
1712 2167 1787 2187 com-

1003 2211 1195 2247 prehendatur,
1216 2215 1263 2237 aut
1281 2216 1340 2236 eam
1364 2208 1449 2243 ipsam
1472 2207 1508 2236 ob
1530 2213 1638 2234 causam
1663 2205 1789 2241 templum

1005 2255 1168 2292 ingrediens,
1191 2260 1219 2283 et
1232 2255 1265 2282 ad
1281 2254 1452 2282 sacerdotem
1481 2251 1624 2285 accedens,
1642 2256 1722 2286 atque
1740 2258 1791 2278 un-

1003 2303 1144 2336 decunque
1167 2300 1306 2329 securitati
1328 2306 1384 2328 sua
1415 2299 1569 2332 consulens,
1593 2297 1790 2325 confessionem

1005 2347 1149 2380 instituat;
1173 2346 1246 2374 verbi
1263 2346 1359 2382 gratia,
1379 2352 1434 2380 quo
1450 2349 1538 2380 pacto,
1558 2347 1587 2370 et
1600 2349 1719 2378 quanam
1733 2345 1791 2368 arte

1004 2393 1124 2429 ignotam
1137 2391 1220 2420 occisi
1234 2391 1336 2419 eadem
1349 2389 1536 2422 commiserit,
1547 2395 1580 2416 ac
1593 2387 1699 2414 veniam
1713 2386 1794 2420 impe-

1006 2443 1068 2467 tret.
1078 2439 1140 2466 ﬂare
1149 2438 1220 2466 enim
1229 2442 1256 2466 et
1266 2441 1309 2465 est
1322 2440 1462 2471 reapsc,et
1475 2434 1576 2462 dicitur
1592 2431 1794 2463 cnnfessio.de—

1008 2485 1063 2512 licti
1075 2485 1179 2512 scilicet
1191 2483 1290 2511 occulti
1308 2487 1457 2517 spontauea
1468 2479 1630 2508 enuntiatio.
1644 2478 1716 2506 Certi
1729 2484 1793 2504 vero

1008 2530 1198 2564 manifestique
1207 2528 1282 2559 iacti,
1297 2532 1324 2555 et
1333 2527 1415 2557 caedis
1425 2525 1569 2560 depositio,
1584 2530 1701 2558 quonam
1714 2521 1794 2558 plane

1009 2580 1087 2611 pacto
1102 2574 1237 2603 confessio
1249 2571 1468 2608 nuncupabitur?
1480 2570 1519 2598 Ex
1533 2570 1584 2598 hoc
1595 2576 1659 2604 ergo
1669 2573 1722 2595 tam
1737 2567 1794 2595 col-

1009 2621 1111 2657 ligitur,
1118 2628 1198 2656 quam
1207 2618 1432 2650 eoneorvaturdttt
1439 2614 1657 2652 iegissententis,
1663 2613 1703 2642 sic
1711 2612 1792 2640 etiam

1011 2667 1103 2702 templi
1123 2666 1267 2694 securitas.
1285 2664 1351 2698 Quae
1372 2663 1482 2698 quidem
1501 2661 1524 2689 si
1541 2660 1652 2688 deﬁnita
1670 2660 1697 2686 in
1723 2658 1794 2685 hunc

1013 2712 1123 2740 modum
1144 2719 1197 2739 non
1214 2711 1306 2742 fuerit,
1327 2709 1440 2737 omnino
1455 2714 1546 2735 secum
1561 2705 1619 2740 ipse
1634 2706 1735 2739 pugnat
1747 2702 1792 2736 qui

1012 2758 1084 2794 leges
1098 2756 1235 2791 congessit
1245 2759 1327 2791 atque
1343 2753 1521 2790 promulgavit
1531 2750 1700 2780 Iustiniano:
1713 2754 1791 2776 tcum

208 2835 266 2880 (12)
280 2835 394 2880 Negatio
416 2843 585 2872 desideratur
599 2842 627 2872 in
642 2843 762 2872 editione
776 2841 932 2871 Leunclavii
948 2850 954 2869 :
976 2843 1050 2869 rcctc
1065 2846 1125 2866 eam
1139 2836 1242 2865 addidit
1259 2835 1372 2864 Rbaliis.
