1945 3073
139 141 194 174 599

601 175 605 181 ‘
637 138 890 169 CONSTANTlNl
904 137 1241 168 PORPHYROGENITI

1710 135 1768 166 600

135 199 236 225 tatibus
249 195 429 230 obsequiosus
449 195 510 228 fuit,
527 195 568 223 his
584 202 690 228 nempe,
718 196 740 222 si
769 197 829 229 qttls
859 196 928 222 inte-

995 205 1008 220 ν
1020 194 1148 229 ἐσχάταις
1159 191 1194 228 ἦν
1208 192 1372 228 ὑπηρεσίαις
1383 191 1552 227 ἐναρίθμιος,
1565 193 1606 219 om
1617 191 1650 228 δὴ
1660 192 1766 223 τούτοις

134 248 223 270 status
246 245 369 268 mortuus
385 240 477 273 luerit,
507 241 638 268 bonorum
657 241 843 268 haereditatem
865 245 925 267 tan-

135 295 214 322 quam
238 287 352 314 mullum
383 287 417 315 de
445 287 491 315 illo
506 287 574 314 bene
599 287 704 314 meritis
732 286 924 318 attribuerim,

140 332 194 358 Deo
207 336 298 358 autem
318 331 441 360 omnium
463 331 585 358 Creatori
605 335 633 358 et
659 331 725 366 regi,
741 338 820 365 aquo
839 331 926 358 oritur

136 376 266 410 quidquid
283 376 376 410 optitni
390 376 461 404 inter
475 377 598 403 homines
612 376 727 410 est,,qui
745 377 824 404 nobis
835 377 927 403 omnia

136 420 252 454 largitus
265 425 318 452 est,
335 421 371 448 ita
389 426 428 454 ut,
445 421 518 456 quod
541 421 653 448 omnino
672 425 789 448 mentem
805 426 925 456 superat,

136 466 291 494 cohteredes
304 466 417 497 Christi.
431 472 458 494 et
477 467 562 501 ipsius
586 467 708 494 htrredes
727 474 776 501 per
790 466 927 494 Christum

137 519 187 538 nos
213 511 370 544 instituerit,
403 519 437 539 ne
454 512 592 539 minimam
607 512 717 546 quidem
737 516 840 547 partem
864 519 929 539 eon-

139 556 258 589 tulerint,
277 561 404 592 tauqttam
424 558 595 585 exh-.eredem
615 558 689 584 illutn
703 565 752 592 per
765 558 928 584 oblivionem

140 605 307 629 atuoventes.
336 602 388 630 Sed
410 602 535 629 homines
561 602 682 637 quidem,
710 602 732 629 si
758 607 866 636 oportet
882 609 930 629 eos

141 647 186 681 qtti
199 654 277 674 suum
298 647 442 675 Factorem
461 655 514 675 non
529 653 688 676 reverentur
701 647 736 674 ita
763 655 872 679 vocare,
897 647 929 674 de

142 693 184 720 his
198 693 261 720 talia
272 693 425 721 decrevisse
435 694 458 721 si
468 694 580 722 stultum
594 699 621 722 et
632 694 762 728 insipiens
774 698 827 726 est,
836 701 929 720 verum

142 748 196 767 non
216 746 376 768 extraneum
390 746 418 767 et
433 739 600 774 ittopinalutn
618 740 668 766 erit
688 739 771 766 semel
797 739 830 765 ab
843 738 930 766 ollieio

143 786 301 813 aberrantes
315 787 349 812 ad
373 789 582 820 cunscquentem
605 784 738 818 principio
754 785 856 811 exitum
870 791 931 817 pro-

143 837 249 864 perare.
269 830 396 858 llomiucs
414 834 515 860 autem,
540 830 638 864 quibus
664 829 689 855 itt
705 829 783 856 ccelis
809 833 850 856 est
866 836 931 855 con-

144 876 259 903 versatio
284 875 324 911 (ut
347 875 413 902 dicit
427 875 535 902 divinus
551 874 722 909 Apostolus,)
736 879 762 901 et
789 874 932 901 [hereditas

144 921 286 956 pollicetur
302 921 432 948 cmlorum
460 927 585 956 regnum,
608 919 709 947 Christi
729 920 822 952 amici,
839 924 866 946 et
880 919 934 946 rra-

143 971 209 1000 trcs,
238 971 265 994 et
291 969 317 1001 (o
347 966 455 994 Domini
483 965 660 1001 benignitatis
690 964 932 999 immensitatemi)

144 1012 301 1040 colueredes
313 1013 359 1047 qui
376 1013 431 1040 sint
445 1016 473 1040 et
492 1016 624 1040 vocentur
646 1011 719 1046 digni
743 1011 839 1042 habiti,
852 1017 933 1044 qttam

145 1058 296 1090 dementiae,
319 1063 506 1093 quantamque
535 1058 648 1084 insaniat
675 1062 765 1084 notam
784 1057 935 1088 incurrunt,

145 1102 169 1130 si
184 1108 319 1130 tantorum
334 1103 466 1130 bonorum
481 1102 637 1137 participes,
658 1102 736 1136 quasi
754 1101 824 1128 nullo
844 1101 936 1128 l'rneu-

147 1153 198 1182 tes,
226 1148 300 1175 ilhtm
332 1148 376 1183 qui
394 1156 444 1175 nos
463 1148 535 1176 inter
552 1148 650 1175 fratres
664 1153 826 1175 anuumerat
838 1153 864 1174 et
891 1155 936 1173 co-

148 1192 270 1220 hreredes
298 1193 393 1226 edicit,
412 1200 464 1220 non
490 1193 586 1220 minori
602 1193 628 1219 in
650 1197 728 1227 parte
753 1192 937 1219 succcSSionis

148 1239 272 1274 cognatis
279 1239 429 1266 evenientis
437 1239 494 1273 lege
503 1239 674 1266 decernimus
682 1238 850 1266 exhzeredem
860 1237 937 1265 iieri?

149 1283 226 1317 Quod
243 1289 284 1312 est
294 1285 442 1312 absurdum
456 1285 563 1318 merito,
580 1285 723 1319 quetndam
739 1291 799 1311 esse
813 1283 840 1310 in
852 1282 938 1310 brutis

149 1330 232 1357 futuri
262 1337 371 1357 sensum
395 1334 422 1356 ot
442 1330 651 1365 providentiam,
672 1337 722 1356 nos
739 1336 803 1356 vero
832 1329 937 1356 ratione

148 1381 259 1404 ornatos
280 1382 384 1404 tantum
407 1378 532 1412 pnesenti
546 1376 608 1404 vita:
622 1376 779 1404 incumbere
805 1381 832 1404 et
845 1377 937 1403 adhze-

148 1429 219 1454 rere,
236 1427 264 1449 ut
282 1431 333 1450 uon
347 1423 373 1450 in
388 1423 484 1452 alienis
499 1422 538 1458 (id
555 1429 652 1457 nempe
673 1423 831 1449 facillimum
848 1422 938 1449 omni-

150 1468 199 1496 bus
214 1468 265 1501 est)
289 1468 371 1495 futuri
387 1474 498 1502 parvam
525 1466 619 1494 saltem
642 1467 677 1494 ob
695 1475 743 1494 nos
758 1468 830 1502 ipsos
841 1471 868 1494 et
893 1475 940 1494 cos

150 1514 195 1548 qui
223 1514 362 1548 inopinate
391 1514 545 1540 moriuntur
568 1513 698 1540 exhibere
727 1513 936 1548 providentiam.

151 1559 209 1591 Sed,
224 1563 254 1586 ut
265 1559 319 1592 jam
332 1558 460 1590 diximus,
472 1558 643 1593 prieterituro
654 1564 680 1585 et
699 1566 760 1586 mox
775 1559 938 1586 destruendo

153 1604 208 1639 regi
226 1604 412 1631 haereditalem
434 1604 585 1638 assignare,
605 1604 628 1630 ei
643 1609 732 1631 autem
748 1605 793 1639 qui
809 1609 938 1631 aeternum

153 1654 258 1686 regnat,
284 1655 311 1677 et
327 1649 360 1677 ad
387 1656 466 1684 quem
482 1649 555 1676 vadit
574 1654 698 1677 mortuus
723 1651 784 1677 vita:
803 1650 942 1678 terresttis

153 1698 286 1725 rationem
311 1697 477 1730 redditurus,
499 1697 566 1725 nihil
586 1695 645 1730 ejus
661 1697 792 1724 bonorum
808 1705 822 1723 ιι
855 1696 942 1731 legum

155 1747 289 1778 potestate
305 1743 476 1770 consecrari.

977 241 1119 268 ἁδιαθέτου
1136 240 1209 271 τινος
1234 239 1449 274 τελευτήσαντος
1463 238 1509 265 τὸν
1535 238 1634 274 κλῆρον
1651 239 1701 273 τῆς
1716 246 1768 265 πε-

979 287 1099 322 ριουσίας
1117 287 1155 319 ὡς
1170 287 1201 322 δή
1222 295 1249 312 τι
1275 285 1347 321 μέγα
1362 285 1644 320 προσκεχαρισμὲνοις
1672 286 1767 320 ἐχαρι-

979 341 1070 364 σαντο,
1085 332 1145 367 Θεῷ
1159 333 1188 359 δὲ
1202 331 1241 367 τῷ
1251 331 1360 359 πάντων
1373 331 1480 366 πλάστῃ
1504 330 1550 358 καὶ
1567 330 1684 365 βασιλεῖ,
1701 331 1767 365 παρ’

977 375 1008 405 οἵ)
1028 380 1082 406 πᾶν
1108 379 1122 405 ὃ
1134 387 1160 405 τι
1179 378 1324 405 κάλλιστον
1339 378 1368 404 ὲν
1393 377 1560 412 ἀνθρώποις,
1575 377 1614 411 τῷ
1626 377 1662 403 τὰ
1676 377 1768 403 πάντα

979 423 1045 458 ἡμῖν
1053 423 1237 458 χαριζομένῳ.
1250 423 1319 450 ὥστε
1332 422 1390 454 καὶ,
1399 422 1413 448 ὃ
1427 422 1516 448 πάντα
1529 421 1591 448 νοῦν
1607 421 1767 456 ὑπεραίρει,

984 469 1222 504 συγκληρονόμους
1236 467 1366 504 Χριστοῦ,
1385 467 1571 503 κληρονόμους
1585 467 1608 493 δ’
1626 467 1710 493 αὐτοῦ
1725 467 1770 492 ὲν-

981 515 1130 550 στήσασθαι
1157 515 1201 542 διὰ
1231 513 1362 548 Χριστοῦ,
1384 513 1444 540 οὐδὲ
1472 513 1503 539 τὸ
1525 513 1670 539 πολλοστὸν
1701 512 1768 546 γοῦν

980 561 1204 596 ἀπονενεμήκασι
1221 560 1317 595 μέρος,
1336 554 1431 594 ὥσπερ
1459 558 1615 593 ἀπόκληρον
1640 557 1721 584 αὑτὸν
1735 556 1770 583 δι’

981 606 1178 641 ἀμνημοσύνης
1203 605 1346 640 ἀφέμενοι.
1366 604 1448 631 Ἀλλὰ
1467 603 1498 630 τδ
1518 603 1566 638 μὲν
1594 602 1768 637 ἀνθρώπους,

981 652 1008 678 εἴ
1022 660 1052 686 γε
1065 652 1106 678 δεῖ
1122 651 1185 683 τοὺς
1214 651 1251 685 μὴ
1264 650 1309 676 τὸν
1321 649 1426 676 ἑαυτῶν
1443 648 1634 682 ὲπεγνωκότας
1651 647 1768 680 ποιητὴν

981 697 1060 723 τοῦτο
1081 696 1179 727 εἰπεῖν,
1212 695 1276 730 περὶ
1293 694 1395 721 τούτων
1422 693 1507 724 οὕτως
1524 692 1663 724 ἐκθέσθαι,
1685 693 1710 718 εἰ
1724 693 1772 718 καὶ

984 742 1115 778 μωμητὸν
1132 741 1180 768 καὶ
1194 741 1348 775 ἀλόγιστον,
1363 739 1432 767 ἀλλά
1444 739 1537 767 καινὸν
1547 738 1623 765 οὐδὲν
1640 737 1694 765 οὐδ’
1709 738 1771 764 ἀδό-

982 797 1074 822 κητον,
1090 787 1164 819 ἅπαξ
1177 787 1384 821 ἁποσφαλέντας
1401 786 1448 812 τοῦ
1473 785 1641 820 καθήκοντος
1659 783 1726 818 πρὸς
1742 782 1773 809 τὸ

983 835 1015 869 τῇ
1033 834 1102 869 ἀρχῇ
1115 832 1262 859 ἀκόλουθον
1282 831 1457 858 ἐπισπεύδειν
1475 830 1629 864 κατάλυμα.
1647 828 1772 862 Ἀνθρω-

984 888 1028 906 ποι
1043 879 1083 912 δὲ,
1093 877 1134 910 οἷς
1146 879 1219 905 ἐστιν
1235 878 1265 904 ἐν
1280 877 1404 913 οὐρανοῖς
1421 873 1448 912 (ᾖ
1467 884 1548 911 φησιν
1563 876 1577 901 ὁ
1591 875 1663 906 θεῖος
1690 873 1773 900 Ἀπό-

985 925 1130 956 στολοςὶτδ
1154 923 1305 958 πολίτευμα
1334 923 1381 949 καὶ
1398 922 1497 957 κλῆρος
1524 921 1542 953 ὴ
1563 920 1618 947 τῶν
1645 918 1772 954 οὐρανῶν

985 971 1152 1006 ἐπήγγελται
1176 969 1310 1005 βασιλεία,
1325 969 1350 995 οι
1365 967 1484 1004 Χριστοῦ
1507 967 1578 1002 φίλοι
1599 966 1647 992 καὶ
1664 965 1774 998 ἀδελφοὶ

985 1017 1031 1044 καὶ
1041 1016 1073 1053 (ὣ
1081 1015 1216 1042 Δεσπότου
1226 1014 1430 1050 φιλανθρωπίας
1439 1012 1601 1048 ὑπερϐολῆς)
1609 1011 1775 1045 ,συ-(κληρο-

986 1062 1064 1097 νόμοι
1090 1060 1160 1087 εἶναί
1174 1069 1202 1087 τε
1218 1060 1264 1086 καὶ
1283 1059 1437 1093 λογίζεσθαι
1465 1057 1623 1092 ἠξιωμένοι,
1636 1057 1698 1083 τίνα
1725 1055 1777 1090 μὲν

986 1108 1089 1139 ἀνοίας,
1100 1107 1179 1133 ποίαν
1190 1106 1218 1133 δὲ
1234 1106 1344 1139 ἀλογίας
1359 1104 1513 1140 ὑπερϐολὴν
1535 1103 1737 1132 ὑπολείπονται,
1752 1101 1777 1128 εἰ

986 1153 1121 1180 τοσούτων
1145 1152 1335 1187 τετυχηκότες,
1355 1150 1396 1182 ὡς
1427 1149 1533 1180 οὐδενὸς
1557 1147 1777 1178 ἀπολελαυκότες

987 1198 1026 1234 τῷ
1038 1199 1078 1230 εις
1097 1198 1229 1232 ἀδελφοὺς
1247 1197 1318 1232 ἡμᾶς
1348 1196 1539 1230 ἀναγράψαντι
1554 1193 1603 1221 καὶ
1622 1193 1777 1228 συγκληρο-

988 1245 1087 1280 νόμους
1110 1243 1250 1270 τελέσαντι
1267 1242 1333 1277 μηδὲ
1345 1242 1393 1278 τὴν
1415 1240 1544 1268 ἐλάττονά
1564 1248 1595 1273 γε
1615 1240 1715 1274 μοῖραν
1727 1238 1778 1272 τῆς

988 1289 1188 1326 προχωρούσης
1201 1290 1258 1320 τοῖς
1271 1288 1417 1322 συγγενέσι
1430 1286 1643 1322 νομοθετοὶημεν
1655 1284 1763 1318 ἀποκλη

991 1338 1053 1372 ροῦν
1063 1346 1070 1370 ;
1081 1338 1118 1368 ὼς
1130 1336 1207 1363 ἔστιν
1221 1336 1321 1362 ἄτοπον
1333 1334 1472 1365 ἐπιεικῶς,
1486 1331 1557 1359 εἶναι
1571 1333 1620 1367 μέν
1630 1340 1692 1358 τινα
1701 1330 1780 1365 παρὰ

989 1383 1096 1416 ἀλόγοις
1111 1382 1158 1409 τοῦ
1170 1381 1313 1417 μέλλοντος
1322 1379 1448 1414 αἴσθησίν
1457 1387 1486 1406 τε
1500 1379 1546 1405 καὶ
1557 1377 1695 1413 πρόνοιαν,
1704 1377 1780 1411 ἡμᾶς

989 1428 1017 1454 δὲ
1033 1427 1106 1462 λόγῳ
1124 1426 1323 1461 τετιμημένους
1336 1424 1463 1451 τοσοῦτον
1480 1425 1513 1459 τῇ
1525 1423 1651 1458 παρούσῃ
1668 1430 1781 1457 προστε-

990 1473 1103 1507 τηκέναι
1121 1473 1167 1498 καὶ
1181 1471 1375 1507 προσηλῶσθαι
1391 1468 1458 1504 ζωῇ,
1468 1469 1505 1501 ὡς
1522 1469 1583 1504 μηδ’
1597 1469 1625 1494 ὲν
1637 1469 1692 1499 τοῖς
1704 1467 1781 1493 ἁλλο-

990 1517 1077 1552 τρὶοις
1100 1517 1192 1551 (τοῦτο
1210 1515 1243 1550 δὴ
1267 1516 1297 1542 τὴ
1323 1516 1421 1551 ῥᾷστον
1441 1513 1538 1549 ἅπασι)
1567 1513 1614 1540 τοῦ
1639 1513 1782 1548 μέλλοντος

992 1563 1093 1598 μικρὰν
1105 1562 1170 1596 γοῦν
1185 1558 1254 1597 ὑπὲρ
1270 1570 1300 1587 τε
1315 1561 1393 1596 ἡμῶν
1405 1560 1494 1587 αὐτῶν
1509 1560 1557 1586 καὶ
1573 1558 1627 1585 τῶν
1637 1557 1784 1585 ἀνεπισκέ-

990 1617 1064 1639 πτως
1079 1607 1267 1634 τελευτώντων
1280 1605 1467 1639 ἐπιδείξασθαι
1483 1605 1622 1640 πρόνοιαν,
1637 1603 1695 1630 ἀλλ’
1711 1602 1725 1628 ὃ
1736 1602 1784 1627 καὶ

991 1653 1134 1689 εἰρηκότες
1153 1653 1288 1688 ἑφθημεν,
1309 1651 1570 1686 ἀπολειφθησομένῳ
1585 1649 1634 1684 μὲν
1658 1648 1706 1675 καὶ
1722 1648 1784 1674 ὅσον

992 1699 1068 1726 οὔπω
1084 1699 1286 1734 φθαρησομὲνῳ
1301 1698 1406 1733 βασιλεῖ
1421 1695 1687 1730 καταλιμπὰνεσθαι,
1701 1694 1745 1728 ’τῷ
1761 1693 1784 1719 δ’

993 1747 1111 1777 αῐωνῐως
1125 1745 1294 1780 βασιλεύοντι
1309 1745 1356 1770 καὶ
1371 1743 1440 1778 πρδς
1447 1743 1476 1769 ὃν
1502 1742 1611 1770 ἄπεισιν
1622 1742 1636 1767 ὁ
1647 1740 1786 1767 τελευτῶν

154 1791 203 1826 τῆς
217 1789 338 1824 ἐπιγείου
351 1788 430 1822 λόγον
444 1788 549 1824 ὑφέξων
561 1789 645 1824 ζωῆς,
667 1789 749 1824 μηδὲν
758 1790 806 1824 τῆς
823 1789 905 1816 αὑτοῦ
921 1792 1082 1826 περιουσίας
1099 1793 1130 1818 ἐκ
1144 1791 1258 1826 νομικῆς
1270 1790 1450 1825 ἀφοσιοῦσθαι
1467 1789 1636 1824 κυριότητος.

193 1836 220 1864 Ι.
240 1836 423 1869 Quamobrctn
454 1842 647 1871 congruentem
666 1836 736 1862 circa
751 1837 776 1862 id
791 1837 910 1871 regulam
932 1845 946 1864 ιι

157 1882 258 1910 nostris
276 1881 494 1909 antecessoribus
510 1881 601 1908 nescio
619 1890 673 1916 quo
688 1883 768 1909 modo
783 1882 945 1916 neglectam,

158 1928 352 1956 instituendam
381 1928 504 1955 arbitrati
519 1936 622 1959 suntus,
640 1933 669 1955 ut
689 1929 815 1963 praesenti
833 1930 893 1957 vita:
920 1933 947 1956 et

158 1973 273 2007 posteris
286 1972 388 2000 utilitas
409 1974 443 2000 ab
465 1973 508 2000 illa
532 1973 698 2005 cauleratur,
710 1978 737 2000 et
755 1973 788 2001 iis
801 1974 846 2008 qui
863 1981 878 2001 e
903 1979 947 2002 tu-

158 2019 244 2047 multu
259 2020 320 2046 vitae
337 2019 520 2053 migraverunt
537 2023 682 2053 antequam
698 2020 730 2046 de
755 2020 948 2055 superstitibus

158 2066 240 2093 rebus
261 2070 289 2092 ut
319 2065 447 2093 voluntas
461 2073 555 2092 eorum
573 2065 663 2092 tulerit
686 2065 882 2100 disposuerint,
913 2065 947 2093 iis

159 2109 244 2146 igitur
257 2115 424 2146 pratparelur
457 2111 564 2144 requies
593 2110 625 2137 de
646 2117 698 2145 qua
724 2111 794 2138 inter
823 2111 946 2138 homines

160 2158 288 2193 degentes
318 2158 471 2189 audierant,
488 2165 538 2184 ceu
565 2158 699 2191 quoddam
724 2161 844 2183 tutamen
874 2157 948 2183 omni

161 2204 260 2231 civium
291 2203 414 2230 societati
439 2203 542 2230 hancce
564 2202 648 2237 legem
665 2208 692 2229 et
711 2209 882 2230 communem
914 2202 952 2230 di-

162 2251 310 2278 rectionem
336 2253 495 2282 statuentes,
528 2256 576 2283 per
598 2256 677 2283 quam
699 2249 881 2280 decernimus,
911 2248 952 2275 his

161 2304 221 2331 qum
231 2297 266 2323 ab
280 2295 500 2323 auteeeSsoribns
513 2294 625 2325 nostris,
648 2294 681 2320 de
698 2293 856 2321 haereditate
869 2294 952 2321 bono-

163 2349 221 2368 rum
247 2347 342 2368 eorum
360 2340 404 2374 qui
425 2339 546 2366 intestati
563 2338 750 2370 decesserunt,
774 2339 953 2372 prmceperint

162 2387 284 2415 immotis
309 2385 482 2413 manentibus
497 2405 505 2416 ,
532 2383 597 2411 illltd
621 2383 708 2411 solutn
730 2383 801 2418 quod
834 2384 952 2411 nondum

161 2435 296 2462 hactenus
314 2441 327 2460 a
353 2432 413 2467 lege
436 2431 591 2458 mandatum
620 2430 795 2464 cognovimus
815 2428 952 2463 iubentes.

162 2481 271 2508 tertiam
296 2477 479 2507 successionis
504 2476 640 2504 derelicta:
655 2480 759 2509 partem
790 2476 823 2503 ab
849 2483 882 2503 eo
908 2476 954 2510 qui

164 2526 268 2560 absque
296 2525 390 2553 ultima
407 2524 547 2551 voluntate
575 2521 703 2554 decessit,
722 2522 778 2549 sive
800 2522 955 2557 assignetur

163 2572 303 2600 successio
322 2572 362 2598 bis
389 2571 434 2606 qni
447 2571 480 2598 ab
501 2571 629 2597 intestato
642 2569 676 2596 ad
692 2568 875 2596 hmreditatem
908 2576 955 2595 vo-

165 2622 274 2651 cantur,
293 2618 351 2645 sive
367 2615 489 2652 cognatis
505 2614 662 2643 absentibus
677 2614 775 2641 :erario
788 2612 896 2648 publico
909 2614 957 2641 de-

165 2664 277 2695 teratur,
293 2662 398 2690 duabus
412 2662 536 2697 partibus
549 2661 590 2688 vel
602 2660 724 2695 cognatis
738 2659 779 2687 vel
792 2659 889 2687 mrario
903 2666 937 2693 pu
947 2674 955 2679 -

164 2709 237 2736 blico
261 2708 420 2741 reservatis,
434 2713 462 2736 ut
485 2707 616 2739 diximus,
635 2707 743 2733 tertiam
772 2710 877 2740 partem
903 2705 957 2732 Deo

167 2755 358 2782 universorum
388 2760 415 2782 et
441 2755 496 2790 regi
521 2755 557 2782 ob
582 2754 668 2789 ipsius
695 2753 813 2781 animam
837 2751 955 2779 defuncti

167 2801 262 2828 donari
277 2808 283 2828 :
300 2800 343 2828 cui
369 2800 475 2828 scilicet
491 2800 559 2834 parti
574 2799 797 2826 annttuterultitltr
811 2797 957 2826 :esdmatio

169 2853 310 2876 servorum
332 2846 379 2882 qui
401 2846 435 2874 de
458 2853 534 2874 more
563 2845 748 2878 invenientur,
767 2850 794 2873 et
809 2845 853 2872 isti
881 2843 958 2872 liberi

1035 1842 1068 1865 α’.
1084 1838 1133 1864 Διὰ
1151 1837 1237 1864 ταῦτα
1252 1837 1284 1871 δὴ
1295 1836 1340 1862 τὸν
1358 1836 1422 1870 περὶ
1437 1835 1532 1861 τούτου
1550 1833 1723 1869 προσήκοντα
1739 1831 1786 1858 τύ-

999 1892 1048 1910 πον
1076 1884 1132 1915 τοῖς
1158 1883 1211 1918 πρδ
1227 1883 1305 1917 ἡμῶν
1327 1882 1377 1908 οὑκ
1391 1879 1440 1908 οἷδ’
1464 1881 1537 1911 ὅπως
1563 1878 1787 1914 παρεωραμένον,

998 1928 1197 1965 εἰσηγήσασθαι
1221 1937 1250 1954 τε
1266 1928 1346 1954 αὑτὸν
1361 1925 1529 1962 ἡγησάμεθα
1555 1925 1621 1955 δεῖν,
1642 1924 1691 1951 καὶ
1705 1924 1744 1958 τῷ
1759 1932 1788 1950 τε

999 1976 1113 2010 παρόντι
1129 1975 1178 2010 βίῳ
1201 1975 1249 2001 καὶ
1279 1974 1335 2005 τοῖς
1362 1973 1458 1999 ἔπειτα
1473 1971 1565 1998 δοῦναι
1580 1970 1628 2005 τὴν
1644 1970 1674 2001 ἐξ
1705 1970 1788 1995 αὐτοῦ

999 2019 1142 2053 ὠφέλειαν,
1163 2018 1210 2044 καὶ
1230 2018 1286 2049 τοῖς
1301 2016 1399 2052 ἁθρόον
1424 2015 1470 2042 τοῦ
1490 2015 1549 2050 βίου
1577 2014 1789 2049 μεθισταμένοις

1001 2064 1065 2100 πρίν
1079 2074 1104 2091 τι
1118 2064 1183 2100 περὶ
1194 2063 1248 2092 τῶν
1260 2063 1416 2098 προσόντων
1428 2061 1474 2088 καὶ
1487 2061 1550 2095 ώςή
1564 2059 1691 2095 βούλησις
1699 2059 1789 2090 αὐτοῖς

999 2110 1150 2141 διαθέσθαι,
1163 2109 1210 2136 καὶ
1224 2109 1331 2139 τούτοις
1357 2107 1389 2142 δὴ
1405 2108 1459 2142 ἄρα
1476 2106 1526 2140 τὴν
1540 2106 1578 2136 ὡς
1592 2105 1621 2132 ἐν
1636 2103 1790 2139 ἀνθρώποις

1001 2156 1122 2191 ἥκουσαν
1135 2155 1261 2189 ἐννοῆσαι
1273 2152 1449 2188 παραψυχὴν,
1461 2149 1517 2178 οἷόν
1531 2159 1591 2177 τινα
1603 2150 1739 2185 κηδεμόνα
1754 2149 1792 2184 τῷ

1003 2201 1085 2227 παντὶ
1100 2199 1278 2233 πολιτεύματι
1294 2198 1368 2224 τόνδε
1383 2197 1430 2223 τὸν
1457 2196 1539 2231 νόμον
1563 2195 1610 2221 καὶ
1625 2193 1713 2221 κοινὸν
1744 2194 1794 2227 ἐφ-

1004 2246 1131 2278 ιστῶντες
1140 2245 1298 2281 ἐπίτροπον,
1313 2244 1346 2270 δι’
1360 2240 1390 2270 οὒ
1409 2242 1585 2276 θεσπίςομεν,
1601 2240 1655 2266 τῶν
1670 2241 1720 2266 ὅσα
1737 2240 1795 2270 τοῖς

1004 2293 1057 2326 πρὸ
1079 2292 1154 2328 ἡμῶν
1170 2291 1216 2318 ἐπὶ
1245 2292 1277 2325 τῇ
1296 2288 1465 2324 κληρονομία
1494 2287 1545 2322 τῆς
1570 2287 1626 2313 τῶν
1642 2285 1794 2316 ἁδιαθέτως

1004 2339 1192 2366 τελευτώντων
1203 2337 1320 2373 ὥρισται
1335 2335 1495 2368 περιουσίας
1513 2333 1670 2361 ἁσαλεύτων
1694 2340 1796 2366 τηρουο

1007 2384 1107 2420 μένων,
1133 2383 1214 2410 τοῦτο
1243 2383 1324 2418 μόνον
1341 2382 1411 2417 ὅπερ
1426 2379 1503 2407 οὔπω
1529 2380 1576 2406 καὶ
1591 2378 1638 2405 νῦν
1668 2377 1794 2410 ἔγνωμεν

1006 2429 1204 2466 θεσμοθετηθὲν
1225 2428 1401 2465 προσθέντες,
1416 2427 1447 2453 τδ
1461 2425 1552 2460 τριτον
1579 2425 1628 2459 τῆς
1643 2422 1796 2456 ὲπιλαγχα-

1006 2477 1105 2512 νούσης
1121 2476 1219 2512 μοίρας
1231 2475 1278 2502 τοῦ
1290 2474 1448 2505 τελευταίας
1465 2472 1620 2507 βουλήσεως
1634 2469 1797 2502 τετελευτη-

1006 2523 1085 2555 κότος
1096 2523 1193 2558 χωρὶς,
1205 2522 1284 2548 τοῦτο
1299 2521 1347 2556 μὲν
1361 2520 1410 2555 τῆς
1426 2520 1482 2550 τοῖς
1496 2518 1525 2551 ἐξ
1539 2516 1682 2544 ἁδιαθέτου
1696 2515 1797 2542 καλου-

1009 2569 1099 2603 μένοις
1115 2569 1155 2600 εις
1170 2568 1354 2603 κληρονομίαν
1383 2563 1652 2601 προσποριζομένης.
1670 2560 1750 2588 τοῦτο
1769 2560 1797 2586 δὲ

1007 2616 1056 2649 τῆς
1069 2615 1107 2650 τῷ
1123 2614 1246 2650 δημοσίῳ
1269 2612 1410 2647 συγγενῶν
1430 2612 1480 2646 οὺχ
1493 2610 1618 2636 ὑπόντων
1639 2605 1796 2641 εἰσκομιζο-

1010 2661 1105 2696 μένης,
1118 2674 1152 2679 -—
1166 2659 1213 2686 τοῦ
1230 2658 1354 2694 διμοίρου
1371 2657 1388 2692 ἢ
1405 2657 1463 2687 τοῖς
1477 2653 1638 2689 συγγενέσιν
1661 2652 1678 2685 ἢ
1696 2650 1734 2685 τῷ
1752 2650 1799 2685 δη-

1011 2707 1097 2742 μοσίῳ
1113 2706 1281 2742 τηρουμένου
1296 2705 1332 2736 ὡς
1344 2703 1462 2738 ἔφημεν,
1476 2717 1512 2722 ——
1522 2701 1553 2727 τὸ
1565 2700 1657 2735 τρίτον
1672 2697 1712 2732 τῷ
1728 2697 1799 2722 πάν-

1011 2761 1065 2779 των
1091 2751 1150 2786 Θεῷ
1173 2751 1220 2777 καὶ
1247 2750 1352 2785 βασιλεῖ
1378 2749 1449 2783 ὑπὲρ
1466 2749 1515 2783 τῆς
1531 2746 1615 2774 αὑτοῦ
1643 2744 1690 2772 τοῦ
1707 2743 1802 2770 τελευ.

1012 2798 1112 2828 τῶντος
1136 2797 1281 2832 δωρεῖσθαι
1312 2795 1416 2831 ψυχῆς·
1441 2794 1528 2829 τούτῳ
1555 2792 1656 2827 δηλαδὴ
1671 2790 1709 2825 τῷ
1722 2789 1801 2824 μέρει

1015 2842 1271 2879 συναριθμουμένης
1298 2842 1404 2876 καὶτῆς
1423 2840 1475 2868 τῶν
1491 2840 1528 2871 ὡς
1547 2839 1620 2869 εἰκ⁷›;
1636 2835 1801 2872 εὑρισκομέ-
