1945 3073
91 177 145 209 (101

649 185 773 217 NOVEL
779 188 833 218 L'E
852 189 924 219 CON
927 190 1131 223 STITUTION
1135 193 1189 223 ES.

1667 197 1721 230 602

90 243 148 261 νων
157 235 268 262 οἰκετῶν
278 235 388 272 διατιμή
395 245 471 270 τεως,
481 238 527 265 καὶ
536 239 624 267 αὐτῶν
633 241 865 278 ἐλευθερουμένων

91 279 114 288 η
121 280 128 288 .
172 281 177 288 ι
217 281 227 288 .
317 281 323 288 ι
331 282 351 288 ..
379 282 391 288 ..
444 284 450 288 .
490 285 502 288 _
628 286 632 288 .

931 247 1005 274 lienl.
1022 246 1079 275 Non
1097 249 1169 276 enim
1194 254 1318 277 sanctum
1334 255 1387 284 est,
1405 259 1493 287 neque
1512 260 1592 288 regia:
1608 255 1718 287 mentis,

90 279 132 309 Οὐ
148 281 203 317 γὰρ
215 281 287 307 ὅσιον
297 281 356 308 οὐδὲ
377 282 521 319 βασιλικῆς
539 286 670 321 προνοίας
684 288 754 320 ,ἀλλ’
764 290 818 316 οὐδ’
830 290 877 317 ἀνα

91 325 234 360 θρωπίνης
250 327 341 358 ἁπλῶς
359 329 469 363 γνώμης
487 331 560 356 ἐστὶν
578 331 662 364 ἄξιον,
688 333 811 366 ἐλεεινῶς
830 335 877 361 τοῦ

90 369 252 401 ὲκόιοῦντος
265 370 319 396 τῶν
333 371 512 406 ἀνθρωπίνων
535 374 732 409 ἁρπασθέντος,
755 378 822 412 μηδὲ
839 378 877 413 τῷ

89 414 138 440 τοῦ
165 414 295 441 δεσπότου
312 415 419 451 θανάτῳ
431 417 476 443 τὸν
499 418 547 453 τῆς
560 419 682 452 δουλείας
695 421 876 457 διαρραγῆναι

89 461 146 491 τοῖς
158 460 314 488 δουλωθεῖσι
331 462 426 496 ζυγὸν,
442 463 542 490 ἁλλ’ὲκ
561 465 609 499 τῆς
622 465 713 492 αὐτῶν
732 470 876 503 συμφορᾶς

89 506 138 532 καὶ
168 507 231 538 τοὺς
259 507 495 543 κληρονομοῦντας
525 511 667 543 συγγενεῖς
692 511 742 546 τὴν
770 513 876 541 ἑαυτῶν

89 550 240 585 θεραπείαν
266 551 407 589 ἐπιζητεῖν
422 554 470 579 καὶ
495 554 544 588 τὴν
570 554 710 589 βασιλείαν
723 557 761 592 τῷ
772 559 876 594 ταμείῳ

88 597 237 631 προσόδους
252 598 379 625 ἐπινοεῖν.
398 599 444 625 Διδ
459 599 490 635 δὴ
504 600 587 627 πάλιν
604 601 876 638 ἑπαναλαμόάνοντές

67 648 72 657 '
88 651 195 677 φαμεν
209 643 236 669 εἴ
247 652 287 675 τις
297 644 438 676 ἀδιάθετος
452 646 610 681 τελευτήσει
630 649 677 674 καὶ
700 649 801 676 παίδων
827 651 875 685 οὐχ

88 687 213 714 ὑπό-»των
226 688 242 723 ἥ
255 689 278 715 οἱ
293 689 387 716 τούτου
404 693 548 724 συγγενεῖς
560 692 576 727 ἢ
590 692 658 728 μηδὲ
673 694 776 721 τούτων
790 695 876 722 ὀντων

85 733 99 758 ό
118 732 248 767 δημόσιος
263 734 370 760 καλοῖτο
389 735 430 766 εἰς
444 736 640 771 κληρονομίαν,
662 738 712 772 τῆς
738 747 875 773 συγκεφα-

86 777 253 813 λαιουμένης
267 779 392 806 ἐντεῦθεν
404 780 514 816 ἁπάσης
526 782 703 815 ὑποστάσεως
722 784 752 810 τὸ
768 785 818 819 μὲν
835 785 875 811 δί-

89 830 186 857 μοιρον
199 823 238 858 τῷ
256 824 288 850 ὲκ
303 825 394 860 νόμων
421 826 546 862 διαδόχῳ,
564 831 688 862 συγγενεῖ
704 830 784 865 τυχὸν
799 831 815 866 ἢ
829 832 876 866 δη-

87 868 185 903 μοσίῳ,
201 868 231 895 τὸ
250 869 278 895 δὲ
297 869 387 905 τρίτον
414 871 483 906 ὑπὲρ
499 873 636 908 σωτηρίας
659 873 705 901 τοῦ
725 875 876 908 ἀδιαθέτως

84 912 299 949 τελευτήσαντος
319 916 434 943 ἀνείσθω
461 918 539 953 Θεῷ,
567 919 617 953 τῆς
635 919 816 955 διατιμὴσεως
843 922 872 948 ἐν
890 914 910 943 Β

86 959 188 995 βεϐαίῳ
198 960 251 987 τῶν
264 961 498 997 ἐλευθερουμένων
513 964 626 991 οἰκετῶν
641 965 680 1000 τῷ
705 967 873 1002 συγκληρου-

87 1005 160 1039 μένῳ
173 1006 250 1040 μὲρῖι
264 1006 303 1040 τῷ
319 1007 378 1041 Θεῷ
394 1007 638 1044 σνλλογιζομένης.

121 1049 154 1085 β’.
171 1052 201 1078 Ei
218 1052 308 1087 μέντοι
321 1061 352 1086 γε
365 1054 402 1085 ὡς
416 1054 488 1086 £le;
505 1055 637 1091 συμϐαίη,
656 1058 706 1092 τῆς
717 1058 871 1095 προσούσης

85 1096 124 1132 τῷ
141 1098 319 1134 ἀποιχομένῳ
336 1101 496 1134 περιουσίας
512 1101 542 1127 τὸ
559 1102 708 1138 πλεῖστονῆ
725 1105 771 1130 καὶ
779 1105 807 1131 τὸ
817 1107 871 1132 πᾶν

85 1140 156 1170 εἶναι
166 1144 195 1170 ἐν
208 1143 370 1179 θεράπουσι,
385 1146 432 1172 καὶ
448 1146 528 1173 τοῦτο
538 1147 654 1184 διορίσαι
671 1150 870 1185 φιλανθρώπως

85 1189 144 1224 ἅμα
155 1190 200 1216 καὶ
216 1191 367 1225 συμπαθῶς
378 1191 507 1227 ᾠήθημεν
521 1192 586 1225 δεῖν,
602 1193 671 1220 ὥστε
693 1195 729 1230 μὴ
743 1197 805 1228 τοὺς
822 1197 870 1231 μὲν

83 1234 132 1261 τοῦ
156 1235 206 1268 τῆς
229 1236 350 1268 δουλείας
368 1237 492 1263 ἀνεῖσθαι
509 1238 604 1272 ζυγοῦ,
628 1240 690 1272 τοὺς
706 1241 733 1266 δὲ
749 1241 871 1268 ἐνταὶαι-

85 1281 238 1315 πωρεῖσοαι
256 1281 343 1316 τούτῳ
360 1283 406 1308 καὶ
433 1283 652 1318 κατατρύχεσθαι
663 1293 669 1300 ·
690 1285 748 1312 ἀλλ’
763 1286 841 1318 ὅσους
857 1289 871 1314 ὁ

85 1325 201 1360 χαλεπός
227 1334 257 1352 τε
273 1327 320 1352 καὶ
349 1326 434 1363 βαρὺς
452 1328 503 1363 τῆς
517 1329 639 1361 δουλείας
664 1330 765 1358 ἐκάκου
779 1340 809 1358 τε
825 1333 871 1359 καὶ

85 1370 225 1398 κατωδύνα
240 1371 338 1405 κλοιὸς,
350 1372 456 1404 τούτοις
467 1373 569 1400 ἅπασιν
581 1375 594 1400 ο
606 1375 700 1409 παρὼν
709 1376 788 1411 ἡμῶν
797 1376 870 1403 ὲλευ-

84 1415 177 1451 θερίαν
201 1416 289 1448 διδους
325 1417 496 1452 εὐφραινέτω
518 1418 628 1454 θεσμὸς,
658 1420 705 1446 καὶ
727 1421 781 1448 τῶν
809 1422 869 1449 δου-

85 1462 167 1488 λικῶν
181 1462 309 1489 ἁπάντων
327 1461 436 1497 θεσμῶν
454 1463 553 1497 ὁμοίως
566 1464 707 1492 ἀπίτωσαν
720 1466 866 1501 ἐλεύθεροι.

116 1505 193 1532 Οὕτω
206 1506 260 1541 γὰρ
281 1514 327 1532 και
350 1508 406 1538 τοῖς
428 1508 460 1534 ἐκ
477 1509 560 1543 νόμου
583 1509 622 1545 τῷ
637 1510 770 1546 ἀδιαθέτῳ
798 1513 864 1548 κλη-

930 292 984 320 imo
1009 301 1096 327 neque
1126 294 1249 322 humana:
1273 296 1384 323 omnino
1409 298 1582 332 cogitationis
1597 299 1717 334 dignum,

929 345 989 364 cum
1015 338 1207 366 miserabiliter
1220 340 1365 369 defunctus
1396 342 1475 369 rebus
1503 344 1628 371 humanis
1658 353 1719 372 crc-

927 388 990 417 ptus
1006 383 1102 415 fuerit,
1123 392 1174 411 non
1189 386 1274 413 servis
1299 387 1421 421 abrumpi
1442 388 1543 415 domini
1567 390 1608 416 sui
1630 395 1720 417 morte

927 427 1065 455 servitutis
1076 428 1183 462 jugum,
1199 431 1246 457 sed
1269 438 1299 457 ex
1322 439 1415 458 eorum
1436 432 1591 460 calamitate
1605 439 1717 462 vocatos

927 475 960 501 ad
988 475 1169 503 haereditatem
1192 482 1322 512 Cognatas
1348 485 1424 506 suam
1454 480 1598 506 utilitatem
1621 483 1717 515 exqui-

926 528 996 552 rere,
1012 525 1039 547 et
1052 521 1151 556 regiam
1177 526 1338 556 potestatem
1365 524 1492 551 thesauro
1514 525 1620 559 publico
1645 526 1718 553 velut

926 566 1046 593 redditus
1056 567 1204 602 assignare.
1213 568 1274 595 Ideo
1288 569 1384 596 iterum
1399 576 1569 598 resumentes
1583 571 1715 599 dicimus:

927 611 950 638 si
965 612 1024 646 quis
1039 611 1183 639 intestatus
1200 612 1360 644 decesserit.
1384 619 1412 641 et
1426 614 1520 642 liberis
1547 616 1716 649 absentibus,

927 657 966 684 vel
975 657 1031 690 ejus
1041 658 1158 693 cognati,
1170 658 1210 685 vel
1223 658 1409 686 nulloillorum
1421 660 1577 692 cxsislcnte.
1591 661 1715 688 :crarium

926 703 1061 737 publicum
1078 709 1210 731 vocentur
1224 705 1257 732 ad
1273 705 1470 738 hmreditatem,
1500 710 1555 733 tota
1569 705 1628 739 ejus
1649 706 1716 733 sub-

926 748 1024 775 stantia
1053 750 1078 775 iu
1092 756 1225 777 summam
1249 755 1354 783 coacta,
1377 751 1436 778 dua:
1447 756 1538 786 partes
1550 751 1629 786 legali
1652 759 1715 780 suc-

926 796 1039 828 cessori,
1066 801 1179 829 cognato
1194 805 1291 832 nempe
1307 798 1348 824 vel
1372 798 1469 824 aerario
1485 798 1604 833 publico,
1635 799 1714 826 tertia

926 849 989 868 vero
1006 842 1039 868 ob
1055 843 1166 869 salutem
1192 843 1250 877 ejus
1267 845 1312 878 qnl
1342 843 1488 871 intestatus
1510 844 1629 871 decessit
1660 844 1714 872 Deo

926 888 1099 920 attribuatur,
1113 889 1291 915 aestimatione
1307 889 1334 915 in
1354 889 1440 916 solido
1468 897 1609 917 servorum
1627 889 1711 918 liber-

925 937 981 959 tate
995 933 1153 960 Jouatorum
1170 933 1237 968 parti
1261 933 1313 960 Deo
1330 933 1483 962 obvenienti
1509 935 1659 970 aasignata.

957 1062 986 1089 2.
1006 1060 1034 1089 Si
1050 1069 1125 1096 ergo,
1144 1067 1173 1089 ut
1188 1062 1336 1090 verisimile
1348 1067 1400 1094 est,
1417 1063 1518 1096 evenit,
1535 1068 1638 1098 partem
1650 1064 1713 1091 sub-

921 1108 1056 1136 SIantima
1083 1108 1211 1136 defuncto
1236 1108 1370 1136 derelicta:
1397 1109 1526 1142 majorem
1557 1109 1597 1136 vel
1630 1109 1711 1136 etiam

923 1155 1081 1181 totalitatem
1105 1155 1131 1182 in
1165 1154 1253 1182 servis
1269 1161 1406 1187 consure,
1431 1155 1457 1182 id
1474 1163 1582 1190 quoque
1616 1156 1712 1183 decer-

922 1199 1038 1226 nendum
1057 1199 1171 1234 benigne
1184 1199 1264 1227 simul
1287 1204 1314 1227 et
1329 1200 1526 1235 compatientcr
1545 1201 1711 1238 putavimus,

923 1253 977 1272 non
1003 1249 1031 1270 ιιι
1047 1245 1092 1271 alii
1106 1253 1119 1271 a
1137 1245 1352 1280 servitutisjugo
1373 1246 1539 1277 eximantur.
1569 1247 1613 1273 alii
1646 1254 1711 1273 vero

922 1290 971 1316 sub
987 1289 1032 1316 illo
1047 1290 1145 1316 misere
1160 1290 1295 1325 patiantur
1307 1297 1333 1317 et
1343 1291 1510 1326 crucientur,
1525 1292 1572 1319 sed
1584 1297 1611 1318 ut
1624 1300 1711 1327 quan-

923 1339 964 1362 tos
979 1336 1074 1362 durum
1092 1340 1118 1362 et
1143 1337 1224 1370 grave
1238 1336 1374 1363 servitutis
1392 1336 1485 1371 jugum
1517 1338 1658 1371 torquebat
1683 1341 1711 1364 et

921 1381 1059 1415 angebat,
1093 1380 1135 1408 his
1171 1381 1297 1409 omnibus
1319 1389 1438 1416 prasscns
1467 1387 1588 1410 nostrum
1618 1382 1711 1410 decrc‘

922 1431 977 1453 tum
993 1426 1143 1454 libertatein
1163 1426 1268 1455 donans
1285 1428 1411 1462 gaudeat,
1427 1433 1455 1456 et
1467 1428 1493 1455 hi
1523 1429 1629 1457 cunctis
1649 1437 1709 1457 ser-

921 1472 1018 1499 vi;ibus
1034 1472 1146 1499 vinculis
1161 1473 1285 1500 similiter
1299 1474 1405 1500 liberati
1419 1475 1546 1502 evadant.

956 1518 994 1545 ha
1007 1519 1078 1545 enim
1100 1523 1127 1546 et
1143 1519 1185 1547 his
1199 1520 1245 1554 qui
1268 1527 1300 1547 ex
1316 1520 1375 1555 lege
1392 1521 1520 1548 intestato
1547 1522 1708 1555 succedunt,

84 1552 226 1587 ρουμένοις
241 1552 270 1579 τὸ
287 1552 346 1579 δέον
371 1555 486 1589 συνορᾷν
511 1554 684 1591 βουλομένοις
698 1558 748 1584 οὐκ
773 1558 867 1594 ἐπιζήο

921 1565 1023 1598 siquod
1044 1565 1121 1592 decet
1137 1565 1311 1594 considerare
1327 1566 1429 1600 volunt,
1445 1567 1547 1594 nullum
1568 1568 1707 1598 damnum,

84 1607 155 1632 μιον,
171 1598 217 1624 καὶ
230 1599 286 1630 τοῖς
300 1599 420 1630 οἰκέταις
438 1600 485 1626 καὶ⁵
501 1602 557 1632 τοῖς
573 1602 766 1638 ἀποιχομένοις
780 1606 866 1640 σωτή-

85 1652 140 1677 ρια,
169 1643 216 1670 καὶ
244 1643 303 1678 Θεῷ
323 1644 363 1680 τῷ
386 1646 432 1672 καὶ
458 1646 490 1672 ὲκ
516 1648 640 1683 σμικρῶν
664 1650 796 1685 ἀφορμῶν
818 1652 868 1686 τὴν

83 1687 220 1722 σωτηρίαν
236 1688 391 1722 ἀνθρώποις
407 1691 592 1727 οἰκονομοῦντι
610 1693 644 1720 τὰ
668 1694 729 1721 ὅσια
743 1697 867 1732 ἀποπλη-

83 1733 216 1768 ρὼσομεν,
235 1735 289 1761 Καὶ
306 1735 401 1770 μηδεὶς
426 1736 493 1772 πρὸς
510 1737 561 1764 τὸν
572 1739 698 1774 παρόντα
712 1742 794 1776 νόμον
818 1743 865 1769 τοῦ

80 1779 259 1813 τελευτῶντος
287 1780 303 1815 ἢ
322 1781 457 1816 συγγενὴς
482 1782 498 1818 ἢ
517 1783 643 1818 βασιλεὺς
666 1786 703 1817 ὡς
727 1787 773 1813 τοῦ
800 1789 866 1816 καθ-

80 1825 192 1859 ήκοντος
226 1826 463 1862 ἀποστερούμενος
487 1828 730 1857 ἀποδυσπετείτω·
754 1831 812 1858 ἀλλ’
837 1833 866 1858 ὲν

80 1870 117 1905 νῷ
133 1871 186 1902 πᾶς
208 1880 250 1903 τις
276 1871 364 1906 βαλὼν
389 1872 436 1898 καὶ
462 1872 568 1908 ἰδιώτης
593 1876 643 1902 καὶ
670 1875 807 1910 βασιλεὺς,
830 1877 865 1910 ὡς

80 1918 181 1945 ἅπασιν
199 1919 213 1945 ὁ
227 1918 342 1950 θάνατος
361 1920 515 1956 ἀνθρώποις
527 1921 624 1957 ἄδηλον
639 1922 737 1958 ὲπίσης
754 1925 800 1950 καὶ
815 1933 864 1958 φο-

80 1963 160 1999 ϐερὸν
179 1965 226 1990 καὶ
249 1966 298 1991 οὐκ
319 1964 391 1992 ἔστιν
404 1966 479 1997 ὅπως
503 1975 544 1998 τις
558 1968 623 2003 περὶ
636 1968 682 1994 τοῦ
696 1969 788 2002 τέλους
806 1970 866 2005 βου-

79 2010 209 2044 λεύσηται
229 2010 368 2045 ἀσφαλῶς,
393 2012 470 2038 τόνδε
492 2012 537 2039 τὸν
569 2015 691 2049 παρόντα
714 2017 795 2051 νόμον
818 2018 865 2051 τῆς

79 2056 269 2092 ἀπαραιτήτου
286 2057 398 2092 πορείας
410 2058 518 2093 ἐκείνης
533 2058 682 2093 λογιζέσθω
694 2061 863 2098 ἑφοδιαστὴν,

79 2101 126 2128 καὶ
140 2101 177 2137 μὴ
194 2102 243 2137 τὴν
260 2102 361 2137 ἐτέρων
388 2104 467 2137 μόνον
488 2103 580 2131 οὐσίαν
595 2105 691 2139 χανδὸν
713 2106 864 2141 ἐπειγέσθω

79 2149 224 2175 καταπιεῖν
234 2157 241 2164 ·
256 2149 453 2183 προσεννοείτω
468 2150 507 2182 δὲ,
520 2150 561 2177 ὃτι
577 2151 624 2177 καὶ
637 2151 718 2179 αὐτὸν
732 2152 797 2184 ἴσως
812 2153 821 2188 (
835 2153 864 2180 τό

64 2203 108 2233 Δτε
125 2194 225 2230 ἀθρόον
239 2195 294 2221 τῶν
310 2194 500 2231 ἀνθρωπίνων)
523 2197 539 2231 ὴ
566 2197 612 2223 τοῦ
629 2197 742 2224 θανάτου
763 2198 863 2234 θερίσει

920 1616 947 1636 et
960 1610 1046 1637 servis
1075 1615 1104 1638 et
1129 1611 1184 1637 vita
1201 1610 1337 1638 defunctis
1356 1611 1487 1644 salutent,
1510 1617 1536 1639 et
1551 1611 1605 1639 Deo
1617 1619 1632 1639 e
1646 1619 1710 1646 par-

919 1657 960 1683 vis
979 1656 1119 1690 principiis
1134 1656 1248 1684 salutem
1266 1657 1420 1684 hominibus
1434 1658 1586 1692 disponenti
1610 1665 1706 1685 conse-

918 1701 1067 1728 crationem
1078 1701 1158 1729 simul
1173 1701 1350 1730 conferimus.
1368 1702 1401 1730 Et
1426 1703 1516 1731 nullus
1532 1704 1565 1731 de
1579 1703 1706 1738 prmscnti

919 1745 977 1780 lege
993 1747 1049 1773 sive
1066 1746 1184 1773 defuncti
1200 1753 1341 1781 cognatus,
1363 1749 1420 1775 sive
1437 1756 1484 1774 rex
1500 1753 1628 1782 tanquam
1641 1756 1705 1783 pro—

919 1792 978 1827 prio
995 1799 1044 1819 suo
1061 1793 1207 1820 destitutus
1234 1799 1382 1828 queratur;
1414 1794 1462 1821 scd
1481 1795 1507 1821 in
1527 1796 1618 1822 animo
1647 1796 1706 1829 qui-

917 1846 1024 1874 cunque
1046 1845 1186 1874 reputans,
1202 1840 1260 1868 sive
1284 1840 1406 1876 privatns
1419 1841 1475 1868 sive
1493 1849 1552 1875 rex,
1579 1842 1706 1869 omnibus

918 1892 1031 1912 mortem
1047 1885 1201 1913 hominibus
1219 1886 1349 1913 incertam
1366 1887 1468 1921 pariter
1479 1894 1539 1915 esse
1551 1895 1582 1914 ac
1608 1887 1706 1914 timen-

916 1929 990 1962 dam,
1007 1935 1034 1957 et
1056 1930 1122 1958 nulli
1138 1931 1221 1958 licere
1237 1936 1265 1958 nl
1281 1932 1313 1959 de
1329 1932 1381 1959 fine
1396 1940 1446 1960 suo
1460 1933 1612 1960 certissime
1637 1940 1706 1965 νιτρ-

917 1975 1015 2006 videat,
1029 1980 1189 2010 prmscntem
1211 1977 1280 2004 hanc
1297 1977 1382 2012 legem
1399 1981 1527 2012 tanquam
1543 1977 1707 2004 inevitabilis

917 2019 996 2053 hujus
1024 2020 1130 2048 itineris
1154 2021 1284 2048 viaticum
1315 2022 1473 2053 arbitretur,
1490 2027 1516 2049 ct
1533 2030 1566 2050 ne
1589 2022 1705 2049 aliorum

916 2066 1004 2093 solum
1033 2066 1213 2093 substantiam
1226 2067 1308 2101 largis
1325 2067 1471 2094 haustibus
1490 2068 1600 2095 haurire
1629 2069 1706 2096 festi-

916 2116 960 2137 net
971 2118 978 2142 ;
991 2110 1038 2137 sed
1055 2110 1185 2146 recogitet
1208 2118 1238 2138 sc
1254 2111 1343 2146 ipsum
1360 2112 1462 2146 pariter
1472 2112 1544 2146 (talis
1557 2119 1597 2140 est
1609 2114 1705 2140 huma-

916 2164 1012 2183 narutn
1027 2164 1115 2184 rerum
1126 2157 1308 2185 inconstantia
1319 2158 1340 2192 ε)
1350 2159 1446 2186 mortis
1459 2159 1526 2186 falce
1541 2167 1602 2187 scca
1609 2161 1702 2194 mlum,

916 2207 943 2229 et
960 2210 1057 2236 magno
1082 2203 1134 2230 sibi
1152 2203 1206 2231 illic
1224 2204 1325 2232 auxilio
1342 2212 1410 2239 opus
1425 2204 1493 2237 fore,
1513 2211 1539 2232 et
1557 2207 1606 2232 nisi
1625 2207 1704 2241 hujus

64 2240 197 2280 opertam
222 2241 269 2267 ml.
291 2240 393 2276 πολλῆς
409 2241 497 2267 ἐκεῖσε
512 2241 562 2277 τῆς
580 2241 704 2278 βοηθείας
726 2244 862 2280 δεήσεται,

921 2247 1055 2280 armentis
1069 2247 1135 2281 legis
1154 2249 1271 2282 gratiam
1294 2249 1411 2282 fruatur,
1429 2251 1531 2278 nullum
1543 2259 1573 2279 se
1587 2251 1641 2279 illic
1653 2240 1702 2278 ob-

77 2285 124 2312 κιὶ
139 2286 163 2312 εί
181 2285 217 2320 μὴ
231 2287 280 2321 τῆς
297 2286 344 2313 τοῦ
361 2286 495 2322 παρόντος
510 2287 593 2322 νόμου
609 2288 773 2316 ἀπολαύσειε
784 2290 867 2325 χάρια,

78 2339 134 2363 τος,
152 2331 212 2357 οὐδὲ
228 2332 277 2365 τῆς
297 2333 432 2368 τυχούσης
456 2333 514 2359 ἐκεῖ
532 2333 704 2367 ὲπιτεύξεται
719 2335 863 2370 παρακλή-

78 2384 145 2407 σεως
156 2384 162 2392 ·
178 2377 208 2403 οὐ
222 2377 275 2412 γὰρ
292 2378 408 2414 σμικρὸν
422 2379 462 2410 εἰς
476 2379 649 2415 παρηγορίαν
671 2380 709 2416 τῷ
730 2380 863 2408 ἐκϐεϐιω-

78 2421 136 2447 κότι
160 2423 176 2456 ἡ
191 2423 394 2459 εὐπροαίρετος,
420 2423 457 2455 ὡς
471 2424 504 2450 ἄν
521 2433 563 2456 τις
586 2424 653 2460 φαίη
686 2425 733 2452 καὶ
759 2426 863 2462 σμικρὰ

77 2465 145 2501 αὕτη
162 2466 251 2501 δωρεὰ
264 2467 301 2502 τῷ
317 2468 378 2503 Θεῷ
401 2469 447 2496 καὶ
463 2469 646 2506 φιλανθρώπῳ
661 2472 794 2507 Δεσπάτῃ,
812 2480 864 2498 πο·

77 2510 219 2545 λυτρόπως
242 2510 291 2546 τὴν
310 2512 388 2547 ἡμῶν
414 2514 549 2549 σωτηρίαν
571 2516 604 2542 ὲκ
624 2517 743 2552 σμικρᾶς
759 2518 861 2544 οἰκονο-

79 2554 174 2590 μοῦντι
187 2555 418 2593 φιλοτιμουμένης
430 2559 602 2594 προφάσεως.
623 2561 717 2589 Ταῦτα
738 2562 777 2598 τῷ
796 2572 862 2599 παρ-

76 2601 133 2626 όντι
148 2599 228 2635 ἡμῶν
243 2601 297 2631 πᾶς
314 2609 356 2632 τις
368 2602 492 2629 ἐννοείτω
502 2604 674 2640 ἐντυγχάνων
685 2606 860 2642 θεσπίσματι,

77 2645 124 2671 καὶ
138 2646 184 2671 τὸν
199 2645 323 2681 παρόντα
345 2647 427 2682 νόμον
450 2645 506 2674 οἷόν
522 2658 583 2676 τινα
600 2650 696 2686 βοηθὸν
720 2653 767 2679 καὶ
787 2653 818 2680 τό
829 2662 861 2688 γε

78 2692 201 2726 κρεῖττον
218 2692 306 2718 εἰπεῖν
318 2693 367 2727 τῆς
384 2693 481 2721 ἑαυτοῦ
497 2695 633 2730 ῥᾳθυμίας
645 2697 804 2735 διορθωτὴν,
820 2698 861 2732 οἷς

77 2737 202 2772 ἐνδημῶν
215 2737 254 2773 τῷ
269 2738 319 2774 βίῳ
332 2739 366 2766 τὰ
378 2739 428 2774 τῆς
443 2740 576 2776 ἐκδημίας
589 2743 620 2768 οὐ
645 2743 771 2780 λυσιτελῆ
787 2746 861 2782 αὑτῷ

76 2783 189 2814 διέθετο,
206 2784 327 2818 δεχέσθω
342 2786 480 2820 ἁσμένως,
497 2787 630 2823 σωτήριον
647 2789 684 2821 ὥς
699 2799 730 2824 γε
750 2792 861 2826 οἰόμεθα

76 2827 130 2859 τοῖς
141 2829 300 2863 τελευταίας
310 2833 544 2867 χωρὶςτελευτῶσι
560 2834 724 2871 βουλήσεως,
739 2839 784 2864 καὶ
800 2839 860 2873 Θεῷ

77 2873 114 2909 τῷ
122 2875 229 2903 πάντων
240 2876 346 2912 βασιλεῖ
358 2879 407 2907 οὐκ
420 2880 583 2916 ἀπόϐλητον,
597 2881 664 2910 ἀλλὰ
677 2883 722 2910 καὶ
735 2884 801 2920 αὐτῇ
823 2887 855 2920 τῇ

915 2296 1052 2320 tenturnni
1078 2301 1138 2321 esse
1161 2293 1287 2321 solatium
1306 2303 1312 2322 :
1333 2303 1385 2322 non
1400 2296 1473 2322 enim
1489 2305 1583 2331 parum
1599 2297 1632 2323 ad
1667 2297 1704 2324 le—

914 2345 1010 2365 vamen
1031 2339 1135 2365 confert
1154 2339 1208 2366 vita
1233 2339 1360 2368 defuncto
1385 2341 1442 2369 hate
1470 2341 1546 2369 bona:
1577 2342 1702 2368 volunta-

915 2383 961 2415 tis,
977 2389 1006 2411 ut
1023 2384 1137 2413 dicenda
1153 2390 1205 2418 est,
1225 2386 1264 2415 vel
1277 2387 1373 2422 exigua
1387 2387 1498 2422 oblatio,
1515 2389 1570 2416 Deo
1581 2389 1702 2425 benigno

915 2437 1010 2464 nempe
1026 2430 1151 2465 Domino,
1184 2432 1276 2460 multis
1293 2434 1379 2461 modis
1396 2434 1511 2462 salutem
1538 2441 1658 2463 nostram
1686 2443 1702 2463 ο

914 2477 1004 2511 parvis
1018 2479 1209 2506 occasionibus
1224 2480 1392 2514 procuranti,
1408 2480 1521 2508 donata.
1552 2480 1614 2508 llmc
1639 2482 1700 2516 qui-

914 2530 1019 2557 canque
1035 2525 1160 2558 prasenti
1176 2525 1204 2552 in
1220 2531 1313 2554 nostro
1326 2526 1434 2554 decreto
1448 2527 1569 2554 invenire
1584 2532 1699 2561 reputet,

913 2571 940 2595 et
956 2573 1119 2603 prtesentem
1143 2569 1213 2597 hanc
1237 2570 1322 2605 legem
1342 2579 1390 2598 ccu
1404 2572 1538 2606 quoddam
1557 2573 1698 2606 auxilium,

913 2617 939 2640 et
961 2618 990 2640 ut
1020 2614 1115 2642 melius
1147 2615 1247 2648 dicam,
1273 2623 1328 2643 sua:
1355 2617 1466 2644 desidia:
1494 2619 1698 2652 reparatricem,

913 2659 1035 2694 quisquis
1067 2661 1092 2687 in
1121 2661 1175 2688 vita
1201 2661 1304 2696 degens
1332 2670 1392 2697 qua:
1415 2663 1458 2690 sui
1477 2664 1606 2691 transitus
1621 2669 1700 2692 erant

913 2712 965 2731 non
982 2705 1127 2732 salubriter
1137 2706 1283 2741 disposuit.
1301 2715 1363 2735 cum
1379 2708 1477 2742 gaudio
1491 2709 1628 2743 excipiat;
1641 2714 1699 2735 tan-

912 2757 992 2784 quam
1009 2751 1155 2779 salutarcm
1172 2760 1232 2779 eam
1248 2758 1404 2788 reputamus
1419 2753 1461 2782 his
1479 2755 1524 2789 qui
1541 2755 1643 2789 absque
1656 2754 1693 2781 ul-

913 2796 977 2823 tima
1004 2797 1142 2824 voluntate
1169 2797 1356 2830 decesserunt,
1375 2804 1401 2826 et
1427 2800 1482 2827 Deo
1506 2800 1696 2827 universorum

913 2840 967 2874 I‘cgi
985 2847 1037 2867 non
1057 2841 1268 2875 despiciendam,
1285 2843 1332 2870 sed
1347 2843 1428 2870 etiam
1454 2843 1504 2877 ipsi
1532 2843 1631 2870 civium
1649 2851 1694 2870 so-

912 2885 1003 2914 ciclati
1037 2887 1221 2922 util15simatn,
1237 2893 1263 2916 ct
1290 2894 1411 2916 anostra
1428 2897 1486 2925 qua:
1510 2897 1542 2918 ex
1569 2890 1622 2918 Dco
1650 2894 1694 2917 est
