1945 3073
969 233 1435 247 ω

1436 234 1480 238 ---
1488 237 1509 239 A,
1562 238 1578 240 Α
1586 233 1722 240 .————

370 313 744 382 ΕΚΛΟΓΑΙ
782 318 980 381 ΠΕΡΙ
1018 318 1451 382 ΠΡΕΣΒΕΩΝ

717 509 1097 570 EXCERPTA

316 611 469 726 DE
554 637 1482 731 LEGATIONIBUS

97 788 141 817 Ex
165 787 314 826 Dexippo
336 787 541 823 Atheniensi,
568 789 714 827 Eunapio
735 789 901 826 Sardiano,
927 790 1017 821 Petro
1040 790 1171 825 patricio
1193 793 1223 820 et
1247 790 1410 829 magistro,
1435 791 1543 822 Prisco
1565 791 1719 830 sophista,

266 839 373 869 Marco
394 838 678 877 Philudelphiensi,
704 840 881 870 Menandro
898 844 1087 879 protectore,
1111 841 1352 880 ’l‘lieopliylaeto
1375 842 1543 872 Simocatta
1559 866 1566 879 ,

97 900 170 930 Post
196 900 323 932 Davidis
345 900 512 931 ΗωεεΙιείίἰ
533 905 561 930 οι
581 901 723 939 Philippi
746 900 860 931 Labbci
881 910 986 937 curas,
1003 902 1120 931 Bonna-
1135 911 1217 931 anno
1247 902 1326 932 1828
1343 903 1426 940 typis
1445 902 1546 932 denuo
1575 904 1721 934 mundata

545 961 639 991 opera
661 957 689 982 et
711 953 817 983 studio
844 953 878 983 Β.
904 953 941 984 G.
964 954 1133 984 Niebuhrit’
1163 954 1197 984 C.
1228 953 1263 983 ἶν’.

467 1108 723 1140 ΡΙΗΕΕΛΤΙΟ
752 1110 997 1140 EDl'l'OltlJM
1026 1110 1338 1140 llONNENSlUM.

131 1187 278 1215 Parisinam
299 1187 489 1216 historicorum
506 1188 716 1223 Byzantinorum
736 1189 880 1216 editionem
905 1197 957 1216 non
972 1197 1004 1216 eo
1021 1197 1109 1217 animo
1127 1192 1161 1217 ab
1178 1190 1253 1216 initio
1276 1189 1425 1216 institutam
1443 1198 1505 1218 esse
1522 1195 1551 1217 ut
1581 1190 1717 1225 integrum

95 1231 256 1264 scriptorum
274 1237 372 1264 corpus
394 1230 631 1264 complecteretur,
649 1231 778 1265 inspectis
802 1231 984 1257 voluminibus
1001 1239 1060 1264 qua:
1076 1236 1138 1256 ante
1153 1231 1255 1256 editum
1271 1238 1285 1256 a
1303 1230 1428 1264 Philippo
1445 1230 1552 1258 Labbeo
1569 1230 1719 1265 protrepti—

99 1280 150 1297 t-nn
166 1271 334 1304 prodierant,
353 1270 430 1298 facile
442 1276 563 1305 apparet.
580 1271 703 1298 Labbeus
721 1278 821 1303 autem,
838 1276 890 1298 tam
909 1273 1028 1299 historia:
1043 1272 1196 1306 cognitione
1213 1279 1293 1304 quam
1318 1272 1425 1304 ingenio
1435 1273 1584 1306 judieiique
1601 1274 1721 1298 sanitate

95 1312 202 1345 egregie
221 1312 377 1344 instructus,
395 1312 476 1339 simul
487 1319 518 1339 ac
536 1320 596 1339 sese
608 1313 682 1346 operi
698 1314 872 1347 exsequendo
887 1313 1150 1348 dederantorporis,
1167 1313 1237 1347 quot
1255 1312 1381 1345 deinceps
1394 1313 1521 1346 paulatim
1537 1313 1632 1344 erevit,
1650 1313 1717 1339 ima-

95 1354 184 1387 ginem
206 1353 256 1380 sibi
276 1353 442 1386 informavit,
465 1355 576 1388 ejusque
597 1355 754 1389 perﬁciendi
782 1356 930 1382 animosam
950 1363 1023 1389 spem
1044 1355 1187 1388 concepit;
1203 1362 1254 1388 qua
1271 1354 1368 1381 ductus
1389 1354 1502 1381 indicem
1525 1354 1607 1380 l'uluri
1627 1359 1719 1388 synta-

94 1395 193 1428 guiatis
209 1395 365 1428 proposuit;
382 1395 504 1429 singulis,
520 1403 578 1428 qua:
597 1401 660 1423 tunc
671 1396 779 1431 cognita
796 1401 883 1428 erant,
897 1396 1005 1430 scriptis
1020 1397 1045 1423 in
1059 1403 1092 1422 eo
1107 1396 1194 1422 locum
1210 1403 1406 1428 numerumque
1419 1396 1576 1429 assignavit.

130 1434 249 1462 Primum
272 1437 297 1462 in
318 1439 368 1462 hoc
385 1437 474 1463 indice
490 1437 626 1468 volumen,
644 1443 748 1463 servata
763 1438 833 1464 serie
847 1444 935 1463 rerum
951 1443 1099 1471 gestarum,
1119 1437 1153 1463 ita
1169 1439 1356 1471 componebat,
1375 1442 1402 1462 ut
1418 1437 1476 1470 ejus
1492 1436 1605 1463 fundum
1619 1437 1720 1463 faceret

93 1476 199 1511 eclogas
211 1476 245 1504 de
260 1478 439 1512 legationibus
453 1487 466 1504 ιι
485 1477 584 1505 Davide
601 1478 755 1506 llwschulin
767 1480 872 1511 editas;
891 1480 989 1514 quippe
1001 1487 1070 1514 quae,
1083 1487 1137 1505 uno
1148 1486 1261 1512 excepto
1276 1478 1433 1510 Menandro,
1450 1480 1482 1506 ad
1498 1483 1618 1512 tempora
1632 1478 1720 1505 Justi-

94 1517 176 1544 niano
190 1519 348 1553 imperante,
364 1518 548 1554 Proeopioqne
560 1520 701 1554 scriptore,
723 1521 876 1555 antiquiora
895 1525 1048 1556 spectarent
1067 1530 1073 1547 :
1092 1521 1267 1548 Menandrum
1286 1525 1374 1548 autem
1390 1521 1423 1547 ab
1443 1528 1474 1548 eo
1488 1525 1596 1555 propter
1609 1522 1719 1548 easdem

94 1559 213 1587 rationes
230 1560 280 1588 hoc
292 1561 351 1587 loco
370 1566 502 1588 retentum
515 1569 575 1588 esse
589 1562 716 1593 arbitror,
733 1570 792 1597 qua:
809 1564 874 1590 mihi
887 1571 993 1600 quoque
1005 1570 1038 1590 ne
1053 1571 1114 1589 etim
1133 1563 1192 1588 itide
1208 1562 1373 1588 dimovcrcm
1387 1567 1530 1588 suaserunt
1544 1571 1551 1588 :
1568 1561 1671 1589 scilicet
1691 1566 1718 1587 ut

95 1602 180 1628 nimia
197 1601 339 1629 voluminis
356 1603 463 1629 exilitas
476 1603 617 1630 vitaretur.
631 1603 678 1630 Cui
695 1605 784 1638 potius
803 1608 926 1640 augendo
940 1613 999 1631 cum
1020 1612 1113 1630 curam
1130 1604 1282 1634 adhiberet,
1299 1603 1398 1629 factum
1420 1611 1480 1630 esse
1496 1610 1604 1635 censeo,
1619 1608 1646 1630 ut
1664 1612 1717 1629 non

94 1642 180 1669 solum
196 1643 313 1677 eclogas,
333 1652 400 1678 quas
415 1644 527 1672 Photius
541 1652 573 1672 ex
593 1644 784 1680 Olympiodoro
800 1647 974 1681 Candidaque
993 1651 1019 1673 et
1037 1645 1204 1679 Theophane
1219 1645 1392 1679 conscripsit,
1407 1644 1583 1679 subjungerct
1598 1653 1606 1677 ;
1623 1652 1716 1671 verum

92 1690 218 1718 exrerpla
237 1693 343 1719 quoqtte
364 1686 587 1713 Constantiniana
614 1686 648 1713 de
669 1687 848 1721 legationibus
867 1697 899 1716 cx
918 1687 1132 1723 'l‘heophylacto.
1155 1686 1216 1712 lieet
1241 1688 1335 1713 eodetn
1361 1692 1482 1721 tempore
1501 1687 1581 1721 hujus
1605 1687 1718 1714 historia

93 1724 196 1759 integra
211 1726 235 1752 in
251 1726 344 1753 eodeni
359 1727 541 1762 typograplieo
557 1727 638 1761 prelis
655 1728 774 1760 subjecta
791 1735 880 1763 esset;
896 1736 950 1758 tum
969 1738 1033 1757 vero
1050 1729 1175 1764 llesychii
1188 1729 1346 1762 opuseulum
1363 1729 1396 1756 de
1411 1730 1561 1764 originibus
1577 1728 1697 1764 Byzantii
1711 1738 1717 1761 ;

93 1765 109 1792 il
121 1767 210 1801 utique
225 1775 239 1795 e
256 1767 338 1795 Suida
356 1768 466 1796 collecta
481 1777 541 1803 qua:
554 1769 586 1796 ad
601 1769 754 1796 universam
771 1770 911 1799 historiam
924 1772 1112 1807 Byzantinam,
1127 1770 1261 1805 publicam
1278 1771 1380 1804 pariter
1395 1775 1476 1804 atque
1489 1771 1718 1801 ecclesiasticam,

93 1808 231 1842 pertinere
246 1810 411 1836 viderentur.
424 1810 528 1842 Quibus
546 1811 717 1845 compositis.
730 1812 846 1845 subiecit
862 1814 1054 1841 diversissima:
1071 1813 1168 1839 indolis
1183 1811 1374 1838 annotationes
1390 1811 1416 1838 in
1431 1813 1538 1845 eclogas
1554 1812 1588 1839 de
1607 1812 1719 1847 legatio-

94 1849 172 1877 nibus
189 1859 196 1876 :
217 1851 390 1878 admirandas
403 1851 510 1878 llenrici
529 1850 638 1883 Valesii,
652 1852 702 1878 viri
723 1860 791 1886 pene
810 1854 967 1888 singularis,
984 1859 1009 1882 et
1022 1854 1134 1881 stolidas
1147 1853 1303 1880 Cantoclari
1318 1861 1323 1878 :
1337 1859 1392 1879 tum
1407 1853 1438 1879 ad
1456 1861 1487 1880 ea
1501 1860 1560 1888 qua:
1575 1861 1605 1880 ex
1619 1853 1718 1880 Photio

92 1891 230 1926 descripta
255 1897 328 1924 sunt,
350 1900 413 1920 suas
434 1894 518 1927 ipsius
541 1894 802 1928 commentationes;
825 1896 985 1930 prolixiores
1007 1897 1066 1923 illas
1086 1896 1193 1930 quidem
1212 1903 1292 1929 quam
1315 1895 1382 1921 satis
1404 1900 1485 1928 esset,
1506 1895 1552 1922 sed
1573 1896 1717 1921 admodum

92 1932 174 1960 utiles
194 1939 221 1959 et
238 1934 313 1960 bona:
332 1933 418 1968 frugis
436 1934 551 1968 plenas:
571 1935 703 1962 universae
727 1941 816 1963 autem
838 1938 989 1965 collectioni
1010 1937 1151 1973 praemisit.
1174 1937 1246 1970 quod
1270 1935 1453 1969 Protreplicon
1471 1935 1620 1969 inscripsit,
1643 1935 1719 1962 valde

93 1974 249 2001 festinatum
265 1976 422 2009 opusculum
436 1984 443 2006 ς
457 1983 520 2009 quo,
547 1982 644 2010 przclcr
656 1982 833 2011 conspectuin
851 1980 949 2013 operis.
966 1979 1000 2006 de
1014 1987 1067 2013 quo
1078 1978 1205 2012 superius
1218 1977 1381 2004 mentionem
1401 1976 1463 2008 ieci,
1482 1977 1621 2011 catalogus
1636 1977 1718 2009 impe-

92 2022 213 2043 ratorum
237 2017 507 2052 patriarcharumqne
540 2018 715 2050 continetur,
732 2019 822 2046 addito
839 2020 926 2048 indice
940 2022 972 2048 ad
991 2021 1143 2048 litterarum
1164 2019 1289 2046 ordinem
1309 2019 1450 2052 disposito,
1470 2025 1523 2052 quo
1542 2017 1631 2045 curreti
1651 2026 1719 2044 enu-

93 2063 232 2086 merantur
247 2066 362 2094 quorum
379 2060 412 2086 ad
430 2061 499 2087 hanc
512 2060 631 2088 historia:
645 2068 748 2095 partem
766 2063 916 2096 spectantia
932 2064 1043 2096 scripta.
1065 2067 1111 2089 aut
1129 2062 1225 2088 saltem
1243 2068 1336 2088 eorum
1357 2061 1485 2087 memoria
1501 2060 1635 2087 exstabat.

129 2101 184 2136 Ego
197 2108 271 2133 vero,
285 2109 345 2128 eum
361 2102 388 2128 in
408 2109 441 2129 eo
457 2110 499 2129 res
515 2107 587 2130 ess-et
599 2108 626 2129 ut
642 2104 724 2130 editio
742 2104 894 2132 Bonnensis
909 2105 1017 2138 eclogas
1035 2106 1067 2131 de
1082 2103 1262 2136 legationibus
1278 2101 1430 2134 exhiberet,
1448 2102 1581 2135 quomodo
1594 2101 1619 2128 in
1638 2105 1719 2128 caste—

92 2144 140 2172 ris.
163 2151 222 2177 qua:
243 2143 366 2172 Labbeus
384 2145 418 2171 iis
437 2144 570 2178 adiunxit,
590 2153 714 2173 versarer
738 2154 790 2173 non
813 2154 908 2180 parum
927 2145 1046 2173 lia-sitavi
1078 2143 1171 2178 Neque
1187 2144 1259 2170 enim
1275 2143 1418 2169 immemor
1437 2151 1496 2169 sitm
1517 2142 1718 2177 promissionis,

91 2192 144 2219 qua
161 2185 292 2212 Weberus
306 2193 366 2213 sese
381 2186 525 2213 obstrinxit
542 2194 548 2211 ;
563 2187 626 2213 nihil
643 2195 754 2221 prunus
766 2195 798 2214 ex
816 2188 869 2219 his,
881 2195 942 2222 qua:
957 2189 982 2214 in
998 2187 1116 2214 editione
1135 2185 1257 2212 Parisina
1270 2185 1452 2217 continentur,
1468 2184 1598 2212 omissmn
1613 2184 1644 2211 iri
1661 2192 1668 2210 ί
1684 2198 1719 2204 -—

92 2226 162 2260 quod
179 2227 288 2260 quidem
301 2226 412 2254 minime
425 2228 559 2259 obstabat,
576 2235 608 2254 ne
622 2228 746 2263 llesychii
762 2230 921 2262 opusculum
938 2229 1046 2263 aptiori,
1060 2228 1116 2254 imo
1133 2227 1242 2261 proprio
1258 2233 1307 2253 suo
1337 2225 1396 2252 loco
1411 2230 1616 2259 reservaretur;
1635 2233 1666 2252 ac
1685 2233 1719 2252 ne

91 2268 251 2294 omittendis
268 2269 374 2302 quidem
391 2269 526 2303 evecrptis
543 2277 576 2296 ex
594 2269 807 2304 Taeophylacto,
823 2278 939 2304 quarum
959 2270 1031 2296 nulla
1049 2269 1160 2296 omnino
1180 2267 1283 2294 utilitas
1299 2271 1352 2300 est,
1369 2266 1419 2293 nisi
1440 2272 1469 2294 ut
1487 2267 1548 2295 inde
1576 2267 1659 2294 varia:
1681 2267 1720 2294 le—

93 2309 199 2336 c:ioues
214 2310 247 2336 ad
261 2310 343 2336 crisin
362 2310 459 2344 integri
475 2311 565 2343 operis
583 2315 718 2344 petantur.
735 2313 770 2338 De
792 2311 904 2345 reliquis
921 2311 946 2338 in
968 2316 1111 2344 utramque
1137 2315 1240 2344 partem
1259 2308 1391 2342 disputari
1409 2312 1524 2343 poterat.
1545 2309 1672 2335 Attamen
1691 2308 1718 2335 in

93 2350 176 2377 Suida
193 2351 381 2386 perlustrando
393 2352 449 2379 sive
466 2351 587 2379 Labbcus
601 2353 658 2380 sive
678 2353 757 2384 alios,
772 2354 813 2380 cui
837 2353 907 2380 hunc
924 2353 1045 2380 laboretur
1061 2352 1243 2384 demandavit,
1263 2351 1496 2386 negligentissime
1509 2354 1633 2378 versatus
1655 2354 1717 2383 est;

94 2399 132 2426 ut,
150 2394 172 2421 si
195 2403 287 2422 revera
303 2403 362 2430 qua:
381 2395 416 2422 ibi
438 2395 470 2422 ad
492 2396 632 2423 historiam
646 2397 824 2432 Byzantinani
851 2395 965 2429 reposita
986 2399 1098 2426 exSLant
1118 2393 1230 2420 collecta
1250 2393 1313 2419 dare
1335 2392 1419 2425 velis,
1446 2392 1523 2419 labor
1549 2392 1719 2419 adhibendus

92 2440 176 2467 esset,
191 2436 233 2462 cui
250 2437 427 2470 impertienda
440 2437 490 2464 hoc
502 2438 609 2472 quidem
636 2443 756 2473 tempore
773 2447 859 2474 neque
876 2437 938 2464 mihi
951 2437 1035 2463 otium
1051 2442 1094 2463 est
1113 2444 1198 2470 neque
1212 2436 1316 2467 amicis,
1330 2435 1374 2469 qni
1392 2443 1450 2461 mea
1468 2443 1549 2462 causa
1574 2435 1653 2460 etiam
1677 2434 1719 2460 in-

94 2483 200 2513 gratum
216 2479 354 2513 suscipere
369 2480 455 2513 parati
473 2486 544 2507 sunt.
563 2481 599 2507 Ex
619 2482 660 2508 his
676 2487 764 2509 autem
779 2491 838 2516 qua:
857 2479 925 2515 apud
942 2478 1079 2504 Labbeum
1094 2478 1207 2504 collecta
1223 2477 1348 2511 leguntur
1370 2484 1420 2502 non
1438 2483 1522 2510 pauca
1538 2475 1570 2501 ad
1586 2475 1715 2502 ecclesia-

95 2520 191 2547 sticam
208 2520 346 2546 historiam
359 2521 496 2554 pertinent
511 2529 516 2547 :
535 2529 550 2548 (ξ
562 2522 672 2556 reliquis
684 2530 851 2558 qu:erunqne
867 2521 976 2555 majoris
989 2520 1117 2546 momenti
1129 2524 1192 2546 sunt
1202 2523 1248 2545 aut
1263 2519 1364 2545 diserte
1379 2518 1428 2545 sub
1454 2517 1567 2551 alicujus
1579 2525 1594 2543 e
1606 2517 1715 2548 seviris.

94 2569 208 2596 quarunt
227 2560 354 2594 reliquias
366 2569 425 2588 cum
439 2563 556 2589 maxime
568 2563 684 2595 edimus,
704 2565 812 2591 nomine
828 2564 987 2593 alieruntur,
1002 2566 1049 2595 aut
1064 2562 1096 2588 ad
1115 2569 1198 2588 unum
1211 2568 1242 2587 ex
1260 2561 1291 2586 iis
1309 2559 1361 2593 iatn
1378 2560 1434 2593 diu,
1448 2559 1598 2594 praesertim
1619 2557 1717 2586 Valcsii

95 2603 231 2633 acumine,
248 2602 331 2629 relata
350 2607 422 2636 sunt,
454 2608 550 2630 cmtera
574 2604 642 2632 levia
661 2605 716 2632 fere
734 2606 859 2632 videntur
874 2613 905 2631 ac
931 2604 1005 2638 parvi
1026 2603 1114 2638 pretii.
1134 2603 1198 2635 Quae
1212 2610 1272 2630 cum
1290 2602 1323 2628 ita
1340 2602 1403 2633 sint,
1423 2602 1478 2633 illa,
1495 2608 1609 2635 quorum
1630 2601 1718 2635 primo

94 2645 153 2671 luco
168 2644 329 2671 mentionem
345 2644 406 2677 feci,
425 2652 534 2679 prorsus
545 2647 679 2679 omittam,
696 2655 740 2679 ne,
753 2649 815 2674 dum
834 2647 974 2674 historiam
993 2648 1205 2676 ecclesiasticam
1223 2647 1336 2682 attingo,
1353 2647 1378 2672 in
1394 2647 1556 2672 immensum
1573 2650 1716 2673 excrescat

93 2695 162 2723 opus
180 2688 234 2720 jam
248 2696 296 2722 per
310 2695 339 2715 se
361 2688 440 2715 nimis
463 2689 600 2723 amplum:
619 2705 650 2709 —
667 2698 697 2717 ea
716 2699 778 2718 vero
798 2699 857 2726 qua)
878 2692 990 2718 Suidam
1012 2699 1043 2719 ex
1065 2691 1125 2719 aliis
1145 2691 1431 2718 Constantiuianarum
1454 2690 1606 2723 eclogarum
1630 2688 1714 2715 titulis

93 2730 244 2763 sumpsisse
259 2734 382 2763 apparet,
393 2738 463 2765 saepe
477 2732 672 2762 cmendatiora,
689 2732 801 2766 adjectis
817 2742 869 2759 nun
887 2734 954 2761 adeo
966 2734 1058 2768 paucis
1073 2733 1192 2767 ejusdem
1209 2732 1327 2767 generis,
1342 2731 1467 2766 subjuuxi
1490 2731 1611 2766 reliquiis
1625 2731 1715 2758 unius-

93 2770 225 2805 cujusque
241 2771 385 2805 scriptoris
401 2780 408 2797 :
426 2776 526 2798 caetera
547 2780 618 2799 nunc
631 2774 737 2807 quidem
753 2781 805 2801 non
822 2776 946 2806 exhibeo,
963 2782 1014 2801 non
1031 2778 1119 2800 tamen
1132 2778 1160 2800 ut
1177 2773 1220 2799 illa
1238 2773 1263 2799 in
1278 2777 1434 2807 perpetuum
1452 2772 1604 2804 excludam,
1623 2772 1670 2798 scd
1683 2779 1716 2798 eo

94 2813 208 2839 consilio
226 2817 264 2845 ut,
287 2813 309 2840 si
332 2812 478 2847 aliquando
502 2813 587 2839 otium
610 2813 692 2841 fuerit
716 2814 806 2841 Suida:
827 2823 954 2843 accurate
975 2816 1142 2846 cxruliettdi,
1167 2820 1230 2841 tunc
1251 2814 1341 2848 amplo
1365 2814 1532 2840 incremento
1555 2813 1714 2847 locupletata

93 2853 182 2880 omnia
199 2854 279 2881 simul
299 2861 458 2888 proponam.
470 2869 504 2874 —
518 2854 672 2883 Cantoclari
691 2857 890 2889 annotatimies,
907 2865 967 2891 qua:
985 2857 1137 2883 versionem
1159 2855 1281 2882 Latinam
1299 2859 1432 2889 spectant,
1448 2855 1594 2888 aliquando
1606 2861 1715 2881 errores

93 2894 242 2930 eorrigunt,
269 2903 336 2930 quos
356 2894 500 2924 Classenus
524 2896 648 2931 Sustulit;
674 2905 868 2932 nonnunquam
885 2899 961 2925 nevis
983 2897 1042 2926 illos
1063 2895 1222 2931 eumuiant;
1245 2905 1304 2931 ιιιιιυ
1320 2896 1353 2924 ad
1367 2896 1460 2924 Urazca
1476 2896 1641 2929 referuntur,
1661 2895 1718 2929 ple-
