1945 3073
221 176 272 211 (id?
749 173 947 204 EXCERI’I‘A
968 172 1016 201 DE
1037 172 1332 202 LEGATIONIBUS.
1789 173 1844 205 (ξοδ

223 238 334 264 ruutque
349 238 409 257 cum
431 231 579 258 Incredibili
595 231 745 265 ignorantia
762 231 936 265 conjunctam
958 228 1136 256 stoliditatem
1153 229 1301 262 exhibent;
1322 228 1473 264 cuiusmodi
1494 229 1593 266 flagitia
1615 239 1664 266 pro
1684 240 1743 260 mea
1762 239 1842 266 parte

222 279 371 306 propagare
384 271 459 298 nefas
477 272 574 300 habeo.
597 273 751 306 Aliquando
763 273 872 306 quidem
891 272 917 298 itt
936 271 987 298 ltoc
1005 270 1175 303 sterquilinio
1192 277 1235 297 res
1253 278 1308 296 non
1322 272 1538 298 contemnendas
1553 272 1695 306 invenias;
1714 274 1760 301 ubi
1775 275 1842 301 vitia

223 316 315 338 textus
332 311 513 340 lluesclteliani
528 314 698 347 conjicienda
712 319 808 341 sanata
827 318 872 341 aut
893 318 967 340 certe
983 311 1159 346 probabiliter
1171 316 1273 338 tentata
1286 318 1349 339 sunt
1368 320 1448 347 :qute
1462 313 1596 340 hominem
1612 315 1722 342 absttrdi
1740 316 1842 350 ingenii

223 353 393 387 excogitasse
409 363 488 382 ttetno
502 356 554 383 sibi
571 355 745 388 persuadebit
760 363 767 382 :
787 362 893 387 verum,
908 354 1061 386 cuicunque
1075 353 1180 380 auctori
1200 353 1250 380 ista
1268 354 1411 386 debentur,
1426 362 1520 382 eorum
1538 356 1669 383 rationem
1687 357 1712 383 in
1729 358 1844 385 scholiis

223 394 327 421 criticis
348 395 382 421 ita
400 396 479 423 habtti
494 401 522 423 ut
536 397 700 423 Cautoclaro
715 404 763 430 pro
784 396 818 423 iis
835 396 964 422 honorem
981 394 1150 422 exhiberem.
1165 409 1201 414 —
1223 394 1362 423 Labbettm
1377 396 1501 430 equidem
1518 397 1629 424 minime
1652 405 1752 432 sperno
1767 407 1774 424 :
1792 400 1842 426 sed

221 436 266 469 qui
283 436 340 469 «jus
355 436 542 472 Protrepticon
556 438 658 472 jatttdiu
674 437 802 465 oblivioni
817 437 945 464 traditum
962 436 1059 463 iterum
1075 435 1100 462 itt
1120 436 1259 462 hominum
1275 437 1399 464 notitiam
1416 436 1543 470 proferet,
1559 438 1582 465 is
1599 438 1690 472 gloria:
1703 439 1754 466 viri
1771 441 1845 467 male

222 477 345 504 consalet
359 486 367 505 :
381 480 448 506 adeo
459 487 566 511 manca,
581 486 700 513 persmpe
716 484 806 506 autem
819 485 943 505 errorum
957 477 1045 511 plena,
1064 483 1129 505 sunt
1142 485 1202 511 qute
1215 478 1247 505 de
1260 478 1438 513 scriptoribus
1455 478 1535 513 hujus
1553 479 1671 507 historia:
1686 481 1790 514 tradit,
1804 481 1857 508 ita.

223 522 252 544 ιιι
265 519 306 544 tix
324 518 371 545 illo
386 527 443 547 mvo
459 520 523 547 ferri
542 520 688 555 potuerint,
705 524 766 553 post
787 519 938 547 Fabricium
958 525 1037 545 nemo
1055 517 1135 545 ferat.
1149 517 1343 552 ltnperatorttut
1358 517 1559 552 cltronologiam
1581 527 1653 546 nunc.
1668 519 1708 546 vel
1733 521 1810 552 pueri
1827 528 1843 548 e

221 559 406 595 librisubique
417 561 503 589 obviis
514 567 605 596 petere
614 562 851 596 poterunt.s:tltem
865 568 916 587 tton
927 560 1016 587 minus
1029 565 1185 586 accuratam
1198 568 1205 592 ;
1216 559 1249 586 de
1271 559 1477 593 patriarchis,si
1490 560 1532 587 ctti
1547 568 1670 594 quaerere
1682 561 1758 594 libet,
1769 563 1842 595 apud

222 599 398 635 Bamlurium,
416 603 493 637 cujus
516 608 658 638 syntagma
678 604 704 630 in
728 603 779 630 ltoc
799 608 913 636 corpore
926 601 1053 628 exhibere
1065 608 1118 627 ttou
1141 600 1317 636 negligemus,
1332 600 1452 634 pleniora
1466 601 1692 636 accuratioraque
1710 602 1842 631 inveniet.

261 648 325 675 ﬂare
337 650 486 678 omittendo
504 652 671 685 emptoribus
690 658 723 677 eo
736 650 822 684 magis
834 649 1027 676 consulendum
1041 654 1100 676 erat
1118 649 1189 683 quod
1204 649 1287 676 editio
1305 654 1398 676 nostra
1424 649 1521 683 amplis
1536 650 1739 678 accessionibus
1760 656 1840 678 anrta

223 696 275 718 cst.
293 691 397 719 Elcnint
414 694 446 718 ad
467 692 626 726 Dexippunt,
644 692 794 726 Ettnapium
812 696 838 719 et
858 691 1033 718 Menandrum
1054 695 1182 722 excerpta
1199 691 1231 717 de
1248 691 1391 718 sententiis
1407 691 1551 724 addebant.
1563 698 1623 725 quae
1636 699 1651 718 e
1665 692 1842 726 palimpsesto

228 732 358 760 Vaticano
370 734 454 760 edidit
468 734 505 761 ill.
520 734 621 761 Maius:
634 738 690 760 tum
707 734 868 768 frag-nenta,
884 741 899 760 e
914 732 996 759 Suida
1010 731 1075 763 fere,
1094 736 1138 758 aut
1149 731 1204 765 jattt
1218 732 1342 763 collecta,
1360 736 1406 758 attt
1421 732 1518 759 saltem
1534 733 1650 760 indicata
1670 742 1677 760 :
1690 733 1800 765 deinde,
1814 740 1844 761 ut

225 771 367 801 Fabricius
382 775 438 801 ﬁeri
451 775 543 808 juSsit,
562 775 668 810 eclogas
683 782 699 801 e
713 775 840 802 Nonnoso
852 775 890 809 (a)
903 782 910 806 ;
923 780 1004 807 porro
1020 773 1196 807 panegyricos
1210 773 1347 800 Anastasii
1364 780 1379 799 a
1393 772 1524 808 Procopio
1538 778 1565 801 et
1579 772 1719 801 Prisciano
1733 774 1842 807 dictos;

225 815 341 849 tlrttitltte
355 816 480 849 indicent,
498 824 530 843 ex
545 817 668 844 instituto
681 817 752 851 quod
769 817 794 844 in
808 816 922 851 Agathia
934 815 1040 842 edendo
1053 818 1163 840 secutus
1176 821 1246 845 sum,
1261 814 1406 849 duplicem.

259 857 319 885 Jam
343 866 406 886 vero
425 866 504 893 quam
522 860 650 894 praeclara
668 860 723 887 sint
738 868 798 895 qua:
814 861 840 887 in
860 860 956 887 hornnt
983 857 1134 886 sevirorum
1157 857 1278 891 reliquiis
1293 858 1326 884 ad
1345 857 1466 885 historiae
1487 859 1668 892 cognitionem
1695 859 1844 894 pertinent,

227 904 327 927 norunt
341 902 455 928 lectores
466 901 581 928 Gibboui
601 911 608 929 :
626 909 712 936 neque
726 909 789 929 vero
810 902 954 936 quisquam
970 900 1029 927 sani
1052 899 1148 932 judicii
1168 900 1211 926 vir
1230 901 1298 927 adeo
1313 900 1389 926 unice
1405 899 1501 927 Atticis
1516 900 1693 928 delectabitur
1709 905 1748 933 ιιι,
1765 903 1843 928 verbi

225 941 323 974 gratia,
340 941 425 968 Prisci
449 943 630 970 narrationem
650 943 684 970 de
709 943 842 977 legatione
859 942 891 970 ad
910 941 1020 968 Attilam
1042 941 1173 970 fastidiat.
1201 941 1291 976 Itaque
1313 942 1476 976 scriptorum
1500 942 1611 970 honoris
1634 950 1738 974 causa,
1761 943 1846 969 simul

224 987 314 1009 autent
326 984 438 1010 ornandi
453 985 552 1018 operis,
566 985 609 1011 cui
629 991 727 1012 nomen
742 992 831 1012 meum
852 983 1016 1019 praescripsi,
1032 983 1196 1017 quzerebam,
1208 983 1230 1010 si
1241 984 1283 1010 cui
1304 983 1402 1011 illustri
1421 984 1446 1010 iit
1460 991 1488 1010 re
1502 984 1596 1011 critica
1615 985 1712 1011 artitici
1730 992 1846 1017 persua-

224 1024 288 1050 dere
304 1031 421 1058 possetn,
436 1029 464 1051 ιιι
486 1026 545 1060 ejus
566 1026 660 1060 prima:
679 1026 765 1060 partis
788 1026 962 1052 recensenda:
976 1025 1126 1059 susciperet
1145 1024 1270 1051 oliicium.
1286 1024 1362 1052 Tunc
1379 1024 1470 1051 subito
1489 1026 1572 1052 tuenti
1591 1026 1754 1053 occurrebat
1772 1025 1844 1053 Bck-

224 1062 318 1097 Itcrtts,
335 1073 386 1092 non
403 1066 491 1093 minus
511 1071 621 1102 propter
635 1067 783 1094 amicitiam
798 1074 850 1101 qna
869 1071 1000 1097 tenentur,
1017 1074 1098 1100 qttam
1112 1070 1222 1100 propter
1241 1066 1346 1093 unicam
1361 1066 1413 1092 vim
1431 1071 1511 1100 atque
1525 1067 1704 1099 celeritatem,
1717 1074 1799 1101 quant
1817 1067 1843 1092 in

225 1107 399 1133 recensendis
414 1106 568 1134 Cra-corum
582 1109 658 1136 libris
669 1116 730 1136 cum
744 1108 906 1136 eruditionis
924 1107 1076 1143 ingeniique
1091 1108 1194 1135 lumine
1205 1107 1376 1143 conjunctam
1393 1108 1511 1135 exhibet.
1529 1109 1567 1136 Ac
1579 1113 1653 1136 certe
1665 1109 1689 1135 ei
1707 1109 1778 1135 laueli
1790 1116 1843 1142 qua

225 1145 374 1175 Politianus
391 1147 492 1175 loctutn
510 1150 638 1182 pictorem
649 1155 737 1182 ornat,
751 1160 761 1176 ι
781 1151 844 1178 Plus
859 1151 994 1177 neminem
1011 1149 1130 1184 potuisse
1140 1149 1250 1183 pingere
1267 1156 1316 1176 nec
1334 1149 1439 1181 melius,
1457 1159 1466 1175 ι
1481 1157 1572 1183 parent
1585 1150 1695 1177 otttuitto
1711 1149 1737 1176 in
1749 1154 1844 1176 nostro

226 1189 380 1216 litterarum
395 1197 492 1225 genere
506 1190 626 1219 Bekkero
640 1192 809 1220 tribuendam
822 1200 892 1225 esse,
907 1199 995 1223 nemo,
1008 1191 1100 1224 credo,
1117 1191 1245 1224 ambiget.
1261 1189 1361 1226 Rogavi
1374 1198 1435 1217 eum
1455 1190 1544 1225 igitur,
1562 1190 1609 1217 sed
1624 1190 1730 1222 timide;
1745 1191 1846 1225 quippe

230 1237 282 1256 non
302 1231 411 1258 nescius
423 1239 485 1259 eum
509 1233 641 1260 hactenus
660 1234 766 1261 nonnisi
788 1234 892 1261 collatis
913 1233 1052 1261 codicibus
1073 1232 1196 1259 innixum
1214 1232 1297 1260 libros
1316 1233 1497 1260 recensendos
1521 1233 1673 1267 suscepisse
1690 1242 1698 1262 ;
1713 1237 1740 1258 at
1758 1234 1783 1259 in
1802 1234 1846 1260 his

228 1270 394 1306 legationum
410 1275 546 1308 cxcerplis
567 1275 690 1302 codicum
707 1276 858 1302 subsidium
877 1276 972 1302 aderat
990 1275 1111 1302 nullum:
1129 1283 1192 1302 nant
1210 1275 1398 1302 blonaccusem
1415 1275 1448 1302 ab
1469 1274 1620 1302 Htesrhelio
1637 1274 1845 1302 aecttratissintc

226 1313 392 1347 cxscriptnnt
415 1322 476 1342 esse
491 1320 608 1349 constat,
624 1315 746 1344 Vaticani
760 1322 850 1344 autent
867 1317 948 1344 rat-ire
968 1317 1096 1343 lectiones
1115 1316 1149 1343 ab
1173 1315 1212 1342 ill.
1230 1315 1298 1342 Maio
1321 1317 1432 1349 prolatae
1454 1323 1522 1350 perte
1544 1315 1697 1343 absoltttum
1715 1323 1775 1342 cum
1797 1315 1845 1342 illo

226 1360 387 1382 conseruent
411 1357 544 1390 probant:
559 1365 646 1392 neque
663 1357 733 1384 ullus
745 1365 842 1393 prmter
859 1360 917 1390 bos,
943 1358 1050 1384 sublato
1060 1366 1093 1385 ex
1108 1358 1250 1385 hominum
1275 1358 1371 1384 notitia
1389 1357 1546 1389 Schottano,
1566 1364 1708 1392 superesse
1724 1358 1842 1384 videtur.

226 1393 371 1430 Sed,Quod
381 1398 488 1431 qttldent
502 1407 684 1433 speraveram,
695 1399 802 1426 deﬂexit
817 1399 953 1426 Brkki-rus
968 1407 1027 1426 mea
1041 1406 1122 1426 causa
1137 1400 1170 1426 de
1188 1407 1262 1426 more
1275 1407 1342 1432 suo;
1359 1399 1530 1433 acceptisque
1549 1398 1745 1426 Ilmscheliante
1761 1399 1846 1425 Maia-

227 1443 323 1470 nteque
349 1439 497 1466 editionum
520 1440 662 1474 exemplis,
675 1448 790 1474 quorum
803 1440 915 1474 ntargiui
931 1440 1100 1474 conjecturas
1121 1441 1185 1468 mihi
1202 1446 1292 1473 natas,
1305 1439 1458 1476 Valesiique
1478 1441 1681 1468 cmendatioues
1704 1441 1844 1474 ascripse-

226 1485 297 1511 ram,
314 1479 372 1513 ipse
395 1482 530 1509 universis
553 1483 628 1509 hisce
649 1483 769 1516 reliquiis
793 1481 968 1508 emendandis
988 1489 1018 1509 se
1042 1482 1125 1509 dedit.
1144 1482 1175 1509 Et
1197 1483 1267 1517 quod
1290 1483 1322 1509 ad
1344 1483 1403 1509 illas
1418 1483 1525 1517 quidem
1547 1483 1655 1514 attinet,
1681 1482 1845 1510 Parisicnsis

226 1519 354 1547 editionis
367 1523 516 1556 exemplar,
533 1523 698 1557 Maianaeque
717 1523 871 1557 eclogarum
885 1523 919 1550 de
939 1524 1093 1558 sententiis,
1115 1525 1239 1560 plurimis
1260 1525 1326 1552 locis
1347 1529 1480 1557 correcta,
1505 1523 1626 1557 remisit;
1645 1531 1737 1551 verum
1757 1523 1793 1551 ita
1816 1529 1846 1551 ιιι

230 1561 344 1588 arbitrio
360 1571 419 1589 tneo
437 1564 601 1598 relinqueret
613 1565 634 1592 si
650 1565 714 1599 quid
727 1565 825 1592 addere
841 1569 888 1592 aut
907 1570 1012 1592 mutare
1026 1566 1134 1592 vellent.
1150 1566 1209 1599 Quo
1223 1566 1347 1600 equidem
1366 1567 1401 1592 ita
1418 1574 1481 1592 usus
1495 1573 1565 1597 sum,
1579 1570 1608 1592 ut
1628 1565 1759 1600 plurintas
1776 1573 1846 1599 pra:-

229 1605 324 1631 scrtitn
339 1604 451 1633 Bekkcri
465 1609 667 1635 emendationes
683 1616 742 1643 qua:
758 1609 919 1636 certissima:
932 1609 1090 1637 viderentur
1114 1610 1141 1637 in
1161 1610 1283 1636 ordinem
1300 1610 1432 1636 sermonis
1452 1608 1580 1635 inferrent
1595 1617 1602 1635 :
1619 1608 1746 1635 addi-rent
1762 1609 1845 1634 etiam

228 1646 342 1673 subinde
354 1655 414 1681 quae
429 1649 525 1676 iterato
540 1650 666 1676 examine
683 1651 708 1676 iit
725 1655 841 1677 mentem
862 1650 928 1677 mihi
945 1651 1069 1678 venirent
1085 1658 1092 1678 :
1108 1658 1141 1678 cx
1156 1651 1198 1678 his
1211 1655 1302 1678 autem
1317 1658 1375 1684 quae
1389 1659 1402 1676 a
1418 1657 1459 1675 inc
1471 1649 1605 1684 proposita
1620 1649 1751 1681 Brltkcro,
1767 1649 1846 1683 cujus

229 1688 384 1716 auctoritati
397 1690 422 1716 itt
434 1691 566 1718 sermonis
579 1692 732 1727 Cognitionc
744 1693 844 1724 omnia,
859 1693 924 1720 ntilti
941 1692 1007 1719 nihil
1025 1693 1080 1720 fere
1097 1693 1197 1725 tribuo,
1212 1692 1381 1727 displicuisse
1399 1692 1530 1722 videbam,
1544 1691 1609 1717 nihil
1626 1691 1732 1722 reduxi,
1748 1696 1847 1724 [tl’ﬂ‘ll'l'

230 1735 359 1763 perquam
371 1739 456 1766 pauca
470 1740 529 1766 qua:
542 1741 575 1761 ex
591 1733 703 1761 historia
723 1734 895 1769 tlijadit-auda
910 1740 1011 1761 essent.
1027 1735 1118 1769 Usque
1137 1735 1204 1761 adeo
1219 1741 1307 1761 autent
1323 1733 1443 1760 B.-likcro
1463 1733 1573 1767 obsequi
1592 1740 1713 1759 mearum
1729 1736 1847 1767 partium

228 1777 288 1797 esse
301 1772 375 1804 duxi,
391 1777 429 1805 ut,
444 1774 550 1801 ctiatnsi
565 1775 679 1803 subinde
694 1776 852 1810 suspicabar
862 1777 1025 1811 scriptorum
1041 1778 1128 1811 pntius
1142 1776 1338 1811 vitia,quorutn
1357 1783 1447 1803 sermo
1465 1774 1557 1802 szeculi
1572 1775 1611 1801 sui
1630 1775 1689 1801 labe
1702 1779 1848 1801 contactus

229 1815 314 1843 esset,
329 1819 409 1845 quam
427 1814 578 1841 scribarum
595 1815 744 1849 sphahnata
757 1816 827 1848 tolli,
842 1817 982 1851 impudens
997 1820 1087 1845 tamen
1104 1818 1169 1845 tnilti
1185 1819 1259 1846 visus
1272 1825 1370 1849 essem,
1387 1817 1408 1843 si
1426 1822 1520 1843 contra
1533 1823 1612 1850 quam
1632 1816 1677 1843 ille
1691 1815 1848 1847 statuisset,

227 1851 392 1881 deciderent.
407 1855 446 1881 Ad
462 1856 513 1883 ltoc
528 1865 611 1892 genus
629 1858 692 1884 illud
712 1859 838 1892 pertinet,
855 1863 884 1885 ut
895 1859 1018 1893 exempla
1035 1859 1182 1893 proferant,
1199 1859 1269 1894 quod
1287 1867 1357 1894 sa‘pe
1374 1866 1422 1894 pro
1443 1859 1544 1884 aoristo
1563 1858 1647 1893 primo
1665 1857 1787 1883 futurum
1804 1865 1849 1883 re-

228 1896 384 1931 POIIil.nut,
407 1898 451 1926 ubi
469 1901 539 1933 apttd
561 1900 695 1933 Priscum,
723 1901 867 1934 Malchntn,
893 1901 1081 1934 Menandrum,
1111 1901 1243 1928 articulus
1264 1900 1446 1932 desideratur,
1470 1906 1551 1933 quem
1575 1903 1649 1925 certe
1674 1906 1726 1925 u0n
1756 1899 1849 1924 utilius

228 1937 342 1979 rationis
368 1947 448 1974 quant
474 1950 547 1969 sana:
569 1944 773 1971 consuetudinis
791 1944 862 1979 leges
886 1944 1019 1979 ﬂagitant,
1037 1951 1098 1971 eum
1124 1943 1230 1974 inserit,
1245 1942 1287 1970 \‘cl
1306 1949 1386 1969 casus
1409 1941 1532 1976 obliquos
1556 1941 1744 1974 pronominum
1762 1939 1804 1966 ὁδε
1821 1944 1847 1966 cl

225 1973 303 2009 οὗτος
322 1987 383 2006 cum
407 1981 502 2008 iisdem
517 1984 562 2017 qui
581 1991 595 2010 a
611 1984 713 2010 τοιόσδε
727 1989 753 2011 et
771 1973 890 2016 τοιξῦτος
914 1973 993 2012 form:

1098 1989 1193 2012 mutat.
1215 1973 1482 2018 Chronogt‘apltiam;
1502 1973 1584 2017 quam
1604 1982 1686 2009 editio
1708 1987 1802 2009 nostra
1820 1982 1848 2009 itt

227 2020 350 2054 margine
368 2023 489 2056 exhibet,
503 2025 536 2051 ad
550 2031 677 2060 excerpta
691 2027 725 2054 de
735 2026 916 2061 legationibus
934 2035 986 2054 tton
1002 2026 1053 2053 levi
1067 2026 1159 2054 labore
1173 2026 1369 2053 stabiliverant.

260 2064 308 2093 "is
318 2069 433 2100 Peractis
445 2071 589 2104 typothetze
604 2073 747 2106 opustradi
764 2077 878 2107 poterat,
895 2072 945 2100 nisi
960 2080 1072 2100 exosum
1085 2073 1216 2100 versiouis
1233 2071 1336 2100 Latina:
1350 2079 1418 2099 onus
1433 2072 1610 2100 incumberet.
1625 2070 1703 2104 Quod
1719 2078 1780 2098 cum
1799 2072 1848 2099 de-

225 2107 326 2140 pcllerc
340 2117 392 2136 non
416 2111 521 2144 liceret,
542 2113 780 2146 Cantoclaranam,
804 2122 856 2149 qua
877 2115 997 2149 pejorem
1017 2115 1116 2142 nullam
1131 2116 1156 2142 itt
1173 2115 1300 2142 universo
1321 2115 1370 2141 hoc
1386 2114 1538 2141 litterarum
1562 2120 1661 2148 genere
1686 2113 1801 2141 inveniri
1818 2114 1846 2142 itt

227 2149 322 2184 vulgus
338 2157 430 2179 notnnt
446 2159 502 2187 est,
518 2155 577 2182 sine
590 2157 680 2190 operis
693 2157 825 2184 tledecore
836 2157 966 2184 intactam
980 2158 1082 2184 servari
1096 2165 1149 2184 tton
1166 2164 1244 2192 posse
1261 2155 1407 2190 apparebat
1426 2164 1432 2182 :
1450 2162 1542 2182 verum
1557 2155 1603 2189 qtti
1619 2162 1648 2181 se
1662 2155 1767 2190 ingrato
1781 2163 1848 2182 cor-

227 2192 330 2226 rigendi
350 2195 435 2222 labori
450 2196 536 2229 daret,
555 2197 724 2226 inveniebam
737 2199 873 2226 netttinem
887 2207 894 2228 :
913 2199 962 2226 nisi
983 2198 1124 2229 Classeno,
1141 2204 1296 2231 quanqttatn
1312 2196 1447 2223 contiuttis
1465 2195 1688 2228 occupationibus
1703 2194 1846 2229 itnplicito,

225 2235 321 2268 ΡῘνιιιε,
336 2243 388 2269 qua
404 2244 447 2264 me
461 2239 580 2271 parentis
596 2239 655 2266 loco
669 2239 742 2271 colit,
760 2240 948 2274 persuasisset.
962 2239 989 2266 In
1005 2247 1057 2273 quo
1072 2239 1182 2272 negotio
1199 2242 1329 2273 quantum
1347 2237 1416 2264 ttedii
1429 2236 1643 2264 exhauriendum
1659 2236 1751 2267 fuerit.
1764 2244 1848 2263 nemo

224 2275 276 2302 nisi
294 2283 422 2310 expertus
442 2278 532 2306 animo
547 2280 702 2314 concipiet:
720 2281 784 2307 illttd
797 2285 887 2308 autem
906 2281 1126 2308 tuo'estissimum
1145 2284 1215 2310 crat,
1232 2279 1303 2314 quod
1319 2278 1435 2306 sublatis
1455 2278 1605 2305 innumeris
1618 2278 1692 2305 vitiis
1708 2283 1798 2305 tamen
1818 2279 1845 2306 id

224 2317 310 2343 solum
325 2319 417 2352 perflci
440 2325 543 2354 poterat
558 2327 614 2348 uta
629 2320 786 2348 ftedissimis
804 2321 928 2348 sordibus
942 2322 1103 2349 liberaretur
1117 2321 1205 2349 oratio
1222 2330 1228 2348 :
1248 2321 1273 2348 id
1291 2321 1414 2352 minime.
1432 2326 1462 2347 ut
1477 2320 1590 2354 pulchra
1609 2320 1695 2353 fleret,
1712 2324 1846 2355 grataque

225 2358 387 2393 legentibus.
408 2359 477 2388 ldcnt
490 2361 634 2389 Classenns
649 2369 726 2389 meus
742 2362 894 2397 complures
912 2363 1040 2396 prmclare
1055 2363 1222 2398 excogitatas
1236 2362 1440 2390 emendationcs
1456 2361 1655 2396 suppeditavit;
1674 2362 1843 2396 singulorum

223 2402 388 2434 scriptortnn
405 2403 524 2438 reliquiis
536 2408 693 2438 argumenta
709 2404 822 2436 addidit,
835 2404 1078 2438 chronograpbiam
1097 2404 1232 2439 cxcerptis
1248 2404 1280 2430 de
1293 2404 1436 2431 sententiis
1452 2411 1485 2430 ex
1503 2403 1622 2437 Eunapio
1634 2408 1661 2430 ct
1674 2402 1822 2429 Menandro
1837 2411 1845 2433 ;

224 2443 391 2477 iudicesque,
409 2445 434 2471 in
450 2452 518 2480 quos
536 2445 707 2472 tttilissitttum
726 2446 845 2473 laborent
860 2446 1016 2480 insumpsit,
1036 2446 1169 2478 confecit;
1186 2451 1214 2473 ttt
1234 2445 1336 2472 leviora
1359 2444 1410 2472 alia
1429 2445 1562 2476 omittam,
1582 2452 1641 2478 qua:
1655 2444 1682 2470 in
1702 2444 1752 2470 ltoc
1768 2443 1847 2471 volu-

224 2493 285 2512 ttten
300 2487 424 2514 contulit.
441 2487 505 2520 Quae
517 2487 699 2515 consideranti
719 2488 860 2522 apparebit
875 2487 952 2522 lottge
965 2488 1185 2521 operosissimum
1202 2486 1259 2521 ejus
1272 2487 1297 2514 itt
1311 2493 1342 2514 eo
1357 2485 1479 2514 ornando
1500 2485 1581 2512 fuisse
1596 2485 1724 2512 laborem.

261 2541 390 2575 Superest
407 2545 436 2568 ut
451 2542 484 2569 de
503 2542 672 2577 panegyricis
691 2542 834 2570 Anastasio
859 2542 952 2573 dictis,
971 2549 1040 2576 quos
1064 2546 1201 2576 postremo
1220 2542 1279 2570 loco
1298 2541 1396 2576 adjeci,
1416 2548 1474 2575 qua:
1491 2540 1542 2567 ltuc
1561 2540 1698 2574 pertinent
1718 2540 1843 2567 doceam.

222 2581 352 2611 Oratione
362 2583 486 2619 Procopii
500 2584 589 2612 Gaztei
600 2585 636 2619 (1))
654 2584 764 2620 reliquis
782 2585 964 2612 monumentis
979 2589 1038 2617 qua:
1054 2583 1098 2611 hic
1114 2583 1223 2610 collecta
1236 2588 1344 2610 exstant
1354 2582 1535 2616 adiungenda,
1548 2581 1715 2608 eruditorum
1731 2581 1846 2615 gratiam

227 2632 269 2651 tne
283 2625 415 2653 tneruisse
428 2632 502 2654 certe
516 2627 583 2657 scio,
596 2626 640 2661 qui
655 2634 714 2654 eam
728 2626 811 2653 semel
826 2631 929 2653 tantum
944 2627 969 2653 itt
984 2625 1139 2653 VllltliSOlllS
1156 2626 1348 2652 anecdotortttn
1364 2625 1523 2651 collcctiotte
1537 2623 1636 2651 editam
1648 2630 1708 2650 esse
1724 2628 1821 2648 norunt
1839 2631 1846 2649 :

223 2671 321 2699 ‘l'W-US
339 2668 410 2694 ellim
426 2669 542 2703 quisque
567 2668 593 2695 itt
611 2668 754 2696 Germania
774 2668 845 2695 illaut
863 2668 1005 2702 possidet?
1021 2667 1079 2694 Mea
1095 2674 1176 2702 opera
1192 2668 1217 2693 in
1238 2666 1309 2693 illius
1326 2665 1487 2700 repetitione
1509 2672 1563 2691 non
1585 2664 1689 2698 longius
1709 2663 1846 2698 processit

224 2715 305 2739 tlltatn
321 2713 351 2735 ut
369 2709 485 2737 subinde
498 2710 599 2738 codicis
614 2710 758 2738 lectioneut
773 2717 788 2737 a
804 2711 862 2738 viro
877 2710 985 2745 egregio
1003 2710 1148 2737 Villoisone
1164 2708 1334 2735 immutatam
1350 2714 1506 2734 revocarent
1523 2714 1529 2732 :
1548 2706 1672 2734 versiOnc
1691 2706 1785 2736 latina,
1803 2713 1847 2731 ar-

254 2778 290 2806 (ιι)
302 2780 425 2811 Erret-pta
441 2779 472 2803 de
486 2779 619 2804 sententiis
632 2781 749 2811 Dexippi,
763 2779 867 2811 Eunapii
881 2781 907 2804 et
919 2778 1057 2807 Menandri,
1071 2779 1170 2809 eclogas
1181 2783 1195 2802 e
1206 2776 1330 2807 Nonnoso,
1348 2775 1486 2806 fragmenta
1509 2782 1541 2801 ex
1555 2774 1639 2805 Suida,
1650 2777 1677 2800 ut
1689 2774 1719 2800 ab
1732 2774 1849 2800 instituto

224 2815 239 2833 n
250 2814 307 2834 uter
317 2810 407 2840 aliena,
415 2811 550 2834 omisimus.
566 2811 633 2835 Ευιτ.
644 2812 717 2835 l‘A'rn.

254 2839 288 2873 (ὑ)
302 2841 385 2867 Exstat
398 2837 461 2872 apud
475 2847 519 2865 tios
533 2843 597 2866 inter
609 2848 684 2872 opera
698 2841 774 2871 ipsius
785 2841 910 2874 Procopii,
923 2841 982 2866 tomi
994 2840 1121 2866 LXXXVII
1133 2843 1203 2871 parte
1214 2845 1249 2869 tu,
1260 2839 1306 2864 col.
1320 2838 1390 2864 279.3.
1403 2837 1438 2862 1n.
