1945 3073
113 131 170 164 εὓθ
814 130 910 160 ΡΒᾹΞΙ

964 130 1020 160 ‘IO.
1684 129 1737 162 ϐω

118 189 304 221 guntctttoque
319 191 377 211 eam
404 183 529 211 instruxit
543 191 557 210 a
571 190 614 210 nte
629 187 738 218 rogatus
754 181 850 209 Frattc.
869 183 997 214 Ilittertts,
1013 182 1083 211 Phil.
1104 183 1132 210 ι).
1152 183 1196 217 qui
1214 182 1368 218 nuperrime
1383 190 1494 217 operam
1510 190 1585 210 suam
1602 184 1635 210 ad
1650 186 1736 218 expli-

115 229 220 254 candas
236 227 261 254 itt
279 227 326 254 hac
341 226 491 253 litterarttttt
509 226 682 252 universitate
703 224 861 258 disciplinas
885 224 1061 259 pltilologicas
1075 224 1193 258 proﬁteri
1211 224 1317 251 statuit.
1337 223 1456 251 Hditoris
1469 225 1660 250 anuotatioues
1673 233 1734 258 qua:

114 270 150 296 ad
165 268 335 302 explicandas
352 274 395 295 res
412 267 548 294 Anastasii
564 273 666 294 tantum
682 266 834 299 conferunt,
854 269 882 293 ut
898 265 938 292 vel
952 266 984 292 ad
1003 264 1128 292 Latinum
1145 265 1338 301 Panegyricum
1360 266 1591 300 interpretandum
1607 268 1736 299 quodam-

117 310 202 337 modo
216 309 340 336 suiliccrc
351 308 467 343 possint,
493 309 549 335 fere
566 309 685 343 integras
705 307 799 341 repetii
815 315 822 334 :
838 314 892 342 quo
904 307 1019 334 consilio
1038 308 1124 334 honos
1140 307 1255 334 habetur
1271 308 1396 334 manibus
1417 306 1569 334 thloismds
1584 315 1592 332 :
1611 315 1697 341 neque
1711 307 1735 333 ei

117 352 228 378 aliunde
243 351 295 377 ulla
316 351 442 377 obstabat
456 351 536 382 ratio,
549 350 692 377 exstinctis
709 349 808 376 dudum
826 354 853 376 et
870 349 1004 383 scriptore
1018 353 1045 375 et
1062 348 1279 382 biltliopnlarum,
1291 355 1405 381 quorum
1424 349 1579 382 sumptibus
1598 348 1735 374 Attecdota

115 397 191 422 edita
205 400 277 426 sunt,
291 393 411 428 ttrgotin.
427 393 527 420 Contra
541 398 630 420 autem
648 393 758 420 tuiuittte
770 393 852 419 licere
864 393 950 420 visum
966 395 1007 418 est
1025 390 1052 418 in
1069 399 1135 417 metu
1149 391 1275 417 editionis
1288 394 1476 417 ornamentum
1493 395 1662 421 convertere,
1676 396 1736 424 quae

116 437 156 464 ill.
171 436 255 462 Maius
267 436 300 461 ad
314 435 431 469 eclogas.
450 440 496 460 attt
514 434 670 467 Endliclter,
694 442 720 460 v.
737 434 783 465 cl.,
803 434 834 459 ad
855 435 1044 470 pagcgyricum
1064 433 1207 466 Prisciani,
1222 441 1312 468 quem,
1331 433 1378 459 diu
1394 441 1407 459 a
1425 432 1568 467 philologis
1587 434 1735 467 expetitum

115 485 178 504 cum
207 478 232 504 itt
255 477 416 503 lubiiotlteut
447 477 569 504 Caesarea
603 475 803 503 Vindobouensi
831 483 973 510 superesse
996 476 1170 508 innotttisset,
1204 483 1276 502 anno
1300 475 1437 509 prmterito
1463 475 1557 506 edidit,
1587 475 1623 501 ita
1652 482 1737 501 anno-

117 519 185 545 tavit
195 523 222 544 ιιι
233 517 298 545 nihil
308 518 378 552 quod
388 518 448 545 addi
463 519 547 552 possit
559 518 619 545 aliis
630 518 805 551 relinqueret.
815 516 904 551 Ipsum
918 516 1087 552 grammatici
1106 523 1214 544 carmen
1227 516 1405 543 Boltieltsibtls
1421 516 1583 543 membranis
1592 516 1696 542 erudite
1709 520 1738 541 et

116 561 142 587 di
158 561 258 594 igenter
272 561 416 594 scriptum,
436 561 470 587 ab
486 561 590 587 editore
604 560 672 586 adeo
686 564 812 587 accurate
826 566 982 593 expressum
1000 563 1053 590 est,
1069 563 1098 585 ttt
1112 559 1157 585 vix
1173 558 1243 585 ttllus
1258 557 1493 585 ettteudationibus
1510 558 1536 584 itt
1550 565 1582 583 eo
1597 557 1672 583 locus
1688 558 1733 584 sit.

154 602 319 628 l'arisicnsis
335 601 419 628 cdttio
434 602 506 628 circa
521 609 666 636 oper-arum
683 608 790 628 errores
800 601 895 628 eadem
910 600 1039 634 ﬂagitiosa
1053 599 1213 634 negligentia
1227 604 1318 626 curata
1332 604 1373 626 est
1389 606 1441 633 qua
1457 599 1566 632 reliquae
1582 603 1642 632 post
1665 600 1735 624 (zan-

117 648 288 675 tacuzcnuttt,
301 647 444 678 antequam
459 643 576 678 Cangius
590 643 681 677 operis
695 650 788 669 curam
805 643 831 669 itt
845 649 875 670 se
890 642 1056 676 susciperet;
1073 641 1159 667 inutili
1177 645 1204 666 et
1220 640 1306 667 fallaci
1324 645 1447 675 typoruttt
1463 640 1606 674 splendore
1620 644 1734 666 orttalau

117 685 274 720 Sphalmata
291 684 369 718 hujus
383 685 491 718 generis
505 691 554 718 ope
569 684 764 711 llmseheliattte
779 683 936 711 sustulimus
952 683 1082 717 plurima;
1098 682 1234 714 restituto,
1249 686 1277 708 ut
1291 682 1323 708 de
1342 681 1491 708 minoribus
1506 686 1609 708 taceam
1619 700 1626 710 .
1652 688 1731 707 versu

117 728 224 762 integro
238 726 282 761 qtti
297 725 452 759 exciderat;
472 726 519 753 sed
539 727 571 753 de
585 727 627 753 his
643 725 798 761 singulatim
816 731 926 752 monere
947 723 1085 751 Bckkertts
1106 723 1200 750 vetuit.
1218 723 1380 756 Ubicttnqttc
1393 722 1474 756 igitur
1487 722 1620 755 ejusmodi
1636 722 1736 749 mentio

117 769 280 798 invenietur.
296 767 321 794 id
336 772 447 802 propter
462 767 624 801 peculiarem
641 767 786 801 qttautdatn
801 767 931 793 rationem
942 764 1041 792 factum
1052 769 1103 795 est.
1114 772 1173 798 qua:
1184 769 1270 790 tanten
1283 764 1395 791 fortasse
1407 772 1458 790 tton
1469 764 1735 797 sctnpcrapparehit.

156 810 222 842 Quae
231 809 329 836 Sttidas
338 809 455 836 servavit
467 816 520 835 nou
529 809 616 843 attigit
625 807 772 840 Bekkerus;
781 808 807 834 itt
819 808 861 835 his
868 814 975 842 quoque
984 805 1110 833 nonnulla
1120 806 1237 831 correxi.
1247 805 1370 831 Photiuttt
1381 805 1451 838 dedi,
1461 811 1488 832 ttt
1497 813 1511 831 a
1519 804 1637 832 Bckkero
1647 805 1736 830 editus

116 858 171 886 est;
181 852 232 879 nisi
243 851 314 885 quod
328 851 353 878 in
370 850 513 885 rebusqute
520 857 552 877 ex
565 851 675 878 historia
691 850 817 885 pendent,
827 850 918 876 varias
927 847 1038 878 Labbei,
1050 846 1132 873 semel
1145 851 1234 873 autent
1248 846 1288 872 vel
1301 846 1340 872 his
1353 852 1425 873 meas
1438 846 1521 880 ipsius
1533 846 1736 874 etueudatioucs

119 894 269 928 receperint
285 901 292 918 :
308 892 398 927 plures
413 893 530 920 fortasse
546 892 618 920 locos
640 897 801 924 tentaturus,
815 891 868 919 nisi
887 890 952 918 ntilti
978 894 1117 916 constaret
1131 889 1256 916 Pltotiuttt
1281 890 1307 916 itt
1330 890 1481 918 scribendis
1497 891 1649 918 nominibus
1665 897 1736 924 sape

116 943 234 968 errasse;
245 942 260 961 a
276 934 374 970 quibus
389 934 559 969 corrigendis
573 934 670 961 editori
685 933 874 961 abstinendum
887 933 1098 964 esl.Versiones,
1110 933 1182 961 Porti
1195 941 1246 960 non
1258 940 1338 968 smpe,
1351 934 1456 961 Scltotti
1467 942 1601 968 numquam
1618 935 1735 961 correxi.

155 977 193 1004 Ex
210 977 253 1004 his
261 975 368 1010 Cognita
376 975 512 1003 editorum
527 983 621 1010 opera.
631 975 674 1002 vix
689 982 757 1009 opus
771 979 812 1002 est
825 975 1149 1011 explicare,qua2cunquc
1167 977 1192 1003 itt
1205 977 1314 1004 scltoliis
1328 977 1432 1004 criticis
1448 977 1543 1004 litteris
1553 977 1585 1004 Β.
1597 983 1623 1004 ct
1636 977 1670 1003 N.
1680 978 1736 1004 dis-

119 1020 288 1052 tinguuntur,
313 1018 517 1045 emendationes
538 1024 600 1044 esse
614 1024 674 1052 quae
681 1016 841 1049 Bekkerttm,
851 1025 949 1052 meque
959 1019 1075 1046 habeant
1090 1023 1213 1045 auctores
1225 1027 1232 1046 :
1242 1019 1400 1046 Classenutn
1413 1019 1511 1053 quibus
1523 1019 1582 1046 dua:
1592 1019 1685 1046 litterte
1692 1018 1735 1046 CI.

117 1062 216 1088 addite
225 1065 296 1087 sunt.
308 1059 449 1094 Vulgatatn
460 1059 554 1094 (ναις.)
563 1066 622 1086 eam
632 1059 686 1086 dixi
705 1059 847 1087 lectionem
861 1067 921 1094 qua:
931 1061 965 1087 ab
973 1059 1162 1087 Htescheliana
1172 1060 1289 1086 editione
1303 1067 1350 1094 per
1362 1059 1510 1087 Parisinam
1521 1060 1735 1094 atqtteVonetant

119 1108 265 1139 propagata
281 1107 332 1128 est.
343 1102 454 1134 Quoties
465 1100 530 1128 ttihil
546 1105 643 1134 preter
658 1101 722 1128 illud
733 1102 801 1137 rulg.
813 1103 846 1129 ad
859 1102 986 1136 rejectatn
1002 1102 1143 1129 lectionem
1175 1102 1333 1133 ascriltitttr,
1344 1103 1395 1129 hoc
1404 1102 1599 1136 significamus:
1612 1102 1738 1129 entettda-

121 1147 236 1175 tionem,
252 1144 309 1170 sive
322 1142 458 1169 Bckkerus
472 1150 532 1170 eant
545 1150 559 1169 a
572 1150 614 1170 tne
629 1143 777 1171 invenisset
793 1145 969 1178 propositam,
979 1145 1036 1171 sive
1044 1152 1103 1171 eam
1118 1145 1269 1177 concipere,
1280 1148 1307 1170 ut
1320 1151 1392 1177 smpe
1414 1144 1460 1175 sit,
1472 1143 1573 1170 oblitus
1585 1151 1684 1174 esse-tt,
1702 1144 1737 1170 ita

122 1185 293 1213 manifestam
310 1184 393 1211 videri
404 1189 433 1211 ut
443 1185 476 1211 ab
488 1191 650 1218 unoquoque
660 1191 713 1212 non
724 1185 868 1212 admodum
878 1186 1014 1212 incurioso
1023 1190 1067 1212 aut
1079 1184 1187 1212 indocto
1197 1185 1310 1211 inveniri
1324 1185 1442 1212 deberet.
1454 1185 1536 1219 Signa
1549 1184 1738 1218 -j-et‘,antiquo

123 1235 197 1254 more
212 1227 329 1259 reducto,
344 1225 453 1260 apposui
470 1233 523 1260 quo
539 1225 684 1253 indicarettt
698 1226 785 1254 locum
796 1234 962 1260 corruptum,
975 1227 1018 1252 cui
1029 1225 1160 1252 medendo
1177 1225 1342 1260 probabilem
1359 1226 1540 1260 conjecturam
1553 1225 1671 1253 viderent
1682 1225 1740 1252 ttul-

123 1268 188 1298 latu,
203 1274 254 1293 tton
269 1267 411 1301 lypotheta:
427 1265 490 1292 vitio
498 1265 630 1298 laborare,
645 1266 692 1292 sed
708 1266 785 1300 plane
797 1266 832 1293 ita
847 1267 880 1293 ab
895 1265 1046 1294 llmschelio
1054 1267 1154 1293 editum
1165 1273 1234 1293 esse.
1245 1266 1283 1293 Ac
1295 1271 1357 1293 sunt
1368 1271 1441 1293 certe
1453 1266 1527 1300 plura
1543 1274 1624 1300 quant
1642 1267 1736 1293 vellem

123 1311 181 1337 loca
196 1310 278 1337 etiam
296 1310 321 1336 in
342 1310 383 1336 his
398 1309 577 1343 et-lOgis,qtt:r
592 1309 680 1336 editor
690 1318 703 1335 a
716 1310 823 1336 licentia
835 1311 954 1338 mutandi
969 1310 1072 1337 alienus
1088 1315 1116 1336 ttt
1131 1315 1192 1337 sunt
1207 1311 1335 1343 mendosa
1355 1310 1506 1344 relinquere
1524 1310 1639 1344 cogitur,
1669 1310 1735 1337 ilhtd

123 1357 211 1379 tattteu
231 1359 292 1379 vere
307 1352 453 1386 praedicare
471 1358 579 1385 possunt
596 1351 646 1378 ltac
664 1351 783 1378 editione
797 1351 946 1385 perfectum
963 1359 1024 1380 esse
1039 1357 1067 1379 ut
1080 1352 1239 1385 utilissimrr,
1260 1359 1409 1387 magnaque
1425 1359 1457 1378 ex
1476 1356 1551 1387 parte
1569 1352 1739 1387 egregiorum

121 1394 284 1428 scriptorum
300 1393 430 1427 reliquiae,
441 1399 502 1426 qua!
519 1393 634 1420 antehac
644 1393 671 1420 in
686 1393 801 1427 singulis
814 1395 918 1429 paginis
931 1397 1072 1423 inttutttera
1086 1395 1212 1422 vitiorum
1223 1395 1394 1422 multitudine
1410 1396 1530 1429 legentes
1545 1395 1740 1430 itttpediebattt,

120 1436 174 1469 jam
199 1436 275 1469 longe
293 1435 409 1462 maxima
429 1442 461 1462 ex
481 1442 558 1470 parte
577 1435 670 1462 faciles
685 1437 821 1463 evaserint
844 1442 925 1472 atque
951 1443 1050 1472 aperta:
1075 1438 1107 1464 ad
1127 1437 1339 1472 ilttelligeuduttt.
1363 1438 1429 1465 Cum
1460 1438 1552 1473 igitur.
1570 1445 1630 1473 qua:
1647 1438 1740 1465 hacte-

123 1485 175 1504 nus
191 1477 310 1512 ucglecta
326 1477 464 1512 jacebattt,
477 1477 537 1504 sine
556 1476 638 1504 dubio
655 1477 738 1504 ntulto
756 1477 878 1512 pluribus
894 1486 975 1515 quam
993 1484 1073 1506 antea
1097 1479 1284 1512 inttotesccttt,
1300 1479 1388 1506 oblata
1410 1484 1450 1506 est
1466 1479 1583 1509 occasio,
1599 1479 1737 1513 prrcclaris

124 1519 238 1554 ingeniis
254 1519 324 1546 haud
343 1518 464 1554 indigna,
486 1518 530 1545 ubi
549 1518 589 1546 vis
605 1519 743 1546 divinandi
762 1527 791 1547 se
807 1527 934 1548 exerceat
947 1527 974 1549 et
989 1522 1057 1549 bene
1068 1527 1155 1556 ccepta
1173 1521 1279 1556 longius
1291 1521 1430 1555 producat.
1447 1520 1485 1548 Ex
1502 1521 1739 1549 emendatiouibtts

124 1569 192 1596 quas
207 1562 368 1596 recepimus,
390 1560 481 1588 multa:
496 1560 680 1588 Ilmscltelium
704 1562 804 1589 habent
823 1568 973 1595 auctorem,
996 1564 1023 1590 iu
1044 1564 1167 1598 margine
1185 1563 1312 1590 editionis
1334 1563 1393 1597 ejus
1409 1563 1552 1597 proposita
1569 1572 1577 1590 :
1592 1571 1669 1597 quas,
1685 1563 1743 1590 sive

125 1603 203 1631 nobis
218 1603 396 1638 probarettlur
416 1603 473 1630 sive
489 1603 588 1635 ntinus,
608 1603 748 1637 designavi
767 1604 835 1638 sigla
856 1603 893 1630 ll.
910 1604 983 1632 Idem
1002 1604 1173 1632 llwseltelius
1186 1605 1229 1631 ubi
1245 1605 1379 1639 geminum
1399 1604 1520 1631 cndiccttt
1542 1605 1697 1637 adhibebat,
1716 1609 1745 1632 et

125 1645 229 1672 Scholti
250 1649 277 1672 et
292 1643 580 1678 Bararicutn,quoties
600 1643 626 1670 hi
651 1644 721 1671 inter
744 1652 773 1672 se
794 1645 940 1678 variarent,
955 1646 1139 1673 diversitatem
1164 1646 1256 1672 itidcnt
1277 1646 1304 1673 itt
1329 1646 1450 1680 margine
1471 1646 1611 1678 indicavit,
1631 1647 1742 1677 ptatlixa

125 1687 191 1721 sigla
207 1686 244 1715 al.
259 1685 312 1714 llas
330 1685 473 1713 varietates
489 1694 543 1720 mg.
562 1684 598 1712 ΙΙ.
612 1685 751 1720 designavi
768 1697 775 1712 .-
791 1693 839 1720 pro
855 1694 910 1721 quo
928 1695 985 1714 var.
1005 1687 1041 1714 If.
1058 1686 1178 1714 scribere
1192 1692 1268 1714 certe
1283 1687 1470 1720 praestitisset;
1485 1694 1577 1714 verum
1594 1687 1619 1714 in
1643 1695 1670 1714 re
1689 1692 1742 1714 tam

125 1728 175 1755 levi
201 1727 438 1762 reprehensionem
466 1726 510 1754 vix
538 1732 640 1754 metuo.
659 1726 774 1754 Gravius
794 1732 834 1754 est
856 1728 927 1762 qttod
947 1728 1093 1763 aliquando
1119 1727 1163 1754 ubi
1189 1728 1313 1762 plagulas
1332 1728 1468 1763 inspicere
1487 1728 1648 1756 domesticis
1670 1729 1745 1756 curis

126 1770 269 1804 impeditus
289 1768 392 1797 fuerant
412 1777 465 1804 mg.
488 1768 524 1795 Η.
548 1768 669 1803 ponitur,
685 1776 746 1795 cum
768 1773 858 1796 tamen
878 1769 1034 1805 conjectura
1054 1769 1217 1806 designanda
1237 1774 1321 1798 esset.

161 1809 250 1839 Scrib.
266 1811 365 1838 Bonnar
374 1816 458 1845 postr.
470 1809 540 1837 Non.
554 1809 614 1837 Oct.
632 1809 848 1838 MDCCCXXIX.

132 1881 1742 1893 -——————————-———_——-———————‘

423 1931 474 1962 DE
494 1931 715 1964 HISTORICIS
735 1933 901 1969 QUORUM
919 1932 1116 1969 RELIQUIIE
1142 1934 1207 1964 HIC
1233 1934 1447 1966 PRODEUNT.

921 2007 956 2014 .—-.

163 2037 310 2066 PUBLIUS
332 2035 530 2065 IIERENNIUS
556 2036 725 2065 DEXIPPUS
743 2037 793 2073 (ι),
817 2039 907 2067 Ptole-
926 2043 948 2072 Α
962 2040 1053 2073 classi,
1067 2039 1278 2067 cuiCleodantus
1293 2044 1418 2074 prmerat,
1436 2038 1747 2073 conjuncttts,ultioncm

129 2085 188 2111 mei
205 2084 222 2110 f.
240 2085 290 2118 (9),
315 2083 498 2115 Atheniensis,
514 2083 587 2118 Page
607 2082 775 2117 liermensis,
795 2092 811 2112 e
827 2085 911 2120 Cery-

128 2138 188 2157 cuut
205 2135 285 2164 gente
302 2130 351 2165 (5),
364 2137 486 2156 summos
500 2129 528 2156 in
545 2129 656 2156 civitate
671 2130 788 2157 honores
798 2130 911 2164 adeptus

127 2181 179 2209 est,
193 2184 237 2203 rex
259 2180 366 2203 ereatus
388 2179 470 2210 atque
486 2175 588 2203 arehon
609 2182 774 2210 eponyntus;
793 2175 911 2210 splendi-

128 2223 216 2256 ιιι-(μω
236 2221 406 2256 agonotltette
427 2227 541 2248 munere
569 2219 759 2248 Panatltemeis
783 2220 910 2254 functus;

128 2268 215 2295 clarus
234 2273 325 2295 orator
345 2272 426 2302 atque
446 2267 620 2295 historiarum
644 2267 776 2302 scriptor;
803 2272 912 2302 propter

128 2323 195 2350 quas
209 2314 325 2342 fortuna:
346 2313 427 2342 simul
446 2319 526 2349 atque
554 2313 693 2341 industriae
715 2314 791 2341 dotes
815 2318 912 2341 statua:

130 2361 229 2389 honore
242 2366 353 2389 ornatas
368 2365 421 2393 est,
441 2360 519 2395 cujus
537 2360 610 2388 basis
632 2368 694 2388 cum
715 2360 793 2388 titulo
811 2365 910 2388 exstat.

130 2407 182 2435 Sed
208 2408 286 2443 longe
315 2407 512 2442 prmelariorem
543 2406 758 2442 simulcrumque
781 2406 911 2434 memoria

130 2454 236 2488 dignum
252 2455 380 2480 honorent
402 2453 453 2481 sibi
466 2453 633 2488 comparavit
655 2460 708 2487 quo
724 2457 854 2487 tempore,
870 2452 911 2480 ef-

131 2497 196 2525 fusis
211 2498 237 2524 iu
253 2497 386 2525 Graeciam
400 2506 448 2532 per
471 2497 643 2533 Propontidis
658 2499 777 2526 claustra
791 2497 911 2531 Herulis,

131 2546 270 2580 captisque.
285 2544 407 2575 Athenis,
431 2545 504 2572 cives
523 2552 614 2572 secum
631 2544 658 2572 in
673 2544 760 2572 saltss
777 2545 863 2572 ittvios
877 2551 911 2572 ex

131 2590 206 2618 urbis
222 2589 300 2617 clade
324 2589 451 2624 profugos
478 2591 665 2623 confirmavit;
687 2589 805 2625 bellique
824 2590 858 2618 ab
878 2590 912 2617 iis

130 2635 182 2662 dux
201 2633 374 2666 constitutus,
390 2634 508 2662 advecta:
524 2635 550 2661 in
565 2635 661 2662 Attica:
683 2642 758 2662 oram
782 2635 912 2663 Romana:

131 2729 137 2733 ν
165 2691 203 2726 (l)
224 2690 325 2717 Nomen
345 2690 481 2725 integrum
499 2691 610 2719 exhibet
635 2691 719 2720 inscr.
742 2691 796 2719 380
832 2699 910 2727 corp.

131 2735 211 2754 mser.
227 2733 307 2760 graec.

165 2763 202 2797 (2)
224 2761 270 2788 Sic
288 2761 430 2797 inscriptio
447 2770 454 2788 :
479 2768 542 2788 natu
561 2761 660 2790 Suidas
671 2769 693 2790 s.
714 2769 739 2790 v.
763 2761 909 2797 Δέξιππος,

131 2797 275 2830 Duxippttm
298 2800 401 2829 patrem
416 2796 452 2823 illi
471 2797 576 2824 tribuit.

164 2832 201 2867 (ὖ)
219 2831 275 2858 Vid.
291 2831 406 2858 Boecltlt.
421 2833 464 2858 ad.
476 2832 558 2859 Inscr.

961 2087 994 2113 de
1009 2085 1136 2112 Barbaris
1151 2085 1268 2119 aliquam
1295 2086 1422 2120 sumpsit,
1449 2085 1535 2113 tribus
1567 2085 1686 2113 millibus
1713 2093 1747 2112 ex

961 2132 1081 2166 ipsorum
1108 2139 1223 2159 numero
1251 2138 1298 2166 per
1325 2131 1494 2160 occasionem
1519 2131 1670 2159 interfectis
1696 2132 1746 2167 (4).

960 2177 1019 2210 Quo
1035 2178 1107 2204 facto
1121 2177 1163 2204 vir
1176 2177 1292 2204 exitttius
1315 2182 1375 2212 post
1393 2177 1556 2213 quingentos
1569 2185 1654 2205 annos
1664 2178 1748 2204 Athe-

961 2224 1069 2251 nienses
1080 2223 1165 2250 armis
1178 2223 1303 2250 desuetas
1325 2223 1357 2250 ad
1376 2230 1433 2250 rem
1450 2223 1619 2258 gloriamque
1645 2223 1745 2250 milita-

961 2277 1018 2297 rem
1042 2269 1179 2296 revocavit
1195 2279 1202 2297 :
1219 2268 1402 2297 Mithridatico
1425 2270 1498 2297 enim
1526 2269 1596 2297 bello
1617 2277 1671 2296 non
1698 2276 1747 2296 Sua

962 2321 1049 2350 neque
1070 2319 1166 2350 Sponte
1183 2322 1258 2342 arma
1285 2320 1407 2343 moverat
1434 2316 1527 2343 infelix
1546 2316 1654 2343 civitas.
1676 2315 1746 2343 Cum

962 2360 1045 2395 igitur
1061 2361 1094 2388 de
1109 2360 1161 2388 hac
1176 2360 1288 2396 Dexippi
1312 2361 1397 2396 gloria
1421 2361 1513 2389 titulus
1535 2366 1631 2389 statua;
1655 2361 1746 2394 sileat,

961 2406 1094 2433 creditura
1117 2410 1159 2434 est
1176 2407 1250 2442 prius
1271 2408 1386 2442 positam
1409 2413 1470 2434 esse
1493 2414 1573 2442 quam
1600 2407 1672 2434 illaut
1689 2408 1748 2434 adi-

961 2453 1134 2487 pisceretur:
1158 2453 1201 2480 cui
1228 2452 1349 2487 opinioni
1375 2451 1456 2480 facile
1473 2453 1642 2485 accederem,
1662 2453 1685 2480 si
1706 2453 1749 2480 lti-

961 2499 1044 2526 storia
1065 2498 1126 2532 aevi,
1142 2508 1151 2525 ι
1169 2506 1251 2533 quam
1277 2498 1375 2534 partim
1401 2507 1433 2526 ex
1448 2499 1536 2531 libris,
1553 2499 1650 2534 partim
1665 2506 1682 2526 e
1694 2499 1747 2526 vita

963 2544 1095 2578 hauserit,
1116 2553 1125 2570 ι
1145 2549 1175 2572 ιιι
1195 2543 1361 2579 epigramma
1388 2544 1527 2580 pradicat,
1549 2545 1656 2572 diversa
1686 2551 1749 2572 esse

961 2593 1053 2624 posset
1065 2588 1100 2616 ab
1118 2590 1163 2617 illa
1177 2590 1266 2617 omnis
1290 2590 1351 2622 aevi,
1370 2589 1448 2624 cujus
1471 2589 1592 2616 notitiam
1607 2596 1639 2616 ex
1659 2589 1749 2616 Euna-

962 2635 1006 2670 pio
1018 2639 1046 2663 et
1058 2635 1155 2663 Photio
1170 2635 1311 2663 habemus.
1325 2634 1362 2662 Ea
1379 2635 1407 2662 in
1421 2634 1509 2669 primo
1522 2633 1626 2662 Claudii
1641 2634 1749 2662 Gotltici

1001 2693 1040 2728 (Δ)
1061 2692 1136 2720 Hanc
1147 2692 1185 2719 rei
1203 2696 1286 2728 gestas
1297 2691 1407 2723 seriem,
1421 2689 1614 2728 paululum_sb
1638 2689 1685 2728 illa
1707 2690 1750 2728 di-

965 2725 1084 2760 versam,
1116 2725 1207 2762 quam
1225 2726 1365 2762 Gibbonus
1387 2733 1523 2762 nunquam
1551 2725 1613 2752 sine
1638 2725 1749 2762 honoris

965 2760 1322 2797 prmfatione'nominandus
1340 2760 1514 2797 excogitavit,
1541 2767 1613 2797 nunc
1628 2760 1747 2797 demunt,

965 2794 1099 2859 cditislab
1128 2797 1166 2824 ill.
1183 2795 1254 2825 Maio
1273 2794 1419 2831 excerptis'
1431 2796 1464 2824 de
1488 2795 1630 2823 sententiis
1647 2794 1748 2822 consti-

966 2837 1040 2859 tuere
1065 2837 1126 2859 tcet.

966 2837 1040 2860 tuere
1054 2837 1126 2860 hcet.
