1945 3073
200 119 250 152 611

716 117 912 147 EXCERPTA
933 117 981 147 DE
1000 117 1293 150 LEGATIONIBUS.

1772 116 1841 148 612

200 177 267 209 Aug.
281 180 350 200 anno
361 171 513 203 desinebat;
526 171 692 198 Athenarum
705 176 794 198 autem
804 172 984 207 clademSyn-
1001 175 1026 204 Α
1040 180 1136 207 capere
1153 173 1285 206 potuisset
1302 172 1492 206 breviloquens
1516 171 1652 199 annalium
1675 173 1756 206 ratio,
1778 175 1837 207 qui

197 221 295 251 cellus,
310 218 355 251 qui
374 218 423 243 hoc
447 216 559 251 Dexippi
581 223 649 250 opus
673 216 789 252 legebat,
803 218 852 244 sub
865 217 986 244 Gallieno

198 264 343 298 contigisse
359 262 440 289 refert
457 271 464 289 :
482 269 568 297 neque
592 263 614 289 si
636 270 694 289 eam
717 271 778 290 cum
794 263 986 291 continuatorc

199 309 291 336 Dionis
307 309 356 343 (5),
377 316 455 342 quem
472 309 591 335 Zonaras
618 308 752 342 sequitur,
769 309 877 336 biennio
899 310 987 336 serius

197 355 329 381 accidisse
345 359 508 386 statuamus,
524 360 550 381 ut
574 355 620 381 illo
647 355 705 388 ipso
722 354 826 381 Claudii
842 362 915 382 anno
931 355 986 389 pri-

198 407 243 426 mo
270 399 323 427 260
355 400 495 431 acciderit,
515 400 658 427 difﬁcultas
684 400 865 434 expediretur.
888 400 925 427 lta
941 405 987 427 aut

198 445 352 480 fingendum
374 446 426 472 erit
453 448 571 480 priorem
606 446 742 473 exstitisse
771 447 928 478 editionem,
955 447 987 473 de

197 499 251 526 qua
281 499 360 518 nemo
384 491 532 526 quidquam
564 492 684 524 tradidit,
709 497 754 518 aut
774 492 986 525 concedendum,

198 536 293 563 laevam
314 537 452 564 hominum
471 537 496 563 in
509 537 657 564 honoribus
687 537 853 564 :estimandis
870 542 987 564 mentem

199 589 274 615 eum,
291 590 346 616 quo
361 583 394 609 ad
411 583 541 617 majorum
555 583 666 616 gloriam
682 583 770 609 elatus
783 587 834 615 est,
847 589 986 618 propterea

201 628 361 662 neglexisse,
379 629 452 662 quia,
476 629 650 655 tmnultuarie
679 637 693 654 τι
717 633 878 663 congregata
899 630 988 655 multi-

202 673 295 700 tudine
306 674 432 705 collatus,
454 674 556 700 nultum
575 675 600 700 in
620 674 696 700 fastis
708 673 820 700 urbanis
841 674 928 701 locum
941 674 988 700 ha-

200 718 276 744 beret
305 727 312 745 :
345 719 471 745 librorum
507 719 606 745 famam
641 719 783 750 extulisse,
811 726 852 744 res
880 718 988 745 fortiter

199 768 291 796 gestas
317 764 422 791 silentio
451 765 654 791 transmisisse:
669 779 701 784 ——
717 771 783 796 rem,
801 769 910 798 propter
930 765 988 799 ejus

200 808 250 835 aevi
276 809 445 842 pravitatem,
458 809 535 844 plane
549 818 599 835 non
614 810 812 837 incredibilem.

241 855 329 881 Vitam
357 862 442 888 usque
467 855 500 881 ad
530 854 608 881 Probi
639 854 817 888 principatum
850 853 984 888 perduxit,
1002 849 1022 875 Β

202 908 262 927 cum
273 900 328 933 jam
341 900 390 927 sub
409 899 549 926 Valeriano
567 900 708 927 elaruisset
723 901 770 935 (6).

237 947 349 981 Dexippi
363 954 455 981 opera.
471 954 529 978 qum
542 946 574 973 ad
588 947 727 973 historiam
739 947 920 981 pertinebant,
937 947 986 974 tria

199 994 264 1028 legit
287 992 399 1020 Photius
415 992 453 1027 (7)
470 1001 477 1025 ;
493 993 524 1019 de
540 993 638 1027 quibus
655 992 767 1026 singulis
787 993 918 1026 agendum
933 997 985 1020 est.

235 1039 254 1065 Ι.
273 1038 314 1065 Τὰ
330 1038 399 1073 μετὰ
421 1037 608 1072 Ἀλέξανδρον,
628 1037 705 1065 libris
729 1043 844 1070 quatuor
861 1045 986 1072 compre-

199 1085 300 1117 hensa;
317 1091 349 1110 ex
371 1083 469 1117 quibus
491 1083 660 1109 notissimam
675 1083 857 1116 satrapiarum
876 1083 987 1110 divisio-

200 1138 261 1157 nem
279 1129 378 1156 reeilat
404 1128 530 1161 Photins;
557 1127 773 1162 scriptoremque
788 1128 813 1155 in
833 1129 986 1156 universum

198 1184 260 1203 cum
278 1175 393 1202 Arriano
413 1174 569 1201 consentire
582 1174 668 1200 docet.
688 1173 728 1200 Ad
752 1175 821 1200 hanc
836 1173 988 1201 Macedoni-

200 1229 260 1249 cam
276 1220 416 1248 historiam
428 1219 568 1247 referenda
583 1226 643 1246 esse
658 1227 717 1254 qua:
730 1219 769 1246 ill.
784 1219 869 1247 Maius
880 1221 986 1247 inventa

200 1267 227 1293 i2:
252 1266 354 1293 codicis
372 1265 536 1300 palimpsesti
566 1264 672 1300 paginis
700 1265 745 1297 8|,
771 1265 896 1298 82,100,
925 1266 986 1299 101,

199 1312 283 1338 edidit
299 1319 352 1338 uno
369 1311 452 1338 verbo
475 1311 610 1337 monuisse
631 1310 662 1336 ad
685 1312 852 1345 probandum
869 1311 966 1339 sufficit
980 1322 986 1328 ι

198 1357 330 1392 siquidem
345 1356 431 1384 oratio
448 1355 598 1391 Hyperidis,
616 1356 672 1383 sive
686 1362 824 1391 assumpta
840 1358 897 1384 sive
915 1358 986 1391 ﬁcta,

198 1402 259 1428 belli
275 1402 393 1428 Lamiaci
409 1407 512 1435 tempus
525 1406 639 1436 spectat.
654 1402 729 1428 Dicet
748 1402 861 1429 fortasse
877 1403 986 1437 aliquis,

198 1455 212 1474 a
230 1447 365 1480 ﬂuinana,
387 1454 440 1473 non
463 1446 554 1474 dicam
579 1446 730 1482 Byzantina
749 1447 874 1480 historia,
899 1448 987 1475 aliena

199 1500 252 1519 non
272 1492 399 1519 debuisse
415 1491 570 1519 collectioni
597 1497 697 1519 nostra:
715 1492 798 1520 inseri
816 1500 823 1518 :
839 1493 909 1527 quod
925 1495 986 1528 qui-

199 1539 259 1566 dem
278 1538 380 1565 factum
398 1539 514 1572 primum
534 1538 604 1565 mole
624 1538 720 1573 exigua
736 1539 832 1566 hormn
852 1540 987 1576 fragmen-

199 1589 286 1611 torum
302 1584 456 1615 defendam,
470 1591 530 1618 quae
546 1591 707 1618 perparvum
720 1585 771 1611 sibi
787 1585 874 1613 locum
893 1592 988 1621 posm-

200 1629 274 1661 lant;
296 1636 359 1655 cum
390 1635 478 1655 tamen
501 1628 542 1654 vel
559 1628 618 1655 ideo
635 1629 706 1664 quod
725 1630 868 1665 Hyperidis
890 1639 986 1658 nomen

199 1686 254 1712 pra:
279 1685 308 1705 se
334 1678 424 1705 ferunt
443 1678 643 1713 philologorum
677 1679 803 1706 notitiam
832 1681 986 1710 merentur;

199 1724 324 1758 denique,
356 1725 378 1752 si
405 1724 485 1751 aliter
514 1724 632 1752 facerem
663 1724 903 1759 reprehensionem
932 1730 985 1750 non

198 1769 372 1804 effugissem;
390 1776 452 1796 cum
480 1769 506 1796 in
533 1769 650 1797 editione
665 1769 786 1796 Romana
801 1769 905 1796 caeteris
927 1776 988 1803 qua:

198 1823 213 1841 e
229 1815 349 1849 Dexippo
362 1820 508 1850 supersunt
526 1815 675 1843 adiutarent.
693 1815 752 1848 Quo
762 1815 832 1842 enim
849 1815 927 1842 modo
943 1815 985 1848 iis,

197 1860 243 1894 qui
260 1867 320 1886 eam
337 1867 389 1886 non
406 1860 546 1892 vidissent,
567 1865 694 1888 constare
710 1865 801 1895 posset
820 1868 862 1887 me
877 1867 928 1887 non
947 1865 986 1887 tc-

198 1914 272 1934 mere
287 1906 441 1934 indicasse?

233 1951 265 1978 Il.
292 1952 431 1987 Χρονικὴν
458 1952 590 1987 ἱστορίαν,
621 1953 678 1980 sive
701 1952 812 1980 annales
831 1951 880 1987 (8),
905 1960 984 1987 quam

197 1997 308 2025 Photius
325 1998 457 2033 σύντομον
471 1998 607 2034 ἱστορικόν
632 2004 719 2032 vocat,
737 2007 784 2033 per
801 1998 983 2034 Olympiadas,

197 2045 414 2080 archontumque
433 2050 461 2072 et
479 2047 620 2073 consulum
643 2046 728 2074 fastos
747 2047 780 2073 ab
800 2047 919 2074 historiae
932 2047 984 2074 ini-

198 2089 253 2120 tiis,
267 2089 377 2116 omissis
400 2094 487 2118 tamen
508 2091 640 2118 fabulosis
663 2092 831 2127 primordiis,
852 2099 937 2126 usque
951 2093 983 2120 ad

196 2135 297 2162 Claudii
311 2135 419 2165 Gothici
433 2145 532 2165 annum
549 2138 666 2173 primum
690 2139 796 2166 deducti
810 2159 817 2170 ,
847 2139 982 2174 praecipua

1038 219 1094 245 fere
1105 218 1219 252 singulis
1234 218 1309 244 libris
1317 217 1735 252 saecuthcomprehendebant;
1753 219 1839 245 unde

1038 264 1189 291 Trebellius
1221 263 1306 291 Pollio
1335 263 1391 299 (10)
1419 263 1568 298 Dexippum
1596 267 1683 290 omnia
1713 264 1839 291 breviter

1037 314 1200 344 persecutum
1217 318 1282 341 esse,
1301 310 1420 344 scripsit.

1073 355 1116 381 lll.
1133 354 1186 381 [las
1220 355 1300 389 igitur
1325 354 1431 389 eclogas
1455 355 1487 381 de
1503 354 1678 388 legationibus
1698 354 1730 381 ad
1750 355 1840 381 Σκυ-

1038 400 1105 427 θικά
1121 401 1256 435 pertinere
1273 399 1328 434 jam
1347 400 1456 427 Vossius
1472 400 1608 434 perspexit
1619 400 1687 435 (ll),
1715 400 1838 426 eadem-

1038 453 1091 480 que
1104 453 1196 472 earum
1214 446 1282 472 ratio
1303 450 1344 472 est
1367 453 1435 479 quas
1461 452 1492 472 ex
1520 444 1598 470 titulo
1626 443 1659 470 de
1681 444 1837 470 sentintiis

1039 489 1123 516 tdltlll
1141 489 1176 515 ill.
1192 489 1287 515 Maius.
1303 488 1443 520 Σκυθικά,
1459 489 1490 515 de
1504 487 1570 514 bello
1580 486 1700 522 Sryl/tico
1718 492 1836 514 vertere

1039 536 1183 566 debebam;
1202 535 1327 569 quoniam
1345 534 1409 561 illud
1424 534 1592 568 intelligitur.
1605 534 1675 567 quod
1686 553 1692 564 ,
1706 538 1834 567 coeptum

1039 582 1089 609 sub
1115 582 1206 613 Decio,
1236 589 1320 615 usque
1356 581 1388 607 ad
1415 580 1552 606 Aureliani
1578 587 1670 613 pacem
1703 579 1831 606 duravit.

1039 628 1127 662 Atque
1140 627 1183 654 hic
1196 627 1303 661 quidem
1320 627 1413 653 leviter
1427 626 1500 652 circa
1520 626 1604 652 verba
1627 625 1716 659 lapsus
1744 632 1807 651 sum
1822 633 1831 657 ;

1039 673 1065 700 iu
1081 680 1113 699 eo
1127 680 1222 700 vereor
1249 679 1282 698 ne
1304 672 1413 705 gravius
1440 671 1598 702 erraverim,
1629 670 1700 704 quod
1728 678 1791 704 quae
1813 678 1831 696 τι

1038 727 1064 754 p.
1081 718 1127 749 2‘2,
1146 719 1163 744 Ι.
1177 718 1225 749 20,
1243 717 1275 744 ad
1292 725 1317 751 p.
1334 717 1379 749 26,
1397 717 1413 744 Ι.
1433 717 1462 747 Il.
1480 717 1622 748 habentur,
1637 716 1756 750 Dexippo
1773 716 1830 749 ipsi

1040 764 1198 795 tribuerem,
1215 763 1292 796 quasi
1307 764 1458 789 orationem
1474 764 1507 789 ad
1519 763 1593 789 cives
1610 770 1674 790 suos
1690 763 1831 794 habitam,

1038 809 1084 844 qui
1099 809 1241 836 temerario
1259 809 1372 836 consilio
1385 809 1469 835 muris
1480 808 1572 842 egredi
1592 813 1619 834 et
1632 816 1692 834 cum
1702 809 1833 835 hostibus

1037 854 1179 889 confligere
1194 860 1332 889 cuperent.
1342 854 1397 881 Non
1407 853 1576 881 attenderam
1590 853 1626 881 ill.
1640 854 1704 880 Maii
1718 854 1817 887 opinio

1039 909 1099 928 nem
1128 901 1195 936 (l2),
1217 901 1356 934 epistolam
1380 907 1460 927 esse:
1479 900 1520 926 cui
1537 904 1566 925 ut
1590 899 1690 933 aliquid
1711 899 1745 926 de
1764 907 1832 925 meo

1038 945 1172 979 adjiciam,
1188 946 1286 977 dicam,
1304 952 1318 972 a
1336 945 1494 978 magistratu
1511 944 1631 971 Romano
1656 944 1767 970 missam
1784 944 1830 971 vi-

1038 991 1112 1024 deri;
1140 991 1194 1017 imo
1217 990 1251 1017 ab
1273 990 1330 1024 ipso
1357 989 1471 1016 fortasse
1498 989 1670 1022 imperatore,
1711 996 1773 1015 eum
1797 996 1830 1015 se

1038 1044 1098 1063 cum
1127 1035 1211 1069 copiis
1233 1043 1294 1062 mox
1309 1035 1463 1061 adfuturum
1489 1034 1615 1060 nuntiare
1641 1033 1679 1067 (p.
1696 1033 1742 1065 i5,
1761 1033 1778 1059 I.
1792 1033 1828 1060 17

1039 1082 1128 1117 seqq.)
1155 1082 1306 1115 lectamque
1323 1087 1384 1108 esse
1400 1081 1425 1106 iu
1445 1079 1576 1107 concione
1598 1080 1635 1114 (p.
1653 1080 1698 1112 '22,
1728 1080 1745 1106 Ι.
1766 1080 1825 1113 18).

1038 1128 1076 1154 De
1088 1128 1140 1159 his,
1157 1127 1179 1153 si
1198 1127 1266 1154 forte
1278 1126 1423 1160 aliquando
1447 1125 1548 1152 codicis
1569 1126 1665 1160 pagina
1686 1125 1738 1152 524
1764 1125 1825 1159 ple-

1039 1174 1125 1200 niuse
1142 1173 1221 1200 litura
1250 1173 1308 1199 erui
1334 1172 1461 1207 potuerit,
1488 1172 1590 1206 liquido
1617 1171 1752 1198 constabit
1770 1179 1777 1197 :
1793 1179 1828 1199 ac

1040 1225 1103 1247 tunc
1121 1220 1235 1246 fortasse
1250 1219 1392 1252 expeditur
1403 1220 1436 1246 de
1453 1226 1506 1253 quo
1520 1219 1626 1245 tandem
1650 1219 1749 1253 oppido
1763 1219 1827 1252 qui—

1040 1266 1141 1301 busque
1159 1266 1262 1293 civibus
1282 1273 1371 1292 sermo
1384 1265 1430 1292 sit.
1442 1264 1519 1292 Nune
1540 1265 1567 1291 in
1583 1265 1607 1291 id
1624 1265 1757 1292 sententia
1781 1265 1825 1292 in-

1039 1313 1121 1338 clinat
1137 1317 1164 1338 ut
1179 1312 1235 1338 haec
1253 1312 1285 1337 ad
1302 1312 1418 1345 primum
1432 1310 1581 1338 Gothorum
1608 1311 1754 1338 adventum
1772 1311 1825 1336 sub

1040 1359 1119 1385 Det-io
1133 1359 1268 1392 pertinere
1279 1357 1403 1390 credam,
1417 1357 1494 1392 cujus
1510 1365 1606 1385 nomen
1624 1358 1650 1384 in
1668 1358 1822 1386 oblitterata

1039 1404 1083 1430 illa
1101 1403 1196 1438 pagina
1213 1403 1395 1438 conspicitur;
1408 1403 1433 1430 id
1447 1402 1518 1438 quod
1529 1410 1561 1430 eo
1576 1403 1731 1430 confirmari
1749 1404 1824 1431 vide-

1039 1453 1082 1476 tur
1112 1449 1183 1484 quod
1209 1449 1242 1475 de
1268 1449 1347 1476 rebus
1375 1449 1407 1476 ad
1432 1449 1581 1484 Nicopolim
1609 1448 1709 1477 Moesia:
1736 1450 1823 1484 gestis

1041 1496 1142 1522 mentio
1155 1495 1273 1529 injicitur
1285 1495 1323 1530 (p.
1339 1495 1385 1527 25,
1396 1495 1414 1523 l.
1428 1495 1474 1527 22,
1492 1495 1528 1522 cf.
1546 1495 1698 1531 Syncellum
1715 1504 1742 1530 p.
1758 1497 1821 1528 705,

1040 1541 1056 1566 Ι.
1070 1541 1124 1574 12).
1149 1540 1226 1573 Quod
1242 1541 1263 1568 si
1280 1541 1316 1567 ita
1333 1541 1378 1573 sit,
1394 1541 1631 1576 Philippopolitani
1648 1542 1749 1570 fuerint
1771 1551 1822 1578 op-

1039 1585 1128 1620 pidani
1143 1594 1158 1612 a
1171 1585 1298 1613 Barbaris
1310 1587 1496 1614 circumsessi.
1511 1586 1569 1614 Non
1583 1592 1672 1616 tamen
1688 1589 1820 1616 silendum

1039 1636 1079 1658 est
1096 1631 1178 1658 etiam
1190 1632 1240 1659 sub
1253 1632 1363 1658 Claudio
1377 1633 1445 1667 Aug.
1462 1633 1495 1659 ad
1518 1633 1668 1667 Nicopolim
1693 1642 1822 1669 prospere

1038 1676 1168 1704 adversus
1186 1676 1320 1704 Barbaros
1342 1681 1490 1712 pugnatum
1510 1678 1654 1714 esse(l5);
1680 1687 1733 1714 quo
1755 1685 1822 1707 tem-

1038 1728 1113 1755 pore,
1138 1726 1268 1755 quantum
1282 1722 1308 1748 in
1321 1727 1394 1748 tanta
1415 1724 1600 1750 narrationum
1617 1725 1822 1758 perturbatione

1039 1766 1125 1800 colligi
1138 1771 1236 1801 potest,
1254 1766 1448 1796 Thessalonica
1463 1775 1555 1796 eorum
1574 1769 1701 1804 impetum
1712 1769 1821 1798 fortiter

1038 1813 1179 1840 sustinuit.

1072 1857 1228 1886 Orationem
1244 1859 1368 1895 Dexippi,
1386 1861 1578 1897 scribend.que
1593 1870 1688 1897 genus,
1718 1863 1819 1898 ingenti

1038 1904 1117 1932 laude
1133 1904 1213 1932 effert
1229 1905 1351 1938 Photius,
1369 1914 1402 1934 eo
1421 1915 1506 1942 usque
1516 1912 1545 1935 ut
1565 1907 1741 1943 Thucydidem
1762 1918 1820 1944 per-

1036 1950 1125 1984 spicue
1143 1950 1289 1985 loquentem
1305 1952 1393 1985 dicat;
1417 1960 1477 1987 quae
1497 1953 1563 1980 mira
1581 1959 1623 1981 est
1643 1955 1691 1980 viri
1706 1955 1820 1989 pruden-

1038 1996 1072 2023 tis
1095 2004 1110 2023 a
1132 2004 1198 2024 vero
1217 1997 1362 2025 aberratio.
1381 1997 1464 2027 Nemo
1488 1999 1560 2027 enim
1579 2000 1604 2027 in
1623 2008 1657 2028 eo
1674 2001 1817 2035 quidquam

1039 2046 1138 2076 printer
1154 2042 1261 2069 inanem
1276 2043 1418 2077 degeneris
1445 2044 1493 2071 aevi
1521 2045 1658 2072 rhetorem
1681 2051 1816 2080 agtioseet,

1036 2091 1065 2114 ut
1081 2087 1178 2114 mirum
1197 2088 1232 2115 sit
1251 2089 1295 2121 qui
1314 2093 1366 2115 tam
1392 2089 1503 2122 puerilia
1526 2094 1655 2122 sectetur,
1679 2090 1751 2118 inter
1775 2099 1818 2119 res

1035 2133 1134 2160 arduas
1151 2133 1280 2166 positum,
1299 2141 1392 2168 magna
1405 2135 1530 2168 gessisse.

195 2181 267 2207 circa
300 2187 452 2217 temporum
483 2184 615 2210 rationem
642 2191 706 2210 cura
733 2184 862 2211 adhibita.
879 2185 981 2211 Horum

1071 2179 1136 2211 Quae
1161 2181 1195 2206 de
1221 2179 1340 2215 Dexippo
1363 2185 1472 2208 exstant
1501 2181 1653 2209 testimonia
1680 2185 1816 2218 sequentia

194 2226 371 2254 duodecimus
385 2228 452 2255 liber
475 2236 489 2254 a
511 2228 651 2263 Stephano
671 2229 886 2264 ethnicographo
912 2229 980 2256 cita-

195 2271 296 2308 tur(9);
311 2272 355 2300 ubi
370 2272 529 2300 llerulorum
544 2274 645 2301 mentio
658 2275 809 2302 certissime
823 2276 981 2309 comprobat

193 2318 281 2345 locqu
307 2318 340 2346 de
359 2326 412 2352 quo
439 2319 528 2353 agitur
556 2327 608 2346 non
635 2320 749 2347 multum
775 2321 808 2348 ab
824 2322 914 2355 operis
929 2321 982 2348 fine

193 2363 311 2390 abfuisse
328 2368 457 2391 :constat
485 2364 567 2398 igitur
594 2365 753 2399 scriptorem
776 2367 816 2392 his
841 2367 981 2394 duodecim

195 2415 206 2432 «-
223 2407 328 2434 chartis
343 2414 424 2434 omne
451 2415 537 2435 aevum
551 2408 722 2443 explicuisse.
744 2419 753 2435 ι
775 2410 813 2437 Ex
839 2411 913 2438 hisce
933 2418 979 2437 an-

193 2451 299 2479 nalibus
316 2452 473 2486 Syncellum
489 2460 658 2488 quaecunqne
674 2462 690 2481 e
707 2454 826 2490 Dexippo
844 2456 923 2483 habet
935 2463 980 2490 pe-

193 2496 269 2524 tiisse
301 2497 445 2530 arbitror;
463 2503 491 2525 at
521 2498 747 2527 Constantiniana
772 2506 898 2535 excerpta
927 2501 981 2528 illis

193 2549 304 2576 prorsus
319 2543 406 2571 aliena
421 2550 483 2572 sunt
500 2553 508 2573 :
528 2552 616 2580 neque
632 2546 702 2572 enim
715 2547 834 2581 prolixus
843 2547 981 2575 orationes

193 2663 269 2722 "illi:
282 2663 430 2722 ξὲἇριοεὶε
449 2673 517 2700 quas
537 2667 574 2694 ill.
601 2667 684 2694 Maius
704 2667 787 2694 edidit
805 2677 810 2694 :
831 2669 892 2696 coll.
917 2668 978 2696 Vat.

218 2699 346 2758 .3250.
384 2734 390 2740 '
456 2699 463 2741 .'
632 2737 637 2742 ν

229 2734 266 2771 (_)
287 2735 424 2771 Ennapius
439 2740 492 2762 vna
507 2735 649 2771 Porphyrii
668 2738 694 2764 in
713 2739 732 2765 l'.

228 2767 267 2836 (7)
284 2769 349 2795 Cod.
363 2767 407 2795 82.
561 2767 568 2770 '
597 2767 606 2771 '

230 2801 258 2835 (8
287 2803 436 2836 Eunapius,
451 2811 478 2836 p.
495 2804 540 2836 58,
551 2804 568 2831 l.
585 2805 612 2832 5.
623 2806 705 2836 Idem.
721 2807 745 2835 vi

230 2801 267 2836 (8)
287 2803 436 2838 Eunapius,
451 2811 478 2838 p.
495 2804 568 2837 58,l.
585 2805 705 2840 5.ldem,
721 2807 774 2835 vita
791 2808 903 2843 Porph.,
917 2808 935 2835 l.
957 2808 974 2835 l.

1034 2224 1091 2251 fere
1108 2229 1170 2252 sunt
1186 2233 1193 2252 :

1072 2271 1220 2300 INSCRH’TIO
1235 2272 1262 2298 in
1278 2280 1384 2307 corpore
1403 2272 1517 2300 Baeckkii
1535 2280 1562 2300 n.
1579 2273 1641 2302 380.

1071 2318 1151 2345 Κατὰ
1181 2319 1210 2344 τὸ
1226 2317 1393 2354 ἐπερώτημα
1406 2319 1456 2354 τῆς
1473 2319 1503 2351 ἐξ
1527 2319 1632 2355 Ἀρείου
1648 2320 1736 2353 πάγου
1758 2320 1817 2355 βου-

1037 2364 1087 2399 λῆς
1116 2364 1164 2391 καὶ
1189 2366 1241 2400 τῆς
1272 2364 1372 2400 βουλῆς
1395 2365 1505 2400 τῶνψν¹
1531 2365 1578 2392 καὶ
1592 2365 1639 2392 τοῦ
1653 2366 1740 2401 δήμου
1765 2367 1815 2393 τῶν

1033 2410 1195 2444 Ἀθηναίων,
1223 2410 1269 2436 τὸν
1283 2410 1405 2446 ἄρξαντα
1418 2411 1466 2446 τὴν
1496 2411 1543 2437 τοῦ
1573 2411 1706 2446 βασιλέως
1723 2412 1752 2438 ἐν
1770 2411 1816 2437 Θε-

1035 2455 1180 2490 σμοθέταις
1199 2455 1354 2491 ἀρχὴνλκαλ.
1363 2457 1484 2492 ἁρξαντα
1497 2457 1546 2492 τὴν
1557 2457 1701 2492 ἐπώνυμον
1719 2459 1812 2493 ἀρχὴν,

1035 2502 1082 2529 καὶ
1101 2503 1399 2537 πανηγυριαρχήσαντα
1424 2503 1471 2529 καὶ
1494 2503 1738 2538 ἁγωνοθετήσαντα
1764 2504 1814 2530 τῶν

1037 2547 1164 2583 μεγάλων
1192 2548 1401 2583 Παναθηναίων,
1419 2548 1524 2576 οἴκοθεν
1543 2550 1618 2583 ἱερέα
1633 2550 1753 2584 παναγῆ,
1767 2549 1815 2576 Πό-

1067 2670 1105 2704 (9)
1127 2670 1155 2697 S.
1174 2678 1198 2697 v.
1220 2671 1353 2705 Ἐλουροι.

1070 2706 1127 2738 (10)
1143 2706 1273 2732 (101*111311.
1289 2706 1316 2731 2.

1070 2740 1126 2773 (11)
1145 2741 1181 2767 De
1199 2741 1293 2768 histor.
1313 2740 1412 2772 Gram,
1428 2748 1453 2775 p.
1469 2741 1532 2768 24'2.

1066 2775 1123 2808 (I‘Z)
1144 2775 1220 2810 [κεῖ.
1233 2777 1276 2810 ad.
1293 2776 1352 2802 coll.
1374 2775 1460 2802 Vatic.
1474 2776 1506 2807 ll,
1528 2784 1553 2810 p.
1570 2784 1662 2806 xxvut.

1068 2810 1124 2844 (15)
1144 2809 1258 2837 Trebell.
1273 2810 1367 2843 Pollio,
1380 2810 1474 2838 Claud.
1491 2809 1533 2837 1‘2.
