1945 3073
104 107 166 138 613

103 162 190 188 πλιον
211 162 344 197 Ἑρέννιον
358 162 490 195 Δέξιππον
522 164 690 199 Πτολεμαίου
708 165 841 201 Ἕρμειον

106 207 218 242 ῥήτορα
247 208 292 234 καὶ
312 209 479 244 συγγραφέα,
493 210 595 244 ἀρετῆς
612 210 692 237 ἕνεκα
704 211 728 237 οἱ
742 211 849 242 παῖδες.

113 263 264 300 ’Λλκῇγκαὶ
291 265 397 298 μύθοισι
413 265 459 291 καὶ
475 265 503 291 ὲν
520 265 640 300 βουλαῖσι
658 266 819 299 κρατίστους

149 299 267 335 "rivom;
288 300 473 335 ἀγακλειτοὺς
499 300 610 333 γείνατο
634 301 786 335 Κεκροπίη.

105 329 162 370 ’Ὧν
174 329 225 370 ἕνα
252 329 469 370 κιξιΔέξιππονί
489 329 643 370 ἱστορίην
667 329 823 370 ἐσαθρή’σας

146 367 250 404 ᾼίᾣνος
268 368 386 404 δολιχήν
404 369 544 402 ἀτρεκέως
561 367 691 404 ἔφρασεν.

104 401 213 437 Καὶ-τα
246 403 294 435 μὲν
312 404 391 433 αὐτὸς
405 401 504 435 ἐπεῖδε,
519 404 553 429 τὰ
570 401 625 430 δ’ἐκ
642 404 740 437 βίϐλων
756 404 887 436 ἀναλέξας

146 435 252 472 Εὕρατο
283 438 412 472 παντοίην
438 438 560 472 ἱστορίης
591 435 727 472 ἀτραπόν.

104 467 251 508 Ἶιωιὶέγα
266 471 381 502 ’κλεινὸς
391 467 484 508 ίάνὴρ,
497 467 525 503 ὃς
539 467 585 499 νοῦ
599 467 652 499 ἄτξο
684 473 779 508 μυρίον
791 473 868 508 ὄμμα

152 505 300 542 Ἐκτείνας,
323 505 582 542 χρονίουςπρήξιας
598 505 741 542 ἐξέμαθεν.

104 540 190 578 Φήμῃ
223 540 271 578 μὲν
288 540 439 578 περίὸωτος
467 540 517 578 ἀνί
530 540 657 578 tamen;
678 543 728 577 τὴν
756 544 770 569 ό
785 542 903 578 νεανοὴς

146 573 228 611 Δῖνος
254 573 382 611 Δεξίππῳ
397 575 484 611 δῷκεν
510 577 553 610 ἐφ’
571 577 689 611 ίστορίῃ.

107 607 242 647 Tobias-Aa
261 610 294 642 δὴ
313 607 468 647 κακίπαίδες
479 607 640 647 ἀγακλειτὶῦ
654 607 789 647 γενετῆρα

146 643 314 677 Μορφήεντα
326 644 397 670 λίθον
409 643 495 679 θῆκαν
508 643 694 680 ἁμεισόμενοι.

147 701 279 735 Ριιοταιε,
292 703 351 729 cod.
369 702 423 730 82:
438 703 609 739 Ἀνεγνὼσθη
626 705 763 737 Δεξίππου
781 705 819 732 Τὰ
828 704 904 739 μετὰ

113 747 325 781 Ἀλέξανδρον,
352 748 380 775 ὲν
395 747 485 781 λόγοις
518 749 683 784 τέσσαρσιν,-
733 750 903 784 Ἀνεγιώοθη

106 792 137 818 δὲ
163 792 248 819 αὑτοῦ
283 794 330 819 καὶ
357 793 451 828 ἕτερον
482 794 614 830 σύντομον
644 796 792 830 ἱστορικὸν,
822 797 903 830 μέχρι

106 838 161 870 τῆς
184 838 317 864 Κλαυδίου
348 838 492 874 ὲπιτρέχον
509 840 558 871 τὰς
569 840 766 874 κεφαλαιώδεις
780 840 897 876 πράξεις
916 834 938 861 Β

109 883 262 918 βασιλείας.
283 884 456 919 Ἀνεγνώσθη
484 885 512 912 δὲ
536 886 618 912 αὐτοῦ
637 887 734 913 καὶτὰ
761 886 899 917 Σκυθικὰ.

108 929 139 954 ὲν
168 925 208 959 οἷς
235 929 263 955 αἱ
284 929 428 964 Ῥωμαίων
452 930 527 966 αὐτῷ
561 931 608 957 καὶ
636 931 747 958 Σκυθῶν
775 931 900 966 ἀναγρά-

110 981 209 1007 φονται
239 974 308 1009 πρὸς
321 975 451 1010 ἀλλήλους
466 976 550 1011 μάχαι
568 985 596 1002 τε
609 978 657 1004 καὶ
674 977 809 1011 ἀξιόλογοι
822 977 895 1013 πρά·-

110 1019 178 1051 ξεις.
208 1019 284 1046 Ἐστι
311 1020 402 1055 δὲτὴν
421 1021 521 1056 φράσιν
538 1021 685 1057 ἀπέριττός
701 1031 731 1049 τε
755 1023 802 1049 καὶ
825 1023 900 1057 ὄγκῳ

110 1064 160 1090 καὶ
169 1064 304 1100 ἀξιώματι
314 1066 427 1101 χαίρων,
438 1067 495 1098 καὶ,
511 1066 548 1098 ὡς
558 1067 590 1094 ἄν
601 1076 642 1099 τις
651 1067 733 1101 εἴποι,
745 1068 823 1100 ἄλλος
832 1069 901 1103 μετά

109 1118 184 1141 τινος
210 1111 358 1144 σαφηνείας
379 1111 554 1146 Θουκυδίδης,
579 1113 693 1147 μάλιστα
726 1121 758 1146 γε
779 1115 807 1139 ὲν
839 1114 898 1145 ταῖς

111 1155 256 1186 Σκυθικαῖς
269 1156 410 1190 ἱστορίαις.

149 1199 279 1225 [Summus
298 1207 358 1233 qua:
371 1200 403 1226 de
417 1199 560 1228 Chronicis
579 1200 690 1235 Dexippi
705 1201 792 1234 doccl,
810 1209 901 1236 qumre

113 1244 184 1271 infra
202 1252 227 1278 ιι.
243 1244 286 1271 56.
303 1252 380 1279 seqq.

148 1289 224 1320 iDEM,
241 1290 265 1316 iu
284 1289 344 1316 Vita
363 1290 514 1325 Porphyrii,
529 1291 578 1318 sub
593 1291 672 1318 tinem
686 1303 692 1319 :
708 1292 776 1323 Τοὺς
790 1292 902 1327 χρόνους

112 1333 172 1368 (τοῦ
197 1334 353 1369 Πορφυρίου
385 1334 454 1369 βίου)
481 1337 509 1366 ἐς
532 1336 678 1371 Γαλλιηνδν
691 1337 739 1363 καὶ
768 1337 902 1364 Κλαύδιον

111 1379 232 1411 είκάζειν
274 1380 425 1414 συνέϐαινε,
450 1381 567 1408 Τάκιτόν
604 1390 634 1407 τε
658 1381 705 1408 καὶ
733 1383 900 1417 Δὺρηλιανδν

112 1425 160 1451 καὶ
180 1425 295 1460 Πρόὸον·
313 1425 374 1452 καθ’
398 1426 444 1458 οὓς
458 1424 491 1462 ἦν
503 1429 551 1452 καὶ
580 1427 714 1459 Δέξιππος
737 1428 751 1453 δ
765 1428 814 1462 τὴν
838 1436 899 1462 χρο-

111 1471 189 1506 νικὴν
217 1471 338 1506 ἱστορίαν
367 1472 538 1508 συγγράψας,
552 1473 620 1507 ἀνὴρ
650 1473 760 1508 ἁπάσης
774 1473 898 1505 παιδείας

111 1525 140 1543 τε.
156 1518 202 1543 καὶ
224 1517 365 1552 δυνάμεως
379 1518 492 1553 λογικῆς
517 1518 668 1549 ἀνάπλεως.

148 1563 293 1596 ΕνΑειιιυε,
305 1563 374 1590 Hist.
388 1563 456 1591 eccl.
467 1563 500 1598 V,
514 1564 548 1591 αι
558 1572 564 1590 :
576 1564 631 1591 Καὶ
641 1563 767 1600 Δεξίππῳ
780 1565 808 1591 δὲ
823 1565 899 1591 πλεῖ-

114 1617 164 1635 στα
192 1609 255 1644 περὶ
278 1610 381 1636 τούτων
395 1609 557 1644 πεπόνηται,
577 1609 631 1636 ἀπὸ
661 1609 784 1645 μυθικῶν
815 1609 898 1644 ἀρξα-

115 1655 200 1689 μένῳ,
218 1654 264 1680 καὶ
284 1653 395 1689 λήξαντι
406 1654 434 1685 ὲς
453 1653 502 1687 τὴν
520 1653 654 1680 Κλαυδίου
669 1653 718 1680 τοῦ
746 1653 815 1688 μετὰ
831 1653 898 1679 Γαλ-

113 1698 203 1734 λιηνίιν
231 1698 379 1734 βασιλείαν·
391 1695 413 1732 ᾧ
431 1698 642 1733 συνανείληπται
654 1699 718 1734 περ).
734 1695 771 1724 ὧν
786 1698 896 1733 Κάρποι

113 1745 160 1770 καὶ
178 1744 257 1779 ἔτερα
272 1744 398 1779 βάρϐαρα
413 1743 476 1778 ἔθνη
497 1744 567 1771 κατὰ
582 1744 630 1778 τὴν
646 1744 759 1770 Ἐλλάδα
772 1744 897 1779 καὶΘρᾴ-

114 1797 165 1823 κην
179 1789 227 1815 καὶ⁷
254 1789 358 1816 Ἰωνίαν
368 1789 598 1824 διαπολεμοῦντες
612 1788 745 1824 ἔπραξαν.
757 1788 895 1824 (Scythica

114 1833 156 1860 hic
182 1833 294 1860 innuere
323 1833 440 1864 videtur.
471 1841 524 1860 non
547 1833 744 1860 Chronicorum
771 1833 896 1869 partem.)

149 1879 258 1911 S'JtDAs,
278 1886 340 1906 s.v.
364 1879 510 1912 Δέξιππος,
538 1879 685 1912 Δεξίππου,
711 1881 725 1906 ὸ
753 1880 896 1914 Ἑρέννιος,

114 1924 297 1960 χρηματίσας.
331 1923 471 1959 Ἀθηναῖος
500 1925 603 1959 ῥήτωρ,
615 1925 735 1959 γεγονὼς
749 1925 794 1951 ἐπὶ
814 1925 898 1952 Βαλε-

115 1970 218 2005 ριανοῦ,
233 1969 392 2004 Γαλλιηνοῦ,
408 1970 455 1996 καὶ
474 1969 607 1997 Κλαυδίου
623 1970 762 2005 δευτέρου,
783 1971 830 1997 καὶ
843 1971 893 1996 Αὐ-

115 2015 252 2050 ρηλιανοῦ,
269 2015 323 2041 τῶν
332 2014 464 2049 βασιλέων
484 2014 635 2049 Ῥωμαίων.

147 2061 310 2088 Τιιειιειιιυδ
329 2061 440 2094 POLLIO,
452 2061 478 2088 in
489 2060 621 2092 Gallieno,
638 2060 685 2087 14:
696 2069 704 2085 ι
718 2060 798 2087 Gothi
816 2060 897 2096 Cyzi-

114 2116 172 2135 cum
187 2113 214 2135 et
234 2108 336 2139 Asiam,
352 2107 479 2141 deinceps
491 2107 620 2133 Achaiam
635 2115 755 2138 omnem,
777 2110 897 2133 vastave-

115 2157 186 2183 runt.
200 2158 226 2180 et
247 2153 280 2180 ab
294 2152 515 2185 Atheniensibus,
535 2152 602 2180 duce
616 2151 748 2186 Dexippo,
764 2151 895 2186 scriptore
912 2161 933 2188 ι)

115 2201 208 2226 horum
223 2203 385 2232 temporum,
404 2197 470 2224 victi
482 2201 571 2224 sunt.»

147 2242 331 2276 EUNAPIUS,
342 2243 523 2277 sophistarum
533 2242 597 2269 vitis
611 2242 711 2276 clarus,
734 2247 813 2269 natus
830 2242 895 2268 Sar-

115 2291 190 2318 dibus
205 2297 250 2317 an.
265 2289 328 2323 347,
345 2289 456 2323 Dexippi
480 2289 620 2316 historiam
635 2289 670 2315 ita
680 2288 855 2321 continuavit,
869 2292 898 2314 ut

115 2342 179 2368 opus
205 2342 282 2362 suum
309 2334 389 2362 Μετὰ
419 2334 570 2366 Δέξιππον
593 2333 741 2368 χρονικὴν
762 2333 897 2367 ἱστορίαν

116 2381 273 2408 inscriberet
288 2379 355 2415 (16).
370 2380 397 2407 Id
417 2379 477 2407 XIV
492 2381 576 2407 libros
602 2379 769 2411 continebat,
782 2386 894 2413 quorum

116 2428 198 2461 primo
217 2433 260 2453 res
277 2426 310 2453 ab
325 2433 438 2454 excessu
453 2425 555 2452 Claudii
570 2424 677 2452 Gothici
699 2425 732 2451 ad
756 2423 891 2451 lulianum

117 2472 180 2506 imp.
201 2476 292 2505 gestas
310 2470 478 2505 complexus,
504 2471 609 2498 caeteris
626 2470 713 2505 hujus,
728 2477 807 2504 quem
823 2469 891 2504 ipse,

117 2521 205 2551 utpote
223 2524 271 2551 pro
286 2516 368 2543 veteri
385 2516 513 2550 religione
534 2516 774 2543 vehementissime
787 2515 893 2542 anima-

118 2568 165 2593 tus,
182 2567 307 2595 tanquam
323 2560 406 2587 Deum
422 2560 550 2594 aliquem,
575 2561 692 2588 humano
712 2561 803 2595 generi
818 2567 893 2587 com-

118 2608 264 2638 modatum,
290 2605 405 2638 colebat,
434 2605 595 2638 historiam,
625 2613 739 2640 qmeque
767 2606 894 2638 deinceps

116 2654 254 2681 Subsecula
270 2657 343 2684 sunt,
361 2651 469 2686 copiose
490 2652 609 2678 narravit
625 2651 692 2686 (15).
710 2651 803 2677 Finem
826 2657 892 2685 ope-

150 2755 203 2790 (Η)
221 2754 303 2782 Teste
320 2754 425 2787 Photio,
441 2759 468 2781 et
484 2753 659 2787 inscriptione
683 2752 835 2786 eclogarum
864 2753 897 2780 de

118 2790 263 2818 sententiis.

812 110 1019 141 ΡΙῌΞΡΑΤΙΟ.

1683 116 1736 149 611

857 166 902 192 τὸν
918 170 939 198 Α
957 179 994 206 ris
1012 179 1036 205 in
1052 178 1095 206 illo
1112 184 1231 213 tempore
1261 178 1356 208 fecisse
1382 188 1436 215 qtto
1461 181 1490 209 S.
1513 181 1630 210 Joannes
1653 184 1739 220 Chry-

956 229 1091 251 sostomus
1107 225 1131 250 in
1145 225 1268 251 exsilium
1280 226 1373 260 pulsus
1389 231 1440 259 est,
1458 234 1502 254 an.
1517 227 1584 255 Chr.
1601 228 1650 256 tOt
1671 229 1739 256 Pho-

955 270 1008 294 tius
1030 269 1108 296 docet
1131 270 1198 304 (16).
1226 270 1274 297 Cui
1307 279 1456 306 repugnare
1478 272 1586 306 quidem
1614 274 1740 301 videnlur

954 314 1064 349 (πείθειν,
1083 315 1108 341 ἰιι
1123 315 1269 350 quibus(p.
1284 316 1327 348 96,
1344 324 1373 343 η.
1391 317 1436 352 70)
1463 317 1496 344 de
1515 317 1663 347 Pulehi-riaa
1684 321 1740 347 Au-

953 364 1038 392 gustae
1067 360 1180 386 avaritia
1208 368 1298 388 sermo
1328 367 1380 393 est,
1414 369 1474 397 quae
1505 364 1602 392 mulier
1633 366 1740 392 (ternum

953 411 980 430 ιι.
994 403 1056 437 414,
1072 404 1214 438 imperium
1239 407 1385 440 capessivit
1401 415 1409 434 :
1427 408 1536 435 minime
1560 413 1648 437 tamen
1677 410 1741 438 inde

953 449 1081 484 colligere
1097 449 1162 477 licet
1177 449 1329 485 Eunapium
1353 452 1502 480 continenti
1518 455 1674 482 narratione
1692 457 1741 482 de-

952 501 1011 521 cem
1039 503 1189 528 annorum,
1210 498 1256 531 qui
1282 499 1362 524 medii
1390 503 1466 528 sunt.
1489 499 1627 527 historiam
1656 509 1738 535 expo-

953 540 1042 567 suisse
1059 549 1065 567 :
1083 542 1147 575 quin
1163 543 1252 576 potius
1276 542 1339 570 illuc
1358 543 1513 577 degressum
1537 551 1598 572 esse
1617 552 1740 580 apparet,

954 593 982 614 ut
997 588 1138 615 referendo
1153 589 1287 622 quomodo
1303 588 1413 621 llierax,
1429 590 1525 617 aemulo
1539 590 1585 625 qui
1599 592 1638 617 vel
1653 591 1739 626 ipsum

954 631 1073 665 nequitia
1098 635 1240 665 superaret
1256 639 1304 666 per
1316 632 1442 667 Augustze
1457 633 1598 660 avaritiam
1614 634 1739 667 traditus,

953 683 1002 710 pro
1017 684 1083 703 nece
1097 676 1224 704 Fravitue
1238 684 1313 705 seras
1321 684 1425 711 poenas,
1439 683 1624 707 verumtamen
1643 688 1738 715 [uenas

954 722 1070 752 dederit,
1092 730 1121 750 se
1150 723 1294 750 solaretur.
1328 725 1454 757 Accedit,
1486 726 1557 760 quod
1583 726 1680 754 deinde
1707 729 1740 755 de

954 766 1102 796 Stilichone
1124 767 1255 803 loquitur,
1283 770 1328 804 qui
1351 770 1396 797 diu
1417 777 1480 798 ante
1494 771 1642 800 Pulcherize
1656 773 1740 808 impe-

955 813 1024 838 rium
1039 813 1146 840 occisus
1162 817 1214 841 est.

987 857 1054 884 Cum
1086 859 1222 893 duplicem
1245 859 1391 888 editionem
1414 861 1534 890 historia:
1560 863 1672 891 ΡΙιοιῑιιε
1699 866 1738 892 vi-

951 903 1045 936 disset,
1058 903 1294 932 Constantiniana:
1310 906 1419 941 eclogae,
1435 912 1463 933 ιιι
1484 907 1624 943 inscriptio
1645 910 1735 942 docet,

951 955 966 975 e
977 949 1095 975 secunda
1111 954 1224 983 sumpta:
1241 955 1315 984 sunt,
1335 951 1380 978 ubi
1403 951 1452 979 loci
1467 953 1584 987 plurimi,
1599 953 1626 981 in
1642 955 1740 989 quibus

951 995 1066 1029 scriptor
1084 996 1176 1023 rabido
1192 996 1322 1025 adversus
1345 997 1513 1027 Christianos
1534 1000 1596 1027 odio
1609 1001 1737 1029 cll‘renate

952 1040 1110 1074 indulserat,
1125 1041 1160 1068 ita
1174 1042 1253 1069 recisi
1270 1048 1370 1077 essent,
1383 1049 1422 1077 ut,
1436 1044 1530 1073 Photio
1539 1046 1646 1081 judice,
1663 1047 1738 1075 hinn-

952 1091 992 1113 tes
1005 1087 1108 1114 lacunae
1132 1094 1306 1122 apparerent,
1325 1094 1351 1117 et
1372 1091 1512 1125 sequentia
1533 1092 1648 1126 plurima
1663 1094 1738 1121 labo-

952 1137 1045 1159 rarent
1060 1133 1238 1161 obscuritate.
1266 1134 1352 1169 Cujus
1375 1136 1432 1163 vitii
1447 1136 1552 1172 culpam
1573 1138 1684 1166 Pbotius
1710 1139 1736 1167 in

953 1175 1102 1210 Eunapium
1117 1178 1202 1212 ipsttrn
1219 1180 1326 1207 confert
1343 1190 1350 1207 :
1373 1181 1565 1216 conjecturane
1581 1183 1678 1211 doctus
1701 1192 1736 1211 an

954 1221 1117 1254 testimonio,
1151 1231 1204 1250 non
1235 1229 1351 1253 constat.
1379 1224 1544 1260 Scriptorem
1584 1229 1736 1257 mutilatum

952 1273 1020 1300 opus
1034 1266 1068 1292 ita
1083 1267 1227 1302 reliquisse
1246 1275 1273 1295 ιιι
1286 1270 1311 1296 in
1332 1270 1373 1297 his
1388 1279 1447 1305 quze
1474 1273 1619 1300 manebant
1641 1282 1737 1301 sensus

953 1311 1101 1345 laboraret,
1123 1320 1190 1341 sane
1213 1321 1265 1341 non
1294 1315 1431 1348 probabile
1452 1322 1504 1344 est.
1530 1317 1570 1344 Ae
1589 1318 1646 1345 ﬂeri
1662 1324 1737 1346 certe

952 1363 1051 1392 potest,
1067 1363 1095 1386 ut
1110 1367 1163 1388 non
1181 1361 1237 1394 ipse
1252 1362 1379 1396 scriptor,
1391 1363 1437 1389 sed
1458 1363 1612 1398 bibliopola,
1637 1364 1735 1393 indocti

952 1405 1124 1432 amanuensis
1148 1413 1241 1440 opera,
1259 1406 1341 1434 libros
1358 1407 1392 1434 ab
1406 1408 1439 1435 iis
1453 1408 1519 1436 locis
1534 1410 1578 1443 qui
1594 1410 1736 1437 vendenti-

952 1449 1003 1478 bus
1022 1451 1169 1485 periculum
1181 1458 1306 1480 crearent
1319 1453 1435 1481 liberare
1450 1454 1569 1482 animum
1581 1456 1735 1484 induxerit:

912 1493 934 1524 C
949 1496 1039 1530 qualia
1069 1503 1131 1523 sunt
1152 1502 1313 1533 expurgata,
1343 1506 1402 1533 quae
1424 1504 1533 1532 vocant,
1559 1501 1735 1535 exemplaria,

951 1550 1012 1576 quae
1032 1542 1058 1569 iu
1079 1543 1234 1577 regio-tibus
1258 1545 1302 1571 ubi
1327 1545 1435 1573 decreta
1453 1545 1559 1574 concilii
1583 1545 1734 1575 Tridentini

950 1592 1057 1622 recepta
1074 1588 1184 1617 fuerunt
1201 1597 1255 1617 non
1269 1597 1330 1616 raro
1345 1595 1502 1618 occurrunt.

984 1634 1096 1668 Euttapii
1112 1635 1176 1666 vita,
1191 1635 1225 1661 ab
1241 1635 1323 1663 lladr.
1342 1635 1422 1663 Junio
1444 1636 1609 1671 conscripta.
1626 1637 1655 1664 in
1677 1638 1736 1665 eili-

951 1680 1023 1707 Iione
1043 1681 1078 1707 cl.
1115 1679 1274 1708 Boissonadi
1296 1681 1404 1716 legitur.
1419 1681 1544 1709 insanum
1566 1682 1684 1710 hominis
1708 1684 1734 1711 in

950 1734 1006 1753 rem
1019 1726 1198 1753 Christianam
1215 1727 1307 1754 odium
1323 1726 1399 1760 cujus
1418 1727 1443 1754 in
1459 1728 1501 1755 his
1518 1735 1578 1762 quae
1594 1729 1632 1755 ill.
1649 1728 1736 1757 Maius

948 1772 1031 1799 edidit
1055 1772 1174 1807 iniquum
1196 1773 1229 1800 de
1242 1780 1340 1808 magno
1359 1773 1512 1801 Theodosio
1531 1774 1663 1809 judicium
1685 1782 1735 1802 no-

949 1824 1011 1843 vum
1025 1817 1136 1845 exhibet
1153 1818 1302 1853 specimen,
1324 1818 1496 1854 deliransque
1520 1819 1680 1854 superstitio
1706 1819 1733 1846 lu

949 1862 1063 1889 somniis
1094 1863 1230 1896 religionis
1248 1870 1329 1897 quam
1357 1868 1438 1890 secta
1462 1863 1505 1890 cui
1525 1863 1649 1891 addictus
1676 1868 1736 1890 erat

950 1908 1061 1935 asset-la:
1096 1908 1146 1935 sibi
1175 1909 1320 1941 tinxerant,
1350 1909 1489 1936 notissitna
1519 1913 1582 1936 sunt
1606 1916 1614 1934 :
1642 1912 1733 1935 notum

948 1954 1030 1981 etiam
1058 1954 1183 1981 dictionis
1204 1962 1290 1987 genus
1307 1954 1448 1981 molestum
1463 1959 1490 1981 et
1504 1954 1684 1985 salebrosum.
1701 1955 1735 1980 de

949 2007 1003 2034 quo
1015 1999 1096 2026 nimis
1107 1999 1256 2027 clementer
1271 1999 1377 2034 judicat
1390 1999 1517 2032 Photius;
1536 2006 1615 2033 quem
1632 1999 1666 2026 de
1681 1998 1735 2026 Eu-

950 2045 1022 2078 napii
1036 2044 1147 2071 historia
1161 2045 1340 2072 disserentem
1359 2045 1414 2079 jam
1437 2045 1578 2072 audiamus
1594 2044 1666 2079 (cod.
1677 2044 1735 2078 77).

992 2090 1165 2125 Ἀνεγιώσοη
1178 2090 1315 2116 Εὐναπίου
1339 2088 1486 2123 Χρονικῆς
1510 2089 1645 2123 ιστορίας
1680 2089 1734 2123 τῆς

947 2136 1021 2171 μετὰ
1038 2135 1198 2168 Δέξιππον,
1225 2136 1288 2168 νέας
1304 2136 1446 2168 ἐκδόσεως,
1464 2137 1492 2162 ὲν
1509 2135 1621 2171 βιϐλίοις
1632 2144 1735 2163 τεσσα-

949 2182 1120 2217 ρεσκαίδεκα.
1152 2183 1282 2217 ’Λρχεται
1303 2183 1353 2217 μὲν
1379 2183 1428 2217 τῆς
1450 2181 1582 2217 Ἱστορίας
1607 2182 1659 2209 ἀπὸ
1684 2182 1735 2217 τῆς

948 2229 1081 2256 Κλαυδίου
1098 2229 1246 2264 βασιλείας,
1262 2230 1291 2260 ἐς
1303 2229 1332 2255 ὃν
1345 2229 1473 2263 Δεξίππῳ
1487 2229 1503 2263 ὴ
1519 2227 1635 2263 Ίστορία
1648 2236 1734 2254 κατα-

947 2275 1037 2311 λήγει,
1063 2275 1229 2310 ἀποτελευτᾷ
1243 2275 1269 2301 δὲ
1282 2276 1323 2307 εις
1340 2274 1388 2310 τὴν
1421 2274 1550 2310 ὐνωρίου
1565 2276 1612 2301 καὶ
1632 2274 1734 2308 Ἀρκα-

947 2323 1003 2349 δίου
1033 2321 1087 2348 τῶν
1103 2321 1241 2348 Θεοδοσίου
1258 2321 1362 2347 παίδων
1394 2320 1542 2355 βασιλείαν,
1558 2320 1662 2346 ἐκεῖνον
1687 2319 1734 2345 τὸν

949 2369 1044 2404 χρόνον
1057 2369 1134 2399 τέλος
1147 2369 1196 2402 τῆς
1212 2366 1333 2401 ίστορὶας
1366 2365 1560 2400 ποιησάμενος,
1589 2364 1618 2391 δν
1634 2364 1662 2391 Ἀ
1669 2365 1735 2399 ρσά-

946 2423 1003 2446 mo;
1018 2415 1065 2449 μὲν
1079 2413 1125 2440 τοῦ
1139 2413 1240 2448 χρυσοῦ
1251 2412 1301 2446 τῆς
1317 2411 1479 2446 Ἐκκλησίας
1494 2411 1626 2445 στόματος
1644 2409 1734 2437 Ἰωάν-

947 2470 992 2489 νου
1006 2460 1187 2491 ἀπελαθέντος
1210 2460 1250 2490 εἰς
1263 2459 1308 2486 τὸν
1322 2457 1516 2493 ἀρχιερατικὸν
1535 2457 1630 2492 θρόνον
1649 2457 1734 2490 ἀνηγ-

949 2509 1029 2544 μένος
1047 2508 1198 2543 ἱερατευεν.
1218 2508 1234 2541 ἡ
1253 2506 1282 2532 δὲ
1302 2505 1349 2531 τοῦ
1379 2504 1566 2540 βασιλεύοντος
1590 2502 1732 2538 ’Λρκαδίου

949 2555 1018 2589 γυνὴ
1038 2554 1109 2581 κατὰ
1122 2553 1239 2588 γαστρὸς
1258 2552 1356 2587 ἔχουσα
1370 2552 1416 2578 καὶ
1433 2549 1602 2584 ἁμὸλώσασα
1617 2549 1663 2574 τὸν
1676 2548 1732 2583 βίον

948 2601 1092 2628 ἀπέλιπεν.
1121 2597 1203 2630 Οὗτος
1219 2600 1233 2626 ὁ
1248 2598 1382 2627 Εὺνάπιος
1410 2595 1556 2631 Σαρδιανὸς
1581 2594 1630 2630 μὲν
1653 2593 1731 2627 γένος

948 2649 1005 2674 ἐστὶ
1031 2647 1089 2683 (τὰς
1114 2647 1168 2681 γὰρ
1191 2646 1220 2671 ἐν
1242 2644 1327 2678 Λυδίᾳ
1356 2643 1468 2678 Σάρδεις
1494 2642 1557 2678 ἔσχε
1590 2640 1729 2677 πατρίδα)-

989 2751 1045 2788 (1ῧ)
1060 2747 1296 2788 Eunapiusjnl‘ra,
1315 2754 1341 2781 p.

986 2787 1040 2820 (16)
1060 2785 1089 2812 \'.
1112 2785 1180 2811 infra
1194 2785 1219 2812 in
1236 2785 1407 2811 testimoniis.
