1945 3073
611 123 617 138 I

136 139 192 172 617

841 139 1050 170 PRIEFATIO.

1708 138 1761 168 618

139 195 300 231 dignitatem
314 193 399 230 patris
412 193 568 225 ohtincbat;
578 200 640 221 mox
654 193 926 231 comeslargitionum
940 198 966 228 Λ
979 195 1069 231 petitze
1083 194 1184 230 ecloga
1198 195 1225 223 in
1247 198 1362 230 atroque
1373 195 1453 224 titulo
1468 195 1501 224 de
1520 194 1701 228 legationibus
1713 201 1763 222 ex-

140 241 231 269 factus
251 246 334 276 atque
355 247 381 267 a.
403 239 466 273 576,
495 239 529 267 ad
551 238 649 267 Persas
675 240 776 268 missus
801 240 924 276 cst(27).

139 286 324 315 Christianum
350 285 435 313 fuisse
462 285 572 313 Petrum
598 285 682 314 dubio
706 291 807 314 caret:
825 287 924 322 quippe

139 333 189 368 qui
206 333 233 360 iu
248 331 381 367 legatione
393 329 504 358 Persica
519 335 549 357 ut
560 331 679 358 natalem
703 330 804 359 Christi
819 331 924 360 Domini

140 377 373 413 Epiphaniamque
391 376 553 409 celebraret,
581 376 733 404 substiterit
753 377 821 413 (28),
843 382 925 412 atque

139 431 202 451 cum
218 423 315 459 Vigilio
328 423 403 459 Papa
419 423 454 451 de
469 422 550 451 rebus
565 430 626 458 quae
649 423 683 451 ad
699 423 824 459 dogmata
839 423 924 458 perti-

139 473 205 497 nent
222 469 317 504 egerit.

178 513 228 542 llic
246 513 344 542 Petrus
356 513 427 541 inter
448 519 554 541 coa°v0s
575 512 727 540 incredibili
745 513 860 548 quadam
874 513 924 542 ﬂo~

140 560 284 589 ruitlaude
299 564 328 588 et
344 559 428 595 gloria
447 558 546 594 :cujus
562 559 600 586 rei
617 559 767 587 testimonia
786 559 855 587 inl'ra
876 567 925 596 po-

140 606 194 633 sui.
206 605 308 633 Praeter
323 604 517 639 eloquentiam,
539 608 621 639 atque
639 604 747 632 unicam
762 603 790 631 in
814 612 926 639 persua-

140 651 229 678 dendo
244 651 310 682 vim.
324 656 457 677 summam
473 649 502 676 in
516 648 596 676 rebus
605 649 754 677 tractandis
774 649 923 682 solertiam.

141 696 312 732 diligentiam
331 695 506 727 indefessum.
521 694 609 729 legum
620 694 799 730 cognitionem
816 702 927 723 accura-

143 741 286 773 tissimam.
320 740 499 769 eruditionem
524 740 705 775 ontnigenam,
733 740 757 768 ei
786 740 924 774 tribuunt;

141 792 198 815 tum
214 795 280 816 vero
290 795 427 815 amcnum
451 787 598 822 ingenium,
619 788 766 822 utilemque
778 787 899 814 animum
917 796 924 814 :

139 833 168 861 in
179 841 234 869 quo
248 841 311 861 cum
325 833 406 860 unico
428 832 506 868 cuius
529 832 610 860 verba
624 832 657 860 ad
675 840 726 860 nos
744 837 927 868 pervenerunt

140 879 328 924 obtrectatore
335 878 392 913 (29)
405 878 442 905 ita
457 878 592 906 consentit
608 877 681 905 Petri
706 878 791 924 cliens
808 877 927 924 Joannes
943 897 964 924 Β

140 924 243 960 Lydus,
270 930 299 951 ut
322 923 374 951 hoc
410 928 483 951 certe
509 927 615 951 constet
642 923 802 950 benevolum
829 922 925 957 fuisse.

141 970 310 1004 liberumque
324 970 357 997 ab
368 968 442 996 otnni
459 968 624 1004 arrogantia.
639 968 797 1004 Etiampost
810 973 925 996 mortem

141 1021 156 1041 a
167 1013 283 1049 Corippo
305 1013 367 1040 boni
387 1013 547 1049 cognomine
572 1012 720 1049 insignitur
734 1013 803 1049 (50),
817 1017 848 1041 ut
861 1013 926 1041 olim

143 1060 200 1087 Iiex
217 1060 319 1087 Ancus.
333 1059 397 1093 Qua:
417 1064 506 1086 tamen
524 1059 637 1087 virtutes
658 1067 712 1087 non
732 1060 842 1087 obstant
860 1067 927 1095 quo-

141 1105 232 1132 minus
248 1112 312 1133 vers
329 1104 476 1139 Procopius
495 1105 520 1132 ei
533 1105 699 1139 exprobrare
714 1105 831 1139 potuerit
852 1105 926 1133 Iura-

140 1150 280 1178 cissimunt
296 1150 391 1183 fuisse,
410 1156 491 1185 atque
511 1150 666 1184 inexplebili
680 1150 835 1177 divitiarum
850 1150 926 1185 cupi-

130 1192 228 1222 ditate
249 1195 391 1223 incensum
404 1195 461 1231 (3|)
477 1195 612 1222 :avaritia
636 1195 708 1222 eniut
729 1196 798 1230 apud
810 1195 928 1224 Orientis

141 1241 266 1275 populos,
290 1241 327 1269 ad
350 1241 508 1269 servitutem
533 1239 682 1276 prolapsos,
701 1247 820 1275 persmpe
846 1240 928 1268 etiam

143 1287 262 1314 virorum
280 1287 390 1314 minime
404 1287 535 1315 ntalorum
547 1286 651 1314 animos
666 1286 770 1313 invadit
789 1294 796 1313 :
813 1294 928 1321 quorum

140 1332 252 1360 bonitas
275 1339 310 1361 eo
336 1337 441 1360 tautttm
463 1333 561 1365 elucet,
586 1332 657 1367 quod
673 1339 760 1367 neque
783 1332 930 1360 crudeliter

142 1382 223 1413 agunt
237 1385 407 1405 nummorum
427 1385 518 1410 causa,
537 1384 625 1412 neque
638 1376 683 1412 jus
700 1377 820 1404 violant:
837 1377 931 1412 quales

142 1428 205 1450 sum
216 1423 272 1450 fere
285 1423 309 1450 si
325 1423 371 1458 qui
388 1423 458 1451 inter
473 1423 575 1450 Turcas
594 1423 645 1450 viri
659 1423 721 1451 boui
745 1422 882 1451 dicuntur.
900 1422 930 1450 lu

141 1477 197 1504 qtto
220 1476 318 1504 genere
335 1469 438 1496 illustre
460 1468 612 1503 exemplum
636 1472 697 1496 erat
713 1469 843 1496 memoria
871 1475 929 1495 mea

142 1513 342 1542 Mohantmedes
352 1520 445 1545 senex,
461 1512 574 1548 Algerite
586 1517 706 1543 satrapa.
723 1511 794 1539 Nihil
807 1512 857 1540 hoc
872 1513 930 1539 viro

142 1559 246 1591 mitius,
255 1559 366 1594 ejusque
382 1559 433 1586 title
448 1558 584 1586 datanihii
597 1559 737 1586 sanctius:
752 1563 780 1585 at
792 1558 863 1586 ident
875 1565 927 1586 non
942 1567 965 1598 ο
980 1569 1042 1589 esse

142 1606 229 1635 sciunt
240 1607 290 1634 nisi
302 1614 396 1641 pacein
410 1606 443 1633 ab
452 1613 485 1633 eo
491 1605 663 1638 rcdemisses,
673 1605 813 1641 piraticam
820 1612 930 1643 exerce-

144 1652 205 1686 bat;
222 1652 388 1687 violataque,
403 1651 463 1679 sine
478 1659 526 1679 sua
541 1651 631 1687 culpa,
641 1659 718 1686 pace,
732 1652 855 1686 gavisum
869 1658 930 1679 esse

144 1698 244 1730 credo;
260 1698 445 1725 verumetiatn
459 1697 582 1732 quotidie
605 1704 653 1732 per
674 1704 816 1732 vesperam
840 1696 930 1723 aureis

144 1744 319 1771 nutnerandis
332 1751 362 1771 se
374 1743 535 1772 delectabat.
550 1742 722 1771 Pmdivitem
746 1747 821 1771 certe
845 1742 931 1770 fuisse

143 1790 252 1817 Petrum
274 1789 336 1817 inde
363 1789 526 1824 colligimus,
548 1790 619 1825 quod
644 1788 732 1816 insula
754 1788 887 1821 Aconitis,
903 1787 929 1815 in

142 1843 196 1870 qua
213 1836 285 1864 cotis
298 1835 396 1863 fodinae
420 1837 630 1868 exercebantur,
656 1836 762 1869 integra
780 1841 829 1869 pro
847 1833 930 1861 fundo

141 1882 177 1909 ad
191 1889 252 1909 eum
274 1881 426 1916 pertinebat
443 1881 511 1917 (32).
535 1881 633 1909 Eadem
659 1880 800 1909 servitutis
821 1879 929 1907 miseria

144 1927 219 1955 viros
231 1927 355 1962 quamvis
383 1925 469 1954 bonos
491 1927 687 1954 immanissima
709 1927 838 1962 principis
854 1925 929 1960 iussa

143 1982 194 2010 pro
206 1972 326 2000 numinis
343 1972 463 2000 oraculis
483 1973 597 2008 exsequi
614 1973 698 2008 cogit,
717 1972 795 2007 quasi
809 1972 875 2000 nihil
887 1979 930 1999 ar-

145 2019 229 2046 bitrio
249 2025 299 2046 suo
313 2017 438 2045 relictum
449 2018 486 2046 sit
503 2026 510 2045 :
530 2018 620 2054 itaque
641 2025 797 2046 asseverare
814 2025 868 2045 non
880 2025 929 2044 au-

145 2065 237 2093 derem
265 2063 428 2092 calumniam
450 2071 512 2092 esse
539 2063 662 2098 Procopii
681 2063 818 2091 narrantis
842 2063 932 2091 Theo-

146 2111 283 2139 dahadum
298 2119 313 2138 a
324 2111 405 2141 Petro
415 2111 449 2138 ad
460 2110 663 2138 Amalasuntbae
679 2116 771 2137 necem
789 2108 929 2136 incitatttm

143 2165 206 2185 esse
222 2158 297 2193 (53):
317 2158 369 2186 nisi
388 2165 473 2186 causa
498 2164 581 2192 quant
609 2156 690 2184 affert
715 2163 765 2184 cur
789 2155 931 2183 Thcodora

146 2203 260 2230 exitium
273 2203 390 2231 infelicis
402 2204 502 2239 regina:
515 2203 669 2231 machinata
677 2207 749 2230 esset
764 2207 817 2230 tam
835 2209 930 2237 parutn

145 2248 284 2277 credibilis
301 2249 384 2282 l'oret,
398 2255 428 2277 ut
445 2250 496 2278 hoc
516 2256 627 2284 quoque
648 2249 750 2276 crimen
779 2247 931 2276 maledictis

145 2302 252 2323 vesanae
262 2295 436 2331 impudentia:
449 2296 586 2324 accenseri
603 2301 683 2331 posse
696 2295 840 2323 confidam.

180 2341 262 2370 Petro
283 2341 405 2371 Patricio
430 2341 530 2369 Suidas
558 2341 678 2376 ἱστορίας
709 2340 804 2368 tribuit
825 2347 834 2368 :
857 2339 929 2368 unde

192 2420 237 2455 27)
251 2420 318 2456 Vide
333 2420 469 2456 Valesium
489 2419 522 2448 ad
536 2428 562 2456 p.
577 2419 641 2452 519,
659 2419 686 2451 8,
700 2419 744 2447 ed.
763 2419 792 2447 Β.

193 2453 240 2490 28)
252 2455 318 2482 Ibid.
336 2462 363 2489 p.
378 2456 441 2486 364,
451 2455 497 2487 2|,
509 2453 580 2490 seq,
595 2456 640 2490 qui
659 2455 745 2486 locus,
757 2456 791 2482 ab
808 2454 846 2482 ill.
861 2453 931 2490 Maio

147 2488 362 2525 attitnadversus,
389 2490 506 2518 Fabricii
539 2488 706 2525 diligentiam
733 2490 848 2525 fugerat.
878 2488 932 2516 Sed

147 2531 246 2560 nomen
262 2524 335 2560 Petri
354 2526 387 2560 ad
411 2533 467 2553 rem
480 2524 646 2559 probandam
672 2532 778 2560 partth
795 2524 930 2560 ediceret:

148 2558 268 2596 Joannes
286 2559 357 2586 cnim
371 2559 461 2596 Lydus
475 2558 519 2596 vix
535 2560 645 2596 nomine
664 2558 742 2596 tenus
760 2559 932 2596 Christianus

146 2594 214 2626 luit;
231 2600 318 2628 ttequc
332 2601 364 2621 eo
377 2593 463 2629 magis
486 2594 604 2622 Joannes
626 2594 751 2622 Stobaeus
769 2601 778 2621 :
797 2593 925 2629 Jacubum

147 2629 405 2670 tticdicuntmationc
411 2628 552 2670 Achivum,
559 2636 691 2670 paganum
700 2629 827 2670 religione
833 2628 926 2670 fuisse,

147 2663 248 2691 diserte
262 2668 356 2691 narrat
376 2663 546 2691 Marcellinus
561 2662 703 2691 ittEltron.
727 2662 788 2691 sub.
812 2671 838 2690 a.
860 2662 925 2689 462.

183 2697 240 2733 (29)
266 2697 415 2734 Procopius
431 2699 564 2734 Anecdot,
587 2697 623 2725 24
636 2718 644 2731 ,
667 2706 694 2733 p.
716 2698 750 2726 70
765 2707 773 2726 :
788 2698 879 2734 Πρᾶος
894 2694 929 2732 ἦν

147 2734 195 2761 καὶ
208 2734 246 2764 ὡς
261 2733 360 2768 ἥκιστά
372 2733 494 2768 ὑϐρίζειν
505 2733 593 2764 εἰδώς.

181 2767 238 2804 (ᾅο)
249 2767 381 2804 Qurippus
397 2767 436 2804 De
446 2768 522 2796 laud.
537 2768 608 2796 Just.
623 2768 697 2798 ιλιι.

183 2803 239 2838 (51)
259 2803 372 2838 Procop.
387 2803 405 2830 I.
420 2803 439 2832 1.

182 2838 239 2874 (32)
256 2838 416 2866 Ilermolaus
430 2840 455 2866 in
467 2838 759 2874 EtltnicisStcphauis.
776 2838 930 2867 ν.Ἀκόναι.

307 2888 444 2919 Panos.
467 2888 526 2919 Gtt.
553 2887 664 2920 CXIII.

977 244 1051 268 stant
1065 249 1072 268 :
1094 247 1210 275 quarum
1231 241 1320 276 prima
1335 241 1370 268 ad
1384 241 1526 276 imperium
1539 233 1652 272 Tiberii,
1668 240 1763 268 ultima

976 286 1012 315 ad
1026 294 1071 315 res
1089 294 1104 314 a
1117 286 1238 319 Iuliano,
1251 287 1339 314 adhuc
1352 287 1472 320 (ἒπειτα,
1486 287 1538 315 sub
1547 287 1676 321 auspiciis
1690 287 1763 314 Con-

978 331 1072 359 stantii
1084 331 1111 359 in
1134 331 1220 359 Gallia
1243 336 1334 366 gestas
1361 331 1488 366 pertinet.
1519 331 1597 365 Quod
1609 331 1633 359 si
1649 331 1762 360 ulterius

977 383 1137 412 progressus
1150 381 1232 408 esset,
1250 376 1273 404 is
1288 375 1335 411 qui
1347 376 1456 411 eclogas
1474 376 1593 404 coniecit
1606 384 1660 404 non
1676 377 1763 413 magis

979 421 1007 449 in
1020 421 1102 449 Petro
1120 429 1203 456 quam
1227 421 1253 449 in
1275 421 1382 449 ceteris
1403 421 1526 450 ultimam
1545 422 1637 458 operis
1659 428 1764 458 parteut

978 467 1153 503 neglexisset.
1185 466 1279 502 Itaque
1301 474 1362 495 eum
1380 468 1460 495 linem
1483 467 1580 496 iecisse
1605 469 1650 496 ubi
1668 468 1765 497 Euna-

978 513 1039 548 pius
1053 520 1097 541 res
1110 513 1189 548 plene
1198 520 1311 540 narrare
1323 513 1471 548 incipiebat
1484 520 1536 541 non
1552 513 1655 542 dubito.
1664 513 1765 542 Verum

978 557 1006 586 in
1022 564 1076 592 quo
1094 563 1215 593 tempore
1227 557 1350 585 historiae
1369 564 1427 586 suae
1447 557 1554 585 initium
1578 558 1764 591 constituerit,

976 609 1010 630 ea
1025 602 1138 637 quaestio
1151 609 1205 630 non
1216 609 1292 638 atque
1313 607 1389 630 certe
1404 602 1527 637 expediri
1540 606 1652 638 potest:
1670 610 1764 638 regum

979 652 1068 676 tamen
1093 648 1226 684 liberique
1243 648 1334 684 populi
1356 647 1472 676 Romani
1485 652 1607 684 tempora
1630 652 1765 677 tractasse

979 701 1033 721 non
1061 694 1240 728 crediderim;
1257 702 1319 722 cum
1344 699 1455 730 propter
1473 694 1629 728 eclogarum
1650 702 1684 722 ex
1701 695 1765 722 uni-

978 745 1058 765 verso
1078 738 1131 766 hoc
1154 744 1276 775 tempore
1299 739 1445 772 defectum,
1459 744 1515 766 tum
1533 739 1597 774 quia
1612 746 1666 767 non
1685 739 1766 768 video

979 783 1044 818 quid
1065 783 1201 812 hominem
1225 784 1404 820 Byzantinum
1426 785 1565 820 impellere
1588 786 1707 821 potuerit
1730 786 1765 814 ad

979 827 1120 855 scribenda
1143 835 1213 863 qum,
1232 833 1262 856 ιιι
1284 830 1400 865 quisque
1423 830 1555 864 prolixius
1580 836 1628 858 aut
1656 831 1765 859 brevius

980 877 1089 900 narrata
1112 878 1267 907 quareret,
1291 875 1371 910 vulgo
1396 875 1614 904 inveniebantur.
1638 875 1696 904 Non
1723 881 1766 904 ta-

979 925 1040 946 ttteu
1054 925 1069 945 a
1095 918 1205 946 Tiberio
1219 919 1362 954 incepisse,
1383 935 1420 940 —
1442 920 1468 948 id
1489 921 1562 956 quod
1576 928 1624 955 per
1643 929 1675 949 se
1690 922 1765 949 omni

977 969 1083 991 careret
1093 964 1292 999 probabilitate,
1307 981 1343 989 —
1354 966 1400 994 sed
1409 967 1465 1001 jam
1476 966 1510 994 de
1523 966 1654 1002 Augusto,
1666 967 1765 995 trium-

976 1009 1136 1045 viratusque
1151 1016 1273 1047 tempore
1286 1012 1384 1048 egisse,
1401 1013 1518 1048 probant
1536 1012 1686 1049 fragmenta
1703 1021 1764 1049 qua:

977 1056 1002 1084 in
1011 1057 1101 1085 libello
1115 1056 1292 1093 Seguieriano
1304 1060 1336 1086 de
1348 1059 1456 1094 syntaxi
1471 1059 1561 1087 inveni
1575 1059 1646 1095 (δι).
1670 1059 1709 1087 Ex
1722 1060 1766 1088 his

976 1102 1090 1130 alterunt
1107 1103 1177 1138 apud
1201 1103 1314 1131 Dionem
1333 1104 1457 1132 Cassium
1469 1105 1564 1133 iisdem
1580 1113 1663 1140 prope
1677 1106 1766 1133 verbis

977 1149 1075 1183 legitur
1085 1149 1153 1185 (35),
1168 1149 1240 1184 quod
1253 1149 1286 1177 de
1303 1149 1338 1178 fr.
1351 1150 1378 1183 4,
1393 1151 1421 1185 5,
1433 1158 1459 1186 p.
1471 1151 1534 1183 ηδ,
1549 1152 1593 1180 ed.
1609 1152 1651 1186 B.,
1666 1152 1765 1181 collata

978 1196 1057 1231 legat.
1083 1194 1140 1228 LII,
1171 1203 1198 1230 p.
1215 1196 1265 1223 ιοι
1296 1196 1398 1229 Ursini,
1423 1198 1578 1226 observavit
1606 1197 1732 1226 Valesius
1756 1206 1763 1224 :

979 1240 1050 1267 unde
1075 1240 1234 1274 cunjectura
1254 1246 1328 1270 certa
1353 1243 1442 1270 oritttr
1469 1242 1580 1272 Petrum
1603 1244 1668 1272 niltil
1691 1244 1766 1272 aliud

979 1293 1060 1320 quam
1077 1285 1172 1314 Dionis
1185 1287 1349 1315 breviarium
1370 1287 1523 1316 confecisse
1537 1294 1672 1324 qttatcnus
1687 1290 1766 1323 hujus

979 1331 1093 1359 historia
1106 1336 1222 1366 pateret.
1234 1332 1293 1360 Jam
1307 1340 1370 1361 vero
1380 1341 1441 1361 cum
1460 1335 1635 1362 continuator
1657 1335 1765 1366 Dionis.

979 1377 1057 1412 Cujus
1072 1377 1180 1414 eclogas
1194 1378 1233 1405 ill.
1248 1378 1334 1406 Maius
1345 1379 1372 1407 in
1388 1379 1466 1407 titulo
1480 1380 1514 1408 de
1530 1381 1675 1408 sententiis
1691 1381 1766 1408 inve-

981 1424 1031 1456 nit,
1047 1429 1178 1459 quantum
1195 1425 1282 1459 spatia
1297 1426 1385 1453 metiri
1401 1426 1476 1459 licet,
1491 1434 1545 1453 non
1564 1426 1679 1453 multum
1696 1426 1766 1454 infra

979 1469 1188 1498 Constantinum
1210 1470 1245 1498 Μ.
1260 1471 1445 1505 descenderit,
1467 1479 1520 1500 non
1548 1473 1691 1501 temeraria
1717 1473 1767 1500 ha-

981 1516 1123 1545 riolatioue
1138 1517 1203 1545 mihi
1217 1517 1339 1552 persuasi
1353 1524 1415 1544 eum
1433 1524 1486 1545 non
1503 1517 1641 1545 diversum
1655 1525 1670 1545 a
1686 1517 1767 1546 Petro

1070 1570 1077 1588 :
1105 1562 1140 1590 ad
1168 1570 1249 1598 quam
1274 1562 1435 1590 lirntandam
1464 1563 1586 1591 nonnihil
1614 1564 1766 1596 accederet,

980 1608 1004 1633 si
1020 1607 1191 1642 exploratum
1216 1613 1289 1636 esset
1320 1608 1515 1642 imperatorum
1542 1609 1652 1636 nomina
1667 1610 1766 1644 quibus

981 1652 1032 1680 ista
1048 1653 1120 1688 apud
1147 1653 1246 1682 Maium
1270 1661 1320 1689 pro
1354 1654 1488 1682 Iemmatis
1511 1654 1715 1691 distinguuntur
1736 1656 1764 1683 in

980 1699 1074 1727 codice
1088 1699 1129 1727 sic
1143 1700 1230 1734 posita
1245 1706 1312 1728 esse
1329 1709 1336 1728 :
1359 1708 1421 1728 nam
1442 1701 1537 1729 eadem
1553 1702 1658 1730 ratione
1674 1710 1767 1738 gram-

981 1745 1096 1772 maticus
1117 1744 1163 1772 ille
1183 1745 1230 1780 qui
1257 1746 1292 1774 do
1312 1747 1420 1782 syntaxi
1449 1746 1567 1782 scripsit,
1598 1747 1671 1776 Petri
1698 1756 1768 1783 opus

983 1789 1010 1817 in
1030 1794 1121 1824 partes
1137 1790 1294 1818 distinctum
1311 1791 1414 1819 invenit
1433 1800 1442 1819 :
1465 1798 1541 1820 certe
1561 1801 1617 1821 non
1636 1793 1766 1821 librorum

981 1835 1115 1869 numeris;
1131 1843 1210 1872 quos,
1225 1842 1253 1864 ut
1269 1844 1375 1872 semper
1389 1838 1467 1870 alias,
1483 1839 1627 1874 posuisset.

1018 1881 1152 1909 Praeterea
1173 1882 1244 1910 idem
1259 1883 1358 1911 Suidas
1382 1883 1464 1912 Petro
1477 1892 1545 1920 opus
1560 1885 1631 1920 Περὶ
1654 1887 1768 1913 πολιτι-

981 1926 1261 1962 κῆςκαταστάσεως
1278 1929 1391 1957 ascribit
1411 1939 1419 1957 :
1443 1932 1515 1965 quod
1542 1930 1582 1958 III.
1604 1930 1689 1958 Maius
1708 1931 1767 1958 illos

981 1973 1109 2009 auonymi
1124 1974 1265 2008 scriptoris
1278 1975 1312 2002 de
1324 1983 1352 2003 re
1369 1975 1474 2009 publica
1492 1976 1616 2011 dialogos
1629 1983 1690 2005 esse
1701 1985 1767 2004 cun-

979 2019 1050 2053 jicit,
1067 2027 1181 2054 quorum
1197 2020 1309 2048 Photius
1324 2021 1384 2048 cod.
1403 2021 1438 2048 57
1454 2021 1586 2054 meminit,
1604 2023 1659 2056 ipse
1675 2028 1766 2051 autent

983 2073 998 2092 e
1023 2065 1198 2100 palimpsesto
1228 2065 1359 2093 Vaticano
1389 2066 1478 2101 ampla
1504 2066 1588 2094 edidit
1617 2068 1765 2104 fragmenta

982 2109 1055 2144 Περὶ
1082 2109 1244 2144 πολιτικῆς
1268 2109 1437 2145 ἐπιστήμης
1468 2110 1609 2146 inscripta.
1636 2111 1765 2146 Equidem

983 2155 1168 2190 inscriptionis
1186 2155 1370 2183 diversitatem
1402 2156 1537 2189 omittam,
1558 2164 1644 2192 neque
1664 2159 1766 2193 negabo

983 2201 1065 2229 Petro
1079 2201 1185 2237 placere
1198 2201 1317 2237 potuisse
1328 2206 1357 2229 ut
1370 2201 1453 2230 libros
1465 2203 1525 2231 sine
1535 2203 1642 2231 nomine
1654 2205 1764 2232 ederet:

983 2252 1103 2275 attamen
1127 2248 1170 2275 vix
1192 2247 1322 2275 credibile
1338 2247 1444 2276 videtur
1459 2255 1516 2276 rem
1539 2248 1629 2277 Suida
1644 2257 1766 2285 comper-

984 2298 1038 2322 tam
1065 2293 1145 2321 docto
1163 2294 1326 2329 curiosoque
1348 2293 1446 2322 Photio
1466 2302 1519 2322 non
1542 2295 1704 2328 innotuisse;
1720 2301 1766 2322 aut

983 2343 1090 2372 contra,
1113 2339 1227 2367 Suidam
1247 2338 1355 2367 silentio
1378 2340 1520 2368 trausiisse
1543 2339 1607 2368 illud
1628 2347 1697 2375 opus
1713 2348 1766 2375 quo

1016 2417 1073 2452 (εδ)
1088 2416 1191 2452 ᾼηεειι.
1207 2418 1251 2449 ts,
1273 2424 1300 2452 p.
1311 2418 1356 2445 tt.

1016 2453 1072 2488 (ὅᾷ)
1092 2451 1131 2488 Ea
1147 2453 1234 2488 posita
1250 2451 1313 2479 sunt
1329 2453 1409 2485 infra,
1423 2453 1478 2481 col.
1497 2453 1560 2481 675.

1016 2487 1072 2522 (55)
1091 2487 1187 2523 Petrus
1202 2496 1216 2523 :7
1240 2487 1353 2523 'Ansirte
1372 2491 1430 2521 τοῖς
1451 2489 1609 2522 βουλευταῖς
1636 2488 1765 2523 ἐκδημεῖν

982 2522 1035 2556 ἔξω
1055 2522 1183 2559 Ἰταλίαςξ
1209 2522 1258 2559 Dio
1274 2521 1330 2559 LII,
1344 2523 1390 2556 41,
1413 2521 1519 2559 ιλξϐθῦ.
1534 2524 1579 2555 54.
1595 2524 1639 2559 ed.
1660 2521 1766 2551 RCKal

982 2559 1155 2594 προσᾳπεῖτεε
1165 2557 1195 2594 ll:
1205 2558 1253 2584 καὶ
1263 2558 1332 2592 πρὸς
1343 2557 1455 2594 strains]
1466 2560 1597 2590 πᾶσίτρῖς
1607 2558 1764 2594 βουλεύουσι

982 2592 1158 2633 μὴξπζδηιξιεξν
1165 2592 1216 2633 [Erit
1225 2593 1276 2633 τῆς
1289 2593 1415 2633 Italia;
1425 2592 1502 2633 Hunc
1513 2592 1763 2633 locumadjumentu

982 2619 1079 2656 indicis
1087 2619 1258 2654 'Reima'riaui
1266 2619 1403 2661 indagare
1409 2619 1551 2662 ponii‘ﬁs'
1559 2619 1604 2663 qui
1612 2619 1694 2655 Val'teri
1708 2619 1766 2655 dfra-

982 2667 1092 2698 gntento
1099 2662 1255 2698 respondet.
1263 2663 1315 2690 nisi
1323 2670 1388 2690 casu
1397 2663 1513 2696 oblatus,
1522 2662 1592 2690 haud
1600 2663 1678 2690 facile
1690 2663 1765 2691 iuve-

984 2698 1082 2725 nietur.
1092 2697 1195 2730 Quotus
1207 2698 1279 2724 enim
1288 2697 1402 2732 quisque
1410 2698 1479 2726 adeo
1487 2697 1648 2730 indefessus.
1656 2699 1766 2733 otioque

983 2733 1132 2759 instructus
1147 2737 1200 2768 est,
1222 2736 1251 2759 ut
1264 2737 1386 2768 quatuor
1406 2733 1536 2760 vocabula
1554 2741 1602 2768 per
1621 2737 1660 2760 tot
1683 2733 1769 2761 libros

983 2774 1106 2801 quaerere
1123 2767 1273 2803 stistitteatl
1284 2775 1346 2794 cum
1356 2774 1388 2794 nc
1399 2768 1463 2795 illud
1476 2767 1583 2803 quidem
1593 2772 1766 2795 constetccr-

986 2806 1042 2829 tum
1067 2808 1129 2837 esse
1149 2802 1259 2829 Antonii
1281 2810 1378 2830 nomen
1401 2811 1454 2830 non
1477 2802 1571 2831 errore
1585 2804 1702 2837 positum
1718 2810 1767 2836 pro

986 2836 1127 2865 Antoaini.
1148 2837 1233 2865 Verbo
1250 2838 1356 2867 cuidem
1371 2838 1503 2866 θωπεύειν
1520 2836 1592 2872 saepe
1607 2839 1691 2865 utimr
1707 2838 1764 2866 Dio.

1563 2886 1601 2916 ΞΟ
