1945 3073
152 177 208 208 625

853 177 937 208 PR5;
943 178 1060 209 FATIO.

1722 181 1776 214 εκ

153 234 182 260 in
190 232 428 268 juventutelcgum
437 232 525 260 studio
538 239 599 260 sese
612 232 723 260 dederat
738 232 803 260 :sed
813 233 941 268 quoniam
954 235 980 264 Α
995 234 1063 262 dicat
1078 241 1141 262 eum
1156 235 1315 264 cohortibus
1334 237 1469 271 pratoriis
1483 237 1656 272 imperatoris
1675 218 1785 274 θερί-ίρν

153 287 170 305 a
202 279 399 306 causidicorum
432 286 544 306 munere
572 278 682 305 animus
707 278 880 312 abhorrebat,
907 279 940 306 ad

153 324 297 360 segnitiem
314 324 450 359 delapsus,
470 324 498 351 in
520 324 595 352 circo
613 323 817 359 iactioqumque
838 324 940 351 lurori-

153 370 207 397 bus
220 369 411 404 patrimonium
421 370 528 404 effudit;
554 371 663 398 tandem
690 377 765 402 vero,
778 371 940 398 necessitate

156 415 188 442 ad
204 414 314 442 meliora
327 415 495 450 compulsus,
518 423 580 443 cum
597 423 611 442 a
625 415 757 443 Mauricio
776 415 939 450 imperatore

153 461 290 488 litteratos
307 460 431 488 homines
452 460 601 496 splendidis
620 461 740 496 pramiis
753 461 845 488 ornari
862 461 939 491 vide-

157 510 210 538 ret,
220 512 250 534 se
266 506 292 532 in
311 506 362 533 hoc
376 513 474 541 genere
493 507 611 542 experiri
626 507 732 534 statuit.
747 507 839 542 Itaque
851 507 938 535 histo-

152 552 220 578 riam
240 551 362 586 Agalltire
385 552 544 580 continuare
562 552 616 580 sibi
637 552 777 588 proposuit
792 561 799 580 :
815 553 886 588 quod
903 552 939 580 ab

152 597 271 623 adventu
301 597 506 632 Cotrigurorum
537 597 698 626 Hunnorum
724 599 751 626 in
780 598 937 631 Thraciam,

149 649 222 676 quos
237 641 384 670 Belisarius
401 643 549 677 repressit,
570 651 695 678 annoque
716 643 769 671 558
796 651 882 678 usque
902 644 936 672 ad

150 695 297 714 excessum
321 687 423 715 Tiberii
440 688 518 723 itnp.,
535 696 560 715 a.
578 688 641 721 582,
662 688 786 723 perfecit.
803 689 839 715 De
855 689 936 716 rebus

151 733 217 760 anni
230 733 282 760 5'15
298 733 353 768 (48)
372 733 469 768 agebat
494 733 564 761 libro
580 741 639 761 vttt.
657 734 821 761 Protectoris
836 740 938 768 cogno-

150 784 225 811 men,
240 784 295 813 quo
304 777 340 805 ab
354 777 454 806 illustri
471 783 549 814 posta
562 778 652 807 Attico
665 778 878 812 discriminatur,
894 778 935 807 in-

992 283 1048 306 tum
1061 279 1144 307 fuisse
1159 280 1216 315 (I9)
1229 289 1236 308 :
1248 288 1309 315 qute
1322 285 1411 308 tamen
1427 281 1472 310 illo
1486 290 1545 310 aevo
1559 290 1635 318 anque
1650 291 1682 311 nc
1693 284 1777 312 scho-

993 324 1050 352 iarii
1068 325 1158 353 ﬁctam
1179 326 1366 353 tantummodo
1386 327 1550 355 exercebant
1568 329 1692 357 militiam
1707 330 1776 364 (50).

991 370 1019 397 In
1035 371 1171 399 scribendi
1186 378 1285 406 genere
1302 379 1413 407 prorsus
1425 372 1503 401 simia
1521 374 1644 409 Agathiat
1659 380 1720 408 est;
1739 376 1777 403 ri-

990 415 1096 442 dendus
1108 416 1213 450 quoties
1223 416 1420 444 sententiarum
1433 417 1558 445 acumine
1568 423 1616 446 aut
1629 420 1775 447 verborum

989 459 1124 495 elegantia
1138 468 1167 488 se
1183 466 1323 488 ostentare
1338 461 1413 496 cupit
1426 470 1433 488 :
1450 467 1636 498 tieruntth
1652 463 1678 490 in
1693 464 1775 498 rebus

988 507 1072 541 gestis
1099 506 1249 535 referendis
1270 507 1362 535 bonus.
1381 512 1493 542 auctor;
1518 508 1594 537 circa
1613 509 1775 545 populorum

988 559 1088 585 mores,
1105 556 1294 588 terrarumque
1315 552 1524 588 longinquarum
1537 554 1632 586 situm,
1648 559 1676 582 et
1693 562 1773 589 pere-

988 599 1151 635 grinantium
1164 599 1262 626 itinera
1271 599 1415 627 admodum
1425 600 1551 628 curiosus
1561 605 1588 627 et
1600 600 1651 628 title
1661 601 1772 636 dignus.

991 643 1115 679 Ejusdem
1143 642 1263 680 Agatbite
1285 644 1445 677 imitatione,
1470 645 1553 672 etiam
1577 645 1774 685 epigrantmatg

991 696 1153 723 componere
1177 688 1300 716 tentavit.
1327 688 1392 722 Quae
1416 696 1499 724 supra
1527 689 1560 717 de
1583 689 1645 724 ejus
1671 689 1775 724 origine

990 737 1073 767 atque
1091 733 1234 768 juvenlute
1256 733 1322 766 dixi,
1346 740 1378 760 ca
1398 733 1490 761 omnia
1511 732 1569 768 ipse
1593 733 1620 761 in
1641 734 1774 769 promtnio

990 778 1110 806 historiae
1125 777 1282 810 tradiderat,
1297 777 1369 812 quod
1383 777 1483 806 Suidas
1497 778 1624 806 servavit.

187 936 382 971 Excerptorum
400 937 433 965 de
453 936 644 973 legationibus,
658 938 922 973 qumgrammaticis,
936 937 1036 973 quibus
1051 937 1090 965 rei
1105 943 1171 965 cura
1183 944 1197 964 a
1210 935 1389 964 Cottstantino
1401 935 1634 972 Porphyrogenito
1647 937 1773 964 mandata
1791 961 1795 964 Α

149 985 204 1010 cst.
221 979 290 1014 napi
311 980 480 1014 πρέσϐεων.
495 988 549 1008 non
562 981 632 1015 Περὶ
650 980 828 1015 πρεσϐειῶν,
844 981 993 1009 inscribere
1007 980 1118 1016 placuit,
1137 980 1270 1008 rationem
1286 980 1436 1015 explicare,
1455 986 1543 1015 neque
1557 979 1674 1007 alienum
1689 979 1740 1006 erit
1756 987 1774 1007 a

150 1023 284 1056 prommio
298 1024 378 1059 hujus
395 1024 552 1058 voluminis,
568 1024 646 1058 cujus
660 1032 723 1060 pars
744 1025 823 1060 longe
837 1025 954 1053 maxima
977 1032 1012 1053 ex
1042 1024 1096 1052 illis
1114 1028 1222 1052 constat
1237 1032 1244 1051 :
1260 1030 1350 1060 neque
1364 1023 1497 1056 otiosum;
1519 1029 1592 1058 etim,
1607 1023 1702 1051 nescio
1717 1030 1775 1059 quo

149 1074 227 1099 casn,
243 1075 258 1093 a
275 1067 392 1099 nemine,
407 1074 538 1102 quantum
554 1069 620 1096 mihi
634 1069 744 1104 quidem
757 1069 883 1101 innotuit.
899 1070 977 1104 plene
992 1071 1135 1104 perspecta
1147 1068 1196 1096 sit.
1753 1065 1757 1067 λ

188 1110 241 1137 Ista
255 1116 381 1145 excerpta
391 1111 476 1139 edidit
491 1111 661 1140 Ilcschelius
674 1119 689 1139 e
699 1112 805 1140 duobus
820 1112 960 1140 codicibus
975 1121 982 1139 :
995 1111 1112 1144 Schotti,
1126 1118 1207 1146 quem
1220 1117 1293 1139 nunc
1308 1110 1404 1138 nullibi
1419 1116 1579 1146 comparere
1595 1109 1652 1138 dixi
1669 1117 1772 1146 supra:

150 1158 182 1181 et
195 1153 338 1187 Bavatieo,
349 1162 430 1189 quem
443 1155 553 1183 Boicum
567 1159 656 1185 vocat.
667 1155 712 1190 qui
723 1155 750 1182 in
764 1155 921 1183 Ilonaeensi
933 1155 1098 1184 bibliotheca
1110 1155 1184 1191 regia
1200 1157 1302 1187 exstat,
1319 1162 1334 1181 ι
1351 1153 1614 1190 δειιπείειιειιυει-ο,
1629 1161 1656 1182 v.
1671 1154 1719 1187 c|.,
1738 1153 1775 1189 ad

152 1196 304 1230 Appianum
323 1196 518 1232 Polybiunique
540 1197 701 1225 adhibitus:
717 1204 811 1225 eorum
825 1203 916 1225 autem
935 1198 994 1225 haec
1009 1197 1125 1226 invicem
1141 1198 1210 1226 ratio
1231 1202 1302 1230 erat,
1321 1201 1353 1225 ut
1370 1198 1538 1226 Scbottanus
1558 1197 1669 1232 quidem
1678 1197 1773 1225 omnia

139 1240 391 1273 complecteretur,
408 1248 427 1267 a‘
441 1240 573 1268 Bavarico
588 1240 722 1275 prmlatio,
739 1245 822 1276 atque
836 1240 880 1268 illa
892 1240 1019 1268 abessent
1035 1248 1097 1275 quae
1115 1241 1206 1268 editor
1219 1244 1326 1268 tantum
1342 1247 1358 1267 e
1380 1240 1487 1268 Schotti
1501 1240 1596 1268 codice
1612 1247 1642 1267 se
1653 1240 1729 1272 dare,
1745 1240 1773 1266 in

152 1283 268 1310 clcnelto
281 1291 361 1318 quem
373 1287 434 1318 post
450 1283 648 1311 dedicationem
664 1283 764 1318 posuit,
776 1283 928 1318 proﬁtetur.
943 1283 1014 1311 Sunt
1025 1289 1117 1311 autem
1127 1283 1174 1311 illa
1191 1291 1245 1311 non
1259 1283 1508 1311 additamentorum
1527 1283 1597 1316 loco,
1610 1287 1640 1310 ut
1651 1283 1775 1310 codicem

152 1326 314 1353 Bavaricutu
331 1326 433 1353 librarii
446 1326 548 1355 desidia
562 1331 604 1354 tot
619 1326 744 1361 capitulis
756 1326 909 1354 mutilatum
923 1326 1009 1355 fuisse
1019 1327 1131 1355 credere
1144 1327 1244 1362 possis,
1256 1334 1352 1354 verum
1364 1327 1398 1354 ab
1412 1326 1454 1354 bis
1469 1334 1530 1361 qua:
1542 1326 1586 1354 ille
1597 1326 1679 1354 habet
1693 1332 1775 1360 sepa~

151 1372 223 1407 rata,
241 1369 390 1402 eodemque
404 1368 499 1396 ordine
510 1375 526 1395 a
541 1368 601 1396 libri
621 1368 699 1395 initio
717 1368 751 1395 ad
771 1368 830 1401 ejus
846 1369 927 1395 linem
947 1371 1174 1405 progrediuntur;
1187 1374 1269 1405 atque
1285 1370 1336 1398 hoc
1350 1370 1422 1397 inter
1439 1377 1469 1397 se
1480 1369 1607 1397 dilierunt
1617 1370 1700 1405 quod,
1713 1376 1775 1404 qua

151 1409 180 1438 'i'i
195 1411 325 1439 liavanico
340 1416 449 1440 exstant
460 1432 468 1445 ,
486 1412 520 1441 de
535 1412 715 1448 legationibus
729 1412 765 1440 ad
782 1412 919 1442 Romanos
936 1414 1029 1442 missis
1042 1418 1142 1449 agunt,
1159 1421 1219 1448 qute
1233 1413 1268 1441 ab
1283 1413 1329 1442 illo
1345 1413 1464 1446 absunt,
1479 1413 1513 1440 de
1527 1413 1562 1440 iis
1575 1420 1646 1448 quas
1657 1411 1776 1449 Romani

151 1455 185 1482 ad
201 1455 334 1483 Barbaros
351 1456 494 1483 miserunt.
506 1456 676 1491 Quapropter
691 1456 775 1484 codex
791 1455 837 1484 ille
851 1456 920 1490 Περὶ
933 1467 938 1484 ;

993 1459 1086 1485 σθεων
1102 1457 1198 1484 ἐθνῶν
1207 1456 1263 1492 (vel
1281 1456 1418 1491 ἐθνικῶν)
1442 1457 1517 1491 πρὸς
1543 1456 1708 1490 Ῥωμαιους
1727 1455 1769 1493 in,

150 1498 281 1525 scribitur
295 1498 363 1533 (5|).
380 1498 503 1533 praelatio
523 1504 613 1526 autem
631 1507 693 1534 qua:
707 1499 752 1526 illa
761 1499 940 1534 respicitqum
954 1500 1059 1528 Schotti
1071 1501 1155 1528 codex
1173 1500 1248 1529 solus
1267 1500 1392 1535 praebuit,
1406 1500 1516 1528 titulum
1533 1499 1642 1532 XXVII,
1657 1500 1772 1534 ejusque

152 1542 290 1569 rubricam
305 1542 373 1577 Περὶ
385 1542 538 1577 πρέσϐεων
555 1543 705 1578 Ῥωμαίων
716 1542 791 1577 πρὸς
809 1543 938 1577 dor-math

993 1543 1067 1571 hibet
1081 1551 1089 1571 :
1105 1548 1187 1578 atque
1202 1543 1228 1570 in
1240 1543 1364 1575 elencho,
1376 1543 1421 1577 qui
1433 1543 1458 1571 ei
1472 1543 1625 1577 subjicitur,
1638 1543 1674 1570 de
1700 1542 1774 1570 sevi-

153 1585 191 1612 ris
203 1593 218 1612 c
235 1593 351 1620 quorum
370 1586 447 1614 libris
461 1586 568 1621 eclogas
590 1586 624 1614 de
645 1586 826 1621 legationibus
839 1585 1009 1615 Ilmscbeiius
1024 1586 1121 1620 edidit,
1139 1585 1241 1614 omittit
1257 1585 1446 1622 Dexippumet
1468 1586 1633 1622 Eunapium.
1657 1585 1794 1622 Scilicet...

150 1636 185 1656 ex
203 1629 246 1656 Itis
258 1629 324 1657 nihil
342 1629 368 1656 in
387 1634 488 1657 tomutn
503 1630 658 1665 eclogarum
677 1630 711 1657 de
725 1629 905 1665 legationibus
917 1630 1103 1658 Romanorum
1118 1629 1152 1657 ad
1167 1634 1261 1665 gentes
1274 1630 1379 1657 illatum
1395 1635 1465 1658 erat.

189 1672 235 1699 llis
249 1673 381 1708 expositis
395 1681 447 1701 non
459 1681 528 1708 opus
543 1674 596 1701 erit
608 1673 732 1708 pluribus
746 1674 837 1702 verbis
851 1674 978 1709 probare,
992 1674 1129 1709 geminum
1143 1674 1226 1702 fuisse
1240 1674 1394 1710 eclogarum
1408 1675 1442 1701 de
1457 1674 1636 1710 legationibus
1649 1673 1772 1705 titulum,

153 1722 269 1750 quorum
285 1716 363 1749 alter,
391 1715 491 1743 XXVII
505 1724 521 1744 e
540 1724 716 1744 numerorum
732 1716 839 1750 ordine,
860 1717 965 1752 integer
980 1725 1042 1745 cum
1057 1717 1216 1752 pra-fzttione
1226 1721 1325 1750 exstat,
1344 1717 1457 1746 alterius
1478 1717 1604 1752 prmiatio
1616 1718 1703 1749 abest,
1719 1724 1774 1752 qua
1786 1744 1797 1749 _,

154 1761 253 1787 amissa
265 1761 326 1794 eius
345 1768 475 1789 numerus
488 1761 628 1796 ignoratur
641 1769 648 1794 ;
665 1768 747 1796 quem
762 1766 851 1788 tamen
868 1766 915 1788 aut
930 1760 1015 1789 XXVI
1030 1765 1078 1788 aut
1100 1760 1211 1788 XXVIII
1229 1761 1312 1789 fuisse
1325 1761 1394 1788 ratio
1405 1761 1444 1788 rei
1457 1761 1525 1796 cogit
1544 1770 1552 1788 :
1571 1761 1699 1795 denique,
1713 1768 1774 1795 qua

153 1811 186 1831 ex
197 1809 313 1839 utroque
327 1809 473 1839 supersunt
487 1804 515 1832 in
528 1805 677 1832 Schottano
694 1804 786 1832 codice
809 1804 953 1840 conjuncta
966 1805 1114 1833 exstitisse.
1125 1803 1185 1832 Jam
1200 1812 1263 1832 vero
1279 1804 1444 1839 perspicitur
1457 1811 1510 1838 qua
1527 1804 1633 1831 ratione
1648 1798 1796 1842 ενοιιεὲιιη

155 1852 182 1874 ut
197 1847 318 1875 etiamin
338 1847 493 1883 Polybianis
510 1848 634 1883 plurimm
655 1848 754 1883 ecloga
772 1855 805 1875 ex
825 1855 919 1875 earum
943 1855 1056 1876 numero
1079 1855 1148 1882 quas
1164 1848 1279 1875 Ursinus
1299 1847 1385 1875 edidit
1401 1855 1416 1874 a
1439 1846 1569 1874 Bavarico
1585 1846 1675 1874 absint
1687 1845 1745 1881 (52)
1762 1855 1770 1873 :

153 1891 243 1926 agitur
262 1891 336 1918 enim
356 1891 390 1918 ibi
409 1891 444 1918 de
460 1890 639 1927 legationibus
657 1899 726 1926 quas
741 1891 856 1919 Romani
878 1892 1028 1919 miserant:
1045 1892 1179 1927 idemque,
1194 1892 1216 1920 si
1237 1892 1298 1927 quis
1319 1891 1352 1919 de
1368 1891 1463 1918 Dionis
1481 1890 1652 1926 Appianique
1672 1889 1796 1923 eclogis,

153 1939 267 1969 qttazret,
278 1934 402 1962 inveniat
416 1941 527 1962 necesse
541 1938 592 1962 est.
610 1935 703 1969 Itaque
717 1942 733 1962 a
749 1935 963 1970 reprehensione
982 1935 1114 1964 Iiberatttr
1140 1943 1261 1963 summus
1282 1935 1469 1966 Casaubonus,
1483 1934 1541 1969 qui,
1556 1942 1619 1961 cum
1635 1933 1662 1960 in
1676 1932 1775 1960 biblio-

154 1979 233 2005 theca
249 1977 355 2004 ‘l‘ltuani
375 1979 492 2012 primum
507 1977 601 2004 hat-um
617 1977 769 2013 eclogarum
781 1981 885 2005 tomum
898 1982 1009 2006 exstare
1019 1979 1162 2010 scriberet,
1175 1986 1229 2014 quo
1244 1983 1335 2005 tamen
1350 1985 1443 2005 earum
1457 1985 1518 2012 qua:
1530 1984 1545 2004 e
1556 1976 1669 2011 Polybio
1679 1975 1773 2010 petita

154 2021 210 2048 sitit
225 2021 335 2048 nonnisi
351 2028 416 2056 pars
430 2021 617 2049 contineretur
628 2021 700 2056 (53),
718 2021 830 2049 minime
852 2021 970 2049 errabat.
982 2023 1018 2050 Ac
1035 2023 1092 2050 Iieri
1108 2026 1198 2057 potest
1211 2026 1241 2049 ut
1265 2028 1331 2048 cum
1344 2021 1390 2048 alii
1402 2019 1587 2047 Theodosium
1600 2019 1647 2045 τὸν
1659 2017 1773 2054 μικρόν,

158 2065 378 2099 Ursinusautem
401 2064 531 2092 Joannem
547 2065 887 2100 Constantinopolitanum,
905 2065 976 2092 hanc
992 2063 1179 2091 collectionem
1199 2062 1378 2090 concinnasse
1402 2060 1576 2092 tradiderint,
1591 2059 1663 2087 illitis
1687 2058 1773 2098 labori

155 2110 307 2144 legationes
328 2109 361 2137 ad
378 2109 526 2140 Romanos,
547 2109 627 2143 huius
644 2109 738 2136 titulus
753 2108 848 2136 XXVII
875 2109 902 2135 in
925 2107 1062 2136 codicibus
1084 2107 1203 2133 tributus
1218 2106 1263 2133 sit.
1289 2103 1392 2132 Vereor
1408 2109 1500 2132 tamen
1516 2111 1550 2131 ne
1566 2103 1601 2131 de
1617 2101 1775 2131 Theodosio

157 2153 202 2180 illo
220 2160 298 2181 error
317 2152 367 2185 sit,
383 2160 445 2180 cum
463 2152 601 2184 Θεοδόσιος
614 2152 628 2178 ὸ
645 2152 743 2188 μικρός
758 2151 860 2179 Graecis
874 2149 1030 2186 Byzantiuis
1045 2148 1226 2176 Theodosium
1252 2147 1382 2175 Minorem
1413 2147 1606 2182 imperatorem
1621 2144 1770 2180 signiﬁcet.

192 2207 228 2239 Ut
244 2208 332 2235 omnis
351 2207 377 2234 in
399 2212 536 2242 posterum
551 2207 660 2237 errandi
679 2207 787 2236 occasio
803 2206 921 2240 tollatur,
942 2211 1085 2243 utramque
1096 2203 1296 2241 collectionem,
1311 2211 1361 2239 per
1373 2201 1494 2240 singulos
1507 2205 1634 2230 auctores
1644 2200 1772 2239 divisam,

158 2259 208 2281 stto
222 2252 351 2286 inscripto
366 2250 456 2284 titulo,
475 2250 598 2279 distinxi.

195 2307 288 2342 Itaque
303 2315 356 2335 non
375 2311 446 2340 tres,
461 2307 508 2335 sed
523 2311 641 2342 quatuor
655 2315 671 2335 e
684 2305 858 2334 collectaneis
873 2304 1044 2333 Constantini
1061 2302 1286 2339 Porphyrogeniti
1301 2302 1434 2330 habemus
1453 2300 1558 2333 titulos,
1572 2303 1716 2336 postquam
1728 2297 1771 2342 ill.

158 2340 256 2383 Maius,
271 2351 299 2378 in
313 2350 401 2378 lucem
412 2350 517 2385 prolata
530 2340 647 2378 maxima
659 2350 730 2379 tituli
740 2350 775 2378 de
782 2349 925 2378 sententiis
935 2352 1024 2385 parte.
1036 2347 1236 2383 immortalibus
1249 2346 1307 2376 suis
1317 2346 1352 2375 de
1363 2353 1393 2375 re
1403 2345 1535 2374 Iitteraria
1548 2343 1656 2380 publica
1667 2340 1774 2370 meritis

157 2394 296 2426 tumulum
309 2393 420 2428 adjecit.

193 2487 249 2522 (48)
272 2486 396 2522 idenasd,
414 2494 443 2521 p.
457 2487 520 2520 397,
537 2488 571 2515 90
586 2489 612 2515 in
629 2488 689 2522 eius
703 2487 899 2518 ed.Brissonii.

193 2521 252 2555 (b9)
270 2521 304 2555 y.
318 2520 490 2555 IIoincccium
502 2529 525 2549 s.
543 2529 568 2549 v.
589 2520 764 2553 Protectores.

189 2554 247 2592 (50)
268 2554 383 2591 Procop.
401 2554 500 2584 Anecd.
517 2556 562 2590 24,
579 2564 607 2592 p.
621 2556 667 2586 7i.

1025 2486 1082 2524 (iii)
1102 2485 1257 2524 §chweigh.
1270 2484 1348 2520 prati.
1358 2485 1393 2512 ad
1403 2489 1425 2524 t._
1438 2484 1460 2512 II
1474 2483 1590 2524 folybii,
1601 2490 1633 2524 _p.
1648 2491 1692 2510 ut

1025 2519 1081 2557 (ξε)
1101 2522 1202 2557 Earum
1212 2519 1351 2549 recensum
1361 2520 1463 2557 prabet
1473 2519 1628 2554 Schweigh.
1644 2526 1672 2554 p.
1687 2524 1770 2549 uvlt-

1024 2555 1082 2593 (53)
1100 2555 1166 2589 Ibid.
1175 2563 1202 2592 ι).
1215 2563 1282 2586 xxu.
