1945 3073
217 167 271 200 6‘37
713 170 913 200 EXCERPTA
936 170 984 200 DE
1004 170 1076 200 LEG
1081 169 1195 200 ATION
1200 170 1298 200 IBUS.
1792 169 1852 201 623

792 318 1017 350 DEDICATIO
1038 316 1278 348 HGSCHELII.

215 463 825 511 Nobilissimoamplissimoque7viro
850 470 976 511 Joanni
998 469 1163 511 Mattllaeo
1189 468 1364 508 Wuckero,
1404 479 1421 502 ε
1442 469 1701 511 _Wac_kcufelsa,
1725 472 1848 511 equiti,

259 508 292 549 ξ.
312 507 391 549 ςδιξςζ
415 507 539 549 Majest.
570 517 587 539 a
619 507 765 549 consiliis
803 510 883 548 imp.
911 509 1039 546 aulicis,
1077 507 1209 540 domino
1231 513 1262 540 et
1283 507 1418 549 patrono
1440 509 1474 540 in
1496 507 1612 549 primis
1636 507 1848 549 honorando,

256 546 289 577 S.
313 546 348 578 P.
372 547 410 578 D.
428 545 530 578 David
553 545 758 580 Hmschelius
783 545 867 588 Aug‘.

252 618 452 648 Constantinus
468 618 736 657 Porphyrogenneta,
753 627 782 650 ut
805 630 820 650 a
848 621 1001 651 Theodosio
1010 620 1146 657 proditum
1159 620 1281 654 invenio,
1295 628 1349 648 non
1364 625 1508 649 contentus
1521 629 1553 650 ex
1569 622 1698 649 omnibus
1713 627 1850 650 terrarum

218 662 295 690 orbis
306 663 428 698 partibus
442 663 527 691 libros
543 672 666 700 quosque
678 665 796 701 optimos
808 673 872 694 cura
884 673 988 693 summa
1004 666 1176 701 conquirere,
1191 666 1219 693 id
1233 666 1315 694 etiam
1330 673 1420 701 operae
1434 666 1542 700 publice
1559 666 1633 693 utilis
1647 667 1738 694 navari
1752 667 1850 702 voluit,

217 711 249 734 ut
264 713 313 741 pro
327 714 417 735 rerum
432 708 589 736 discrimine
603 713 742 736 auctorum
758 716 928 744 quorumque
944 710 1042 745 scripta
1061 710 1088 738 in
1102 713 1192 737 certas
1207 710 1326 743 classes,
1341 717 1402 745 quae
1415 710 1469 738 Llll
1487 710 1608 742 fuerunt,
1626 711 1727 738 tributa
1739 719 1846 746 conge-

218 753 349 778 rerentur
367 755 419 778 :ut
436 758 543 786 quaqua
562 751 596 780 de
611 760 653 784 re,
667 752 689 780 si
707 757 813 788 tempus
831 754 991 788 postularet,
1013 753 1202 788 exemplorum
1223 753 1389 789 hypotheses
1412 754 1439 782 in
1464 759 1592 789 promptu
1612 759 1715 782 essent.
1739 754 1851 782 Illarum

217 791 308 827 prima
324 792 393 827 Περὶ
411 793 569 826 βασιλέων
589 791 816 830 ἀνατορέύσεως
838 800 906 828 erat,
923 795 985 823 vice:

1082 797 1187 832 leptima
1208 796 1280 832 Περὶ
1300 798 1464 832 πρέσϐεων.
1485 798 1660 830 Caeterarum,
1686 806 1773 834 neque
1797 800 1850 826 nisi

220 840 381 868 paucarum,
394 839 493 870 praeter
508 836 538 863 τδ
552 835 697 871 ἐπώνυμον
712 837 798 864 scitur
813 837 889 871 nihil,
905 838 985 872 idque
1008 846 1041 867 ex
1055 841 1177 876 margine
1194 841 1256 868 libri
1270 841 1433 876 legationum
1452 842 1558 869 calamo
1572 842 1689 874 exarati,
1704 842 1749 870 ubi
1764 842 1853 870 lector

222 882 425 921 argumentum,
442 879 514 913 quod
529 879 598 908 alias
607 880 679 907 aliud
690 881 833 916 attingitur
842 881 940 914 obiter,
953 882 986 918 ζη

1082 884 1171 912 tbetur
1182 884 1211 911 ὲν
1226 885 1264 920 τῷ
1280 885 1344 920 περὶ
1359 884 1487 918 ἑπιὸοῶν,
1502 885 1531 911 ὲν
1544 885 1582 919 τῷ
1594 886 1659 921 περὶ
1671 886 1849 920 κυνηγεσίας.

219 917 252 948 ἓν
265 920 305 957 τῷ
316 922 380 957 περὶ
396 923 644 958 στρατηγημάτων,
657 924 711 950 τῶν
732 925 866 960 στρατῶν,
885 925 915 952 ὲν
930 925 970 960 τῷ
982 917 1160 964 νπερὶήνικης,
1175 929 1240 964 περὶ
1250 917 1444 964 -δημῇγοριῶν,
1459 917 1621 962 tartarum”,
1631 917 1717 957 ὶθῶν.
1798 930 1852 964 igi-

220 965 279 996 tur,
295 964 430 1008 injuriane
445 966 574 1008 temporis
587 967 641 994 sint
655 967 771 1000 amissae,
790 975 824 995 an
838 968 937 996 alicubi
957 975 1112 1005 serventur,
1135 973 1253 1000 nondum
1267 972 1363 1008 liquet.
1379 972 1444 1006 Ejus
1458 980 1536 1004 vero,
1551 980 1612 1007 qum
1623 973 1657 1000 de
1672 973 1767 1008 legatis
1782 974 1850 1007 agit,

221 1011 330 1042 partem
341 1007 455 1052 Fulvius
471 1007 598 1043 Ursinus,
611 1010 654 1037 vir
671 1009 878 1045 praeclarissime
893 1011 926 1039 de
943 1013 1017 1040 omni
1033 1015 1194 1050 antiquitate
1211 1017 1334 1048 meritus,
1352 1024 1450 1052 magno
1463 1017 1631 1045 eruditomm
1643 1007 1773 1052 applausu
1786 1023 1852 1045 ante

220 1057 310 1094 annos
324 1051 427 1087 aliquot
441 1053 623 1087 quammultos
652 1053 757 1086 edidit;
774 1058 880 1089 partem
900 1061 934 1082 ex
948 1057 1116 1086 serenissimi
1133 1058 1320 1093 Maximiliaui,
1337 1059 1465 1087 Boiorum
1480 1060 1568 1094 ducis,
1580 1065 1607 1088 et
1620 1051 1718 1088 cl.viri
1735 1061 1854 1088 Andreae

220 1093 329 1123 Schotti
342 1095 516 1129 bibliotheca,
530 1104 590 1131 qua:
604 1097 707 1125 nemini
720 1105 777 1124 rem
792 1097 927 1132 publicam
940 1099 1036 1134 juvare
1051 1101 1169 1137 cupienti
1184 1110 1237 1130 non
1251 1107 1335 1137 patet,
1348 1111 1399 1131 nos
1409 1104 1466 1138 jam
1478 1093 1637 1139 evulgamus
1652 1110 1660 1136 ;
1677 1104 1802 1139 hancque
1816 1112 1851 1132 eo

221 1139 397 1183 nobiliorem.
412 1140 597 1183 quodrreorum
617 1140 809 1169 historicorum
827 1142 979 1178 fragmenta
999 1145 1169 1183 suppeditat,
1186 1153 1303 1181 quorum
1321 1147 1387 1174 nihil
1411 1147 1468 1175 fero
1486 1147 1618 1175 hactenus
1634 1152 1734 1182 praeter
1752 1155 1852 1176 nomen

221 1182 340 1210 exstitit.
356 1182 406 1226 His
420 1182 592 1211 corollarium
609 1184 774 1217 addidimus,
786 1184 895 1221 eclogas
909 1182 1051 1216 librorum
1063 1188 1173 1217 Diodori
1190 1190 1275 1218 Siculi
1293 1191 1455 1219 amissorum
1469 1211 1476 1223 .
1493 1198 1561 1226 quas
1577 1198 1593 1219 e
1611 1191 1704 1219 codice
1720 1190 1853 1220 Ludovici

221 1226 366 1253 Alemanni
379 1225 528 1254 Floremini
544 1227 656 1255 doctiss.
671 1227 705 1256 Β.
722 1227 859 1257 Thomson
871 1228 975 1265 Anglus
985 1239 1092 1260 mecum
1106 1233 1195 1261 amice
1208 1234 1431 1262 communicavit.
1445 1225 1509 1262 Haec
1521 1238 1643 1262 veterum
1660 1238 1850 1268 monumenta,

223 1270 267 1297 vir
285 1270 464 1305 amplissime,
477 1270 536 1305 tibi,
555 1275 638 1299 tanta:
656 1272 797 1307 dlgnitatis
813 1277 948 1310 tantaque
965 1275 1138 1310 eruditionis,
1150 1277 1245 1305 dicare
1260 1285 1313 1305 non
1330 1277 1442 1305 fuissem
1461 1285 1554 1309 ausus,
1567 1278 1617 1305 nisi
1637 1277 1759 1305 nobiliss.
1776 1277 1852 1305 Mar-

222 1321 272 1341 cus
291 1312 439 1347 Vclserus,
459 1313 586 1343 duumvir
599 1320 704 1350 noster,
722 1316 827 1344 amicus
840 1321 913 1350 tuus,
931 1326 975 1346 me
993 1320 1201 1355 confirmasset;
1218 1322 1297 1357 cujus
1319 1322 1475 1350 liberalitati
1491 1322 1574 1350 editio
1590 1323 1647 1350 haec
1665 1322 1788 1350 debetur.
1811 1323 1852 1350 Ac

222 1364 291 1385 sane
303 1358 450 1393 jucundam
466 1359 525 1389 fore
536 1361 633 1389 horum
653 1362 700 1389 tibi
718 1361 862 1391 lectionem
877 1363 1055 1397 arbitramur,
1071 1365 1215 1399 cognitum
1226 1372 1287 1392 cum
1304 1366 1355 1392 alia
1371 1365 1517 1393 observata
1534 1373 1662 1401 perquam
1680 1365 1774 1400 digna,
1789 1370 1849 1393 tum

222 1403 347 1438 exempla
358 1402 429 1439 (quas
444 1405 533 1439 potior
550 1405 642 1440 operis
658 1406 733 1441 pars)
749 1406 809 1442 ejus
824 1407 946 1435 muneris
959 1426 968 1440 ,
990 1408 1062 1442 quod
1080 1408 1211 1443 singulari
1227 1409 1299 1442 ﬁde,
1319 1416 1383 1436 cura
1408 1413 1435 1436 et
1452 1410 1605 1444 prudentia,
1629 1409 1662 1436 de
1681 1409 1852 1444 gravissimis

223 1445 317 1479 rebus,
333 1453 384 1481 qua
400 1455 450 1482 per
460 1447 634 1476 Germaniam
647 1453 675 1477 et
692 1449 868 1482 Sarmatiam,
883 1457 935 1485 qua
954 1457 1003 1485 per
1017 1450 1134 1483 Italiam,
1151 1459 1166 1478 a
1181 1452 1298 1479 maximo
1316 1453 1422 1480 Casare
1438 1452 1471 1479 ad
1491 1460 1611 1480 summos
1629 1453 1766 1488 principes
1780 1453 1849 1480 mis-

221 1494 280 1520 sus,
293 1489 385 1517 obiiin
398 1498 406 1522 ;
417 1489 618 1525 iucundiorem,
630 1491 693 1526 quia
708 1491 798 1527 lingua
815 1491 909 1521 Graeca
924 1493 1019 1521 istltaec
1032 1494 1167 1528 prodeunt
1181 1503 1188 1522 :
1203 1495 1279 1529 cujus
1295 1496 1318 1523 is
1329 1499 1371 1523 est
1384 1503 1461 1522 amor
1473 1500 1546 1528 tuus,
1562 1503 1594 1524 ea
1606 1496 1713 1531 peritia,
1725 1500 1754 1523 ut
1768 1496 1846 1524 locos

224 1531 298 1574 scias
312 1536 458 1560 auctorum
475 1534 621 1563 restituere
636 1535 706 1569 illos,
725 1537 757 1564 ad
770 1543 839 1572 quos
859 1537 893 1565 ab
914 1537 975 1564 aliis
989 1537 1188 1566 conclamatum
1208 1543 1261 1566 est.
1278 1539 1349 1566 Nihil
1365 1539 1452 1566 dicam
1464 1538 1498 1566 de
1520 1539 1663 1569 beneficio,
1685 1546 1740 1574 quo
1757 1545 1800 1566 me
1821 1538 1851 1566 in

223 1573 306 1610 Reip.
326 1575 467 1605 litterariae
480 1579 653 1607 commodum
665 1581 767 1608 ornasti
786 1581 915 1609 maximo.
929 1581 982 1609 Pro
997 1589 1051 1616 quo
1074 1581 1145 1617 grati
1161 1585 1189 1610 et
1208 1582 1337 1609 memoris
1351 1582 1434 1609 animi
1450 1582 1636 1609 testimonium
1657 1573 1708 1609 hoc
1723 1588 1783 1609 esse
1797 1581 1852 1609 sli-

223 1619 296 1691 qutad
313 1619 436 1691 patisris,
456 1629 555 1656 meque
564 1629 650 1658 porro
663 1625 879 1653 commendatum
896 1624 998 1653 habere
1009 1625 1142 1661 digneris,
1156 1626 1238 1653 etiam
1257 1630 1339 1660 atque
1354 1625 1436 1654 etiam
1451 1632 1510 1653 oro.
1524 1625 1595 1654 Bene
1609 1625 1681 1658 vale,
1694 1625 1852 1661 praesidium

224 1667 258 1690 sc
286 1669 350 1691 ecus
391 1671 514 1691 usarum.

224 1667 258 1690 Ic
267 1662 350 1691 decus
363 1662 514 1692 Musarum.

818 1712 948 1748 Augustae
965 1712 1099 1742 Vlndelic.
1117 1713 1250 1749 postridie
1269 1713 1340 1742 Non.
1356 1713 1468 1749 Aprilis,
1484 1713 1517 1740 A.
1533 1712 1565 1742 S.
1579 1711 1613 1741 N.
1629 1711 1751 1741 MDClllr

226 1790 1837 1813 MM

699 1882 921 1916 DEDICATIO
943 1883 1150 1916 EDITIONIS
1173 1883 1383 1916 PARISIN/E.

1012 1961 1048 1969 .—

572 2013 840 2047 Eminentissimo
862 2017 893 2047 S.
917 2017 954 2047 It.
978 2017 1016 2047 E.
1039 2015 1194 2047 cardinali
1213 2014 1302 2045 Julio
1320 2013 1493 2045 Mazarino.

257 2088 375 2122 Quintus
389 2094 476 2116 annus
491 2089 591 2124 agitur,
609 2089 828 2118 eminentissime
845 2090 1008 2122 Cardinalis,
1021 2097 1055 2118 ex
1069 2096 1124 2124 quo
1137 2087 1291 2116 Ludovicus
1302 2086 1429 2123 princeps
1448 2085 1612 2114 fortissimus
1624 2084 1658 2114 de
1673 2085 1754 2114 rebus
1770 2086 1852 2119 abiit,

222 2130 326 2167 majore
338 2131 430 2160 Galliae
441 2132 541 2160 damno
554 2140 635 2168 quam
648 2140 708 2161 suo.
721 2133 786 2168 Ejus
800 2134 873 2161 enim
885 2140 1015 2162 excessus
1029 2133 1186 2161 universam
1203 2128 1319 2159 Galliam
1335 2130 1462 2165 perculit,
1478 2135 1505 2157 et
1520 2136 1589 2164 pene
1605 2129 1734 2164 discrim,
1750 2130 1850 2158 exani-

222 2176 319 2207 mavit,
337 2176 415 2210 quasi
431 2176 512 2204 unius
527 2177 656 2204 exstincti
669 2177 765 2212 spiritu
782 2177 885 2211 pridem
902 2182 956 2205 tota
966 2176 1091 2209 vixisset,
1103 2180 1131 2203 et
1143 2174 1263 2203 omnium
1278 2174 1382 2202 animas
1397 2173 1468 2201 idem
1482 2181 1575 2201 secum
1592 2173 1732 2201 traxisset.
1750 2173 1852 2202 Hostes

216 2215 315 2247 autem
327 2224 456 2247 externos
467 2224 505 2247 tot
522 2220 619 2255 pugnis
638 2220 761 2248 adversis
779 2219 883 2248 fractos
899 2220 926 2247 in
941 2227 1017 2255 spem
1032 2219 1130 2250 erexit,
1148 2222 1176 2246 et
1190 2217 1300 2245 refovit.
1315 2217 1382 2250 Quis
1394 2216 1467 2245 enim
1485 2220 1540 2244 tam
1557 2216 1720 2251 intrepidus,
1739 2220 1852 2251 tamque

222 2270 336 2290 securus
347 2269 458 2290 casuum
472 2262 534 2296 fuit,
545 2267 574 2290 ut
585 2267 680 2298 erepto
692 2263 775 2291 rebus
787 2263 912 2290 humanis
924 2270 998 2298 rege,
1018 2266 1045 2289 et
1058 2263 1085 2289 in
1099 2269 1170 2290 novo
1181 2261 1335 2297 principatu
1347 2267 1391 2288 res
1403 2259 1499 2287 durius
1510 2266 1621 2288 casuras
1633 2266 1684 2287 non
1698 2260 1851 2288 metueret?

221 2304 353 2341 Princeps
365 2306 476 2342 juvenis
492 2307 636 2335 admodum
648 2327 656 2340 ,
672 2314 722 2335 nec
737 2313 877 2334 armorum
892 2307 1006 2342 peritus,
1023 2306 1124 2341 quique
1139 2305 1271 2340 ﬂagrante
1290 2304 1361 2332 bello
1376 2305 1495 2331 nondum
1513 2303 1665 2331 exercitum
1683 2304 1710 2330 in
1727 2302 1851 2338 praelium

220 2354 318 2386 posset
328 2350 455 2384 educere,
470 2357 521 2380 nec
536 2351 688 2386 principem
708 2358 757 2387 per
771 2355 878 2380 aetatem
896 2357 1034 2383 exercere,
1047 2349 1195 2378 multorum
1215 2348 1323 2383 injuriis
1341 2347 1478 2376 obnoxius
1493 2346 1647 2375 videbatur.
1664 2346 1780 2374 Hostilis
1794 2354 1846 2375 au.

221 2399 277 2422 tem
290 2396 426 2423 exercitus
442 2395 523 2422 etiam
538 2395 683 2423 adversum
700 2402 792 2422 casum
809 2401 904 2423 recens
916 2399 1044 2429 expertus
1062 2393 1172 2422 altiores
1185 2393 1298 2428 spiritus
1318 2391 1441 2427 gerebat,
1460 2398 1545 2419 novas
1563 2391 1648 2418 resin
1663 2391 1722 2419 dies
1734 2397 1853 2424 exspec-

162 2471 172 2473 <
220 2437 343 2466 tantibus
355 2437 410 2472 his,
427 2438 526 2472 quibus
542 2445 651 2473 semper
670 2437 791 2466 studium
809 2438 859 2465 fuit
874 2438 1026 2466 cunctando
1043 2441 1071 2465 et
1084 2437 1156 2465 diem
1171 2444 1203 2464 ex
1222 2436 1266 2464 die
1283 2435 1445 2471 prolatando
1457 2442 1552 2470 pacem
1572 2434 1697 2467 eludere,
1714 2438 1742 2462 et
1758 2434 1851 2462 Gallos

220 2479 309 2514 magis
322 2479 356 2506 ad
375 2479 456 2507 civile
472 2479 572 2507 bellum
588 2478 738 2514 impellere,
758 2478 867 2507 turbare
887 2479 978 2507 omnia
992 2487 1024 2509 ac
1037 2480 1212 2515 permiscere,
1227 2487 1309 2515 quant
1328 2479 1400 2507 bello
1424 2478 1548 2514 aggredi,
1575 2482 1604 2505 et
1624 2478 1714 2512 palam
1736 2485 1849 2505 manum

221 2529 376 2550 conserere.
393 2522 491 2550 Verum
506 2529 644 2556 nunquam
658 2522 759 2550 certius
773 2522 951 2558 approbatum
969 2527 1023 2556 est,
1036 2523 1142 2559 justum
1157 2522 1296 2557 piumque,
1312 2523 1340 2548 ct
1350 2520 1458 2548 favente
1474 2519 1529 2548 Deo
1543 2519 1644 2547 bellum
1665 2523 1824 2554 susceptum
1839 2528 1848 2546 :

218 2570 250 2593 ut
266 2566 428 2595 inconcusso
442 2570 570 2594 manente
583 2566 658 2602 regni
672 2570 755 2599 statu,
774 2569 802 2595 et
819 2571 857 2595 tot
873 2568 1013 2602 prosperis
1025 2565 1222 2595 conﬂuentibus
1239 2565 1321 2600 regiae
1335 2563 1471 2599 majestati
1487 2563 1666 2591 devoti‘metu
1684 2562 1765 2591 soluti
1781 2562 1849 2595 sint,

220 2614 248 2637 et
261 2610 354 2638 hostes
366 2609 464 2638 Gallici
483 2610 602 2638 nominis
615 2618 664 2646 spe
678 2618 747 2638 vana
769 2615 906 2640 tumentes
920 2611 1010 2639 statim
1028 2611 1144 2643 animos,
1165 2616 1235 2644 quos
1255 2608 1432 2639 sustulerant,
1452 2607 1637 2640 demiserint;
1659 2607 1754 2634 nuntio
1770 2606 1851 2634 male

219 2659 318 2688 pugnae
334 2653 367 2680 ad
387 2650 552 2681 Rocrovitrm
569 2654 750 2682 consternati.
762 2653 784 2683 0
798 2655 870 2683 diem
885 2655 965 2683 nobis
987 2655 1050 2683 albo
1064 2654 1211 2682 notandum
1233 2651 1343 2687 lapillo!
1358 2659 1375 2679 o
1391 2651 1463 2679 diem
1483 2651 1632 2678 infaustum
1654 2650 1777 2678 hostibus
1794 2655 1850 2678 tam

219 2695 293 2724 fmda
317 2696 415 2725 clade!
443 2697 574 2733 quidquid
599 2698 672 2726 enim
694 2698 822 2733 Hispanis
846 2699 873 2726 in
898 2699 1026 2727 Flandria
1043 2697 1143 2726 virium
1166 2696 1264 2729 fuerat,
1279 2695 1323 2722 illa
1334 2694 1512 2722 dimicatione
1529 2697 1695 2729 prostratum
1716 2697 1768 2721 est.
1786 2694 1847 2721 Hac

220 2739 313 2767 Gallus
327 2747 416 2776 pugna
429 2741 500 2769 edita
516 2742 618 2777 posteri
633 2742 764 2777 temporis
777 2742 950 2770 securitatem
965 2742 1092 2776 concepit
1105 2749 1113 2768 :
1126 2739 1263 2774 Hispanus
1275 2743 1367 2767 autern
1384 2738 1613 2774 prideml‘lducim
1627 2745 1659 2765 ac
1678 2737 1735 2772 spei
1750 2736 1849 2771 plenus

221 2782 342 2810 animum
353 2783 444 2818 posuit
457 2783 644 2818 praeferocem,
662 2785 731 2812 tanti
748 2785 889 2813 dedecoris
904 2785 1064 2820 indignitate
1079 2784 1229 2820 perculsus.
1246 2783 1303 2811 [loc
1314 2786 1404 2810 autem
1422 2782 1543 2810 omnium
1560 2786 1688 2817 regnator
1703 2781 1774 2809 Deus
1787 2788 1852 2816 per-

229 2824 285 2851 ecit
301 2833 307 2851 :
324 2826 403 2861 cujus
427 2826 510 2853 ctiam
522 2828 702 2862 providentia.
717 2826 847 2863 Princeps
870 2828 1064 2862 sagacissimus
1086 2835 1149 2856 cum
1173 2827 1207 2854 ad
1234 2827 1316 2855 ﬁnem
1340 2825 1517 2854 mortalitatis
1536 2825 1690 2858 accederet,
1711 2828 1739 2851 ct
1758 2824 1848 2852 virum

219 2861 355 2902 lichelio,
371 2861 529 2908 quiuerunt
541 2875 677 2905 gestarum
692 2871 778 2906 gloria
788 2861 1116 2910 ct-animi’magnitudinc
1139 2872 1286 2902 humanum
1304 2870 1444 2906 fastigium
1457 2874 1633 2906 excesserat,
1649 2869 1766 2899 similem
1789 2876 1845 2897 non
