1945 3073
113 166 169 199 629
814 172 898 202 ΡΒ
902 175 1020 205 FA’l‘lO.
1682 178 1738 211 630

116 227 284 262 proximum,
300 226 325 252 in
340 227 460 259 partibus
477 227 629 261 rcipnhlicm
644 227 828 261 gubernandis
840 236 983 265 quaereret,
1006 233 1064 266 tibi,
1081 233 1234 263 Cardinalis
1250 235 1480 267 eminentissime,
1496 228 1629 263 summam
1645 243 1739 262 rerum-

115 270 263 304 permisit:
278 277 310 296 ex
323 277 377 304 quo
392 271 464 297 enim
483 278 576 298 curam
593 272 698 305 imperii
714 272 808 300 Gallici
829 281 934 303 summa
956 276 1107 312 principum
1129 279 1310 307 consensione
1333 279 1500 310 sustinuisti,
1523 279 1610 314 palam
1634 279 1734 306 factum

118 318 173 346 est,
187 313 255 340 Deus
273 314 405 341 bellorum
421 322 476 341 rem
488 314 618 342 Gallicam
634 316 703 342 tueri
717 323 748 342 ac
759 324 854 351 regere
869 327 875 344 :
890 323 917 346 et
939 324 964 346 lc
980 328 1032 348 non
1047 323 1126 349 modo
1137 322 1171 350 de
1187 323 1262 357 regni
1279 323 1379 350 ﬁnibus
1397 313 1529 355 tutandis,
1540 323 1586 350 sed
1604 323 1684 350 etiam
1702 323 1735 350 dc

117 356 282 391 proferendo
302 356 377 391 plura
400 363 446 385 aut
463 358 566 393 majora
587 359 613 386 in
635 359 695 386 dies
708 360 853 388 destinare.
879 361 932 390 Sed
951 371 1037 399 neque
1058 365 1120 393 belli
1138 374 1203 394 cura
1220 356 1298 394 terra
1317 367 1440 402 marique
1460 367 1582 394 animum
1606 367 1734 395 invictum

116 401 218 432 obruit,
231 409 283 428 nec
303 402 514 436 cogitationibus
531 403 584 430 tttis
606 403 639 431 de
661 403 758 432 litteris
771 408 951 439 propagandis
963 408 1064 436 obstat.
1083 409 1145 437 llzec
1165 411 1240 445 pacis
1257 415 1417 438 ornamenta
1436 410 1529 437 colunt
1547 410 1630 439 etiam
1645 411 1690 445 qui
1705 417 1736 438 se

117 445 181 471 belli
199 444 290 478 gloriae
309 445 485 473 devoverant.
509 445 586 474 Licet
597 447 669 474 ettim
686 447 756 475 fama
777 456 904 482 prospera
922 449 1046 479 laudibus
1063 460 1110 480 eos
1131 453 1158 480 in
1167 444 1269 481 cmlum
1291 453 1404 487 efferat,
1421 453 1549 480 diuturna
1568 444 1660 481 tamen
1675 462 1737 481 esse

116 495 172 514 nou
185 492 283 522 potest,
298 489 349 515 uisi
365 490 420 516 sint
431 489 476 524 qui
491 497 589 517 nomen
607 497 700 517 eorum
714 491 866 526 posteritati
881 495 1081 522 commendent.
1101 496 1168 524 llinc
1184 504 1259 531 spem
1284 497 1464 524 certissimam
1484 502 1671 531 conceperant
1688 498 1736 532 qui

117 532 272 566 principum
289 533 482 568 indulgentiam
499 533 609 570 ingenio
628 541 778 567 merentur,
804 540 831 564 te
848 536 993 564 Mmceuate
1013 545 1067 565 uott
1080 538 1221 567 defuturos
1236 540 1343 567 eximite
1366 540 1496 568 doctrina:
1518 541 1602 573 viros,
1622 547 1746 575 quorum-

118 575 210 602 studio
226 584 279 603 non
295 581 418 604 senesect
431 577 564 605 claritudo
577 585 689 613 operum
702 583 819 606 tuorum.
836 579 901 607 Esse
913 586 1002 608 autent
1017 581 1108 615 plures
1119 583 1224 617 publice
1238 591 1348 618 quoque
1359 583 1471 611 interest
1485 592 1493 610 :
1505 591 1554 610 nec
1565 584 1637 610 enim
1651 584 1738 610 virtu-

117 619 192 645 tibus
212 619 263 646 tuis
283 621 444 648 enarraudis
464 621 516 648 nisi
534 622 624 656 plures
643 622 809 650 sulfeccrint.
829 623 958 658 Equidem
982 625 1032 652 hoc
1047 633 1130 652 nnutn
1150 626 1250 659 dit-am,
1271 626 1373 653 nullum
1400 627 1530 654 hactenus
1554 626 1655 660 majore
1674 627 1737 659 fide,

115 661 270 689 constantia
287 667 313 690 et
329 664 470 697 prudentia
485 665 560 699 regni
577 665 730 692 ministrum
743 666 850 700 egisse;
866 671 894 693 ut
907 675 1001 695 omnes
1019 669 1103 703 gloria
1120 669 1161 696 vel
1179 677 1312 704 aequasse,
1331 669 1372 696 vel
1387 670 1541 697 excessisse
1560 670 1676 697 videaris
1690 678 1696 696 :
1710 676 1739 696 ct

117 709 148 731 ut
159 706 279 739 cpistola:
291 707 480 742 compendium
493 707 601 740 faciant,
617 713 713 734 natura
728 708 791 742 quid
805 708 912 736 efﬁcere
926 716 1015 744 posset
1029 712 1146 746 experiri
1162 713 1285 747 cupiens,
1304 713 1329 740 in
1352 718 1377 740 te
1389 733 1396 745 ,
1411 713 1565 740 Gardinalis
1579 713 1737 740 eminentis-

116 748 198 781 sime,
219 749 314 784 gloria:
331 751 487 783 materiam,
504 758 585 786 quam
602 751 751 786 quaerebat,
770 752 885 779 invenit.
908 751 991 779 Deum
1013 761 1142 785 veneror,
1162 759 1190 780 ut
1208 762 1337 789 prospere
1357 762 1465 789 semper
1488 763 1533 782 res
1555 755 1602 782 tibi
1629 755 1738 785 cedant.

116 799 263 826 seramque
285 793 513 820 imntortalitatem
537 802 642 828 precor,
661 799 690 820 ut
710 799 764 821 tam
789 795 867 828 felix,
890 803 970 830 quam
988 797 1114 823 diuturna
1137 797 1191 824 vita
1210 798 1262 830 sit;
1279 805 1359 832 quam
1375 799 1398 824 si
1415 806 1447 825 ex
1463 799 1593 826 bonorum
1617 799 1738 825 omnimtt

118 840 184 862 voto
199 835 245 862 tibi
263 836 333 863 Deus
350 831 503 870 indulserit,
520 845 625 872 pacem,
635 845 717 872 quam
731 837 854 872 pertinax
868 839 959 866 odium
973 839 999 867 iu
1015 840 1106 867 Gallos
1126 846 1249 868 moratur
1259 861 1267 873 ,
1285 831 1328 868 vel
1348 841 1458 878 optimis
1473 842 1678 870 'conditi0nibus
1690 850 1740 876 pa-

115 879 203 917 rabis,
221 879 261 906 vel
283 879 469 908 saluberrimis
489 881 611 908 consiliis
628 882 681 908 tuis
701 881 813 913 ellicies,
833 886 861 908 ut
879 883 995 910 hostium
1013 884 1199 911 internecione
1214 885 1293 918 iusta:
1313 885 1364 912 ira:
1386 890 1555 919 parentetur.
1574 887 1610 912 Da
1631 886 1738 912 veniam

117 923 190 956 quod
212 922 353 951 laboriosis
373 925 595 958 occupationibus
618 925 672 952 tuis
706 926 779 952 abuti
795 925 896 953 videar.
913 925 972 954 Non
993 934 1102 961 possum
1122 931 1211 955 tatnen
1234 928 1298 955 mihi
1315 931 1479 963 temperare,
1502 929 1567 963 quin
1583 929 1683 963 gratias
1695 930 1739 955 hic

118 965 167 992 tibi
183 973 270 1000 agam,
288 967 358 1001 quod
379 966 502 994 offerenti
514 967 666 995 Cedrenum
682 973 708 995 et
723 968 844 996 Nicctam
859 974 912 996 tam
927 970 1072 1004 benignum
1092 974 1118 996 te
1132 970 1196 997 mihi
1212 970 1379 1003 cxhibueris,
1393 976 1421 997 nt
1436 972 1647 1006 magnitudinem
1666 976 1739 997 lnam

118 1010 242 1036 vinceres
261 1019 267 1036 :
281 1015 307 1037 ct
318 1011 444 1044 quoniam
461 1011 542 1038 aliter
556 1011 657 1039 referre
673 1019 725 1038 nou
741 1020 859 1047 possum,
877 1013 903 1040 in
915 1013 1098 1041 testimonium
1115 1014 1218 1041 devotae
1239 1014 1289 1041 tibi
1308 1014 1409 1042 mentis
1434 1014 1486 1042 hoc
1499 1022 1567 1050 opus
1581 1015 1734 1049 qualecun-

118 1061 171 1088 que
183 1058 234 1085 est,
253 1054 355 1081 nomini
369 1058 414 1082 tuo
426 1055 521 1083 dedico
533 1062 728 1090 consecroquc.

1162 1100 1318 1129 Eminentia:
1333 1101 1396 1130 Tute
1410 1102 1593 1130 devotissimus

1229 1145 1354 1174 Canopus
1374 1146 1494 1173 Attalum.
1509 1145 1705 1174 FABROTUS.

129 1228 1740 1242 ._—._.__________________—_________

730 1318 778 1347 LA
785 1317 831 1346 ΒΒ
837 1317 870 1347 ΕΙ
890 1317 1120 1350 PREFATIO.

904 1401 945 1408 ..-

397 1453 544 1485 Hister-ite
561 1454 924 1494 Constantinopolitanae
943 1454 1081 1486 curiosis
1102 1453 1345 1494 indagatoribus
1369 1453 1401 1484 S.
1428 1452 1460 1482 P.

152 1524 330 1561 Byzantinam
350 1525 492 1553 histmiam
507 1525 681 1554 multitudine
694 1533 789 1554 rerum
804 1525 955 1554 mirabilem
966 1545 975 1559 ,
988 1525 1121 1555 varietate
1137 1524 1289 1560 jucundam
1299 1544 1307 1556 ,
1323 1522 1502 1551 diuturnitate
1519 1521 1649 1557 temporis
1660 1528 1739 1555 spec-

112 1570 232 1598 tabilem
247 1577 279 1598 ac
293 1570 377 1598 veteri
393 1570 521 1599 Romana;
535 1576 641 1600 tantum
663 1579 717 1599 non
738 1579 849 1608 parem;
870 1575 901 1599 ut
915 1574 1009 1597 amant
1023 1569 1170 1604 coluntque
1193 1567 1310 1596 studiosi
1332 1574 1440 1601 omnes,
1461 1566 1499 1594 ita
1518 1565 1615 1598 libros,
1639 1565 1747 1600 quibus.

118 1613 166 1641 illa
180 1613 343 1647 continetur,
359 1614 436 1643 avide
448 1615 569 1644 ambiunt
581 1619 773 1652 exoptantque.
795 1615 849 1643 Sed
866 1615 968 1642 frustra
979 1612 1139 1658 jamdudum
1157 1611 1218 1640 illos
1238 1611 1314 1639 vacui
1331 1610 1502 1658 fere‘omnes
1513 1609 1738 1658 bibliothecarum

118 1656 199 1685 foruli
214 1661 382 1693 exspectant.
397 1659 464 1686 Cum
476 1659 547 1687 enim
562 1659 676 1686 maxima
690 1667 753 1695 pars
770 1659 901 1686 nobilium
912 1658 1018 1686 illorum
1037 1656 1231 1685 historicorum
1249 1663 1312 1684 cum
1330 1654 1422 1682 blattis
1438 1653 1529 1681 adhuc
1548 1653 1683 1688 lineisque
1697 1653 1741 1679 lu,

118 1706 208 1728 ctetur
219 1701 246 1728 in
263 1702 373 1737 pulvere
387 1707 413 1731 et
425 1702 480 1731 situ
497 1703 747 1739 manuscrlptorum
761 1704 906 1736 codicum;
923 1702 970 1738 qui
985 1708 1050 1729 vero
1067 1701 1199 1729 hactenus
1219 1699 1349 1735 publicati
1361 1703 1434 1730 sunt,
1451 1697 1493 1726 vel
1510 1697 1607 1725 Latine
1623 1701 1738 1729 tantum,

118 1744 161 1771 vel
179 1744 274 1773 Graec
295 1750 400 1773 tantum
416 1747 602 1782 apparuerint,
624 1752 652 1775 et
666 1748 689 1775 si
711 1747 758 1782 qui
776 1747 869 1775 (ιι-ατε
883 1746 963 1774 simul
980 1752 1013 1773 ac
1032 1745 1127 1773 Latine
1140 1744 1232 1772 excusi
1253 1748 1330 1775 sunt,
1349 1743 1453 1778 dispari
1472 1741 1617 1769 admodum
1640 1741 1738 1773 forma,

117 1787 277 1816 charactere
291 1789 431 1822 dissimili,
455 1790 569 1819 diversis
588 1791 747 1826 dissitisque
760 1798 775 1818 a
798 1798 829 1819 se
846 1790 960 1818 invicem
979 1789 1046 1817 locis
1062 1787 1284 1823 temporibusque
1305 1786 1474 1822 prodierint;
1496 1785 1559 1812 inde
1574 1784 1675 1813 factum
1697 1788 1741 1811 est

119 1839 217 1867 rnagno
234 1832 387 1861 litterarum
403 1833 586 1867 incommodo,
598 1835 686 1862 dicam
700 1839 726 1862 et
742 1834 924 1862 litteratorum
937 1833 1050 1865 damno,
1068 1832 1096 1859 in
1111 1835 1187 1859 tanta
1204 1831 1332 1866 penuria,
1345 1837 1459 1866 quaeque
1475 1829 1595 1857 indidem
1610 1833 1669 1856 orta
1686 1832 1740 1861 est,

119 1876 214 1902 talium
229 1876 360 1903 mercium
379 1877 493 1905 caritate
506 1878 632 1910 maxima,
650 1881 681 1906 ut
696 1878 792 1906 beatus
806 1878 850 1905 ille
865 1878 964 1905 merito
975 1875 1130 1905 censendus
1149 1876 1197 1907 sit,
1215 1883 1269 1904 non
1282 1874 1331 1910 qui
1341 1881 1446 1907 omnes,
1462 1874 1510 1901 sed
1523 1874 1571 1910 qui
1585 1881 1666 1909 quam
1679 1872 1740 1907 plu-

118 1919 213 1950 rimos,
227 1926 328 1953 eosque
342 1919 478 1948 deformes
497 1929 529 1949 ac
547 1929 667 1954 mancos,
681 1923 777 1956 quovis
795 1922 884 1957 pretio
902 1927 1062 1956 summaque
1081 1920 1218 1955 diligentia
1235 1919 1354 1965 potuerit
1369 1919 1418 1946 sibi
1440 1924 1608 1965 comparare.
1621 1916 1693 1965 blant
1706 1916 1740 1964 ob

118 1969 228 1989 causam
243 1963 388 1997 pluresque
401 1963 479 1996 alias,
494 1972 561 1999 quas
573 1965 662 2000 quivis
674 1965 753 1993 facile
767 1965 902 2000 conjicere
913 1965 1023 2000 poterit,
1039 1971 1102 1992 cum
1116 1963 1198 1998 regiis
1214 1964 1286 1998 typis
1300 1962 1452 1996 eademque
1467 1961 1580 1988 omnino
1593 1960 1740 1987 voluminis

113 2004 206 2034 forma
226 2014 332 2039 omnes,
350 2011 484 2042 quotquot
501 2009 604 2044 uspiam
621 2009 740 2045 gentium
756 2009 887 2037 hactenus
903 2009 968 2037 editi
991 2012 1066 2040 sunt,
1082 2013 1109 2035 et
1129 2008 1157 2035 in
1174 2006 1348 2034 bibliothecis
1367 2005 1504 2037 Vaticana.
1526 2004 1622 2038 Regia,
1637 2002 1741 2029 Barba-

119 2051 188 2083 rina,
202 2051 348 2084 .llazarina,
365 2052 550 2087 Seguieriana,
566 2053 737 2086 Memmiana,
749 2055 871 2087 'l'huana,
887 2054 1015 2085 Pnteana,
1029 2052 1185 2084 Petaviaua,
1201 2050 1313 2085 Collegii
1329 2049 1492 2077 Parisiensis
1503 2048 1648 2076 Societatis
1660 2047 1736 2079 Jesu,

120 2095 235 2130 aliisque
251 2103 330 2132 quam
348 2096 473 2131 plurimis
488 2098 601 2132 privatis
618 2098 787 2133 publicisque
805 2103 901 2127 nostro
915 2097 1114 2129 doctorumque
1132 2094 1257 2122 virorum
1269 2093 1358 2121 studio
1373 2092 1488 2127 reperiri
1512 2096 1670 2127 potuerunt,
1687 2099 1740 2125 pu—

120 2139 216 2165 blicam
238 2139 263 2166 in
282 2139 369 2166 lucem
387 2140 513 2168 emittere
531 2141 742 2173 decreverimus,
760 2142 890 2177 nobisque
912 2140 1035 2176 quaedam
1059 2138 1204 2165 etiamnum
1229 2137 1318 2165 desint
1340 2137 1373 2163 ad
1392 2135 1540 2171 perfectam
1561 2135 1689 2170 omnique
1705 2142 1739 2162 ex

120 2187 197 2217 parte
214 2182 365 2210 absolutam
383 2183 537 2219 Byzantium
553 2185 670 2212 historia:
690 2185 847 2218 editionem,
869 2192 960 2220 operte
978 2183 1094 2217 pretium
1110 2181 1196 2208 visum
1218 2180 1270 2207 fuit
1285 2180 1395 2207 brevem
1417 2179 1522 2207 consilii
1543 2179 1630 2206 nostri
1657 2183 1740 2213 atque

120 2231 267 2261 apparatus
279 2226 425 2254 indicnlum
444 2232 544 2260 texere,
558 2235 645 2262 neque
657 2233 760 2256 tantum
774 2228 916 2264 Excerptis
927 2228 1103 2263 legationum,
1119 2229 1241 2253 veterum
1257 2224 1450 2252 historicorum
1465 2223 1583 2259 Eclogis,
1594 2223 1737 2257 Thcopby-

121 2271 181 2297 lacti
196 2270 351 2298 Simocattae
362 2271 538 2308 historiarum
552 2272 627 2299 libris
641 2278 711 2305 octo,
727 2280 759 2300 ac
771 2272 925 2308 Nicephori,
943 2269 1235 2303 Constantiuopolitani
1252 2268 1424 2303 patriarchae,
1442 2268 1578 2296 breviario
1603 2267 1739 2294 Chronico

120 2314 189 2348 (qua:
204 2314 294 2341 omnia
316 2322 368 2341 uno
385 2315 465 2342 simul
486 2307 622 2343 volumine
636 2320 792 2351 compacta,
809 2307 846 2344 ac
858 2317 943 2344 variis
958 2314 1127 2342 cruditorutn
1143 2313 1264 2340 virorum
1287 2312 1512 2340 annotationibus
1536 2311 1738 2339 observationi-

121 2358 223 2392 lmsquc
240 2358 274 2386 de
290 2366 359 2385 novo
375 2358 519 2391 illustrata,
536 2359 616 2387 modo
636 2360 770 2394 prodeunt
788 2360 815 2387 in
834 2361 996 2395 publicum),
1014 2359 1096 2388 veluti
1117 2359 1251 2394 galeatum
1266 2359 1411 2394 quemdam
1428 2358 1572 2392 Prologum
1588 2357 1738 2392 przcﬂg'rc,

120 2401 167 2428 sed
183 2401 264 2428 etiam
281 2402 394 2429 scorsim
408 2402 529 2438 vulgare,
545 2410 576 2430 ac
596 2403 774 2438 undequaque
795 2411 844 2438 per
861 2405 1015 2432 universam
1030 2404 1149 2430 maxime
1162 2403 1297 2437 Europam
1310 2403 1459 2436 orbemque
1477 2401 1663 2429 Christianum
1680 2399 1737 2427 dis-

123 2451 246 2478 pergere,
262 2448 292 2472 ut
314 2447 358 2480 qui
375 2446 402 2473 itt
415 2446 518 2474 dissitis
533 2453 548 2473 a
564 2446 651 2474 Gallia
669 2446 758 2482 regnis
770 2447 935 2481 remotisque
951 2449 1101 2483 provinciis
1118 2449 1250 2480 habitant,
1265 2455 1353 2483 neque
1374 2448 1454 2475 facile
1469 2455 1514 2475 res
1529 2451 1638 2474 nostras
1654 2453 1737 2473 cona-

122 2491 218 2521 tusque
237 2488 338 2516 rescire
351 2494 473 2523 possunt,
490 2490 542 2516 hoc
559 2489 641 2517 veluti
660 2489 723 2518 dato
742 2491 820 2525 signo
836 2491 1004 2527 intelligant,
1018 2500 1086 2526 quos
1099 2492 1132 2520 ad
1147 2493 1218 2520 hanc
1233 2500 1319 2526 usque
1335 2492 1406 2519 diem
1425 2490 1736 2525 Constantinopolitano:

122 2531 241 2559 historiae.
265 2532 412 2566 scriptores
439 2533 576 2568 Luparaais
601 2534 805 2562 characteribus
826 2535 1003 2569 ediderimus,
1029 2544 1098 2572 quos
1120 2536 1169 2564 sub
1189 2538 1274 2572 praelo
1295 2536 1453 2566 habeamus.
1476 2542 1599 2570 quosque
1621 2533 1738 2568 propitio

122 2576 247 2611 Numine,
263 2581 289 2604 et
302 2577 484 2612 aspirantibus
500 2579 591 2606 favore
609 2587 658 2607 suo
666 2584 748 2614 atque
762 2580 932 2608 humanitate
944 2580 1023 2608 bonis
1035 2580 1171 2613 omnibus,
1187 2579 1314 2607 emissuri
1331 2579 1458 2612 deinceps
1471 2579 1567 2605 simus.
1579 2577 1736 2612 Agitedum,

122 2620 172 2647 viri
182 2628 229 2654 per
242 2620 335 2648 orbem
352 2621 506 2649 universum
517 2622 626 2650 litterati
643 2623 847 2659 litterarumque
864 2628 987 2652 amantes
1000 2631 1032 2651 ac
1047 2623 1148 2659 gloriae,
1164 2623 1314 2658 expromite
1329 2621 1459 2656 quidquid
1476 2622 1547 2656 apud
1564 2628 1612 2648 vos
1629 2621 1692 2648 latet
1708 2621 1738 2647 ἐν

122 2664 219 2698 κειμη)
227 2664 287 2697 ἔοις,
299 2664 416 2692 excutile
424 2665 528 2700 pluteos
537 2665 771 2700 bibliothecarum,
781 2667 894 2701 angulos
906 2668 1076 2702 scrutantini,
1088 2675 1187 2695 musaea
1198 2666 1409 2702 circumspicite,
1422 2667 1525 2694 amicos
1537 2666 1738 2700 familiaresque

123 2712 228 2735 vestros
242 2713 359 2741 monete,
371 2712 475 2743 urgete,
491 2709 619 2744 impellite
637 2717 645 2735 :
661 2714 687 2738 et
701 2710 724 2737 si
741 2710 810 2738 forte
824 2711 888 2746 quid
901 2712 934 2739 ad
950 2712 1102 2739 institutum
1120 2716 1242 2738 nostrum
1256 2704 1490 2738 accommodatum
1506 2709 1577 2737 nacti
1592 2709 1670 2741 estis,
1689 2714 1737 2736 aut

122 2751 222 2779 mittite
242 2752 323 2785 illico.
342 2754 365 2781 si
383 2757 437 2781 tam
461 2760 594 2788 propensa
618 2753 644 2780 in
661 2754 736 2781 vobis
752 2754 898 2782 elllorcscit
919 2756 1073 2783 lmmauitas
1088 2762 1120 2782 ac
1136 2756 1168 2782 de
1188 2754 1287 2781 litteris
1304 2753 1373 2781 bene
1391 2753 1512 2780 merendi
1535 2753 1673 2783 voluntas,
1691 2757 1738 2779 aut

121 2796 216 2823 saltem
235 2795 345 2831 scriptis
363 2796 389 2824 iu
406 2797 477 2824 hanc
495 2798 589 2824 urbem
602 2797 702 2825 litteris
718 2798 750 2824 ad
771 2798 960 2826 Sebastianum
981 2798 1140 2833 Crantoisy,
1157 2797 1430 2832 architypographum
1449 2797 1552 2832 regium
1568 2800 1595 2823 et
1613 2801 1738 2831 typogra-

121 2840 189 2874 phitc
202 2841 283 2876 regia:
294 2846 457 2875 curatorem,
470 2842 572 2870 aliosve
584 2842 659 2869 vobis
671 2846 749 2870 notos
759 2850 790 2869 ac
807 2843 965 2875 familiares,
980 2843 1087 2871 consilii
1102 2842 1183 2869 vestri
1197 2841 1421 2876 liberalitatisque
1432 2842 1563 2869 rationem
1576 2841 1736 2876 signiﬁcate.

121 2884 174 2912 lloc
187 2885 258 2913 enirn
279 2893 425 2922 possumus
444 2886 577 2919 nolliccri,
594 2886 660 2913 tanti
677 2885 800 2914 beneﬁcii
819 2885 1008 2921 benefactiquc
1029 2884 1198 2918 memoriam,
1213 2885 1295 2920 regiis
1319 2884 1388 2919 typis
1408 2891 1581 2919 expressam,
1602 2883 1738 2911 toto-orbe
