1945 3073
221 129 273 161 631
730 130 927 163 EXCERPTA
947 131 997 164 DE
1016 131 1307 164 LEGATIONIBUS.
1793 138 1854 172 632

222 186 397 230 vulgandam,
412 191 438 214 et
457 186 529 221 apud
542 190 667 222 posteros
682 193 779 215 omnes
793 187 890 223 quovis
909 195 1045 217 marmore
1067 192 1147 224 atque
1161 196 1215 217 aere
1236 188 1382 224 perennius
1396 189 1570 219 duraturam.
1585 191 1678 228 Neque
1694 194 1768 222 enim
1783 203 1853 230 per-

223 229 364 256 mittemus
382 237 513 264 unquam,
530 235 560 257 ut
579 229 660 258 ullius
673 238 771 259 nomen
786 231 914 259 oblivioni
931 231 1017 265 detur,
1032 232 1079 268 qui
1095 231 1247 261 laudabiles
1262 238 1378 261 conatus
1389 238 1511 268 nostros,
1525 235 1628 270 totique
1638 229 1796 272 reipublicm
1808 240 1853 268 Iit-

221 272 328 300 terarirc
337 273 558 309 perhonoriﬁcos
572 274 651 310 juxta
671 282 703 303 ac
713 275 849 304 salutares
866 282 1029 312 promovere
1042 275 1085 303 vel
1101 275 1198 304 leviter
1213 277 1371 305 tentaverit.
1386 276 1491 305 Valete.

253 329 366 358 Lutetiae
381 329 558 366 Parisiorum,
572 337 587 359 e
604 330 719 367 collegio
732 331 946 361 Claromoutano
959 330 986 359 St

218 372 407 402 MDCXLVIII.

1083 331 1103 360 is
1122 329 1205 365 Iesu,
1218 331 1347 360 Calendis
1358 331 1500 362 Januarii:
1517 333 1581 361 anni
1600 341 1662 363 acra
1681 335 1851 366 Christian:

1072 428 1195 457 Omnium
1212 428 1300 457 seruus
1319 430 1346 457 in
1357 430 1463 459 Clu-isto
1483 432 1733 468 obteqtuntissimus

1190 484 1331 516 Puturrus
1341 484 1454 515 LABBE
1470 486 1533 517 Soc.
1549 487 1622 518 lusu.

708 656 929 689 DEDICATIO
948 657 1154 690 EDlTIONlS
1177 658 1362 691 VENETE.

471 803 621 845 Philippo
637 807 673 844 V,
695 806 921 847 Hispaniarum
944 807 1025 848 regi,
1047 807 1211 839 catholicae
1225 807 1396 848 religionis
1411 807 1576 839 assertori.

248 883 278 912 Si
300 884 373 920 quod
392 891 460 921 opus
475 884 638 914 litterarium
655 889 708 917 est,
723 884 848 921 Philippe
865 892 913 913 rex
933 887 1063 920 maxime,
1087 885 1161 922 quod
1178 886 1260 921 regiis
1282 885 1414 922 auspiciis
1436 885 1549 921 dignum
1570 884 1707 918 videatur,
1728 892 1781 913 una
1795 890 1843 914 est

212 925 330 954 historia
344 925 505 962 Byzantina,
518 933 580 962 qua:
605 926 790 962 magnitudine
803 926 884 954 molis
899 930 928 954 et
941 933 1034 956 rerum
1047 930 1208 966 pugnantia
1230 937 1284 959 non
1305 930 1386 963 liber,
1410 930 1458 958 sed
1478 929 1643 958 bibliotheca
1660 928 1714 957 dici
1734 933 1842 964 potest.

211 967 306 1004 Itaque
320 976 401 998 nemo
412 970 566 1003 mirabitur,
582 977 636 1002 me,
655 971 699 1005 qui
714 977 772 997 rem
790 974 893 997 tantam
908 971 1061 1005 aggredior,
1080 976 1211 1007 quantam
1226 979 1262 1000 ne
1277 972 1342 1006 ipsa
1356 972 1470 1008 quidem
1483 973 1516 999 ad
1532 971 1604 1000 hunc
1620 971 1691 999 diem
1706 975 1839 1007 typogra—

210 1011 329 1046 pborum
343 1013 490 1042 societates
501 1013 582 1049 longe
595 1013 737 1041 ditissima:
751 1019 825 1041 ausae
837 1017 910 1045 sunt,
933 1014 1043 1042 conatui
1058 1022 1150 1051 parem
1168 1015 1300 1048 quaesisse
1315 1015 1465 1050 auspieem.
1484 1015 1577 1043 Sentio
1598 1015 1739 1043 enimvero
1753 1015 1842 1050 regiae

210 1059 364 1093 maiestatis
379 1059 591 1093 celsitudinem;
604 1059 653 1088 sed
664 1063 784 1086 nontam
798 1066 841 1087 me
856 1058 901 1086 illa
912 1058 1041 1090 deterret,
1057 1066 1138 1093 quam
1147 1058 1313 1093 indulgentia
1327 1059 1422 1093 allicit,
1434 1066 1496 1094 quae
1510 1066 1624 1093 magnos
1637 1065 1714 1093 reges
1725 1065 1841 1093 semper

210 1104 344 1131 comitata
354 1107 405 1131 est.
420 1102 582 1138 Quicunque
606 1107 700 1130 autem
714 1109 765 1137 ego
781 1102 843 1136 sim,
854 1109 910 1130 non
926 1109 970 1130 me
985 1101 1104 1136 quidem,
1120 1101 1169 1129 sed
1185 1109 1313 1137 magnam
1327 1102 1398 1130 hanc
1421 1102 1586 1137 scriptorum
1600 1101 1837 1130 nobilissimorum

209 1150 348 1174 catervam
365 1150 490 1180 spectare
503 1146 602 1179 debes;
617 1153 677 1181 quas
689 1145 765 1178 olim,
783 1152 845 1173 cum
856 1145 973 1181 primum
987 1145 1118 1181 prodiret,
1134 1145 1266 1174 Ludovici
1278 1145 1381 1182 Magni,
1394 1145 1437 1173 avi
1451 1146 1500 1178 tui,
1512 1145 1639 1181 prasidio
1650 1145 1767 1173 feliciter
1776 1152 1841 1179 usa,

209 1196 284 1217 nunc
297 1196 330 1217 eo
342 1189 457 1223 sublato.
471 1189 522 1225 qui
531 1197 612 1225 supra
628 1189 821 1217 mortalitatem
839 1189 945 1224 positus
956 1188 1109 1222 videbatur,
1127 1189 1162 1216 ad
1182 1193 1320 1224 nepotem,
1334 1192 1471 1216 tantarum
1482 1189 1611 1216 virtutum
1630 1188 1780 1221 haeredem,
1789 1196 1840 1217 sua

210 1237 273 1261 vota
285 1233 428 1261 convertit.
445 1233 465 1260 A
481 1233 558 1261 Gallo
573 1240 655 1269 porro
668 1232 701 1260 ad
716 1232 867 1269 Hispanum
887 1233 986 1261 transit
1003 1234 1139 1262 fortunam
1155 1234 1364 1269 amplificatura,
1381 1240 1436 1262 non
1450 1237 1598 1260 mutatura.
1616 1233 1658 1260 Tu
1670 1232 1742 1261 enim
1758 1232 1781 1260 is
1796 1240 1840 1266 es,

209 1276 256 1311 qui
272 1276 340 1305 duas
354 1277 404 1305 bas
418 1276 623 1305 ﬂorentissima:
638 1276 763 1305 nationes
778 1276 871 1311 glorite
887 1277 1063 1306 contentione
1075 1277 1181 1313 jamdiu
1201 1282 1351 1310 certantes,
1367 1282 1405 1310 et,
1421 1277 1494 1312 quod
1510 1277 1699 1312 consequitur,
1718 1275 1844 1312 ingeniis

209 1320 360 1355 studiisque
373 1319 505 1355 dispares,
523 1320 675 1348 incredibili
696 1321 813 1355 quadam
829 1328 861 1349 ac
875 1328 960 1356 prope
978 1321 1070 1349 divina
1088 1321 1232 1357 prudentia
1247 1321 1417 1354 conciliasti;
1434 1326 1462 1348 et
1477 1321 1503 1348 in
1524 1325 1564 1348 tot
1577 1321 1716 1355 tantisque
1730 1320 1838 1355 longis-

215 1364 277 1391 simi
294 1371 326 1392 ac
343 1364 566 1400 periculosissimi
579 1363 643 1392 belli
665 1364 899 1392 vicissitudinibus
917 1364 1043 1398 effecisti,
1057 1369 1087 1392 ut
1105 1372 1155 1393 nec
1172 1364 1242 1392 Galli
1265 1365 1317 1392 nisi
1334 1364 1367 1392 de
1380 1364 1518 1400 Hispanis,
1541 1371 1591 1392 nec
1607 1363 1720 1398 Hispani
1734 1363 1787 1391 nisi
1801 1363 1842 1392 de

208 1407 294 1436 Gallis
312 1407 423 1436 solliciti
438 1412 540 1436 essent.
556 1407 633 1435 Nunc
652 1407 733 1435 rebus
745 1407 787 1435 vel
800 1407 970 1442 compositis,
987 1407 1030 1436 vel
1051 1415 1122 1443 pene
1142 1408 1314 1444 compositis,
1329 1412 1356 1436 et
1367 1408 1529 1436 immutabili
1549 1414 1615 1443 pace
1634 1407 1761 1440 ﬁrmatis,
1771 1407 1838 1442 quid

207 1455 250 1478 est
265 1451 410 1486 reliquum,
422 1451 475 1479 nisi
490 1444 520 1479 ut
533 1455 606 1478 artes
622 1457 653 1479 ac
671 1450 829 1487 disciplinas
843 1450 877 1478 ad
890 1451 1052 1486 populorum
1073 1456 1181 1480 tuorum
1199 1453 1357 1481 felicitatem
1370 1453 1550 1488 promovcas?
1568 1451 1662 1486 Begno
1681 1455 1736 1478 tam
1749 1450 1833 1486 longe

207 1495 316 1529 lateque
329 1494 392 1523 fuso
402 1502 539 1530 nunquam
550 1494 663 1522 deerunt
677 1502 743 1530 opes
755 1504 762 1521 :
775 1495 834 1528 sed,
846 1495 917 1530 quod
930 1503 997 1531 opes
1009 1496 1083 1531 ipsas
1102 1503 1199 1531 regere
1209 1501 1300 1532 potest
1311 1501 1339 1524 et
1348 1497 1382 1524 ad
1395 1495 1506 1523 humani
1521 1495 1632 1530 generis
1642 1501 1719 1522 usum
1730 1501 1837 1522 accom-

207 1538 330 1571 modare,
342 1543 445 1567 rectum
457 1539 489 1566 de
504 1538 584 1566 rebus
595 1539 723 1566 omnibus
734 1539 880 1574 judicium,
893 1546 909 1566 a
918 1539 1072 1567 litterarum
1086 1540 1186 1569 studiis
1199 1540 1335 1575 proficisci
1347 1541 1440 1573 debet,
1454 1540 1605 1567 litterarum
1622 1539 1713 1567 studia
1723 1546 1738 1566 ι
1752 1538 1836 1566 libro-

207 1589 269 1609 rum
289 1587 316 1610 et
333 1582 506 1610 librariorum
527 1582 621 1610 tutela.
644 1582 732 1611 Debes
750 1583 803 1611 hoc
820 1583 919 1611 divinae
940 1583 1132 1618 providentia,
1152 1591 1213 1620 qua:
1230 1585 1341 1612 domum
1364 1588 1438 1612 tuam
1462 1591 1544 1618 supra
1576 1583 1698 1618 reliquos
1719 1582 1835 1618 Europa

207 1626 347 1662 principes
368 1626 547 1662 pulcherrima
572 1626 649 1662 prole
664 1627 814 1660 fortunare
833 1627 939 1661 voluit;
961 1631 991 1655 ut
1005 1627 1061 1662 iam
1077 1635 1131 1656 uon
1149 1628 1232 1656 modo
1247 1628 1370 1663 Hispano
1391 1635 1475 1663 regno
1496 1628 1522 1655 in
1538 1634 1626 1655 seram
1643 1626 1833 1662 posteritatem

208 1669 356 1699 suffectura
369 1671 512 1705 videatur,
530 1671 577 1700 sed
597 1671 710 1699 aliarum
729 1679 836 1708 quoque
855 1672 1057 1708 provinciarum
1074 1679 1151 1707 spem
1171 1676 1200 1700 et
1216 1671 1448 1707 exspectationem
1467 1674 1648 1698 commoveat.
1671 1669 1731 1698 Non
1755 1674 1835 1704 potes

206 1714 312 1750 ingenti
330 1715 393 1743 huic
415 1715 463 1743 Dei
477 1719 533 1750 opt.
557 1722 630 1743 max.
649 1715 781 1744 beneﬂcio
798 1716 888 1752 aptius
907 1717 1084 1752 respondere,
1105 1723 1188 1751 quam
1208 1716 1231 1744 si
1250 1721 1277 1744 tu
1295 1723 1414 1751 quoque,
1429 1714 1558 1750 exemplo
1576 1714 1647 1750 ejus,
1668 1713 1830 1742 mortalibus

207 1757 382 1791 benefacias;
396 1758 423 1786 iu
438 1766 524 1794 eoque
540 1760 659 1788 maxime
672 1760 827 1788 benefacias
839 1780 847 1793 ,
864 1760 890 1788 in
903 1768 956 1796 quo
969 1765 1110 1796 appareat,
1125 1764 1292 1795 quantopere
1304 1759 1472 1794 privatorum
1490 1757 1619 1786 tenuitati
1644 1757 1719 1793 regia
1731 1757 1832 1792 ampli-

208 1801 277 1830 tudo
301 1802 448 1838 prmcellat.
465 1803 517 1831 Ars
531 1804 588 1831 haec
602 1807 707 1837 nostra,
723 1803 910 1839 philosophia,
927 1804 1080 1839 theologia,
1096 1804 1166 1832 sacri
1193 1804 1336 1838 civilisque
1348 1803 1419 1838 juris
1441 1803 1577 1838 totiusque
1594 1801 1735 1837 sapientia
1748 1800 1834 1829 admi-

208 1846 308 1880 nistra,
322 1846 435 1882 privatis
448 1847 545 1882 opibus
557 1851 585 1875 et
602 1847 724 1875 consiliis
737 1853 810 1876 stare
825 1849 919 1884 nequit
932 1857 940 1876 :
957 1855 1006 1876 nec
1020 1856 1084 1876 vero
1095 1855 1147 1883 ego
1163 1852 1217 1874 tam
1230 1847 1326 1882 ingens
1339 1854 1407 1881 opus
1419 1854 1528 1874 movere
1544 1853 1627 1873 ausus
1641 1852 1743 1877 essent,
1755 1844 1778 1873 si
1796 1844 1832 1872 de

205 1897 251 1918 me
266 1891 455 1919 tantummodo
470 1891 644 1927 cogitassem.
658 1891 686 1919 lu
703 1892 885 1920 humanarum
903 1900 998 1920 rerum
1007 1892 1114 1928 fastigia
1127 1891 1222 1920 oculos
1234 1896 1406 1926 mentemque
1419 1890 1525 1926 conieci
1538 1898 1546 1923 ;
1559 1895 1587 1917 et
1603 1889 1675 1925 quod
1690 1889 1717 1917 in
1731 1889 1831 1924 primis

207 1933 273 1962 mihi
290 1934 449 1970 praefulgere
463 1934 550 1963 visum
567 1939 621 1969 est,
637 1942 670 1964 eo
688 1939 821 1972 tanquam
843 1936 945 1968 sidere,
960 1936 1034 1971 quod
1055 1935 1174 1963 faustum
1194 1934 1418 1970 fortunatumque
1440 1938 1531 1966 esset,
1552 1933 1642 1961 moliri
1659 1932 1741 1968 ccepi.
1757 1931 1833 1960 Ades

207 1977 291 2013 igitur
312 1978 414 2006 homini
434 1978 476 2014 (ut
494 1983 617 2007 veterum
635 1977 817 2014 Hispanorum
838 1986 914 2008 more
930 1979 1036 2015 loquar)
1057 1980 1158 2007 devoto
1175 1978 1282 2006 numini
1302 1978 1493 2013 maiestatique
1523 1982 1595 2012 tua;
1609 1976 1830 2013 industriamque

205 2027 295 2050 meam
306 2021 333 2051 in
351 2029 383 2052 re
395 2027 450 2051 tam
462 2022 539 2061 gravi
553 2027 713 2059 occupatam
729 2023 809 2060 rcgio-
820 2023 932 2052 nomine
943 2027 1013 2059 tege,
1024 2022 1145 2058 auspicio
1158 2021 1231 2056 fore,
1242 2022 1370 2058 prasidio
1383 2026 1517 2051 sustenta.

902 2089 1128 2120 BAB'I’IIOLOMEUS
1143 2087 1324 2122 JAVARINA,
1342 2087 1539 2124 Typographus
1549 2086 1680 2116 Venetus.
