1945 3073
198 123 247 154 651

198 223 395 257 exengitarent.
413 222 480 249 Cum
495 221 632 256 supplices
645 228 756 249 orarent
771 227 797 249 et
812 230 874 250 eum
907 223 986 250 obte-

198 273 348 300 starentur,
370 271 398 294 ut
414 267 502 302 palam
521 267 635 299 faceret,
663 275 732 302 quos
751 268 831 295 vellet
857 277 863 295 :
889 269 986 296 iterum

195 321 257 340 cum
276 313 318 340 his
333 320 459 340 sermone
473 314 665 348 congrediens,
684 315 803 348 ipsorum
820 315 891 350 regis
903 315 986 342 lilium

194 359 273 393 petit,
289 366 370 393 quem
385 360 521 394 captivum
537 360 564 386 in
577 367 624 387 sua
642 365 776 395 potestate
793 361 918 392 habebat,
936 361 986 388 [in—

193 412 260 440 gens
277 410 403 440 tauquam
427 413 482 433 non
512 406 635 434 haberet.
648 407 690 434 Ad
720 414 780 441 qua:
802 407 985 434 Barbarornm

195 458 243 478 rex
258 456 284 478 et
297 450 419 483 Barbari,
433 452 465 479 ad
482 452 564 486 pedes
575 453 708 487 jaceutcs.
721 453 784 480 ﬂetu
803 453 877 488 largo
890 458 917 480 et
935 454 987 488 16

193 497 296 532 eiulatu
312 498 364 530 usi,
379 497 504 532 precibus
519 499 728 532 contenderunt,
744 506 778 526 ne
799 499 864 533 quid
896 499 983 532 impe-

197 549 281 576 raret,
307 545 377 578 quod
399 551 529 578 praesmre
549 545 706 579 nequirent.
717 544 773 572 Nec
786 545 898 572 cuimse
908 553 985 580 posse

194 598 252 622 eos,
267 591 313 625 qui
332 591 487 626 periissem,
509 591 628 618 invitam
649 597 828 623 revocare,et
852 599 909 624 eos,
939 593 984 626 qui

194 636 294 662 mortui
314 640 416 668 essent,
434 635 542 663 obsides
556 637 631 663 dare.
649 636 762 663 Siluntio
779 635 860 668 facto,
883 636 985 663 Barba-

194 689 286 708 rorum
302 689 346 708 rex
366 689 431 709 voce
446 689 524 716 quam
542 683 659 709 maxima
679 683 766 716 potuit
792 682 958 709 exclamavit
974 690 982 709 :

195 735 204 752 ι
225 725 332 754 Utinam
348 727 450 754 viveret
468 728 539 754 ﬁlius
550 734 637 759 meus,
648 733 677 754 ut
691 727 738 754 tibi
755 727 871 754 traditus
887 727 980 759 obses,

192 779 208 799 0
227 772 332 806 Cazsar,
356 772 504 800 feliciorem
519 780 601 808 regno
615 780 675 800 meo
690 773 758 806 apud
777 777 803 800 te
822 773 981 800 servitutem

192 819 316 846 serviret.
334 819 387 846 Sed
407 820 460 846 tuis
473 819 558 846 armis
577 819 687 851 cecidit,
701 819 824 853 fortasse
853 819 936 847 etiam
965 827 980 846 a

191 864 268 892 vobis
286 873 337 891 non
349 865 483 899 cognitus.
500 864 565 891 Belli
587 865 659 891 enim
675 864 805 899 periculis
821 872 899 892 suum
916 871 979 892 eor-

190 918 240 945 pus
265 911 371 946 juvenis
394 911 503 946 objecit,
535 918 614 946 quem
635 911 761 938 idoneum
787 911 862 946 pacis
883 911 979 939 vadem

189 964 285 983 censes
299 961 326 983 et
342 961 368 983 tu
385 964 456 982 nunc
468 963 542 988 eum,
553 964 568 983 ο
583 957 740 990 imperator,
752 961 881 994 taqquam
896 957 977 989 vivat,

188 1001 324 1035 exposcis.
346 1000 402 1035 Ego
414 1007 478 1027 vero
497 1001 578 1027 miser
607 1008 678 1028 nunc
695 1001 813 1035 primum
835 1001 978 1029 lamentari

189 1047 300 1081 incipio,
317 1045 535 1081 quandoquidem
546 1046 654 1080 qualem
675 1053 728 1072 non
755 1046 880 1078 habeant,
908 1054 979 1074 nunc

189 1089 556 1124 demmniutclligo.'Filium
579 1090 651 1116 cuitu
677 1091 787 1118 unicum
813 1091 918 1126 lugens,
952 1095 979 1118 et

189 1145 283 1171 pacem
299 1143 471 1163 communem
488 1143 541 1162 una
562 1143 625 1162 cum
638 1135 692 1162 lilio
709 1136 826 1170 perdidi.
846 1137 875 1162 Si
903 1144 978 1163 ineas

189 1183 313 1209 miserias
329 1186 416 1208 tantas
429 1188 500 1213 esse,
531 1185 638 1214 quantae
663 1186 735 1214 sunt,
759 1181 918 1214 credideris,
951 1181 977 1208 id

184 1227 387 1255 consolationis
400 1227 507 1254 habebit
528 1227 617 1259 dolor,
632 1227 703 1261 quod
713 1234 762 1261 pro
785 1227 907 1254 omnium
937 1235 977 1255 sa-

183 1275 246 1302 vlute
262 1275 334 1301 hune
348 1281 439 1300 casum
456 1272 586 1300 subierim
601 1281 608 1299 :
623 1273 664 1300 sin
680 1273 761 1301 (idem
777 1273 930 1308 abrogatis,
949 1278 977 1301 et

187 1325 265 1354 pater
277 1319 382 1351 infelix,
400 1323 427 1346 et
457 1326 504 1346 rex
518 1318 682 1353 eonspiciar.
713 1318 782 1346 Nam
810 1327 864 1346 non
887 1320 974 1346 solum

185 1365 248 1393 aliis
268 1374 328 1393 mea
347 1365 415 1392 mala
439 1365 704 1392 commiserationem
729 1372 783 1393 non
816 1365 973 1396 movebunt,

186 1419 247 1446 qua:
272 1411 399 1439 omnibus
411 1410 524 1438 debetur
539 1409 670 1444 ejusmodi
693 1410 833 1438 doloribus
848 1409 974 1444 atllietis;

187 1456 235 1483 sed
263 1456 392 1483 accedent
422 1456 504 1483 etiam
531 1455 646 1489 publieae
671 1454 860 1481 calamitates:
886 1462 975 1489 neque

185 1505 298 1529 caeteros
317 1509 332 1528 a
360 1501 479 1528 miseriis
506 1500 660 1532 defendant,
693 1500 740 1527 sed
767 1501 974 1528 communicabo

187 1554 261 1574 meas
273 1555 335 1574 cum
361 1546 462 1579 nntltis,
482 1546 508 1572 iu
535 1546 586 1573 hoc
605 1549 712 1573 tantum
738 1545 811 1580 regia
844 1550 975 1580 potestate

186 1593 279 1620 fruens
290 1593 360 1628 quod
377 1592 441 1619 mihi
453 1593 501 1620 soli
515 1600 568 1619 non
581 1592 644 1619 licet
656 1591 790 1618 infelicem
807 1599 876 1620 esse.
891 1601 900 1617 ›
912 1592 976 1620 Haec

187 1640 231 1667 ubi
249 1640 401 1674 imperator
412 1639 527 1672 audivit,
542 1639 612 1673 apud
634 1639 754 1666 animum
772 1647 850 1666 suum
868 1647 975 1667 summo

187 1692 303 1713 maerore
315 1691 356 1712 est
366 1684 524 1718 aﬂ'ectus,et
534 1693 638 1717 eorum,
652 1692 711 1719 qua!
723 1685 793 1712 dicta
805 1691 893 1716 erant,
903 1693 976 1712 com-

186 1731 361 1759 miseratione
385 1736 500 1765 punctus
514 1736 606 1758 tenere
628 1731 816 1766 illacrymavit.
832 1731 864 1757 Et
881 1739 975 1766 quem-

148 1807 150 1811 ,
184 1778 329 1805 admodum
362 1778 388 1804 in
417 1777 571 1810 comoediis,
600 1778 707 1812 quando
733 1784 775 1804 res
793 1777 922 1804 involuta:
948 1781 976 1804 et

185 1822 330 1856 perplexae,
353 1822 386 1849 ad
407 1822 532 1856 ambigua
547 1826 575 1848 et
602 1821 738 1856 explicatu
767 1821 890 1848 diﬁieilia
912 1828 974 1849 ver-

183 1873 263 1903 gunt,
286 1867 353 1895 deus
367 1868 411 1902 qui
427 1871 538 1895 vocatur
548 1875 580 1894 ex
603 1867 728 1894 machina
746 1867 772 1894 in
787 1868 904 1895 medium
921 1872 975 1895 trao

184 1915 270 1947 hitur,
286 1915 330 1948 qui
353 1914 446 1941 omnia
464 1914 606 1949 componit
616 1918 643 1940 et
661 1912 750 1940 tristia
764 1913 834 1941 laetis
862 1918 949 1940 mutat
965 1923 972 1941 ι

184 1962 221 1987 ita
236 1961 371 1993 Julianus,
392 1961 436 1988 ubi
466 1961 552 1988 resin
570 1967 666 1995 magna
693 1958 851 1988 dillicult'ate
877 1968 972 1988 versa-

182 2008 294 2039 bantur,
326 2014 387 2034 cum
416 2014 509 2034 omnes
543 2014 604 2034 cum
630 2006 693 2033 ﬂetu
714 2014 806 2041 pacem
837 2011 972 2041 peterent,

182 2060 272 2087 neque
284 2052 417 2085 obsidem,
434 2059 512 2087 quem
531 2057 646 2086 peteret,
665 2059 695 2079 se
715 2052 818 2080 habere
832 2057 970 2079 testaren-

184 2103 227 2124 tur
240 2118 247 2130 ,
264 2098 290 2124 in
315 2098 433 2125 medium
457 2097 657 2125 adolescentem
676 2096 824 2125 adductum
848 2097 970 2124 omnitun

183 2144 341 2178 conspectui
369 2149 449 2178 atque
465 2143 551 2171 oeulis
576 2143 702 2178 subjecit,
736 2143 809 2178 regie
841 2143 912 2178 apud
943 2150 972 2170 se

678 121 876 151 EXCERPTA
897 122 947 151 EX
968 122 1135 154 EUNAPIO
1155 125 1349 158 SARDIANO

197 186 242 206 res
252 177 398 212 postulare,
413 177 463 203 nisi
487 177 550 210 quid
574 177 626 203 doli
654 177 681 204 in
705 185 771 211 pace
796 178 983 205 convenientia
999 182 1021 210 Α
1037 179 1129 207 λαϐεῖν
1147 190 1154 197 ι

1778 135 1838 166 652

1189 183 1248 209 νυνὶ
1261 183 1290 210 δὲ
1304 183 1395 219 ζητεῖν
1412 185 1477 220 παρ’
1493 185 1585 213 αὐτῶν
1601 187 1664 220 τοὺς
1688 188 1835 224 ἀρίστους,

1038 228 1061 252 εἰ
1079 228 1116 262 μὴ
1131 229 1289 262 τεχνάζουσι
1303 231 1366 265 περὶ
1377 230 1427 265 τὴν
1438 232 1562 268 εἰρήνην,
1574 232 1634 260 Τῶν
1651 235 1679 261 δὲ
1694 236 1836 263 ἱκετευόν-

1037 280 1091 298 των
1117 273 1162 299 καὶ
1178 273 1326 306 ἀξιούντων
1353 277 1441 302 alitst
1456 276 1502 309 οὓς
1514 277 1650 312 βούλεται,
1668 282 1835 314 μεταλαϐὼν

1036 316 1115 351 αὖθις
1128 319 1173 346 τὸν
1188 320 1234 346 τοῦ
1247 320 1378 355 βασιλέως
1394 323 1483 349 αὐτῶν
1501 325 1618 352 αἰτεῖται
1635 328 1728 359 παῖδα,
1745 329 1835 355 πλατ-

1036 365 1158 400 τόμενος,
1192 366 1221 393 ὃν
1248 366 1321 403 εἶχεν
1339 369 1525 403 αἰχμάλωτον,
1542 371 1638 407 ὥσπερ
1671 374 1721 399 οὐκ
1748 374 1831 408 ἔχων.

1042 411 1175 439 Ἐνταῦθα
1189 413 1202 439 ὅ
1213 422 1242 439 τε
1256 414 1383 448 βασιλεὺς
1400 415 1490 442 αὐτῶν
1507 417 1554 442 καὶ
1566 418 1590 443 οἱ
1605 417 1742 453 Βάρῦαροι
1758 428 1833 454 πρη-

1037 457 1094 487 νεῖς
1110 457 1283 491 ἐκταθέντες,
1311 460 1418 494 οἰμωγῇ
1438 469 1466 486 τε
1485 461 1594 495 ἀφθόνῳ
1615 463 1662 489 καὶ
1681 463 1831 499 ὀλοφύρσει

1037 503 1267 539 προσεκέχρηντο,
1302 505 1427 540 δεόμενοι
1460 507 1545 542 μηδὲν
1572 508 1702 535 ἀδύνατον
1716 511 1830 537 ἐπιτάτ-

1035 549 1128 576 τεσθαι
1139 558 1146 565 ⁶
1166 551 1297 578 ἀδύνατον
1309 552 1338 578 δὲ
1358 553 1450 584 αὐτοῖς
1466 551 1536 580 εἶναι
1552 555 1599 582 καὶ
1612 556 1675 587 τοὺς
1693 558 1830 589 πεσόντας

1035 595 1186 630 ἀναστῆσαι
1203 597 1250 623 καὶ
1263 597 1384 632 ὁμήρους
1403 599 1492 626 δοῦναι
1513 600 1576 631 τοὺς
1587 601 1827 636 τετελευτηκότας.

1035 641 1186 677 Γενομένης
1200 643 1228 669 δὲ
1250 644 1367 679 σιωπῆς,
1392 645 1407 670 ὁ
1434 645 1488 671 τῶν
1521 646 1671 681 Βαρϐάρων
1699 648 1828 682 βασιλεὺς

1035 687 1192 723 ἀναϐοήσας
1220 689 1348 724 μέγιστον
1374 691 1446 723 ὅσον,
1469 701 1478 717 ι
1498 692 1561 718 Εἴθε
1594 693 1641 727 ἔζη
1661 702 1717 727 μοι,
1732 694 1796 729 ἔφη,
1811 695 1827 721 6

1034 735 1110 766 παῖς,
1137 734 1182 761 ἴνα
1197 743 1238 761 σοι
1250 735 1337 767 ὂοοεὶς
1362 737 1476 772 ὅμηρος,
1503 735 1525 764 ὦ
1555 739 1674 774 Καῖσαρ,
1698 739 1825 768 δουλείαν

1034 778 1146 815 ηὐτύχει
1164 780 1214 815 τῆς
1227 781 1296 816 ἐμῆς
1309 781 1448 816 βασιλείας
1475 782 1732 821 εὐδαιμονεστέραν.
1749 786 1823 812 Ἀλλ’

1033 825 1085 851 ὑπὸ
1100 825 1146 852 σοῦ
1160 826 1302 862 τέθνηκεν,
1319 828 1459 863 ἀτυχήσας
1475 829 1540 860 ἴσως
1563 830 1609 856 καὶ
1626 830 1655 856 τὸ
1682 831 1822 866 ἀγνοηθῆ-

1033 879 1084 897 ναι.
1104 871 1218 906 Πολέμῳ
1237 871 1291 907 γὰρ
1307 873 1452 899 ἐπίστευσε
1467 874 1497 900 τὸ
1528 874 1607 909 σῶμα
1637 876 1694 907 νέος
1726 876 1774 908 ὢν,
1791 877 1822 903 ὂν

1033 917 1065 943 σὺ
1084 918 1165 951 μόνον
1187 917 1311 949 ἀντάξιον
1324 918 1437 953 εἰρήνης
1452 919 1663 954 ὑπολαμϐάνεις.
1692 922 1746 948 Καὶ
1760 922 1819 953 νῦν.

1031 959 1054 989 ὦ
1072 963 1193 997 βασιλεῦ,
1223 964 1255 990 σὺ
1277 964 1328 998 μὲν
1343 964 1458 996 ἐξαιτεῖς
1472 965 1510 997 ὡς
1533 966 1608 998 ὄντα,
1637 967 1693 1000 ἐγὼ
1717 967 1739 993 δ’
1767 968 1820 1003 ἆρ-

1032 1017 1116 1043 χομαι
1141 1008 1261 1044 Ορηνεῖν,
1283 1010 1403 1043 συνορῶν
1422 1011 1483 1039 τίνα
1497 1011 1547 1038 οὐκ
1560 1012 1626 1048 ἔχω.
1648 1014 1734 1040 Παῖδσ.
1763 1015 1820 1049 γὰρ

1030 1053 1192 1088 ὀδυρόμενος
1204 1055 1261 1086 ἕνα,
1282 1055 1330 1086 καὶ
1345 1055 1436 1091 κοινὴν
1463 1057 1574 1092 εἰρήνην
1601 1059 1639 1092 τῷ
1651 1059 1728 1085 παιδὶ
1755 1068 1819 1086 συν-

1031 1098 1199 1127 απολώλεκα.
1221 1100 1284 1127 Κᾶν
1301 1101 1350 1135 μὲν
1368 1101 1517 1137 πιστεύσῃς
1548 1104 1603 1134 τοῖς
1618 1104 1694 1138 ἐμοῖς
1715 1105 1818 1140 dtuli}-

1031 1152 1108 1180 μασι,
1138 1146 1316 1181 παραμυθίαν
1353 1146 1409 1182 ἔχει
1441 1156 1486 1182 μοι
1511 1148 1541 1175 τὸ
1568 1149 1653 1181 πάθος
1681 1150 1718 1182 ὡς
1746 1151 1818 1186 ὑπὲρ

1028 1190 1157 1218 ἁπάντων
1171 1191 1319 1225 ἠτυχηκότι
1335 1200 1343 1208 ·
1360 1192 1393 1218 ἂν
1417 1192 1445 1218 δὲ
1460 1193 1626 1229 ἀπιστήσῃς,
1645 1195 1692 1221 καὶ
1723 1196 1817 1230 πατὴρ

1028 1235 1132 1270 ἀτυχὴς
1155 1236 1202 1262 καὶ
1215 1235 1343 1270 βασιλεὺς
1368 1237 1533 1273 ὀφθήσομαι.
1563 1239 1625 1271 Τοῖς
1655 1240 1708 1275 γὰρ
1739 1242 1818 1275 ὲμοῖς

1027 1280 1122 1310 κακοῖς
1147 1279 1199 1306 οὐκ
1216 1280 1395 1316 ἀκολουθήσει
1414 1282 1462 1316 μὲν
1498 1284 1512 1309 ὁ
1550 1283 1626 1318 παρὰ
1647 1284 1701 1310 τῶν
1728 1285 1818 1312 ἄλλων

1028 1324 1112 1356 ἔλεος,
1135 1325 1222 1360 ὅσπερ
1247 1325 1349 1352 ἅπασιν
1365 1327 1500 1360 ὀφείλεται
1516 1330 1571 1359 τοῖς
1602 1330 1632 1356 ὲν
1657 1330 1762 1362 τούτοις
1790 1331 1815 1347 ⁸⁷

1027 1370 1220 1405 καθεστηκόσι,
1244 1372 1453 1406 προσκείσονται
1469 1374 1496 1399 δὲ
1512 1375 1540 1400 αῑ
1557 1376 1644 1401 κοιναὶ
1663 1377 1814 1410 συμφοραί.

1028 1415 1081 1442 Καὶ
1098 1415 1129 1442 οὐ
1148 1417 1355 1452 παραιτήσομαι
1380 1418 1442 1450 τοὺς
1458 1419 1554 1451 ἄλλους
1568 1420 1686 1456 ἀτυχιῶν
1697 1422 1730 1453 ⁸⁸,
1747 1423 1816 1449 ἀλλὰ

1027 1461 1166 1486 κοινωνεῖν
1185 1460 1246 1495 ἐμοὶ
1261 1461 1315 1487 τῶν
1330 1461 1424 1488 δεινῶν
1447 1462 1597 1496 ἀναγκάσω
1631 1465 1666 1498 ⁵¹,
1688 1466 1815 1493 τοσοῦτον

1027 1507 1171 1533 ἀπολαύων
1195 1507 1245 1541 τῆς
1281 1507 1422 1543 βασιλικῆς
1448 1508 1574 1542 ἐξουσίας
1609 1511 1671 1538 ὅσον
1704 1514 1814 1548 ἀτυχεῖν

1029 1551 1108 1586 μόνος
1125 1553 1162 1587 μὴ
1181 1552 1456 1580 δύνασθαιΛΤούτων
1472 1555 1579 1583 ἀκούων
1590 1557 1603 1583 ὁ
1619 1557 1746 1593 βασιλεὺς
1761 1560 1812 1595 τήν

1026 1604 1056 1622 τε
1068 1596 1156 1632 ψυχὴν
1169 1597 1266 1630 ἔπαθε,
1287 1599 1333 1625 καὶ
1362 1601 1419 1632 τοῖς
1449 1601 1608 1637 λεγομένοις
1632 1605 1758 1637 eamea);
1787 1607 1810 1622 '°

1026 1642 1202 1678 ἐξεδάκρυσε.
1221 1645 1276 1670 Καὶ
1291 1645 1418 1681 καθάπερ
1445 1648 1473 1673 ἐν
1497 1649 1554 1679 τοῖς
1585 1649 1732 1685 δράμασιν,
1750 1653 1814 1679 ὅταν

1025 1688 1065 1719 εἰς
1080 1687 1182 1723 ἄπορον
1196 1690 1243 1715 καὶ
1254 1689 1383 1718 δύσλυτον
1394 1692 1422 1718 αἱ
1437 1693 1490 1718 τῶν
1511 1694 1701 1729 ὑποκειμένων
1722 1697 1813 1732 ἔργων

1025 1733 1124 1780 πλοκαὶ
1147 1735 1356 1771 τελευτήσωσιν,
1371 1739 1385 1764 ὁ
1409 1739 1577 1774 καλούμενος
1602 1743 1657 1769 ἀπὸ
1686 1732 1814 1780 μηχανῆς

1026 1779 1085 1811 θεὸς
1101 1781 1249 1813 ὲπεισόδιος
1265 1783 1306 1814 εἰς
1333 1783 1415 1817 μέσον
1430 1785 1546 1819 ἕλκεται,
1559 1788 1646 1814 πάντα
1661 1792 1815 1825 συμπεραί-

1025 1832 1077 1851 νων
1093 1825 1140 1871 κα)
1160 1829 1360 1862 καταστρέφων
1374 1829 1420 1856 ἐπὶ
1435 1831 1464 1857 τδ
1476 1831 1640 1866 σαφέστερον
1654 1834 1701 1861 καὶ
1717 1834 1813 1871 εὔκρι-

1023 1877 1070 1896 τον
1089 1877 1095 1884 ·
1109 1869 1179 1896 οὕτω
1195 1871 1242 1897 καὶ
1256 1871 1337 1904 αὐτὸς
1363 1873 1409 1900 ἐπὶ
1424 1874 1582 1910 πράγμασιν
1597 1877 1748 1912 ἀμηχάνοις
1763 1869 1813 1906 καὶ

1021 1915 1183 1950 δυσεξόδοις,
1200 1918 1260 1952 μετ’
1276 1919 1400 1954 οἰμωγῆς
1415 1921 1543 1949 ἁπάντων
1562 1923 1584 1939 ⁸¹
1601 1927 1650 1959 τὴν
1668 1925 1717 1960 μὲν
1734 1927 1813 1963 εἰρή-

1023 1969 1074 1996 νην
1103 1962 1262 1997 αἰτούντων,
1285 1965 1331 1992 τὸν
1344 1965 1374 1992 δὲ
1404 1966 1619 2003 ἐπιζητούμενον
1635 1971 1739 2006 ὅμηρον
1757 1962 1811 1999 ἁπ-

1028 2009 1216 2042 αγορευόντων
1228 2009 1265 2044 μὴ
1284 2010 1368 2045 ἔχειν,
1385 2012 1430 2039 τόν
1441 2021 1469 2039 τε
1485 2015 1625 2041 νεανξσκον
1642 2018 1813 2052 παραγαγὼν

1024 2052 1126 2080 ἅπασιν
1141 2054 1224 2086 ἔδειξε
1241 2054 1388 2090 βασιλικῶς
1420 2059 1485 2093 παρ’
1509 2059 1594 2086 αὑτοῦ
1620 2061 1811 2096 διαιτώμενον,

1024 2098 1071 2124 καὶ
1090 2098 1263 2135 διαλεχθῆναι
1277 2100 1316 2135 τῷ
1336 2102 1418 2136 πατρὶ
1441 2103 1572 2136 κελεύσας
1596 2105 1647 2132 ὅσα
1673 2106 1811 2138 ισούλετο.

1024 2145 1204 2180 περιεσκόπει
1228 2145 1258 2172 τὸ
1274 2147 1510 2183 πραχθησόμινον.
1546 2150 1586 2177 Τὰ
1597 2150 1625 2176 δὲ
1645 2152 1691 2178 ἐπὶ
1705 2152 1813 2184 τούτοις

182 2190 338 2216 educatum.
354 2189 477 2224 Cumque
490 2197 552 2216 eum
563 2190 697 2218 disserere
716 2197 776 2216 cum
807 2194 885 2224 patre
910 2196 970 2223 quze

1028 2187 1054 2225 ἣν
1072 2191 1135 2223 ἄξια
1151 2191 1263 2219 τούτων.
1280 2193 1337 2219 Οὐκ
1356 2193 1449 2221 ἔτεκεν
1470 2195 1483 2220 6
1498 2195 1573 2230 ἥλιος
1589 2197 1719 2232 τοιαύτην
1741 2199 1812 2233 ἡμέκ

182 2232 432 2266 volebatjussisset,
444 2233 477 2260 ad
499 2239 539 2266 ea,
555 2241 614 2267 quae
631 2234 758 2267 deinceps
777 2233 880 2266 agenda
895 2237 972 2259 erant

181 2279 310 2306 advertit.
335 2279 400 2313 Qua:
413 2283 477 2306 sunt
491 2284 647 2312 consecuta,
665 2280 707 2306 his
722 2284 903 2306 consentanea
915 2278 973 2306 fue-

183 2331 257 2352 runt.
271 2324 329 2351 Non
346 2326 458 2360 protulit
472 2326 511 2353 sol
537 2326 606 2353 diem
627 2325 715 2360 qualis
737 2324 781 2351 illa
803 2324 864 2357 l'uit,
891 2332 971 2358 quam

183 2378 248 2399 tunc
263 2372 354 2400 videre
371 2377 398 2399 et
412 2372 511 2400 intueri
530 2372 583 2404 his,
602 2371 647 2406 qui
665 2372 789 2404 aderant,
805 2369 893 2398 licuit.
909 2369 972 2397 Bar-

182 2418 240 2445 bari
256 2418 328 2445 enim
344 2426 359 2445 a
370 2425 486 2445 maerore
511 2422 538 2444 et
553 2416 676 2444 lamentis
691 2421 801 2451 stupore
812 2420 840 2443 et
853 2416 971 2443 admira-

184 2465 257 2492 tione
274 2465 394 2499 correpti
413 2464 567 2492 immobiles
580 2470 608 2490 et
628 2463 672 2491 (lxi
688 2467 833 2496 steterunt,
841 2467 969 2496 tanquam

180 2509 306 2537 Julianus
334 2510 387 2538 illis
409 2510 579 2537 exhibuisset
607 2516 659 2536 non
683 2506 894 2541 adolescentem,
923 2509 969 2534 sed

182 2556 278 2584 falsam
302 2557 447 2592 imaginem
460 2555 649 2584 adolescentis.
674 2555 709 2582 At
738 2555 895 2589 imperator,
923 2555 966 2582 ubi

182 2599 318 2626 silentium
330 2601 421 2633 altius,
436 2607 516 2635 quam
530 2600 556 2626 in
569 2599 705 2634 mysteriis
729 2599 848 2631 solitum,
867 2599 968 2626 factum

183 2648 253 2678 erat,
268 2646 388 2680 graviter
402 2646 429 2673 iu
447 2646 537 2674 medio
560 2645 694 2680 loquens:
714 2643 766 2679 17
785 2653 794 2669 ι
811 2643 886 2671 llune
904 2645 966 2679 qui-

1025 2242 1085 2269 ραν,
1103 2235 1161 2262 οἵαν
1177 2236 1238 2263 τότε
1256 2237 1320 2271 ἐξῆν
1338 2239 1395 2270 τοῖς
1424 2239 1559 2274 παροῦσιν
1581 2242 1647 2277 ὁρᾷν
1672 2243 1719 2269 καὶ
1736 2244 1809 2270 ἱστο-

1024 2281 1092 2315 ρεῖν.
1113 2281 1145 2307 Οἱ
1162 2281 1211 2316 μὲν
1223 2283 1277 2316 γὰρ
1294 2283 1348 2309 ἀπὸ
1360 2284 1474 2318 Θορύῦου
1496 2287 1542 2312 καὶ
1559 2286 1664 2322 θρήνων
1679 2289 1811 2324 ἐκπλήξει

1025 2325 1072 2351 καὶ
1088 2325 1187 2361 Θάμσει
1203 2327 1374 2360 συνδεθέντες
1390 2331 1419 2361 ἐς
1447 2331 1477 2356 τὸ
1497 2331 1626 2366 ἀκίνητον
1654 2334 1809 2368 ἐπάγησαν,

1022 2370 1119 2407 ὥσπερ
1141 2371 1285 2399 Ἰουλιανοῦ
1301 2373 1437 2406 δείξαντος
1458 2375 1479 2391 ⁶²
1503 2377 1596 2408 αὐτοῖς
1614 2377 1645 2404 οὐ
1670 2378 1715 2404 τὸν
1746 2387 1810 2405 νεα-

1024 2417 1126 2450 νισκον,
1143 2418 1200 2445 ἀλλ’
1218 2419 1338 2446 εἴδωλον.
1373 2420 1401 2446 '0
1414 2420 1443 2446 δὲ
1459 2421 1597 2455 βασιλεὺς,
1621 2423 1683 2449 ἐπεὶ
1708 2424 1810 2458 ἡσυχία

1024 2463 1183 2497 μυστηρίων
1208 2464 1336 2490 ἁπάντων
1370 2465 1479 2499 ἐγένετο
1512 2467 1715 2502 σταθερωτέρα,
1739 2469 1810 2505 βαρὺ

1021 2507 1210 2542 φθεγξάμενος
1225 2511 1265 2541 εἰς
1281 2510 1374 2544 μέσον,
1393 2520 1403 2536 t
1418 2511 1528 2543 Τοῦτον,
1543 2511 1631 2545 εἶπεν,
1649 2515 1662 2540 ὁ
1678 2514 1728 2548 μὲν
1744 2516 1812 2549 ὑμέ-

1020 2562 1110 2588 τερος,
1126 2555 1163 2586 ὼς
1180 2556 1259 2590 ὑμεῖς
1273 2556 1490 2592 ὑπολαμϐάνετε,
1508 2559 1625 2594 πόλεμος
1641 2560 1810 2594 ἀπολώλεκε,

1021 2601 1085 2633 Θεὸς
1096 2602 1124 2628 δὲ
1147 2602 1212 2634 ἴσως
1238 2603 1285 2629 καὶ
1315 2604 1346 2630 τὸ
1373 2605 1516 2639 Ῥωμαίων
1545 2606 1648 2632 σέσωκε
1670 2607 1692 2622 ⁸³
1713 2608 1810 2641 φιλάν-

1020 2646 1139 2681 θρωπον.
1157 2648 1230 2680 "Etim
1245 2649 1273 2675 δὲ
1286 2649 1367 2676 αὑτὸν
1389 2650 1505 2686 ὅμηρον,
1525 2653 1555 2678 οὐ
1573 2652 1639 2688 παρ’
1656 2652 1735 2687 ὑμῶν
1748 2653 1810 2680 καθ’

837 2697 955 2726 νΑΙίΙΑΞ
973 2699 1175 2729 LECTIUNES.

215 2761 238 2796 ετ
254 2760 385 2792 τοιούτοις
400 2761 472 2795 σοιη,
485 2760 518 2787 Ν,
555 2758 653 2796 "ego;
665 2757 760 2796 ἄλλους
774 2757 893 2796 ἀτυχιῷν
968 2759 1024 2790 τοῖς
1037 2758 1128 2796 ειλλοις
1139 2760 1248 2795 ἀτυχῶν
1265 2761 1337 2796 vulg.

181 2795 255 2834 vnlg.
292 2795 314 2810 ⁶⁰
331 2792 459 2834 aeneam;
471 2794 606 2834 Cantocl.,
622 2792 737 2834 ἀπαθῶς
753 2792 824 2834 ὶίιξῧ-
901 2792 1238 2834 ἁπάντωνὶΒοξξξοηιιόιιε,
1257 2792 1385 2825 ἀπαντῶν
1400 2799 1473 2834 vulg.

1389 2762 1412 2778 ”
1425 2763 1573 2799 ἀναγκάσω
1592 2765 1637 2796 Ν.,
1652 2766 1809 2799 ἀναγκάσαι

1519 2800 1542 2816 ⁸⁸
1558 2800 1695 2834 δείξαντος
1728 2803 1809 2828 (Lom-

182 2831 309 2862 ntelinus,
331 2831 473 2866 ’δείξαντος
489 2830 564 2861 cud.,
580 2827 738 2862 πορίζοντος
754 2827 826 2861 vulg.
866 2827 887 2843 ⁸⁸
902 2828 1004 2855 σέσωκε
1020 2828 1062 2862 B.,
1078 2828 1177 2856 δέδωκε
1190 2831 1263 2867 vulg.
