1945 3073
194 148 259 179 -Οἷ-ἷ)

679 144 877 174 EXCEllPTA
902 145 949 174 EX
971 143 1139 174 EUNAPIO
1160 144 1350 174 SARDIANO

1778 147 1835 179 Εὗὸ

242 202 323 236 4,(λ.
342 201 372 226 C.
389 200 451 231 5M,
471 199 525 226 ind.
545 199 559 224 Ἰ
579 197 681 225 Valent.
697 199 716 225 I.
743 198 765 233 1)
789 199 990 225 Valentinianus

1078 197 1108 224 δ’.
1130 197 1190 224 Ὀτι
1212 198 1415 225 Βαλεντινιανοῦ
1429 198 1579 234 ἁνάῤῥησις
1599 200 1628 226 ἐν
1656 200 1759 237 Nimia.
1782 203 1836 236 τῆς

207 248 274 282 apud
297 247 411 272 Nirzcam
429 245 562 280 Bithynia:
588 245 734 279 imperator
753 250 795 271 est
814 244 964 278 appellatus
983 254 988 271 :

197 292 368 319 ~illucntultze
387 291 536 324 legationes
567 291 745 321 adveni-runt,
773 298 832 324 qnm
878 298 993 317 coronas

204 345 301 366 aureas
321 337 353 364 ad
375 337 464 372 ipsum
482 337 642 364 offerebant.
665 337 691 363 ln
707 337 748 363 his
761 337 920 370 recipiendis
943 337 993 362 Ini-

205 385 278 412 nime
294 391 324 411 se
347 387 542 418 prmpostcrum
563 388 608 409 aut
622 383 792 409 festinantem
804 383 934 414 exhibuit,
946 383 992 409 sed

205 429 333 457 omnibus
352 429 552 464 quamprimum
567 435 596 455 se
617 427 820 455 satisfacturum
846 435 907 454 esse
929 435 991 462 pro-

207 475 291 502 misit.

242 521 268 548 5.
283 519 440 556 (A.C.566,
454 520 510 547 ind.
525 519 550 552 9,
566 518 670 546 Valent.
687 524 713 546 et
731 519 788 546 Val.
801 518 821 545 Ι.
832 519 870 552 5).
888 518 990 545 Valenti

206 575 267 594 cum
293 567 377 594 otium
407 571 498 600 ageret
521 566 554 592 ab
572 565 692 592 externis
706 569 733 591 et
759 564 914 592 domesticis
932 565 992 598 ,brl-

206 613 249 644 lis,
268 612 419 639 nuntiatum
435 616 486 645 est,
503 611 646 638 collectum
664 609 825 644 Scytharum
842 610 990 636 exercitum

207 665 290 692 prope
301 657 355 693 jam
369 657 472 683 adesse.
487 655 518 682 lli
529 663 593 683 vero
607 659 696 686 erant,
709 663 777 689 quos
790 655 940 689 Procopius
964 654 990 681 in

207 710 286 729 sttum
317 702 447 728 auxilium
474 709 487 727 a
505 701 665 736 Scytharum
692 707 755 734 rege
785 699 988 733 impetraverat.

207 748 263 774 llos
274 742 382 774 aiebant
392 753 490 781 magno
506 754 566 772 cum
585 746 656 772 fastu
677 750 704 772 et
732 745 887 779 arrogantia
916 745 988 771 ince-

206 794 272 821 dere
281 798 308 820 et
320 793 409 819 omnia
431 799 490 826 ane
509 799 538 819 se
557 799 650 818 eorum
660 790 815 825 conspectui
831 789 992 817 obtulissent

205 839 497 873 despicere,propterea
505 838 575 871 quod
582 837 709 871 quidquid
717 836 821 871 injuria:
828 835 991 868 inferebant,

1046 244 1170 276 Βιθυνίας
1194 244 1310 278 γίνεται,
1325 245 1519 280 πρεσϐεῖαίτε,
1547 247 1608 273 ὅσαι
1634 249 1835 283 συνεπεφςιτή-

1045 299 1127 317 κεσαν
1146 290 1194 316 ἐπὶ
1210 291 1304 317 τοῦτον
1319 291 1382 322 τοὺς
1402 292 1518 326 χρυσοῦς
1533 291 1645 326 ἔχουσαι
1668 294 1833 328 στεφάνοω,

1044 335 1112 370 πρὸς
1127 336 1230 362 ἐκεῖνον
1246 336 1418 372 ἀνεφέροντο.
1439 337 1493 363 Καὶ
1511 337 1578 371 πρὸς
1602 338 1692 370 πάσας
1711 339 1832 373 ἀπεφαί-

1045 390 1104 408 νετο
1135 381 1184 416 μὲν
1213 381 1299 414 οὐδὲν,
1333 381 1485 416 ἐπιτρέχων
1520 382 1619 416 ῥᾳδίως
1645 384 1746 409 οὑτωσὶ
1784 386 1834 410 καὶ

1045 427 1195 461 συντόμως,
1210 426 1394 460 ἐπηγγέλλετο
1410 427 1433 443 ⁷⁰
1457 426 1486 453 δὲ
1509 426 1613 454 ἅπασιν
1629 427 1666 459 ὡς
1701 429 1829 464 ποιήσων

1043 472 1142 498 αὐτίκα
1167 472 1247 506 μάλα.

1079 519 1109 544 ε’.
1137 517 1198 544 Ὀτι
1212 517 1251 552 τῷ
1267 517 1372 552 βασιλεῖ
1386 517 1525 549 Οὐάλεντι,
1556 518 1671 553 ἡσυχίαν
1696 519 1751 546 ἀπὺ
1775 519 1832 547 τῶν

1044 562 1152 589 οἰκείων
1179 563 1304 589 καὶτῶν
1332 563 1443 590 ὀθνείων
1481 564 1584 598 ἄγοντι,
1618 564 1649 590 τὸ
1686 565 1832 592 ἑπίλεκτον

1044 608 1205 642 ἀγγέλλεται
1231 609 1285 635 τῶν
1301 609 1414 636 Σκυθῶν
1446 611 1604 645 στράτευμα
1631 613 1748 648 πλησίον
1778 614 1831 648 ἥδη

1046 661 1097 678 που
1119 653 1274 688 τυγχάνειν,
1299 653 1346 685 οὒς
1370 655 1384 680 ὁ
1418 654 1570 689 Προκόπιος
1601 657 1641 688 είς
1670 658 1830 692 συμμαχίαν

1043 698 1218 734 ἑξεκεκλήκει
1240 699 1315 734 παρὰ
1331 699 1377 726 τοῦ
1393 699 1504 726 Σκυθῶν
1533 701 1676 735 βασιλέως.
1707 703 1726 728 Γ
1727 703 1829 738 αύρους

1043 742 1160 771 εἶναιτὰ
1184 745 1346 779 φρονήματα
1374 744 1468 778 ἔλεγον
1491 745 1554 777 τοὺς
1585 747 1748 782 προσιόντας
1778 749 1827 774 καὶ

1044 790 1290 824 περιφρονητικοὺς
1300 789 1353 816 τῶν
1379 791 1527 825 ὁρωμένων
1543 792 1588 824 τι,
1620 792 1768 828 ὀλιγώρους
1796 803 1826 820 τε

1045 834 1112 869 πρὸς
1144 836 1174 861 τὸ
1215 835 1366 862 ἀκόλαστον
1401 836 1460 870 μεθ’
1493 836 1609 872 ὕϐρεως,
1637 840 1684 866 καὶ
1713 840 1780 866 πολὺ
1796 841 1828 866 1‘.

207 884 232 910 id
246 885 355 917 impune
373 882 516 913 faciebant,
530 886 556 908 ct
583 885 741 914 arroganter
764 884 791 907 et
815 879 931 914 superbe
961 886 990 905 se

1045 881 1183 916 ἀγέρωχον
1210 881 1258 908 καὶ
1286 881 1386 916 θερμὸν
1413 882 1459 908 ἐπὶ
1482 884 1565 909 πᾶσιν
1590 884 1712 919 ἔχοντας.
1746 886 1776 912 '0
1797 887 1827 913 δὲ

206 936 268 955 cum
283 927 406 954 omnibus
420 927 558 961 gerebant.
583 926 636 953 llos
652 926 800 960 imperator
815 925 885 951 intra
904 924 986 951 breve

206 978 312 1008 tempus
327 972 490 999 interclusos
508 973 534 998 in
568 971 704 1006 Scythiam
729 970 828 1003 reditu,
844 969 920 1004 quasi
947 977 991 996 re-

208 1019 278 1045 tibus
291 1023 384 1052 captos
411 1017 530 1044 continui
551 1021 578 1044 et
607 1020 682 1042 arma
709 1015 818 1042 tradere
843 1013 943 1048 jussit:
965 1017 992 1040 et

207 1071 270 1090 τοι-ο
285 1063 464 1092 tradiderunt.
491 1061 572 1089 etiam
598 1066 673 1088 motu
700 1060 859 1094 capillorum
894 1059 992 1086 mentis

201 1109 334 1137 ferociam
355 1109 515 1135 indicantes.
532 1106 587 1133 llos
598 1106 679 1140 igitur
709 1113 757 1140 per
775 1105 864 1139 urbes_
883 1104 991 1138 disper-

207 1163 252 1182 sos
295 1155 320 1180 in
349 1153 431 1180 libera
454 1152 575 1179 custodia
611 1151 713 1184 habuit,
752 1156 780 1177 ct
805 1154 989 1184 contemptum

202 1208 300 1227 eorum
316 1198 443 1226 excitatit
471 1198 523 1230 his,
545 1197 589 1231 qui
604 1197 731 1223 viderunt
751 1203 845 1223 eorum
867 1202 990 1228 corpora,

208 1247 235 1272 in
253 1245 363 1272 nimiam
378 1243 569 1278 proceritatem
579 1243 728 1277 surgentia,
750 1241 887 1276 graviora,
909 1247 991 1274 quant

208 1295 237 1316 ut
250 1289 332 1324 pedes
348 1289 461 1319 ferrent,
475 1292 502 1315 et
516 1287 590 1314 circa
617 1287 732 1313 mediam
758 1291 862 1321 portent
883 1285 990 1315 exsilia,

207 1335 295 1368 qualia
318 1333 479 1361 Aristoteles
502 1333 604 1360 insecta
624 1332 699 1358 dicit.
718 1332 752 1358 At
767 1331 874 1358 urbium
897 1331 991 1357 incola:

207 1388 268 1408 cum
293 1380 409 1414 Scythas
436 1379 463 1406 in
506 1385 568 1405 suos
606 1378 701 1404 domos
729 1377 914 1408 admisissent,
946 1375 990 1402 ubi

205 1433 300 1452 eorum
316 1425 413 1451 virium
444 1422 639 1450 imbecillitatis
674 1421 824 1456 periculum
857 1420 990 1453 fecerunt,

207 1478 286 1497 suum
306 1476 428 1497 errorem
453 1468 567 1495 irridere
578 1466 666 1494 coacti
681 1469 755 1493 sunt.
772 1465 826 1492 llos
840 1465 922 1498 igitur
933 1469 998 1491 tam.

206 1515 350 1549 praeclaros
383 1513 544 1548 Scytharum
572 1519 618 1539 rex
635 1510 752 1546 repetiit.
763 1510 826 1537 Erat
843 1510 894 1537 hoc
910 1517 991 1544 nego-

208 1546 274 1587 iium
289 1560 403 1587 arduutn
419 1546 452 1586 et
466 1557 630 1593 hujusmodi,
645 1557 717 1591 quod
736 1564 787 1584 non
801 1556 879 1583 facile
895 1558 992 1591 'posset
1005 1546 1028 1576 (ἶ

208 1604 242 1632 ad
255 1605 320 1638 justi
344 1603 477 1630 rationem
502 1602 627 1636 expendi.
647 1601 755 1628 Dicebat
780 1601 852 1628 enim
887 1608 917 1628 se
942 1601 990 1628 hos

173 1671 176 1673 .
209 1651 262 1678 lide
276 1651 432 1685 iuramento
448 1648 538 1675 habita
552 1648 586 1675 ad
600 1647 738 1682 suppetias
762 1646 919 1680 imperatori
937 1646 989 1673 mi-

208 1696 286 1723 sisse.
304 1694 461 1722 Valentinus
480 1701 544 1721 vero
562 1694 677 1728 negabat
699 1700 761 1719 eum
784 1692 817 1719 ad
836 1699 914 1726 quem
941 1693 990 1718 mi-

208 1745 283 1769 serat
301 1740 492 1775 imperatorem
519 1738 614 1771 l‘uisse,
631 1745 717 1773 neque
741 1745 772 1765 se
797 1738 925 1772 jurasse:
947 1737 991 1764 ille

207 1784 343 1814 lulianum
365 1785 393 1812 in
424 1784 539 1812 medium
578 1783 743 1816 adducebat,
772 1790 854 1818 seque
881 1787 991 1817 propter

208 1831 281 1858 illius
296 1837 357 1857 cum
371 1829 422 1856 hoc
444 1828 703 1862 consanguinitatem
727 1827 845 1855 dedisse.
875 1827 991 1861 Legato-

209 1884 267 1904 rum
279 1877 360 1904 etiam
376 1875 534 1909 dignitatem
549 1873 714 1901 obtendebat
733 1883 739 1901 :
757 1873 906 1907 imperator
920 1881 987 1900 cott-

208 1927 248 1949 tra
258 1922 421 1954 disserebat,
434 1921 515 1947 etiam
529 1919 634 1955 legatos
646 1919 707 1954 jure
719 1919 816 1952 teneri,
826 1923 853 1946 et
872 1926 929 1951 eos,
944 1919 988 1952 qni

207 1971 353 2002 praesentes
380 1971 469 1996 erant,
481 1965 596 1993 hostium
608 1972 722 1992 numero
743 1965 853 1997 habere,
870 1965 990 1999 quando-

207 2013 316 2048 quidem
333 2012 457 2040 hostibus
475 2011 606 2038 auxilium
625 2011 708 2037 latum
731 2011 876 2038 venissent.
897 2010 934 2036 Ex
949 2010 991 2036 his

207 2059 297 2087 causis
313 2058 468 2093 Scythicum
494 2057 639 2084 excitatum
656 2061 697 2084 est
722 2056 843 2089 bellum,
867 2056 939 2090 quod
963 2060 990 2082 et

208 2103 338 2139 dignitate
357 2103 489 2137 gentium,
508 2110 567 2138 qua:
578 2102 714 2135 coierunt,
741 2107 769 2129 et
801 2101 989 2136 magnitudine

208 2153 385 2184 apparatuum
410 2155 535 2182 magnam
549 2147 605 2182 19
621 2148 755 2175 variorum
783 2155 893 2174 casuum
906 2153 932 2175 et
948 2148 990 2174 in-

208 2198 291 2220 certat
305 2192 421 2220 fortuna:
446 2193 676 2226 exspectationem
695 2194 828 2225 movebat,
849 2192 897 2219 sed
924 2200 989 2219 aeu-

1044 925 1170 961 βασιλεὺς
1185 927 1326 961 συντόμως
1335 927 1432 958 αὐτοὺς
1445 928 1592 963 ἀποταμὼν
1602 931 1650 964 τῆς
1660 931 1705 956 ἐπὶ
1720 931 1826 962 Σκύθας

1042 971 1215 1007 ὑποστροφῆς
1237 974 1362 1007 κατεῖχεν
1377 972 1451 1004 ὲντὺς
1467 973 1586 1007 ἀρκύων,
1617 976 1663 1002 καὶ
1685 976 1720 1002 τὰ
1751 978 1822 1004 ὅπλα

1043 1016 1209 1051 παραδοῦναι
1223 1016 1364 1048 κελεύσας.
1376 1018 1408 1043 Οί
1421 1017 1448 1044 δὲ
1458 1017 1573 1050 ἔδοσαν,.
1586 1019 1636 1054 τὴν
1650 1021 1701 1056 τῆς
1710 1022 1825 1057 γνώμης

1042 1061 1190 1096 ὑπεροψίαν
1220 1062 1300 1096 μέχρι
1325 1061 1371 1088 τοῦ
1399 1063 1507 1098 κινῆσαι
1525 1064 1548 1079 ⁷¹
1566 1064 1616 1095 τὰς
1645 1066 1734 1100 κόμας
1764 1067 1827 1093 tm-

1041 1105 1204 1141 δειξάμενοι.
1226 1107 1392 1142 Διασπείρας
1407 1107 1453 1134 οὖν
1468 1108 1565 1140 αὐτοὺς
1580 1109 1650 1136 κατὰ
1667 1111 1716 1142 τὰς
1733 1111 1827 1144 πόλεις

1042 1153 1071 1178 έν
1102 1151 1213 1186 ἀδέσμῳ
1239 1153 1349 1187 κατεῖχε
1377 1154 1493 1189 φρουρᾷ,
1524 1154 1572 1180 καὶ
1619 1157 1827 1192 καταφρόνησιν

1043 1197 1190 1222 ἐνεποιεῖτο
1207 1198 1262 1229 τοῖς
1276 1197 1422 1233 θεωμένοις
1435 1200 1525 1226 αὐτῶν
1554 1200 1589 1227 τὰ
1614 1200 1728 1236 σώματα
1758 1203 1828 1238 πρός

1042 1251 1071 1268 τε
1086 1242 1173 1277 μῆκος
1187 1243 1296 1278 ἀχρεῖον
1328 1245 1506 1279 ἐλαυνόμενα,
1530 1247 1577 1273 καὶ
1607 1247 1747 1284 βαρύτερα
1769 1251 1827 1282 τοῖς

1042 1287 1117 1321 ποσὶ,
1138 1289 1207 1315 κατά
1221 1297 1250 1314 τε
1275 1289 1305 1315 τὸ
1319 1289 1401 1324 μέσον
1425 1291 1615 1326 διεσφιγμένα,
1648 1290 1718 1329 ᾖπέρ
1744 1303 1828 1330 φησιν

1048 1333 1234 1369 Ἀριστοτέλης
1246 1334 1280 1360 τὰ
1292 1334 1403 1369 ἔντομα.
1418 1337 1562 1371 Δεχόμενοι
1576 1338 1598 1353 ⁷³
1615 1338 1637 1364 δ’
1653 1337 1700 1366 οὖν
1723 1340 1826 1372 αὐτοὺς

1043 1380 1083 1411 είς
1100 1378 1150 1410 τὰς
1169 1380 1256 1410 οίκίας
1271 1382 1296 1406 οἱ
1312 1381 1360 1412 τὰς
1375 1382 1467 1414 πόλεις
1488 1383 1626 1415 οίκοῦντες
1660 1385 1707 1410 καὶ
1723 1386 1826 1421 πειρὼ-

1044 1433 1119 1459 μενοι
1131 1425 1179 1460 τῆς
1195 1426 1347 1459 ἀσθενείας,
1368 1426 1416 1462 τὴν
1447 1428 1550 1455 ἑαυτῶν
1574 1428 1712 1463 ἐξαπάτην
1743 1431 1827 1465 γελᾷν

1043 1470 1239 1505 ἠναγκάζοντο.
1265 1471 1382 1504 Τούτους
1416 1473 1515 1508 ἀπῄτει
1543 1474 1606 1506 τοὺς
1635 1475 1775 1509 γενναίους
1812 1478 1827 1502 ό

1044 1517 1154 1543 Σκυθῶν
1170 1517 1306 1552 βασιλεύς.
1326 1519 1382 1545 Καὶ
1411 1517 1445 1553 ἧν
1462 1519 1496 1552 ,τὸ
1525 1521 1641 1555 πρᾶγμα
1670 1521 1751 1556 δριμὺ
1777 1522 1827 1548 καὶ

1044 1562 1112 1597 πρὸς
1127 1562 1171 1589 τὸν
1181 1563 1228 1589 τοῦ
1243 1564 1347 1590 δικαίου
1359 1564 1437 1598 λόγον
1460 1565 1510 1591 οὐκ
1520 1566 1700 1601 εὐδιαίτητον.
1725 1567 1754 1593 '0
1776 1568 1827 1602 μὲν

1043 1607 1097 1643 γὰρ
1112 1607 1214 1642 ἔφασκε
1228 1609 1332 1643 βασιλεί
1345 1610 1491 1637 δεδωκέναι
1507 1612 1577 1638 κατὰ
1591 1614 1748 1648 συμμαχίαν
1778 1616 1826 1641 καὶ

1044 1653 1140 1689 ὅρκους
1155 1662 1162 1669 ·
1179 1655 1193 1681 ὁ
1204 1655 1233 1680 δὲ
1248 1654 1392 1689 ἀπέφασκε
1410 1655 1521 1689 βασιλέα
1543 1657 1581 1692 μὴ
1605 1658 1750 1692 τυγχάνειν
1778 1660 1827 1686 καὶ

1043 1700 1126 1727 αὑτὸν
1137 1700 1187 1726 οὐκ
1199 1700 1385 1735 ὀμωμοκέναι.
1401 1701 1524 1728 Ἐκείνου
1545 1702 1574 1729 δὲ
1591 1704 1782 1738 προστιθέντος
1802 1705 1826 1720 ⁷⁵

1042 1744 1088 1771 τὶν
1120 1745 1271 1777 Ὶουλιανὸν,
1300 1745 1346 1772 καὶ
1374 1746 1416 1773 ὃτι
1444 1746 1488 1773 διὰ
1513 1747 1562 1782 τὴν
1591 1747 1696 1774 ἐκείνου
1714 1748 1826 1775 δεδώκει

1043 1790 1212 1823 συγγένειαν,
1230 1790 1321 1816 καὶτὰ
1338 1790 1390 1817 τῶν
1411 1791 1553 1826 πρέσὸεων
1576 1792 1721 1826 ἀξιώματα
1737 1801 1825 1827 προσ-

1042 1835 1173 1866 τιθέντος,
1195 1836 1209 1860 ὁ
1228 1834 1355 1869 βασιλεὺς
1371 1836 1530 1870 ἀντεφώνει,
1545 1837 1609 1868 τούς
1631 1845 1662 1863 τε
1693 1837 1825 1872 πρέσϐεις

1042 1879 1177 1914 ἔχειντὴν
1196 1879 1275 1914 δίκην
1301 1881 1347 1906 καὶ
1372 1882 1435 1912 τοὺς
1465 1882 1601 1917 παρόντας
1611 1882 1649 1913 ὡς
1679 1883 1827 1917 πολεμίους

1043 1925 1216 1959 κατέχεσθαι,
1232 1926 1351 1961 πολεμίῳ
1366 1927 1433 1961 πρὸς
1451 1928 1608 1962 συμμαχίαν
1622 1929 1747 1964 ἥκοντας.
1778 1930 1827 1956 Ἐκ

1043 1970 1145 1997 τούτων
1161 1971 1187 1997 δὲ
1206 1971 1259 1997 τῶν
1275 1972 1438 2006 προφάσεων
1453 1973 1466 1998 ὁ
1490 1973 1623 2005 Σκυθικὸς
1651 1974 1825 2009 ἅνεγεὶρεται

1045 2016 1171 2050 πόλεμος,
1187 2016 1225 2051 τῷ
1237 2017 1287 2051 μὲν
1301 2016 1437 2051 ἀξιώματι
1454 2019 1509 2044 τῶν
1525 2019 1669 2046 συνιόντων
1685 2019 1770 2046 ἐθνῶν
1780 2021 1828 2046 καὶ

1043 2061 1099 2091 τοίς
1116 2060 1244 2095 μεγέθεσι
1257 2061 1312 2087 τῶν
1342 2062 1523 2096 παρασκευῶν
1550 2063 1598 2089 ἐπὶ
1621 2063 1690 2098 μέγα
1719 2064 1824 2099 προϐή-

1045 2106 1138 2133 σεσθαι
1161 2107 1209 2133 καὶ
1225 2108 1362 2142 χωρήσειν
1387 2107 1569 2142 πολυτρόπων
1599 2110 1748 2144 συμφορῶν
1776 2111 1828 2136 καὶ

1043 2153 1215 2187 ἀτεκμάρτου
1225 2153 1309 2188 τύχης
1321 2153 1526 2188 προσδοκηθεὶς,
1544 2155 1577 2188 τῇ
1589 2154 1618 2180 δὲ
1631 2154 1678 2180 τοῦ
1694 2154 1828 2188 βασιλέως

1045 2197 1154 2232 ὀξύτητι
1169 2198 1215 2224 καὶ
1235 2198 1346 2233 προνοίᾳ
1371 2199 1544 2233 κατενεχθεὶς
1566 2198 1613 2225 ἐπὶ
1642 2199 1673 2225 τὸ
1695 2199 1827 2234 σταθερὸν

209 2238 281 2265 mine
290 2238 386 2273 jndicii
401 2237 571 2272 imperatoris
591 2238 802 2272 etrprovidentia
821 2237 854 2264 ad
882 2238 990 2264 lirmum

1045 2225 1093 2269 καὶ
1108 2225 1262 2276 ἀσφαλέα-τέ
1263 2251 1318 2278 ρον.

208 2291 235 2312 et
253 2291 338 2312 tutum
355 2284 458 2312 exitum
473 2286 632 2319 perductum
653 2289 704 2311 est.

243 2333 271 2360 6.
286 2332 330 2367 (Α.
345 2331 375 2357 C.
395 2330 457 2363 5'76,
476 2331 533 2358 ind.
548 2331 575 2362 4,
592 2330 712 2357 Valentis
731 2329 796 2363 imp.
813 2328 869 2363 l3,)
882 2327 991 2364 Scythis

206 2378 287 2405 victis
300 2382 326 2404 et
338 2377 372 2403 ab
386 2376 492 2403 llunnis
506 2376 584 2403 caesis
595 2379 621 2403 et
633 2376 665 2402 ad
680 2374 890 2402 internecionem
907 2382 992 2409 usque

207 2423 314 2456 deletis,
328 2429 422 2450 onmes
447 2422 491 2456 qui
509 2421 581 2455 capti
606 2425 685 2448 erant
705 2428 769 2447 eum
794 2420 951 2448 mulieribus
965 2425 992 2448 et

207 2477 301 2496 eorum
315 2468 377 2495 ﬁliis
393 2467 546 2500 interempti
571 2471 645 2498 aunt,
677 2474 739 2493 cum
768 2465 858 2493 nullus
876 2466 991 2494 crudeli-

209 2516 271 2541 tatis
289 2519 316 2540 οι
331 2513 443 2540 caedium
480 2516 552 2539 esset
567 2511 681 2544 modus;
697 2511 742 2545 qui
769 2515 858 2538 autem
888 2511 992 2539 collecti

208 2561 359 2595 clIugerant
387 2567 441 2586 non
472 2558 561 2586 minus
594 2565 674 2592 quam
704 2558 844 2585 hominum
876 2558 992 2586 ducenta

212 2606 305 2638 millia,
323 2606 356 2632 ad
370 2605 469 2632 bellum
485 2605 539 2640 apti
569 2609 597 2632 et
623 2609 703 2631 aetate
729 2604 867 2636 ﬂorentes,
897 2611 993 2631 conve-

210 2655 318 2678 nerunt.
336 2650 427 2684 Itaque
440 2649 552 2684 profecti
570 2653 598 2676 et
610 2649 643 2676 ad
660 2649 746 2683 ripam
763 2654 876 2681 stantes,
898 2656 993 2677 manus

1081 2331 1118 2363 ς’.
1135 2331 1196 2359 Ὅτι
1217 2333 1271 2359 τῶν
1299 2332 1409 2359 Σκυθῶν
1434 2332 1604 2368 ἡττηθέντων
1624 2334 1671 2360 καὶ
1697 2333 1749 2360 ὑπὸ
1772 2334 1830 2361 τῶν

1046 2377 1153 2405 Οὕννων
1173 2378 1369 2413 ἀναιρεθέντων
1393 2378 1440 2405 καὶ
1464 2378 1549 2414 ἄρδην
1576 2378 1770 2413 ἀπολλυμένων
1798 2380 1829 2405 τὸ

1046 2423 1157 2458 πλῆθος,
1178 2424 1203 2450 οἱ
1235 2423 1284 2459 μὲν
1315 2424 1618 2460 ἐγκαταλαμβανόμενοι
1645 2424 1695 2451 σὺν
1722 2425 1830 2458 γυναιξὶ

1044 2469 1092 2495 καὶ
1114 2469 1219 2500 τέκνοις
1241 2469 1434 2504 διεφθείροντο,
1461 2469 1509 2496 καὶ
1536 2470 1648 2504 οὐδεμία
1672 2470 1755 2504 φειδὼ
1779 2471 1829 2504 τῆς

1045 2515 1109 2550 περὶ
1122 2515 1184 2546 τοὺς
1197 2515 1293 2549 φόνους
1308 2513 1342 2548 ἦν
1352 2515 1502 2549 ὠμότητος.
1515 2515 1552 2541 Τὸ
1566 2515 1594 2542 δὲ
1609 2516 1768 2542 συναλισθὲν
1782 2517 1830 2542 καὶ

1045 2561 1112 2595 πρὸς
1128 2560 1216 2596 φυγὴν
1232 2561 1356 2595 ὁρμῆσαν
1370 2561 1469 2596 πλῆθος
1485 2561 1535 2595 μὲν
1546 2562 1576 2587 οὐ
1593 2562 1659 2588 πολὺ
1674 2562 1728 2588 τῶν
1743 2562 1829 2588 εἴκοσι

1046 2606 1185 2640 μυριάδων
1209 2606 1372 2633 ἀποδέουσαι
1391 2606 1521 2641 συνῆλθον
1537 2607 1568 2637 ἐς
1588 2606 1618 2632 τὸ
1635 2607 1756 2642 μάχιμον
1776 2607 1829 2633 ἀκ-

1047 2651 1195 2685 μαζούσας.
1212 2651 1378 2686 Κινηθέντες
1391 2651 1414 2668 ⁷⁵
1428 2652 1475 2678 καὶ
1486 2652 1547 2683 ταῖς
1561 2651 1654 2687 ὄχθαις
1669 2653 1830 2684 ἐπιστάντες

877 2705 995 2732 νΑιιυΕ
1012 2705 1214 2735 LECTIONES.

245 2754 269 2790 ’ξ’
290 2754 477 2790 ἐπηγγέλλετο
485 2753 535 2790 ΝἏ
545 2753 696 2788 ἐπήγγελλέ
712 2762 738 2790 τι
752 2754 825 2790 vulg.
864 2754 885 2770 '“
902 2752 1060 2790 ὁρωμένωνξ
1084 2753 1227 2790 Ῥωμαίων
1241 2753 1270 2780 Β.
1309 2755 1332 2769 τ’
1343 2753 1462 2790 κινῆσαι]
1480 2756 1602 2790 κομῆσαι
1613 2755 1686 2790 conj.
1704 2755 1828 2784 Canlocl.

211 2788 239 2824 "fl
256 2787 397 2824 δεχόμενοι
408 2789 430 2814 δ’
449 2787 494 2814 οὖν
514 2787 637 2816 Valesius
654 2797 699 2823 ap.
717 2787 839 2816 Boisson.
855 2797 882 2824 p.
900 2787 1108 2823 ίῢῒζδεχόμενα
1124 2787 1215 2816 δοῦναι
1231 2789 1302 2824 vulg.

212 2816 480 2858 θέντεξΪνικηθέντες
491 2823 521 2850 ll.

1341 2789 1364 2805 "
1380 2789 1577 2823 προστεθέντος
1595 2790 1668 2824 vulg.
1708 2791 1730 2806 ⁷⁵
1749 2800 1829 2818 xum—
