1945 3073
151 148 204 180 657

153 203 246 238 χεῖράς
272 211 301 228 τε
329 203 434 238 ὤρεγον
460 204 599 239 πόρρωθεν
629 206 687 238 μετ’
716 205 877 240 ὀλοφυρμῶν
898 206 943 232 καὶ

155 250 231 285 βοῆς,
255 249 303 275 καὶ
329 250 483 284 προέτεινον
510 251 660 285 ἱκετηρίας,
687 252 870 286 ἐπιτραπῆναι
889 251 938 285 τὴν

153 296 278 322 διάὅασιν
304 295 534 329 παρακαλοῦντες,
549 297 597 323 καὶ
622 296 670 331 τὴν
696 297 771 332 σφῶν
797 297 938 332 συμφορὰν

154 341 324 376 ὀδυρόμενοι,
342 342 388 367 καὶ
411 342 568 376 προσθήκην
593 344 625 377 τῇ
651 343 795 378 συμμαχίᾳ
811 345 939 378 παρέξειν

155 388 387 422 ἐπαγγελλόμενοι
399 388 432 414 ⁷⁸.
449 389 480 414 Οἱ
498 388 525 414 δὲ
537 390 595 419 ταῖς
611 389 702 422 ιχοαις
730 389 939 423 ἐπιτεταγμένοι

163 433 306 468 Ῥωμαίων
335 432 410 459 οὐδὲν
439 433 544 466 ἔφασαν
572 434 687 468 πράξειν
718 434 780 461 ἄνευ
808 434 940 469 βασιλέως

156 478 280 512 γνώμης.
302 477 442 504 Ἐντεῦθεν
462 478 625 512 ἀναφέρεται
642 479 691 513 μὲν
704 480 751 504 ἐπὶ
768 479 813 504 τὸν
828 479 940 513 βασιλέα

156 524 172 558 ἡ
190 523 289 554 γνῶσις
301 530 310 539 '
326 523 425 558 πολλῆς
439 524 466 550 δὲ
479 524 630 558 ἀντιλογίας
642 524 801 559 γενομένης,
815 525 862 551 καὶ
877 524 941 552 πολ-

156 568 210 594 λῶν
230 569 272 602 ἐφ’
291 569 409 604 ἑκάτερα
425 569 542 604 γνωμῶν
568 571 596 596 ἐν
613 570 651 605 τῷ
669 570 800 605 βασιλικῷ
819 570 941 605 συλλόγῳ

157 614 302 648 ρηθεισῶν,
320 614 391 647 ἔδοξε
406 614 443 649 τῷ
461 615 576 650 βασιλεῖ.
593 617 649 642 Καὶ
669 616 722 651 γὰρ
740 617 784 642 ὑπ¹
801 617 941 651 ἀντιζηλο-

156 659 256 690 τυπίας
270 660 344 694 αὑτῷ
359 660 426 695 πρὸς
441 661 502 692 τοὺς
527 661 786 696 συμϐασιλεύοντας,
806 662 830 688 οἳ
849 662 942 694 παῖδες

159 705 209 738 μὲν
225 702 296 739 ἦσαν
313 704 428 739 ἀδελφοῦ
446 704 503 740 (καὶ
519 705 675 740 γέγραπται
693 706 766 732 οὕτω
785 707 941 742 πρότερον).

156 749 206 784 τὴν
224 749 360 784 βασιλείαν
383 750 412 776 δὲ
428 750 573 786 διῃρῆσθαι
590 751 659 777 κατὰ
676 752 745 785 σφᾶς
761 751 879 784 ἐδόκουν,
893 752 942 787 τὴν

156 794 287 830 διανομὴν
299 796 348 822 οὐκ
369 797 526 830 ἐνεγκόντες
546 797 592 823 ἐπὶ
609 797 653 824 τὸν
676 797 758 824 Θεῖον.
782 798 890 825 Τούτων
909 798 941 833 δὴ

156 839 249 871 ἕνεκα,
267 840 313 866 καὶ
330 840 369 872 ὡς
384 841 488 876 μεγάλῃ
510 841 654 877 προσθήκῃ
667 842 697 868 τὺ
721 843 874 877 Ῥωμαῖκὺν
894 844 941 870 αὑ-

158 884 247 919 ξήσων
269 886 302 918 ⁷⁷,
323 886 451 920 δεχῡῆναι
475 887 580 913 κελεύει
601 887 663 918 τοὺς
678 888 787 923 ἄνδρας,
813 889 848 915 τὰ
872 889 942 916 ὅπλα

157 930 366 964 καταθεμένους.
382 932 449 966 Πρὶν
468 932 496 958 δὲ
520 932 569 968 τὴν
588 933 712 960 διάϐασιν
724 934 747 950 ⁷⁸
763 935 796 961 ἐκ
811 934 942 969 βασιλέως

155 976 353 1010 ἐπιτραπῆναι,
368 976 479 1003 Σκυθῶν
498 978 522 1004 ot
540 977 736 1013 τολμηρότατοι
754 980 800 1006 καὶ
817 979 941 1012 αὐθάδεις

156 1020 303 1054 βιάσασθαι
320 1021 365 1047 τὸν
379 1022 461 1056 πόρον
477 1021 608 1056 ἔγνωσαν,
626 1023 674 1050 καὶ
690 1024 844 1059 βιαζόμενοι
873 1034 940 1052 κατι

155 1065 303 1100 εκόπησαν.
322 1067 352 1092 Oi
365 1066 393 1092 δὲ
407 1067 612 1102 διαφθείραντες
627 1069 671 1094 τὸν
684 1069 839 1103 ἀπόδασμον
848 1070 941 1097 τοῦτον

155 1110 205 1144 τῆς
221 1119 250 1136 τε
269 1111 355 1145 ἀρχῆς
368 1112 562 1147 παρελύοησαν
577 1113 624 1139 καὶ
647 1114 712 1148 περὶ
734 1116 790 1145 τοῖς
814 1115 940 1150 σώμασιν

155 1155 356 1189 ἐκινδύνευσαν,
371 1157 412 1184 ὅτι
429 1157 572 1192 πολεμίους
587 1158 751 1194 διέφθειραν.
764 1160 796 1186 Οἵ
809 1169 838 1186 τε
852 1169 942 1196 παρα-

155 1200 363 1231 δυναστεὺοντες
385 1201 488 1236 βασιλεῖ
502 1203 550 1229 καὶ
568 1203 712 1238 δυνᾶμενοι
729 1206 857 1239 μέγιστον
875 1215 939 1232 κατ-

158 1245 261 1278 εγέλων
293 1246 382 1272 αὐτῶν
408 1247 438 1272 τὸ
467 1247 644 1283 φιλοπόλεμον
672 1249 718 1275 καὶ
749 1251 939 1285 στρατηγικὸν,

158 1289 315 1321 πολιτικοὺς
328 1291 356 1316 δὲ
367 1292 416 1317 οὐκ
437 1291 540 1325 ἔφασαν
556 1290 637 1320 εἶναι.
657 1294 686 1320 ’0
716 1294 765 1328 μὲν
785 1294 838 1330 γὰρ
865 1295 940 1330 βασις

157 1334 220 1365 λεὺς
236 1335 266 1367 ἐξ
290 1336 452 1371 Ἀντιοχείας
477 1338 629 1373 ἐπέτρεπεν
650 1339 741 1371 αὐτοῖς
761 1340 809 1375 τὴν
833 1341 942 1375 ἀχρεῖον

158 1381 266 1416 ἠλικίαν
289 1383 395 1417 πρῶτον
418 1384 628 1420 ὑποδεξαμένοις
649 1387 696 1413 καὶ
724 1388 941 1423 παραπέμψασιν

157 1429 196 1459 εἰς
209 1428 257 1463 τὴν
278 1429 433 1465 Ῥωμαϊκὴν
447 1431 634 1465 ἐπικράτειαν,
649 1433 696 1459 καὶ
709 1433 812 1468 ταύτην
826 1435 863 1465 εἰς
876 1435 941 1470 ὁμη-

158 1472 234 1507 ρείαν
267 1474 396 1509 ἀσφαλῶς
411 1476 581 1511 κατέχουσιν,
602 1477 746 1512 ἐπιστῆναι
768 1479 791 1494 ⁷⁸
813 1481 869 1510 ταῖς
893 1480 940 1514 ὅχ-

159 1517 230 1563 βαις,
244 1519 291 1545 καὶ
305 1520 342 1554 μὴ
358 1521 490 1556 πρότερον
504 1521 567 1552 τοὺς
583 1522 717 1557 μαχίμους
739 1522 865 1555 δέξασθαι
883 1525 940 1551 δια-
953 1532 976 1563 c

158 1562 311 1598 ϐαίνοντας,
332 1565 454 1600 magna
471 1566 550 1593 πλοῖα
572 1569 727 1603 παρασχεῖν
751 1569 790 1600 εἰς
812 1569 861 1604 τὴν
890 1579 940 1597 πε-

158 1609 283 1644 ραίωσιν,
301 1611 326 1637 ει
342 1611 381 1646 μὴ
393 1611 427 1638 τὰ
444 1612 513 1638 ὅπλα
531 1613 712 1648 καταθέμενοι
725 1615 823 1650 γυμνοὶ
837 1615 941 1643 διαϐαί-

159 1662 239 1681 νοιεν.
268 1655 299 1682 Οὶ
324 1656 352 1682 δὲ
376 1656 461 1683 ταῦτα
480 1658 686 1694 ἐπιτραπέντες,
710 1660 725 1686 ὁ
753 1661 802 1695 μὲν
829 1661 860 1688 ὲκ
887 1661 941 1689 τῶν

156 1699 358 1735 διαδεΰηκὸῑων
389 1702 444 1737 ἦρα
478 1704 622 1738 παιδαρίου
651 1705 724 1736 τινὸς
761 1706 858 1733 λευκοῦ
894 1708 941 1734 καὶ

157 1744 299 1779 χαρίεντος
316 1746 365 1781 τὴν
378 1746 450 1781 ιψιν,
464 1747 478 1773 ὁ
492 1747 520 1773 δὲ
533 1747 608 1782 ἠλέει
621 1749 747 1782 γυναικὸς
760 1750 939 1787 εὐπροσώπου

157 1789 211 1816 τῶν
223 1790 412 1825 αἰχμαλώτων,
424 1791 453 1822 ὃς
464 1792 492 1818 δὲ
504 1790 538 1827 ἦν
549 1793 722 1828 αίχμάλωτος
734 1795 785 1822 ὑπὸ
794 1795 939 1830 παρθένου,

157 1836 220 1866 τοὺς
238 1835 309 1862 δὲτὸ
327 1837 441 1871 μέγεθος
465 1839 574 1873 κατεῖχε
595 1839 649 1866 τῶν
664 1839 767 1876 δώρων,
787 1841 819 1868 τά
834 1851 864 1868 τε
881 1842 941 1870 λινᾶ

157 1880 306 1914 ὐυάσματα
325 1882 372 1908 καὶ
390 1883 421 1909 τὸ
448 1883 505 1910 τῶν
527 1886 696 1921 στρωμάτων
723 1887 768 1913 ἐπ’
798 1888 941 1924 ἀμφότερα

158 1925 329 1958 Ουσανοειδές
346 1927 383 1964 (5)
395 1935 402 1942 ·
418 1928 531 1961 ἕκαστος
548 1930 577 1956 δὲ
602 1932 695 1963 ἁπλῶς
711 1933 801 1959 αὐτῶν
819 1933 941 1969 ὑπελάμ-

158 1969 223 1996 ϐανε
239 1971 287 1997 καὶ
305 1971 354 2008 τὴν
368 1973 456 2001 οἰκίαν
473 1974 496 1990 ⁸ο
513 1975 698 2010 καταπλήσειν
715 1978 829 2005 οἰκετῶν
847 1980 940 2006 καὶτὰ

158 2017 244 2051 χωρία
256 2017 396 2053 βοηλατῶν
406 2019 453 2046 καὶ
467 2019 516 2055 τὴν
531 2021 666 2057 ἐρωτικὴν
683 2022 784 2060 λύσσαν
806 2025 856 2059 τῆς
876 2026 945 2062 περὶ,

157 2061 243 2089 ταῦτα
270 2063 405 2096 ἐξουσίας.
433 2065 598 2100 Νικηθέντες
617 2067 645 2094 δὲ
658 2067 710 2094 ὑπὸ
734 2069 836 2097 τούτων
862 2070 940 2105 νίκην

158 2107 300 2144 αίσχίστην
312 2109 359 2136 καὶ
370 2111 619 2147 παρανομωτάτην,
635 2112 728 2148 ὥσπερ
742 2114 817 2146 τινὰς
831 2114 940 2150 εὐεργέ-

157 2161 206 2184 τας
228 2154 276 2180 καὶ
289 2154 413 2190 σωτῆρας
438 2156 571 2187 παλαιοὺς
596 2156 667 2190 μετὰ
689 2158 743 2184 τῶν
767 2158 855 2186 ὅπλων
883 2160 940 2186 ἑδέ-

158 2199 248 2230 ξτντο.
265 2200 296 2226 Ol
322 2200 350 2226 δὲ
376 2201 502 2228 τοσοῦτον
528 2202 632 2229 ἀκονιτὶ
653 2204 768 2238 πρᾶγμα
788 2205 940 2240 διαπεπρα-
957 2194 978 2222 D

157 2244 251 2278 γμένοι
268 2245 315 2272 καὶ
334 2245 383 2280 τὴν
397 2247 465 2274 οῐκοι
480 2248 622 2283 συμφορὰν
639 2249 847 2284 εὐτυχήσαντες,
867 2251 893 2277 οῖ
907 2260 939 2286 γε

158 2290 218 2316 ἀντὶ
233 2291 282 2326 τῆς
297 2291 407 2319 Σκυθῶν
422 2293 539 2328 ιρημίας
548 2294 594 2320 καὶ
610 2294 657 2321 τοῦ
668 2294 805 2330 βαράθρου
819 2296 940 2331 τὴνῬω-

158 2336 258 2372 μαῖκὴν
275 2337 362 2373 ἀρχὴν
376 2338 568 2374 ἀπελάμϐανον
585 2340 619 2373 ⁸¹,
636 2340 717 2372 εὐθὺς
741 2341 808 2368 πολύ
826 2350 852 2368 τι
873 2342 939 2377 βάρ-

157 2379 240 2413 ϐαρον
249 2380 278 2405 ὲν
290 2381 326 2415 τῷ
342 2382 526 2418 παρασπόνδῳ
538 2383 585 2410 καὶ
600 2384 707 2419 ἀπίστῳ
733 2384 880 2419 διέφαινον.
906 2386 938 2412 Ἠ

159 2425 208 2459 μὲν
222 2424 274 2460 γὰρ
289 2426 424 2462 ἄχρηστος
440 2428 533 2464 ἡλικία
548 2429 722 2464 προλαϐοῦσα
733 2431 803 2457 κατὰ
820 2430 868 2466 τὴν
881 2431 940 2457 διά-

157 2470 237 2497 ϐασιν
254 2472 322 2506 μετὰ
333 2473 443 2508 βαθείας
454 2477 571 2511 σπουδῆς
581 2477 628 2504 καὶ
638 2478 776 2512 φροντίδος
787 2478 840 2504 τῶν
852 2478 938 2505 ταῦτα

159 2516 377 2551 βεσουλευμένων
385 2520 424 2550 εἰς
432 2521 466 2556 τᾲ
476 2521 539 2556 ἔθνη
549 2524 690 2558 κατεχεῖτο
703 2524 748 2550 καὶ
756 2524 936 2559 διεσπείρετο.

158 2559 270 2604 Οἰκέται
284 2559 312 2586 δὲ
331 2562 377 2587 καὶ
391 2564 519 2596 γυναῖκες
536 2566 582 2592 καὶ
607 2567 700 2598 παῖδες
713 2568 834 2600 ἐκείνων,
849 2571 873 2594 οἱ
890 2570 939 2604 μὲν

159 2603 284 2637 βασιλικὰ
298 2607 449 2641 παράσημα
464 2608 581 2643 ἔχοντες,
608 2611 656 2642 τὰς
676 2612 704 2637 δὲ
725 2609 758 2647 ἦν
786 2613 938 2648 ἁδροτέρας

157 2649 223 2683 ὀρᾷν
243 2649 259 2684 ἢ
284 2651 354 2677 κατὰ
379 2652 560 2686 αἰχμάλωτον.
581 2656 677 2688 Παῖδες
694 2658 720 2684 δε
739 2658 828 2685 αὐτῶν
846 2660 938 2686 καὶτὸ

157 2696 291 2723 οἰκετικὸν
310 2697 378 2732 πρός
389 2706 418 2724 τε
432 2699 482 2733 τὴν
496 2700 645 2735 εὐκρασίαν
657 2703 710 2729 τῶν
721 2703 809 2738 ἀέρων
824 2705 936 2741 ἀνέδρα-

555 151 603 179 Ι)Ε
625 150 906 180 LEG.\TIUNIBUS
925 149 1100 181 GENTIUM
1124 152 1171 180 ,ιιι
1193 153 1379 182 RUMANUS.

1725 151 1775 181 (58

959 205 981 233 Α
995 212 1010 232 e
1026 205 1171 241 longinquo
1187 204 1370 241 po'rrigebant,
1397 212 1423 234 cl
1446 214 1538 241 preces
1561 215 1621 233 cum
1653 207 1714 233 ﬂetu
1747 207 1775 233 cl

992 251 1187 279 vocifcrationc
1204 253 1377 283 emittebant,
1396 253 1582 286 traiectionem
1598 251 1646 278 sibi
1662 251 1773 278 concedi

990 295 1151 330 ﬂagitantes,
1170 304 1246 322 suam
1274 296 1378 323 cludent
1408 296 1594 329 deplorahant,
1626 301 1654 321 et
1673 303 1702 321 se
1723 295 1775 321 illis

991 342 1152 375 praebituros
1179 342 1272 368 auxilii
1301 341 1486 369 accessionem
1523 341 1703 374 spondebant.
1734 341 1768 366 At

991 386 1114 417 Romani,
1154 387 1198 421 qui
1239 386 1322 420 ripis;
1358 391 1502 420 prarerant,
1542 386 1608 412 nihil
1653 393 1682 412 se
1723 385 1777 412 nisi

990 430 1162 464 imperatoris
1181 430 1258 464 jussu
1287 430 1404 456 facturos
1433 429 1638 463 responderunt.
1673 430 1774 461 Quam-

991 475 1085 502 obrent
1096 475 1175 509 hujus
1187 475 1225 502 rei
1235 475 1354 509 cognitio
1368 479 1409 502 est
1421 475 1455 502 ad
1465 475 1657 508 imperatorem
1675 475 1773 500 delata.

992 519 1058 546 Cum
1077 527 1120 546 res
1136 521 1161 546 in
1175 527 1272 554 magna
1298 520 1429 546 varietate
1452 525 1606 546 versaretur
1638 519 1775 552 multaque

992 566 1018 592 itt
1032 570 1173 600 utramque
1191 571 1292 600 partem
1310 566 1335 592 iit
1357 565 1470 592 consilio
1481 565 1611 599 principis
1637 564 1707 591 dicta
1730 573 1775 590 es-

991 615 1061 643 sent,
1083 612 1188 638 tandetn
1204 618 1331 638 assensus
1344 615 1394 642 est,
1411 610 1526 637 maxime
1547 614 1655 643 propter
1693 617 1775 635 tumu-

991 657 1130 689 lationem,
1146 664 1225 691 quam
1240 657 1356 684 habebat
1377 663 1438 683 cum
1472 655 1525 687 his,
1559 655 1604 689 qui
1633 654 1775 689 imperium

991 710 1051 730 cum
1068 710 1100 730 eo
1117 703 1254 730 tenebant.
1275 703 1359 729 Emit.
1375 707 1465 728 autem
1482 701 1528 728 filii
1559 700 1663 732 fratris,
1679 707 1775 733 quent-

993 747 1137 774 admodum
1165 752 1192 774 et
1222 755 1302 782 supra
1317 747 1418 774 dictum
1434 750 1487 776 est,
1505 745 1552 772 sed
1574 745 1610 772 illi
1628 744 1775 778 imperato-

991 793 1058 819 riam
1071 797 1231 826 potcstatem
1259 793 1330 819 inter
1358 799 1388 819 se
1414 791 1583 819 dividendam
1610 794 1774 820 statuerant,

994 846 1045 865 non
1059 839 1147 873 patrui
1160 839 1275 865 arbitrio
1304 837 1432 872 permissa
1459 837 1600 864 divisione.
1626 835 1673 862 llis
1687 835 1776 862 causis

959 872 979 900 Β
995 884 1139 919 impulsus.
1158 888 1213 910 tum
1227 883 1307 910 etiam
1326 883 1387 915 quia
1404 882 1519 908 maxima
1535 881 1655 908 accessio
1683 885 1775 915 pntt'n-

995 931 1044 957 tiae
1061 930 1132 957 foret
1148 929 1285 962 Romanis,
1308 930 1389 963 jussit
1413 929 1528 963 Scythas
1554 927 1670 959 admitti,
1696 929 1774 953 modo

993 983 1067 1002 arma
1100 976 1275 1010 deponerent.
1309 975 1458 1008 Antequam
1491 972 1618 1006 trajectus
1639 975 1710 998 esset
1743 971 1776 996 ah

994 1022 1157 1055 imperatore
1188 1028 1343 1051 concessus,
1381 1020 1541 1054 Scytharum
1570 1018 1728 1044 audaciores
1749 1022 1777 1043 ct

993 1067 1120 1094 elatiores
1147 1068 1289 1094 transitum
1316 1066 1367 1093 sibi
1393 1065 1417 1092 vi
1438 1065 1543 1100 aperire
1566 1068 1775 1093 COllSlllttCt‘lllll,

992 1113 1038 1140 sed
1057 1112 1081 1138 vi
1100 1111 1198 1145 repulsi
1220 1110 1301 1138 deleti
1326 1115 1402 1138 sunt.
1428 1110 1461 1135 At
1484 1109 1520 1135 illi
1552 1108 1597 1142 qui
1624 1115 1683 1134 eam
1711 1107 1775 1140 Scy—

994 1159 1102 1185 thartttn
1131 1157 1268 1184 exercitus
1284 1160 1388 1190 partem
1407 1162 1563 1190 oppressam
1589 1153 1774 1184 confecerant,

994 1205 1155 1239 magistratu
1197 1203 1295 1237 privati
1339 1207 1401 1230 sunt
1440 1206 1467 1228 et
1503 1201 1599 1234 capitis
1627 1199 1774 1234 perieulum

993 1250 1129 1280 adierunt,
1153 1249 1216 1283 quia
1245 1249 1337 1276 hostes
1366 1248 1575 1275 trucidaverant.
1603 1246 1653 1279 Qui
1686 1250 1776 1272 atttem

995 1295 1065 1330 apud
1094 1295 1285 1330 imperatorem
1320 1294 1420 1329 primas
1451 1298 1541 1328 partes
1576 1293 1669 1327 gratia:
1695 1299 1777 1318 oecus

994 1341 1131 1376 pabantct
1147 1340 1290 1375 plurimttm
1305 1339 1375 1373 apud
1404 1339 1490 1373 ipsum
1506 1338 1640 1368 valebunt,
1656 1344 1701 1363 eos
1715 1336 1776 1363 irri-

993 1387 1104 1416 debant.
1122 1391 1247 1420 tanquam
1263 1385 1385 1412 homines
1402 1384 1542 1416 militares,
1571 1387 1597 1410 et
1625 1383 1696 1409 bello
1717 1382 1776 1415 qui-

993 1433 1051 1458 dem
1073 1437 1158 1466 aptos,
1172 1432 1218 1458 sed
1234 1439 1343 1466 prorsus
1356 1438 1444 1458 rerum
1466 1429 1583 1456 civilium
1607 1429 1686 1455 rudes
1717 1435 1777 1454 esse

992 1477 1127 1504 dicebant.
1149 1475 1317 1510 Pt'aiccperat
1332 1475 1403 1502 cnittt
1432 1475 1580 1509 imperator
1593 1472 1626 1500 ab
1636 1472 1776 1499 Antiochia

994 1521 1149 1556 utprimutn
1169 1520 1301 1548 imbellem
1325 1525 1350 1546 et
1384 1519 1449 1546 nttlti
1485 1519 1542 1546 usui
1573 1524 1662 1552 aptam
1691 1516 1777 1544 susci-

993 1571 1088 1601 perent
1105 1570 1211 1593 artatem
1227 1570 1253 1591 et
1268 1572 1316 1599 per
1329 1564 1511 1591 Romanorum
1540 1562 1651 1589 ditionis
1689 1567 1776 1588 terras

994 1611 1172 1643 dimitterent,
1185 1614 1213 1637 et
1224 1614 1351 1643 tanquam
1363 1607 1471 1636 obsides
1486 1611 1542 1634 tuto
1557 1606 1754 1634 locohahcrent
1767 1615 1774 1638 ;

994 1664 1081 1692 neque
1095 1664 1127 1685 eo
1139 1656 1228 1684 secius
1253 1655 1287 1683 ad
1313 1655 1385 1689 ripas
1406 1653 1593 1681 consisterent.
1625 1657 1654 1678 ιιι
1683 1652 1776 1678 turbas

991 1709 1087 1737 pugna:
1109 1705 1186 1736 aptas
1220 1699 1331 1728 minime
1357 1697 1508 1733 transgredi
1529 1698 1659 1729 sinerent,
1688 1703 1776 1731 neque

993 1747 1099 1782 navigia
1110 1747 1162 1774 illis
1175 1746 1208 1772 ad
1224 1745 1411 1779 traiectionem
1430 1745 1592 1779 prmberent,
1619 1742 1775 1777 priusquam

993 1800 1067 1820 arma
1080 1792 1280 1827 deposuissent,
1293 1797 1346 1825 quo
1364 1791 1448 1816 nudos
1462 1789 1690 1816 transmitterem.
1721 1787 1775 1822 20

993 1838 1092 1866 Eorum
1126 1842 1227 1870 autem,
1259 1838 1305 1871 qui
1342 1837 1393 1864 ista
1431 1836 1558 1863 mandata
1597 1838 1773 1868 exceperunt,

992 1884 1093 1911 exarsit
1110 1883 1153 1910 hic
1170 1890 1262 1910 amore
1276 1882 1352 1917 pueri
1374 1881 1489 1916 alicujus
1510 1879 1617 1908 candidi
1649 1884 1675 1906 et
1701 1878 1776 1905 vulttt

992 1929 1061 1964 grati
1076 1937 1108 1956 ex
1125 1928 1167 1956 his
1182 1928 1228 1963 qui
1252 1928 1357 1962 traiecti
1374 1927 1492 1958 fuerant,
1505 1926 1573 1952 alter
1592 1925 1721 1951 tniscrtus
1734 1928 1777 1950 est

993 1975 1087 2002 uxoris
1105 1974 1236 2001 formosa:
1253 1973 1334 2000 unius
1348 1980 1381 2000 ex
1394 1972 1520 2006 captivis.
1547 1971 1597 1998 llic
1624 1974 1718 2004 captus
1734 1974 1777 1995 est

993 2021 1098 2056 virgine
1113 2020 1242 2052 formosa,
1260 2019 1328 2046 alios
1354 2017 1510 2052 magnitudo
1529 2023 1671 2044 munerum
1693 2014 1776 2048 cepit,

993 2067 1064 2093 linea
1091 2066 1250 2093 vestimenta
1294 2069 1322 2091 et
1354 2063 1474 2097 stragula
1502 2061 1537 2090 ab
1561 2066 1676 2096 utraque
1699 2065 1776 2095 parte

993 2111 1140 2139 tlmbriata.
1154 2110 1237 2138 Plane
1249 2109 1436 2144 unusquisque
1448 2108 1569 2142 ipsorum
1581 2107 1631 2133 hoc
1644 2106 1774 2141 propositi

995 2158 1100 2191 habuit,
1117 2161 1146 2184 ut
1163 2163 1226 2183 suas
1241 2157 1336 2182 domos
1351 2154 1448 2186 servis,
1462 2153 1540 2180 villas
1570 2152 1723 2187 pastoribus
1750 2157 1778 2179 et

994 2203 1118 2231 insanum
1134 2202 1236 2229 amoris
1251 2201 1371 2228 furerem
1390 2199 1486 2234 qttavis
1501 2199 1608 2226 licentia
1622 2198 1774 2233 implerent.

993 2250 1085 2283 Itaque
1108 2247 1170 2275 victi
1184 2255 1199 2275 a
1213 2247 1320 2283 Scythis
1333 2246 1443 2273 victoria
1457 2245 1604 2272 lmdissima
1636 2249 1662 2272 et
1688 2244 1775 2271 disso-

993 2295 1140 2327 lutissima,
1156 2301 1202 2321 cos
1218 2298 1344 2328 tanquam
1361 2291 1549 2319 benefactores
1573 2295 1600 2317 et
1620 2294 1777 2317 servatores

994 2342 1098 2376 priscos
1117 2348 1177 2367 eum
1192 2340 1276 2367 armis
1299 2343 1474 2374 exceperunt.
1490 2340 1524 2367 At
1536 2338 1573 2365 illi
1589 2343 1688 2365 tantam
1718 2345 1774 2364 rem

991 2387 1050 2414 sine
1079 2386 1133 2412 ullo
1165 2386 1256 2413 labore
1286 2385 1386 2419 adepti,
1408 2393 1440 2411 ex
1471 2384 1560 2417 clade,
1593 2391 1674 2418 quam
1699 2382 1772 2410 domi

993 2435 1167 2466 acceperant,
1191 2439 1268 2458 suam
1296 2435 1523 2465 cornpataverunt
1552 2428 1772 2464 prosperitatem.

993 2477 1059 2504 Nam
1079 2485 1126 2512 pro
1147 2477 1262 2504 desertis
1287 2476 1404 2511 Scythiae
1437 2477 1503 2503 locis
1532 2480 1559 2502 et
1588 2475 1716 2502 barathro
1748 2474 1775 2500 in

991 2524 1143 2550 llomanum
1173 2522 1328 2549 invaserunt
1345 2522 1499 2556 imperium.
1523 2521 1610 2555 Atque
1630 2519 1773 2554 imperium

993 2569 1060 2596 adeo
1072 2567 1129 2601 jam
1153 2572 1208 2594 tum
1221 2567 1335 2593 barbara
1351 2573 1445 2592 eortutt
1467 2569 1561 2592 natura
1581 2570 1608 2592 et
1622 2565 1724 2600 perfida
1740 2571 1773 2590 ex

992 2622 1035 2648 eo,
1059 2613 1129 2648 quod
1155 2613 1256 2641 fmdera
1287 2619 1334 2646 pro
1360 2611 1444 2638 nihilo
1469 2610 1611 2643 ducebant,
1638 2609 1771 2644 apparuit.

990 2660 1099 2688 Etenim
1117 2663 1183 2686 aetas
1198 2658 1312 2690 inutilis,
1324 2657 1351 2684 in
1364 2657 1522 2692 traiectione
1533 2661 1656 2690 suscepta
1674 2663 1772 2689 magno

990 2705 1080 2734 studio
1090 2710 1117 2732 et
1128 2712 1192 2732 cura
1213 2702 1376 2737 eorum,qui
1401 2703 1451 2729 hoc
1479 2702 1583 2730 consilii
1619 2702 1767 2733 dederant,

794 2760 907 2787 VARIA‘Z
927 2760 1126 2789 LECTIONES.

196 2799 217 2839 ς¹⁶
228 2799 328 2839 ἐπαγγ.
347 2801 542 2839 Commelinus,
561 2803 666 2837 ἀπαγγ.
682 2805 752 2839 vulg.

159 2834 230 2870 vulg.
269 2837 291 2852 7"
305 2837 447 2865 ἐπιστάναι
465 2838 536 2873 vulg.

805 2807 825 2821 ’⁷⁷
835 2806 964 2847 ἀύξήσῳν
977 2806 1022 2847 ΝΖ,
1047 2805 1170 2847 tabiﬁca!
1181 2805 1252 2840 vulg.

575 2839 597 2854 ⁸ο
614 2840 757 2871 οἱκίανΙΙ..
772 2842 873 2868 nimim
894 2839 962 2876 ιἰιίὸ,
1003 2842 1024 2857 ιιι
1045 2839 1238 2876 ῥπελᾶμϐανον
1256 2841 1326 2875 vnlg.

1308 2806 1329 2821 "
1344 2804 1467 2831 6ti6amv
1494 2807 1606 2832 uorsson
1623 2824 1629 2836 .
1653 2804 1771 2831 διάθεςιν
