1945 3073
183 138 238 171 (59

658 142 856 174 EXCERPTA
876 145 927 174 EX
949 145 1120 177 EUNAPIO
1141 149 1334 180 SARDIANO

1765 155 1820 186 ιδ)

183 204 232 230 per
247 200 343 231 gentes
359 200 387 224 et
400 197 534 230 nationes,
548 201 577 225 ut
589 196 745 232 habitaret:
768 206 811 229 est
836 202 968 238 dispersa.

1025 213 1075 239 μον
1086 207 1131 232 καὶ
1149 209 1224 242 παρὰ
1239 209 1287 244 τὴν
1301 211 1407 244 ἡλικῖαν
1423 211 1543 248 ἥϐησα-δ,
1561 212 1608 239 καὶ
1626 213 1692 240 πολὺ
1708 214 1738 241 τὸ
1755 215 1818 241 ἑπι-

183 242 272 276 Servi,
295 250 404 277 uxores,
420 243 479 276 lilii,
493 244 521 271 hi
533 245 642 280 quidem
657 247 734 281 signa
746 248 819 281 regia
829 249 970 283 gerebant,

182 289 244 315 illas
263 294 355 316 autem
371 290 531 325 conspicere
546 296 605 318 erat
627 293 736 321 mollius
762 299 790 321 et
817 296 970 328 venustius,

181 340 261 367 quam
274 333 397 367 captivas
412 334 536 367 decebat,
551 336 674 364 vestitas.
691 342 725 365 At
737 342 906 372 captivorum
923 338 971 366 ﬁlii

181 383 208 406 et
221 379 354 414 quidquid
374 380 428 408 illis
442 380 494 408 fuit
514 382 724 416 mancipiorum,
755 385 826 412 aeris
840 385 971 419 temperie

182 425 209 450 in
235 424 317 451 alium
336 433 367 452 se
384 426 566 460 sustulerunt,
582 432 609 454 et
625 434 724 461 prazter
747 433 854 456 aetatem
868 432 972 464 pubue—

181 475 243 497 runt
255 476 282 498 et
305 471 332 498 in
356 472 518 500 immensam
547 474 747 503 multitudinem
783 477 918 504 succrevit
944 483 972 505 et

181 522 290 543 auctum
308 523 350 544 est
369 518 488 546 hostium
506 528 601 555 genus.
630 521 733 550 Ferunt
746 523 844 558 prisca:
876 524 972 552 fabulae

181 569 230 595 per
261 562 387 590 Baeotiam
406 569 430 591 et
445 564 586 598 Colchida,
607 575 641 594 ex
668 567 816 596 draconum
845 571 971 598 dentibus

180 609 322 635 seminatis
339 609 463 638 homines
479 619 540 638 cum
557 613 640 640 armis
665 613 746 640 simul
772 622 834 642 cum
863 616 970 643 semine

181 655 344 688 prosiliisse.
359 655 457 684 Nostra
470 662 558 685 autem
585 664 653 686 anas
672 660 743 688 hanc
763 660 883 688 fabulam
900 669 928 689 re
943 666 970 690 et

181 705 279 728 eventu
305 709 397 728 veram
431 710 492 730 esse
520 705 669 732 declaravit
695 706 816 734 etoculis
844 707 968 741 subjecit.

181 745 259 772 llaud
275 754 353 774 secus
363 747 436 774 enim
453 749 577 783 contigit,
593 753 623 776 ut
637 750 758 785 Scythici
771 752 881 786 generis
910 752 968 784 ﬁlii,

181 797 231 823 per
247 789 430 818 Romanorum
445 791 557 819 ditionis
573 798 669 826 terras,
696 798 824 829 tanquam
861 795 968 828 dentes,

182 835 297 870 dispersi
314 837 394 864 simul
420 841 501 872 atque
533 845 631 872 przeter
665 840 773 868 solitum
797 847 904 876 tempus
935 842 968 868 ad

181 887 300 914 aetatem,
343 890 396 918 qua
427 891 503 911 arma
535 885 605 912 ferre
636 891 793 921 potuerunt,
819 888 966 922 progressi,

181 927 272 954 omnia
309 928 459 961 iracundia,
487 929 579 957 lurore
609 937 636 958 et
664 933 784 960 caedibus
812 934 967 968 implerent.

180 971 275 1005 Itaque
289 973 338 1001 ﬂos
350 973 471 1009 Scythici
487 976 591 1003 roboris
606 983 633 1004 et
649 978 799 1005 nobilitatis
810 987 862 1007 non
875 985 969 1007 contra

180 1019 353 1053 expulsores,
368 1021 413 1047 sed
425 1026 519 1049 contra
546 1030 603 1054 eos,
632 1024 676 1057 qui
697 1024 771 1058 ipsos
794 1031 969 1060 exceperant,

183 1073 214 1092 se
229 1067 375 1099 convertit,
394 1071 422 1093 et
437 1066 515 1102 longe
529 1069 654 1102 graviora
670 1075 698 1096 et
710 1071 858 1104 atrociora,
888 1079 969 1106 quam

179 1113 252 1147 passi
270 1112 390 1145 fuerant,
405 1118 468 1140 sunt
482 1115 552 1142 ausi.
577 1113 673 1142 Omnis
703 1116 775 1143 enim
799 1116 916 1145 Thracia
944 1124 971 1146 et

180 1159 324 1186 continens
357 1158 431 1192 regio
448 1158 606 1187 Macedonia
637 1165 663 1188 et
688 1161 826 1190 Thessalia
855 1163 915 1191 talis
930 1170 972 1192 est

180 1209 208 1232 et.
238 1210 293 1232 tam
327 1205 420 1233 multis
451 1206 617 1234 carminibus
657 1208 806 1242 celebrata,
838 1215 867 1237 ut
897 1211 970 1239 nulla

179 1250 304 1277 oratione
328 1258 420 1278 carum
436 1253 593 1286 praestantia
627 1254 743 1287 exprimi
770 1255 867 1289 possit.
896 1255 970 1284 Hanc

181 1296 260 1323 talem
285 1301 338 1322 tam
364 1297 533 1331 populosam,
561 1298 668 1326 beatam
697 1299 779 1326 simul
810 1305 838 1327 et
865 1309 879 1327 a
915 1305 968 1328 tam

178 1342 300 1369 strenuis
333 1347 360 1369 et
393 1342 507 1370 {ortibus
540 1344 606 1372 virz's
637 1344 787 1373 habitatam
813 1351 840 1374 et
868 1348 969 1375 cultam

180 1388 343 1423 Scytharum
359 1389 476 1416 inﬁdelis
490 1394 515 1416 et
532 1390 626 1418 insana
644 1391 765 1424 rebellio,
780 1401 862 1428 quam
878 1395 969 1421 subito

178 1440 206 1461 et
232 1435 326 1461 statim
356 1440 417 1469 post
453 1436 641 1470 trajectionem
669 1445 849 1473 susceperunt
886 1443 913 1467 et
943 1441 968 1467 in

178 1481 268 1514 majus
281 1485 428 1514 auxerunt,
449 1481 474 1508 in
490 1489 550 1508 eum
578 1489 760 1517 contemptum
788 1486 910 1517 adduxit,
941 1491 969 1514 et

1024 251 1159 286 φυόμενον
1183 251 1217 288 ἦν
1244 255 1373 290 πολέμιον
1401 256 1488 290 γένος.
1507 258 1540 284 Οί
1567 258 1617 292 μὲν
1632 256 1679 285 οὖν
1704 260 1818 286 παλαιοὶ

1025 298 1103 330 μῦθοι
1120 299 1228 333 λέγουσι
1254 301 1318 336 περὶ
1342 301 1391 337 τὴν
1408 303 1540 330 Βοιωτίαν
1555 304 1602 330 καὶ
1619 305 1668 339 τὴν
1684 306 1816 341 Κολχίδα,
1853 307 1856 309 ’

1023 345 1204 380 δρακοντείων
1215 346 1330 374 ὀδόντων
1344 348 1586 383 κατασπαρέντων.
1607 350 1636 375 ἐν
1651 351 1744 382 ὅπλοις
1759 352 1815 384 ἄμα

1022 389 1061 425 τῷ
1082 391 1175 425 σπόρῳ
1197 392 1261 423 τοὺς
1285 392 1387 427 ἄνδρας
1413 393 1617 419 ἀναπάλλεσθαι
1634 402 1641 410 '
1663 395 1678 420 ὸ
1702 395 1731 420 δὲ
1753 396 1814 420 καί]Δ

1023 436 1095 471 ήμᾶς
1108 436 1204 472 χρόνος
1221 437 1268 464 καὶ
1282 439 1329 464 τὸν
1344 438 1429 472 μῦθον
1442 439 1537 465 τοῦτον
1549 440 1588 470 εἰς
1600 439 1659 473 φῶς
1672 440 1719 465 καὶ
1735 440 1814 474 ἔργον

1023 483 1161 517 συνήγαγε
1175 484 1224 510 καὶ
1237 483 1352 519 ὀφθῆναι
1368 486 1588 520 κατηνάγκασεν.
1608 486 1647 512 Οὐ
1660 486 1714 520 γὰρ
1731 486 1817 520 Eph-

1024 537 1073 555 σαν
1099 529 1146 555 τοῦ
1169 529 1303 556 Σκυθικοῦ
1329 530 1426 564 γένους
1452 531 1491 562 είς
1505 531 1555 566 τὴν
1573 531 1751 566 ἐπικράτειαν
1765 532 1817 567 τὴν

1027 574 1187 609 Ῥωμαῖκὴν
1210 576 1234 601 οἱ
1252 576 1346 606 παῖδες
1361 576 1457 612 ὥσπερ
1475 576 1582 608 ὀδόντες
1605 577 1816 610 διασπαρέντες,

1022 622 1070 646 καὶ
1086 620 1175 646 πάντα
1187 619 1221 656 ἦν
1236 621 1323 656 μεστὰ
1333 622 1356 638 ³³
1372 621 1459 657 θυμοῦ
1478 623 1524 649 καὶ
1538 622 1638 657 μανίας
1651 623 1698 649 καὶ
1713 623 1814 655 φόνων,

1021 665 1189 693 ἀνελθόντων
1210 666 1302 693 αὐτῶν
1334 667 1374 698 είς
1394 667 1502 701 ἠλικίαν
1526 667 1644 702 μάχιμον
1669 668 1744 701 παρὰ
1768 667 1815 692 τὸν

1022 711 1129 746 χρόνον.
1142 711 1179 738 Τὸ
1193 712 1221 738 δὲ
1240 711 1365 747 ἀκμάζον
1378 712 1426 747 τῆς
1447 712 1583 747 Σκυθικῆς
1600 712 1685 746 ἀλκῆς
1698 712 1745 738 καὶ
1754 720 1816 745 γεν-

1021 755 1162 790 ναιότητος
1176 755 1209 787 ⁸³,
1230 758 1287 787 τοῖς
1307 756 1518 791 ὑποδεξαμένοις
1538 758 1598 784 ἀντί
1611 757 1665 784 τῶν
1680 757 1816 792 ἐκϐεϐλη-

1021 803 1108 830 κότων
1128 803 1156 835 ἐς
1175 803 1360 830 ἐπανάστασιν
1377 803 1459 835 εὐθὺς
1472 803 1586 838 ὲγερθὲν
1610 803 1634 818 ⁸⁸
1654 803 1700 829 καὶ
1727 803 1815 837 μαχό-

1023 856 1104 882 μενον
1125 847 1192 874 πολὺ
1208 848 1347 883 δεινότερα
1365 848 1412 875 καὶ
1429 847 1621 883 τραγικώτερα
1644 848 1816 882 συνετόλμη-

1023 901 1069 919 σεν
1082 890 1120 920 ὧν
1141 893 1253 920 ἔπαθεν.
1286 894 1316 921 'H
1342 894 1392 929 μὲν
1418 895 1472 928 γὰρ
1499 894 1595 929 Θρᾴκη
1624 894 1698 920 πᾶσα
1723 894 1772 919 καὶ
1795 895 1815 928 ἡ

1022 939 1137 975 συνεχὴς
1154 940 1220 974 αὐτῇ
1231 939 1308 974 χώρα
1320 939 1475 966 Μακεδονία
1490 940 1536 966 καὶ
1549 939 1686 966 Θεσσαλία
1699 939 1814 973 τοιαύτη

1020 985 1062 1016 τίς
1079 986 1137 1011 ἐστι
1153 985 1200 1011 καὶ
1214 985 1285 1011 οὕτω
1300 984 1501 1019 πολυύμνητος,
1521 985 1592 1011 ὥστε
1610 984 1670 1011 οὐδὲ
1686 983 1726 1015 εἷς
1742 985 1815 1011 κατὰ

1021 1031 1108 1058 ταῦτα
1123 1031 1292 1065 ἀναγράφειν
1305 1032 1319 1057 ὁ
1340 1031 1418 1064 λόγος
1439 1029 1484 1065 ἦν.
1506 1030 1649 1064 Τοσαύτην
1673 1031 1701 1056 δὲ
1729 1029 1814 1057 οὖσαν

1022 1077 1108 1112 αὐτὴν
1124 1077 1172 1103 καὶ
1192 1076 1264 1103 οὕτω
1287 1076 1509 1111 πολυάνθρωπον,
1537 1075 1684 1110 εὐδαίμονά
1707 1085 1736 1102 τε
1754 1077 1814 1111 ἆμα

1021 1123 1068 1148 καὶ
1083 1121 1223 1156 εὔανδρον,
1239 1122 1255 1156 ὴ
1273 1120 1327 1147 τῶν
1345 1121 1455 1147 Σκυθῶν
1468 1121 1582 1152 ἄπιστος
1596 1122 1642 1147 καὶ
1658 1121 1813 1155 παράλογος

1022 1168 1205 1198 ἐπανάστασις
1223 1167 1388 1199 ἐξαπιναίως
1403 1168 1452 1194 καὶ
1463 1168 1636 1202 παραχρῆμα
1651 1168 1700 1202 τῆς
1714 1166 1813 1193 διαδάα

1022 1222 1090 1244 eam;
1116 1213 1332 1248 συντολμηθεῖσα
1359 1213 1408 1239 καὶ
1425 1213 1590 1248 ἀνοιδῆσασα
1614 1213 1815 1248 κατεστόρεσεν

1021 1261 1051 1291 ἐς
1068 1260 1178 1286 τοσόνδε
1194 1259 1241 1286 καὶ
1260 1258 1453 1294 καθημάξευσε
1472 1260 1533 1288 ταῖς
1554 1258 1720 1293 συμφοραῖς,
1741 1256 1814 1283 ὥστε

1021 1306 1122 1342 χρυσὸν
1137 1305 1334 1340 ἀποδειχθῆναι
1350 1304 1418 1338 πρὸς
1431 1303 1465 1330 τὰ
1480 1304 1586 1339 Θρᾴκια
1604 1304 1679 1338 πάθη
1695 1303 1745 1337 τὴν
1757 1302 1814 1329 Μυ-

1022 1352 1078 1378 σῶν
1106 1350 1279 1386 παροιμιώδη
1303 1350 1388 1376 λείαν.
1416 1349 1501 1381 Δόξαν
1524 1349 1616 1380 αὐτοῖς
1644 1347 1813 1380 στασιάζειν,

1021 1397 1170 1433 ἀξιομάχου
1184 1397 1220 1432 μὴ
1236 1396 1375 1431 παρούσης
1387 1396 1530 1430 δυνάμεως
1543 1394 1583 1425 είς
1595 1393 1713 1428 ἄμυναν,
1729 1393 1768 1428 τῷ
1783 1401 1814 1419 τε

1021 1443 1119 1478 πλήθει
1133 1443 1201 1477 πρὸς
1223 1441 1384 1476 ἀνθρώπους
1410 1439 1583 1473 ἀφυλάκτους
1608 1439 1656 1465 καὶ
1679 1438 1814 1469 ἀνόπλους

1021 1489 1160 1523 ἐφάνησαν
1179 1487 1374 1522 φοϐερώτατοι,
1391 1486 1439 1512 καὶ
1453 1484 1492 1519 τῷ
1505 1485 1684 1519 φονικωτάτῳ
1700 1483 1768 1519 πρδς
1782 1483 1815 1509 τὸ

183 1534 269 1561 usque
308 1534 341 1554 eo
352 1528 487 1561 spoliavit.
500 1533 529 1554 ut
542 1536 596 1562 prae
611 1529 662 1556 hac
678 1529 802 1559 Thraciae
814 1532 968 1560 calamitate

1021 1535 1206 1571 κρατούμενον
1218 1533 1306 1559 πάντα
1321 1532 1426 1566 ἀνδρῶν
1443 1531 1491 1565 ὲχή
1498 1539 1599 1564 ρωσαν.
1617 1529 1813 1564 Περιειςτὴκει

179 1578 275 1598 aurum
309 1579 369 1598 esse
381 1572 517 1600 videretur
539 1573 639 1608 Mysica
663 1575 718 1607 illa,
742 1583 802 1610 quae
826 1579 968 1611 proverbio

179 1616 281 1649 fertur,
303 1617 443 1651 praedatio.
459 1618 550 1645 Visum
569 1624 658 1647 autem
674 1625 715 1648 est
731 1621 784 1649 illis
800 1624 967 1652 seditionem

181 1662 312 1695 excitare,
323 1670 383 1689 eum
397 1663 475 1690 nulla:
482 1663 622 1700 21cupize
633 1666 771 1701 adessent,
779 1676 837 1703 quae
849 1677 968 1704 pugnare

179 1712 207 1735 et
224 1707 276 1734 illis
295 1708 424 1736 resistere
439 1714 560 1743 possent.
597 1710 631 1738 Et
659 1713 832 1742 multitudine
857 1715 966 1750 quidem

180 1762 228 1782 sua
243 1754 400 1782 hominibus
413 1755 529 1783 incautis
541 1761 567 1783 et
587 1757 646 1785 sine
661 1759 745 1786 armis
764 1766 842 1788 erant
870 1764 966 1791 terrori

180 1803 208 1826 et.
247 1801 273 1827 in
301 1802 387 1828 czedes
425 1810 488 1837 erga
519 1803 641 1832 devictas
681 1805 767 1838 eﬂ'usi,
793 1809 883 1836 omnia
915 1810 968 1838 lalc

181 1846 343 1874 mortalibus
357 1847 504 1874 nudarunt.
520 1847 584 1876 lude
616 1849 716 1877 factum
733 1857 786 1883 est,
801 1857 830 1879 ut
853 1854 967 1882 Romani

181 1890 343 1926 Scytharum
361 1900 457 1920 nomen
478 1900 532 1920 non
550 1894 638 1922 minus
655 1896 872 1932 reformidarent,
887 1909 967 1934 quant

181 1936 290 1972 Scytha:
320 1945 417 1965 nomen
437 1938 606 1967 Hunnorum.
631 1941 670 1969 Ex
699 1944 854 1973 civitatibus
876 1954 969 1980 pauca:

184 1984 320 2011 moenibus
340 1989 366 2011 et
380 1987 591 2020 propugnaculis
622 1993 697 2022 tutae,
717 1998 785 2024 quas
818 1991 898 2020 facile
927 1998 969 2020 est

181 2037 353 2064 enumerare,
379 2030 492 2066 integrae
529 2038 556 2060 et
588 2033 679 2062 illmsa:
706 2043 914 2070 permanserunt
943 2044 970 2066 et

180 2076 268 2103 adhuc
285 2083 455 2110 permanent.
483 2077 535 2105 Sed
566 2080 639 2114 regio
672 2081 728 2115 ipsa
752 2082 896 2116 plurimum
928 2090 970 2112 est

180 2126 296 2154 vastata,
322 2127 347 2149 et
374 2124 473 2150 inculta
496 2129 524 2151 et
538 2126 645 2153 deserta
672 2127 793 2161 jacetex
819 2130 870 2157 hoc
887 2131 967 2159 bello.

179 2165 333 2199 Imperator
353 2173 442 2195 autem
465 2174 493 2196 ut
520 2169 552 2196 de
568 2175 606 2196 tot
637 2173 774 2208 tantisque
797 2175 884 2207 malis,
909 2185 969 2211 tlliiE

1018 1582 1045 1609 δὲ
1060 1583 1087 1612 ἐς
1099 1582 1156 1607 ἴσον
1168 1580 1247 1614 λόγον
1259 1580 1307 1606 καὶ
1322 1578 1428 1609 Σκύθας
1443 1578 1552 1604 Οὕννων
1566 1577 1604 1612 μὴ
1618 1577 1712 1611 φέρειν
1727 1576 1813 1610 Evoti:

1019 1628 1066 1654 καὶ
1085 1626 1239 1661 Ῥωμαίους
1253 1624 1375 1652 Σκυθῶν.
1389 1624 1486 1656 Πόλεις
1497 1623 1562 1657 γοῦν
1574 1623 1755 1658 εὐαρίθμητοι
1764 1621 1814 1648 καὶ

1019 1674 1097 1707 ὀλίγα
1113 1673 1184 1704 τινὲς
1196 1671 1366 1706 διεσώθησαν
1381 1670 1428 1696 καὶ
1444 1669 1484 1696 ἔτι
1495 1668 1627 1700 σώζονται
1638 1668 1738 1703 τειχῶν
1753 1668 1813 1693 ἐνε-

1019 1722 1066 1746 κεν
1080 1719 1127 1746 καὶ
1151 1717 1378 1753 οίκοδομημάτων
1392 1724 1398 1731 ·
1420 1717 1436 1750 ἡ
1461 1715 1489 1742 δὲ
1514 1715 1591 1750 χώρα
1619 1715 1667 1740 καὶ
1686 1714 1717 1740 τὸ
1738 1714 1814 1738 πλεῖ-

1020 1773 1081 1791 στον
1098 1763 1285 1795 ὰπανάλωται,
1298 1762 1345 1788 καὶ
1363 1762 1436 1787 ἐστιν
1448 1760 1576 1795 ἀοίκητον
1591 1760 1637 1785 καὶ
1651 1759 1750 1785 ἄϐατον
1767 1758 1814 1784 διὲ

1018 1810 1064 1835 τὴν
1093 1808 1222 1843 πόλεμον.
1252 1807 1383 1837 Βασιλεὺς
1403 1806 1430 1832 δὲ
1446 1804 1540 1838 ἐπειδὴ
1565 1803 1667 1830 τούτων
1694 1802 1813 1828 ἐπύθετο

1019 1855 1074 1881 τῶν
1088 1855 1243 1889 ἀδιηγήτων
1261 1853 1364 1883 κακῶν.
1381 1851 1451 1885 πρὸς
1469 1851 1518 1886 μὲν
1525 1850 1588 1881 τοὺς
1603 1849 1711 1884 Πέρσας
1724 1849 1812 1881 ἀναγ-

1019 1901 1100 1928 καίαν
1130 1901 1242 1935 εἰρήνην
1270 1898 1456 1932 συνθέμενος,
1482 1896 1572 1930 ἐαυτῷ
1596 1896 1624 1922 δὲ
1652 1895 1812 1929 πολεμήσας

1020 1946 1066 1973 ἐπὶ
1083 1944 1253 1980 μεταγνώσει
1282 1944 1332 1978 τῆς
1353 1943 1498 1978 ὑποδοχῆς,
1515 1942 1553 1975 τῷ
1577 1941 1655 1975 θυμῷ
1680 1949 1710 1966 τε
1728 1941 1811 1974 ὑπερ-

1020 1991 1111 2023 έζεσε,
1126 1990 1174 2017 καὶ
1193 1990 1262 2023 πρὸς
1275 1989 1319 2015 τὸν
1332 1989 1450 2023 πόλεμον
1463 1988 1589 2015 ἐντείνων
1599 1988 1621 2003 ³³
1631 1986 1728 2013 ἑαυτὸν
1744 1995 1812 2021 προ-

1022 2037 1199 2072 καταπέμπει
1216 2036 1246 2062 τὸ
1269 2035 1435 2070 Σαρακηνῶν
1460 2034 1572 2060 ἱππικὸν
1588 2034 1626 2065 ὡς
1649 2034 1812 2068 ἁντισχῆσον

1021 2083 1076 2114 τοῖς
1095 2081 1258 2117 Βαρδάροις.
1288 2080 1357 2116 Ἤδη
1383 2080 1437 2116 γὰρ
1465 2081 1513 2107 καὶ
1536 2081 1585 2116 τὴν
1603 2079 1812 2106 Κωνσταντίνου

1023 2129 1099 2154 πόλιν
1119 2128 1293 2162 κατέτρεχον,
1306 2127 1420 2157 καὶτοῖς
1438 2126 1556 2161 τείχεσιν
1576 2126 1706 2160 ὴνόχλουν
1733 2133 1813 2159 περι-

1023 2175 1181 2209 καθήμενοι,
1198 2173 1327 2208 πολέμιόν
1343 2181 1373 2198 τε
1390 2172 1466 2198 οὐδὲν
1486 2172 1601 2207 ὁρῶντες
1619 2173 1646 2202 ὲς
1665 2170 1813 2197 ἀντίπαλον

180 2213 284 2239 narrari
302 2220 356 2240 non
375 2219 500 2248 possunt,
515 2215 603 2243 factus
628 2223 669 2244 est
692 2219 792 2246 certior
812 2227 841 2247 se
869 2221 967 2255 ipsum,

1025 2221 1125 2256 μάχην,
1142 2219 1189 2246 καὶ
1205 2221 1260 2250 τοῖς
1277 2219 1447 2254 φρονήμασιν
1465 2219 1504 2248 si:
1520 2219 1609 2245 πᾶσαν
1638 2217 1717 2252 ὓϐριν
1745 2217 1813 2242 ὠλι-

180 2258 250 2292 quod
266 2258 326 2286 illos
345 2260 488 2294 receperit,
506 2269 648 2297 accusans,
671 2272 763 2298 pacem
789 2273 849 2293 cum
878 2267 968 2296 Persis

179 2303 336 2330 necessario
356 2303 444 2332 facere
460 2310 501 2332 est
517 2313 640 2334 coactus.
666 2308 760 2342 Itaque
787 2309 826 2337 ira
848 2311 967 2347 ﬂagrans

1025 2266 1166 2301 σθηκότες.
1189 2265 1222 2291 Ὃ
1234 2265 1266 2300 δὴ
1282 2265 1306 2281 ⁸ο
1330 2266 1378 2291 καὶ
1398 2264 1556 2300 περιφανῶς
1580 2264 1653 2296 ἔδοξε
1679 2263 1813 2289 κάλλιστα

1024 2312 1213 2348 στρατηγῆσαι
1233 2311 1305 2338 κατὰ
1320 2311 1365 2337 τὸν
1382 2311 1477 2346 καιρὸν
1491 2311 1593 2336 ἐκεῖνον
1613 2310 1629 2343 ἡ
1643 2310 1721 2343 τύχη.

178 2356 206 2375 et
219 2353 291 2376 totus
309 2350 335 2376 in
367 2350 431 2378 illud
464 2351 563 2378 bellum
596 2353 755 2382 incumbens
799 2358 939 2390 prmmittit
960 2359 1160 2386 Saracenorum
1201 2358 1363 2392 equitatuut,
1397 2357 1442 2392 qui
1473 2356 1651 2384 barbarorum
1682 2356 1812 2389 impetum

180 2397 350 2430 reprimeret.
367 2397 427 2424 Jam
446 2399 517 2425 enim
547 2407 633 2434 usque
648 2401 680 2427 ad
704 2400 966 2439 Constantinopolim
985 2405 1177 2437 excurrebant,
1193 2409 1220 2431 et
1251 2409 1379 2438 tauquam
1413 2403 1506 2430 urbem
1535 2402 1691 2430 obsidentes
1710 2401 1811 2427 nul-nia

178 2443 367 2477 incursabant,
390 2452 451 2472 cum
468 2446 553 2472 nullas
567 2447 668 2481 copias,
693 2456 754 2483 quas
767 2449 821 2478 illis
847 2453 976 2481 resistere
996 2457 1118 2488 possent,
1141 2455 1295 2483 cernerent,
1329 2450 1455 2484 superbia
1476 2457 1522 2476 su.-
1548 2449 1582 2476 ad
1605 2456 1713 2475 omnem
1742 2448 1814 2476 fero‘

178 2489 252 2515 cium
269 2490 351 2517 delati
380 2490 457 2518 Unde
473 2490 580 2518 fortuna
600 2497 662 2520 tunc
677 2496 807 2529 temporis
823 2499 966 2527 manifeste
983 2501 1040 2527 visa
1055 2504 1096 2527 est
1112 2498 1182 2525 belle
1198 2504 1247 2531 pro
1263 2495 1393 2523 Romanis
1409 2496 1552 2522 militasse.

216 2536 241 2562 7.
268 2537 310 2572 (A.
329 2537 361 2564 C.
378 2537 441 2570 592,
459 2538 513 2565 imi.
538 2538 564 2571 5,
579 2538 713 2567 Theodos.
733 2541 797 2575 imp.
827 2542 885 2579 14.)
913 2544 967 2572 Sub

1055 2543 1086 2576 ζ’.
1105 2543 1166 2569 Ὅτι
1181 2542 1228 2569 ἐπὶ
1244 2541 1385 2568 Θεοδοσίου
1411 2541 1473 2571 τοὺς
1486 2539 1620 2576 ’πρώτους
1631 2539 1745 2574 χρόνους
1762 2540 1811 2574 τῆς

180 2582 333 2610 Theodosio
346 2583 442 2617 primis
452 2584 511 2619 ejus
520 2583 711 2618 imperiianuis
724 2585 888 2622 Scytharum
900 2597 967 2624 gens

1021 2591 1158 2626 βασιλείας
1176 2590 1206 2616 τὺ
1223 2589 1277 2615 τῶν
1302 2587 1414 2614 Σκυθῶν
1430 2586 1505 2617 ἔθνος
1526 2585 1731 2620 ἐξελαυνόμενοι
1761 2586 1812 2620 τῆς

179 2629 290 2656 sedibus
309 2629 367 2657 suis
382 2630 469 2656 excita
486 2634 513 2658 et
527 2630 561 2658 ab
575 2629 681 2658 llnnnis
697 2632 820 2666 expulsa,
839 2641 891 2661 una
905 2643 967 2663 cum

1021 2636 1111 2672 χώρας
1126 2636 1179 2662 ὑπὸ
1200 2635 1254 2661 τῶν
1276 2633 1396 2666 Οὒννων,
1413 2631 1613 2666 διεῦεϐήκεσαν
1642 2631 1697 2657 τῶν
1719 2631 1812 2665 φυλῶν

180 2682 291 2703 suarum
307 2675 425 2703 tribuum
438 2676 553 2704 ducibus
583 2682 610 2704 et
644 2677 715 2711 aliis,
740 2679 785 2713 qui
816 2687 914 2714 genere
944 2687 968 2709 et

1021 2682 1164 2718 ἡγεμόνες,
1184 2680 1317 2716 ἀξιώματι
1345 2679 1391 2705 καὶ
1417 2679 1490 2712 γένει
1522 2678 1701 2713 προήκοντες.
1729 2674 1812 2703 Οὗτοι

817 2747 934 2775 νΑιιιΑι
952 2748 1156 2777 LECTIONES.

214 2803 236 2818 λ’
257 2804 344 2844 μεστὰ
362 2803 540 2844 Cafaubonus
557 2813 600 2840 ap.
618 2805 787 2844 {Soissoans
800 2806 880 2844 -Ξξίὸε
895 2809 963 2844 μετὰ
988 2809 1059 2844 vulg.
1100 2809 1122 2824 ⁸³
1133 2807 1321 2842 γενναιότατον
1338 2807 1369 2834 ll.
1410 2807 1432 2823 ⁸⁸
1447 2805 1561 2841 ὲγεροὲν
1574 2805 1711 2839 Boisson.,
1730 2805 1811 2841 ἐγερ-

181 2839 259 2874 θῆναι
275 2839 348 2875 vulg.
400 2839 423 2853 ⁸⁸
440 2839 556 2867 ὲντύνων
573 2839 645 2876 conj.
665 2841 694 2868 Β.
733 2842 756 2858 ⁸⁸
769 2842 782 2867 ὂ
798 2841 841 2877 δὴ]
855 2839 915 2870 ὅθεν
926 2843 958 2870 H.
