1945 3073
113 157 178 191 ⁴661

532 160 580 191 DE
602 160 886 191 LEGATIONIBUS
904 160 1082 193 GENTIUM
1105 163 1153 193 AD
1171 162 1361 193 ROMANOS.

1701 160 1754 191 662

124 217 186 248 ταῖς
211 216 305 251 τιμαῖς
327 215 374 242 τοῦ
390 215 520 251 βασιλέως
537 215 729 250 ἐξωγκωμένοι
752 216 800 242 καὶ
824 216 914 243 πάντα

976 218 1105 245 tohilitate
1135 219 1311 252 priestabant,
1338 217 1517 252 traiecerunt.
1544 222 1573 245 et
1603 218 1752 247 honoribus

125 262 170 297 ἐφ’
189 262 301 293 ἑαυτοὺς
313 261 431 296 ὁρῶντες
446 261 570 296 κείμενα,
586 262 680 288 στάσιν
703 262 733 288 ὲν
749 261 874 296 ἀλλήλοις
885 262 915 288 οὐ

129 308 233 344 μικρὰν
247 308 372 343 ἦγειραν,
390 308 415 334 οἱ
438 307 487 342 μὲν
511 307 620 342 ἀγαπᾷν
636 307 683 334 καὶ
715 307 842 342 δέχεσθαι
867 307 918 343 τὴν

128 353 270 388 παροῦσαν
285 353 459 388 εὐδαιμονίαν
474 352 643 386 κελεύοντες,
671 353 696 379 oi
720 353 749 380 δὲ
776 353 822 380 τὸν
848 354 917 381 οίκοι

127 400 259 434 γεγονότα
277 398 422 433 φυλάττειν
441 399 524 434 ὁρκον
546 399 639 430 αὺτοῖς
659 400 707 425 καὶ
725 399 763 435 μὴ
785 399 919 434 παραϐαί-

128 453 186 472 νειν
212 444 319 476 ὲκείνας
338 445 388 476 τὰς
403 444 551 480 συνθήκας.
568 441 654 472 Δῦται
669 444 700 472 ει
724 442 796 480 ἦσαν
820 446 919 473 das“-

130 499 227 518 σταται
241 491 290 518 καὶ
312 491 479 527 βαρϐαρικὸν
495 489 560 528 ἦθος
578 493 618 524 είς
633 492 762 529 ὠμότητα
779 493 918 529 παρατρέ-

129 545 238 572 χουσαι,
265 537 349 564 παντὶ
371 538 464 573 τρόπῳ
485 538 633 573 Ῥωμαίοις
658 538 847 566 ἐπιϐουλεύειν
872 539 919 567 καὶ

128 583 205 618 πάσῃ
235 584 343 618 μηχανῇ
371 583 418 610 καὶ
444 583 513 619 δόλῳ
538 583 602 616 τοὺς
631 584 847 620 ὑποδεξαμένους
860 585 920 612 ἁδι-

129 630 200 659 κεῖν,
214 628 265 656 κᾶν
281 629 316 655 τὰ
335 629 452 664 μέγιστα
477 629 522 657 ὑπ’
548 629 641 657 αὐτῶν
667 629 697 657 εὖ
715 630 868 666 πάσχωσιν,
883 630 920 662 ὡς

128 673 162 700 ἂν
175 674 225 708 τῆς
241 674 353 701 ἐκείνων
370 673 480 710 ἀπάσης
496 674 587 710 χώρας
614 675 757 710 ἐγκρατεῖ,
775 675 919 708 γένωνται.

129 720 199 754 Περὶ
215 719 311 746 τούτου
331 721 380 755 μὲν
396 718 444 747 οὖν
458 718 493 756 ἦν
504 721 596 752 αὐτοῖς
613 721 629 756 ἡ
650 721 753 753 στάσις,
772 721 820 747 καὶ
833 720 921 747 διανεο

130 765 267 800 μηθέντες
281 766 491 801 ἀπερράγησαν,
515 766 540 792 οι
569 767 619 801 μὲν
649 766 685 792 τὰ
711 766 796 801 χείρω
823 766 922 801 προθέ-

131 819 210 845 μενοι
236 810 288 845 τῆς
305 811 403 846 βουλῆς
415 831 423 844 ,
449 812 474 838 oi
493 811 523 838 δὲ
537 811 572 838 τὰ
590 811 781 847 εὐσεϐέστερα,
809 811 923 847 ἐπικρύ-

130 865 246 887 πτοντες
257 856 285 883 δὲ
301 856 420 892 ἑκατέρα
441 857 536 889 στάσις
550 855 600 890 τὴν
621 858 760 893 πρόφασιν
778 858 828 893 τῆς
839 858 923 894 ὀργῆς

129 901 215 936 ὅμως.
237 902 291 929 Καὶ
311 903 325 928 ὁ
340 901 467 937 βασιλεὺς
484 904 572 940 τιμῶν
586 904 637 931 οὐκ
651 905 758 939 ἔληγεν,
782 903 839 930 ἀλλ’
860 906 923 939 ὁμο·
940 896 960 924 Β

129 946 284 982 τραπέζους
298 945 355 983 εἶχε
380 949 429 975 καὶ
447 950 627 985 ὁμοσκήνους,
651 950 698 976 καὶ
716 949 783 976 πολὺ
799 950 829 976 τὺ
846 950 921 984 φιλό-

130 992 218 1027 δωρον
239 993 268 1024 ὲς
287 994 386 1025 αὐτοὺς
409 992 444 1029 ἦν
457 1002 465 1009 ·
485 994 604 1029 οὐδαμοῦ
632 995 686 1030 γὰρ
710 995 855 1031 ιξεφέρετο
875 995 922 1022 καὶ

131 1039 360 1074 παρεγυμνοῡντο
373 1040 407 1066 τὰ
418 1040 468 1075 τῆς
483 1041 660 1075 φιλονεικίας.
674 1039 729 1068 Ἦν
754 1041 782 1068 δὲ
809 1041 921 1076 ἡγεμὼν

131 1082 181 1118 τῆς
212 1083 262 1118 μὲν
291 1084 434 1119 θεοφιλοῦς
453 1085 502 1113 καὶ
532 1086 608 1118 θείας
639 1086 748 1122 μερίδος
774 1086 919 1122 Φράϐιθος,

131 1128 202 1163 ἀνὴρ
216 1129 276 1160 νέος
302 1130 352 1164 μὲν
379 1132 449 1157 κατὰ
468 1131 517 1166 τὴν
542 1131 661 1166 ἡλικίαν,
678 1132 799 1166 γεγονὼς
826 1132 854 1158 δὲ
881 1133 921 1164 είς

133 1175 234 1210 ἀρετὴν
252 1176 301 1202 καὶ
313 1176 443 1211 ἀλήθειαν
459 1177 588 1204 ἁπάντων
602 1177 754 1212 ἀνθρώπων
768 1177 921 1209 κάλλιστος.

132 1220 218 1251 Θιούς
230 1229 259 1246 τε
269 1221 322 1255 γὰρ
338 1221 472 1256 ὡμολόγει
490 1222 654 1256 θεραπεύειν
670 1223 741 1249 κατὰ
752 1223 798 1249 τὸν
810 1223 924 1257 ἀρχαῖον

133 1265 248 1300 τρόπον,
262 1267 308 1293 καὶ¹
323 1267 452 1303 οίιδεμίαν
475 1269 580 1305 ὑπέστη
596 1268 695 1296 πλάσιν
712 1269 740 1300 ἐς
755 1268 863 1304 ἀπάτην
876 1268 924 1295 καὶ

133 1313 314 1348 διακράτησιν
338 1314 373 1347 ⁸⁷,
389 1314 458 1341 ἀλλὰ
474 1315 581 1350 γυμνὴν
597 1315 645 1342 καὶ
665 1314 790 1350 καθαρὰν
804 1314 924 1350 διέφαινε

133 1360 183 1394 τὴν
193 1359 282 1395 ψυχὴν
299 1361 363 1396 περὶ
380 1360 428 1389 τοῦ
444 1361 513 1395 βίου,
527 1360 625 1396 ἐχθρὸν
638 1359 837 1395 ὑπολαμϐάνων

967 264 1002 290 ab
1018 264 1181 298 imperatore
1201 264 1298 291 delatis
1310 265 1512 299 arrogantiores
1538 263 1602 292 facti
1622 270 1648 293 et
1664 267 1754 293 omnia

969 309 996 336 in
1011 316 1041 336 se
1052 309 1139 343 posita
1166 310 1378 344 conspicientes,
1409 310 1480 338 inter
1506 317 1535 338 se
1568 319 1621 338 non
1643 319 1754 346 parvam

968 355 1128 382 seditionem
1163 355 1331 388 excitarunt,
1355 363 1416 382 cum
1441 355 1486 383 alii
1511 356 1696 389 hortarentur,
1727 362 1757 384 ut

969 401 1089 428 contenti
1114 401 1241 434 [amenti
1269 402 1450 436 prosperitate
1483 402 1649 435 fruerentur,
1668 402 1712 429 alii
1729 406 1758 429 ut

966 445 1170 480 jusjueandnm,
1187 445 1258 480 quod
1283 445 1355 473 domi
1379 447 1577 480 praestiterant,
1603 450 1755 479 servarent,

970 497 1056 525 neque
1083 494 1161 524 pacta
1194 490 1352 525 migrarent.
1377 489 1422 517 illa
1452 495 1543 517 autem
1575 495 1652 526 pacta
1680 495 1759 518 erant

970 535 1178 568 immanissima,
1208 541 1238 563 et
1268 536 1430 564 crudelitate
1461 536 1549 572 ipsum
1579 537 1758 564 barbarorum

970 589 1074 608 morem
1103 581 1280 615 excedebant,
1306 586 1336 609 ut
1370 582 1446 610 omni
1490 583 1596 610 ratione
1629 583 1758 609 Romanis

971 627 1085 656 insidias
1111 627 1253 656 tenderent
1278 632 1306 655 et
1324 628 1398 655 omni
1424 632 1484 656 arte
1505 632 1533 656 et
1562 628 1658 656 fraude
1687 628 1758 661 illos,

971 681 1087 708 quorum
1104 680 1209 700 summa
1228 673 1254 700 in
1266 680 1313 701 eos
1326 673 1491 701 constabant
1528 673 1637 704 merita,
1662 680 1759 708 aggre-

972 719 1103 746 derentur
1133 722 1161 746 et
1191 719 1435 751 circumvenirent,
1465 726 1551 754 neque
1575 719 1760 753 quiescerent,

973 765 1059 793 donec
1085 765 1160 793 omni
1174 766 1281 793 illorum
1304 766 1414 802 regi0ne
1440 767 1518 800 pmiti
1539 765 1691 794 essent.De
1709 765 1761 792 hoc

974 810 1057 846 Igitur
1071 815 1130 838 erat
1155 811 1226 839 inter
1243 811 1360 846 Scythas
1377 812 1484 844 seditio,
1507 816 1534 838 et
1556 812 1628 838 inter
1639 819 1668 838 se
1680 811 1761 838 dissi-

975 856 1080 889 dentes,
1094 857 1121 884 in
1137 856 1204 884 duas
1217 857 1372 884 contrarias
1386 862 1478 890 partes
1499 856 1546 884 lati
1573 861 1646 884 sunt.
1667 856 1719 883 Alii
1733 856 1760 883 in

976 902 1164 937 benigniorum
1184 902 1350 930 sententiam
1363 903 1522 937 vergebant,
1541 907 1655 936 utraque
1669 907 1759 929 tamen

974 954 1037 982 pars
1062 948 1204 975 seditionis
1241 954 1351 975 causam
1384 947 1549 975 occultabat.
1578 947 1762 975 Nihilominus

974 993 1123 1028 imperator
1147 993 1208 1020 illos
1235 993 1387 1020 honoribus
1412 1000 1510 1020 ornare
1531 1001 1584 1021 non
1601 993 1761 1025 desistebat,

973 1042 1001 1065 et
1018 1037 1097 1064 modo
1113 1045 1168 1064 sua:
1185 1045 1285 1066 mensa:
1308 1037 1466 1072 participes,
1484 1038 1564 1064 modo
1589 1038 1638 1064 sub
1666 1038 1762 1064 eodem

974 1083 1091 1121 tentorio
1105 1083 1235 1118 degentes
1248 1083 1409 1111 admittebat
1431 1087 1470 1110 et‘
1483 1083 1556 1110 omni
1575 1083 1763 1111 benevolentia

973 1137 1021 1157 eos
1038 1128 1266 1164 prosequebatur.
1297 1127 1436 1162 Nusquam
1461 1127 1532 1155 enim
1559 1135 1640 1163 prava
1668 1135 1762 1154 eorum

974 1175 1085 1202 consilia
1103 1175 1273 1210 apparebant
1290 1178 1317 1202 et
1343 1174 1550 1208 delegcbantur,
1581 1174 1648 1202 Erat
1671 1180 1762 1202 autent

974 1221 1122 1249 sanctioris
1138 1226 1165 1248 et
1181 1221 1228 1248 Dei
1250 1222 1340 1249 charm
1352 1221 1439 1255 partis
1464 1222 1518 1248 dux
1535 1221 1666 1253 Fravitta,
1684 1224 1765 1248 mlate

975 1267 1084 1301 quidem
1102 1266 1221 1301 juvenis,
1233 1267 1279 1294 sed
1296 1267 1352 1301 qui,
1369 1274 1432 1294 cum
1453 1267 1582 1294 virtutem
1597 1266 1764 1294 excoluiSset

977 1316 1004 1340 et
1015 1312 1122 1339 veritati
1142 1312 1303 1344 studuisset,
1319 1312 1440 1339 omnium
1466 1311 1606 1338 horninum
1630 1316 1764 1346 preman—

978 1357 1102 1386 tissimus
1116 1358 1169 1394 22
1182 1361 1318 1386 evaserat.
1337 1357 1405 1385 Deos
1425 1357 1470 1384 ille
1490 1356 1541 1384 sibi
1559 1357 1591 1384 ad
1622 1358 1764 1392 antiquum

135 1413 237 1433 moer
253 1407 382 1434 colendos
393 1407 540 1439 statuebat,
557 1414 644 1441 neque
670 1406 709 1433 illi
743 1406 815 1433 ullus
836 1406 923 1432 inerat
940 1405 1030 1434 dolus.
1054 1404 1112 1432 Non
1139 1405 1184 1432 ille
1207 1405 1353 1440 quidquam
1379 1412 1427 1440 per
1445 1403 1567 1431 fraudem
1591 1408 1618 1431 et
1634 1403 1764 1431 malitiam

133 1454 263 1489 ﬁngebat,
279 1461 333 1489 quo
359 1455 412 1482 sibi
438 1455 587 1487 potentiam
616 1460 766 1489 comparet.
793 1456 840 1483 sed
866 1462 945 1491 puro,
975 1454 1091 1489 simplici
1109 1458 1137 1481 et
1153 1453 1270 1480 candido
1289 1453 1379 1480 animo
1407 1452 1478 1479 inter
1506 1452 1630 1480 homines
1657 1453 1764 1486 agebat.

137 1535 143 1541 .
184 1535 191 1542 .
226 1535 232 1541 .
267 1535 274 1542 .
310 1535 317 1542 .
355 1534 362 1541 .
394 1534 401 1541 .
439 1509 652 1549 ,ἀξιῶςἊΐδαο
686 1515 823 1548 πύλῃσιν

981 1513 1101 1547 chorem
1115 1512 1198 1549 portis
1213 1511 1376 1549 infernarum
1392 1519 1451 1536 eum
1462 1518 1532 1549 “esse
1545 1510 1666 1549 ducebat2

135 1551 189 1583 ’⁷ος
200 1550 227 1584 χ’
236 1549 402 1584 ἕτερον-μὲν
406 1549 497 1584 κεύθῃ
504 1550 526 1565 ⁸⁸
531 1549 576 1576 ἐνὶ
592 1550 712 1584 φρεσίν,
718 1550 795 1576 ἄλλο
801 1550 834 1576 δὲ
841 1550 911 1584 sirm
916 1570 923 1577 .

135 1596 255 1622 Γυναῖκα
284 1594 331 1622 οὖν
364 1595 449 1630 ᾔτησε
481 1595 624 1630 Ῥωμαίαν
657 1594 736 1628 εὐθὺς
755 1616 761 1627 ,
793 1596 836 1623 ίνα
874 1605 926 1632 μη-

139 1641 184 1668 δεν
213 1641 311 1677 ὑϐρίζῃ
341 1641 385 1667 διὰ
418 1640 544 1675 σώματος
585 1641 718 1675 ἀνάγκην.
748 1641 804 1668 Καὶ
835 1642 851 1668 δ
878 1643 925 1677 βα-

138 1687 229 1718 σιλεὺς
257 1687 391 1722 ἐπέτρεψε
429 1687 474 1714 τιν
502 1686 615 1721 γάμον,
644 1687 691 1713 καὶ
718 1687 733 1713 ὁ
756 1687 848 1722 πατὴρ
875 1689 925 1722 τῆς

136 1733 221 1768 κόρης
242 1733 394 1768 (ἐτρέφετο
422 1732 476 1767 γὰρ
502 1733 554 1759 ὑπὸ
578 1733 682 1768 πατρὶ)
709 1733 758 1759 καὶ
779 1733 809 1758 τὸ
836 1733 926 1768 πρᾶγ-

138 1787 176 1814 μα
210 1779 351 1814 ἐθαύμασε
367 1800 375 1813 ,
406 1779 541 1814 μακάριον
576 1779 672 1805 ἑαυτὸν
700 1777 899 1813 ὑπολαμϐάνων
916 1799 924 1811 ,

138 1826 162 1852 εἰ
177 1825 297 1852 τοιοῦτον
323 1825 379 1857 ἕξει
401 1825 537 1860 γαμϐρόν.
565 1825 626 1851 Τῶν
649 1825 699 1860 μιν
721 1824 767 1851 οὖν
781 1824 926 1859 ὁμοφύλων

135 1870 222 1904 ὀλίγοι
236 1871 308 1903 τινὲς
334 1870 382 1906 τὴν
404 1871 546 1898 εὐσέϐειαν
569 1871 617 1898 καὶ
641 1871 744 1906 ἀρετὴν
759 1870 926 1905 ἀγασθέντες

136 1914 185 1942 τοῦ
199 1915 342 1941 νεανίσκου
352 1935 360 1946 ,
383 1915 451 1950 πρὸς
464 1915 514 1949 τὴν
532 1915 637 1941 ὲκείνου
654 1915 768 1950 γνώμην
783 1914 927 1950 ιχώρησαν

126 1960 187 1990 Exul.
201 1959 413 1995 συνεστήκεσαν,
430 1960 455 1985 οἱ
468 1960 495 1986 δὲ
511 1959 605 1986 πολλοὶ
618 1960 666 1986 καὶ
679 1959 859 1995 δυνατώτεροι
872 1960 927 1988 τῶν

137 2005 310 2040 δεδογμένων
335 2005 365 2038 ιε
388 2005 476 2041 ἀρχῆς
494 2005 579 2041 ἀπρὶξ
594 2006 708 2040 εἴχοντο,
726 2006 773 2033 καὶ
790 2006 859 2041 πρὸς
877 2005 927 2041 τὴν

137 2051 220 2078 ὠδῖνα
234 2051 285 2084 τῆς
306 2050 452 2086 ἐπιϐουλῆς
469 2050 652 2085 σφαδάζοντες
680 2051 868 2086 ἔμιμήνισαν·
889 2048 927 2078 ὦν

138 2095 223 2132 ἦρχεν
245 2096 411 2131 Ἐρίουλφος,
428 2098 498 2131 ἀνὴρ
527 2096 668 2132 ἡμιμανὴς
694 2097 742 2123 καὶ
757 2096 812 2123 τῶν
840 2095 927 2123 ἄλλων

139 2142 369 2177 λυσσωδέστερος.
397 2143 554 2178 Συμποσίου
580 2143 609 2170 δὲ
639 2141 818 2177 προτεθέντος
836 2142 927 2174 αὐτοῖς

979 1545 1029 1580 Qui
1044 1547 1119 1574 aliud
1133 1547 1159 1573 in
1173 1545 1276 1580 pectore
1290 1547 1420 1577 versabat,
1438 1545 1514 1572 aliud
1540 1553 1585 1572 ore
1605 1545 1765 1580 proferebat.

978 1593 1096 1621 Uxorem
1113 1592 1264 1620 Romanam
1278 1591 1424 1626 expetivit,
1448 1599 1482 1618 ne
1507 1596 1620 1626 propter
1644 1592 1767 1626 corporis

979 1638 1172 1667 necessitatem
1185 1637 1300 1672 injurias
1316 1644 1377 1664 esse
1395 1642 1550 1672 cogeretur.
1567 1637 1601 1664 Et
1619 1637 1768 1672 imperator

979 1685 1128 1713 secundum
1143 1684 1264 1719 parentis
1280 1683 1424 1711 arbitrium
1441 1683 1516 1711 dedit
1536 1683 1582 1717 jus
1597 1684 1766 1718 nuptiarum,

979 1732 1080 1760 etenim
1097 1731 1187 1766 puella
1207 1730 1258 1758 sub
1273 1734 1351 1765 patre
1366 1729 1548 1757 nutriebatur.
1567 1730 1592 1757 ls
1615 1738 1676 1757 cum
1709 1738 1767 1758 rem

979 1780 1053 1804 esset
1067 1776 1229 1806 admiratus.
1248 1776 1357 1803 beatum
1384 1782 1414 1803 so
1435 1775 1563 1808 ducebat,
1588 1777 1658 1810 quod
1685 1777 1767 1804 talem

979 1828 1109 1856 generum
1133 1825 1230 1848 nactus
1265 1823 1347 1848 esset.
1382 1819 1423 1847 Ex
1457 1827 1490 1848 eo
1521 1821 1619 1848 factum
1657 1826 1708 1854 est,
1739 1826 1769 1848 ut

980 1865 1115 1899 nonnulli,
1126 1866 1174 1894 sed
1186 1866 1330 1894 admodum
1343 1865 1434 1901 pauci,
1445 1867 1626 1895 adolescentis
1641 1868 1768 1895 virtutem

979 1917 1007 1940 et
1023 1912 1121 1947 pictam
1136 1913 1258 1945 reverltl,
1273 1913 1307 1940 ad
1326 1913 1386 1947 ejus
1404 1920 1514 1940 causam
1529 1921 1558 1942 se
1585 1914 1768 1948 adjuuxerint.

979 1958 1067 1985 Multo
1082 1965 1146 1986 vero
1161 1958 1252 1992 plures
1271 1963 1299 1986 et
1317 1959 1342 1985 lii
1361 1959 1538 1993 potentiores,
1555 1967 1614 1994 quat
1625 1960 1709 1986 semel
1735 1960 1770 1988 ab

981 2004 1060 2032 initio
1073 2004 1264 2037 decreverant,
1278 2004 1376 2032 tuenda
1390 2005 1442 2032 sibi
1460 2006 1572 2038 ducere,
1585 2011 1613 2033 et
1625 2011 1771 2040 conceptas

982 2050 1096 2078 insidias
1115 2050 1311 2084 parturientes,
1328 2050 1458 2083 {insanire
1475 2056 1502 2077 et
1531 2050 1635 2079 furere.
1667 2051 1769 2079 Horum

982 2097 1109 2131 princeps
1124 2101 1182 2124 erat
1195 2096 1326 2129 Eriullus,
1343 2098 1385 2124 vir
1399 2098 1534 2133 impotens
1553 2103 1581 2126 et
1595 2099 1768 2127 furibundus.

981 2142 1048 2170 Cum
1067 2147 1159 2169 autem
1174 2142 1233 2170 illos
1247 2142 1394 2176 imperator
1409 2144 1534 2171 convivio
1562 2144 1677 2173 lautiore
1690 2154 1771 2174 exce-

140 2188 216 2223 παρὰ
227 2189 276 2215 τοῦ
293 2189 425 2223 βασιλέως
453 2189 602 2224 ἁδροτέρου
620 2189 669 2216 καὶ
686 2188 923 2224 πολυτελεστέρου,

980 2188 1076 2223 pisset,
1089 2195 1182 2215 verum
1195 2189 1328 2216 esselllud
1346 2189 1487 2224 alitiquum
1504 2191 1676 2224 proverbium
1690 2199 1771 2226 appa-

139 2235 189 2268 τὴν
205 2234 357 2270 παροιμίαν
381 2235 574 2266 ἀποδείξαντες
596 2234 684 2269 ἀληθῆ
711 2234 760 2270 τὴν
781 2234 926 2269 λέγουσαν,

142 2278 229 2313 οἶνος
240 2280 291 2307 καὶ
303 2280 439 2314 ἀλήθεια,
457 2280 504 2307 τοῦ
518 2281 646 2308 Διονύσου
661 2281 707 2308 καὶ
719 2281 778 2307 τότε
796 2281 928 2316 ῥήξαντος

140 2324 233 2354 αὐτοῖς
261 2325 337 2358 παρὰ
365 2325 448 2351 πότον
475 2325 525 2360 τὴν
554 2325 796 2361 ιπικρυπτομένην
821 2326 927 2358 στάσιν,

139 2370 278 2398 διαλύεται
293 2371 342 2406 μὲν
354 2371 385 2398 τὺ
399 2373 550 2406 συμπόσιον
568 2372 704 2404 ἀτάκτως,
719 2372 768 2398 καὶ
777 2371 823 2398 διὰ
836 2371 928 2407 θυρῶν

141 2417 261 2452 ἐχώρουν
284 2417 499 2453 τεθορυϐημένοι
521 2419 569 2445 καὶ
590 2418 896 2454 παρακικινηκότεςεν·
915 2419 930 2446 ὁ

142 2461 171 2487 δὲ
185 2462 318 2496 Φράϐιθος
327 2463 361 2490 δι’
374 2464 474 2499 ἀρετῆς
487 2464 642 2500 ὑπερϐολὴν
667 2464 699 2490 τὸ
712 2464 795 2491 καλὸν
817 2463 864 2490 καὶ
889 2463 928 2490 δίο

144 2514 221 2533 καιον
232 2508 343 2535 κάλλιον
354 2508 412 2543 ἅμα
427 2510 474 2536 καὶ
485 2509 690 2545 θεοφιλέστερον
703 2509 872 2545 ὀφθήσεσθαι
889 2517 930 2536 νο-

145 2553 242 2587 μίζων,
261 2554 285 2580 ει
310 2554 442 2589 προσθείη
457 2556 480 2572 ’⁸
496 2556 589 2590 τάχος,
605 2557 636 2583 οὐ
649 2556 813 2592 περιμείνας
832 2555 928 2591 ῑτερον

144 2599 250 2635 καιρὸν,
275 2599 344 2628 ἀλλὰ
373 2602 548 2636 σπασάμενος
571 2603 601 2629 τὸ
627 2602 706 2636 ξίφος
728 2603 778 2637 τῆς
803 2603 927 2638 πλευρᾶς

151 2644 310 2680 Ἐριοὺλφου
326 2645 450 2680 διήλασε.
467 2646 523 2673 Καὶ
543 2648 558 2673 δ
573 2647 624 2682 μιν
634 2647 724 2674 ικειτο
738 2647 840 2681 πεσὼν,
857 2648 928 2674 ὀνει-

142 2691 301 2728 ροπολήσας
311 2692 361 2728 τὴν
374 2692 467 2720 ἄδικον
480 2693 642 2728 ἐπιϐουλὴν·
655 2693 680 2720 οι
694 2693 733 2720 δὲ.
755 2714 763 2721 .
785 2712 794 2721 .

979 2235 1050 2267 ruit,
1078 2235 1105 2261 in
1132 2234 1192 2261 t-irto
1219 2236 1355 2262 raritatem
1381 2242 1452 2263 esse.
1481 2235 1547 2263 Nam
1577 2236 1636 2270 ejus
1660 2244 1710 2271 ope
1744 2238 1771 2264 in

979 2285 1105 2314 apertum
1125 2281 1337 2315 erupitseditio.
1355 2281 1476 2309 Solvitur
1502 2283 1586 2317 igitur
1615 2283 1770 2310 convivium

980 2326 1133 2359 lncoudite,
1147 2332 1174 2354 et
1190 2334 1288 2362 magna
1300 2334 1361 2356 cum
1378 2330 1562 2356 commotione
1576 2334 1603 2357 et
1615 2330 1773 2358 confusione

981 2374 1100 2400 conviva!
1118 2373 1318 2402 tumultuantes
1334 2374 1408 2402 foras
1423 2376 1576 2409 prosiliunt.
1591 2377 1622 2403 At
1639 2376 1771 2410 Fravitta,

982 2426 1043 2455 qua
1058 2424 1118 2447 erat
1134 2419 1193 2454 ejus
1208 2420 1317 2448 virtutis
1333 2422 1502 2456 magnitudo,
1518 2423 1540 2449 si
1555 2423 1648 2449 statim
1665 2423 1773 2457 prosili-

983 2470 1036 2496 ret,
1054 2465 1193 2499 pulchrius
1204 2471 1232 2494 et
1246 2467 1348 2501 justius
1373 2474 1403 2495 se
1430 2467 1565 2494 facturum
1596 2469 1771 2496 existimavit.

983 2510 1078 2546 Itaque
1104 2519 1157 2539 non
1184 2517 1341 2546 exspectato
1353 2512 1556 2548 allotempore,
1588 2521 1654 2541 ense
1675 2515 1773 2542 educto

983 2558 1057 2586 latus
1073 2558 1166 2586 Eriulii
1179 2559 1319 2586 confodit:
1334 2563 1361 2586 et
1376 2559 1421 2587 ille
1436 2559 1545 2594 quidem
1559 2561 1697 2592 occubuit,
1712 2568 1772 2588 cum

984 2608 1047 2631 ante
1060 2603 1212 2631 insomniis
1228 2603 1373 2632 violentam
1389 2609 1416 2632 et
1431 2604 1557 2639 injustam
1573 2606 1773 2641 aggressionem

983 2650 1172 2684 pmvidissct;
1189 2649 1227 2677 illi
1243 2657 1342 2678 vero...

795 2751 911 2779 νΔΙῖΙᾸΞ
930 2751 1128 2782 LECTIONES.

180 2812 204 2830 ⁸⁷
218 2812 394 2848 διακρότησιν
410 2812 482 2847 conj.
495 2812 537 2840 Cl.
575 2811 598 2828 ³⁸
610 2811 703 2838 κεύθει
716 2811 787 2846 vulg.
825 2812 848 2827 θ’
864 2811 1058 2847 napum-exora;
1077 2813 1149 2848 conj.
1167 2813 1208 2841 Cl.
1249 2814 1271 2830 ⁹⁰
1289 2813 1403 2850 προσείη
1416 2813 1449 2842 Ν.
