1945 3073
115 167 173 199 6'65

508 164 556 194 DE
576 163 855 194 LEGATIONIBUS
875 161 1117 193 ROMANORUM
1136 161 1186 190 AD
1204 159 1360 190 GENTES.

1689 157 1741 189 (366

118 222 169 247 τὸν
185 219 329 253 πρεσϐείαν
355 216 431 250 αὖθις
452 219 479 245 ἐν
509 219 666 254 χλευασμῷ,
682 218 781 252 λέγων,
805 219 854 250 ὡς,
884 219 909 244 εἰ

968 223 1079 254 κομίσω
1106 217 1189 250 misit,
1214 216 1259 251 qui
1277 222 1338 243 eum
1363 213 1488 241 irrisione
1510 213 1548 240 illi
1571 212 1683 245 diceret,
1709 220 1740 240 sc

117 267 210 293 ἕλοιτο
233 266 346 297 ἕκαστος
378 265 522 299 Ῥωμαίων
544 265 732 304 δύολὶΰολοὺς
762 264 906 299 Δεκεὸάλῳ

118 312 238 338 ἑκάστου
252 311 327 342 έτους
341 308 440 343 τελεῖν,
463 311 575 345 εἰρήνην
589 310 656 345 πρὸς
668 309 750 337 αὺτδν
763 310 885 336 τίθεσθαι
897 317 904 324 ·

118 358 145 382 ει
156 357 186 383 δὲ
201 357 239 392 μὴ
253 356 331 383 τοῦτο
343 356 438 389 ἕλοιτο,
452 357 618 393 πολεμήσειν
631 356 677 383 καὶ
694 355 800 390 μεγάλα
814 356 907 387 αὐτοῖς

119 401 341 438 προσ-τρίψεσθαι
353 403 375 418 ’⁵
388 402 472 429 κακά.

159 445 192 473 δ’.
211 447 272 472 Ὀτι
282 446 430 478 Δεκέόαλος
440 447 509 482 πρὸς
519 446 654 482 Τραῖανδν
662 446 790 481 πρέσὸεις
800 445 906 480 ἔπεμψε

120 493 288 528 πιλοφόρους
298 501 306 508 ·
322 490 396 520 οὗτοι
411 493 466 528 γάρ
481 494 534 519 εἰσι
550 493 616 528 παρ’
631 493 722 524 αὐτοῖς
737 493 761 519 of.
779 491 907 527 τιμιώτε-

122 546 179 573 ροι.
209 538 344 573 Πρότερον
370 539 425 573 γὰρ
451 539 574 574 κομήτας
594 539 617 556 ’⁸
642 538 780 573 ἔπεμπεν,
800 538 907 564 εὐτελε-

122 584 237 618 στέρους
257 583 404 616 δοκοῦντας
432 584 497 619 παρ’
524 585 616 616 αὐτοῖς
630 583 711 611 εἶναι.
738 585 852 611 Ἐκεῖνοι
878 583 906 610 δὲ

124 628 252 661 ἐλθόντες
275 630 321 655 ἐπὶ
337 628 382 655 τοῦ
398 629 534 664 Τραϊανοῦ
548 629 663 665 ἔρριψαν
676 629 723 656 καὶ
738 630 773 656 τὰ
785 630 806 645 "
826 629 906 662 ὅπλα,

123 675 174 701 καὶ
197 675 246 706 τὰς
270 676 364 710 χεῖρας
387 675 500 702 ὄπισθεν
523 676 654 710 δήσαντες
676 676 705 702 ὲν
729 675 908 710 αἰχμαλώτων

121 718 200 752 τάξει
219 720 324 746 ἐδέοντο
336 719 382 746 τοῦ
400 720 534 755 Τραϊανοῦ
551 721 592 752 είς
613 720 709 754 λόγους
723 720 810 747 ἐλθεῖν
826 721 908 746 Δεκει-

123 766 203 801 ὃάλῳ
211 766 245 792 η.

159 811 191 838 ε’.
223 811 287 838 ’Ὁτι
315 812 395 839 πάλιν
419 813 433 838 ὁ
457 811 606 843 Δεκέόαλος
629 812 776 848 πρεσὸείαν
803 812 908 847 ἔπεμψε

125 856 196 892 πρὸς
213 857 359 892 Τραϊανὸν,
372 856 425 883 τῶν
440 857 582 892 παρόντων
601 857 745 892 ἀνακωχὴν
761 857 909 892 κομιζόμε-

128 880 195 892 ..ΓἿ
218 880 359 892 Ἴων-η
377 880 421 883 ._.
443 880 478 884 ..π
500 880 578 883 -.._.
601 880 693 884 ww...
716 880 792 883 η..-
809 880 856 887 ...-
882 880 894 883 ν

123 911 170 933 νος
183 903 217 929 ⁹“.
242 902 415 937 ’Υπισχνεῖτο
433 903 460 929 δὲ
482 880 525 930 Γτά.
543 911 573 928 τε
600 902 669 929 ὅπλα
693 880 780 929 πάντα
796 880 852 929 Γκαὶ
861 880 909 928 ιῖτὰ
924 880 946 911 Β

125 948 311 984 μηχανήματα
332 948 507 984 παραδιδόναι
521 947 560 982 τῷ
571 947 699 983 Τραϊανῷ
716 947 761 973 καὶ
776 947 839 979 τοὺς
855 956 909 982 μη-

124 993 287 1028 χανοπο;οὺς
303 993 366 1024 τοὺς
389 992 542 1027 Ῥωμαίους
567 992 630 1023 τοὺς
648 992 713 1026 παρ’
732 991 806 1026 αὑτῷ
818 991 908 1024 ὄντας,

123 1039 173 1064 xui.
200 1039 263 1069 τοὺς
289 1037 466 1072 αὐτομόλους,
484 1037 580 1063 καὶτὰ
604 1036 729 1072 ἐρύματα
748 1037 836 1063 πάντα
859 1038 909 1064 ὅσα

125 1083 314 1111 κατεσκεύασε
337 1082 675 1117 καθαιρεῖν,παραχωρετν
687 1081 715 1108 δὲ
729 1082 832 1117 καὶτῆς
843 1082 906 1116 γῆς,

124 1130 158 1164 ἣν
174 1129 326 1164 ἐκράτησεν
348 1128 362 1153 ὁ
377 1127 522 1162 Τραῖανὺς,
542 1128 591 1154 καὶ
609 1128 671 1158 τοὺς
686 1127 800 1162 ἐχθροὺς
823 1127 906 1154 αὐτοῦ

125 1174 173 1200 καὶ
190 1173 244 1199 τῶν
271 1172 414 1207 Ῥωμαίων
433 1172 550 1203 οἰκείους
575 1171 689 1206 ἐχθροὺς
705 1172 836 1206 νομίζειν,
861 1172 909 1198 καὶ

125 1219 292 1253 αὐτομόλους
304 1218 312 1233 ¹
325 1218 363 1253 μὴ
377 1217 564 1252 ὑποδέχεσθαι,
577 1216 643 1251 μηδὲ
659 1216 824 1251 στρατιώτην
843 1216 909 1243 Ῥω-

127 1264 216 1299 μαίων
241 1263 313 1298 ἔχειν
341 1264 425 1297 ἐγγὺς
453 1262 562 1289 ἑαυτοῦ.
586 1262 770 1297 Προσεδέξατο
792 1260 838 1289 οὖν
859 1263 909 1297 τὴν

126 1309 275 1344 πρεσϐείαν
291 1309 305 1335 ὁ
325 1308 458 1341 Τραϊανὸς
476 1307 523 1333 ἐπὶ
543 1307 655 1339 ταύταις
673 1308 732 1339 ταῖς
749 1307 908 1343 συνθήκαις.

131 1356 162 1382 '0
176 1355 204 1381 δὲ
221 1355 371 1385 Δεκέῦαλος
384 1354 416 1381 τὰ
430 1354 499 1380 ὅπλα
512 1353 624 1388 ἔρριψεν
638 1353 683 1380 ἐπὶ
694 1353 788 1387 αὐτοῦ,
803 1354 850 1380 καὶ
869 1355 909 1384 είς

125 1402 176 1437 τὴν
190 1401 241 1436 γῆν
268 1401 360 1427 πεσὼν
385 1408 573 1436 προσεκυνησε
589 1399 636 1426 καὶ
652 1400 692 1430 είς
707 1399 816 1434 Ῥώμην
840 1400 908 1434 πρέ-

958 271 1050 296 pacem
1076 263 1218 293 facturum,
1239 261 1262 288 si
1280 260 1465 294 unusquisque
1481 258 1666 286 Romanorum
1686 258 1727 284 vel

959 310 996 336 let
1020 309 1056 336 illi
1073 307 1218 343 quotannis
1237 307 1355 341 pendere
1376 306 1443 332 duos
1458 304 1565 336 obolos,
1579 305 1621 332 sin
1641 303 1740 336 minus,

958 357 1058 384 bellum
1073 359 1101 382 et
1120 361 1217 388 magna
1233 352 1303 380 mala
1316 358 1345 379 se
1359 351 1412 379 illis
1425 351 1573 379 iilaturum.

992 445 1018 472 ι.
1041 442 1085 475 (Δ.
1102 441 1213 473 (1.105,
1240 439 1351 474 Trajan.
1373 437 1413 473 6.)
1434 437 1582 465 Decebalus
1607 435 1680 463 misit
1709 435 1741 461 all

960 490 1104 524 Trajannm
1121 487 1225 521 legatos
1241 493 1273 512 ex
1296 483 1421 518 bis,‘qui
1445 483 1530 517 pileos
1555 482 1646 508 ferunt
1676 489 1683 508 :
1714 480 1741 507 hi

958 537 1029 564 enim
1051 533 1121 568 apud
1138 533 1224 560 Dacos
1246 535 1310 558 sunt
1331 528 1529 557 honoratiores.
1545 527 1623 554 Prius
1650 531 1740 552 autem

959 584 1079 610 comatos
1092 579 1214 610 miserat,
1225 576 1270 611 qui
1284 575 1353 609 apud
1366 581 1415 601 eos
1426 574 1534 600 viliores
1548 572 1692 599 habentur.
1709 570 1740 596 lli

959 634 1019 654 cum
1037 625 1070 652 ad
1090 623 1236 657 Traianum
1255 620 1404 652 venissent,
1420 618 1577 653 ahjecerunt
1599 623 1674 643 arma
1702 620 1740 645 et.

959 671 1083 700 manibus
1099 673 1161 705 post
1173 672 1247 701 terga
1261 665 1358 693 vinctis
1374 665 1542 698 captivorum
1559 663 1656 694 instar,
1673 660 1741 688 Tra-

957 719 1051 752 janum
1069 719 1202 746 orarunt,
1225 717 1255 740 ut
1280 719 1342 740 cum
1371 710 1501 737 Decebalo
1527 709 1553 736 in
1577 707 1740 742 colloquium

960 763 1075 791 veniret.

995 809 1023 836 5.
1042 808 1148 835 Rursus
1166 803 1315 832 Decebalus
1335 803 1500 837 legationem
1531 800 1563 827 ad
1591 798 1740 832 Traianum

962 854 1046 890 misitI
1055 859 1114 887 qua:
1127 850 1284 886 belliﬁnem
1296 851 1411 882 peteret.
1427 846 1605 873 Pollicebatur
1612 852 1641 872 se
1653 845 1742 871 omnia

961 906 1036 927 arma
1057 902 1085 925 et
1107 896 1202 924 bellica
1227 895 1406 921 instrumenta
1435 890 1552 925 Traiano
1582 890 1742 916 traditurum

961 950 988 973 et
1005 945 1143 972 Romanos
1158 940 1344 968 machinarum
1357 937 1535 965 fabricatores
1549 940 1576 962 ct
1589 934 1743 968 transfugas

961 990 1006 1025 qui
1029 989 1099 1024 apud
1116 988 1320 1021 ipsumsseut,
1341 987 1369 1010 et
1389 982 1479 1010 omnia
1504 981 1628 1016 pra'sidia
1643 985 1670 1006 et
1695 986 1742 1005 ca<

963 1035 1052 1066 stella,
1066 1040 1125 1066 qua:
1141 1030 1319 1061 extruxisset,
1338 1028 1499 1055 diruturttm.
1516 1026 1660 1053 (iussurum
1676 1032 1744 1058 quo-

961 1087 1013 1115 que
1025 1078 1097 1105 omni
1115 1081 1198 1106 terra,
1221 1082 1273 1109 qua
1285 1073 1418 1107 Traianus
1439 1072 1540 1106 potitus
1551 1075 1632 1102 esset,
1647 1074 1673 1096 et
1686 1069 1743 1103 ejus

961 1114 1186 1153 et.Romanorum
1199 1121 1290 1147 hostes
1305 1126 1354 1152 pro
1366 1118 1423 1145 snis
1436 1117 1559 1144 hostibus
1575 1115 1742 1146 habiturum,

962 1176 1047 1203 neque
1060 1159 1170 1203 posthac
1180 1165 1255 1200 ﬁullos
1276 1163 1430 1198 transfugas
1445 1162 1636 1191 admissurum,
1658 1166 1745 1194 neque

962 1215 1047 1243 ullum
1062 1214 1175 1241 militem
1189 1211 1374 1238 Romanorum
1396 1212 1573 1235 retenturum.
1590 1206 1637 1232 llis
1650 1205 1745 1232 condi-

963 1261 1080 1288 tionibus
1096 1259 1167 1285 hanc
1192 1256 1353 1290 legationem
1368 1254 1501 1288 Trajanus
1515 1252 1629 1285 accepit.
1646 1252 1679 1278 At
1694 1251 1746 1277 De-

963 1305 1072 1334 cebalus
1094 1294 1288 1335 in'cnnspectu
1312 1299 1421 1332 Trajani
1445 1305 1520 1324 arma
1543 1296 1652 1330 abiecit,
1669 1301 1696 1322 et
1719 1297 1744 1322 in

963 1357 1063 1379 terratn
1076 1349 1175 1376 cadens
1189 1354 1249 1374 eum
1265 1344 1404 1372 salutavit.
1416 1342 1529 1376 Legatos
1538 1342 1619 1369 etiam
1632 1341 1744 1367 Romam

964 1397 1049 1428 misil,
1062 1394 1106 1429 qui
1127 1392 1297 1426 captivorqu
1316 1396 1390 1415 more
1406 1391 1483 1415 erant
1507 1387 1632 1414 manibus
1650 1385 1744 1412 vincti.

127 1447 202 1478 σὸεις
218 1447 335 1482 ἔπεμψε,
349 1447 397 1473 xui.
413 1447 491 1473 αὐτοὶ
503 1446 603 1480 ὁμοίως
617 1447 666 1477 τὰς
681 1447 772 1481 χεῖρας
786 1445 886 1480 ἔδησαν
903 1446 940 1478 ὡς
954 1446 982 1472 ὲν
1001 1440 1180 1478 αἰχμαλώτων
1197 1438 1282 1470 τάξει-

162 1497 200 1524 ς¹.
226 1494 286 1521 Ὅτι
313 1492 512 1528 Λαγγιὸάρδιμν
531 1493 577 1518 καὶ
599 1492 695 1518 Ὀϐίων
720 1491 908 1526 ἑξακισχιλίων

998 1489 1023 1516 6.
1046 1485 1224 1522 (A.C.to1?
1247 1484 1334 1510 Marc.
1352 1481 1401 1515 εῖν)
1423 1480 1482 1514 Sex:
1496 1478 1577 1506 millia
1591 1477 1747 1511 Langobar-

128 1541 234 1574 Ἴστρον
254 1538 476 1574 περαιωθέντων,
503 1537 556 1564 τῶν
580 1538 643 1571 περὶ
669 1536 780 1563 Βίνδικα
805 1521 911 1563 ἱππέων

968 1534 1059 1562 lorum
1075 1536 1101 1558 et
1113 1530 1241 1557 Obiorum
1255 1527 1352 1554 lstrutn
1368 1526 1542 1559 ttajecerunt,
1555 1523 1580 1549 in
1596 1530 1663 1556 quos
1681 1521 1745 1547 Vin-

126 1585 312 1618 ἐξελασάντων
325 1583 374 1610 καὶ
389 1582 442 1609 τῶν
454 1583 526 1618 ἀμφὶ
546 1583 675 1609 Κάνδιδον
689 1582 778 1614 πεζῶν
793 1581 910 1616 ἐπιφθα-

129 1631 244 1662 σάντων,
256 1631 295 1662 είς
310 1630 428 1665 παντελῆ
445 1630 533 1665 φυγὴν
553 1630 578 1656 οἱ
593 1629 730 1665 Βάρΰαροι
750 1629 910 1664 ἐτράποντο.

134 1676 192 1711 Ἐφ’
209 1674 249 1707 οἷς
275 1675 346 1702 οὓτω
361 1675 522 1710 πραχθεῖσιν
546 1675 575 1701 ἒν
603 1675 657 1701 δέει
678 1675 862 1706 καταστάντες
879 1675 911 1700 ὲκ

128 1721 237 1757 πρώτης
260 1721 457 1756 ἐπιχειρήσεως
473 1721 498 1747 οι
517 1719 664 1755 Βάρὸαροι,
687 1719 816 1754 πρέσϐεις
836 1718 912 1753 παρὰ

128 1767 217 1793 Αἴλιον
242 1767 346 1794 Βάσσον
365 1767 415 1801 τὴν
433 1766 560 1793 Παιονίαν
574 1767 596 1798 ²,
616 1765 742 1792 διέποντα
762 1765 910 1797 στέλλουσι,

129 1811 313 1846 Βαλλομάριόν
326 1819 355 1837 τε
370 1810 416 1836 τὸν
431 1810 540 1845 βασιλέα
555 1809 781 1845 Μαρκομάννων³
793 1809 840 1835 καὶ
853 1809 912 1835 ἑτέ-

131 1865 192 1891 ρους
208 1857 284 1887 δέκα,
301 1856 360 1881 κατ’
377 1855 451 1887 ἔθνος
472 1854 664 1890 ἐπιλεξάμενοι
679 1856 737 1882 ἕνα.
752 1855 808 1880 Καὶ
822 1854 914 1889 ὅρκοις

128 1903 179 1937 τὴν
206 1903 318 1937 εἰρήνην
340 1902 364 1928 of.
380 1900 511 1936 πρέσϐεις
527 1901 729 1936 πιστωσάμενοι
752 1900 843 1927 οἶκαδε
858 1909 912 1934 χω-

132 1947 237 1983 ροῦσιν.

165 1992 199 2024 ζ’.
218 1992 280 2018 Ὅτι
296 1991 411 2018 Κούαδοι
434 1991 565 2027 πρέσϐεις
577 1990 703 2025 ἔπεμψαν
719 1990 786 2025 πρὸς
801 1991 914 2026 Μάρκον

130 2038 243 2073 εἰρήνην
268 2037 435 2072 αἰτούμενοι.
457 2037 504 2064 καὶ
529 2037 634 2072 ἔτυχον.
655 2037 709 2064 Καὶ
731 2036 845 2068 πολλοὺς
864 2037 914 2071 μὲν

132 2086 244 2116 ἵππους,
262 2084 376 2115 πολλοὺς
389 2084 417 2111 δὲ
429 2084 492 2119 βόας
507 2084 648 2115 δεδώκασι,
663 2083 711 2110 καὶ
725 2083 915 2118 αἰχμαλώτους

130 2130 190 2156 τότε
210 2130 259 2164 μὲν
281 2129 395 2165 μυρίους
418 2130 465 2155 καὶ
487 2128 664 2164 τρισχιλίους,
687 2127 800 2162 ὕστερον
822 2126 851 2153 δὲ
867 2126 915 2153 καὶ

132 2175 242 2210 ἐτέρους
258 2175 401 2207 πλείστους
413 2174 563 2201 ἀπέλυσαν.

167 2225 202 2258 η’.
228 2221 289 2248 Ὀτι
310 2220 391 2257 ἦλθον
415 2221 461 2248 καὶ
481 2221 623 2255 ’Δστιγγοι
647 2220 693 2246 καὶ
710 2219 862 2255 Λακριγγοὶ
878 2219 917 2251 εις

133 2267 257 2303 βοήθειαν
272 2267 318 2294 τοῦ
341 2268 465 2301 Μάρκου.

170 2311 202 2339 θ’.
222 2312 280 2339 Ὅτι
294 2312 401 2348 Κάρποι
414 2313 443 2338 τὺ
456 2311 532 2343 ἔθνος
545 2310 704 2346 φθονοῦντες
714 2311 770 2342 τοῖς
780 2309 841 2337 καθ’
854 2309 918 2336 ἔκα-

136 2366 197 2385 στον
217 2358 339 2385 ἐνιαυτὸν
357 2358 529 2392 τελουμένοις
558 2358 615 2388 τοῖς
640 2356 766 2390 Γότθοις,
793 2355 919 2390 ἔπεμψαν

135 2404 202 2440 πρὸς
227 2404 373 2431 Τούλλιονδ
407 2403 561 2439 Μηνόφιλον
587 2403 736 2437 πρεσϐείαν
762 2401 820 2437 μεθ’
838 2402 919 2436 ὑπερ-

136 2450 266 2485 ηφανείας
291 2449 468 2481 ἀπαιτοῦντες
488 2449 627 2485 χρήματα.
641 2445 725 2479 Οὗτος
749 2448 778 2475 δὲ
799 2447 862 2480 δοὺξ
883 2445 918 2483 ἦν

136 2495 251 2528 Μυσίας,
265 2495 313 2521 καὶ
331 2495 391 2521 καθ’
407 2496 525 2530 ἑκάστην
540 2495 648 2531 ἡμέραν
665 2495 711 2521 τὸν
728 2493 843 2529 στρατὸν
856 2493 919 2527 ὲγύ-

138 2540 235 2576 μναζε,
249 2541 297 2566 καὶ
314 2540 463 2575 προμαθὼν
480 2540 528 2575 τὴν
546 2541 751 2576 ὑπερηφάνειαν
764 2539 854 2566 αὐτῶν
871 2538 917 2565 ἐπὶ

137 2585 236 2616 πολλὰς
261 2583 367 2619 ἡμέρας
385 2585 434 2611 οὐκ
453 2584 562 2616 ἐδέξατο
581 2585 689 2617 αὐτοὺς,
715 2585 802 2616 διδοὺς
826 2584 918 2615 αὐτοῖς

138 2631 229 2657 ἄδειαν
253 2631 318 2666 ὀρᾷν
335 2630 398 2661 τοὺς
423 2629 590 2665 στρατιώτας
611 2630 845 2664 γυμναζομένους.
864 2630 919 2656 Καὶ

139 2676 181 2701 ἵνα
200 2675 237 2709 τῷ
254 2674 440 2710 παρελκυσμῷ
457 2674 566 2700 καθέλοι
587 2674 676 2701 αὐτῶν
695 2675 728 2701 τὰ
745 2675 917 2709 φρονήματα,

140 2720 252 2753 καθίσας
272 2720 320 2747 ἐπὶ
340 2720 462 2755 βήματος
482 2719 584 2754 ὑψηλοῦ
602 2720 648 2746 καὶ
663 2721 840 2755 παραστήσας
856 2720 918 2750 τοὺς

963 1581 1030 1608 dicis
1055 1578 1171 1612 equites,
1197 1579 1224 1602 et
1250 1573 1366 1607 pedites,
1381 1578 1495 1606 quorum
1520 1569 1573 1595 dux
1595 1573 1654 1595 crat
1675 1568 1745 1594 Cum

962 1626 1051 1657 tlidus,
1067 1624 1205 1650 irruerunt
1218 1625 1244 1647 et
1260 1620 1286 1646 in
1308 1617 1398 1652 fugam
1415 1619 1562 1643 verterunt.
1581 1614 1669 1640 Prima
1689 1617 1746 1639 sla-

963 1672 1010 1699 tim
1027 1669 1169 1697 invasione
1191 1671 1297 1694 terrore
1311 1662 1422 1690 Barbari
1447 1660 1575 1696 perculsi.
1591 1659 1692 1693 legatos
1714 1658 1746 1683 ml

962 1718 1062 1745 [Elium
1086 1715 1216 1745 Bassum.
1241 1711 1286 1745 qui
1310 1708 1477 1736 Pannoniam
1495 1705 1662 1740 provinciam
1678 1703 1747 1730 obti-

963 1764 1055 1795 nebat,
1081 1761 1194 1788 mittunt
1217 1756 1419 1786 Ballomarium,
1439 1759 1527 1788 regem
1543 1751 1746 1778 Marcomanno-

963 1815 1033 1839 rum,
1056 1813 1109 1832 una
1129 1811 1189 1832 cutn
1212 1802 1272 1829 aliis
1286 1802 1390 1833 decem,
1419 1806 1452 1826 ex
1478 1803 1637 1832 unaquaque
1668 1800 1748 1830 gente

963 1859 1017 1879 uno
1039 1851 1135 1878 electo.
1156 1849 1201 1876 Sic
1229 1854 1296 1883 pace
1319 1843 1496 1880 jurejurando
1520 1843 1637 1874 ﬁrmata,
1663 1840 1746 1874 legati

963 1897 1073 1924 domum
1091 1894 1240 1922 redierunt.

998 1991 1025 2020 7.
1039 1991 1082 2026 (Α.
1100 1990 1132 2017 C.
1147 1989 1207 2020 1⁵15.
1221 1987 1305 2015 Marc.
1324 1986 1383 2020 t6.)
1399 1984 1486 2018 Quadi
1504 1983 1606 2017 legatos
1620 1980 1752 2008 miserunt

965 2037 998 2064 ad
1024 2037 1143 2064 Marcum
1172 2041 1265 2069 pacem
1291 2033 1441 2067 petituros,
1463 2034 1489 2057 et
1517 2027 1655 2060 consecuti
1677 2031 1750 2052 sunt.

965 2081 1059 2115 Itaque
1085 2080 1186 2106 multos
1209 2083 1293 2112 equos
1316 2080 1344 2102 et
1367 2074 1466 2101 multas
1493 2072 1576 2099 boves
1594 2069 1750 2096 dederunt:

966 2131 992 2154 et
1010 2126 1138 2154 tredecim
1151 2123 1236 2152 millia
1248 2122 1427 2156 captivorum,
1439 2123 1467 2147 et
1480 2118 1572 2153 plures
1584 2116 1667 2144 etiam
1679 2120 1754 2149 post—

968 2180 1000 2200 ea
1024 2170 1143 2199 libertati
1160 2168 1346 2195 restituerunt.

1004 2217 1031 2245 8.
1051 2216 1190 2243 Venerunt
1203 2216 1232 2240 et
1247 2211 1353 2246 Astingi
1377 2213 1404 2238 et
1424 2207 1554 2242 Lacoragi
1576 2207 1603 2234 in
1625 2205 1754 2233 auxilium

971 2263 1064 2291 Marci.

1005 2309 1032 2336 9.
1051 2308 1087 2343 (ρ.
1105 2306 1138 2333 Α.
1153 2305 1183 2332 C.
1199 2304 1263 2336 230,
1287 2303 1364 2330 Alex:
1383 2301 1446 2328 Sev.
1465 2300 1530 2334 imp.
1546 2297 1586 2334 9.)
1606 2297 1754 2331 Carporum

970 2363 1036 2390 gens
1054 2353 1154 2381 invidia
1170 2351 1314 2386 ﬂagrabat,
1331 2348 1402 2384 quod
1415 2347 1496 2375 Gothi
1522 2344 1656 2379 stipendia
1673 2351 1686 2368 a
1702 2342 1755 2368 lto-

970 2387 1059 2428 ntanis
1075 2398 1254 2433 accipiebant.
1276 2396 1370 2429 itaque
1393 2393 1554 2429 legationem
1572 2389 1705 2416 miserunt
1721 2387 1754 2413 ad

971 2445 1089 2473 Tullium
1109 2432 1305 2477 Menophilum,
1333 2443 1361 2467 ct
1384 2441 1544 2472 arroganter
1566 2433 1697 2469 pecunias
1721 2432 1755 2457 ah

971 2491 1016 2518 illo
1034 2490 1177 2525 petierunt.
1190 2476 1267 2514 iErat
1284 2485 1329 2512 ille
1345 2485 1398 2512 dux
1417 2482 1517 2510 “(asiae
1534 2485 1561 2507 et
1577 2477 1690 2513 singulis
1703 2476 1755 2511 25

971 2537 1066 2564 diebus
1096 2533 1244 2562 exercitum
1268 2532 1301 2558 a-l
1325 2529 1425 2557 bellum
1447 2525 1593 2554 exercebat
1615 2532 1622 2550 :
1641 2527 1668 2549 et
1695 2528 1756 2547 cum

972 2583 1074 2617 Carpos
1084 2580 1242 2614 Littsolentes
1258 2581 1284 2605 et
1306 2575 1437 2611 superbos
1457 2580 1518 2601 esse
1534 2569 1694 2604 accepisset,
1709 2574 1757 2601 per

972 2629 1062 2664 plures
1076 2628 1133 2654 dies
1145 2633 1192 2653 eos
1210 2632 1262 2652 non
1283 2622 1403 2654 admisit,
1421 2620 1467 2647 sed
1486 2624 1575 2646 tamen
1595 2617 1756 2650 potestatem

973 2675 1013 2702 eis
1023 2673 1097 2704 fecit,
1107 2679 1169 2700 eum
1184 2670 1320 2698 exercitus
1335 2666 1524 2696 escrccbatur,
1535 2667 1564 2689 ut
1577 2660 1678 2688 milites
1692 2665 1757 2685 con-

972 2721 1108 2755 spicereut
1121 2727 1128 2745 :
1141 2722 1169 2745 et
1182 2723 1243 2743 cum
1259 2714 1327 2742 satis
1342 2710 1533 2748 prorogatione
1544 2706 1672 2742 temporis
1685 2705 1760 2732 diem

803 2767 921 2794 VARl/E
938 2768 990 2794 LEt
996 2766 1083 2794 l'l‘lON
1089 2765 1143 2792 ES.

170 2815 193 2831 "
206 2813 425 2849 ποοστριψασθαι
445 2813 530 2849 vulg._
555 2811 811 2849 “fopntuguvulg.

142 2851 154 2866 "
169 2846 319 2885 αὐτόμολον
331 2846 364 2876 il.
402 2851 412 2865 ’
432 2846 564 2875 Πανόνίαν
577 2846 638 2874 Par.

849 2813 871 2827 ⁹⁷
888 2813 935 2839 καὶ
949 2811 993 2846 τὰ]
1007 2820 1036 2838 τε
1057 2811 1091 2837 τὰ
1107 2810 1144 2846 BL
1175 2808 1198 2824 9⁸
1207 2806 1360 2846 Aemi}in
1373 2807 1444 2841 vutg.

691 2847 700 2862 ³
716 2846 886 2881 Μαρκεμάνη
901 2855 955 2882 mg.
971 2848 1004 2874 il'.

1483 2805 1504 2821 ³³
1525 2800 1710 2836 κομισὸμενος
1721 2800 1756 2827 N.

1054 2847 1062 2861 δ
1085 2844 1194 2871 Ἰούλιον
1207 2842 1238 2869 N.
