1945 3073
195 115 246 147 667

699 117 893 148 EXCERPTA
916 118 966 148 EX
987 119 1111 148 PETRO
1130 118 1309 150 PATRICIO

1766 119 1821 151 668

195 174 228 198 de
244 171 289 197 die
303 170 404 197 ducens
420 169 551 203 superbos
564 169 669 196 illorum
685 172 797 208 spiritus
812 173 938 206 fregisset
953 177 977 200 et

1032 174 1178 209 μεγίστους
1192 175 1240 201 τοῦ
1257 174 1440 210 στρατοπέδου
1460 173 1570 207 ἐδέξατο
1585 174 1695 207 αὐτοὺς,
1714 176 1819 210 μηδένα

195 215 353 247 retudisset,
371 215 469 242 sedens
485 215 511 241 in
522 215 576 242 alto
587 221 724 250 suggestu,
739 218 883 251 primarios
897 219 978 246 totius

192 261 329 288 exercitus
340 260 413 287 viros
426 259 499 287 circa
516 267 545 287 se
556 261 691 293 adhibuit,
703 266 729 288 et
743 263 845 297 Carpos
860 264 977 298 excepit,

193 306 322 340 nullaque
347 306 453 332 illorttm
479 306 570 334 habita
587 309 692 335 ratione
705 309 732 336 in
748 310 837 336 medio
853 311 976 344 militum,

193 353 255 379 dum
277 352 438 386 legationem
462 360 539 379 suam
557 360 733 388 exponerent,
757 360 884 390 tanquam
907 357 979 385 aliud

192 405 275 432 agens
289 403 314 425 et
330 399 408 433 10nge
425 399 475 425 sibi
489 404 580 426 essent
597 401 722 434 graviora
739 402 857 435 negotia.
876 410 979 430 sernzo-

192 452 254 471 nem
271 451 331 471 cum
354 444 413 471 aliis
430 444 559 473 habebat.
573 447 607 472 At
621 446 656 472 illi
675 447 813 481 despectui
830 447 913 475 habiti
935 448 978 475 ni-

191 489 230 517 hil
246 490 318 517 aliud
334 490 462 517 dixerunt
484 491 534 518 nisi
556 500 563 518 :
583 501 592 517 ι
612 491 679 525 Quia
696 492 788 526 Gothi,
806 494 939 528 inquiunt,
963 500 978 522 a

193 535 269 562 vobis
293 536 457 569 stipendium
483 538 628 571 accipiunt,
654 546 703 566 cur
723 547 773 567 nos
792 549 898 576 quoque
923 549 977 568 non

193 581 362 614 accipimus?
377 591 386 607 ι
404 582 507 614 Quibus
521 583 689 618 Menophilus
705 593 711 611 :
728 594 737 611 ι
751 585 816 613 Cum
831 586 979 621 imperator

196 632 287 653 noster
303 628 446 655 multarum
465 631 638 662 pecuniarum
659 632 694 658 sit
714 632 855 665 dominus,
880 632 979 660 libera-

193 672 298 700 litatettt
314 681 389 700 suam
415 679 522 702 exercet
541 683 604 710 erga
626 683 683 708 eos,
701 678 757 711 qui,
775 682 803 703 ut
821 678 871 705 sibi
896 679 978 712 grati-

195 719 301 751 licetur,
321 721 479 754 Suppliciter
494 726 597 755 petuttt.
620 732 628 747 ι
648 722 716 749 Tum
733 723 768 750 illi
787 732 794 750 :
813 733 822 749 ι
842 723 896 751 Nos
909 732 978 759 quo-

192 771 246 798 que
261 765 470 799 supplicantium
490 774 602 794 numero
622 767 730 801 habeat,
750 773 775 796 et
791 769 868 796 nobis
884 771 977 797 eadem

192 810 331 846 largiatur.
348 811 447 838 Sumus
458 813 528 839 cnittt
549 812 646 840 Gothis
669 815 913 847 prmstantioresnt
929 815 978 842 Ri-

193 856 260 882 dens
272 855 443 890 Menopltilus
458 865 465 883 :
482 865 491 882 ι
510 856 598 884 Meum
612 863 664 891 est,
681 859 726 891 ait,
741 859 774 886 de
791 859 832 887 his
848 862 879 886 ad
895 861 977 894 impe.

193 905 311 928 ratorem
331 902 442 930 referre.
459 902 553 930 Redite
577 904 662 937 igitur
684 905 754 931 intra
770 910 886 939 quatuor
905 913 980 932 men-

194 954 238 974 ses
248 948 272 974 in
282 948 352 974 httnc
360 949 482 975 eumdem
495 949 593 982 locum,
602 955 628 976 et
637 950 797 984 respohsum
809 951 956 985 acripietis.
966 961 974 977 I

193 993 226 1020 Et
243 994 325 1021 simul
341 994 415 1021 illinc
431 995 498 1022 abiit
521 1000 548 1022 et
568 996 669 1022 milites
684 996 816 1023 exercuit.
832 996 897 1023 Post
913 1005 977 1030 qua-

192 1043 254 1066 tuor
265 1047 370 1067 menses
384 1039 465 1075 Carpi
482 1040 630 1068 redierunt.
649 1041 676 1067 In
692 1042 789 1076 quibus
804 1043 978 1071 admittendis

191 1093 251 1113 cum
270 1086 364 1112 cadent
380 1086 476 1119 forma,
496 1095 547 1121 qua
570 1087 643 1121 pritts
662 1096 726 1114 usus
741 1087 835 1115 fuisset
854 1093 881 1115 et
894 1090 977 1116 ratio-

192 1137 254 1156 nem
268 1131 407 1164 negotium
424 1131 449 1157 in
470 1131 538 1158 alios
557 1136 611 1158 tres
627 1138 732 1158 ntenses
749 1131 884 1166 rejiciendi
903 1139 978 1167 repe-

191 1175 282 1208 risset,
308 1184 369 1202 cum
393 1176 502 1203 tandem
527 1177 624 1203 iterum
648 1185 705 1209 eos,
723 1183 752 1204 ut
773 1177 858 1211 prius,
885 1185 976 1204 coram

192 1221 245 1247 alio
261 1222 381 1249 exercitu
398 1223 558 1256 excepisset,
574 1222 626 1250 illis
641 1223 691 1249 hoc
708 1230 869 1258 responsum
882 1223 954 1250 dedit
969 1232 975 1250 :

194 1275 204 1292 ι
232 1266 303 1294 Nihil
323 1275 434 1302 prorsus
461 1268 608 1302 imperator
631 1269 708 1296 vobis
736 1275 769 1296 ex
799 1269 978 1296 conventione

191 1313 275 1339 dabit.
296 1313 348 1340 Sed
367 1313 388 1340 si
416 1314 612 1348 gratiﬁcatione
633 1314 771 1348 indigetis,
795 1316 917 1342 accedite
944 1315 976 1341 ad

1029 220 1108 254 λόγον
1122 220 1211 247 αὐτῶν
1227 220 1400 255 ποιούμενος,
1417 219 1474 247 ἀλλ’
1490 221 1519 246 ἐν
1533 220 1573 255 τῷ
1590 221 1667 256 μέσῳ
1683 221 1821 255 λεγόντων

1031 266 1122 293 αὐτῶν
1136 266 1186 302 τὴν
1201 266 1348 302 πρεσϐείαν
1363 265 1483 301 συνεχῶς
1499 266 1602 302 ἑτέροις
1616 267 1764 301 διελέγετο,
1781 268 1821 299 ὡς

1029 311 1062 346 δὴ
1075 311 1143 338 ἄλλα
1159 312 1312 348 τιμιώτερα
1327 312 1479 347 πράγματα
1501 312 1581 348 ἔχων.
1596 313 1626 339 Οἱ
1639 313 1666 339 δὲ
1683 313 1821 348 περιδεεῖς

1030 356 1172 391 γενόμενοι
1191 357 1266 383 οὐδὲν
1288 356 1352 383 ἄλλο
1368 356 1524 391 εἰρήκασιν,
1542 356 1567 382 εί
1590 355 1627 391 μὴ
1646 375 1653 387 ,
1679 356 1720 382 ὅτι
1742 365 1752 381 t
1769 357 1820 382 Διά

1029 401 1057 427 τί
1071 401 1096 428 οἱ
1123 401 1216 428 Γάτθοι
1239 401 1359 428 τοσαῦτα
1375 401 1506 436 χρήματα
1533 401 1598 436 παρ’
1615 401 1692 435 ὑμῶν
1710 401 1821 435 λαμὸάο

1029 454 1131 480 νουσιν,
1160 447 1208 474 καὶ
1224 448 1305 483 ἡμεῖς
1329 447 1360 474 οὗ
1384 447 1599 481 ).αμ6άνομεν;»
1624 447 1654 473 Ὀ
1678 446 1706 473 δὲ
1728 445 1818 478 εἶπεν,

1030 492 1072 519 ὅτι
1095 502 1104 518 ι
1128 493 1312 529 Αὐτοκράτωρ
1334 493 1440 520 πολλῶν
1459 493 1610 528 χρημάτων
1635 493 1730 527 κύριός
1747 493 1818 526 ἔστι,

1030 538 1077 565 καὶ
1091 539 1147 569 τοῖς
1162 538 1299 572 δεομένοις
1322 538 1404 565 αὐτοῦ
1422 538 1576 573 χαρίζεται.
1588 547 1597 564 ι
1618 539 1650 564 Ol
1666 537 1694 564 δὲ
1709 538 1818 572 ἐπήγα-

1030 593 1088 618 γον,
1104 585 1147 611 ὃτι
1183 594 1192 610 ι
1207 585 1261 611 Καὶ
1275 585 1349 619 ἡμᾶς
1369 584 1454 619 ἐχέτω
1467 585 1507 615 εἰς
1524 584 1586 615 τοὺς
1598 584 1753 618 δεομένους,
1769 584 1819 610 xal

1028 630 1097 656 Mtte
1120 630 1187 664 ἡμῖν
1207 629 1343 656 τοσαῦτα·
1363 630 1443 663 ἡμεῖς
1462 629 1516 664 γὰρ
1536 627 1688 663 κρείττονες
1705 628 1818 653 ἐκείνων

1030 675 1124 709 ἐσμέν.
1143 685 1151 700 ι
1171 675 1227 701 Kal
1241 675 1361 708 γελάσας
1372 676 1385 701 ό
1396 674 1550 710 Μηνόφιλος
1563 672 1624 700 εἷπε
1637 682 1645 690 σ
1664 682 1674 698 r
1690 673 1743 699 Kal
1752 673 1819 708 περὶ

1030 721 1132 748 τούτων
1151 721 1268 756 μηνῦσαι
1294 721 1390 755 δέομαι
1405 720 1444 756 τῷ
1464 721 1659 754 αὐτοκράτορι*
1674 719 1729 746 Καὶ
1748 719 1821 754 μετὰ

1029 766 1164 801 τέσσαρας
1180 766 1269 801 μῆνας
1287 765 1364 792 δεῦτε
1378 766 1419 797 εἰς
1429 764 1504 791 τόνδε
1514 764 1560 791 τδν
1575 765 1667 795 τόπον,
1685 764 1732 790 καὶ
1746 763 1819 796 λαμ-

1030 813 1125 840 ϐάνετε
1145 813 1301 846 ἀπόκρισιν.
1318 821 1328 838 ν
1352 812 1407 839 Kal
1424 811 1557 846 μετῆλθεν
1579 811 1647 842 ὲκεϊ,
1665 809 1712 836 καὶ
1735 809 1820 835 πάλιν

1029 859 1093 890 τοὺς
1115 858 1285 894 στρατιώτας
1312 858 1459 892 ἐγύμναζε.
1485 857 1539 883 Καὶ
1567 854 1649 892 ἦλθον
1660 857 1683 882 οἱ
1707 855 1822 889 Κάρποι

1033 904 1102 939 μετὰ
1126 904 1190 935 τοὺς
1206 904 1344 939 τέσσαρας
1361 903 1465 938 μῆνας,
1493 902 1539 929 καὶ
1560 901 1590 929 τὸ
1613 902 1705 936 ὅμοιον
1723 900 1820 935 σχῆμα

1030 950 1147 984 ποιήσας
1160 949 1250 980 αὐτοῖς
1266 949 1363 985 ἑτέραν
1378 945 1457 983 εὗρεν
1469 947 1603 982 ἀναϐολὴν
1614 947 1697 982 τριῶν
1712 945 1817 980 μηνῶν.

1030 994 1085 1021 Καὶ
1103 994 1183 1022 πάλιν
1200 994 1241 1026 είς
1266 994 1359 1029 ἕτερον
1387 993 1568 1028 στρατόπεδον
1588 991 1696 1025 ἐδέξατο
1717 991 1819 1022 αὐτοὺς

1030 1040 1140 1075 ὁμοίως,
1157 1042 1204 1068 καὶ
1212 1040 1311 1067 ἔδωκεν
1324 1041 1415 1072 αὐτοῖς
1430 1040 1586 1074 ἀπόκρισιν,
1611 1039 1653 1065 ὅτι
1669 1047 1679 1063 ε
1693 1038 1775 1065 Ὀσον
1789 1037 1821 1069 ἐξ

1031 1086 1203 1121 ὑποσχέσεως
1219 1087 1297 1113 οὐδὲν
1312 1087 1377 1122 ὑμῖν
1394 1085 1535 1117 παντελῶς
1558 1085 1664 1111 δίδωσιν
1679 1084 1693 1110 ὁ
1707 1084 1718 1100 ⁸
1739 1084 1820 1118 βασι-

1029 1131 1104 1163 λεύς.
1118 1132 1148 1158 Εἰ
1163 1132 1190 1158 δὲ
1205 1131 1297 1158 δέεσθε
1315 1132 1535 1166 συγκροτήσεως,
1547 1130 1708 1160 ἀπελθόντες
1721 1129 1818 1164 ῥίψατε

1031 1177 1144 1209 ἑαυτοὺς
1158 1179 1273 1212 πρηνεῖς
1296 1178 1343 1204 καὶ
1356 1177 1470 1212 δεήθητε
1492 1176 1591 1203 αὐτοῦ·
1608 1176 1655 1203 καὶ
1672 1174 1744 1208 εἰκός
1760 1177 1819 1202 ἐστι

1032 1224 1253 1260 συγκροτηθῆναι
1276 1224 1358 1258 ὑμᾶς.
1375 1232 1384 1248 ι
1409 1224 1440 1249 Ol
1463 1222 1491 1248 δὲ
1512 1222 1581 1256 μετὰ
1604 1221 1820 1256 ἀγανακτήσεως

1032 1269 1224 1305 ἀνεχώρησαν,
1254 1269 1303 1296 καὶ
1319 1269 1368 1305 τὴν
1384 1269 1394 1284 ⁸
1421 1269 1468 1295 τοῦ
1492 1268 1648 1303 Μηνοφίλου
1669 1267 1755 1303 ἀρχὴν
1778 1267 1821 1298 είς

1030 1315 1094 1352 τρία
1111 1315 1159 1350 ἔτη
1175 1315 1337 1342 ἀνυσθεῖσαν
1350 1314 1465 1349 ἡσυχίαν
1483 1314 1572 1349 ἔσχον.

189 1365 263 1389 eum,
280 1364 307 1384 et
322 1358 355 1385 ad
377 1359 436 1392 ejus
452 1359 532 1393 pedes
551 1360 721 1393 procumbite
733 1364 761 1386 et
774 1360 798 1385 ei
815 1360 976 1394 supplicate,
995 1364 1021 1386 et
1036 1361 1182 1388 verisimile
1210 1365 1262 1393 est,
1289 1368 1351 1388 eum
1368 1365 1471 1387 vestras
1484 1367 1579 1394 preces
1598 1359 1792 1386 admissurum.
1807 1366 1817 1382 ι

191 1405 225 1430 At
241 1404 276 1430 illi
296 1404 427 1438 indignati
460 1410 630 1432 recesserunt
649 1409 676 1432 et
707 1413 755 1440 per
783 1411 838 1432 tres
857 1411 962 1438 annos,
985 1406 1084 1440 quibus
1107 1406 1280 1441 Menophilus
1308 1407 1333 1433 in
1361 1406 1500 1440 provincia
1529 1412 1591 1433 cum
1617 1404 1728 1440 imperio
1756 1403 1819 1439 fuit,

190 1454 362 1487 quieverunt.

223 1500 266 1526 l0.
289 1501 324 1534 (c.
340 1501 370 1526 A.
382 1500 412 1526 C.
427 1500 490 1532 ‘261,
505 1500 621 1527 Gallieu.
634 1500 674 1536 9.)
693 1499 819 1535 Saporcs,
832 1501 976 1528 Persarum

1067 1505 1093 1528 t'.
1107 1501 1167 1527 Ὀτι
1182 1500 1316 1536 Σαπώρης
1328 1500 1341 1526 ὁ
1356 1500 1468 1535 Περσῶν
1479 1499 1605 1535 βασιλεὺς
1617 1499 1661 1525 τὸν
1673 1499 1819 1534 Εὐφράτην

192 1552 250 1577 rex,
272 1549 299 1571 ut
322 1552 382 1570 cum
409 1545 466 1572 suis
493 1549 534 1571 est
563 1545 729 1579 Euphratem
758 1551 978 1580 transgressus...

192 1598 254 1617 sese
280 1595 403 1617 amanter
418 1590 544 1625 amplexi,
560 1592 609 1618 sibi
631 1591 745 1618 invicem
762 1592 888 1626 gratulati
904 1597 978 1624 sunt,

191 1636 262 1670 quod
289 1635 434 1663 innititth
455 1636 603 1670 perieulum
627 1636 795 1672 cll'ugissenl,
814 1642 839 1664 et
861 1638 894 1664 ad
920 1644 977 1669 eos,

192 1683 236 1715 qui
255 1681 364 1709 Edessa:
379 1682 514 1716 stipendia
529 1682 675 1714 faciebant.
689 1684 782 1714 mittit,
802 1683 848 1718 qui
864 1684 975 1717 promlt~

193 1733 293 1759 terent,
318 1737 347 1757 se
373 1728 425 1756 illis
445 1729 571 1757 daturum
586 1737 681 1757 omnes
698 1737 764 1764 quos
780 1737 872 1757 secum
890 1735 980 1764 porta-

193 1781 245 1808 ret,
266 1775 360 1810 Syrios
385 1783 520 1808 nummos,
543 1780 574 1802 ut
601 1776 660 1803 sine
677 1775 730 1802 ulla
748 1775 874 1802 molestia
891 1777 978 1810 ipsum

192 1821 244 1848 iter
264 1829 377 1856 pergere
394 1822 525 1854 sinerent,
542 1829 630 1856 neque
641 1829 671 1849 se
684 1822 756 1856 ipsos
770 1821 796 1848 in
809 1822 916 1848 dubiam
933 1829 976 1856 pe-

192 1867 270 1894 riculi
296 1867 382 1894 aleam
408 1867 585 1901 conjicerent.
607 1867 659 1895 sibi
680 1875 782 1894 moram
801 1871 828 1894 et
842 1868 978 1902 negotium

190 1912 370 1940 lacessentes.
388 1913 482 1947 Neque
498 1920 563 1940 vero
574 1921 614 1946 se,
632 1919 759 1948 tanquam
776 1914 848 1948 ipsos
862 1913 979 1947 timeret,

190 1958 248 1986 hrcc
269 1958 395 1985 daturtttn
412 1966 473 1986 esse
491 1959 571 1992 dixit,
589 1958 637 1986 sed
659 1959 766 1986 dontum
791 1959 930 1991 festinare,
952 1964 980 1986 ut.

190 2005 290 2031 festum
305 2009 399 2039 ageret
414 2009 440 2031 et
456 2005 567 2031 mininte
586 2011 686 2039 cupere
706 2004 787 2031 ullam
805 2011 908 2031 moram
931 2012 980 2032 suo

190 2050 281 2078 itineri
310 2048 456 2085 interponi.
484 2050 583 2078 Milites
609 2055 700 2078 autem
730 2051 817 2079 satius
843 2051 980 2078 duxerunt

190 2097 311 2132 pericula
328 2098 431 2125 evitare
451 2102 479 2124 et
501 2104 549 2125 eos
572 2097 662 2125 sinere
692 2097 811 2125 transire
833 2101 860 2124 et
883 2103 979 2125 aurum

191 2143 327 2178 accipere.

229 2190 273 2216 ll.
296 2190 332 2224 (ε.
350 2190 382 2216 A.
412 2189 444 2216 C.
463 2189 527 2221 270,
540 2189 632 2216 Aurel.
651 2189 690 2224 1.)
710 2188 824 2216 Vandali
841 2188 906 2216 victi
926 2189 977 2216 mi-

189 2236 459 2271 seruntllegationem
469 2235 502 2262 ad
513 2235 700 2268 Aurelianum,
712 2242 806 2270 pacem
820 2239 974 2270 poscentes,

189 2282 355 2309 Aurelianus
373 2281 427 2317 26
443 2281 535 2309 libenti
553 2282 645 2308 animo
668 2289 715 2309 eos
737 2281 854 2316 excepit,
878 2285 905 2309 et
928 2288 975 2317 pa-

189 2329 282 2356 ctione
298 2328 373 2362 pacis
384 2335 445 2355 cutn
460 2327 528 2362 ipsis
545 2327 628 2359 facta,
643 2327 732 2355 rediit.

228 2375 272 2402 12.
287 2374 331 2410 (A.
349 2374 380 2400 (ἱ.
396 2373 459 2406 297,
482 2373 566 2401 Diocl.
585 2373 641 2408 M.)
657 2372 820 2407 Appharban
830 2379 890 2399 cum
909 2372 978 2400 ami-

190 2421 318 2449 cissimus
333 2420 453 2453 Narswo,
477 2420 621 2446 Persarum
646 2419 714 2455 regi,
735 2424 808 2446 esset
830 2418 930 2447 missus
945 2419 978 2447 ad

191 2468 370 2502 legationem,
387 2466 501 2501 supplex
521 2465 629 2494 Galerio
651 2466 780 2492 occurrit.
798 2465 834 2498 ls,
851 2464 912 2491 data
928 2472 978 2500 po-

193 2519 292 2542 testate
309 2512 449 2548 loquendi,
467 2512 548 2545 dixit,
565 2512 718 2540 Romanum
734 2515 762 2538 et
774 2510 914 2538 Persicum
926 2510 979 2538 im-

192 2561 298 2596 perium
319 2568 380 2589 esse
405 2565 533 2594 tanquam
552 2558 605 2587 duo
630 2557 795 2590 luminaria;
814 2561 842 2584 et
853 2561 978 2591 oportere

192 2607 307 2636 alterum
331 2607 457 2641 alterius,
475 2606 546 2635 sicut
567 2605 672 2637 oculos,
700 2604 760 2632 luce
781 2608 808 2631 et
833 2603 978 2638 splendore

1029 1547 1126 1578 διαϐὰς
1151 1546 1220 1581 μετά
1243 1546 1290 1573 τοῦ
1314 1547 1416 1573 οίκείου
1433 1547 1616 1581 στρατοπέδου
1630 1545 1709 1578 ⁷,....,
1725 1545 1817 1580 ἠσπά-

1032 1592 1109 1624 ζοντο
1124 1592 1255 1627 ἀλλήλους
1270 1593 1318 1619 καὶ
1334 1592 1441 1627 ἔχαιρον
1454 1592 1492 1624 ὡς
1514 1592 1681 1627 ὰπωγμένου
1692 1592 1702 1607 ³
1725 1592 1818 1618 κινδύ-

1030 1646 1076 1664 νου
1093 1638 1236 1672 φυγόντες.
1250 1638 1321 1672 Πρὸς
1336 1637 1364 1664 δὲ
1381 1637 1444 1669 τοὺς
1463 1637 1492 1664 ὲν
1515 1637 1627 1672 Ἐδέσσῃ
1648 1636 1819 1672 στρατιώτας

1031 1682 1155 1718 ἔπεμπεν
1166 1684 1187 1715 ⁸,
1209 1683 1393 1718 ὑποσχόμενος
1413 1683 1505 1716 αὐτοίς
1520 1683 1620 1710 διδόναι
1641 1685 1696 1710 πᾶν
1718 1684 1749 1709 τὸ
1765 1683 1820 1710 Σύ-

1031 1738 1089 1764 ριον
1105 1729 1225 1765 νόμισμα
1244 1729 1275 1755 τὸ
1291 1728 1321 1755 ὃν
1352 1728 1418 1764 παρ’
1437 1727 1513 1763 αὑτῷ
1534 1728 1566 1761 ’⁸,
1591 1727 1624 1755 [ν’
1640 1728 1820 1764 ἀνενόχλητον

1031 1776 1112 1803 αὑτὸν
1128 1776 1327 1811 συγχωρήσωσι
1344 1775 1501 1810 παρελθεῖν,
1514 1775 1560 1801 καὶ
1579 1774 1617 1811 μὴ
1630 1774 1745 1801 ἕλωνται
1759 1775 1819 1801 κίν-

1031 1822 1107 1848 δυνον
1130 1823 1171 1854 είς
1190 1821 1356 1857 ἀμφιϐολίαν
1378 1822 1476 1853 αὐτοὺς
1493 1821 1603 1855 ἄγοντα,
1622 1821 1667 1847 καὶ
1688 1820 1819 1856 ἀσχολίαν

1031 1867 1106 1901 αὑτῷ
1129 1868 1307 1901 περιποιῆσαι
1335 1866 1382 1893 καὶ
1407 1866 1571 1901 βραδυτῆτα.
1587 1866 1623 1892 οὐ
1644 1865 1699 1900 γὰρ
1724 1865 1820 1897 δεδιὼς

1031 1913 1129 1944 αὐτοὺς
1147 1912 1234 1939 ταῦτα
1251 1912 1398 1939 ἐπιδιδόναι
1415 1912 1477 1946 ἔφη,
1495 1912 1553 1938 ἀλλ’
1573 1912 1750 1947 ἐπειγόμενος
1769 1911 1819 1947 τὴν

1031 1958 1127 1994 ἑορτὴν
1149 1960 1189 1990 εἱς
1212 1959 1245 1984 τὰ
1267 1958 1354 1984 οἰκεῖα
1381 1959 1503 1994 ποιῆσαι,
1520 1958 1566 1984 καὶ
1598 1958 1635 1993 μὴ
1658 1958 1819 1992 βουλόμενος

1030 2005 1127 2040 τριϐὴν
1144 2005 1191 2032 καὶ
1208 2005 1353 2041 ὑπέρθεσιν
1369 2005 1496 2036 γενέσθαι
1512 2005 1545 2039 τῇ
1564 2004 1703 2040 ὁδοιπορίᾳ
1722 2004 1816 2032 αὐτοῦ.

1031 2052 1087 2078 Καὶ
1102 2051 1204 2078 εἴλοντο
1224 2051 1249 2078 οἱ
1266 2051 1432 2086 στρατιῶται
1448 2050 1540 2077 λαϐεῖν
1556 2050 1585 2076 τδ
1603 2050 1714 2085 χρυσίον
1740 2050 1818 2076 ἀκιν-

1030 2097 1116 2130 δύνως
1136 2097 1182 2124 καὶ
1196 2097 1396 2133 παραχωρῆσαι
1412 2097 1503 2128 αὐτοῖς
1519 2096 1674 2132 παρελθεῖν.

1067 2190 1112 2213 ια’.
1127 2187 1187 2213 Ὀτι
1199 2185 1347 2213 Οὐανδαλοὶ
1357 2185 1520 2221 ἡττηθέντες
1531 2183 1658 2219 ἔπεμψαν
1670 2182 1819 2218 πρεσϐείαν

1031 2233 1099 2269 πρὸς
1126 2232 1303 2268 Αὑρηλιανὺν,
1330 2231 1552 2267 παρακαλοῦντες
1576 2230 1697 2264 εἰρήνην.
1726 2228 1819 2263 Αὐρη-

1029 2279 1119 2311 λιανδς
1130 2279 1157 2305 δὲ
1171 2278 1296 2313 ἀσμένως
1310 2278 1428 2311 ἐδέξατο,
1443 2277 1491 2304 καὶ
1514 2275 1673 2307 πακτεύσας
1688 2275 1756 2310 πρὸς
1768 2275 1820 2301 αὒ-

1029 2325 1092 2356 τοὺς
1107 2324 1281 2360 ἀνεχώρησεν
1295 2324 1328 2350 ¹¹.

1065 2370 1108 2407 ιβ’.
1125 2372 1185 2399 ’Ὁτι
1209 2370 1380 2405 ’Δφφαρὸἄν,
1399 2370 1526 2404 φίλτατος
1545 2368 1582 2394 ὢν
1598 2367 1635 2398 ὡς
1649 2367 1766 2402 μάλιστα
1779 2375 1820 2400 τῳ

1028 2417 1160 2452 Ναρσαίῳ
1185 2417 1223 2451 τῷ
1246 2415 1359 2451 Περσῶν
1374 2415 1489 2449 βασιλεῖ,
1510 2415 1550 2445 είς
1571 2413 1720 2448 πρεσϐείαν
1743 2420 1818 2446 πεμ-

1029 2463 1106 2497 φθεὶς
1124 2463 1172 2489 σὺν
1201 2461 1303 2497 ἱκετείᾳ
1329 2461 1368 2496 τῷ
1390 2460 1512 2495 Γαλερίῳ
1538 2460 1704 2494 ὑπήντησεν.
1723 2458 1820 2488 Ὅστις

1029 2508 1120 2535 ἄδειαν
1136 2507 1183 2533 τοῦ
1206 2506 1294 2541 λέγειν
1320 2505 1410 2532 λαϐὼν
1435 2503 1511 2531 εἷπε·
1534 2513 1543 2529 ι
1564 2503 1682 2538 Φανερόν
1704 2503 1762 2528 ἐστι
1779 2501 1820 2536 τῷ

1031 2554 1105 2589 γένει
1115 2553 1168 2580 τῶν
1179 2552 1339 2587 ἀνθρώπων,
1350 2551 1390 2578 ὅτι
1400 2550 1554 2585 ὡσπερανεὶ
1565 2550 1586 2566 ⁸³
1597 2548 1643 2576 δύο
1655 2547 1821 2582 λαμπτῆρές

1032 2601 1101 2627 slew
1117 2600 1134 2634 ἦ
1157 2608 1186 2625 τε
1212 2597 1354 2633 Ῥωμαῖκὴ
1378 2597 1425 2623 καὶ
1449 2596 1571 2631 Περσικὴ
1602 2594 1743 2630 βασιλειαο
1770 2592 1821 2619 καὶ

848 2685 965 2715 VARIE
984 2683 1174 2713 LECTlONES

229 2760 239 2774 ⁵
257 2758 271 2784 ὃ
289 2763 350 2792 post
367 2757 431 2792 ὑμῖν
450 2757 626 2792 expunxitN.

194 2791 360 2827 διωκομένου
380 2791 412 2818 ll.
460 2791 604 2827 ’ἔπεμπεν
622 2791 654 2823 Ν,
676 2792 797 2827 πέμπειν
813 2791 885 2827 vnlg.

198 2829 269 2863 Vulg.
310 2828 329 2843 "
346 2826 499 2860 ὡσπερανεὶ
513 2826 558 2859 ll.,
574 2827 668 2860 ὥσπερ
685 2826 717 2852 ἂν
736 2826 777 2860 εἴη
796 2826 867 2859 \‘ttlg.

676 2757 685 2771 ⁸
702 2756 748 2783 καὶ
763 2756 835 2782 κατὰ
850 2755 898 2789 τὴν
915 2753 975 2788 conj

1031 2753 1066 2780 al.
1106 2753 1116 2768 ⁷
1130 2753 1154 2778 οἱ
1169 2752 1217 2786 μὲν
1232 2748 1401 2789 στρατιῶται
1417 2747 1552 2789 excidisse
1565 2743 1686 2789 stt‘sp._N.
1716 2743 1821 2789 ’ξ’-ἀδρ-

943 2786 1050 2823 ¹⁰⁷αύτῷ
1067 2787 1109 2819 N.,
1128 2787 1216 2814 αὐτῶν
1230 2786 1300 2821 vulg.

1356 2785 1375 2800 ιι
1389 2782 1565 2818 ἀνεχώρησεν
1579 2777 1622 2812 Ν-ξ
1640 2777 1820 2813 ἀνεχώρησαν
