1945 3073
99 152 152 182 Cﬁ’l

493 152 540 182 DE
559 151 838 183 LEGATIONIBUS
856 153 1096 185 ROMANORUM
1115 155 1165 185 AD
1182 155 1340 187 GENTES.

1677 159 1731 191 670

101 206 156 241 χρὴ
173 205 300 241 καθάπερ
320 204 475 240 ὀφθαλμοὺς
491 205 540 239 τὴν
557 206 655 240 ἑτέραν
668 207 701 240 τῇ
719 205 768 239 τῆς
793 206 889 238 ἑτέρας

952 207 1082 241 llustrari,
1102 217 1191 244 neque
1214 210 1246 236 ad
1272 210 1483 239 exstlnctionem
1506 215 1534 238 ct
1559 214 1729 240 eversionem

102 251 269 286 κοσμεῖσθαι
284 252 466 286 λαμπρότητι,
480 251 527 277 καὶ
542 250 579 285 μὴ
595 251 661 286 πρὸς
676 251 816 286 ἀναίρεσιν
829 252 891 277 ἑαυ-

100 298 157 323 τῶν
170 297 316 331 ἀμοιϐαδὸν
335 297 415 332 μέχρι
433 296 533 327 παντὸς
546 296 730 330 χαλεπαίνειν.
742 297 827 324 Τοῦτο
838 297 892 332 γὰρ

102 343 153 368 οὐκ
172 341 258 377 ἀρετὴ
283 343 392 376 μᾶλλον,
408 342 476 368 ἀλλά
492 343 627 376 κουφότης
647 342 789 377 νομίζεται
805 342 820 377 ἢ
841 351 893 377 μα-

101 389 203 414 λακία·
225 388 288 418 τοὺς
308 388 362 423 γὰρ
384 388 634 422 μεταγενεστέρους
654 388 773 422 οἰόμενοι
790 388 827 422 μὴ
846 387 892 414 δύ-

103 434 201 459 nabat
227 434 334 465 ἑαυτοῖς
360 433 468 468 βοηθεῖν
495 434 677 466 σπουδάζουσι
703 433 765 466 τοὺς
788 434 894 461 ἀντιτε-

102 479 255 513 ταγμένους
268 479 383 505 ἀνελεῖν.
397 479 443 514 Μὴ
456 480 555 514 χρῆναι
568 480 660 514 μέντοι
675 479 741 514 μηδὲ
755 479 894 515 Ναρσαῑον

103 526 300 561 ἀσθενέστερον
318 526 426 552 πάντων
448 526 502 557 τῶν
517 525 605 552 ἄλλων
626 525 759 560 βασιλέων
783 523 894 560 νομίζε-

104 574 184 600 σθαι·
203 572 270 599 ἀλλὰ
285 572 410 599 τοσοῦτον
436 572 491 599 τῶν
506 572 593 599 ἄλλων
614 571 746 607 βασιλέων
766 571 895 606 Γαλέριον

103 619 264 654 ὑπερέχειν,
280 618 351 644 ὥστε
362 618 443 645 αὑτὸν
455 618 541 653 τούτῳ
553 618 625 653 μόνῳ
638 617 749 649 δικαίως
757 617 895 652 Ναρσαῖον

102 664 253 698 ἡττῆσθαι,
274 664 363 690 καίτοι
379 664 428 698 τῆς
451 664 507 690 τῶν
533 663 642 691 οἰκείων
661 663 803 697 προγόνων
819 663 896 695 ἀξίας

103 709 319 745 καταδεέστερον
336 710 367 736 οὐ
391 709 546 744 γινόμενον.
566 719 576 735 ι
594 710 667 744 Πρὸς
681 709 787 740 τούτοις
804 709 897 743 ἔλεγεν

102 755 117 780 ὁ
138 754 301 789 ’Λφφαρϐἄν
321 753 479 781 ἐντετάλθαι
506 753 580 788 αὐτῷ
600 754 675 789 παρὰ
693 754 843 788 Ναρσαίου,
859 753 897 785 ὡς

104 799 215 834 ἔχοντες
225 799 246 814 ¹¹
255 798 419 831 ἐπιείκειαν,
433 799 464 825 τὸ
474 798 524 832 τῆς
532 799 634 830 οἰκείας
645 798 783 833 βασιλείας
795 799 897 825 δίκαιον

103 847 136 880 τῇ
152 845 299 880 Ῥωμαίων
308 845 454 879 ἐπιτρέψαι
462 844 662 880 φιλανθρωπίᾳ.
671 844 820 880 Τοιγαροῦν
830 844 898 879 μηδὲ

103 891 168 921 τοὺς
176 891 275 925 ὅρκους
284 890 465 925 κομίζειν,ὲφ’
474 889 514 922 οἷς
523 890 575 925 χρὴ
585 889 708 923 γίνεσθαι
716 890 765 924 τὴν
774 891 897 925 εἰρήνην,

105 936 175 963 ἀλλὰ
194 936 224 962 τὺ
247 936 307 962 ὅλον
317 937 350 971 τῇ
365 935 462 970 γνώμῃ
480 936 527 962 τοῦ
547 935 680 970 βασιλέως
697 935 808 962 διδόναι.
825 935 898 970 Πλὴν

105 983 147 1008 ὅτι
169 982 327 1016 παρακαλεῖ
341 982 403 1012 τοὺς
418 982 516 1012 παῖδας
543 981 624 1016 μόνον
639 981 686 1008 καὶ
707 981 755 1012 τάς
776 981 899 1016 γαμετὰς

106 1026 183 1062 αὐτῷ
204 1026 378 1061 ἀποδοθῆναι,
392 1027 436 1053 διὰ
454 1027 503 1062 τῆς
520 1026 622 1054 τούτων
650 1025 802 1058 ἀποδόσεως
818 1027 900 1054 πλέον

106 1072 278 1106 εὐεργεσίαις
292 1071 383 1106 ἔνοχος
408 1070 478 1099 εἶναι
493 1072 580 1105 λέγων
593 1072 610 1106 ἢ
634 1071 726 1103 ὅπλοις
741 1072 843 1107 περιών
857 1072 879 1088 ⁸³
889 1080 896 1086 ·

107 1117 170 1143 οὐδὲ
181 1117 227 1144 νῦν
235 1117 365 1144 δύνασθαι
373 1118 432 1144 κατ’
441 1117 519 1150 ἀξίαν
531 1117 646 1151 χάριτας
655 1117 808 1152 ὁμολογεῖν,
820 1118 860 1144 ὅτι
870 1118 900 1144 ὲν

107 1164 283 1199 αἰχμαλωσίᾳ
296 1164 439 1198 γενόμενοι
451 1163 499 1197 τῆς
514 1162 642 1189 ἐντεῦθεν
654 1165 703 1190 οὐκ
714 1164 900 1198 ἐπειράθησαν

110 1209 230 1244 ὓὸρεως,
257 1209 314 1235 ἀλλ’
336 1209 406 1235 οὕτω
426 1209 670 1243 μετεχειρίσθησαν
693 1209 731 1240 ὡς
753 1210 788 1243 τῇ
812 1210 900 1245 οίιιείᾳ

109 1252 237 1286 εὐγενείᾳ
251 1252 312 1278 ὅσον
324 1251 406 1279 οὔπω
420 1252 662 1287 ἁποδοθησόμενοι.
685 1252 730 1279 Ἑν
745 1253 849 1284 τούτοις
860 1254 901 1285 είς

110 1298 226 1331 μνήμην
243 1295 295 1332 ἦγε
322 1297 369 1324 καὶ
391 1297 421 1323 τὸ
445 1298 500 1324 τῶν
520 1298 699 1335 ἀνθρωπίνων
729 1299 900 1334 πραγμάτων

109 1343 314 1378 εὐμετάϐλητον
328 1343 378 1379 (6).
397 1343 426 1370 Ὀ
446 1344 473 1370 δὲ
493 1344 622 1379 Γαλέριος
639 1344 706 1378 πρὸς
720 1345 808 1371 ταῦτα
822 1345 901 1377 δόξας

109 1388 282 1423 ὀργίζεσθαι,
297 1390 467 1424 συγκινήσας
479 1390 508 1416 τὸ
520 1390 618 1416 ἑαυτοῦ
631 1390 720 1424 σῶμα,
736 1390 902 1425 ἀπεκρίνατο

110 1433 211 1467 λέγων,
223 1434 253 1460 οὐ
267 1434 357 1466 καλῶς
378 1435 487 1470 Πέρσας
501 1434 595 1467 ἀξιοῦν
613 1435 665 1469 τῆς
682 1435 834 1470 μεταϐολῆς
847 1436 901 1462 τῶν

111 1480 291 1515 ἀνθρωπίνων
317 1481 489 1516 πραγμάτων
505 1481 614 1516 ἑτέρους
633 1481 801 1516 μεμνῆσθαι,
819 1482 900 1508 ὁπότε

942 253 1057 281 invicem
1073 255 1124 282 sibi
1141 256 1269 283 molestos
1282 259 1309 282 et
1322 263 1419 290 graves
1431 263 1502 285 esse.
1521 257 1578 285 lloc
1589 259 1661 285 enim
1679 267 1730 285 nou

943 299 1039 332 virtus,
1062 301 1109 327 sed
1130 301 1216 336 magis
1235 302 1331 330 levitas
1351 308 1379 330 et
1405 305 1537 332 mollities
1560 311 1730 333 censeretur.

944 345 1009 372 Nam
1025 347 1070 380 qui
1087 346 1232 375 inferiores
1244 349 1313 374 nihil
1326 349 1377 376 sibi
1391 350 1520 383 prodesse
1535 359 1614 385 posse
1626 355 1732 386 putant.

943 398 1077 420 conamur
1103 400 1168 425 eos,
1198 394 1243 428 qui
1273 394 1325 421 sibi
1353 395 1552 428 adversantur,
1584 397 1680 424 tollere
1705 403 1733 424 et

942 443 1076 466 evertere.
1097 438 1156 466 Non
1182 445 1310 474 oportere
1335 444 1425 467 autem
1446 440 1586 468 Narsteum
1605 443 1733 469 omnibus

943 483 1003 511 aliis
1018 484 1127 519 regibus
1149 485 1356 512 imbecilliorem
1378 486 1555 519 existimare;
1581 488 1628 514 sed
1655 487 1734 514 Calc-

944 528 1015 556 rium
1030 533 1105 556 tanto
1123 529 1236 563 reliquis
1254 530 1362 564 regibus
1375 531 1544 564 superiorem
1569 538 1640 562 esse,
1656 536 1684 558 ul
1699 532 1734 558 ab

944 581 977 602 eo
993 574 1051 602 solo
1065 575 1162 602 merito
1175 573 1304 602 Narseus
1316 575 1404 602 victus
1423 575 1469 607 sil,
1493 576 1601 602 tametsi
1619 583 1652 602 ne
1667 575 1734 602 Nar-

944 627 1016 648 smus
1045 620 1155 654 quidem
1184 628 1199 647 a
1228 627 1340 647 suorum
1366 621 1500 656 majorum
1526 621 1628 648 virtute
1651 621 1733 648 absit.

946 665 1081 694 Praeterea
1097 666 1165 693 dixit
1185 667 1351 700 Appharban
1373 667 1531 694 mandatum
1548 667 1599 694 sibi
1617 666 1701 693 fuisse
1719 674 1734 692 a

947 712 1067 745 Narsaeo,
1076 713 1168 740 omnia
1178 713 1280 747 proprii
1293 712 1369 747 regni
1378 713 1634 747 juralRomanorum
1645 713 1737 738 lumna-

948 758 1026 786 nitati
1043 758 1187 790 committi,
1207 759 1295 793 ipsum
1311 766 1418 792 {equum
1435 765 1494 786 esse
1509 759 1609 785 ducere
1627 766 1635 785 :
1649 765 1736 791 neque

948 804 1010 832 ideo
1024 805 1204 836 conditiones,
1223 805 1323 839 quibus
1342 812 1438 839 pacem
1457 805 1513 832 ﬁeri
1530 804 1622 836 vellet,
1645 805 1734 838 ipsum

950 849 1033 882 ferre,
1049 851 1097 877 sed
1111 850 1137 877 id
1150 857 1232 878 omne
1247 851 1420 885 imperatoris
1433 851 1547 877 arbitrio
1563 851 1735 884 permittere.

951 894 1007 922 Hoc
1026 895 1114 922 solum
1129 895 1218 929 ipsum
1235 896 1352 928 hortari,
1373 900 1401 922 ut
1418 896 1469 923 sibi
1490 903 1602 922 uxorem
1618 899 1645 922 et
1668 896 1737 922 ﬁlios

950 940 1087 972 redderet,
1102 947 1171 974 quos
1185 940 1209 967 si
1224 940 1368 975 reciperet,
1391 941 1477 967 multo
1501 940 1693 967 devinctiorem
1708 946 1738 966 se

951 985 988 1013 illi
1015 986 1074 1013 fore
1099 986 1258 1019 beneﬂciis,
1281 993 1363 1020 quam
1393 987 1415 1013 si
1444 986 1527 1013 armis
1549 986 1674 1018 vicisset;
1700 993 1737 1012 ne

949 1038 1023 1058 nunc
1034 1031 1144 1066 quidem
1158 1032 1226 1059 satis
1244 1038 1294 1065 pro
1311 1031 1409 1058 merito
1423 1031 1525 1066 gratias
1543 1038 1624 1065 agere
1644 1038 1736 1063 posse,

948 1077 1021 1111 quod
1035 1076 1136 1111 captivi
1154 1077 1226 1104 haud
1244 1077 1374 1111 quiquam
1390 1076 1566 1104 contumelia:
1579 1076 1650 1111 passi
1671 1076 1739 1107 sint,

949 1123 997 1150 sed
1018 1123 1056 1150 ita
1080 1122 1175 1154 habiti,
1202 1127 1232 1149 ut
1261 1122 1384 1157 pristinae
1404 1129 1461 1149 sua:
1490 1121 1624 1149 nobilitati
1650 1121 1740 1155 primo

950 1175 1058 1202 quoque
1083 1173 1204 1202 tempore
1229 1175 1258 1195 se
1276 1167 1434 1195 restitutum
1458 1167 1489 1194 iri
1511 1171 1663 1201 sperarent.
1687 1165 1739 1192 llic

951 1213 1057 1246 legatus
1079 1213 1226 1240 Persarum
1252 1214 1278 1240 in
1302 1213 1462 1241 memoriam
1486 1212 1626 1239 revocavit
1648 1219 1738 1238 rerum

951 1259 1135 1285 humanarum
1148 1258 1371 1286 inconstantiam.
1383 1259 1422 1285 Ad
1436 1265 1496 1293 quae
1518 1258 1592 1285 visus
1607 1262 1649 1284 est
1661 1257 1740 1284 Gale-

951 1304 1009 1330 rius
1032 1303 1180 1334 subirasci,
1199 1307 1226 1330 et
1246 1308 1302 1330 toto
1320 1310 1436 1337 corpore
1456 1308 1610 1329 culnntoltls
1623 1321 1631 1334 ,
1654 1311 1662 1326 ι
1684 1308 1739 1328 ιιοιι

951 1352 1026 1376 recte
1051 1349 1149 1376 Persas
1175 1349 1215 1376 ait
1230 1354 1335 1383 petere,
1347 1353 1375 1374 ut
1386 1348 1430 1374 alii
1449 1347 1590 1374 varietatis
1604 1351 1631 1373 et
1647 1347 1742 1373 incon-

951 1394 1060 1421 stantia:
1086 1401 1177 1421 rerum
1205 1394 1385 1421 humanarum
1406 1393 1614 1425 meminissent,
1641 1393 1741 1427 quippe

951 1440 997 1474 qui
1012 1439 1075 1474 ipsi,
1090 1447 1153 1466 cum
1171 1440 1298 1466 secunda:
1314 1447 1358 1466 res
1376 1439 1430 1465 illis
1453 1439 1627 1472 contigerint,
1654 1437 1742 1464 homi-

951 1492 1015 1511 num
1032 1484 1236 1512 calamitatibus
1261 1485 1334 1510 ultro
1355 1485 1459 1510 instare
1491 1492 1544 1516 non
1563 1485 1738 1511 desisterent.

111 1526 190 1552 αὐτοὶ
206 1525 303 1561 καιροῦ
320 1526 571 1561 ἐπιλαμϐανόμενοι
584 1527 614 1552 οὑ
629 1528 760 1553 παύονται
774 1528 833 1558 ταῖς
847 1527 899 1554 τῶν

956 1529 1050 1557 «Belle
1066 1530 1174 1557 scilicet
1188 1531 1319 1556 adversus
1337 1529 1509 1556 Valerianum
1527 1529 1740 1556 moderationem

110 1571 265 1606 ἀνθρώπων
277 1573 431 1606 συμφοραῖς
445 1571 626 1606 ἐπικείμενοι.
649 1581 658 1598 t
676 1573 774 1604 Καλῶς
790 1573 843 1608 γὰρ
855 1573 901 1599 καὶ

114 1618 162 1643 ἐπὶ
176 1617 341 1652 Βαλεριανοῦ
359 1617 378 1632 ¹⁸
395 1619 426 1643 τὸ
448 1617 547 1652 μέτρον
568 1619 618 1652 τῆς
642 1618 720 1653 νίκης
737 1618 900 1652 ἐφυλάξατε,

110 1663 212 1694 οἵτινες
235 1662 321 1694 δόλοις
348 1662 429 1688 αὑτὸν
457 1663 648 1698 ἀπατήσαντες
676 1663 824 1698 κατέσχετο
854 1663 901 1690 καὶ

112 1709 197 1743 μέχρι
209 1709 301 1744 γήρως
313 1709 429 1743 ἐσχάτου
442 1709 488 1734 καὶ
508 1709 637 1744 τελευτῆς
657 1708 755 1743 ἀτίμου
773 1709 823 1734 οὐκ
843 1709 901 1736 ἀπ’

111 1755 237 1786 ελύεατε,
256 1753 314 1781 εἶτα
339 1754 408 1789 μετὰ
431 1755 546 1781 θάνατον
566 1755 675 1789 μυσαρᾷ
691 1763 743 1780 τινι
763 1755 845 1790 τέχνῃ
871 1754 902 1781 τὸ

109 1800 201 1835 δέρμα
219 1799 302 1826 αὑτοῦ
329 1799 495 1833 φυλάξαντες
518 1799 609 1834 θνητῷ
631 1799 738 1834 σώματι
765 1799 901 1826 ἀθάνατον

111 1844 193 1880 ὕϐριν
207 1847 373 1879 ἐπηγάγετε.
389 1854 397 1869 ι
416 1844 510 1871 Ταῦτα
524 1844 666 1878 διεξελθὼν
679 1846 693 1871 ὁ
710 1845 845 1879 βασιλεὺς,
855 1845 903 1871 καὶ

111 1891 200 1917 εἰπὼν
215 1890 313 1917 ἑαυτὸν
328 1890 534 1925 ἐπικαμςροῆναι
552 1890 601 1924 οὐχ
613 1887 654 1922 οἷς
674 1891 778 1925 Πέρσαι
794 1890 839 1916 διὰ
852 1889 902 1924 τῆς

111 1934 264 1970 πρεσϐείας
280 1934 450 1968 ὑπέμνησαν,
461 1934 499 1965 ὡς
514 1933 571 1960 δέον
587 1935 656 1969 πρὸς
669 1934 718 1966 τὰς
729 1934 903 1969 ἀνθρωπίνας

111 1981 220 2016 ἁφορᾷν
234 1979 320 2014 τύχας
335 1979 389 2014 (διὰ
403 1979 481 2006 τοῦτο
491 1980 545 2015 γὰρ
557 1980 658 2014 μᾶλλον
673 1981 721 2007 καὶ
737 1981 805 2015 πρὸς
818 1980 903 2015 ὀργὴν

113 2028 266 2062 προσήκειν
282 2026 303 2041 ¹⁶
318 2025 464 2057 κινεῖσθαι,
482 2025 509 2051 εί
534 2034 574 2057 τις
595 2026 663 2059 πρὸς
686 2025 704 2052 ἃ.
722 2026 824 2058 Πέρσαι
852 2034 903 2051 πε-

115 2073 255 2107 πράχασιν
283 2070 463 2104 ἀποῦλέψειεν
484 2071 529 2105 ν’),
549 2070 617 2096 ἀλλά
642 2072 699 2102 τοῖς
719 2070 774 2097 τῶν
794 2071 903 2097 οἰκείων

114 2117 256 2153 προγόνων
271 2116 372 2151 ἴχνεσιν
385 2116 553 2147 ἀκολουθεῖν,
570 2114 610 2148 οἷς
624 2116 684 2148 ἔθος
701 2116 839 2150 φείδεσθαι
855 2116 904 2152 μὲν

114 2162 169 2188 τῶν
186 2162 325 2197 ὑπηκόων,
354 2162 589 2196 καταγωνίζεσθαι
620 2162 648 2189 δὲ
667 2163 722 2188 τῶν
745 2163 903 2190 ἀντιταττο-

951 1576 979 1603 ἱιι
1009 1575 1124 1602 victoria
1140 1575 1279 1602 tenuistis.
1303 1574 1372 1601 Nam
1393 1575 1454 1601 dolo
1478 1581 1538 1601 eum
1566 1574 1688 1608 cepistis,
1715 1579 1743 1601 et

951 1628 1038 1656 IISun
1052 1621 1086 1648 ad
1103 1626 1253 1648 extremam
1271 1624 1441 1648 senectutem
1455 1625 1483 1646 et
1499 1625 1613 1646 mortem
1634 1625 1740 1653 turpem

951 1673 978 1696 et
990 1667 1088 1694 ltedam
1106 1674 1158 1694 non
1172 1666 1323 1694 dimisistis.
1337 1666 1424 1693 Etiam
1437 1670 1498 1700 post
1510 1671 1626 1694 mortem
1637 1665 1742 1692 nefaria

953 1717 1012 1740 arte
1026 1717 1116 1740 cutem
1131 1713 1191 1747 ejus
1214 1713 1413 1744 custodientes,
1432 1711 1539 1737 mortali
1556 1711 1664 1745 corpori
1690 1711 1743 1736 itu-

953 1759 1096 1787 mortalem
1107 1759 1281 1794 ignominiam
1294 1757 1444 1785 inussistis.
1462 1767 1471 1782 ι
1487 1757 1515 1783 ln
1534 1757 1586 1783 i~ta
1603 1757 1742 1790 digressus

951 1811 995 1833 est
1011 1806 1171 1840 imperator,
1194 1810 1220 1832 et
1243 1804 1324 1836 dixit,
1340 1812 1370 1831 se
1394 1803 1503 1838 quidem
1524 1801 1596 1829 ﬂecti
1615 1810 1669 1828 non
1688 1801 1741 1834 his,

953 1859 1068 1886 quorum
1091 1850 1182 1878 Persa:
1203 1851 1231 1878 in
1256 1851 1392 1886 legatione
1411 1850 1578 1877 mentionem
1607 1847 1741 1879 fecerant,

953 1899 1078 1931 oportere
1092 1896 1118 1922 in
1150 1903 1239 1922 rerum
1257 1896 1438 1922 humanarum
1458 1894 1619 1921 varietatem
1642 1892 1741 1919 intueri

954 1941 1002 1974 (ob
1015 1941 1068 1967 hoc
1081 1940 1154 1967 enim
1168 1940 1191 1966 si
1208 1941 1270 1974 quis
1295 1941 1328 1966 ad
1347 1947 1390 1972 ea,
1411 1947 1470 1974 quae
1489 1939 1580 1965 Persas
1595 1937 1742 1964 commise-

953 1986 1019 2018 rint,
1036 1986 1089 2020 27
1101 1986 1237 2016 advertat,
1252 1990 1378 2020 oportere
1396 1985 1421 2011 in
1436 1985 1504 2011 iram
1527 1982 1623 2017 ferri),
1648 1981 1695 2008 sed
1711 1988 1741 2008 se

953 2031 1077 2065 vestigiis
1094 2030 1227 2064 majorum
1247 2031 1386 2063 insistere,
1400 2030 1499 2064 quibus
1515 2036 1574 2055 mos
1587 2027 1667 2054 fuerit
1681 2035 1744 2061 par-

955 2084 1018 2104 cere
1040 2075 1172 2107 subjectis
1188 2080 1214 2102 et
1238 2076 1373 2103 debellare
1397 2075 1539 2109 superbos.
1555 2073 1745 2108 ltaquejussit

955 2130 1029 2154 eum,
1046 2122 1092 2156 qui
1109 2122 1243 2156 legatione
1266 2121 1441 2157 fungebatur,
1467 2121 1522 2155 regi
1539 2128 1588 2148 suo
1607 2120 1743 2147 Romano-

956 2178 1016 2198 rum
1035 2169 1273 2196 mansuetudinem
1297 2172 1324 2194 et
1341 2167 1526 2198 clementiam,
1552 2173 1666 2201 quorum
1690 2166 1744 2191 vir-

116 2208 214 2242 μένων,
225 2209 351 2235 ἐκέλευσε
363 2208 403 2243 τῷ
414 2208 625 2244 πρεσϐευομένῳ
651 2208 689 2243 τῷ
715 2208 771 2244 ἰδίῳ
795 2208 899 2243 βασιλεῖ

957 2216 1022 2243 tutis
1035 2213 1181 2250 periculum
1192 2213 1312 2245 fecisset,
1324 2213 1492 2244 renuntiare,
1507 2216 1534 2239 et
1552 2219 1626 2247 spem
1643 2211 1741 2241 facere,

115 2254 280 2287 ἀπαγγεῖλαι
305 2254 355 2288 τὴν
381 2254 525 2289 Ῥωμαίων
555 2254 767 2288 καλοκαγαθίαν,
789 2251 827 2281 ὧν
851 2255 900 2290 τῆς

115 2299 216 2335 ἀρετῆς
227 2301 370 2335 ἐπειράθη,
384 2300 430 2326 καὶ
441 2301 470 2327 οὐ
486 2301 576 2336 πολλῷ
584 2301 697 2335 ὕστερον
707 2302 900 2336 προσελπίζειν

116 2345 181 2380 παρ’
192 2346 274 2373 αὐτὸν
283 2345 464 2381 ἀφιξομένους
479 2347 550 2373 κατά
560 2347 674 2381 γνώμην
691 2346 739 2373 τοῦ
753 2346 895 2381 βασιλέως.

152 2438 198 2468 ιγ’.
215 2435 276 2461 Ὀτι
290 2435 424 2467 Λικίννιος
436 2435 540 2470 πέμπει
551 2435 723 2472 πρεσϐευτὴν
738 2437 808 2472 πρὸς
822 2438 901 2464 Κων-

118 2481 256 2514 σταντίνον
270 2480 440 2515 Μεστριανὸν
457 2481 582 2516 κόμητα»
597 2482 723 2509 meam
737 2483 764 2509 δὲ
782 2483 829 2509 τὸν
847 2484 903 2511 Με-

116 2525 243 2558 στριανδν
263 2526 277 2551 ὁ
294 2524 419 2559 βασιλεὺς
430 2527 476 2553 ὲπί
497 2536 558 2554 τινα
580 2528 676 2562 χρόνον
691 2529 810 2564 διέσυρε,
825 2531 903 2557 Μετὰ

114 2568 200 2596 ταῦτα
212 2569 240 2595 δὲ
255 2569 323 2604 πρός
335 2578 366 2596 τε
380 2570 410 2596 τὸ
419 2571 516 2604 ἄδηλον
531 2572 579 2598 τοῦ
596 2572 714 2609 πολέμου
727 2575 901 2608 ἀποῦλέπων,

115 2613 174 2647 ἅμα
198 2614 227 2640 δὲ
242 2614 290 2640 καὶ
302 2614 343 2640 ὅτι
359 2614 383 2640 οἱ
406 2614 452 2640 τοῦ
474 2616 611 2642 Λικιννίου
626 2618 714 2653 ἐφόδῳ
733 2618 902 2655 λανθανούσῃ

115 2660 285 2694 χρησάμενοι
301 2659 350 2694 τὴν
365 2659 504 2694 βαστάγην
515 2661 598 2687 αὑτοῦ
616 2662 684 2695 μετά
696 2663 745 2698 τῆς
757 2663 902 2699 βασιλικῆς

116 2703 266 2739 ὑπηρεσίας
280 2705 422 2740 κατέσχον,
439 2704 545 2739 δέχεται
559 2706 654 2734 αὐτόν.
679 2707 708 2734 '0
724 2708 753 2735 δὲ
772 2710 828 2741 τοῖς
842 2710 901 2737 δυσὶ

955 2270 1007 2290 non
1034 2260 1120 2288 multo
1140 2264 1203 2294 post
1221 2259 1290 2292 fore,
1309 2263 1350 2292 ut,
1367 2259 1512 2293 impetrata
1528 2259 1561 2286 ab
1579 2258 1743 2292 imperatore

954 2307 1043 2339 venia,
1057 2305 1160 2341 captivi
1174 2305 1207 2332 ad
1222 2304 1309 2340 ipsum
1328 2304 1460 2332 redirent.

987 2437 1117 2474 l5.(A.C.
1127 2438 1189 2470 514,
1198 2437 1291 2465 Const.
1303 2437 1343 2473 9.)
1356 2437 1495 2465 Licinnius
1504 2436 1622 2473 legatum
1633 2436 1665 2463 ad
1673 2435 1750 2463 Con—

952 2483 1101 2511 stantinutn
1127 2483 1301 2511 Mestriaoum
1324 2483 1450 2511 comitem
1475 2483 1567 2514 tnittit,
1577 2490 1656 2517 quem
1670 2481 1743 2508 Con-

952 2529 1101 2561 stantinus,
1121 2536 1183 2556 cum
1201 2531 1234 2556 ad
1249 2536 1279 2556 se
1295 2529 1426 2561 venisset,
1442 2529 1520 2564 longo
1535 2533 1659 2563 tempore
1675 2528 1743 2554 deli-

956 2576 1023 2603 nuit.
1035 2575 1156 2613 Tandem
1183 2583 1243 2603 cum
1258 2575 1291 2603 ad
1309 2575 1428 2603 incertos
1440 2575 1503 2603 belli
1530 2582 1610 2602 casus
1622 2575 1743 2602 animum

956 2621 1095 2655 adiiceret,
1121 2621 1185 2656 quia
1215 2630 1310 2650 manus
1340 2621 1455 2649 militum
1491 2621 1587 2648 Licinii
1610 2621 1739 2656 jumenta

953 2668 1099 2696 sarcinalia
1121 2677 1182 2696 cum
1199 2670 1274 2704 regia
1296 2669 1476 2704 suppellectili
1491 2669 1524 2696 ad
1540 2677 1570 2697 se
1586 2669 1742 2697 tendentem

954 2713 1123 2741 clandestina
1138 2714 1297 2742 incursione
1312 2714 1504 2749 interceperat,
1517 2716 1635 2751 legatum
1651 2712 1738 2741 admi-

751 2763 868 2794 \'ARIIE
884 2766 1087 2795 LECTIONES.

162 2807 182 2822 ¹³
194 2807 300 2849 ἔχοντος
320 2807 359 2849 Νι.
372 2842 377 2849 ⁸
389 2807 414 2849 Ι¹⁵
432 2807 681 2849 περιιὼνινίιῖςείμε,
694 2810 757 2843 περὶ
769 2808 807 2839 ὧν
822 2812 893 2849 ναις,

163 2816 182 2822 η
194 2816 300 2842 εχοντος
321 2816 352 2834 ιν.
395 2816 414 2822 ι’
432 2816 465 2833 πε
487 2816 535 2834 ιων
551 2816 681 2838 vatestus,
694 2816 776 2843 περὶ(

116 2841 186 2878 vulg.
242 2842 262 2859 ¹⁷
278 2841 456 2875 ἀποϐλέψειεν
470 2816 514 2875 fl”
528 2842 691 2877 ἁποῦλέψειν
704 2845 776 2879 vulg.

947 2814 968 2831 ”
984 2814 1146 2849 Βαλεριανοῦ
1163 2815 1205 2846 Ν..
1223 2815 1384 2851 Γαλεριανοῦ
1418 2817 1488 2853 vulg.

1572 2819 1592 2834 ”
1609 2818 1748 2853 προσήκειι
