1945 3073
235 144 284 176 671

708 150 904 184 EXCERPTA
925 155 975 184 EX
994 155 1116 187 PETRO
1134 158 1312 191 PATRICIO

1802 173 1858 202 672

236 199 281 226 sit.
296 198 343 226 Ille
363 206 427 227 vero
442 200 473 227 de
488 207 555 234 pace
571 202 641 229 inter
656 208 802 240 utrumque
826 208 995 243 imperatore!

236 242 418 259 r-nmnnnnniln
435 250 518 259 hanno
535 245 640 259 ,ΗΜ-1....
666 255 716 259 ..με
739 257 783 259 καί
805 255 810 259 .

1067 211 1207 245 βασιλεῦσι
1221 215 1270 250 τὴν
1285 217 1397 251 εἰρήνην
1420 219 1612 255 ὲπρεσϐεύετο,
1631 222 1667 258 μὴ
1689 225 1790 259 χρῆναι
1813 228 1857 253 λέ-

234 242 418 274 eomponenda
434 250 518 277 agens
535 245 653 279 dicebat,
666 255 718 275 non
735 242 949 286 oporterereum,
968 255 1013 288 qui

233 285 266 312 de
291 285 397 314 civibus
419 288 477 315 suis
498 289 639 318 victoriam
663 298 839 329 reportasset,
865 297 896 326 iis
921 299 1011 327 irasci.

232 329 368 364 Quidquid
380 332 453 359 enim
468 333 596 368 intereat,
607 337 714 372 victori,
728 347 780 367 non
799 342 870 370 vieto
887 343 1011 378 interire,

230 379 257 400 et
277 374 299 401 si
313 383 385 404 nunc
400 378 447 404 uni
460 385 553 413 pacem
568 381 753 417 denegaverit,
767 387 912 416 multorum
932 390 1013 418 bello-

231 425 289 445 rum
300 419 421 449 civilium
433 429 543 450 causam
555 424 612 452 fore
624 432 651 454 et
661 433 811 457 auctorem.
821 432 854 458 At
866 433 1013 468 imperator

229 467 256 489 et
273 464 349 492 vultu
362 470 390 492 et
408 472 483 494 motu
501 471 623 504 corporis
640 473 818 503 acerbitatem
830 477 877 505 irae
892 486 949 506 sua:
963 481 1012 508 de-

230 515 395 545 monstrans,
421 517 448 540 et
471 521 542 549 aegre
563 523 655 544 vocem
675 521 803 549 emiltens
816 523 884 551 dixit
900 533 907 551 :
926 534 936 551 ι
951 526 1009 554 Νοιι

230 554 266 582 ita
283 563 333 583 nos
355 557 388 584 ad
401 558 454 586 hoc
466 567 552 595 usque
569 566 674 598 tempus
687 566 831 601 gessimus,
848 576 936 605 neque
949 572 1010 600 ideo

229 601 263 628 ab
277 601 386 630 Oceano
402 604 455 632 hue
473 606 572 634 bellum
587 615 712 643 gerentes
726 616 753 638 et
768 601 905 643 vincentes
915 624 1009 650 perve-

228 646 328 682 nimus,
341 653 508 684 ntgenerum
526 659 646 682 nostrum
663 663 771 692 propter
787 659 889 687 nel‘aria
908 661 1008 697 ﬂagitia

228 698 243 717 a
256 693 383 721 soeietate
396 697 470 730 regni
484 698 661 728 cxcludamus
673 706 700 729 et
714 703 870 732 aﬂinitatem
884 693 1008 741 ejus'dis-

227 737 376 773 solvamus,
393 746 419 768 et
436 743 488 770 vlle
500 746 663 780 mancipium
676 756 736 775 cum
753 750 810 784 ipso
823 752 849 778 in
864 753 1006 787 imperium

227 782 442 814 introducamus.
465 797 473 814 ι
491 788 577 817 Jussit
600 792 682 826 igitur
699 782 888 831 Mestrianum,
902 782 1006 828 inele-

226 830 343 862 gationis
355 837 433 866 parte
447 835 555 868 omissa,
572 837 594 864 si
611 839 676 872 quid
691 839 764 868 aliud
777 842 855 870 vellet
867 851 1001 878 promere.

227 874 260 901 Et
273 875 358 904 visum
373 883 413 906 est
431 879 568 909 Valentem
587 868 749 920 {Ib-imperio
766 868 891 921 dejicere.
1016 868 1040 898 Β

258 1005 360 1040 ιιμμ.
375 1007 405 1035 C.
421 1009 487 1042 330,
501 1011 596 1039 Const.
612 1013 667 1048 Η.)
679 1014 851 1050 Magnentius
866 1024 892 1046 ct
906 1019 1002 1048 Vetra-

221 1050 266 1078 nio
279 1052 389 1093 mittunt
409 1054 510 1090 legatos
532 1057 565 1084 ad
581 1057 780 1089 Constantium.
799 1062 941 1092 Mittuntur
955 1073 1002 1093 au-

221 1101 274 1122 tem
287 1091 400 1126 Ruﬁnus
413 1105 440 1126 ct
451 1100 636 1136 Marcellinus,
647 1105 691 1132 hic
703 1106 847 1139 praefectus
859 1112 1000 1144 praltorio;

220 1141 265 1168 ille
282 1143 392 1171 alterius
417 1147 533 1180 agminis
548 1149 654 1182 ductor,
678 1156 706 1178 ct
723 1151 876 1183 Nunecltius
889 1162 1001 1185 senatus

219 1186 356 1222 princeps,
368 1195 396 1216 et
407 1189 540 1219 Maximus
556 1200 618 1221 cum
637 1195 711 1230 ipsis,
726 1199 771 1231 qui
788 1199 1000 1229 adhortarentur

218 1231 419 1267 Constantium,
443 1240 473 1262 ut
500 1238 534 1264 ab
559 1240 642 1267 armis
660 1242 821 1276 abstineret,
837 1250 862 1272 et
883 1247 998 1280 primum

219 1275 328 1304 honoris
343 1280 454 1312 gradum
472 1282 496 1308 in
513 1283 627 1318 imperio
646 1287 781 1315 obtineret
796 1297 804 1322 ;
830 1289 998 1326 Magnentius

211 1322 377 1359 'tionstantio
392 1326 473 1353 tiliam
487 1328 676 1364 desponderet,
692 1337 719 1359 et
733 1333 789 1368 ipse
801 1322 912 1363 uxorem
925 1338 998 1364 acci-

216 1374 290 1401 peret
303 1369 502 1406 Constantiam,
519 1374 671 1404 Constantii
686 1385 819 1406 sororem.
838 1381 930 1415 Itaque
945 1384 996 1410 im-

215 1419 323 1447 perator
334 1415 513 1446 Constantius
525 1422 635 1450 admisit
645 1423 819 1453 Vetranionis
831 1432 858 1453 et
870 1427 997 1463 Magnen-

215 1461 246 1487 tii
266 1461 378 1496 legatos,
401 1473 513 1499 quorum
529 1476 609 1500 unus,
626 1469 795 1505 Nunecliius,
811 1473 888 1500 initio
906 1475 994 1502 statim

214 1506 396 1542 Magnentium
424 1519 517 1545 pacem
545 1519 637 1547 petere
658 1516 784 1549 prwl‘atus
800 1523 853 1552 est,
879 1523 906 1546 et
924 1520 994 1547 Con-

214 1553 354 1586 stantium,
367 1562 421 1588 quo
436 1556 461 1581 in
476 1561 548 1583 statu
566 1565 608 1584 res
622 1559 648 1585 in
662 1561 802 1593 praesentia
818 1568 919 1596 essent,
937 1571 996 1593 mo-

214 1596 271 1622 nuit
285 1598 391 1629 dieens,
404 1607 456 1626 non
468 1606 594 1634 oportere
607 1603 693 1637 ipsum
707 1604 917 1641 inconsiderate,
929 1617 996 1644 prte-

214 1642 309 1668 serlim
325 1651 386 1670 cum
412 1645 488 1672 bellis
511 1646 568 1680 jam
594 1648 734 1678 cant‘ectus
747 1657 829 1686 esset,
845 1653 913 1681 duos
930 1663 994 1683 con-

214 1691 254 1712 tra
269 1695 299 1714 se
314 1688 504 1724 imperatores,
523 1692 561 1719 rei
580 1693 705 1723 militaris
719 1696 821 1730 peritos
836 1703 863 1726 et
877 1699 948 1727 inter
965 1709 996 1730 se

212 1735 362 1761 concordes
379 1740 406 1761 et
422 1735 534 1772 integris
548 1739 663 1772 viribus.
676 1741 709 1768 ad
720 1741 819 1770 bellum
832 1751 992 1778 provocare.

212 1777 275 1810 Qui,
294 1779 344 1806 nisi
361 1787 433 1808 nunc
455 1782 490 1810 de
508 1791 574 1818 pare
599 1785 670 1813 inter
695 1794 741 1815 eos
753 1792 919 1824 conveniret,
939 1793 994 1828 28

211 1823 304 1857 quales
322 1825 470 1861 quantique
489 1828 514 1855 in
536 1829 606 1857 bello
621 1831 695 1860 civili
717 1832 800 1862 futuri
815 1841 915 1869 essent,
937 1838 993 1866 sive

176 1892 180 1893 ν
211 1876 281 1896 unus
296 1870 382 1904 solus,
403 1872 464 1900 sive
478 1877 594 1908 uterque
614 1877 706 1910 simul,
730 1885 785 1906 non
808 1880 917 1911 aliunde
941 1883 992 1918 ipsi

213 1914 407 1943 discedendum
423 1925 493 1951 esse,
506 1927 586 1954 quam
612 1929 645 1949 ex
673 1924 788 1959 egregiis
815 1925 990 1963 facinoribus,

1007 1530 1029 1558 (Ξ

209 1967 270 1992 qua:
291 1965 356 1988 ante
382 1962 542 1997 edidissent,
559 1967 668 2000 quando
685 1968 736 2003 ipsi
762 1973 789 1997 et
813 1972 906 2005 generi
933 1973 992 2007 ejus

208 2011 337 2040 prospere
361 2007 443 2036 rebus
462 2010 545 2044 gestis
561 2012 714 2047 triumphos
731 2016 911 2049 peperissent.
923 2017 989 2046 Cum

209 2050 279 2078 banc
291 2051 453 2087 legationem
475 2056 596 2084 audisset
622 2057 780 2094 imperator,
803 2069 927 2096 magnam
952 2064 990 2092 illi

207 2103 239 2123 ea
262 2104 306 2124 res
323 2105 416 2126 curam
441 2104 468 2127 et
485 2101 695 2131 sollicitudinem
721 2106 819 2134 attulit.
841 2107 934 2143 Itaque
956 2110 989 2137 ad

206 2150 330 2170 somnum
350 2151 509 2178 conversus,
528 2148 595 2175 vidit
616 2149 643 2176 in
669 2151 773 2179 somnis
801 2158 905 2186 patrem
926 2159 987 2182 tan-

206 2194 287 2220 quam
303 2195 335 2215 ex
350 2189 403 2216 alto
419 2190 640 2220 descendentem.
653 2194 681 2221 In
697 2203 777 2222 manu
793 2197 901 2225 tenebat
914 2198 986 2226 Con-
1005 2197 1027 2225 D

204 2235 322 2260 stantem
337 2241 351 2260 a
366 2233 523 2267 Magnentio
540 2242 721 2272 peremptum,
736 2247 815 2274 quem
830 2241 988 2272 Constantio

204 2279 353 2306 ostendens
379 2280 437 2307 haec
453 2280 492 2308 illi
508 2281 599 2310 dicere
618 2284 691 2311 visus
706 2290 748 2312 est
772 2295 779 2313 :
807 2295 816 2312 ι
835 2286 988 2322 Constanti,

203 2331 268 2351 ecce
292 2324 438 2359 Constans,
464 2326 613 2355 multorum
629 2336 721 2362 regum
737 2332 894 2366 progenies,
910 2341 986 2363 meus

203 2369 275 2397 titius
283 2374 311 2397 et
323 2371 407 2398 frater
418 2376 479 2400 tuus
491 2373 593 2401 nelarie
600 2379 729 2409 necatus;
742 2383 828 2411 neque
842 2377 986 2414 imperium

202 2414 406 2450 labefactatum,
425 2425 511 2453 neque
533 2420 728 2455 rempublicam
759 2430 881 2450 eversam
898 2426 983 2460 negli-

200 2467 260 2494 gas,
286 2469 374 2497 neque
390 2464 413 2491 si
439 2465 500 2499 quis
519 2465 566 2492 tibi
580 2466 708 2500 minetur,
726 2472 831 2496 terrore
845 2469 982 2505 aﬂieiaris,

200 2505 247 2532 sed
260 2506 386 2542 gloriam,
400 2517 460 2543 qua:
480 2511 542 2538 inde
559 2516 584 2538 te
604 2517 704 2545 manet,
719 2514 870 2549 cuicunque
894 2524 983 2552 oppu-

201 2552 323 2586 gnationi
339 2562 491 2591 praeponas,
510 2565 597 2592 neque
627 2558 741 2588 inultum
769 2560 881 2589 fratrem
907 2568 982 2593 tuum

1066 266 1121 291 γων
1146 259 1191 285 τὸν
1220 261 1282 292 τοὺς
1297 263 1450 297 ὁμοφύλους
1465 267 1626 301 νενικηκότα
1645 269 1704 294 κατ’
1725 270 1817 296 αὐτῶν
1836 273 1857 288 ’⁸

1065 304 1249 338 χαλεπαίνειν.
1263 307 1325 333 Ὅτι
1337 308 1390 343 γὰρ
1404 309 1437 336 ἂν
1452 311 1587 344 ἀπόλοιτο,
1605 313 1683 339 τοῦτο
1699 314 1791 342 λοιπὸν
1816 318 1856 352 τῷ

1064 352 1229 385 νενικηκότι,
1253 353 1312 379 ἀλλ’
1331 355 1390 388 οὐχὶ
1409 357 1466 388 τοῖς
1483 358 1651 393 ἡττωμένοις
1668 361 1854 388 ἀπόλλυσθαι·

1064 396 1111 422 καὶ
1124 397 1165 423 ὅτι
1180 398 1193 423 6
1203 398 1242 424 ἑνὶ
1262 399 1311 434 τὴν
1328 401 1440 436 εἰρήνην
1455 402 1623 437 ἀρνούμενος
1637 405 1742 432 πολλῶν
1760 408 1852 441 ἐμφυ-

1063 440 1127 467 λίων
1143 443 1268 478 πολέμων
1283 444 1388 478 γίνεται
1405 446 1501 478 αἴτιος.
1520 448 1550 474 '0
1570 449 1598 475 δὲ
1615 449 1740 483 βασιλεὺς
1761 440 1802 487 τῷ
1819 462 1851 479 τε

1062 486 1200 523 προσώπῳ
1219 488 1267 515 καὶ
1292 491 1325 525 τῇ
1343 491 1390 517 τοῦ
1415 491 1540 526 σώματος
1567 495 1670 529 κινήσει
1686 495 1717 521 τὸ
1734 486 1852 531 μέγεθος

1061 531 1111 566 τῆς
1125 533 1146 549 "
1160 533 1247 568 ὀργῆς
1261 534 1359 570 δηλῶν,
1378 537 1424 563 καὶ
1441 537 1518 571 μόλις
1537 539 1628 574 φωνὴν
1643 540 1733 575 ἀςρεὶς,
1750 540 1830 569 εἶπεν
1841 552 1847 558 ·

1064 585 1073 602 ι
1093 577 1149 612 Οὐχ
1162 578 1232 606 οὕτω
1249 581 1329 615 μέχρι
1341 581 1388 608 τοῦ
1405 583 1537 618 παρόντος
1550 584 1727 621 διεγενόμεοα
1739 588 1772 619 ’⁸,
1786 588 1848 615 οὐδὲ

1060 621 1104 648 διὰ
1114 623 1194 650 τοῦτο
1206 624 1238 650 ἐκ
1249 625 1296 651 τοῦ
1311 626 1442 653 Ὠκεανοῦ
1458 628 1539 663 μέχρι
1549 630 1603 655 τῶν
1621 630 1738 658 ἐνταῦθα
1764 633 1847 659 πολε-

1062 666 1176 701 μοῦντες
1192 669 1239 695 καὶ
1259 671 1390 702 νικῶντες
1415 672 1579 708 ἀφικόμεθα,
1595 674 1666 701 ὥστε
1688 675 1725 711 μὴ
1741 677 1846 704 ἐθέλειν

1058 711 1104 737 τὸν
1116 712 1215 739 οἰκεῖον
1231 714 1356 749 γαμὸρὸν
1374 715 1413 750 (7)
1435 717 1564 743 κοινωνὸν
1578 717 1650 752 ἔχειν
1664 719 1707 744 διὰ
1717 719 1752 745 τὰ
1770 720 1844 755 μύση

1058 757 1141 784 αὑτοῦ
1156 758 1203 785 καὶ
1227 759 1277 793 τὴν
1291 760 1450 795 ἀγχιστείαν
1471 762 1662 797 ἀπαγορεύειν,
1683 765 1793 796 εὐτελὲς
1815 765 1845 791 δὲ

1058 802 1224 838 ἀνδράποδον
1246 806 1305 838 μετ’
1334 807 1416 833 αὑτοῦ
1439 808 1476 838 εἰς
1495 808 1529 834 τὰ
1553 808 1675 842 βασίλεια
1694 811 1845 844 προσδέξα-

1060 847 1129 874 σθαι.
1147 857 1157 874 ι
1178 849 1336 877 Ἐκὲλευσεν
1357 850 1403 878 οὖν
1417 852 1463 878 τδν
1482 853 1652 888 Μεστριανὺν
1677 855 1773 881 τούτου
1794 856 1844 882 τοῦ

1060 893 1160 929 μέρους
1179 895 1228 929 τῆς
1253 896 1401 931 πρεσϐείας
1425 897 1588 932 σχολάζοντα
1606 899 1639 930 ¹¹,
1659 900 1686 924 εἴ
1703 908 1729 926 τι
1747 900 1844 935 ἓτερον

1057 939 1143 966 αἰτεῖν
1156 939 1285 974 βούλοιτο,
1305 941 1396 976 λέγειν
1407 950 1415 957 ·
1431 943 1478 970 καὶ
1502 943 1574 976 ἔδοξε
1588 944 1633 970 τὸν
1652 945 1772 972 Βάλεντα
1793 946 1842 973 ἐκ·

1057 984 1189 1020 ϐληθῆναι
1203 986 1251 1021 τῆς
1264 986 1412 1021 βασιλείας.

1092 1031 1133 1058 ιδ’.
1149 1031 1210 1057 Ὀτι
1237 1033 1405 1066 Μαγνέντιος
1421 1034 1467 1060 καὶ
1487 1033 1639 1069 Βετρανίων
1656 1036 1678 1051 ²¹
1700 1036 1840 1070 πέμπουσι

1055 1076 1184 1112 πρέσϐεις
1197 1077 1265 1112 πρὸς
1277 1078 1475 1106 Κωνστάντιον.
1487 1080 1642 1114 Πέμπονται
1657 1081 1685 1107 δὲ
1699 1082 1839 1115 Ῥουφῖνος

1053 1123 1100 1148 καὶ
1119 1122 1314 1157 Μαρκελλῖνος,
1329 1124 1343 1150 6
1366 1124 1415 1158 μὲν
1431 1124 1553 1159 ὕπαρχος
1569 1125 1607 1152 ὢν
1636 1126 1690 1152 τῶν
1712 1135 1839 1162 πραιτω-

1054 1167 1130 1201 ρίων,
1145 1167 1159 1193 6
1174 1167 1203 1194 δὲ
1220 1167 1314 1204 ἔτερος
1337 1170 1535 1206 στρατηλάτης,
1550 1172 1596 1197 καὶ
1611 1171 1757 1207 Νουνέχιος
1771 1182 1839 1206 συγ-

1052 1211 1180 1245 κλητικδς
1196 1212 1328 1249 ὕπαρχος,
1350 1215 1398 1241 κα)⁸
1414 1216 1538 1251 Μάξιμος
1553 1217 1622 1251 πρὸς
1637 1217 1752 1249 τούτοις,
1770 1219 1838 1245 ὑπο-

1052 1257 1199 1291 μνήσοντες
1213 1259 1258 1285 τὸν
1284 1260 1472 1287 Κωνστάντιον
1497 1257 1587 1288 ὃπλων
1604 1263 1772 1298 ἀποσχέσθαι
1790 1265 1838 1290 καὶ

1050 1300 1162 1336 πρώτην
1177 1302 1249 1337 ἔχειν
1265 1304 1294 1330 ὲν
1308 1305 1340 1338 τῇ
1356 1305 1479 1340 βασιλείᾳ
1494 1306 1588 1341 τιμήν.
1613 1306 1642 1333 '0
1658 1307 1685 1334 δὲ
1709 1309 1836 1342 Μαγνέν-

1049 1355 1105 1377 tto;
1127 1347 1162 1373 δι’
1176 1348 1265 1374 αὐτῶν
1281 1349 1331 1384 τὴν
1358 1349 1423 1376 ίδίαν
1439 1350 1576 1386 θυγατέρα
1599 1351 1638 1386 τῷ
1655 1353 1838 1388 Κωνσταντίῳ

1049 1391 1206 1426 ὑπισχνεῖτο
1225 1392 1324 1419 διδόναι
1341 1394 1464 1429 γαμετὴν
1488 1395 1535 1421 ἐπὶ
1551 1395 1589 1430 τῷ
1606 1396 1654 1422 καὶ
1680 1397 1762 1428 αὐτὸς
1785 1398 1835 1432 τὴν

1049 1437 1242 1464 Κωνσταντίαν
1256 1438 1348 1465 λασεῖν
1373 1439 1422 1474 τὴν
1432 1440 1548 1475 ἀδελφὴν
1569 1440 1616 1466 τοῦ
1634 1442 1833 1468 Κωνσταντίου.

1054 1482 1179 1515 Ἐδέξατο
1197 1481 1243 1510 οὖν
1268 1484 1282 1510 6
1311 1484 1437 1519 βασιλεὺς
1461 1486 1524 1516 τοὺς
1541 1486 1723 1521 Βετρανίωνος
1740 1488 1763 1504 ⁸³
1787 1489 1835 1515 καὶ

1046 1528 1217 1562 Μαγνεντίου
1240 1530 1381 1564 πρέσϐεις,
1405 1531 1435 1557 ἐν
1451 1528 1493 1562 οἷς
1509 1532 1523 1558 ὁ
1546 1532 1691 1568 Νουνέχιος
1709 1534 1732 1549 ’⁸
1751 1535 1834 1566 εὐθὺς

1047 1573 1098 1608 ἔφη
1113 1573 1152 1608 τῷ
1175 1575 1311 1610 προοιμίῳ
1334 1576 1445 1611 εἰρήνην
1471 1577 1557 1603 αἰτεῖν
1584 1578 1630 1603 τὸν
1654 1579 1832 1612 Μαγνέντιον,

1047 1620 1094 1645 καὶ
1108 1619 1240 1651 πολλάκις
1258 1622 1308 1656 τῆς
1329 1622 1393 1656 περὶ
1407 1621 1461 1648 τῶν
1488 1623 1629 1657 παρόντοιν
1661 1626 1833 1659 πραγμάτων

1045 1665 1239 1697 καταστάσεως
1249 1666 1294 1692 τδν
1304 1667 1493 1694 Κωνστάντιον
1506 1668 1709 1704 ὑπεμίμνησκε,
1718 1670 1833 1704 φάσκων

1046 1710 1085 1745 μὴ
1098 1710 1198 1746 χρῆναι
1211 1711 1293 1738 αὑτὸν
1315 1712 1478 1747 ἀπροόπτως
1492 1714 1540 1740 καὶ⁴
1561 1715 1583 1730 ³⁸
1605 1716 1764 1749 κεκμηκότα
1780 1716 1831 1751 ἤδη

1045 1757 1103 1787 τοῖς
1119 1756 1250 1790 πολέμοις
1271 1757 1293 1772 ’⁸
1307 1757 1355 1784 δύο
1376 1758 1437 1785 κατ’
1452 1759 1534 1785 αὐτὸν
1553 1760 1577 1776 ³⁷
1598 1759 1727 1794 βασιλεῖς,
1748 1770 1831 1796 στρα-

1044 1800 1175 1836 τιωτικῆς
1197 1810 1225 1827 τε
1241 1803 1398 1838 ἐπιστήμης
1419 1803 1566 1839 ἐμπείρους
1583 1805 1629 1831 καὶ
1650 1806 1832 1840 ὁμονοοῦντας

1043 1845 1169 1881 ἀλλήλοις
1181 1847 1227 1873 καὶ
1241 1847 1281 1874 ἔτι
1295 1849 1442 1883 ἀκεραίους
1458 1849 1547 1882 ὄντας,
1561 1850 1602 1881 εἰς
1622 1850 1740 1885 πόλεμον
1757 1861 1828 1887 προ-

1044 1891 1205 1918 καλεῖσθαι·
1218 1892 1327 1926 οἵτινες,
1343 1894 1366 1920 εί
1383 1893 1420 1929 μὴ
1438 1894 1502 1929 περὶ
1527 1895 1638 1930 εἰρήνης
1663 1896 1830 1931 συνδόξαιεν,

1043 1934 1094 1971 [ὡς
1104 1934 1139 1971 ¹Ἷ
1154 1937 1240 1962 ὁποῖοι
1250 1937 1296 1963 καὶ
1310 1937 1420 1972 πηλίκοι
1434 1939 1505 1966 κατὰ
1513 1941 1559 1966 τδν
1572 1940 1701 1975 ἐμφύλιον
1712 1941 1830 1977 πόλεμον

1044 1979 1152 2007 ἔσονται
1169 1982 1416 2018 παραταττόμενοι,
1439 1983 1494 2010 εἴτε
1510 1981 1551 2016 εἷς
1576 1985 1666 2019 μόνος,
1689 1986 1744 2012 εἴτε
1759 1987 1829 2021 ὁμοῦ

1042 2026 1127 2061 ἄμφω
1141 2027 1350 2062 παραγένοιντο,
1369 2028 1406 2063 μὴ
1422 2029 1509 2056 θέλειν
1527 2030 1608 2057 αὑτὸν
1622 2031 1757 2066 ἑτέρωθεν
1774 2042 1829 2068 μα-

1042 2072 1098 2099 θεῖν
1123 2073 1139 2108 ἢ
1164 2073 1195 2099 ἐκ
1218 2072 1274 2099 τῶν
1289 2073 1339 2108 ἠδη
1355 2075 1560 2109 πεπραγμένων
1583 2076 1684 2109 αὐτοῖς,
1702 2078 1746 2104 ὅτε
1766 2080 1828 2109 ταῖς

1040 2118 1155 2144 ἐκείνων
1169 2119 1355 2153 παρατάξεσιν
1380 2120 1455 2156 αὺτῷ
1473 2129 1502 2147 τε
1525 2122 1572 2148 καὶ
1589 2122 1627 2157 τῷ
1648 2123 1723 2157 γένει
1743 2124 1826 2150 αὑτοῦ

1042 2162 1172 2198 θρίαμὸοι
1188 2164 1389 2200 κατωροοῦντο,
1401 2167 1509 2201 Ταύτης
1522 2167 1573 2202 τῆς
1585 2169 1732 2203 πρεσϐείας
1746 2170 1829 2196 ἀκού-

1043 2215 1092 2240 σας
1105 2209 1119 2234 ὸ
1133 2208 1260 2244 βασιλεὺς
1271 2210 1300 2236 ὲν
1312 2211 1435 2246 φροντίσι
1449 2212 1558 2243 πολλαῖς
1571 2211 1616 2248 ἦν.
1627 2213 1682 2240 Καὶ
1693 2216 1732 2246 είς
1743 2214 1827 2240 ὕπνον

1040 2255 1157 2288 τραπεὶς
1173 2253 1242 2282 εἶδεν
1268 2255 1340 2290 ὄψιν,
1358 2257 1400 2283 ὅτι
1427 2259 1441 2284 6
1464 2259 1556 2294 πατὴρ
1577 2259 1659 2286 αὑτοῦ
1675 2260 1770 2295 ὥσπερ
1797 2262 1828 2294 ἐξ

1040 2297 1125 2332 ὕψους
1139 2299 1239 2326 κατιὼν
1253 2301 1301 2327 καὶ
1317 2302 1350 2336 τῇ
1365 2302 1438 2336 χειρὶ
1452 2302 1575 2337 κατέχων
1589 2304 1634 2329 τὸν
1647 2304 1826 2337 Κώνσταντα,

1038 2342 1068 2368 ὃν
1078 2343 1167 2370 ἀνεῖλε
1180 2344 1358 2378 Μαγνέντιος,
1369 2344 1463 2372 τοῦτον
1477 2346 1550 2381 αὐτῷ
1564 2349 1727 2383 προσφέρων
1738 2350 1827 2377 ταῦτα

1039 2387 1107 2422 πρὸς
1125 2388 1206 2414 αὐτὸν
1228 2388 1316 2415 ἐδόκει
1342 2392 1377 2416 τὰ
1392 2390 1502 2425 ῥήματα
1518 2391 1685 2426 φθέγγεσθαι
1696 2401 1704 2408 ·
1723 2402 1733 2419 ι
1749 2394 1825 2420 Κωψ

1040 2433 1159 2464 στάντιε,
1178 2433 1232 2460 ἰδοὺ
1249 2434 1396 2466 Κώνστανς
1408 2437 1422 2462 6
1444 2436 1548 2463 πολλῶν
1570 2437 1703 2472 βασιλέων
1724 2440 1825 2473 ἀπόγο-

1038 2485 1093 2508 νος,
1107 2478 1121 2504 6
1136 2477 1201 2512 ἐμὸς
1217 2478 1274 2509 υίὸς
1288 2480 1336 2506 καὶ
1354 2480 1400 2512 σὸς
1411 2480 1535 2515 ἀδελφὸς,
1552 2484 1729 2518 τυραννικῶς.
1738 2485 1824 2511 ἀπολ-

1037 2523 1153 2557 λύμενος
1166 2523 1200 2550 ".
1218 2523 1295 2558 Μήτε
1311 2524 1358 2551 οὖν
1371 2525 1421 2560 τὴν
1437 2525 1575 2560 βασιλείαν
1593 2528 1823 2565 διακοπτομένην,

1039 2569 1108 2604 μήτε
1129 2568 1179 2604 τὴν
1196 2568 1335 2596 πολιτείαν
1358 2571 1585 2608 ἀνατρεπομένην
1599 2573 1731 2610 περιίδῃς,
1753 2576 1823 2612 μήτε

827 2630 944 2660 νΑῐιιλΕ
966 2635 1170 2664 LECTIONES.

237 2689 258 2704 ’⁸
277 2687 359 2734 αὐτὸν
371 2690 442 2734 vulg.
483 2691 568 2734 ἡμῖὶς
581 2699 636 2719 om.
654 2692 725 2734 vulg,
762 2693 1013 2734 "IatdYEIEYT’jESOu
1025 2699 1098 2734 conj.
1114 2698 1164 2728 B.t
1200 2699 1225 2734 "7
1244 2699 1343 2734 σχολάζ

871 2731 892 2747 ’⁵
910 2733 924 2758 6
934 2731 1084 2771 Νοονέχιος
1096 2749 1131 2754 -—-
1147 2734 1192 2761 τὸν
1204 2731 1389 2771 Μαγνέντιοννεν
1400 2735 1458 2771 καὶ]

201 2723 370 2764 Βρεττανίων
385 2723 459 2764 vnlg.
497 2727 520 2742 ’³
536 2723 735 2764 Βρεττανίωςῶς
747 2729 818 2764 vulg.

1345 2709 1422 2732 οντος
1437 2702 1509 2739 vulg.
1565 2704 1587 2719 "
1605 2703 1761 2739 Βετρανίων
1773 2705 1819 2738 Ν.,

1475 2737 1533 2776 ὴῳο
1541 2772 1546 2776 _
1554 2739 1646 2776 verba.
1659 2737 1724 2776 quae
1739 2741 1820 2776 vulgo

986 2759 989 2760 ,
1074 2759 1082 2765 ,
1374 2759 1379 2764 ,
1401 2759 1444 2762 ..νγ
1475 2759 1533 2764 ..ην
1559 2759 1646 2769 μην...
1662 2759 1721 2772 ,μην
1743 2759 1819 2779 μηδ..

201 2766 343 2791 perperam
361 2759 503 2799 inl'ra'post
520 2759 579 2788 voc.
590 2762 782 2804 κατωρθοῦντο
794 2759 956 2804 legebantur
983 2768 1010 2795 in
1027 2759 1117 2804 locum
1133 2777 1210 2796 suum
1240 2759 1349 2804 reduxit
1361 2770 1415 2801 CL,
1432 2759 1564 2804 particula
1582 2774 1629 2800 καὶ
1640 2774 1674 2800 ab
1689 2774 1768 2801 initio
1791 2777 1819 2802 in

203 2795 282 2828 tinem
298 2794 469 2828 transposita.

521 2797 542 2811 ’³
555 2798 600 2823 καὶ
612 2796 658 2828 Ν.,
671 2796 708 2833 μὴ
720 2799 791 2833 vulg.

200 2826 310 2854 inclusit
321 2827 349 2853 B.
373 2826 380 2828 ἡ
401 2830 423 2845 ³⁸
438 2830 601 2854 dmi/611.31%
622 2826 682 2854 t‘n-tl'i

844 2801 866 2816 ’θ
885 2803 1011 2837 πολέμοις

401 2830 423 2845 ³⁸
438 2830 601 2862 ἀπολόμενος
622 2830 739 2865 ροιιῙ.’Β.

1029 2803 1070 2836 IL,
1087 2805 1224 2839 πολεμίοις
1244 2803 1313 2839 vulg.
1351 2805 1372 2820 ¹⁷
1394 2803 1476 2832 αὑτοῦ
1493 2808 1565 2842 conj.
1582 2807 1612 2834 Β.
1654 2809 1676 2824 ²⁵¹
1689 2809 1726 2840 ὡς
1741 2811 1820 2838 ιιιιυίδ
