1945 3073
217 129 275 162 679

701 122 903 152 ‘EXCERI’TA
920 121 974 150 EX
995 119 1128 150 PRISCO
1149 118 1328 150 RIIETORE

1792 119 1847 150 C83

222 186 328 213 dextris
350 188 377 211 ct
391 183 469 210 dictis
489 180 663 216 jurejurando
679 179 805 213 utrinque
823 177 944 213 prmstito
965 177 1011 202 fir-

1066 176 1139 210 Ξργον
1152 175 1308 208 ὑπόσχεσιν.
1323 173 1423 206 Δεξιῶν
1436 181 1464 198 τε
1478 174 1524 199 καὶ
1537 173 1625 206 ὅρκων
1640 173 1685 199 ἐπὶ
1699 175 1755 205 τοῖς
1769 175 1850 210 εἰρη-

223 230 313 259 matis.
328 228 371 254 ille
389 235 448 254 eum
470 233 565 259 magna
590 225 770 251 barbarorum
787 222 959 249 multitudine
980 222 1008 248 in

222 275 288 302 ﬁnes
302 273 484 300 Romanorum
507 276 547 298 cst
569 277 706 298 reversus.
726 269 791 296 Eam
810 268 1008 295 multitudinem

221 308 281 345 cum
303 326 337 344 ex
357 317 469 344 adverso
486 317 550 351 ripa:
566 316 592 342 in
613 315 718 343 insidiis
741 314 912 346 collocasset,
930 317 1010 340 nocte

221 363 284 390 dato
304 363 382 396 signo
394 361 506 393 exsiliit,
519 365 546 388 et
560 361 654 387 urbem
671 361 697 387 in
714 367 808 387 manus
821 359 938 386 hostium
952 362 1007 384 tra-

222 409 309 436 duxit.
331 408 365 435 Et
385 408 418 434 ab
442 414 475 434 eo
489 411 610 440 tempore
633 406 811 433 Barbarorunr
831 412 873 432 res
888 405 914 431 in
937 403 1008 431 diem

223 453 360 480 auctiores
376 451 553 485 melioresque
568 450 686 477 fuerunt.

256 497 284 524 2.
305 496 360 524 Sub
375 496 527 523 Theodosio
546 495 662 522 Juniore
691 496 865 528 imperatore.
900 494 1008 526 Attilas,

223 543 382 570 llunuurum
398 549 457 574 rex,
476 542 611 568 delectum
628 549 658 567 ex
678 540 735 567 suis
751 539 889 571 habuit,et
906 539 1009 566 litteras

223 591 256 615 ad
270 589 457 622 imperatorem
472 586 580 620 scripsit
592 586 624 612 tle
636 585 782 619 transfugis
796 589 823 612 et
834 585 867 611 de
885 585 1006 616 tributis,

228 639 268 667 ut,
284 640 455 668 quaecunque
481 632 627 659 occasione
641 631 724 665 hujus
741 629 801 657 belli
828 630 931 657 reddita
955 637 1008 656 non

227 684 329 711 rsseut,
344 685 424 712 quam
444 677 574 704 citissime
590 676 622 703 ad
637 683 666 702 se
692 676 874 706 mitterentur,
901 675 934 701 de
962 675 1010 701 tri-

227 724 297 750 butis
313 729 401 750 autem
420 723 446 749 in
473 726 608 756 posterum
635 720 783 755 pemlendis
809 719 890 754 legiti
915 727 1006 747 secum

226 770 313 796 acturi
328 769 360 796 ad
379 776 407 796 se
435 768 580 795 venirent:
611 774 671 793 nam
694 766 716 793 si
744 770 937 792 eunctarentur
964 770 1010 792 aut

229 815 331 842 bellum
348 819 483 849 pararent,
503 821 536 840 ne
546 820 574 840 se
597 812 684 846 ipsum
710 811 817 845 quidem
847 811 1008 846 Scytharum

228 861 426 892 multitudinem
437 859 538 886 diutius
551 861 750 885 eoutenturum.
768 857 815 884 llis
826 857 922 884 litteris
933 857 1010 883 lectis

229 907 373 940 imperator
391 911 560 938 nequaquam
586 902 715 937 Scythas,
738 902 784 936 qui
807 902 839 928 ad
860 909 889 929 se
916 901 1010 929 confu-

227 952 342 984 gissent,
359 950 520 976 traditurum
539 948 618 981 dixit,
634 949 680 975 sed
697 955 750 974 una
765 955 825 974 cum
839 947 892 974 illis
913 947 939 973 in
955 947 1012 973 ani-

228 1004 275 1023 mo
285 995 337 1023 sibi
347 1003 416 1027 esse,
432 995 493 1022 belli
504 998 628 1022 eventum
644 997 814 1027 exspectare.
829 992 965 1019 therum
982 999 1011 1019 se

227 1042 331 1076 legatos
363 1041 519 1073 missurum,
541 1039 587 1074 qni
614 1039 815 1066 controversias
843 1039 1010 1065 dirimerent.

229 1086 266 1114 Ea
282 1086 362 1114 sicuti
380 1086 492 1112 Romani
516 1086 700 1115 decreverant,
717 1084 763 1110 ubi
787 1083 884 1110 Auilas
903 1082 1013 1110 rescivit

229 1133 269 1158 ira
283 1136 435 1159 commotus
450 1130 632 1158 Romanorum
645 1129 711 1156 ﬁnes
726 1129 855 1161 vastavit,
870 1133 897 1155 et
914 1127 1011 1155 castel-

230 1177 262 1202 lis
279 1176 439 1210 quibusdam
453 1175 559 1207 dirutis,
570 1175 596 1201 in
615 1174 763 1201 Ratiariam
777 1174 872 1201 urbem
887 1181 1010 1208 magnam

229 1226 255 1246 et
267 1220 356 1255 populi
369 1220 540 1247 multitudine
552 1220 733 1247 abundantem
746 1219 921 1253 irruptionem
937 1218 1011 1246 fecit.

272 1307 300 1334 5.
314 1307 356 1342 (Α.
379 1306 483 1338 (2.457,
497 1306 608 1339 iud.15,
626 1305 730 1333 Tlieod.
753 1305 810 1340 40.)
822 1305 883 1332 Post
896 1312 1006 1340 pugnan

233 1353 258 1379 iu
273 1352 443 1380 Chersoneso
458 1352 759 1383 coniniissam,Romani
775 1359 835 1378 cum
847 1350 951 1377 lluunis
963 1358 1011 1384 pa—

229 1405 288 1424 cem
308 1405 354 1431 per
365 1397 520 1424 Anatolium
539 1397 654 1431 legatum
670 1396 800 1427 fecerunt,
817 1396 877 1430 et‘in
889 1395 937 1422 bas
948 1402 1012 1421 con-

229 1444 345 1470 ditiones
361 1447 544 1470 convenerunt
562 1451 568 1468 :
583 1441 711 1476 profugos
730 1440 834 1467 lluunis
849 1439 934 1471 reddi,
965 1447 1010 1466 sex

1062 220 1153 255 μένοις
1166 219 1307 252 δοθέντων,
1334 218 1402 253 μετὰ
1429 218 1599 253 βαρϐαρικῆς
1618 218 1804 253 πολυπληθῐας
1820 221 1850 250 ἐς

1059 266 1109 300 τὴν
1135 265 1291 300 Ῥωμαϊκὴν
1303 265 1426 291 ἐπάνεισι
1447 264 1469 280 ³³
1483 265 1546 299 γῆν,
1565 264 1614 291 καὶ
1628 264 1731 299 ταύτην
1747 265 1849 299 προλο-

1060 312 1138 347 χίσας
1148 311 1263 346 ἀντικρὺ
1284 310 1332 345 τῆς
1355 309 1437 345 ὄχθης
1450 309 1545 340 νυκτὸς
1559 309 1728 344 διανίστησιν
1742 310 1774 336 ἐκ
1790 319 1851 336 συν-

1060 357 1193 392 θήματος.
1209 357 1256 383 καὶ
1271 356 1323 382 ὑπὸ
1352 357 1408 386 τοῖς
1429 355 1588 386 ἀντιπάλοις
1603 355 1652 390 τὴν
1675 355 1752 382 πὸλιν
1765 357 1849 382 ποιεῖ.

1059 402 1216 438 Δῃωθείσης
1241 401 1270 428 δὲ
1292 402 1342 436 τῆς
1366 401 1482 436 Μάργου
1505 402 1551 427 τὸν
1561 401 1662 436 τρόπον
1683 401 1788 434 τοῦτον,
1802 402 1851 428 ἐπὶ

1062 447 1155 483 μεῖζον
1166 447 1272 482 ηὐξήθη
1283 447 1317 473 τὰ
1331 446 1385 473 τῶν
1399 446 1551 482 Βαρϐάρων
1566 446 1728 481 πράγματα.

1097 493 1130 528 β’.
1147 493 1208 519 Ὀτι
1228 493 1274 519 ἐπὶ
1291 492 1432 519 θεοδοσίου
1450 492 1497 518 τοῦ
1517 491 1624 526 Μικροῦ
1642 491 1774 526 βασιλέως
1789 492 1850 519 Ἀτ-

1060 539 1171 574 τήλαςὸ
1185 538 1239 565 τῶν
1260 537 1369 564 Οῦννων
1386 537 1515 572 βασιλεὺς
1536 537 1582 563 τὶν
1610 538 1709 564 οἰκεῖον
1733 538 1850 571 στρατὸν

1060 583 1172 618 ἀγείρας
1184 583 1336 619 γράμματα
1351 583 1455 617 πέμπει
1477 582 1554 618 παρὰ
1564 582 1610 608 τὸν
1627 582 1739 616 βασιλέα
1753 584 1806 610 τῶν
1819 593 1851 610 τε

1061 629 1187 662 φυγάδων
1201 629 1253 655 καὶ
1267 629 1322 654 τῶν
1340 628 1430 663 φόρων
1450 627 1525 663 πέρι,
1543 628 1599 654 ὅσοι
1617 629 1754 663 προφάσει
1770 629 1850 655 τοῦδε

1060 674 1106 701 τοῦ
1124 674 1241 709 πολέμου
1272 674 1322 700 οὐκ
1343 673 1473 706 ἑδέδοντο,
1488 673 1538 708 τὴν
1556 674 1686 708 ταχίστην
1706 675 1730 699 οἱ
1742 674 1850 709 ἐκπέμ-

1062 718 1161 745 πεσθαι
1177 718 1430 754 παρακελευόμενος
1441 724 1448 731 ⁹
1473 717 1624 749 συντάξεως
1638 718 1670 754 δὴ
1689 719 1771 745 ἕνεκα
1785 719 1852 754 μέλ-

1060 764 1152 795 λοντος
1169 764 1252 799 φόρου
1281 764 1348 798 παρ’
1363 763 1444 790 αὑτὸν
1466 763 1596 797 πρέσϐεις
1611 764 1674 795 τοὺς
1689 764 1851 799 διαλεξομέ-

1060 817 1121 839 νους
1136 809 1158 825 ³³
1178 808 1365 843 ἀφικνεῖσθαι,
1394 808 1442 841 ὡς,
1474 809 1498 835 εἰ
1515 809 1680 844 μελλήσειαν
1696 809 1718 825 ⁸⁸
1740 809 1756 845 ἢ
1781 810 1853 845 πρὸς

1062 854 1180 888 πόλεμον
1200 854 1361 890 ὁρμήσειαν,
1373 854 1433 880 οὐδὲ
1452 855 1533 881 αὑτὸν
1549 854 1590 882 ἔτι
1601 855 1726 882 ἐθέλοντα
1741 855 1771 881 τὸ
1783 856 1853 882 Σκυ-

1063 899 1137 926 θικὸν
1151 899 1257 934 ἐφέξειν
1273 899 1384 935 πλῆθος.
1398 900 1491 926 Ταῦτα
1516 900 1678 934 ἀναγνόντες
1690 901 1713 927 οί
1730 901 1804 936 ἀμφὶ
1816 902 1853 928 τὰ

1063 944 1186 979 βασίλεια.
1215 944 1340 980 οὕδαμῶς
1363 945 1426 976 τοὺς
1449 945 1525 979 παρὰ
1547 946 1618 980 σφᾶς
1642 947 1853 981 καταφυγόντας

1063 990 1191 1017 ἐκδώσειν
1221 990 1335 1025 ἔφασαν,
1369 991 1438 1017 ἀλλὰ
1464 992 1514 1018 σὺν
1537 992 1652 1023 ἐκείνοις
1669 993 1715 1018 τὸν
1732 993 1853 1028 πόλεμον

1063 1035 1275 1070 ὑποστήσεσθαι,
1296 1035 1414 1070 πέμψειν
1428 1035 1456 1061 δέ
1469 1036 1599 1070 πρέσϐεις
1608 1036 1671 1068 τοὺς
1688 1037 1721 1063 τὰ
1734 1037 1853 1072 διάφορα

1062 1080 1202 1112 λύσοντας.
1227 1081 1271 1112 Ὠς
1299 1081 1327 1107 δέ
1352 1080 1390 1115 τῷ
1408 1081 1524 1116 ’Δττήλᾳ
1545 1081 1579 1108 τὰ
1602 1081 1752 1116 δεδογμένα
1780 1082 1851 1110 Ῥω-

1065 1126 1156 1161 μαίοις
1168 1126 1325 1162 ἧγγέλλετο,
1355 1127 1385 1152 ἐν
1410 1126 1479 1162 ὀργῇ
1499 1127 1530 1153 τδ
1548 1128 1665 1165 πρᾶγμα
1689 1118 1853 1162 ποιούμενος

1062 1173 1112 1208 τὴν
1132 1173 1289 1209 Ῥωμαϊκὴν
1305 1172 1383 1207 ἐδῄου
1393 1173 1456 1207 γῆν,
1465 1174 1512 1199 καὶ
1529 1173 1646 1209 φρούριά
1656 1182 1716 1200 τινα
1727 1173 1852 1200 καθελὼν

1062 1220 1095 1254 τῇ
1134 1219 1277 1254 Ῥατιαρίᾳ
1303 1218 1470 1254 προσέϐαλλε
1507 1219 1624 1255 μεγίστῃ
1662 1219 1710 1246 καὶ
1731 1220 1851 1247 πολυαν-

1062 1264 1077 1290 θ
1081 1263 1119 1298 ρώ
1123 1273 1175 1299 πῳ.

1099 1308 1132 1344 γ’.
1152 1309 1213 1336 ’Ότι
1229 1310 1297 1344 μετὰ
1312 1309 1361 1344 τὴν
1376 1310 1405 1336 ἐν
1420 1309 1585 1344 Χερρονήσῳ
1598 1310 1687 1345 μάχην
1704 1310 1850 1345 Ῥωμαίων

1062 1356 1131 1391 πρὸς
1149 1355 1264 1386 Οῦννους
1277 1355 1399 1389 ἐγίνοντο
1413 1356 1459 1381 καὶ
1476 1355 1503 1381 at
1518 1355 1679 1388 συμϐάσεις,
1699 1355 1852 1382 Ἃνατολίου

1063 1401 1318 1435 πρεσϐευσαμένου.
1341 1400 1396 1426 Καὶ
1421 1400 1466 1426 ἐπὶ
1495 1400 1582 1427 τοῖσδε
1596 1399 1763 1432 ἐσπένδοντο,
1779 1401 1853 1431 ὅπως

1063 1445 1199 1472 ἐκδοθεῖεν
1217 1445 1266 1480 μὲν
1281 1445 1315 1471 ἂν
1329 1445 1385 1476 τοῖς
1412 1445 1526 1476 Οῦννοις
1547 1446 1571 1471 οί
1597 1445 1726 1479 φυγάδες,
1757 1447 1803 1472 καὶ
1823 1447 1852 1479 ἒξ

232 1489 317 1516 millia
334 1489 393 1515 auri
407 1489 534 1515 librarum
553 1495 599 1522 pro
610 1487 755 1522 prateritis
771 1486 912 1520 stipendiis
928 1485 1010 1518 solvi;

1066 1491 1182 1526 χιλιάδες
1199 1491 1313 1526 χρυσίου
1328 1491 1426 1526 λιτρῶν
1446 1491 1516 1526 ὑπὲρ
1534 1491 1587 1518 τῶν
1599 1492 1682 1519 πάλαι
1700 1492 1853 1524 συντάξεων

231 1535 282 1560 duo
297 1533 378 1560 millia
393 1538 419 1560 et
433 1537 540 1560 centum
555 1532 581 1558 in
595 1537 735 1566 posterum
749 1531 860 1565 singulis
873 1531 951 1556 annis
966 1530 1014 1556 tri-

231 1579 286 1606 buti
303 1579 411 1605 nomine
428 1578 520 1612 pendi.
545 1577 597 1604 Pro
613 1583 775 1615 upoquoque
794 1575 898 1610 captivo
918 1575 1014 1603 Roma-

232 1631 277 1656 no,
297 1623 387 1657 quiin
412 1623 593 1650 [tertianorum
623 1622 703 1654 ﬁnes,
723 1630 774 1648 non
797 1623 886 1648 so‘uto
909 1622 1015 1649 redem-

233 1670 331 1704 ptionis
353 1669 449 1703 pretio,
465 1668 608 1701 evasisset,
622 1669 761 1696 duodecim
776 1676 922 1696 aureorum
946 1668 1015 1694 mul-

232 1721 302 1742 etatn
316 1714 419 1742 inferri.
437 1714 502 1747 Qua:
520 1714 543 1742 si
561 1722 612 1742 non
631 1714 793 1747 solveretur,
819 1715 864 1748 qui
880 1713 1015 1748 captivum

234 1761 393 1794 recepisset,
405 1761 548 1787 restituere
567 1761 663 1787 teneri.
681 1758 818 1787 Romanos
835 1760 969 1786 neminem
983 1767 1015 1786 ex

233 1806 360 1833 llarbaris
372 1807 405 1833 ad
413 1814 442 1833 se
453 1805 650 1841 conlugieutem
666 1806 862 1839 adtnittere._[u
882 1806 930 1834 bas
956 1807 1014 1840 qui-

231 1853 293 1880 dem
331 1852 465 1879 fmderum
495 1852 566 1886 leges
590 1852 704 1879 Romani
722 1857 824 1886 ,sponte
848 1852 1016 1879 consensisse

232 1897 316 1925 videri
334 1896 477 1924 volebant:
502 1898 548 1924 sed
567 1898 733 1925 necessitate
752 1897 850 1927 coacti,
872 1901 1016 1931 superante

234 1947 318 1973 metu,
337 1942 383 1976 qui
397 1941 580 1969 ltomanorum
600 1942 698 1969 ducum
718 1947 821 1968 mentes
836 1945 1016 1975 occupaverat

233 1987 408 2023 quantumvis
424 1988 506 2015 duras
519 1988 662 2022 etiniqnas
676 1987 843 2015 conditiones
855 1986 905 2014 sibi
930 1986 1015 2020 impo-

234 2032 300 2059 sitas
315 2039 420 2058 summo
433 2032 508 2066 pacis
530 2031 728 2066 consequendze
742 2031 830 2058 studio
846 2031 917 2058 ducti
931 2029 1017 2057 liben-

235 2077 307 2104 tibus
324 2078 421 2104 animis
444 2083 632 2111 susceperunt,
643 2082 670 2104 et
680 2077 867 2111 gravissimum
888 2076 1015 2104 tributum

234 2124 349 2156 pendere
371 2131 424 2150 non
442 2123 613 2155 recusabant,
636 2131 789 2157 quanquam
818 2130 884 2156 opes
910 2122 1015 2156 imperii

1064 1536 1164 1562 δοθεῖεν
1179 1536 1280 1567 αὐτοῖς.
1296 1535 1380 1571 Φόρον
1394 1535 1422 1562 δέ
1437 1535 1514 1567 ἔτους
1533 1537 1648 1564 ἑκάστου
1661 1538 1794 1572 δισχιλίας
1807 1539 1854 1564 καὶ

1066 1581 1163 1608 ἑκατὸν
1175 1581 1270 1615 λίτρας
1283 1581 1384 1615 χρυσοῦ
1398 1589 1474 1615 σφισι
1496 1582 1664 1616 τεταγμένον
1672 1580 1751 1610 εἶναι.
1767 1583 1853 1618 ’Υπὲρ

1066 1627 1093 1653 δὲ
1107 1626 1281 1661 αἰχμαλώτου
1303 1626 1440 1661 Ῥωμαίου
1456 1627 1603 1662 φεύγοντος
1619 1629 1666 1655 καὶ
1677 1630 1705 1661 ἐς
1721 1629 1770 1664 τὴν
1787 1638 1852 1664 σερε-

1066 1672 1147 1707 τέραν
1162 1673 1213 1706 γῆν
1229 1664 1295 1699 ἄνευ
1307 1672 1412 1707 λύτρων
1422 1672 1606 1706 διαϐαίνοντος
1619 1675 1722 1701 δώδεκα
1736 1675 1853 1710 χρυσοῦς

1067 1717 1134 1744 εἶναι
1151 1717 1337 1752 ἀποτίμησιν
1355 1718 1393 1753 μὴ
1413 1713 1631 1751 καταϐάλλοντας
1652 1720 1680 1746 δὲ
1708 1722 1770 1752 τοὺς
1785 1722 1853 1747 ὑπο-

1066 1763 1227 1798 δεχομένους
1238 1763 1372 1790 ἐκδιδόναι
1389 1764 1435 1790 τδν
1455 1764 1599 1799 φεύγοντα.
1615 1766 1727 1800 Μηδένα
1739 1767 1766 1792 δέ
1782 1767 1856 1802 Βάρε

1067 1810 1150 1844 ὄαρον
1169 1809 1322 1845 Ῥωμαίους
1346 1810 1419 1837 κατὰ
1440 1812 1509 1845 σφᾶς
1521 1811 1542 1826 δι
1559 1812 1692 1845 φεύγοντα
1712 1812 1856 1847 δέχεσθαι.

1067 1855 1174 1885 Ταύτας
1189 1854 1403 1890 προσεποιοῦντο
1420 1856 1470 1891 μὲν
1485 1856 1623 1883 ἐθελονταὶ
1644 1857 1774 1892 Ῥωμαῖοι
1801 1858 1855 1890 τὰς

1068 1901 1206 1934 συνθήκας
1222 1900 1345 1927 τίθεσθαι
1368 1901 1422 1936 (9)*
1449 1902 1556 1938 ἀνάγκῃ
1570 1902 1599 1929 δέ
1623 1902 1820 1938 ὑπερϐάλλοντι
1832 1905 1856 1920 ⁴²

1067 1947 1130 1979 δέει,
1147 1947 1216 1981 ὅπερ
1241 1948 1350 1981 κατεῖχε
1376 1948 1438 1979 τοὺς
1462 1948 1536 1982 σφῶν
1564 1948 1706 1983 ἄρχοντας,
1723 1951 1777 1976 πᾶν
1793 1950 1857 1976 ἐπί-

1069 2000 1162 2026 ταγμα
1192 1991 1294 2027 καίπερ
1323 1992 1352 2018 ὃν
1385 1992 1513 2027 χαλεπὸν.
1540 1995 1632 2028 τυχεῖν
1658 1994 1709 2028 τῆς
1743 1995 1857 2030 είρήνης

1068 2035 1272 2066 ἐσπουδακότες,
1290 2035 1448 2069 ἠσμένιζον,
1466 2036 1513 2061 καὶ
1527 2037 1577 2071 τὴν
1589 2036 1643 2062 τῶν
1655 2036 1747 2072 φόρων
1758 2037 1858 2065 σύντα-

1069 2081 1108 2113 ξιν
1128 2080 1284 2116 βαρυτάτην
1297 2078 1382 2107 οὖσαν
1403 2081 1558 2116 προσίεντο,
1573 2081 1627 2108 τῶν
1646 2083 1794 2118 χρημάτων
1808 2084 1860 2111 αὐ-

1067 2127 1122 2156 τοῖς
1137 2127 1183 2152 καὶ
1194 2125 1248 2152 τῶν
1259 2125 1407 2160 βασιλικῶν
1421 2126 1566 2162 θησαυρῶν
1580 2128 1630 2154 οὐκ
1642 2129 1682 2159 εἰς
1701 2129 1760 2155 δέον
1781 2130 1860 2156 ἐκδε-

234 2173 261 2196 et
280 2168 346 2204 regii
364 2168 481 2196 thesauri
497 2176 552 2196 non
567 2169 599 2195 ad
616 2168 784 2196 necessarios
795 2175 872 2200 usus,
889 2167 936 2195 sed
963 2166 1012 2202 35

1070 2172 1280 2207 δαπανημένων,
1297 2172 1365 2199 ἀλλὰ
1378 2173 1443 2208 περὶ
1461 2172 1526 2204 θέας
1545 2174 1663 2205 ἀτόπους
1681 2174 1727 2201 καὶ
1756 2175 1860 2209 φιλοτι-

235 2213 261 2240 in
276 2213 394 2241 absurda
410 2213 576 2247 spectacula,
592 2213 618 2240 in
638 2220 721 2240 vanos
742 2213 873 2240 honorum
888 2213 1016 2244 ambitus.

234 2260 261 2286 in
278 2259 438 2287 immodicas
455 2259 602 2294 voluptates
617 2263 644 2286 et
658 2259 814 2292 largitiones
853 2264 1019 2293 consumpta:

236 2304 353 2338 fuerant,
369 2304 462 2338 quales
476 2311 556 2331 nemo
584 2311 659 2331 sana:
681 2305 780 2331 mentis
791 2303 832 2330 vel
858 2305 884 2331 in
904 2305 1020 2331 maxime

235 2349 409 2376 afﬂuentibus
439 2349 594 2376 divitiarum
629 2350 715 2384 copiis
738 2350 894 2382 sustineret,
921 2350 1018 2377 nedum

236 2396 349 2422 ltmuanl
365 2395 419 2427 isti,
430 2395 474 2430 qui
491 2396 527 2422 rei
546 2395 669 2422 militaris
684 2395 801 2422 studium
815 2395 883 2423 adeo
894 2396 1019 2431 neglexe-

236 2448 308 2475 rant,
322 2447 350 2469 ut
380 2450 432 2468 non
458 2441 544 2469 solum
563 2441 668 2477 Srytgis
680 2462 688 2474 ,
705 2442 751 2469 sed
779 2447 806 2470 et
826 2442 937 2477 reliquis
953 2443 1019 2470 Bar-

237 2488 320 2519 buris,
334 2488 378 2523 qui
392 2488 530 2522 proximas
548 2488 652 2523 imperii
671 2487 782 2515 Romani
804 2489 928 2523 regiones
946 2490 1019 2517 ineo-

239 2535 339 2566 lebaut,
354 2534 499 2569 vectigales
512 2534 574 2561 facti
595 2537 696 2561 essent.
716 2533 808 2569 Itaque
824 2535 924 2562 tributa
936 2539 962 2562 et
974 2542 1020 2570 pe-

238 2581 344 2612 cunias,
355 2587 423 2614 quas
434 2581 466 2607 ad
480 2580 591 2608 llunuos
603 2579 703 2607 deferri
714 2581 866 2615 oportebat,
876 2581 1022 2614 imperator

240 2633 334 2653 omnes
347 2627 468 2655 conferre
481 2627 570 2661 coegit
589 2635 596 2654 :
621 2625 693 2654 nulla
711 2627 792 2653 etiam
809 2633 901 2653 eorum
924 2627 1022 2653 immu-

1074 2219 1139 2252 μίας
1156 2219 1206 2244 οὐκ
1222 2217 1349 2251 εὐλόγους
1364 2220 1411 2244 καὶ
1435 2218 1531 2253 ἡδονὰς
1546 2219 1592 2245 καὶ
1607 2220 1729 2251 δαπάνας
1743 2221 1859 2255 ἀνειμέ-

1073 2272 1131 2296 νας,
1145 2264 1179 2295 ἃς
1191 2264 1279 2295 οὐδεὶς
1294 2264 1346 2291 τῶν
1356 2263 1385 2291 εὖ
1398 2265 1567 2299 φρονούντων
1579 2265 1639 2292 οὐδὲ
1652 2266 1680 2291 ἐν
1695 2267 1860 2301 εὐπραγίαις

1073 2309 1217 2345 ὑποσταίη,
1234 2309 1271 2344 μή
1284 2309 1310 2336 τί
1325 2317 1357 2343 γε
1371 2309 1403 2344 δὴ
1420 2310 1444 2336 οι
1459 2308 1513 2336 τῶν
1524 2310 1613 2336 ὃπλων
1623 2310 1856 2345 ὀλιγωρήσαντες,

1073 2354 1144 2381 ὥστε
1160 2354 1198 2389 μὴ
1215 2355 1297 2389 μόνον
1316 2354 1446 2388 Σκύθαις,
1461 2354 1529 2381 ἀλλὰ
1545 2354 1599 2390 γὰρ
1614 2356 1661 2381 καὶ
1681 2356 1738 2387 τοῖς
1756 2355 1861 2388 λοιποῖς

1073 2399 1225 2434 Βαρϐάροις
1253 2400 1310 2430 τοῖς
1351 2399 1526 2434 παροικοῦσιν
1549 2399 1598 2433 τὴν
1633 2399 1778 2434 Ῥωμαίων
1803 2401 1857 2426 ὑπ-

1073 2445 1182 2472 ακούειν
1197 2445 1237 2476 εἰς
1250 2444 1334 2480 φόρου
1346 2444 1505 2479 ἀπαγωγήν.
1518 2444 1625 2470 Τούτων
1638 2445 1691 2471 τῶν
1706 2445 1862 2477 συντάξεων

1074 2491 1122 2517 καὶ
1142 2491 1196 2518 τῶν
1213 2492 1363 2527 χρημάτων
1387 2491 1462 2525 πέρι,
1493 2490 1565 2525 ἆπερ
1587 2491 1640 2517 ἔδει
1665 2492 1721 2523 τοῖς
1750 2491 1863 2524 υῦννοις

1073 2537 1276 2571 ἐκπέμπεσθαι,
1317 2537 1509 2572 συνεισφέρειν
1544 2537 1648 2568 πάντας
1677 2537 1861 2572 ὴνάγκασε⁵²,

1075 2583 1178 2617 δασμὸν
1195 2583 1444 2618 εἰσπραττομένους
1458 2583 1505 2609 καὶ
1518 2583 1582 2614 τοὺς
1601 2583 1673 2609 κατὰ
1694 2583 1788 2618 χρόνον
1801 2584 1864 2610 τινὰ.

1077 2628 1125 2662 τὴν
1143 2627 1298 2663 βαρυτάτην
1329 2628 1525 2662 κουφισθέντας
1543 2629 1592 2663 τῆς
1612 2629 1665 2664 γῆς
1693 2629 1863 2665 ἀποτίμησιν

903 2702 1018 2730 VARle
1035 2703 1236 2732 LECTIONES.

280 2771 304 2807 ἐξ
317 2772 442 2807 ἐπανίησι
459 2774 531 2807 vulg.

571 2775 592 2791 "
605 2774 811 2809 διαλεξαμένους
824 2774 896 2808 vulg.

243 2805 265 2820 ’⁸⁵
285 2805 312 2831 δὲ
329 2807 375 2833 καὶ
390 2805 486 2842 ὑπερϐ.
503 2805 535 2842 N,
575 2810 595 2825 ’³³
612 2805 769 2842 ἠνάγκασαν
783 2810 854 2842 ccnj.
872 2805 897 2836 ‘N

575 2810 595 2825 ’³³
612 2810 769 2843 ἠνάγκασαν
783 2810 854 2843 ccnj.
877 2810 907 2836 Ν.

955 2774 977 2788 ’τ’
992 2774 1175 2810 μελλήσειανῆ
1193 2775 1210 2800 Β
1226 2795 1232 2806 ,
1247 2775 1404 2811 μελλήσειεν
1415 2777 1485 2811 vulg.
1524 2773 1545 2788 δ’
1566 2772 1638 2807 παρὰ
1653 2775 1722 2807 σφᾶς
1735 2776 1807 2812 conj.
1830 2777 1860 2806 Β.
