1945 3073
231 144 280 177 671

232 200 276 227 sit.
292 199 339 226 ille
359 207 423 228 vero
437 201 469 228 de
484 209 550 235 pace
567 203 636 230 inlcr
652 209 797 241 utrumque
821 209 1008 244 imperatorem
1024 212 1046 240 Α

230 243 414 275 componenda
430 251 514 278 agens
530 246 649 280 diccbat,
661 256 713 276 non
731 243 944 287 oportereieum,
963 255 1008 288 qui

229 286 262 313 de
288 286 394 315 civibus
416 289 472 316 suis
494 290 635 319 victoriam
658 296 834 329 reportasset,
860 298 892 326 iis
917 299 1007 327 irasci.

229 330 364 366 Quidquid
377 333 448 360 enim
464 334 591 369 intereat,
602 338 708 373 victori,
724 348 775 368 non
794 343 865 370 victo
883 344 1006 378 interire,

227 380 253 402 et
274 375 295 402 si
310 384 381 405 nunc
397 379 443 406 uni
456 387 549 414 pacem
564 382 748 418 denegaverit,
763 387 908 416 multorum
928 391 1008 418 bello-

227 427 285 446 rum
297 420 417 450 civilium
429 430 539 451 causam
551 425 608 454 fore
621 433 647 455 et
658 433 807 458 auctorem.
816 433 850 459 At
862 433 1008 468 imperator

226 468 253 491 et
269 465 345 493 vultu
358 471 387 494 et
405 473 479 495 motu
497 472 619 505 corporis
637 474 813 504 acerbitatem
827 478 873 506 iraa
888 487 945 507 sua:
959 481 1007 508 de—

226 517 391 545 monstrans,
418 518 444 540 et
468 522 538 550 zegre
559 525 652 545 vocem
672 521 800 550 emittens
813 524 880 551 dixit
896 533 903 552 :
922 535 932 551 ι
947 526 1005 554 Non

226 555 262 583 ita
280 564 329 584 nos
351 558 384 585 ad
397 559 450 587 hoc
463 568 548 596 usque
565 567 670 599 tempus
683 567 828 602 gessimus,
845 577 932 605 neque
946 573 1006 600 ideo

225 602 260 629 ab
274 602 382 631 Oceano
398 605 451 633 huc
469 606 569 635 bellum
583 615 708 644 gerentes
723 618 750 639 et
764 602 901 644 vincentes
912 625 1005 651 perve-

224 647 324 682 nimus,
337 654 505 685 ntgenerum
523 660 643 683 nostrum
659 664 768 692 propter
783 660 885 688 nefaria
904 661 1003 697 flagitia

224 699 239 718 a
252 694 380 722 societate
393 698 467 731 regni
481 699 658 729 excludamus
669 707 697 730 et
710 704 867 733 afﬁnitatem
880 694 1005 741 ejus-dis-

223 738 372 774 solvamus,
390 747 416 769 et
432 743 485 771 vlle
496 747 660 781 mancipium
672 757 732 776 cum
749 751 806 784 ipso
820 752 845 779 in
861 753 1002 788 imperium

223 783 439 815 introducamus.
461 798 470 814 ›
488 789 573 818 Jussit
597 793 678 827 igitur
695 794 884 832 Mestrianum,
900 800 950 828 hac
963 800 1002 828 le-

222 831 339 863 gationis
352 837 429 867 parte
443 836 551 869 omissa,
569 838 590 865 si
607 839 672 872 quid
687 840 760 868 aliud
773 842 851 870 vellet
864 851 997 878 promere.

224 875 256 902 Et
269 877 354 904 visum
369 884 410 906 est
428 880 564 910 Valentem
583 869 745 920 ab-imperio
762 869 931 921 dejicere.”
944 869 955 874 v
974 869 986 875 v
1013 869 1037 898 Β

254 1006 356 1042 14,(Α.
371 1008 402 1036 C.
418 1010 483 1043 550,
498 1011 592 1040 Const.
608 1014 663 1049 M.)
675 1014 847 1051 Magnentius
862 1024 889 1046 ct
903 1020 998 1048 Vetra-

218 1051 263 1078 nio
275 1053 385 1093 mittunt
405 1055 506 1090 legatos
528 1058 561 1085 ad
577 1057 776 1090 Constantium.
794 1063 937 1092 Mittuntur
951 1074 998 1093 au-

218 1102 271 1123 tem
283 1091 396 1127 Rufinus
410 1105 436 1127 et
447 1101 633 1136 Marcellinus,
644 1105 687 1132 hic
699 1107 844 1140 praefectus
855 1112 996 1144 prtetorio;

217 1142 262 1170 ille
278 1144 389 1172 alterius
413 1148 530 1181 agminis
545 1149 650 1183 ductor,
675 1157 702 1179 ct
719 1142 872 1183 Nunecltius
885 1162 997 1185 senatus

216 1187 352 1223 princeps,
365 1195 392 1217 et
404 1190 537 1220 Maximus
553 1201 615 1222 cum
633 1196 707 1230 ipsis,
723 1199 768 1232 qui
784 1200 997 1229 adhortarentur

215 1231 416 1268 Constantium,
439 1241 469 1263 ut
497 1239 530 1265 ab
556 1241 639 1268 armis
657 1231 818 1277 abstineret,
834 1250 858 1272 et
879 1247 995 1281 primum

216 1276 325 1304 honoris
340 1281 451 1313 gradum
469 1282 493 1309 in
510 1283 624 1318 imperio
643 1287 800 1322 obtineret;
826 1289 995 1326 Magnentius

207 1323 374 1359 Constantio
389 1326 470 1354 filiam
484 1329 673 1365 desponderet,
689 1338 716 1360 ct
730 1333 786 1368 ipse
798 1342 908 1364 uxorem
922 1338 995 1365 acci-

213 1375 287 1402 peret
300 1370 499 1407 Constantiam,
517 1375 669 1404 Constantii
683 1386 816 1406 sororem.
835 1381 927 1415 itaque
942 1384 993 1410 im-

212 1419 320 1447 perator
331 1416 510 1448 Constantius
522 1422 632 1450 admisit
642 1423 816 1454 Vetranionis
828 1432 855 1454 et
867 1427 994 1463 Magnen-

212 1462 243 1488 tii
263 1463 376 1497 legatos,
398 1474 510 1500 quorum
526 1476 606 1501 unus,
623 1469 792 1505 Nuneebius,
808 1473 885 1500 initio
903 1475 992 1502 statim

211 1507 393 1543 Magnentium
421 1519 514 1546 pacem
542 1520 634 1547 petere
655 1516 781 1549 pra-fatus
797 1523 849 1552 est,
876 1523 904 1546 ct
921 1520 991 1548 Con-

211 1554 351 1587 Stantium,
365 1563 418 1590 quo
433 1557 458 1582 in
473 1561 545 1584 statu
563 1566 606 1585 res
619 1559 646 1586 in
659 1562 800 1593 praesentia
815 1569 916 1597 essent,
934 1572 993 1593 mo-

211 1598 268 1623 nuit
282 1598 388 1630 dicens,
401 1608 453 1627 non
466 1607 592 1635 oportere
604 1603 691 1637 ipsum
704 1605 914 1641 inconsiderate,
926 1617 993 1644 prte-

211 1643 306 1669 sertim
322 1652 383 1671 cum
409 1646 486 1673 bellis
508 1646 565 1680 jam
591 1649 732 1678 confectus
745 1657 826 1686 esset,
842 1654 910 1681 duos
927 1663 991 1683 con—

211 1692 252 1713 tra
266 1695 296 1715 se
311 1689 501 1724 imperatores,
520 1693 558 1719 rei
576 1694 703 1723 militaris
716 1697 817 1730 peritos
833 1704 860 1726 et
874 1700 945 1727 inter
962 1709 992 1730 se

209 1735 359 1762 concordes
376 1740 404 1762 et
419 1736 532 1773 integris
545 1739 660 1772 viribus.
673 1741 706 1768 ad
717 1741 816 1770 bellum
829 1751 989 1778 provocare.

209 1778 272 1812 Qui,
291 1780 341 1808 nisi
359 1788 430 1809 nunc
452 1783 487 1810 de
506 1791 572 1818 pace
596 1786 667 1813 inter
692 1795 738 1815 eos
750 1792 916 1825 conveniret,
936 1793 992 1828 28

208 1824 302 1858 quales
319 1827 468 1862 quantique
485 1829 511 1856 in
533 1829 603 1857 bello
619 1831 692 1860 civili
714 1833 797 1862 futuri
812 1836 912 1870 essent,
933 1839 990 1866 sive

175 1892 178 1894 .
209 1877 278 1897 unus
293 1871 380 1904 solus,
401 1872 461 1900 sive
476 1878 591 1909 uterque
612 1877 703 1911 simul,
727 1886 782 1906 non
806 1881 914 1912 aliunde
938 1883 989 1918 ipsi

211 1915 404 1944 discedendum
420 1925 490 1952 esse,
503 1927 584 1954 quam
609 1929 642 1949 ex
670 1924 785 1959 egregiis
812 1925 987 1963 facinoribus,

206 1967 266 1992 quas
288 1966 353 1989 ante
379 1963 539 1997 edidissent,
557 1967 665 2000 quando
682 1968 733 2003 ipsi
759 1974 786 1997 et
810 1973 903 2005 generi
930 1973 989 2008 ejus

205 2013 334 2041 prospere
358 2008 441 2036 rebus
459 2011 542 2045 gestis
559 2012 711 2048 triumphos
728 2017 908 2049 peperissent.
920 2017 986 2046 Cum

206 2051 276 2079 hanc
288 2052 450 2087 legationem
472 2057 593 2085 audisset
619 2058 776 2094 imperator,
800 2069 925 2097 magnam
949 2064 987 2092 illi

204 2105 236 2124 ea
259 2106 304 2125 res
320 2106 413 2127 curam
438 2104 466 2128 et
483 2102 693 2132 sollicitudinem
718 2106 817 2134 attulit.
838 2107 931 2143 Itaque
954 2111 987 2137 ad

203 2151 327 2171 somnum
348 2152 507 2179 conversus,
525 2148 592 2176 vidit
614 2149 640 2176 in
667 2152 771 2179 somnis
798 2158 902 2187 patrem
923 2159 984 2182 tan-

1004 1530 1026 1558 C

203 2195 284 2222 quam
300 2196 333 2216 ex
347 2190 401 2217 alto
416 2191 637 2221 descendentem.
650 2194 679 2221 In
695 2203 775 2222 manu
790 2197 898 2225 tenebat
912 2198 984 2226 Con-

203 2237 318 2246 ι-ιιιιιιιι...
335 2242 346 2246 ,ι
365 2234 517 2246 Il...._._._.!s
538 2244 598 2246 -.ηε
651 2242 656 2246 .
830 2241 847 2246 ,ι-
960 2244 966 2246 .

1048 2190 1089 2239 τας
1130 2190 1257 2244 βασιλεὺς
1265 2190 1432 2246 Ιἐνγφρςιντίσι
1446 2190 1556 2243 πολλαῖς

201 2237 319 2261 stantem
334 2242 348 2261 a
364 2234 521 2268 Magnentio
538 2242 718 2272 peremptum,
733 2247 812 2274 quem
827 2241 986 2272 Constantio

201 2280 350 2307 ostendens
376 2280 434 2308 haec
451 2281 489 2308 illi
505 2282 597 2311 dicere
615 2285 689 2312 visus
704 2290 745 2313 est
769 2296 777 2313 :
804 2296 813 2313 ι
832 2286 984 2322 Constanti,

200 2331 266 2352 ecce
289 2325 435 2359 Constans,
461 2327 610 2356 multorum
626 2337 718 2363 regum
735 2332 891 2367 progenies,
908 2341 984 2363 meus

201 2370 273 2398 Iilius
280 2375 308 2398 et
320 2372 405 2399 frater
416 2377 476 2400 tuus
488 2374 590 2402 nefarie
598 2380 726 2410 necatus;
739 2384 825 2412 neque
839 2378 983 2414 imperium

200 2415 403 2451 labefactatum,
421 2426 508 2453 neque
530 2421 725 2456 rempublicatn
757 2431 878 2451 eversam
896 2426 981 2460 negli-

199 2468 258 2495 gas,
284 2470 372 2498 neque
388 2465 410 2492 si
437 2466 498 2500 quis
517 2466 564 2493 tibi
578 2467 705 2501 minetur,
723 2473 829 2497 terrore
843 2470 979 2506 aﬂieiaris,

198 2507 244 2534 scd
258 2507 383 2542 gloriam,
398 2517 458 2544 qua:
478 2511 540 2539 inde
557 2517 581 2539 lc
601 2518 701 2546 manet,
716 2515 867 2550 cuicunque
892 2525 981 2552 oppu-

199 2554 320 2587 gnationi
336 2563 489 2592 praaponas,
508 2566 595 2593 neque
625 2559 739 2588 inultum
766 2561 879 2590 fratrem
905 2568 980 2593 tuum

704 151 899 184 EXCERPTA
921 155 970 185 EX
990 155 1112 188 PETRO
1129 159 1307 191 PATRICIO

1797 173 1858 202 672

1063 211 1203 246 βασιλεῦσι
1217 215 1266 250 τὴν
1280 217 1392 251 εἰρήνην
1415 219 1608 254 ὲπρεσϐεύετο,
1627 223 1663 258 μὴ
1685 225 1786 259 χρῆναι
1809 228 1855 252 λέέ

1061 266 1117 291 γων
1141 259 1187 286 τὸν
1215 261 1278 292 τοὺς
1292 263 1446 297 ὁμοφύλους
1461 267 1622 301 νενικηκότα
1641 269 1700 294 κατ’
1722 270 1813 296 αὐτῶν
1832 273 1855 287 ’⁸

1060 304 1245 338 χαλεπαίνειν.
1259 307 1321 333 Ὅτι
1333 308 1386 344 γὰρ
1400 309 1433 335 ἂν
1448 310 1584 344 ἀπόλοιτο,
1601 313 1678 339 τοῦτο
1695 314 1787 342 λοιπὸν
1812 318 1854 352 τῷ

1060 352 1225 386 νενικηκότι,
1249 353 1308 379 ἀλλ’
1327 355 1386 388 οὐχὶ
1405 357 1462 387 τοῖς
1479 358 1647 393 ἡττωμένοις
1664 360 1851 388 ἀπόλλυσθαι·

1060 396 1107 422 καὶ
1120 397 1161 423 ὅτι
1176 398 1189 424 ὁ
1199 398 1238 424 ἑνὶ
1258 398 1307 434 τὴν
1324 401 1436 436 εἰρήνην
1451 401 1619 437 ἀρνούμενος
1634 405 1738 432 πολλῶν
1756 407 1849 441 ἐμφυ-

1058 440 1124 467 λίων
1139 442 1264 478 πολέμων
1279 444 1384 478 γίνεται
1401 446 1497 478 αἴτιος.
1516 448 1546 474 '0
1566 448 1594 475 δὲ
1611 449 1737 483 βασιλεὺς
1758 440 1798 487 τῷ
1816 462 1847 479 τε

1058 486 1196 523 προσώπῳ
1216 488 1262 515 καὶ
1288 491 1321 525 τῇ
1339 490 1386 516 τοῦ
1411 491 1536 526 σώματος
1563 495 1666 529 κινήσει
1683 495 1713 521 τὸ
1730 486 1848 531 μέγεθος

1058 531 1107 566 τῆς
1121 533 1142 549 ¹⁹
1156 533 1243 568 ὀργῆς
1258 534 1355 570 δηλῶν,
1374 537 1420 563 καὶ
1437 538 1514 571 μόλις
1533 539 1624 574 φωνὴν
1640 540 1729 575 ἀφεὶς,
1746 540 1826 569 εἶπεν
1837 552 1844 558 '

1061 586 1070 602 ι
1089 577 1144 612 Οὐχ
1158 578 1229 605 οὕτω
1245 580 1325 615 μέχρι
1337 580 1384 607 τοῦ
1401 582 1533 617 παρόντος
1546 584 1723 620 διεγενόμεοα
1735 588 1769 619 ⁵⁸,
1783 588 1844 615 οὐδὲ

1056 621 1100 648 διὰ
1110 623 1190 649 τοῦτο
1203 625 1234 651 ἐκ
1245 625 1292 651 τοῦ
1307 626 1438 653 Ὠκεανοῦ
1455 628 1535 663 μέχρι
1545 630 1599 656 τῶν
1617 630 1734 657 ἐνταῦθα
1760 633 1843 659 πολε-

1058 667 1172 701 μοῦντες
1189 669 1235 695 καὶ
1255 671 1386 703 νικῶντες
1411 672 1575 707 ἀφικόμεθα,
1591 674 1662 701 ὥστε
1684 676 1721 711 μὴ
1737 676 1842 703 ἐθέλειν

1054 711 1100 737 τὸν
1112 713 1211 739 οἰκεῖον
1227 714 1353 749 γαμσρὸν
1370 715 1409 751 (7')
1431 717 1560 743 κοινωνὸν
1575 717 1647 752 ἔχειν
1659 718 1703 745 διὰ
1714 718 1748 745 τὰ
1766 720 1840 754 μύση

1054 757 1137 784 αὑτοῦ
1152 759 1199 784 καὶ
1223 759 1273 793 τὴν
1287 761 1446 795 ἀγχιστείαν
1467 762 1658 797 ἀπαγορεύειν,
1680 764 1789 796 εὐτελὲς
1811 765 1840 791 δὲ

1055 803 1220 838 ἀνδράποδον
1242 806 1300 838 μετ’
1330 806 1413 833 αὑτοῦ
1435 808 1473 838 είς
1491 808 1525 833 τὰ
1550 808 1671 842 βασίλεια
1691 810 1841 844 προσδέξα-

1056 848 1125 874 σθαι.
1144 857 1154 874 ι
1174 849 1331 877 Ἐκέλευσεν
1354 850 1399 878 οὖν
1413 853 1459 878 τὸν
1478 853 1649 888 Μεστριανδν
1673 854 1769 881 τούτου
1790 856 1839 882 τοῦ

1056 894 1156 929 μέρους
1176 895 1223 929 τῆς
1250 896 1397 931 πρεσϐείας
1422 897 1584 932 σχολάζοντα
1603 899 1635 930 ¹¹,
1655 899 1682 924 εἴ
1700 908 1726 926 τι
1744 900 1840 935 ἕτερον

1054 940 1139 966 αἰτεῖν
1153 939 1281 974 βούλοιτο,
1301 941 1392 976 λέγειν
1403 950 1411 957 ·
1427 943 1474 970 καὶ
1498 943 1570 976 ἔδοξε
1584 944 1630 971 τὸν
1648 944 1768 972 Βάλεντα
1789 946 1838 972 ὲκ-

1053 984 1185 1020 6ληθῆναι
1199 986 1247 1021 τῆς
1260 986 1408 1021 βασιλείας.

1089 1031 1129 1058 ιδ’.
1146 1031 1206 1057 Ὀτι
1233 1033 1402 1065 Ἀίαγγέντιος
1417 1034 1463 1060 καὶ
1484 1033 1636 1069 Βετρανίων
1652 1036 1675 1051 ¹¹
1697 1036 1836 1070 πέμπουσι

1051 1076 1179 1112 πρέσϐεις
1193 1077 1261 1112 πρὸς
1273 1078 1471 1106 Κωνστάντιον.
1484 1080 1639 1114 Πέμπονται
1654 1081 1682 1107 δὲ
1695 1081 1835 1115 Ῥουφῖνός

1050 1122 1096 1148 καὶ
1115 1123 1311 1157 Μαρκελλῖνος,
1325 1124 1339 1149 ὁ
1362 1124 1411 1158 μὲν
1428 1123 1549 1160 ὕπαρχος
1566 1125 1604 1152 ὧν
1633 1126 1686 1152 τῶν
1709 1135 1836 1161 πραιτω-

1050 1167 1126 1201 ρίων,
1141 1167 1155 1193 ὁ
1171 1167 1199 1194 δὲ
1216 1168 1310 1204 ἔτερος
1333 1170 1532 1206 στρατηλάτης,
1547 1172 1593 1197 καὶ
1608 1171 1753 1207 Νουνέχιος
1767 1181 1836 1206 συγ-

1048 1211 1176 1246 κλητικὸς
1192 1212 1324 1249 ὕπαρχος,
1347 1215 1394 1241 καὶ
1410 1215 1534 1251 Μάξιμος
1551 1217 1619 1252 πρὸς
1634 1217 1748 1250 τούτοις,
1766 1219 1835 1245 ὑπο-

1049 1257 1195 1291 μνήσοντες
1210 1259 1255 1285 τὸν
1280 1260 1468 1287 Κωνστάντιον
1493 1258 1584 1288 ὅπλων
1601 1263 1769 1297 ἀποσχέσθαι
1786 1265 1834 1290 καὶ

1046 1301 1158 1336 πρώτην
1173 1302 1246 1337 ἔχειν
1262 1304 1290 1330 ὲν
1304 1305 1336 1338 τῇ
1353 1304 1476 1340 βασιλείᾳ
1490 1306 1584 1341 τιμήν.
1610 1307 1640 1332 '0
1655 1307 1682 1334 δὲ
1706 1308 1832 1341 ΙιῘαγνέν-

1045 1355 1101 1377 τιος
1124 1347 1159 1374 δι’
1173 1348 1262 1374 αὐτῶν
1278 1349 1328 1384 τὴν
1354 1349 1420 1376 ἰδίαν
1436 1350 1573 1386 θυγατέρα
1595 1351 1634 1386 τῷ
1652 1353 1834 1388 Κωνσταντίῳ

1046 1391 1202 1426 ὑπισχνεῖτο
1221 1393 1321 1419 διδόναι
1337 1394 1461 1429 γαμετὴν
1485 1395 1532 1421 ἐπὶ
1547 1396 1585 1430 τῷ
1603 1396 1651 1422 καὶ
1677 1397 1758 1428 αὐτὸς
1781 1398 1832 1432 τὴν

1045 1437 1238 1464 Κωνσταντίαν
1253 1438 1345 1465 λαϐεῖν
1369 1439 1419 1474 τὴν
1429 1440 1546 1475 ἀδελφὴν
1566 1440 1613 1467 τοῦ
1631 1442 1830 1468 Κωνσταντίου.

1051 1482 1176 1515 Ἐδέξατο
1194 1482 1240 1510 οὖν
1264 1484 1279 1510 ὁ
1308 1484 1434 1519 βασιλεὺς
1458 1486 1521 1517 τοὺς
1538 1486 1720 1521 Βετρανίωνος
1737 1488 1759 1504 ⁸³
1783 1489 1831 1514 καὶ

1043 1529 1214 1562 Μαγνεντίου
1237 1530 1377 1564 πρέσϐεις,
1402 1531 1432 1557 ὲν
1448 1528 1489 1563 οἷς
1506 1533 1520 1558 ὁ
1544 1532 1688 1568 Νουνέχιος
1706 1534 1728 1548 ¹⁵
1748 1534 1831 1566 εὐθὺς

1044 1573 1095 1608 ἔφη
1110 1573 1149 1609 τῷ
1171 1575 1308 1610 προοιμίῳ
1330 1576 1441 1611 ειρήνην
1468 1577 1554 1603 αἰτεῖν
1581 1578 1627 1604 τὶν
1651 1579 1828 1612 Μαγνέντιον,

1043 1620 1091 1645 καὶ
1105 1619 1237 1651 πολλάκις
1254 1622 1306 1655 τῆς
1326 1621 1458 1656 περὶτῶν
1485 1623 1626 1657 παρόντων
1658 1626 1829 1659 πραγμάτων

1042 1666 1236 1697 καταστάσεως
1246 1665 1291 1692 τὸν
1301 1667 1490 1694 Κωνστάντιον
1503 1668 1706 1704 ὑπεμίμνησκε,
1715 1670 1829 1703 φάσκων

1044 1710 1081 1746 μὴ
1095 1711 1194 1746 χρῆναι
1208 1711 1290 1738 αὑτὸν
1311 1712 1475 1747 ἀπροόπτως
1490 1714 1537 1740 καὶ
1557 1715 1579 1730 ’³
1602 1716 1761 1750 κεκμηκότα
1777 1716 1827 1751 ἤδη

1042 1757 1099 1787 τοῖς
1115 1757 1247 1791 πολέμοις
1267 1757 1290 1772 ³⁸
1304 1757 1351 1783 δύο
1374 1758 1434 1784 κατ’
1449 1759 1531 1785 αὐτὸν
1551 1760 1574 1776 ³⁷
1596 1760 1724 1794 βασιλεῖς,
1745 1770 1828 1796 στρα-

1041 1801 1172 1836 τιωτικῆς
1194 1810 1221 1827 τε
1238 1803 1396 1838 ἐπιστήμης
1416 1803 1564 1839 ἐμπείρους
1581 1806 1627 1831 καὶ
1647 1806 1828 1840 ὁμονοοῦντας

1041 1845 1166 1881 ἀλλήλοις
1177 1847 1224 1874 καὶ
1238 1847 1278 1874 ἔτι
1292 1849 1439 1883 ἀκεραίους
1454 1849 1545 1883 ὄντας,
1559 1851 1599 1882 εἰς
1620 1850 1737 1886 πόλεμον
1754 1861 1824 1887 προ-

1040 1891 1201 1918 καλεῖσοαν
1214 1892 1324 1926 οἵτινες,
1339 1894 1363 1920 εἰ
1379 1893 1416 1929 μὴ
1435 1895 1499 1929 περὶ
1524 1896 1636 1930 εἰρήνης
1660 1896 1826 1931 συνδόξαιεν,

1040 1934 1091 1971 [ὡς
1102 1935 1136 1971 ³³]
1151 1937 1237 1963 ὁποῖοι
1247 1937 1293 1963 καὶ
1307 1937 1417 1973 πηλίκοι
1432 1939 1502 1966 κατὰ
1510 1941 1556 1967 τὸν
1569 1940 1698 1975 ἐμφύλιον
1709 1942 1826 1976 πόλεμον

1041 1979 1149 2007 ἔσονται
1166 1982 1413 2018 παραταττόμενοι,
1437 1984 1491 2010 εἴτε
1507 1981 1548 2016 εἷς
1573 1985 1663 2019 μόνος,
1687 1987 1742 2012 εἴτε
1756 1987 1825 2021 ὁμοῦ

1039 2026 1124 2061 ἄμφω
1139 2028 1346 2062 παραγένοιντο,
1366 2028 1403 2064 μὴ
1419 2029 1506 2056 θέλειν
1524 2030 1605 2057 αὑτὸν
1619 2032 1754 2066 ἑτέρωθεν
1771 2042 1824 2068 μα-

1039 2072 1095 2099 θεῖν
1119 2073 1136 2107 ἢ
1160 2074 1192 2099 ὲκ
1215 2073 1271 2100 τῶν
1286 2074 1336 2108 ἠδη
1353 2075 1557 2110 πεπραγμένων
1580 2077 1681 2109 αὐτοῖς,
1699 2078 1743 2104 ὅτε
1763 2080 1824 2110 ταῖς

1038 2117 1152 2144 ἐκείνων
1166 2119 1352 2154 παρατάξεσιν
1378 2120 1452 2156 αὺτῷ
1471 2129 1500 2148 τε
1522 2123 1569 2148 καὶ
1586 2122 1624 2157 τῷ
1645 2124 1720 2157 γένει
1740 2124 1823 2151 αὑτοῦ

1039 2162 1169 2198 θρίαμὸοι
1185 2165 1386 2200 κατωροοῦντο,
1399 2167 1506 2201 Ταύτης
1520 2167 1570 2202 τῆς
1582 2169 1730 2203 πρεσϐείας
1743 2170 1825 2196 ἀκού-

1568 2211 1612 2248 ἧν.
1624 2213 1679 2240 Καὶ
1690 2216 1729 2246 είς
1740 2214 1823 2240 ὕπνον

1037 2255 1154 2288 τραπεὶς
1170 2253 1240 2282 εἶδεν
1266 2256 1338 2291 ὄψιν,
1355 2257 1397 2284 ὅτι
1424 2259 1438 2284 ὁ
1461 2259 1553 2294 πατὴρ
1575 2259 1656 2286 αὐτοῦ
1673 2260 1767 2295 ὥσπερ
1794 2261 1824 2293 ἐξ

1037 2298 1122 2333 ὕψους
1136 2300 1236 2327 κατιὼν
1251 2301 1299 2327 καὶ
1314 2302 1347 2336 τῇ
1363 2302 1435 2337 χειρὶ
1449 2302 1572 2338 κατέχων
1586 2303 1631 2330 τὸν
1644 2304 1822 2336 Κώνσταντα.

1035 2342 1065 2369 ὃν
1075 2343 1164 2370 ἀνεῖλε
1178 2345 1356 2378 Μαγνέντιος,
1367 2345 1460 2372 τοῦτον
1474 2346 1548 2381 αὐτῷ
1561 2349 1724 2383 προσφέρων
1735 2350 1823 2376 ταῦτα

1037 2388 1105 2423 πρὸς
1122 2389 1203 2415 αὑτὸν
1226 2389 1314 2415 ἐδόκει
1340 2392 1374 2416 τὰ
1389 2391 1500 2426 ῥήματα
1515 2391 1683 2426 φθέγγεσθαι
1694 2401 1701 2409 ”
1721 2403 1730 2419 ι
1746 2394 1820 2420 Κωνν

1038 2433 1156 2465 στάντιε,
1176 2434 1230 2460 ἰδοὺ
1247 2434 1394 2466 Κώνστανς
1406 2437 1420 2462 ὁ
1441 2436 1546 2464 πολλῶν
1568 2437 1701 2473 βασιλέων
1722 2440 1822 2473 ἀπόγο-

1036 2486 1090 2509 νος,
1105 2478 1119 2504 ὁ
1133 2477 1198 2513 ὲμδς
1215 2478 1272 2510 υἱὸς
1286 2481 1333 2506 καὶ
1352 2481 1397 2512 σὺς
1408 2480 1532 2515 ἀδελφὸς,
1549 2484 1726 2518 τυραννικῶς.
1735 2485 1821 2511 ἀπολ-

1035 2523 1151 2557 λὺμενος
1163 2523 1198 2550 ³³.
1216 2524 1292 2558 Μήτε
1309 2524 1355 2551 οὖν
1369 2525 1418 2560 τὴν
1435 2525 1573 2560 βασιλείαν
1591 2528 1820 2566 διακοπτομένην,

1037 2569 1105 2604 μήτε
1127 2569 1177 2605 τὴν
1194 2568 1333 2597 πολιτείαν
1355 2571 1582 2608 ἀνατρεπομένην
1596 2573 1728 2610 περιίδῃς,
1749 2576 1820 2611 μήτε

825 2631 868 2659 VA
874 2632 942 2660 Rl/E
964 2635 1168 2665 LECTIONES.

235 2690 256 2705 ¹⁸
275 2690 357 2742 ubi?”
369 2691 440 2742 vulgi.
481 2692 566 2742 νζδτξγς
579 2700 634 2720 οηι.
652 2693 724 2737 vulg,
760 2694 1095 2742 ²⁰1διαγεχενήμεοιαέοηῂ
1112 2698 1141 2726 Β.
1155 2706 1169 2742 t‘
1242 2699 1419 2742 σχολάζοντος
1435 2702 1507 2742 vulg.

869 2731 890 2746 "
908 2732 921 2758 ὁ
939 2731 1082 2771 Νουνέχιος
1094 2749 1129 2753 ——
1144 2734 1190 2761 τὸν
1202 2731 1378 2771 Μαγνέντιονἶ
1398 2735 1456 2771 καὶ]

199 2725 368 2764 Βρεττανίων
384 2725 457 2764 vulg.
495 2727 518 2743 ’³
535 2725 733 2764 Βρεττανίωνὶις
745 2730 816 2764 vulg.

1563 2705 1585 2719 “
1603 2704 1758 2739 Βετρανίων
1771 2705 1816 2738 N.,

1473 2737 1531 2776 haec
1539 2773 1544 2776 _
1552 2739 1644 2776 verba.
1657 2737 1721 2776 qutc
1737 2741 1817 2776 vulgo

1252 2760 1258 2768 ,
1372 2760 1377 2765 ,
1473 2760 1530 2764 ...η
1557 2760 1644 2769 ψη,
1660 2760 1719 2772 ,μω
1800 2760 1816 2767 .,

198 2767 340 2793 perperam
359 2760 501 2795 infra'post
518 2760 577 2789 voc.
591 2762 780 2804 κατωρῼοῦντο
792 2760 954 2804 legebantur
981 2768 1008 2795 in
1025 2760 1115 2804 locum
1131 2777 1208 2796 suum
1239 2770 1347 2797 reduxit
1359 2770 1412 2802 CL,
1430 2760 1562 2804 particula
1579 2774 1627 2799 καὶ
1638 2774 1672 2800 ab
1687 2774 1765 2801 initio
1783 2760 1816 2802 5i’n

200 2797 279 2829 tinent
294 2795 467 2829 transposilu.

519 2798 540 2812 τυ
553 2797 657 2829 7.13th
669 2797 790 2838 μὴμυιες.

197 2828 306 2856 inclusit
317 2830 346 2855 Β.

842 2801 864 2816 ’⁵
882 2802 1008 2836 πολέμοις

400 2830 421 2845 ¹⁹
436 2831 599 2863 ἀπολόμενος
620 2830 691 2866 Con].
701 2830 737 2860 ’Β-

1027 2803 1068 2836 Β.,
1085 2804 1222 2839 πολεμίοις
1241 2804 1311 2839 vulg.
1349 2806 1370 2820 "
1392 2803 1474 2832 αὐτοῦ
1491 2808 1563 2842 conj.
1579 2807 1610 2834 B.
1652 2809 1673 2824 ³⁸
1687 2809 1724 2840 ὡς
1739 2811 1816 2837 uncis
