1945 3073
217 151 270 182 675

217 251 339 281 dimittit,
354 256 455 282 eosque
468 248 651 282 subsuquitur.

250 339 278 365 2.
293 338 336 374 (Δ.
348 338 378 365 C.
389 338 455 370 261,
472 337 540 365 Gall.
557 337 596 372 9.)
611 336 770 364 Odcnalbus
787 337 926 370 Saporem,
942 341 1004 363 tan-

216 393 296 420 quam
315 385 393 419 longe
407 384 537 411 ltomanis
548 383 772 417 prastantiorem.
788 383 903 409 Inuitum
921 382 1003 409 coluit

216 437 243 457 et
264 430 430 461 observavit,
446 434 473 456 et
489 430 601 462 cupiens
624 436 684 455 eum
701 428 752 455 sibi
766 428 920 460 devincere,
937 428 1004 454 dona

217 476 359 510 magnilica
372 475 484 502 camelis
505 474 646 508 imponens
661 481 753 501 earum
774 480 876 506 rerum,
891 480 1004 507 quarum

216 521 307 548 Persis
331 528 382 548 non
403 525 460 547 erat
481 519 568 552 l‘erax,
591 519 625 546 ad
641 526 701 546 eum
719 519 802 545 mittit
819 525 879 545 cum
896 517 1005 550 litteris,

217 568 315 601 quibus
328 574 388 593 cum
406 566 497 592 multis
519 565 644 600 precnbus
661 572 691 592 se
715 564 781 591 nihil
803 571 920 597 unquam
939 571 1005 590 con-

219 613 331 640 trarium
345 612 488 639 Persarum
504 611 654 638 rationibus
680 610 776 637 fecisse
794 609 953 636 testabatur.
971 608 1006 635 At

227 658 272 684 ille
282 658 363 691 jussit
379 665 471 683 servos
485 663 556 688 suos,
574 660 715 689 postquam
731 654 897 689 recepissent
910 660 1005 680 mune-

218 711 260 735 ra,
275 711 305 730 ea
323 704 349 730 in
363 703 516 737 proximum
529 702 653 728 ﬂuentem
668 701 811 736 projicere,
824 706 851 728 et
864 700 920 733 ejus
934 699 1005 726 litte-

218 748 403 775 raslaceratas
416 747 529 780 pedibus
539 745 710 773 conculcare.
724 744 786 772 Haec
797 751 904 778 quoque
919 743 1006 778 palam

217 793 331 828 protulit.
346 801 353 819 :
369 802 378 817 ‹
398 792 465 825 Quis
476 797 503 819 et
519 791 588 818 unde
605 791 657 818 iste
676 793 727 822 est,
737 789 784 824 qui
797 796 830 816 eo
845 788 1007 815 temeritatis

217 839 336 870 devenit,
348 837 523 864 utaudeatad
539 844 618 863 suum
634 835 774 863 dominum
789 834 917 862 scribere.
930 833 1006 860 Nunc

217 885 240 911 si
251 885 314 911 velit
325 884 417 920 leviori
428 890 506 917 pugna
521 882 600 914 allici,
614 881 739 908 niauibus
750 888 765 907 a
778 884 853 914 tergo
864 880 1003 911 revinetis,

217 933 370 965 prosternat
382 935 411 955 se
422 932 484 954 ante
498 935 549 954 me.
564 927 592 953 Si
606 933 658 953 non
683 925 777 958 l'aciat,
791 925 859 952 Sciat
874 933 916 952 me
928 925 1001 952 illum

216 979 244 1001 et
255 982 335 1001 onme
359 973 416 1008 ejus
431 980 515 1007 genus
529 973 696 1006 perditurum
711 976 739 999 et
760 970 966 998 exstincturum.
990 979 1000 995 ι

250 1020 277 1047 3.
295 1019 338 1054 (Α.
354 1019 385 1046 C.
401 1019 487 1045 Diocl.
502 1018 559 1053 14.)
574 1018 698 1045 Galerius
716 1022 744 1044 et
759 1017 940 1044 Diocletianus
955 1015 1002 1043 Ni-

216 1067 267 1093 sibi
283 1070 477 1093 conveneruut.
489 1065 526 1091 lbi
540 1064 740 1091 communicato
752 1063 876 1095 consilio,
893 1063 1003 1089 mittunt

215 1112 331 1147 legatum
345 1111 372 1138 in
394 1111 530 1137 Persidem
556 1109 689 1137 Sicorinm
704 1109 831 1140 Probum,
847 1108 1002 1143 magistrum

215 1159 362 1184 memoria.
391 1157 467 1183 Hunc
490 1155 627 1186 Narsaeus,
655 1155 717 1190 quia
740 1161 773 1181 ex
800 1155 852 1186 bis,
875 1161 934 1188 quae
953 1153 1003 1180 sibi

217 1204 338 1230 nuntiata
371 1202 489 1234 fuerant,
513 1209 587 1236 spem
613 1208 642 1228 se
672 1204 764 1234 optata
796 1203 1002 1227 consecuturum

216 1251 388 1282 conceperat,
416 1248 529 1282 benigne
547 1252 575 1273 et
596 1246 710 1273 comiter
724 1245 839 1279 excepit.
863 1245 949 1270 Antea
964 1248 1003 1270 ta-

217 1298 278 1318 men
295 1291 391 1318 callide
417 1298 505 1318 moras
529 1289 667 1317 nectebat.
688 1289 754 1316 Cum
777 1289 851 1315 enim
868 1292 1001 1322 speraret,

215 1343 245 1362 se
266 1336 367 1370 legatos
382 1335 461 1370 longo
478 1336 574 1362 itinere
586 1334 673 1362 fessos
692 1333 798 1360 facilius
811 1333 861 1360 sibi
875 1332 1002 1360 concilia-

215 1387 305 1408 turum
319 1388 391 1413 esse,
414 1388 446 1408 eo
463 1388 546 1415 usque
568 1380 714 1413 Sicorium,
732 1380 777 1413 qui
793 1379 899 1406 consilii
920 1378 1003 1413 ipsius

215 1434 267 1453 non
288 1427 397 1462 ignarus
414 1430 482 1458 erat,
504 1425 576 1452 circa
594 1425 758 1459 Asprudum,
774 1424 867 1451 Media:
881 1423 1003 1454 ﬂuvium,

215 1472 340 1504 detinuit,
357 1473 444 1499 donec
463 1472 573 1504 milites,
586 1472 631 1506 qui
651 1470 694 1498 hic
710 1470 765 1497 iilic
779 1477 826 1504 per
841 1470 939 1497 bellum
962 1469 1004 1495 di-

214 1517 301 1550 spersi
315 1516 464 1551 erant,3o
471 1516 670 1543 convenissent.
681 1515 748 1542 Tum
761 1515 788 1542 in
802 1515 922 1542 interiori
938 1522 1003 1542 con-

709 148 906 178 EXCEBP’I‘A
928 148 977 177 EX
991 147 1115 178 PETRO
1136 149 1316 177 PATRICIO

219 204 354 232 Valeriani
373 208 469 235 enatus,
486 203 588 236 legatos
602 202 723 234 distinet,
741 202 837 229 deinde
861 209 891 229 re
908 201 1002 229 inlecta

1058 203 1149 237 ριανοῦ
1178 202 1258 229 πλέον
1279 202 1425 237 ἐπαρθεὶς,

1793 148 1827 178 (ιτ
1833 148 1848 178 5

1449 203 1510 233 τοὺς
1540 202 1670 236 πρέσϐεις
1706 202 1839 236 παρελκύ-

1055 256 1104 278 σας
1116 248 1151 279 ³³.
1166 247 1325 282 ἀπράκτους
1351 248 1450 279 αὐτοὺς
1475 247 1624 279 ἀπολύσας,
1640 247 1719 278 εὐθὺς
1740 249 1840 283 ἐπηκοι

1053 293 1194 328 λούθησεν.

1091 340 1122 373 β’.
1142 339 1203 364 "Ott
1224 338 1364 370 Ὀδέναοος
1379 339 1419 371 (8)
1429 339 1451 354 “
1463 338 1508 364 τὸν
1520 339 1654 373 Σαπὼρην
1665 339 1731 366 πολὺ
1746 338 1845 374 ἐθερά-

1054 393 1137 411 πευεν
1152 384 1189 416 ὡς
1204 384 1412 418 ὑπερῦεὸηκότα
1428 385 1498 410 κατὰ
1518 384 1584 410 πολὺ
1597 385 1660 415 τοὺς
1678 385 1844 419 Ῥωμαίους.

1054 430 1219 464 Βουλόμενος
1241 429 1272 456 δὲ
1301 429 1381 455 αὐτὸν
1407 429 1612 463 ὑπαγαγέσθαι,
1643 430 1746 464 πέμπει
1767 430 1845 464 δῶρα

1057 476 1252 510 μεγαλοπρεπῆ
1275 475 1324 501 καὶ
1340 475 1409 501 ἄλλα
1429 474 1569 508 ἀγώγιμα,
1585 473 1622 501 ὦν
1644 477 1659 510 ἡ
1677 476 1778 510 Περσὶς
1793 476 1844 501 οὐκ

1053 518 1087 555 ἦν
1103 520 1227 554 εῠφορος,
1244 520 1377 555 καμήλοις
1397 519 1510 549 ἐπιθείς.
1532 521 1585 545 Καὶ
1605 521 1757 555 γράμματα
1773 521 1843 554 πέμ.-

1056 575 1101 592 πει
1116 567 1234 600 δεήσεως
1249 565 1362 600 δύναμιν
1389 565 1495 600 ἔχοντα,
1511 566 1557 592 καὶ
1575 566 1614 592 ὅτι
1634 567 1711 592 οὐδὲν
1724 567 1844 601 Πέρσαις

1056 611 1217 639 ὑπεναντίον
1245 612 1325 642 αὐτὸς
1349 612 1508 646 εἰργάσατο.
1543 612 1573 638 '0
1598 612 1627 638 δὲ
1650 612 1712 644 τοὺς
1732 613 1844 643 οἰκέτας

1059 659 1197 684 ὑπέτασσε
1212 657 1377 692 δεξαμένους
1389 658 1423 684 τὰ
1443 657 1516 692 δῶρα
1531 658 1636 692 ῥίπτειν
1647 659 1686 689 εις
1697 658 1742 684 τὸν
1757 667 1844 685 ποτα-

1057 703 1119 737 μὺν,
1140 703 1189 728 καὶ
1215 703 1264 732 τὰς
1289 702 1433 733 ἐπιστολὰς
1447 701 1596 737 διαρρήξας
1620 703 1774 736 συνέτριψε,
1795 703 1844 728 καὶ

1056 748 1173 782 ἐδήλωσε
1188 756 1195 763 ·
1214 757 1223 772 ι
1241 747 1289 779 Τίς
1310 746 1348 773 ὣν
1374 748 1421 773 καὶ
1438 748 1520 773 πόθεν
1538 747 1670 781 sedigno:
1700 748 1767 781 πρὸς
1796 748 1843 773 τὸν

1055 794 1154 819 οἰκεῖον
1169 792 1303 824 δεσπότην
1315 792 1420 827 γράψαι
1433 801 1440 825 ;
1469 793 1517 818 καὶ
1539 792 1586 818 νῦν
1599 793 1623 818 εί
1639 792 1763 826 βούλεται
1778 793 1843 818 ἐλα-

1056 838 1191 872 φροτέρας
1207 838 1345 869 κολάσεως
1360 839 1460 873 τυχεῖν,
1476 837 1564 864 ὀπίσω
1586 837 1635 869 τὰς
1650 839 1744 872 χεῖρας
1758 838 1843 872 δήσας

1021 882 1041 908 Β
1056 883 1244 919 προσπεσέτω.
1271 884 1302 910 Εἰ
1330 884 1358 910 δὲ
1375 884 1426 918 μὴ,
1448 885 1514 910 [στω
1528 883 1566 914 ὡς
1581 885 1626 910 καὶ
1638 884 1720 910 αὐτὸν
1735 885 1784 910 καὶ
1811 884 1842 910 τὺ

1056 930 1133 963 γένος
1147 929 1193 956 καὶ
1207 929 1256 964 τὴν
1272 929 1389 964 πατρίδα
1404 927 1506 956 ἀπολῶ.
1520 937 1531 954 ι

1092 1017 1202 1052 γ’.Ὂτι
1227 1017 1355 1052 Γαλέριος
1377 1017 1424 1044 καὶ
1452 1018 1645 1052 Διοκλητιανδς
1671 1019 1710 1050 είς
1732 1019 1844 1045 Νίσιϐιν

1057 1064 1198 1098 συνῆλθον,
1216 1064 1282 1090 ἔνθα
1297 1066 1372 1099 κοινῇ
1385 1064 1597 1099 βουλευσάμενοι
1623 1065 1777 1091 στέλλουσιν
1803 1067 1843 1098 εἰς

1058 1108 1174 1144 Περσίδα
1182 1108 1352 1143 πρεσὸευτὴν
1362 1109 1482 1143 Σικόριον
1496 1109 1599 1144 Πρόϐον
1611 1111 1781 1144 ἁντιγραφέα
1792 1111 1844 1144 τῆς

1058 1156 1176 1190 μνήμης.
1192 1154 1291 1181 Τοῦτον
1315 1157 1329 1181 ὁ
1350 1155 1487 1190 Ναρσαίος
1500 1156 1533 1190 τῇ
1546 1156 1599 1181 τῶν
1617 1156 1843 1189 ἐπαγγελιὶέντων

1056 1201 1143 1227 ἑλπίδι
1155 1201 1323 1235 φιλοφρόνως
1350 1200 1469 1232 ἐδέξατο.
1487 1200 1593 1235 Χρῆται
1607 1201 1635 1226 δὲ
1649 1202 1695 1228 καί
1707 1210 1759 1228 τινι
1773 1203 1842 1228 αισα-

1057 1246 1121 1281 6ολῇ
1148 1247 1161 1272 ὁ
1190 1246 1337 1280 Ναρσαῖος.
1358 1245 1403 1276 Ὠς
1429 1245 1483 1279 γὰρ
1503 1245 1665 1280 βουλόμενος
1684 1246 1762 1279 δῆθεν
1778 1247 1843 1278 τοὺς

1057 1293 1121 1327 περὶ
1134 1291 1257 1326 Σικόριον
1275 1291 1416 1325 πρέσϐεις,
1432 1289 1475 1317 οἷα
1489 1291 1521 1326 δὴ
1539 1292 1759 1326 κεκοπωμένους,
1776 1293 1843 1318 ἀνα-

1057 1337 1226 1371 κτήσασθαι,
1253 1336 1335 1371 μέχρι
1360 1336 1486 1362 τοσοῦτον
1516 1337 1581 1371 περὶ
1603 1337 1649 1363 τὸν
1681 1337 1842 1373 ’Δσπρσῦδιν

1057 1382 1179 1416 ποταμὸν
1198 1381 1247 1414 τῆς
1273 1380 1398 1415 Μηδικῆς
1424 1380 1469 1407 τὸν
1500 1380 1624 1415 Σικόριον
1647 1381 1840 1415 παρείλκυσεν,

1056 1428 1107 1454 οὐκ
1132 1427 1281 1460 ἀγνοοῦντα
1297 1427 1320 1442 ³³
1335 1426 1426 1461 μέντοι
1444 1426 1473 1452 τὸ
1499 1426 1652 1460 γινόμενον,
1670 1426 1721 1457 ἕως
1739 1427 1763 1452 ot
1777 1427 1841 1461 τῇδε

1057 1473 1167 1498 uineis:
1187 1472 1232 1498 διὰ
1256 1471 1302 1498 τὸν
1326 1471 1444 1505 πόλεμον
1464 1470 1673 1506 σκορπισθὲντες
1694 1471 1841 1505 συνελέγη-

1061 1525 1120 1543 σαν.
1148 1517 1203 1542 Καὶ⁷
1227 1515 1381 1550 τηνικαῦτα
1404 1516 1432 1542 ὲν
1460 1516 1518 1546 τοῖς
1542 1515 1674 1550 ὲνδοτέρω
1687 1516 1741 1542 τῶν
1763 1515 1841 1550 βασι-

215 1562 283 1587 clavi
305 1563 376 1596 regis
390 1563 534 1593 admissus,
553 1560 664 1594 reliquis
679 1561 804 1588 omnibus
821 1561 896 1588 abire
911 1560 1002 1595 jussis,

1061 1561 1140 1588 λείων
1157 1561 1179 1577 ³⁸
1194 1562 1298 1590 πάντας
1308 1561 1371 1592 τοὺς
1383 1560 1479 1591 ἄλλους
1496 1561 1627 1596 χωρίσας,
1640 1562 1686 1587 καὶ
1697 1561 1841 1595 ἀρκεσθεὶς

215 1611 357 1633 contentus
372 1606 514 1641 praesentia
524 1605 675 1640 Appharbtc
689 1610 715 1632 et
729 1606 874 1640 Archapeti
891 1610 918 1632 et
941 1605 1005 1631 Bar-

215 1652 333 1686 saborsi,
353 1659 467 1686 quorum
477 1651 546 1678 alter
556 1656 614 1678 eral
629 1650 772 1686 praefectus
783 1652 921 1685 praetorio,
935 1651 1005 1678 alter

216 1697 303 1724 Sumii
324 1697 481 1732 dignitatem
497 1697 645 1728 obtinebat,
661 1697 742 1731 jussit
763 1696 852 1724 Probo
869 1704 944 1724 suam
965 1697 1003 1725 le-

215 1743 349 1777 gationem
363 1741 475 1770 referre.
488 1742 572 1769 Erant
581 1747 669 1769 autem
682 1742 770 1777 capita
779 1742 922 1777 legationis
935 1743 1002 1774 haec,

215 1793 245 1815 ut
271 1788 384 1816 Romani
405 1789 431 1816 in
446 1788 557 1816 Oriente
578 1789 708 1816 baberent
730 1788 859 1815 lntilenen
875 1796 936 1816 cuin
955 1788 1004 1816 So-

215 1833 316 1867 phene,
338 1833 496 1860 Arzaneuen
520 1840 580 1860 cum
598 1833 737 1861 Curduene
753 1838 781 1861 et
795 1833 957 1865 Zabdicenc.
977 1838 1004 1860 et

215 1876 305 1912 Tigris
331 1877 427 1905 lluvius
442 1879 584 1912 utriusque
609 1879 714 1913 imperii
742 1879 820 1906 limes
844 1884 917 1906 esset
939 1888 946 1906 :
974 1884 1004 1906 ut

214 1922 310 1950 Zinlha
337 1923 487 1956 castellum,
502 1924 528 1950 in
543 1925 667 1951 conliniis
689 1924 782 1952 Mediae
797 1925 890 1956 situm,
906 1925 1002 1952 Arme-

214 1969 287 1995 niam
311 1969 485 2002 terminaret,
516 1978 563 1997 rex
586 1971 678 1998 Iberia:
700 1971 775 2006 regni
792 1971 832 1998 sui
856 1971 969 2006 insignia
987 1979 1002 1998 a

213 2013 344 2042 Romanis
369 2020 479 2049 accepta
496 2016 660 2050 susciperet;
682 2016 904 2043 commerciorum
927 2016 1002 2043 locus

213 2060 313 2086 Nisibis
334 2066 416 2093 esset,
441 2062 475 2088 ad
491 2061 592 2096 Tigrim
609 2069 717 2088 amnem
733 2063 795 2089 sita.
808 2062 874 2095 Quae
891 2061 937 2089 ubi
954 2069 1002 2088 au-

213 2103 279 2131 divit
294 2103 429 2138 Narszeus,
443 2107 671 2141 quandoquidem,
688 2115 748 2141 qua
763 2112 822 2134 erat
846 2108 904 2141 ejus
916 2107 1002 2134 fortu-

214 2158 258 2182 na,
283 2152 350 2178 nihil
381 2153 529 2187 quidquam
556 2161 649 2180 eorum
676 2153 775 2181 licebat
799 2154 836 2180 illi
857 2154 1000 2188 denegare,

213 2198 351 2224 consensit
370 2201 397 2225 et
412 2199 579 2233 approbavit,
602 2203 779 2234 praeterquam
796 2200 879 2233 quod,
897 2207 932 2227 ne
950 2200 1001 2226 ista
1018 2214 1040 2242 Β

213 2242 303 2268 omnia
316 2242 455 2269 videretur
474 2244 635 2271 necessitate
651 2250 762 2271 coactus
785 2244 884 2276 facere,
903 2245 1003 2271 solum-

214 2287 293 2314 modo
317 2288 423 2321 abnuit,
442 2290 667 2317 commerciorum
686 2290 776 2317 locum
798 2297 858 2317 esse
880 2289 1002 2317 Nisibim.

213 2333 266 2360 Sed
290 2333 411 2361 Sicorius
426 2334 477 2362 hoc
491 2343 598 2370 quoque
621 2336 654 2362 ab
673 2335 718 2363 illo
732 2335 933 2363 concedendum
945 2343 1005 2363 esse

213 2379 305 2412 dixit;
332 2387 420 2414 neque
445 2381 516 2407 enim
542 2381 645 2414 legatos
669 2381 755 2408 libera
781 2381 941 2408 auctoritate
963 2382 1004 2408 iu-

212 2430 330 2452 struclos
347 2433 417 2456 esse,
432 2434 519 2460 neque
533 2427 711 2460 imperatores
727 2427 873 2461 quidquam
904 2427 936 2454 de
954 2427 1003 2454 hac

213 2478 243 2497 re
268 2471 437 2506 praecepisse.
469 2470 516 2498 His
540 2471 621 2506 igitur
649 2471 848 2500 conditionibus
873 2473 1002 2507 acceptis,

213 2514 322 2544 Narsteo
335 2516 466 2543 restituta
487 2520 550 2543 sunt
564 2517 624 2551 ejus
645 2524 743 2544 uxores
755 2521 783 2544 et
803 2516 892 2549 liberi,
911 2517 1000 2544 debita

213 2568 275 2596 erga
287 2562 345 2589 illas
363 2563 541 2597 temperantia
550 2570 611 2590 cum
622 2570 726 2590 summa
743 2563 935 2598 imperatorum
951 2563 1001 2589 lide

212 2608 367 2636 observata.

1055 1609 1088 1643 τῇ
1107 1607 1242 1643 παρουσίᾳ
1263 1606 1409 1642 ’Δφφάρϐα
1419 1606 1466 1632 καὶ
1487 1606 1655 1641 ’Δρχαπέτου
1669 1607 1716 1633 καὶ
1733 1607 1841 1640 Βαρσα-

1055 1653 1172 1688 6ώρσου,
1185 1650 1222 1680 ὧν
1237 1654 1252 1679 ὁ
1273 1653 1322 1688 μὲν
1336 1653 1428 1686 ἕτερος
1456 1651 1579 1687 ὕπαρχος
1600 1649 1635 1687 ἦν
1650 1652 1839 1688 πραιτωρίων,

1055 1699 1068 1724 6
1091 1699 1118 1724 δὲ
1148 1699 1242 1733 ἕτερος
1267 1698 1316 1732 τὴν
1332 1698 1378 1724 τοῦ
1389 1697 1491 1733 Συμίου
1507 1695 1579 1732 εἶχεν
1593 1698 1690 1733 ἀρχὴν,
1706 1698 1840 1733 ἐπέτρεψε

1053 1743 1093 1778 τῷ
1107 1744 1205 1778 Πρόϐῳ
1217 1743 1266 1778 τὴν
1282 1742 1429 1778 πρεσϐείαν
1442 1742 1580 1775 διεξιέναι.
1597 1740 1651 1770 Ἦν
1667 1743 1696 1769 δὲ
1710 1743 1743 1769 τὰ
1756 1744 1842 1777 κεφά-

1054 1789 1116 1815 λαια
1133 1790 1183 1824 τῆς
1198 1788 1346 1824 πρεσϐείας
1358 1788 1456 1821 ταῦτα,
1471 1788 1539 1815 ὥστε
1554 1789 1623 1815 κατὰ
1636 1789 1666 1814 τὸ
1680 1789 1841 1815 ἀνατολικὸν

1054 1834 1139 1868 κλίμα
1159 1834 1208 1869 τὴν
1237 1834 1390 1869 Ἰντηληνὴν
1409 1833 1479 1868 μετὰ.
1499 1833 1621 1868 Σοφηνῆς
1638 1834 1684 1860 καὶ
1704 1833 1840 1868 Ἀρζανη-

1053 1880 1103 1915 νὴν
1117 1881 1139 1897 ³⁸
1153 1879 1223 1912 μετὰ
1237 1879 1418 1914 Καρδουηνῶν
1433 1881 1478 1905 καὶ
1492 1879 1661 1913 Ζαὸδικηνῆς
1687 1879 1841 1913 Ῥωμαίους

1054 1925 1135 1960 ἔχειν,
1158 1925 1206 1951 καὶ
1225 1925 1270 1950 τὸν
1294 1924 1390 1959 Τίγριν
1408 1924 1530 1959 ποταμὸν
1549 1925 1682 1959 ἑκατέρας
1702 1925 1841 1956 πολιτείας

1053 1970 1190 2005 ὁροθέσιον
1207 1967 1288 2001 εῐναι,
1322 1969 1468 2004 Ἀρμενίαν
1482 1970 1510 1996 δὲ
1526 1969 1609 1996 Ζίνοα
1631 1969 1660 1995 τὸ
1679 1970 1796 2005 κάπρον
1811 1971 1840 1996 ὲν

1055 2014 1173 2049 μεθορίῳ
1191 2015 1242 2049 τῆς
1259 2014 1385 2050 Μηδικῆς
1396 2016 1520 2050 κείμενον
1535 2015 1647 2051 ὁρίζειν,
1663 2016 1708 2042 τὸν
1719 2016 1747 2042 δὲ
1771 2016 1841 2050 ’16η-

1054 2060 1114 2094 ρίας
1144 2060 1256 2094 βασιλέα
1288 2060 1337 2094 τῇς
1361 2060 1466 2090 οξκείας
1497 2060 1636 2093 βασιλείας
1658 2061 1692 2088 τὰ
1709 2061 1842 2096 ,σύμϐολα

1060 2105 1204 2140 Ῥωμαίοις
1217 2106 1346 2139 ὀφείλειν,
1359 2103 1429 2131 εἶναι
1444 2105 1471 2131 δὲ
1491 2106 1571 2132 τόπον
1584 2106 1637 2132 τῶν
1654 2099 1842 2141 συναλλαγμά-

1052 2159 1107 2176 των
1129 2150 1238 2177 Νίσιϐιν
1265 2151 1315 2186 τὴν
1333 2151 1410 2177 πόλιν
1434 2152 1640 2186 παρακειμένην
1663 2152 1701 2185 τῷ
1724 2152 1841 2187 Τίγριδι.

1054 2195 1163 2223 Τούτων
1187 2197 1201 2222 ὸ
1226 2196 1365 2231 Ναρσαῖος
1385 2196 1517 2228 ἀκούσας,
1545 2197 1639 2232 ἐπειδὴ
1669 2197 1737 2232 πρὸς
1760 2198 1842 2231 μηδὲν

1055 2242 1157 2269 τούτων
1172 2244 1187 2278 ἡ
1201 2243 1327 2278 παροῦσα
1341 2243 1409 2278 τύχη
1425 2243 1565 2278 ἀρνεῖσθαι
1588 2243 1670 2269 αὐτὸν
1683 2243 1841 2277 συνεχώρει.

1056 2289 1182 2315 συνέθετο
1202 2289 1307 2319 τούτοις
1334 2289 1418 2315 ἆπασι
1431 2298 1436 2304 ·
1451 2289 1518 2323 πλὴν
1533 2288 1576 2314 ἵνα
1603 2289 1640 2322 μὴ
1659 2288 1721 2323 δόξῃ
1735 2289 1844 2323 ἀνάγκῃ

1056 2332 1146 2361 π’άντα
1171 2336 1268 2366 ποιεῖν,
1298 2334 1463 2369 διηρνὴσατο
1486 2335 1566 2369 μόνον
1591 2334 1622 2360 τὸ
1665 2334 1746 2360 τόπον
1775 2332 1843 2359 εἶναι

1056 2379 1110 2405 τῶν
1134 2379 1365 2414 συναλλαγμάτων
1387 2379 1436 2414 τὴν
1451 2379 1570 2405 Νίσιϐιν.
1595 2378 1624 2404 ’0
1647 2379 1674 2404 δὲ
1700 2378 1842 2412 Σικόριος·

1060 2437 1069 2452 ι
1089 2426 1282 2453 Ἐνδεδωχέναι
1310 2425 1363 2461 χρὴ
1381 2426 1449 2460 πρὸς
1480 2425 1568 2452 τοῦτο.
1597 2424 1665 2452 Οὔτε
1681 2425 1734 2459 γὰρ
1757 2425 1840 2451 αὺτο-

1057 2473 1169 2507 χράτωρ
1179 2472 1196 2507 ἡ
1207 2472 1229 2488 ³⁸
1238 2471 1381 2505 πρεσῦεία,
1396 2471 1444 2498 καὶ
1456 2471 1519 2506 περὶ
1538 2470 1635 2497 τούτου
1650 2471 1682 2497 ὲκ
1692 2469 1747 2496 τῶν
1763 2469 1845 2495 αὺτο-

1057 2517 1199 2552 κρατόρων
1229 2518 1304 2544 οὐδὲν
1330 2517 1525 2551 ἐπετέτραπτο.
1546 2525 1555 2542 ι
1575 2516 1684 2542 Τούτων
1709 2513 1755 2542 οὖν
1781 2523 1843 2540 συν-

1055 2564 1199 2596 τεθέντων,
1222 2563 1391 2598 ἀπεδόθησαν
1417 2563 1457 2598 τῷ
1482 2562 1613 2598 Ναρσαίῳ
1628 2562 1658 2588 αἴ
1671 2570 1701 2588 τε
1726 2560 1846 2595 γαμεταὶ

1057 2610 1104 2636 καὶ
1122 2610 1146 2636 οἱ
1175 2610 1279 2642 παῖδες,
1310 2609 1379 2645 μετὰ
1397 2609 1553 2644 φιλοτιμίας
1574 2608 1628 2635 τῶν
1647 2607 1779 2643 βασιλέων
1796 2606 1846 2640 τῆς

1059 2656 1237 2692 σωφροσύνης
1255 2657 1351 2687 αὑταῖς
1367 2656 1492 2691 καθαρᾶς
1506 2656 1527 2673 ³¹
1547 2655 1740 2691 φυλαχθείσης.

848 2709 963 2736 νλιιιΑε
984 2709 1185 2737 ιεοτιυλεδ.

253 2769 273 2784 ⁸⁸
295 2767 469 2802 παρελκύσας
483 2767 529 2800 IL,
547 2767 722 2802 παρεκύλσας
737 2767 811 2801 vulg.

253 2777 273 2784 --
295 2777 469 2802 παρεΛκυσας
484 2777 529 2800 11.,
547 2777 584 2794 πα
602 2777 633 2796 εκ

215 2803 286 2836 vulg.
325 2803 347 2819 "
361 2803 415 2828 τῶν
432 2803 577 2837 βασιλείων
589 2777 633 2834 ﬁt,

213 2838 268 2864 νών
287 2837 357 2871 vulg.
400 2837 421 2853 ³⁵
439 2837 497 2863 οὔτε
514 2839 567 2872 γὰρ
583 2836 764 2872 αῢτοκρὰτωρ
791 2838 806 2866 ἠ
822 2836 863 2862 Β..
894 2837 951 2862 τύῖτ

850 2767 872 2782 ³⁵
892 2767 1029 2797 Ὀδέναθος
1051 2765 1121 2798 ι’ϋι..
1133 2768 1147 2793 ὁ
1172 2767 1285 2798 Δένατος
1298 2766 1371 2801 vulg.
1385 2766 1408 2782 ³³
1427 2766 1577 2801 ἀγνοοῦντα
1591 2766 1643 2798 CL,
1664 2767 1733 2801 ἔγνω
1748 2767 1795 2794 οὖν
1811 2768 1845 2794 τὰ

651 2803 689 2837 τῷ
697 2800 808 2842 ,βασιλεῖ
822 2802 893 2842 Συῐς.
916 2802 956 2842 Ι¹⁵
981 2801 1151 2842 ᾌρζανηνὴν
1165 2806 1193 2842 et
1209 2800 1466 2842 Καρδονηνῶν-Ν..Δ
1476 2801 1647 2842 ’Δρςακηνὴν
1664 2800 1690 2830 et
1705 2802 1845 2838 Καρδονη-

999 2838 1030 2869 ἄρ
1058 2837 1090 2863 αὖ
1098 2837 1239 2871 τοκράτορι
1257 2836 1328 2870 vulg.

1383 2837 1404 2851 ³⁷
1418 2836 1549 2870 καθαραῖς
1566 2837 1636 2870 vulg.
