1945 3073
221 137 279 171 679

704 132 906 161 'EXCERI’TA
923 131 978 160 EX
998 129 1132 159 PRISCO
1152 129 1331 160 ltllETDllE

1795 131 1851 161 (.83

225 194 330 222 dextris
353 197 380 220 et
394 191 472 218 dictis
492 189 666 225 jurejurando
682 188 808 222 utrinque
826 187 947 222 prmstito
968 187 1013 212 tir-

1067 186 1142 220 ἔργον
1155 185 1312 219 ὑπόσχεσιν.
1325 184 1425 216 Δεξιῶν
1439 191 1467 209 τε
1480 184 1527 210 καὶ
1540 184 1628 217 ὅρκων
1643 184 1688 210 ἐπὶ
1702 185 1758 216 τοῖς
1772 185 1853 220 εἰρη-

226 238 316 267 matis,
330 236 374 262 ille
391 243 451 262 cum
473 241 568 268 magna
593 234 773 260 barbarorum
790 232 962 259 multitudine
983 231 1010 257 in

225 284 291 310 ﬁnes
305 281 487 308 Romanorum
510 285 550 307 est
573 286 709 306 reversus.
729 278 794 305 Eam
813 277 1011 304 multitudinem

224 316 284 354 cum
306 334 340 353 ex
359 326 472 353 adverso
489 325 552 360 ripa:
569 325 595 351 in
616 325 721 352 insidiis
744 324 915 355 collocasset,
933 327 1012 350 nocte

224 372 287 399 dato
307 371 384 405 signo
397 370 509 402 exsiliit,
522 374 549 396 et
563 370 657 396 urbem
674 370 700 396 in
717 377 810 396 manus
824 369 940 395 hostium
955 372 1009 394 tra-

225 412 311 444 duxit.
334 416 368 444 Et
388 417 421 442 ab
445 423 477 442 eo
492 420 613 449 tempore
635 415 814 442 Barbarorunr
833 414 917 442 resin
940 413 1010 440 diem

225 461 363 488 auctiores
379 460 556 494 melioresque
571 459 689 486 fuerunt.

258 505 286 532 2.
307 505 362 533 Sub
378 505 529 532 Theodosio
548 504 665 531 Juniore
694 505 868 538 imperatore.
903 503 1010 535 Attilas,

226 551 384 578 lluunorum
400 558 459 583 rex,
478 550 613 577 delectum
630 558 661 576 ex
681 549 737 576 suis
753 548 891 581 habuit,et
908 549 1011 576 litteras

225 599 258 623 ad
272 597 459 630 imperatorem
474 595 582 629 scripsit
595 595 627 621 de
638 594 784 629 transfugis
798 599 825 621 et
836 595 869 620 de
887 594 1008 625 tributis.

229 648 270 675 ut,
286 649 457 676 quaecunque
484 641 630 668 occasione
644 640 726 674 hujus
743 638 804 666 belli
830 639 933 666 reddita
957 647 1010 666 non

230 692 331 720 rssent,
346 694 427 720 quam
446 685 577 712 citissime
592 685 624 712 ad
639 692 668 711 se
695 685 876 715 mitterentur,
903 685 936 710 de
964 685 1012 710 tri-

229 733 299 758 butis
314 737 403 759 autent
421 731 448 758 in
475 735 611 765 posterum
637 730 785 763 pcndcndis
812 729 891 764 legati
917 737 1007 756 secum

228 779 315 805 acturi
329 778 362 804 ad
380 785 409 804 se
437 777 582 804 venirent:
612 783 673 802 nam
696 775 718 802 si
747 779 938 802 cunctarentur
966 780 1012 801 aut.

231 823 332 850 bellum
350 828 485 857 pararent,
505 829 537 849 ne
548 829 576 848 se
599 821 686 855 ipsum
712 820 819 854 quidem
849 820 1010 856 Scytharum

230 869 427 901 multitudinem
438 868 540 896 diutius
553 870 752 894 contenturum.
769 865 816 893 [lis
827 866 924 894 litteris
935 866 1012 893 lectis

230 915 374 948 imperator
393 919 562 946 nequaquam
588 911 717 946 Scythas,
740 911 787 946 qui
809 911 841 938 ad
862 919 890 938 se
917 910 1012 938 confu-

229 960 343 993 gissent,
360 959 522 985 traditurum
540 957 620 990 dixit,
636 958 682 984 sed
699 964 751 983 una
761 964 826 984 cum
840 956 893 983 illis
915 956 940 983 in
956 957 1013 982 ani-

229 1012 277 1031 mo
286 1004 338 1031 sibi
349 1011 418 1036 esse,
433 1004 494 1031 belli
505 1007 630 1031 eventum
646 1006 816 1036 exspectare.
830 1002 966 1029 Cmterum
984 1008 1013 1029 se

229 1050 332 1084 legatos
364 1049 520 1082 missurum,
543 1048 588 1083 qui
616 1048 816 1075 controversias
844 1048 1011 1074 dirimerent.

229 1095 267 1122 Ea
284 1094 364 1122 sicuti
382 1095 493 1121 Romani
517 1095 702 1124 decreverant,
719 1093 764 1120 ubi
788 1092 885 1119 Attilas
903 1091 1014 1119 rescivit

230 1141 271 1167 ira
284 1145 436 1167 commotus
451 1139 633 1166 Romanorum
647 1138 713 1165 ﬁnes
727 1138 856 1171 vastavit,
871 1142 898 1165 et
915 1137 1012 1164 castel-

231 1185 263 1210 lis
280 1184 439 1218 quibusdam
454 1184 560 1216 dirutis,
572 1183 597 1210 iu
616 1183 764 1210 Ratiariam
778 1183 874 1210 urbem
889 1190 1011 1217 magnam

231 1235 256 1254 et
269 1229 358 1263 populi
370 1228 541 1256 multitudine
553 1229 734 1256 abundantem
747 1228 922 1263 irruptionem
938 1227 1011 1256 fecit.

273 1315 300 1341 5.
315 1315 357 1350 (Α.
380 1314 483 1346 (1.457,
498 1315 552 1342 ind.
566 1315 609 1348 15,
627 1314 730 1342 Theod.
753 1315 811 1350 40.)
823 1315 884 1342 Post
896 1322 1006 1349 pugnarr

234 1361 259 1387 in
275 1360 444 1388 Chersoneso
458 1361 760 1392 commissam,Romani
776 1369 836 1388 eum
848 1359 952 1387 llunnis
964 1367 1012 1394 pa—

231 1413 288 1432 rem
309 1413 355 1439 per
365 1406 521 1432 Anatolium
540 1405 654 1440 legatum
670 1406 801 1436 fecerunt,
817 1405 878 1440 et_in
889 1405 938 1431 has
948 1412 1013 1431 con-

230 1452 346 1478 ditiones
361 1456 545 1478 cenvenerunt
563 1459 569 1476 :
584 1450 711 1485 profugos
730 1449 835 1477 llunnis
849 1449 935 1480 reddi,
965 1456 1011 1475 sex

233 1497 318 1524 millia
335 1497 394 1523 auri
408 1497 534 1524 librarum
553 1504 599 1531 pro
610 1496 756 1530 praeteritis
771 1495 912 1529 stipendiis
928 1495 1011 1527 solvi;

231 1543 283 1568 duo
297 1541 379 1568 millia
393 1546 420 1568 et
434 1546 541 1568 centum
555 1541 581 1567 in
596 1546 736 1575 posterum
749 1540 860 1574 singulis
873 1540 951 1566 annis
966 1540 1015 1566 tri-

232 1587 287 1614 buti
304 1587 412 1613 nomine
429 1587 520 1620 pendi.
546 1586 597 1612 Pro
614 1593 775 1620 upoquoque
794 1585 898 1619 captivo
919 1585 1015 1612 Roma-

232 1639 278 1664 no,
298 1631 343 1665 qui
360 1632 387 1658 in
413 1631 594 1658 Romanorum
623 1631 703 1663 lines,
723 1639 774 1657 non
797 1627 886 1658 so'uto
909 1632 1016 1658 redem-

233 1678 331 1712 ptionis
354 1678 450 1711 pretio,
466 1677 609 1709 evasisset,
622 1677 762 1704 duodecitn
776 1685 922 1705 aureorum
947 1678 1015 1704 mul-

233 1729 303 1750 ctam
316 1723 420 1750 inferri.
437 1722 502 1756 Qua:
521 1723 543 1750 si
561 1731 612 1750 non
631 1723 793 1756 solveretur,
819 1725 864 1757 qui
880 1723 1015 1758 captivum

234 1769 393 1803 recepisset,
404 1769 548 1796 restituere
568 1770 663 1796 teneri.
680 1768 818 1796 Romanos
835 1769 969 1796 neminem
983 1777 1015 1796 ex

233 1813 360 1842 llarbaris
372 1815 404 1842 ad
413 1822 442 1842 se
453 1814 650 1850 coulugientem
666 1815 862 1848 admittereth
882 1815 931 1843 has
956 1816 1014 1850 qui-

231 1861 293 1888 dem
331 1859 464 1887 foederum
495 1860 566 1894 leges
590 1861 704 1888 Romaui
722 1866 824 1895 ,sponte
848 1861 1016 1888 consensisse

232 1906 316 1933 videri
333 1905 477 1933 volebant:
502 1906 548 1933 sed
566 1907 733 1934 necessitate
752 1906 849 1936 coacti,
873 1910 1016 1940 superante

233 1955 318 1982 metu,
336 1950 382 1985 qui
397 1950 580 1977 Romanorum
600 1951 697 1978 ducum
718 1956 820 1978 utentes
836 1955 1016 1984 occupaverat

233 1996 408 2030 quantumvis
423 1997 506 2023 duras
518 1997 662 2031 etiniquas
675 1996 843 2023 conditiones
855 1996 905 2022 sibi
929 1995 1015 2029 impo-

233 2040 300 2067 sitas
314 2047 420 2067 summo
432 2040 508 2074 pacis
529 2040 727 2074 eousequendaa
742 2040 830 2067 studio
845 2039 917 2066 ducti
931 2038 1016 2067 liben-

235 2085 306 2112 tibus
323 2086 420 2112 animis
443 2091 631 2120 susceperunt,
643 2092 669 2113 et
679 2086 866 2119 gravissimum
887 2085 1015 2113 tributum

233 2131 348 2164 pendere
371 2139 423 2159 non
441 2132 612 2164 recusabant,
635 2139 788 2166 quanquam
817 2139 883 2166 opes
909 2131 1015 2166 imperii

1026 1519 1048 1550 C

1065 230 1156 265 μένοις
1169 230 1310 262 δοθέντων,
1336 229 1405 263 μετὰ
1432 229 1602 264 βαρίαρικῆς
1621 229 1808 264 πολυπληθίας
1823 231 1853 262 ἐς

1062 277 1112 310 τὴν
1138 276 1294 311 Ῥωμαϊκὴν
1306 275 1428 301 ἐπάνεισι
1449 275 1472 291 ³⁸
1486 276 1549 310 γῆν,
1568 275 1616 302 καὶ
1631 275 1734 310 ταύτην
1750 276 1852 310 προλο-

1063 321 1140 356 χίσας
1151 321 1266 356 ἀντικρὺ
1287 320 1334 355 τῆς
1357 320 1440 355 ὄχθης
1453 321 1547 351 νυκτὸς
1562 320 1730 356 διανίστησιν
1745 321 1777 348 ἐκ
1792 330 1854 348 συν-

1063 367 1095 402 οή
1101 375 1196 401 ματος,
1212 367 1258 393 καὶ
1274 366 1326 393 ὑπὸ
1354 367 1411 397 τοῖς
1431 366 1590 397 ἀντιπάλοις
1606 366 1654 401 τὴν
1678 366 1755 394 πόλιν
1768 368 1852 393 ποιεῖ.

1062 412 1218 447 Δῃωθείσης
1244 411 1272 438 δὲ
1294 412 1344 446 τῆς
1368 411 1484 447 Μάργου
1508 412 1554 437 τὺν
1564 412 1664 447 τρόπον
1685 412 1790 445 τοῦτον,
1805 413 1854 440 ἐπὶ

1064 457 1158 493 μεῖζον
1169 457 1274 492 ηὐξήθη
1286 458 1319 483 τὰ
1333 457 1388 483 τῶν
1401 456 1553 492 Βαρϐάρων
1568 457 1730 492 πράγματα.

1099 503 1133 538 β’.
1150 503 1211 529 Ὅτι
1230 503 1276 529 ἐπὶ
1293 502 1434 529 Θεοδοσίου
1452 502 1499 528 τοῦ
1519 502 1626 537 Μικροῦ
1645 502 1777 537 βασιλέως
1791 503 1853 530 Ἀτ-

1062 548 1146 583 τήλας
1160 550 1173 575 ὁ
1187 548 1241 574 τῶν
1262 547 1371 574 Οῦννων
1387 547 1517 582 βασιλεὺς
1538 547 1584 574 τὶν
1612 549 1711 574 οἰκεῖον
1735 549 1852 583 στρατόν

1062 593 1174 628 ἀγείρας
1186 593 1338 628 γράμματα
1353 593 1457 627 πέμπει
1479 593 1556 628 παρὰ
1567 593 1613 619 τὸν
1629 593 1742 627 βασιλέα
1755 595 1808 621 τῶν
1822 604 1852 621 τε

1063 639 1189 672 φυγάδων
1203 639 1255 665 .κα“ι
1269 638 1324 665 τῶν
1342 638 1433 673 φόρων
1452 638 1526 673 πέρι,
1545 639 1600 664 ὅσοι
1619 640 1755 674 προφάσει
1772 640 1851 667 τοῦδε

1062 684 1107 711 τοῦ
1126 684 1243 719 πολέμου
1274 684 1324 711 οὐκ
1345 683 1475 716 ἐδέδοντο,
1490 684 1539 718 τὴν
1558 684 1688 719 ταχίστην
1708 686 1732 711 οἱ
1744 686 1852 720 ἐκπέμ-

1064 728 1162 754 πεσθαι
1179 728 1432 764 παρακελευόμενος
1443 735 1450 742 ⁸
1474 728 1626 760 συντάξεως
1641 729 1672 764 δὴ
1691 730 1773 756 ἕνεκα
1788 731 1854 765 μέλ-

1062 774 1154 804 λοντος
1171 774 1254 809 φόρου
1283 774 1350 809 παρ’
1365 774 1446 800 αὐτὸν
1467 774 1598 808 πρέσϐεις
1614 775 1675 806 τοὺς
1691 775 1852 811 διαλεξομέ-

1062 827 1123 849 νους
1138 819 1160 835 ³⁹
1179 818 1367 853 ἀφικνεῖσθαι,
1395 819 1443 852 ὡς,
1476 820 1500 845 εξ
1517 819 1682 854 μελλήσειαν
1698 821 1720 836 ιο
1742 820 1758 856 ἢ
1783 822 1854 856 πρὸς

1064 864 1182 898 πόλεμον
1201 864 1362 899 ὁρμήσειαν,
1375 865 1434 891 οὐδὲ
1453 865 1534 892 αὑτὸν
1551 865 1591 893 ἔτι
1603 866 1728 893 ἐθέλοντα
1743 867 1773 893 τὸ
1785 867 1854 894 Σκυ-

1064 909 1138 936 Οικδν
1153 909 1258 944 ἐφέξειν
1275 909 1386 945 πλῆθος.
1400 911 1493 937 Ταῦτα
1517 911 1680 945 ἀναγνόντες
1692 913 1715 938 οἱ
1732 913 1805 948 ἀμφὶ
1818 914 1854 939 τὰ

1065 954 1187 988 βασίλεια
1216 955 1342 989 οὒδαμῶς
1365 955 1427 986 τοὺς
1451 956 1527 990 παρὰ
1549 957 1619 991 σφᾶς
1643 958 1854 992 καταφυγόντας

1064 1000 1193 1027 ἐκδώσειν
1222 1000 1337 1036 ἔφασαν,
1370 1001 1439 1028 ἀλλὰ
1466 1003 1516 1028 σὺν
1539 1002 1654 1034 ἐκείνοις
1670 1003 1716 1030 τὸν
1734 1004 1854 1039 πόλεμον

1064 1045 1277 1080 ὑποστήσεσθαι,
1298 1045 1415 1081 πέμψειν
1430 1046 1457 1072 δὲ
1471 1047 1601 1081 πρέσϐεις
1609 1047 1673 1079 τοὺς
1689 1047 1723 1074 τὰ
1735 1048 1854 1084 διάφορα

1063 1090 1204 1122 λύσοντας.
1229 1091 1272 1122 Ὠς
1300 1091 1328 1117 δὲ
1353 1091 1392 1125 τῷ
1409 1092 1525 1127 ’Δττήλᾳ
1547 1092 1580 1118 τὰ
1604 1093 1754 1128 δεδογμένα
1782 1094 1852 1122 Ῥω-

1066 1135 1157 1172 μαίοις
1169 1137 1326 1171 ἠγγέλλετο,
1357 1137 1386 1163 ὲν
1411 1137 1480 1173 ὀργῇ
1501 1138 1531 1164 τδ
1549 1139 1666 1176 πρᾶγμα
1690 1138 1854 1174 ποιούμενος

1063 1183 1113 1218 τὴν
1134 1183 1290 1218 Ῥωμαϊκὴν
1306 1182 1384 1218 ἐδῄου
1395 1183 1457 1218 γῆν,
1466 1185 1513 1210 καὶ
1530 1183 1647 1220 φρούριά
1657 1193 1717 1211 τινα
1727 1185 1853 1211 καθελὼν

1063 1230 1096 1264 τῇ
1135 1229 1278 1264 Ῥατιαρίᾳ
1304 1229 1471 1264 προσέϐαλλε
1509 1231 1625 1266 μεγίστῃ
1663 1231 1711 1257 καὶ
1732 1231 1853 1258 πολυαν-

1064 1273 1176 1309 θρὼπῳ.

1100 1319 1134 1353 γ’.
1153 1319 1214 1346 Ὅτι
1230 1320 1298 1354 μετὰ
1313 1320 1362 1355 τὴν
1377 1321 1406 1347 ἐν
1421 1320 1586 1356 Χερρονήσῳ
1599 1321 1688 1356 μάχην
1705 1321 1850 1356 Ῥωμαίων

1064 1366 1132 1401 πρὸς
1149 1365 1265 1396 Οὗννους
1278 1365 1400 1399 ἐγίνοντο
1414 1366 1460 1391 καί
1477 1366 1504 1392 αἱ
1519 1365 1680 1398 συμϐάσεις,
1700 1367 1852 1393 ’Λνατολιου

1064 1411 1319 1446 πρεσϐευσαμένου.
1341 1411 1397 1437 Καὶ
1421 1411 1467 1437 ἐπὶ
1495 1411 1582 1438 τοῖσδε
1597 1411 1764 1443 ἐσπένδοντο,
1779 1413 1854 1443 ὅπως

1063 1455 1199 1482 ὲκδοθεῖεν
1217 1455 1267 1490 μὲν
1283 1456 1316 1482 ἂν
1329 1456 1386 1487 τοῖς
1412 1455 1526 1487 Οὗννοις
1548 1457 1572 1482 oi
1598 1456 1727 1490 φυγάδες.
1758 1458 1803 1484 καὶ
1823 1458 1853 1490 ἓξ

1066 1501 1183 1536 χιλιάδες
1200 1501 1314 1536 χρυσίου
1328 1501 1427 1536 λιτρῶν
1447 1502 1516 1537 ὑπὲρ
1535 1501 1588 1528 τῶν
1600 1503 1682 1530 πάλαι
1700 1503 1854 1535 συντάξεων

1065 1546 1165 1572 δοθεῖεν
1179 1546 1280 1577 αὐτοῖς.
1297 1546 1381 1581 Φόρον
1395 1546 1422 1573 δὲ
1437 1546 1514 1578 έτους
1533 1548 1648 1575 ἑκάστου
1661 1549 1795 1583 δισχιλίας
1807 1551 1854 1576 καὶ

1066 1591 1164 1617 ἑκατὸν
1176 1591 1270 1626 λίτρας
1283 1591 1385 1626 χρυσοῦ
1398 1600 1475 1625 σφισι
1496 1593 1664 1628 τεταγμένον
1672 1591 1752 1622 εἶναι.
1767 1595 1852 1629 ’Υπὲρ

1066 1637 1094 1663 δὲ
1107 1636 1282 1671 αἰχμαλώτου
1304 1636 1440 1672 Ῥωμαίου
1456 1638 1603 1672 φεύγοντος
1620 1639 1666 1666 καὶ
1677 1641 1705 1672 ὲς
1721 1640 1770 1675 τὴν
1787 1649 1853 1675 σφε-

1066 1682 1147 1717 τέραν
1162 1683 1213 1716 γῆν
1230 1675 1295 1709 ἄνευ
1307 1682 1412 1718 λύτρων
1422 1683 1607 1717 διαϐαίνοντος
1620 1686 1722 1712 δώδεκα
1736 1686 1853 1721 χρυσοῦς

1067 1726 1135 1754 εἶναι
1151 1727 1319 1763 ἀποτίμησιν
1331 1737 1337 1744 ι
1355 1728 1393 1764 μὴ
1413 1723 1631 1762 καταϐάλλοντας
1652 1731 1680 1757 δὲ
1708 1733 1770 1763 τοὺς
1785 1733 1853 1758 ὑπο-

1066 1773 1227 1808 δεχομένους
1238 1774 1372 1800 ἐκδιδόναι
1389 1774 1435 1801 τδν
1455 1775 1599 1809 φεύγοντα.
1615 1777 1726 1811 Μηδένα
1739 1778 1766 1804 δὲ
1782 1778 1855 1813 Βάρ-

1066 1820 1150 1854 6αρον
1169 1819 1322 1855 Ῥωμαίους
1346 1821 1419 1847 κατὰ
1440 1822 1509 1856 σφᾶς
1521 1822 1541 1837 ³¹
1559 1823 1692 1856 φεύγοντα
1712 1823 1855 1858 δέχεσθαι.

1066 1865 1174 1895 Ταύτας
1189 1865 1403 1900 προσεποιοῦντο
1420 1866 1469 1901 μὲν
1485 1867 1623 1894 ἐθελονταὶ
1644 1868 1774 1903 Ῥωμαῖοι
1801 1870 1854 1902 τὰς

1068 1911 1205 1944 συνθήκας
1222 1910 1344 1937 τίθεσθαι
1368 1911 1421 1947 (9)'
1448 1912 1556 1949 ἀνάγκῃ
1570 1913 1598 1940 δὲ
1623 1913 1855 1949 ὑπερϐάλλοντιη

1066 1956 1130 1989 δέει,
1147 1957 1215 1991 ὅπερ
1240 1958 1349 1992 κατεῖχε
1376 1958 1438 1990 τοὺς
1461 1958 1536 1993 σφῶν
1563 1959 1705 1994 ἄρχοντας,
1723 1962 1776 1987 πᾶν
1793 1962 1856 1988 ἐπί-

1069 2010 1162 2036 ταγμα
1191 2002 1292 2037 καίπερ
1322 2002 1352 2028 ὃν
1384 2003 1513 2038 χαλεπὸν,
1539 2006 1631 2039 τυχεῖν
1658 2005 1708 2040 τῆς
1742 2007 1856 2042 εἰρήνης

1067 2045 1272 2076 ἐσπουδακότες,
1290 2045 1447 2079 ἠσμένιζον,
1465 2047 1512 2072 καὶ
1526 2048 1576 2081 τὴν
1589 2047 1642 2073 τῶν
1654 2048 1746 2083 φόρων
1757 2049 1857 2076 σύντα-

1068 2090 1107 2122 ξιν
1127 2090 1284 2125 βαρυτάτην
1297 2088 1382 2117 οὖσαν
1403 2092 1557 2127 προσίεντο,
1572 2092 1626 2119 τῶν
1645 2094 1793 2129 χρημάτων
1807 2095 1858 2123 αὖ·

1066 2137 1122 2166 τοῖς
1136 2136 1247 2162 καὶτῶν
1259 2135 1406 2170 βασιλικῶν
1421 2137 1566 2173 θησαυρῶν
1579 2139 1629 2165 οὐκ
1641 2141 1681 2171 εἰς
1700 2140 1758 2166 δέον
1780 2141 1858 2167 ἔκδε-

233 2181 260 2204 ct
279 2176 345 2212 regii
362 2176 480 2204 thesauri
496 2184 551 2204 uon
566 2177 598 2204 ad
615 2177 783 2205 necessarios
794 2184 871 2209 usus,
888 2176 934 2204 sed
962 2176 1013 2211 35

1069 2183 1279 2217 δαπανημένων,
1296 2182 1364 2209 ἀλλὰ
1377 2183 1441 2218 περὶ
1460 2183 1526 2214 θέας
1545 2184 1662 2216 ἀτόπους
1680 2186 1726 2212 καὶ
1754 2186 1858 2221 φιλοτι-

234 2221 259 2248 iu
275 2220 393 2248 absurda
409 2222 575 2256 spectacula,
591 2221 617 2248 in
637 2229 720 2249 vanos
741 2222 872 2250 honorum
887 2222 1015 2254 ambitus.

234 2268 260 2294 ili
278 2267 438 2295 immodicas
453 2268 601 2303 voluptates
616 2273 643 2295 et
657 2268 813 2302 largitiones
852 2273 1018 2303 consumpta:

234 2312 352 2346 luerant,
367 2313 461 2347 quales
475 2321 555 2341 nemo
583 2321 658 2341 sanat
681 2314 778 2341 mentis
791 2314 831 2340 vel
857 2314 883 2340 in
902 2314 1019 2341 maxime

233 2357 408 2385 afﬂuentibus
438 2359 592 2386 divitiarum
628 2359 713 2394 copiis
737 2360 893 2391 sustineret,
920 2360 1017 2387 nedum

235 2404 348 2431 Roniani
364 2404 418 2436 isti,
429 2405 472 2439 qui
489 2406 526 2432 rei
545 2404 668 2432 militaris
682 2405 799 2432 studium
814 2405 882 2432 adeo
893 2406 1018 2440 neglexe-

235 2456 306 2483 rant,
320 2455 349 2478 ut
378 2459 431 2477 non
457 2451 543 2478 solum
561 2451 666 2486 Srytgis
679 2471 686 2484 ,
704 2451 750 2478 scd
778 2456 805 2479 et
824 2451 935 2486 reliquis
952 2453 1018 2479 Bar-

235 2496 318 2527 buris,
332 2497 377 2531 qui
391 2497 529 2531 proximas
547 2497 650 2532 imperii
669 2497 781 2524 Romani
803 2499 927 2532 regiones
944 2499 1017 2526 inco-

238 2543 338 2575 lebant,
353 2543 498 2578 vectigales
510 2543 572 2570 tacti
593 2546 694 2570 essent.
714 2542 807 2578 itaque
823 2544 922 2571 tributa
935 2549 961 2571 et
973 2552 1019 2579 pe-

237 2589 342 2621 cunias,
353 2596 422 2623 quas
432 2589 464 2616 ad
478 2588 589 2617 lluuuos
601 2589 702 2616 deferri
713 2590 864 2624 oportebat,
874 2590 1020 2624 imperator

238 2642 332 2662 outues
344 2635 466 2663 conferre
479 2637 569 2670 coegit
587 2644 594 2662 :
619 2634 691 2663 nulla
710 2635 790 2662 etiam
808 2642 899 2662 eorum
922 2636 1021 2662 ὶιιιηιιι-

1073 2229 1138 2262 μίας
1155 2228 1204 2254 οὐκ
1221 2227 1348 2262 εὐλόγους
1364 2230 1410 2255 καὶ
1434 2229 1531 2264 ἡδονὰς
1545 2230 1591 2256 καὶ
1606 2231 1728 2262 δαπάνας
1742 2233 1857 2266 ἀνειμέ-

1072 2282 1130 2306 νας,
1144 2274 1178 2305 ἃς
1190 2274 1278 2305 οὐδεὶς
1292 2274 1346 2301 τῶν
1355 2274 1385 2301 εὖ
1397 2275 1567 2310 φρονούντων
1578 2277 1638 2302 οὐδὲ
1651 2277 1679 2303 ὲν
1694 2278 1859 2313 εὐπραγίαις

1072 2319 1216 2354 ὑποσταίη,
1233 2319 1270 2354 μή
1283 2319 1309 2346 τί
1324 2328 1356 2354 γε
1370 2320 1402 2355 δὴ
1419 2321 1444 2346 οἱ
1459 2320 1512 2347 τῶν
1523 2320 1612 2347 ὅπλων
1622 2321 1854 2357 ὀλιγωρήσαντες,

1072 2364 1142 2391 ὥστε
1159 2364 1196 2399 μὴ
1214 2365 1296 2399 μόνον
1315 2365 1445 2398 Σκύθαις,
1460 2365 1528 2392 ἀλλὰ
1544 2366 1598 2401 γὰρ
1613 2367 1660 2392 καὶ
1680 2368 1737 2398 τοῖς
1755 2367 1859 2400 λοιποῖς

1072 2409 1224 2444 Βαρϐάροις
1252 2410 1308 2440 τοῖς
1350 2409 1526 2445 παροικοῦσιν
1548 2410 1597 2444 τὴν
1633 2411 1777 2445 Ῥωμαίων
1801 2413 1855 2438 ὑπ-

1071 2454 1180 2481 ακούειν
1196 2448 1235 2486 εἰς
1249 2454 1332 2490 φόρου
1345 2455 1505 2490 ἀπαγωγήν.
1517 2455 1624 2481 Τούτων
1637 2456 1690 2482 τῶν
1705 2456 1860 2488 συντάξεων

1073 2501 1120 2527 καὶ
1141 2501 1194 2527 τῶν
1211 2502 1361 2537 χρημάτων
1385 2502 1460 2536 πέρι,
1491 2501 1564 2536 ᾇπερ
1586 2502 1639 2528 ἔδει
1663 2504 1720 2534 τοῖς
1749 2503 1861 2535 Οῦννοις

1071 2547 1274 2581 ἐκπέμπεσθαι,
1315 2547 1507 2583 συνεισφέρειν
1543 2548 1647 2579 πάντας
1676 2548 1814 2583 ἠνάγκασε
1825 2550 1859 2583 ⁸³,

1074 2592 1176 2627 δασμὸν
1193 2593 1442 2628 εισπραττομένους
1456 2593 1504 2619 καὶ
1517 2594 1580 2625 τοὺς
1599 2594 1671 2620 κατὰ
1692 2595 1787 2629 χρόνον
1799 2596 1862 2622 τινὰ

1075 2638 1124 2672 τὴν
1142 2637 1296 2673 βαρυτάτην
1327 2639 1523 2672 κουφισθέντας
1542 2639 1590 2674 τῆς
1611 2640 1663 2675 γῆς
1692 2641 1861 2676 ἀποτίμησιν

902 2712 1016 2739 VARDE
1034 2713 1235 2742 LECTIONES.

278 2780 303 2816 ἦῆ
315 2781 440 2816 ὲπανίησι
457 2783 529 2816 vulg.

569 2785 590 2801 ⁸⁹
603 2784 809 2819 διαλεξαμένους
822 2784 894 2818 vulg.

242 2814 263 2828 “
283 2814 310 2840 δὲ
327 2816 373 2842 καὶ
388 2814 483 2851 ὑπερϐ.
501 2814 533 2851 Ν,
572 2820 592 2835 ⁸³
610 2814 767 2851 ἠνάγκασαν
782 2814 852 2851 cenj.
869 2814 895 2846 Ν

572 2820 592 2835 ⁸³
610 2820 767 2853 ἠνάγκασαν
782 2820 852 2853 conj.

954 2784 975 2798 ‘°
990 2784 1174 2819 μελλήσειινῆ
1191 2785 1209 2810 Β
1224 2805 1230 2815 ,
1245 2786 1483 2821 μελλήσειεννιιις.
1522 2784 1544 2799 δ’
1564 2783 1636 2818 πῑρὰ
1652 2786 1720 2818 σφᾶς
1733 2788 1806 2823 conj.
1828 2788 1856 2817 B.
