1945 3073
211 190 226 220 li
230 189 262 221 87

722 185 920 216 EXCERPTA
939 184 989 214 EX
1012 182 1146 213 PRISCO
1167 180 1349 212 RHETORE

1793 180 1849 212 658

209 241 509 273 iudicaturumEtenim
520 241 630 270 Attilam
643 248 683 275 se,
695 240 776 268 simul
785 245 867 276 atque
879 239 1003 270 redierit,

1061 236 1262 272 Ἄπεληλυθότα
1279 236 1344 271 γὰρ,
1363 234 1459 270 ὥσπερ
1478 234 1525 262 καὶ
1540 235 1601 267 τοὺς
1630 234 1737 267 ἄλλους,
1760 236 1848 263 πολυ-

208 293 460 324 percunctaturum,
484 292 513 315 ut
536 288 655 323 reliquos
679 294 786 319 omnes,
803 293 864 321 qum
887 291 999 312 munera

207 335 257 362 sibi
269 339 298 362 et
314 339 423 369 quautte
437 335 560 370 pecunia
581 341 596 360 a
617 333 747 361 Romanis
766 332 837 359 dono
849 331 917 358 data:
933 330 997 357 sint.

207 381 298 416 Neque
311 380 338 407 id
350 380 438 408 celare
451 387 498 414 per
510 379 627 414 collegas
641 383 668 406 et
680 377 795 405 comites
809 376 913 404 licitum
926 374 996 402 fore.

210 424 291 454 Visus
311 430 353 454 est
373 425 499 454 eunucho
515 424 653 452 Barbarus
674 428 748 451 recta
766 422 880 455 scntire,
900 426 928 448 et
944 420 1001 455 ejus

207 477 250 499 est
260 471 403 506 amplexus
416 470 590 498 sententiam.
604 469 696 504 Itaque
708 475 740 496 eo
755 475 770 495 a
783 475 861 495 creua
876 466 999 497 dimisso,

209 517 242 544 :nl
261 517 451 550 imperatorem
463 515 605 542 consilium
625 514 721 541 initum
738 512 846 544 detulit,
862 512 908 546 qui
923 510 997 538 Mar-

210 563 327 595 tialium,
345 562 468 597 magistri
484 560 636 589 otIiciorum
653 566 765 588 munere
783 558 950 593 fungentem,
967 557 1000 583 ad

209 616 240 637 se
252 608 344 636 venire
359 607 463 643 iussum
478 606 569 634 docuit
583 605 789 634 conventionem
807 610 868 630 cum
885 601 1000 630 barbaro

211 654 332 682 factam:
350 653 376 680 id
398 652 470 680 enim
494 651 531 679 illi
550 651 622 679 credi
639 655 666 679 et
683 650 815 678 committi
828 649 890 684 jure
913 648 1019 682 magi--

211 702 325 731 stratus,
348 705 429 733 quem
446 698 566 733 gerebat,
579 703 692 724 necesse
710 695 771 723 fuit.
793 693 859 721 Nam
880 692 1000 720 omnium

212 744 386 780 imperatoris
415 743 590 772 consiliorum
620 741 754 776 magister
783 744 823 767 est
853 738 999 774 particeps,

210 790 261 818 sub
275 789 353 826 cujus
364 796 429 818 cura
445 792 508 816 sunt
521 787 664 818 tabellarii.
677 786 838 820 interpretes
850 789 874 812 et
891 783 1000 816 milites,

211 837 258 872 qui
273 835 367 872 palatii
388 828 516 863 custodiae
534 833 655 869 deputati
677 835 752 860 sunt.
771 830 939 865 lmpcratore
953 836 1001 855 au—

213 889 266 911 tem
288 886 316 910 et
334 880 471 909 Martialio
483 879 517 907 de
532 882 589 907 tota
604 885 634 906 re
654 876 873 905 consultantibus
887 874 999 910 placuit,

211 937 265 957 non
276 928 363 957 solum
377 927 502 962 Bigilam,
514 925 561 954 sed
575 930 602 954 et
614 923 790 952 Maximinum
806 922 924 957 legatum
937 921 998 949 mit-

212 980 268 1002 tere
279 973 312 1001 ad
327 973 450 1000 Attilam.

245 1019 301 1055 39
325 1018 354 1046 θ.
375 1019 418 1054 (Α.
439 1017 471 1046 c.
489 1016 552 1049 tto,
575 1015 632 1044 Ind.
656 1015 684 1048 ε,
704 1014 806 1042 Theod.
835 1012 892 1047 is.)
917 1010 1001 1046 Bigila

213 1065 371 1093 insidiarum
393 1064 420 1091 in
441 1063 551 1090 Attilam
571 1061 714 1089 manifeste
736 1059 870 1091 convicto,
893 1057 1001 1089 Attilas,

212 1110 310 1138 ablatis
329 1109 362 1136 ab
377 1116 410 1137 eo
427 1111 533 1136 centum
545 1107 604 1133 auri
620 1105 706 1138 libris,
722 1111 790 1139 quas
807 1111 821 1130 a
835 1101 1003 1138 Chrysaphio

213 1158 368 1190 acceperat,
385 1153 522 1188 extemplo
542 1151 669 1180 Orestem
687 1155 714 1178 et
737 1149 826 1177 Eslam
845 1148 1002 1177 Constanti-

215 1201 332 1236 nopolim
346 1199 569 1235 misit,jussitque
583 1196 718 1230 Orestem,
732 1203 870 1227 crumena.
885 1195 910 1222 in
922 1201 1001 1229 quam

216 1245 316 1281 nigilas
333 1252 439 1277 aurum,
456 1244 526 1279 quod
544 1242 663 1271 Edcconi
687 1242 809 1273 daretur,
838 1239 1001 1274 canjecerat,

214 1291 284 1320 collo
305 1290 441 1325 imposita,
467 1290 493 1317 in
512 1294 686 1323 conspectum
709 1285 882 1321 imperatoris
910 1284 1002 1311 venire

214 1341 295 1371 atque
312 1335 464 1363 eunuchum
481 1334 730 1368 interrogare.num
754 1332 822 1358 hanc
844 1336 1002 1357 crumenam

215 1387 326 1415 nosset;
352 1381 450 1410 deinde
475 1380 565 1408 Eslam
588 1379 646 1407 haec
661 1378 741 1406 verba
767 1376 898 1412 proferre,
914 1375 1003 1402 Theu-

214 1428 321 1455 dosium
339 1420 448 1462 quidem
467 1425 532 1453 clari
548 1424 633 1459 patris
650 1427 679 1451 et
697 1422 795 1453 nobilis
819 1428 880 1449 esse
906 1421 1002 1453 lilium,

215 1473 324 1500 Attilam
347 1477 456 1506 quoque
485 1469 582 1498 nobilis
603 1468 722 1504 parentis
744 1475 804 1495 esse
832 1467 955 1500 stirpem,
978 1471 1005 1492 et

216 1521 319 1552 putrem
333 1516 391 1551 ejus
411 1514 603 1542 Mundiucbum
623 1518 760 1547 acceptam
781 1520 795 1538 a
828 1516 904 1546 patre
929 1510 1006 1537 nobi-

1052 282 1275 317 πραγμονῆσαι⁶⁷
1291 282 1337 308 τὴν
1358 281 1502 316 Ἀττήλαν,
1529 281 1573 313 τίς
1598 290 1627 307 τε
1660 281 1736 317 αὖτῷ
1755 282 1848 318 δωρεᾶ

1053 328 1100 355 καὶ
1126 328 1212 354 ὁπόσα
1238 327 1315 362 παρὰ
1334 326 1480 361 Ῥωμαίων
1503 326 1608 353 δέδοται
1630 327 1774 362 χρήματα’
1806 328 1846 363 μὴ

1051 371 1107 400 οἷόν
1128 382 1158 400 τε
1181 373 1209 399 δὲ
1223 373 1310 399 ταῦτα
1330 372 1520 408 ἀποκρύπτειν
1537 372 1582 399 διὰ
1597 373 1847 408 τοὺςσυμπορευο-

1054 419 1162 454 μένους.
1182 418 1276 450 Ἔδοξε
1289 417 1323 453 δὴ
1336 417 1376 452 τῷ
1387 417 1510 452 εὐνούχῳ
1539 416 1568 444 εὖ
1597 417 1697 452 λέγειν,
1722 418 1770 444 καὶ
1795 419 1848 453 τῆς

1051 464 1163 500 γνώμης
1174 464 1218 490 τὸν
1230 463 1372 499 Βάρϐαρον
1383 462 1584 498 ἀποδεξάμενος
1598 463 1760 498 ἀποπέμπει
1774 465 1847 498 μετὰ

1052 509 1083 536 τὸ
1099 509 1217 540 δεῖπνον,
1235 509 1282 535 καὶ
1305 507 1352 534 ἐπὶ
1377 507 1490 543 βασιλέα
1504 507 1582 543 φέρει
1604 508 1655 541 τὴν
1670 507 1780 543 βουλήν.
1795 509 1847 539 'O;

1052 554 1220 590 Μαρτιάλιον
1248 553 1297 589 τὴν
1330 553 1377 580 τοῦ
1406 553 1560 588 μαγίστρου
1599 552 1728 580 διέποντα
1755 554 1847 588 ἀρχὴν

1053 599 1384 635 προσμεταπεμψάμενος
1403 598 1481 632 ἔλεγε
1496 598 1546 630 τὰς
1559 598 1628 634 πρὸς
1638 599 1685 624 τὸν
1699 599 1847 634 Βάρϐαρον

1053 646 1205 681 συνθήκας.
1225 645 1346 680 ’Λνάγκῃ
1372 643 1401 670 δὲ
1424 644 1537 680 ἐθάρρει
1563 644 1592 670 τὸ
1606 644 1630 660 ⁸⁸
1658 645 1708 680 τῆς
1737 644 1846 679 ἀρχῆς’

1053 690 1149 717 πασῶν
1165 691 1219 725 γὰρ
1229 689 1285 716 τῶν
1301 688 1434 724 βασιλέως
1461 688 1564 723 βουλῶν
1574 689 1588 715 ό
1602 689 1754 724 μάγιστρος
1784 698 1845 715 κοι-

1052 737 1146 768 νωνὸς,
1167 732 1241 762 aia"
1257 735 1289 770 δὴ
1301 735 1356 761 τῶν
1367 743 1396 761 τε
1416 735 1625 770 ἀγγελιαφόρων
1637 736 1684 762 καὶ
1699 736 1846 771 ἑρμηνέων

1053 780 1101 809 καὶ
1117 780 1293 816 στρατιωτῶν
1306 780 1358 807 τῶν
1370 780 1392 796 ⁷⁸
1408 780 1480 814 ἀμφὶ
1494 780 1543 815 τὴν
1558 779 1699 815 βασιλείαν
1721 780 1847 816 φυλακὴν

1053 827 1099 854 ὑπ’
1117 826 1198 854 αὑτὸν
1223 825 1396 860 ταττομένων
1408 825 1475 861 (12).
1495 824 1597 852 Ἐδόκει
1622 825 1650 852 δὲ
1673 825 1765 856 αὐτοῖς
1782 825 1845 860 βου⁸

1052 873 1229 908 λευσαμένοις
1245 872 1298 899 τῶν
1323 872 1512 907 προκειμένων
1532 871 1596 907 πέρι
1610 871 1647 907 μὴ
1666 872 1746 907 μόνον
1767 872 1844 906 Βιγί·

1017 905 1038 932 Β
1052 919 1113 952 λαν,
1130 905 1198 946 ἀλλὰ
1211 919 1264 953 γὰρ
1281 918 1328 946 καὶ
1343 905 1497 951 Μαξιμῖνον
1516 905 1672 952 ἐκπέμπειν
1690 918 1844 953 πρεσσευό-

1053 973 1133 1000 μενον
1145 964 1221 999 παρὰ
1233 964 1280 990 τδν
1300 963 1443 998 Ἀττήλαν.

1088 1009 1126 1043 ς’.
1143 1010 1202 1037 ὀτι
1217 1009 1380 1045 φωραθέντα
1393 1009 1440 1036 τὸν
1458 1008 1569 1043 Βιγιλαν
1594 1009 1846 1044 ὲπιόουλευόμενον

1052 1057 1091 1092 τῷ
1113 1057 1231 1092 ’Δττήλα
1246 1056 1293 1083 καὶ
1310 1055 1358 1082 τοῦ
1372 1055 1484 1091 χρυσίου
1507 1055 1557 1087 τὰς
1574 1055 1671 1082 ἑκατὸν
1686 1055 1781 1091 λίτρας
1796 1056 1846 1086 τὰς

1052 1102 1129 1138 παρὰ
1155 1102 1203 1129 τοῦ
1227 1101 1388 1137 Χρυσαφίοο
1405 1100 1452 1127 τοῦ
1473 1100 1602 1135 εὐνούχου
1619 1100 1762 1131 σταλείσας
1791 1101 1845 1135 ἁφ-

1053 1146 1371 1182 ελομένου⁷¹,παρευθὺς
1387 1145 1510 1181 ἔπεμπεν
1530 1144 1661 1181 Ὀρέστην
1674 1146 1721 1171 καὶ
1739 1146 1847 1172 Ἦσλαν

1053 1191 1067 1216 ὁ
1093 1190 1225 1224 ’Δττήλας
1238 1191 1266 1221 ἐς
1289 1189 1339 1224 τὴν
1363 1189 1579 1220 Κωνσταντίνου⁹
1599 1189 1787 1224 ἐντειλάμενος
1798 1191 1847 1216 τὸν

1055 1236 1104 1271 μὲν
1126 1236 1258 1272 Ὀρέστην
1280 1235 1310 1262 τὸ
1333 1235 1487 1270 βαλάντιον,
1513 1236 1541 1261 ὲν
1567 1231 1644 1271 ᾧπερ
1674 1236 1847 1271 ὲμδεὸλήκει

1054 1281 1165 1316 Βιγίλας
1186 1281 1217 1308 τδ
1237 1281 1350 1317 χρυσίον
1369 1281 1501 1316 Ἐδήκωνι
1515 1281 1706 1317 δοθησόμενον,
1726 1282 1764 1317 τῷ
1780 1291 1848 1316 σφε-

1053 1328 1126 1363 τέρῳ
1143 1326 1290 1363 περιθέντα
1314 1327 1443 1362 τραχήλῳ
1468 1327 1555 1354 ὲλοεῖν
1575 1336 1604 1354 τε
1621 1328 1697 1363 παρὰ
1717 1327 1844 1363 βασιλέα,

1054 1373 1103 1400 καὶ
1132 1372 1208 1408 αὐτῷ
1233 1372 1406 1404 ἐπιδείξαντα
1431 1372 1479 1399 καὶ
1503 1372 1541 1408 τῷ
1557 1373 1689 1409 εὐνούχῳ,
1705 1375 1847 1410 ἀνερωτᾷν

1054 1419 1112 1453 εἴγε
1127 1419 1192 1445 αὐτὸ
1207 1418 1414 1453 ἑπιγινώσκοιεν
1424 1425 1431 1432 “
1448 1418 1493 1444 τὸν
1505 1418 1534 1445 δὲ
1551 1419 1656 1445 Ἤσλαν
1679 1419 1768 1454 λέγειν
1788 1420 1847 1446 ἀπὸ

1058 1465 1204 1500 στόματος,
1226 1464 1256 1491 εὖ
1277 1464 1327 1500 μὲν
1339 1463 1483 1498 γεγονότος
1503 1462 1573 1491 εἶναι
1595 1465 1700 1501 πατρὸς
1717 1466 1764 1492 τὸν
1781 1465 1846 1492 Θεο-

1055 1510 1144 1537 δόσιον
1159 1510 1253 1541 παῖδα,
1271 1507 1300 1536 εὖ
1309 1510 1336 1536 δὲ
1350 1509 1398 1536 καλ⁵
1414 1510 1496 1538 αὑτὸν
1512 1510 1600 1545 φύντα
1614 1512 1662 1538 καὶ
1676 1512 1722 1538 τδν
1738 1511 1846 1546 πατέρα

217 1562 322 1590 Iitatem
336 1562 467 1597 integram
480 1566 657 1588 conservasse
670 1578 677 1591 ,
693 1559 740 1585 sed
755 1557 934 1585 Theodosium
950 1561 1003 1583 tra-

1057 1555 1240 1590 Μουνδίουχον
1267 1555 1460 1591 διαδεξάμενον
1488 1555 1651 1590 διαφυλάξαι
1686 1557 1736 1592 τὴν
1767 1557 1847 1590 εὐγέ-

217 1609 272 1635 dita
287 1615 302 1634 a
318 1612 394 1642 patre
406 1606 546 1634 nobilitate
558 1604 701 1636 excidisse,
719 1603 788 1638 quod
806 1602 934 1630 tributum
951 1602 1001 1629 sibi

1055 1608 1146 1628 νειαν’
1162 1600 1263 1636 ταύτης
1290 1600 1318 1627 δὲ
1342 1601 1388 1628 τὸν
1404 1601 1544 1628 Θεοδόσιον
1563 1603 1759 1629 ἐκπεπτωκότα
1784 1603 1846 1628 δου-

218 1653 357 1688 pcndcndo
369 1659 434 1680 suus
446 1658 540 1679 servus
552 1655 622 1678 esset
635 1648 731 1676 factus.
741 1648 798 1676 Non
812 1648 892 1683 igitur
901 1647 1001 1681 justam

1057 1645 1139 1672 δεύειν
1157 1645 1231 1680 αὖτῷ
1246 1645 1294 1681 τὴν
1304 1645 1351 1672 τοῦ
1368 1646 1452 1681 φόρου
1471 1646 1625 1682 ἀπαγωγὴν
1641 1647 1823 1682 ὑφιστάμενον
1836 1655 1844 1662 ·

219 1706 274 1725 rem
289 1697 379 1725 facere
390 1704 464 1730 eum,
475 1696 520 1731 qui
532 1694 712 1730 praestantiori
725 1698 753 1722 et
762 1694 796 1727 ei,
808 1700 886 1728 quem
897 1692 1003 1719 fortuna

219 1745 358 1772 dominum
381 1743 431 1779 ipsi
454 1742 569 1774 dederit,
596 1745 722 1776 tauquam
743 1746 837 1767 servus
865 1737 1005 1772 improbus

219 1790 402 1818 clandestinus
426 1787 539 1816 insidias
555 1791 644 1822 paret.
662 1785 752 1821 Neque
763 1792 795 1813 se
809 1783 884 1820 prius
912 1783 1004 1811 crimi-

220 1836 278 1863 nari
298 1835 371 1862 illum
394 1841 428 1862 eo
451 1833 561 1861 nomine
575 1832 746 1863 destiturum,
764 1837 846 1865 quam
865 1828 1005 1856 eunuchus

218 1882 252 1909 ad
271 1880 432 1916 supplicium
453 1879 489 1907 sit
504 1877 628 1906 traditus.
652 1877 738 1911 Atque
759 1875 786 1902 hi
812 1874 921 1909 quidem
944 1880 1006 1900 cum

221 1929 261 1956 bis
274 1925 408 1955 mandatis
423 1921 682 1957 Constantinopolim
700 1923 890 1955 pervenerunt.
905 1918 1006 1946 Eodem

221 1980 328 2010 quoque
354 1976 475 2006 tempore
495 1969 605 2001 accidit,
620 1972 649 1996 ut
667 1965 850 2002 Cbrysapbius
869 1973 883 1992 a
899 1964 1007 1992 Zenone

221 2020 254 2047 ad
284 2025 390 2054 poenam
411 2017 614 2051 deposceretur.
631 2013 793 2041 Maximinus
815 2011 888 2038 enim
907 2017 1007 2037 renun-

222 2066 348 2097 tiaverat,
371 2062 484 2090 Attilam
501 2061 603 2092 dicere,
620 2058 718 2086 decere
735 2058 927 2092 imperatorem
944 2063 1007 2090 pro-

221 2110 310 2139 missis
323 2114 406 2142 stare,
420 2112 447 2136 et
460 2105 619 2135 Constantio
636 2111 760 2137 uxorem,
778 2110 857 2139 quam
875 2101 1008 2137 promise-

221 2158 266 2189 rit,
281 2157 358 2188 dare,
373 2157 443 2183 hanc
460 2153 546 2186 enim,
561 2152 647 2180 invito
664 2151 836 2186 imperatore,
850 2148 949 2176 nemini
967 2148 1008 2175 l'as

222 2204 305 2231 fuisse
319 2199 481 2236 desponderi
499 2207 507 2225 :
524 2203 571 2225 aut
583 2198 655 2226 enim
671 2204 744 2229 eum,
757 2196 803 2231 qui
820 2200 914 2222 contra
928 2201 1010 2221 ausus

223 2249 328 2281 luisset,
348 2252 444 2282 ptenas
467 2244 592 2271 daturum
609 2241 701 2276 fuisse,
719 2244 766 2268 ant
783 2247 816 2267 eo
836 2238 1008 2274 imperatoris

224 2302 266 2322 res
278 2294 408 2322 deductas
418 2296 488 2322 esse,
499 2292 529 2317 ut
543 2295 576 2316 ne
587 2294 680 2315 servos
694 2286 801 2322 quidem
813 2292 876 2313 suos
887 2290 1012 2312 coercere

224 2345 328 2376 posset,
349 2341 444 2365 contra
460 2342 540 2370 quos,
559 2334 584 2362 si
609 2333 700 2364 vellet,
723 2340 752 2360 se
778 2331 908 2359 auxilium
939 2329 1011 2357 ferre

224 2374 360 2421 paratum.
386 2381 439 2409 Sed
456 2379 627 2408 Theodosius
642 2377 810 2405 iracundiam
830 2382 907 2403 suam
923 2374 1010 2410 palam

223 2430 297 2463 l'ecil,
308 2437 370 2457 cum
385 2429 456 2456 bona
472 2426 566 2462 puella:
583 2425 608 2453 in
625 2423 760 2459 publicum
776 2422 887 2457 redegit.

259 2477 286 2504 ’1.
307 2476 350 2512 (Α.
364 2475 396 2502 C.
412 2474 475 2506 450,
489 2473 548 2501 Ind.
564 2473 592 2505 5,
607 2470 739 2499 Marcian.
754 2469 792 2504 l.)
810 2469 878 2497 Cum
891 2468 1009 2501 primum

224 2522 315 2550 Attilae
337 2520 490 2548 nuntiatum
514 2523 568 2552 est,
595 2517 759 2545 Martianum
778 2519 839 2550 post
864 2513 1010 2542 Theodosii

223 2572 339 2596 mortem
354 2567 388 2594 ad
410 2564 554 2600 itnperium
577 2562 744 2598 pervenisse,
764 2565 791 2588 et
810 2567 870 2595 quae
888 2558 1012 2586 llouoriaa

224 2613 398 2646 accidissent,
410 2611 443 2640 ad
454 2618 528 2643 eum,
546 2610 592 2645 qui
613 2609 639 2636 in
657 2607 804 2636 Occidente
818 2613 908 2634 rerum
924 2604 1011 2640 potic-

223 2659 314 2693 batur,
335 2658 420 2691 misit,
438 2655 698 2693 quicontenderent
729 2652 876 2682 Honorium
899 2650 964 2678 nihil
981 2657 1013 2679 se

1054 1691 1084 1718 οὐ
1109 1691 1213 1718 δίκαιον
1234 1690 1281 1718 οὖν
1307 1692 1380 1718 ποιεῖ
1399 1690 1438 1726 τῷ
1465 1691 1579 1727 βελτίονι
1607 1692 1655 1718 καὶ
1681 1692 1710 1719 ὃν
1738 1692 1845 1728 αὒτῷή

1054 1736 1122 1772 τύχη
1138 1737 1272 1771 δεσπότην
1283 1735 1461 1770 ἁνέδειξεν⁷¹,
1475 1736 1514 1768 ὼς
1532 1737 1651 1772 πονηρὸς
1666 1737 1775 1772 οἰκέτης
1795 1737 1846 1764 λα-

1054 1782 1165 1818 θριδίως
1201 1782 1389 1817 ἐπιτιθέμενος
1405 1789 1411 1797 ·
1430 1782 1460 1808 οὺ
1487 1781 1578 1809 λύσειν
1601 1781 1648 1808 οὖν
1675 1783 1725 1818 τὴν
1753 1784 1846 1809 αίτίαν

1054 1827 1107 1862 ἐφη
1124 1827 1179 1854 τῶν
1204 1828 1232 1860 ἐς
1255 1827 1337 1855 αὑτὸν
1359 1827 1572 1863 ἡμαρτημένων,
1587 1827 1612 1853 εἰ
1630 1827 1668 1862 μή
1688 1835 1720 1861 γε
1736 1827 1781 1854 τὸν
1798 1829 1846 1854 εὐ-

1055 1875 1153 1910 νοῦχον
1168 1874 1305 1910 ὲκπέμψοι
1321 1874 1388 1910 πρδς
1403 1875 1524 1902 κόλασιν.
1548 1875 1603 1902 Καὶ
1623 1871 1696 1901 οὗτοι
1719 1875 1769 1910 μὲν
1798 1876 1847 1901 ἐπὶ

1055 1920 1143 1947 τοῖσδε
1157 1921 1184 1951 ἐς
1204 1920 1254 1956 τὴν
1275 1920 1480 1947 Κωνσταντίνου
1506 1920 1705 1954 παρεγένοντό¹
1732 1921 1848 1956 συνηνέ-

1056 1965 1109 2001 χθη
1124 1965 1153 1991 δὲ
1168 1965 1214 1992 τὸν
1229 1965 1388 2000 Χρυσάφιον
1408 1965 1573 1998 ἐξαιτεῖσθαι
1589 1966 1636 1992 καὶ
1662 1966 1738 2001 παρὰ
1752 1966 1847 2001 Ζήνω-

1057 2019 1112 2043 νος.
1130 2011 1282 2046 Μαξιμίνου
1305 2011 1360 2046 γὰρ
1373 2010 1515 2046 είρηκέναι
1534 2011 1580 2037 τὸν
1600 2011 1733 2047 Ἀττήλαν
1754 2013 1848 2045 ἀπαγ-

1058 2055 1197 2090 γείλαντος
1221 2056 1322 2092 χρῆναι
1350 2056 1462 2091 βασιλέα
1478 2056 1599 2092 πληροῦν
1624 2058 1675 2092 τὴν
1690 2057 1847 2092 ὑπόσχεσιν,

1059 2101 1106 2128 καὶ
1116 2101 1155 2137 τῷ
1170 2102 1353 2137 Κωνσταντιῳ
1363 2101 1411 2138 τὴν
1425 2103 1542 2137 γυναῖκα
1556 2102 1667 2135 διδόναι,
1680 2103 1713 2138 ἢν
1721 2102 1847 2138 οὐδαμῶς

1059 2149 1135 2183 παρὰ
1148 2147 1197 2184 τὴν
1212 2148 1318 2174 ὲκείνου
1339 2147 1437 2183 βουλὴν
1461 2148 1547 2183 ἑτέρῳ
1561 2147 1782 2183 κατεγγυηθῆναι
1792 2146 1849 2175 οἶόν

1061 2203 1090 2222 τε
1107 2192 1183 2230 ἦν”.
1205 2194 1240 2221 Ἢ
1258 2194 1313 2229 γὰρ
1336 2194 1351 2220 ό
1376 2193 1515 2229 τολμήσας
1532 2192 1710 2220 ἔκδεδώκει¹¹¹⁸
1723 2194 1812 2226 δίκας,
1830 2195 1847 2228 ἢ

1025 2242 1046 2270 D
1060 2240 1173 2267 τοιαῦτα
1189 2239 1223 2266 τὰ
1237 2238 1370 2274 βασιλέως
1395 2239 1479 2270 ἐστὶν,
1496 2238 1567 2266 ὥστε
1589 2238 1656 2273 μηδὲ
1681 2238 1735 2265 τῶν
1752 2241 1849 2273 σφετέ-

1065 2294 1119 2321 ρων
1129 2286 1241 2321 κρατεῖν
1255 2284 1379 2316 οίκετῶν,
1393 2284 1455 2311 καθ’
1467 2280 1504 2311 ὧν
1522 2283 1691 2319 συμμαχίαν,
1701 2284 1726 2309 εἰ
1734 2292 1765 2318 γε
1784 2284 1849 2319 βού-

1063 2330 1144 2362 λοιτο,
1165 2329 1275 2365 ἕτοιμον
1293 2327 1364 2357 εἶναι
1392 2330 1556 2365 παρασχεῖν.
1588 2328 1706 2364 Ἐδήχθη
1715 2329 1738 2345 ⁷⁵
1759 2329 1817 2355 se"
1835 2331 1850 2355 ὁ

1063 2375 1203 2406 Θεοδόσιος
1216 2375 1263 2402 τδν
1278 2375 1375 2409 θυμὸν,
1391 2374 1438 2401 καὶ
1461 2374 1593 2410 δημοσίαν
1603 2374 1626 2391 ⁷⁷
1636 2374 1686 2410 τὴν
1698 2374 1749 2406 τῆς
1765 2375 1850 2410 κόρης
1871 2368 1874 2370 ’

1062 2421 1157 2448 οὐσίαν
1168 2422 1250 2449 ποιεῖ.

1100 2466 1133 2499 ζ’.
1154 2467 1216 2493 Ὅτι
1230 2466 1268 2498 ὡς
1284 2467 1405 2502 ἠγγέλθη
1419 2467 1459 2502 τῷ
1485 2466 1612 2502 Ἀττήλᾳ,
1628 2466 1674 2493 τὸν
1691 2464 1851 2500 Μαρκιανὺν

1064 2513 1094 2544 ἐς
1110 2511 1145 2538 τὰ
1160 2512 1232 2538 κατὰ
1244 2511 1292 2547 τὴν
1309 2512 1346 2539 ἐω
1367 2511 1510 2547 Ῥωμαϊκὰ
1528 2511 1747 2548 παρεληλυθέναι
1773 2511 1852 2546 βασί-

1064 2558 1124 2585 λεια
1139 2558 1207 2594 μετὰ
1222 2558 1271 2594 τὴν
1285 2557 1426 2585 Θεοδοσίου
1441 2558 1581 2592 τελευτὴν,
1600 2557 1722 2592 ἠγγέλθη
1736 2557 1764 2583 δὲ
1776 2557 1853 2592 αὐτῷ

1066 2603 1165 2630 καὶτὰ
1190 2602 1240 2638 τῆς
1273 2603 1406 2638 ὐνωρίας
1424 2602 1488 2638 πέρι
1514 2602 1695 2637 γεγενημένα,
1712 2601 1780 2636 προς
1802 2602 1850 2634 μὲι

1065 2648 1112 2676 τὸν
1135 2648 1289 2685 κρατοῦντα
1309 2649 1364 2676 τῶν
1397 2647 1550 2683 Ἐσπερίων
1573 2646 1716 2682 Ῥωμαίων
1741 2647 1852 2675 ἔστελλε

865 2729 982 2759 νΑιιιΑ]
1003 2727 1203 2757 LECTIONES.

266 2820 288 2836 "
309 2817 584 2853 πολυπραγμονήσειν
609 2815 682 2853 conj.

225 2862 281 2883 om.
293 2845 366 2890 vuig.
416 2845 616 2890 ῖςᾴφεκιμεγος
626 2845 677 2890 QII.
698 2849 729 2890 χι
746 2845 890 2890 ἀπέδειξεν
899 2845 973 2890 conj;
991 2845 1022 2890 l3:

224 2879 365 2926 6535.131“
377 2887 402 2904 '"
418 2879 518 2920 ἑδήίθη
533 2879 614 2917 νοῇ,-
624 2883 732 2919 ἐδείχθη
751 2882 824 2916 vulg.
862 2881 884 2897 ⁷⁸
900 2889 925 2907 τι
941 2880 984 2907 ed.
997 2879 1058 2907 Par.
1098 2879 1121 2895 ⁷⁷
1139 2879 1271 2914 δημοσίαν
1286 2887 1340 2914 mg.
1358 2879 1402 2913 H.,
1416 2879 1545 2914 δημόσιον
1566 2886 1599 2906 ru

792 2811 814 2828 "
833 2811 944 2847 ἐθάρρει
975 2809 1007 2837 τὸ
1034 2809 1077 2842 B.,
1093 2808 1236 2879 ὲθαΐρεῖτο
1251 2809 1302 2844 τῆς
1324 2809 1394 2845 vnlg.

792 2846 886 2878 ἑδειξεν
899 2845 971 2879 conj.
991 2845 1022 2872 Β.
1073 2844 1096 2860 ⁷³
1111 2842 1145 2878 ἦν
1169 2842 1238 2871 εἶναι
1251 2845 1323 2878 conj.
1341 2844 1361 2870 B

1305 2845 1310 2850 .
1324 2809 1394 2850 νιν·
1421 2807 1510 2850 ,τῆοῐει
1523 2808 1569 2850 .0.»
1581 2807 1713 2850 5‘5".‘"1'&~
1761 2807 1784 2850 '2
1795 2807 1856 2850 βῶν

1169 2842 1238 2871 εἶναι
1251 2842 1323 2878 conj.
1341 2844 1361 2870 Β
1371 2842 1381 2845 ⁷
1421 2844 1443 2860 ⁷⁵
1458 2842 1613 2904 ὲκδεδώκειὲ
1629 2842 1755 2869 ἐκδοῦναι
1769 2843 1853 2869 δώσει

1169 2879 1271 2913 ημοσίαν
1286 2887 1340 2913 mg.
1358 2879 1402 2913 H.,
1416 2879 1545 2913 δημόσιον
1566 2886 1599 2906 vn
1613 2886 1638 2913 g.
