1945 3073
122 142 179 175 689

516 145 566 176 DE
584 145 870 180 LEGATIONIBUS
887 148 1064 182 GENTIUM
1084 152 1134 183 AD
1158 153 1347 186 ROMANOS.

1702 158 1756 192 690

123 199 191 230 τοὺς
210 199 416 235 διαλεξομένους
432 200 454 217 ⁷⁸
477 202 561 237 μηδὲν
587 204 719 240 Ὀνωρίαν
743 205 912 242 πλημμελεῖ-

965 209 1104 244 indignutn
1127 213 1281 247 admisisse,
1301 221 1382 248 quam
1407 215 1581 243 matrimonio
1600 223 1650 244 suo
1671 215 1754 245 desti-

125 245 201 278 σθαι,
218 245 252 280 ἢν
268 245 356 282 ἑαυτῷ
369 246 437 282 πρὸς
451 247 540 282 γάμον
552 251 755 286 καπνεγγὺησε
767 260 775 267 θ
790 253 915 289 τιμωρή-

127 299 185 317 σειν
204 291 258 326 γὰρ
273 293 353 328 αὐτῇ,
369 293 392 319 εί
408 294 447 328 μὴ
463 293 510 321 καὶ
525 295 558 322 τὰ
571 295 620 330 τῆς
636 296 916 336 βασιλείαςάπολάσῃ

124 338 266 372 σκῆπτρα.
284 338 412 374 ’Ἐπεμπε
431 339 459 366 δὲ
474 341 521 367 καὶ
536 341 604 376 πρὸς
619 342 682 374 τοὺς
693 342 778 378 ἑῴους
797 344 915 380 Ῥωμαί-

123 391 176 414 ou;
200 383 256 409 τῶν
273 384 428 419 ταχθέντων
444 385 536 421 φόρων
559 387 651 415 ἕνεκα.
674 389 834 424 ’Δπράκτων
846 390 914 425 διὲξ

122 428 288 463 ἁμςιοτέρων
314 429 367 456 τῶν
392 431 475 457 αὑτοῦ
500 432 703 460 ἐπανελθόντων
717 434 914 468 πρέσϐεων·-

123 475 150 498 οξ
180 474 229 508 μὲν
252 474 306 510 γὰρ
319 477 369 510 τῆς
391 475 541 512 Ἐσπερίας
564 478 757 513 ἀπεκρίναντο,
784 480 915 517 Ὀνωρίαν

123 519 200 554 αὑτῴ
222 520 249 551 ἐς
277 520 366 555 γάμον
385 521 472 548 ἐλθεῖν
489 524 558 558 μήτε
576 523 716 556 δύνασθαι,
737 525 915 562 ἐκδεδομένην

122 564 211 600 ἀνδρί·
241 567 382 602 σκῆπτρον
407 567 437 594 δὲ
460 568 529 603 αὐτῇ
555 569 593 604 μὴ
616 569 783 604 ὀφείλεσθαισ
805 572 835 598 οὐ
859 572 914 608 γὰρ

122 610 252 645 θηλειῶν,
270 611 328 638 ἀλλ’
343 613 468 648 ἀρῤένων
487 615 504 649 ἡ
524 614 575 650 τῆς
597 615 753 651 Ῥωμαῖκῆς
774 617 913 652 βασιλείας

123 658 213 692 ἀρχήο
235 658 260 683 οἱ
284 657 313 685 δὲ
336 658 386 694 τῆς
409 659 446 686 ἔω
463 659 567 694 ἔφασαν
587 661 637 696 οὐχ
650 661 849 697 ὑποστήσεσθαι
863 663 913 699 τὴν

123 703 173 729 τοῦ
191 703 274 738 φόρου
291 703 453 739 ἀπαγωγὴν,
481 706 514 740 ἢν
538 707 552 732 ὀ
578 706 718 738 Θεοδόσιος
741 707 838 741 ἔταξε·
866 709 913 736 καὶ

124 748 290 782 ἡσυχάζοντι
307 749 356 784 μὲν
371 749 445 785 δῶρα
459 750 566 782 δώσειν,
584 752 701 787 πόλεμον
715 752 744 779 δὲ
755 753 912 781 ἀπειλοῦντι

123 794 195 820 ὅπλα
208 794 254 820 καὶ
267 795 366 829 ἄνδρας
386 796 496 828 ἐπάξειν
509 797 560 832 τῆς
573 798 656 825 αὖτοῦ
674 800 711 834 μὴ
733 800 912 835 λειπομένους

123 839 263 874 δυνάμεως
275 848 282 856 ·
296 841 438 877 ἐμερίζετο
452 842 498 870 οὖν
524 844 574 879 τὴν
589 843 712 879 γνώμην,
725 846 771 871 καὶ
786 846 910 882 διηπόρει

125 885 213 917 ποίοις
231 887 546 924 πρότερσνὲπιθήσεται,
567 890 615 917 καὶ
641 890 714 925 ἔχειν
729 891 803 926 αὐτῷ
824 891 913 918 ἐδόκει

125 933 217 964 καλῶς
230 933 298 966 τέως
322 935 368 961 ἐπὶ
386 935 432 962 τὸν
445 935 556 971 μείζονα
574 936 721 972 τρέπεσθαι
740 939 855 973 πόλεμον
867 939 914 966 καὶ

125 979 155 1009 ἐς
181 978 230 1014 τὴν
248 979 368 1015 ἑσπέραν
385 981 592 1016 στρατεύεσθαι,
606 982 656 1017 τῆς
672 983 763 1018 μάχης
782 983 857 1020 αὑτῷ
875 985 913 1019 μὴ

126 1024 207 1058 μόνον
224 1024 292 1060 πρὸς
313 1025 478 1059 Ἰταλιώτας,
495 1026 563 1054 ἀλλὰ
582 1028 628 1054 καὶ
647 1028 716 1063 πρὸς
729 1029 750 1055 Γ
750 1029 844 1062 ότθους
866 1031 913 1057 καὶ

122 1070 265 1104 ιῐνράγγους
282 1071 414 1107 ἐσομένης
425 1081 433 1088 ο
444 1073 513 1108 πρὸς
529 1073 578 1107 μὲν
601 1074 756 1107 Ἰταλιώτας
775 1075 846 1102 ὥστε
862 1077 912 1111 τὴν

131 1115 265 1151 Ὀνωρίαν
297 1117 366 1152 μετά
394 1118 447 1144 τῶν
472 1119 623 1154 χρημάτων
647 1120 738 1146 λαδεῖν
753 1141 761 1152 ,
789 1121 857 1157 πρὸς
884 1122 912 1149 δὲ

125 1161 239 1194 Γότοους
250 1162 330 1198 χάριν
346 1162 482 1200 Γεζερίχῳ
499 1165 723 1200 κατατιθέμενον.

160 1210 194 1242 η’.
215 1208 276 1234 Ὀτι
294 1207 333 1243 τῷ
351 1209 468 1244 Ἀττήλᾳ
481 1207 515 1244 ἦν
534 1210 581 1236 τοῦ
599 1211 667 1246 πρὸς
679 1211 821 1246 Φράγγους
834 1213 913 1239 πολέε-

127 1262 180 1287 μου
203 1254 338 1289 πρόφασις
361 1255 378 1290 ἡ
404 1255 451 1282 τοῦ
466 1264 545 1291 σφων
559 1256 691 1291 βασιλέως
705 1258 816 1294 τελευτὴ
832 1259 878 1286 καὶ
896 1260 912 1294 ἠ

125 1300 176 1334 τῆς
201 1300 290 1335 ἀρχῆς
317 1301 372 1328 τῶν
388 1300 494 1329 ἐκείνου
510 1302 614 1329 παίδων
644 1303 770 1340 διαφορὰ,
785 1305 831 1331 ἰοὖ
848 1313 913 1341 πρε-

129 1345 263 1382 σϐυτέρου
276 1347 327 1382 μὲν
339 1347 482 1384 Ἀττήλαν,
494 1349 541 1375 τοῦ
558 1349 586 1376 δὲ
600 1350 732 1385 νεωτέρου
751 1343 855 1378 Ἀέτιον
866 1349 913 1378 ἐπὶ

124 1391 270 1427 συμμαχίᾳ
284 1391 436 1427 ἐπάγεσθαι
458 1394 626 1427 ιγνωκότος·
640 1394 670 1421 ὃν
688 1395 757 1422 κατὰ
772 1396 822 1432 τὴν
843 1396 911 1423 Ῥώ-

126 1444 180 1471 μην
201 1436 308 1472 εἴδομεν
330 1438 550 1473 πρεσϐευόμενον
566 1440 601 1471 ⁷⁸,
628 1440 712 1475 μήπω
727 1441 815 1468 ίούλου
830 1442 911 1478 ἀρχό-

125 1489 225 1516 μενον,
255 1482 351 1514 ξανθὸν
374 1483 423 1518 τὴν
452 1484 542 1518 κόμην
570 1485 627 1516 τοῖς
650 1485 733 1512 αὑτοῦ
761 1495 909 1522 περικεχυ-

968 259 1079 289 nasset;
1104 263 1188 291 seque
1208 257 1245 284 illi
1269 258 1399 286 auxilium
1425 259 1555 293 laturum,
1577 260 1630 288 nisi
1646 268 1751 288 summa

967 307 1076 336 quoque
1097 301 1202 337 imperii
1220 303 1244 330 ei
1260 304 1421 332 deferretur.
1437 305 1509 333 Misit
1522 310 1549 333 et
1569 307 1602 334 ad
1616 306 1754 335 Romanos

967 345 1119 374 Orientales
1134 346 1297 376 tributomm
1316 350 1523 378 constitutorum
1536 352 1633 386 gratia.
1655 351 1708 378 Sed
1724 359 1753 378 rc

965 390 1064 419 infecta
1083 392 1164 428 legati
1178 393 1304 429 utrinque
1315 400 1378 422 sunt
1393 396 1504 423 reversi.
1519 395 1624 424 Etenim
1640 397 1685 431 qui
1699 396 1753 424 Oe-

965 437 1082 465 cldentis
1095 437 1209 472 imperio
1230 444 1355 474 praeerat,
1391 441 1531 475 respondit
1548 441 1695 470 Honoriam
1713 442 1751 469 illi

964 482 1067 509 nubere
1085 489 1138 510 non
1160 491 1249 518 posse,
1268 485 1339 519 quod
1356 485 1413 520 jam
1436 485 1482 513 alii
1501 486 1647 521 nupsisset.
1658 485 1751 522 Neque

964 526 1107 562 imperium
1123 527 1249 557 Honorite
1265 529 1368 558 deberi.
1384 530 1512 558 Virorum
1527 531 1611 566 enim,
1626 539 1679 559 non
1692 540 1752 559 mu-

964 574 1074 606 lierum,
1097 573 1249 602 Romanum
1275 575 1418 611 imperium
1437 584 1507 604 esse.
1525 577 1574 610 Qui
1592 577 1618 604 in
1640 576 1751 604 Oriente

963 619 1125 655 imperabat,
1141 628 1172 649 se
1189 620 1300 649 minime
1319 626 1404 649 ratam
1423 622 1524 650 habere
1541 622 1634 650 tributi
1649 622 1749 650 illatio—

964 672 1040 699 nem,
1063 673 1143 700 quam
1163 665 1332 695 Theodosius
1360 668 1544 696 consensisset
1566 678 1573 697 :
1598 668 1749 703 quiescenti

964 719 1075 740 tnnnera
1097 712 1272 747 largiturum;
1295 713 1395 741 bellum
1417 714 1532 742 minanti
1546 713 1618 742 viros
1638 719 1664 742 et
1675 722 1750 741 arma

962 756 1131 790 objecturutn
1152 757 1237 792 ipsius
1253 758 1350 794 opibus
1367 766 1420 787 non
1437 758 1575 786 inferiora.
1593 758 1686 793 Itaque
1700 759 1749 786 Λι-

964 803 1024 832 tilas
1039 804 1067 831 in
1089 804 1178 833 varias
1202 805 1408 834 distrahebatur
1423 806 1584 839 sententias,
1599 805 1655 842 ω
1672 810 1700 834 et
1712 805 1750 833 illi

964 848 996 876 in.
1015 850 1097 877 dubio
1117 850 1236 878 haerebat
1257 851 1377 884 animus,
1397 858 1465 886 quos
1483 851 1599 886 primum
1619 851 1750 886 aggrede-

965 900 1050 922 retur.
1078 895 1199 923 Tandem
1225 895 1322 924 melius
1345 898 1433 925 visum
1456 902 1500 926 est
1518 897 1552 924 ad
1573 896 1750 931 periculosius

964 941 1063 969 bellum
1091 942 1165 977 prius
1195 949 1255 971 sese
1279 947 1449 975 convertere,
1471 946 1499 970 et
1529 943 1556 970 in
1577 942 1749 970 Occidentem

964 980 1114 1015 exercitum
1126 989 1252 1016 educere.
1269 988 1327 1016 Illic
1339 989 1412 1016 enim
1429 988 1481 1017 sibi
1497 996 1554 1016 rem
1565 988 1624 1016 fore
1637 995 1691 1016 non
1704 994 1750 1015 so-

964 1033 1017 1061 lum
1037 1041 1097 1061 cum
1111 1034 1197 1068 Italis,
1213 1035 1260 1063 sed
1276 1035 1357 1063 etiam
1377 1042 1439 1063 cum
1462 1035 1559 1063 Gothis
1571 1039 1600 1062 et
1614 1033 1727 1062 Francis
1743 1042 1749 1060 :

963 1087 1024 1107 cum
1041 1079 1124 1112 Italis,
1140 1084 1169 1107 ut
1184 1079 1332 1109 Honoriam
1349 1087 1409 1108 cum
1425 1081 1580 1115 ingentibus
1594 1079 1695 1108 divitiis
1708 1085 1752 1106 se-

962 1132 1023 1152 cum
1040 1125 1186 1154 abduceret
1201 1134 1209 1153 :
1222 1133 1284 1154 cum
1301 1126 1408 1160 Gothis,
1423 1131 1451 1154 ut
1462 1125 1620 1155 Gensericbi
1637 1124 1750 1161 gratiam

962 1176 1174 1206 promererctur.

997 1216 1024 1243 8.
1046 1217 1089 1250 (A.
1107 1216 1139 1245 C.
1161 1218 1225 1250 451,
1245 1219 1304 1247 Ind.
1325 1219 1354 1251 4,
1368 1218 1496 1247 Marcion.
1520 1217 1560 1253 2.)
1581 1217 1613 1245 Et
1629 1217 1749 1246 Francos

962 1261 1070 1296 quidem
1089 1262 1159 1290 bello
1172 1263 1322 1291 lacessendi
1341 1264 1378 1292 illi
1394 1271 1477 1292 causa
1497 1263 1548 1291 fuit
1561 1270 1654 1298 regum
1675 1263 1749 1298 ipso-

964 1312 1022 1332 rum
1044 1305 1135 1333 obitns
1149 1310 1177 1333 et
1191 1306 1224 1334 de
1242 1313 1327 1341 regno
1345 1307 1416 1334 inter
1436 1307 1537 1334 liberos
1552 1306 1748 1336 controversia.

963 1358 1024 1378 enm
1044 1351 1129 1386 major
1152 1355 1216 1378 natu
1235 1352 1346 1379 Attilam
1363 1351 1463 1379 auxilio
1486 1357 1619 1384 vocasset,
1641 1352 1748 1378 Aetium

963 1395 1061 1427 minor,
1078 1403 1157 1430 quem
1177 1395 1269 1424 Roma:
1283 1396 1400 1424 vidimus
1416 1396 1575 1431 legationem
1593 1396 1749 1427 obeuntem.

963 1442 1080 1468 nondum
1099 1441 1223 1477 lanugine
1231 1441 1426 1475 eIIIoreseente,
1440 1442 1508 1469 ﬂava
1519 1450 1607 1476 coma,
1623 1447 1651 1469 et
1664 1441 1748 1476 capil-

962 1486 994 1514 lis
1002 1487 1275 1522 propterdcnsitatem
1283 1492 1310 1515 et
1319 1488 1529 1523 magnitudinem
1536 1494 1617 1523 super
1623 1487 1752 1514 humeros

126 1527 209 1563 μένην
224 1529 247 1545 ⁸ο
261 1524 306 1556 διά
328 1529 444 1564 μέγεθος
459 1529 555 1565 ὤμοις.
580 1530 662 1558 Θετδν
677 1531 706 1558 δὲ
723 1532 804 1559 αὐτὸν
815 1533 830 1559 ὁ
852 1534 911 1561 Ἀέ-

965 1531 1064 1560 ellusis.
1087 1531 1165 1560 Hunc
1187 1532 1270 1560 etiam
1300 1532 1394 1560 Aetius
1409 1532 1457 1560 ﬁlii
1482 1533 1540 1560 loco
1562 1532 1750 1567 adoptaverat,

124 1582 181 1605 τιος
200 1574 383 1610 ποιησάμενος
400 1575 482 1603 παῖδα
496 1576 542 1602 καὶ
558 1576 670 1603 πλεῖστα
682 1576 757 1612 δῶρα
774 1578 837 1610 δοὺς
853 1579 911 1614 ἅμα

125 1620 163 1655 τῷ
198 1620 364 1655 βασιλεύοντι
388 1622 435 1648 ἐπὶ
462 1622 537 1658 φιλίᾳ
559 1631 589 1649 τε
615 1623 662 1650 καὶ
690 1624 826 1660 ὀμαιχμίᾳ
857 1626 910 1652 ἀπ·-

126 1666 245 1702 έπεμψε.
265 1667 375 1694 Τούτων
389 1668 470 1695 ἓνεκα
483 1669 497 1695 ὁ
519 1669 651 1704 ’Δττήλας
668 1670 718 1705 τὴν
731 1670 911 1705 ὲκστράτειαν

127 1712 298 1748 ποιούμενος,
326 1711 403 1745 αὖθις
426 1713 480 1741 τῶν
501 1714 570 1750 ἀμφ’
587 1715 668 1743 αὐτὸν
693 1715 792 1750 ἄνδρας
817 1716 846 1748 ές
860 1717 910 1752 τὴν

130 1757 246 1784 Ἰταλίαν
270 1757 405 1792 ἔπεμπεν,
435 1758 505 1785 ὥστε
535 1760 585 1793 τὴν
607 1759 738 1794 Ὀνωρίαν
765 1760 908 1787 ἐκδιδόναι·

125 1802 258 1839 εἶναιγὰρ
274 1804 348 1839 αὕτῷ
362 1805 539 1840 ἡρμοσμένην
557 1806 625 1840 πρὸς
643 1806 741 1840 γάμον,
760 1806 910 1842 τεκμήριον

125 1851 287 1884 ποιούμενος
313 1850 357 1877 τδν
381 1851 446 1886 παρ’
461 1851 548 1886 αὐτῆς
569 1852 731 1886 πεμφθέντα
755 1852 909 1884 δακτύλιον,

124 1896 154 1922 εν
177 1896 221 1922 καὶ
238 1894 495 1931 ὲπιδειχθησόμενον
513 1897 658 1929 ἐστάλκει,
684 1899 860 1933 παραχωρεῖν
881 1897 910 1924 δὲ

124 1942 199 1976 αὖτῷ
216 1941 262 1968 τὸν
280 1940 484 1968 Βαλεντινιανδν
501 1942 548 1968 καὶ
562 1942 609 1969 τοῦ
629 1942 751 1977 ἡμίσεως
771 1943 819 1977 τῆς
836 1943 911 1978 βασι-

124 1987 199 2018 λείας
226 1987 337 2022 μέρους,
364 1987 402 2019 ὼς
426 1988 474 2014 καὶ
497 1988 547 2022 τῆς
571 1988 701 2023 Ὀνωρίας
716 1989 910 2025 διαδεξαμένης

126 2034 176 2068 μὲν
201 2034 275 2068 παρὰ
299 2033 403 2069 πατρὸς
426 2033 475 2069 τὴν
503 2033 600 2069 ἀρχὴν,
630 2034 732 2069 ταύτης
755 2035 783 2061 δὲ
806 2036 839 2072 τῇ
862 2036 910 2063 τοῦ

124 2077 239 2112 ἀδελφοῦ
254 2078 449 2113 ἀφαιρεθεῖσαν
465 2078 616 2114 πλεονεξίᾳ.
641 2079 684 2110 Ὡς
698 2080 727 2106 δὲ
749 2080 774 2106 οι
788 2081 911 2117 ἑσπέριοι

130 2123 259 2159 Ῥωμαῖοι
271 2124 321 2159 τῆς
339 2124 474 2160 προτέρας
488 2123 611 2160 ἐχόμενοι
628 2123 740 2160 γνώμης
752 2125 820 2161 πρὸς
834 2126 911 2153 οὐδὲν

124 2169 179 2196 τῶν
194 2169 268 2205 αὐτῷ
281 2170 452 2204 δεδογμένων
465 2170 613 2204 ὑπήκουον,
636 2171 725 2206 εἴχετο
747 2171 847 2207 μᾶλλον
862 2172 911 2208 τῆς

125 2214 171 2241 τοῦ
197 2215 318 2250 πολέμου
344 2215 542 2251 παρασκευῆς,
561 2217 614 2243 πᾶν
641 2209 672 2243 τὸ
700 2216 756 2243 τῶν
781 2218 910 2254 μαχίμων
926 2209 950 2240 ο

125 2262 243 2297 ἀγείρων
259 2262 360 2298 πλῆθος
376 2262 444 2298 (I5).

160 2308 194 2334 θ’.
216 2308 277 2334 ’Ὁτι
305 2308 320 2334 ό
354 2308 486 2344 ’Λττήλας
510 2309 568 2344 (ί-ί)
588 2309 659 2344 μετὰ
679 2310 708 2336 τὸ
724 2309 774 2346 τὴν
797 2311 912 2339 Ἰταλίαν

125 2352 370 2388 ἀνδραποδίσασθαι
384 2354 430 2380 ἐπὶ
445 2354 480 2380 τὰ
497 2354 615 2389 σφέτερα
633 2354 783 2387 ἀναζεύξας
796 2355 831 2388 ",
855 2356 912 2388 τοῖς

127 2398 273 2433 κρατοῦσιν
283 2399 338 2426 τῶν
359 2399 449 2435 Ἐᾠων
464 2399 608 2435 Ῥωμαίων
621 2400 738 2435 πόλεμον
752 2401 798 2427 καὶ
814 2401 912 2436 ἀνδρα-

127 2443 257 2477 ποδισμδν
281 2444 332 2478 τῆς
358 2443 450 2479 χώρας
475 2444 672 2480 κατήγγελλεν,
694 2445 733 2477 ὡς
750 2446 787 2480 μὴ
807 2447 912 2482 ἐκπεμ-

127 2487 240 2522 ςοέντος
255 2487 302 2515 τοῦ
319 2489 395 2524 παρὰ
408 2489 546 2517 θεοδοσίιιυ
559 2491 727 2526 τεταγμένου
744 2491 838 2526 φόρου.

162 2536 187 2560 ν.
211 2534 272 2560 Ὅτι
291 2533 482 2569 ’Δρόαὸούριος
496 2537 510 2562 ό
523 2535 571 2561 τοῦ
584 2536 725 2571 ’Δσπαρος
741 2537 909 2572 Σαρακηνοῖς

128 2579 258 2615 ἐπολέμει
272 2579 343 2606 κατὰ
361 2580 410 2614 τὴν
421 2581 577 2615 Δαμασκόν
593 2582 639 2608 καὶ
656 2582 746 2608 ἐκεῖσε
758 2591 912 2618 παραγενο-

128 2625 208 2661 μένου
225 2625 380 2661 Μαξιμινου
403 2626 451 2652 τοῦ
481 2627 634 2662 στρατηγοῦ
661 2628 708 2654 καὶ
732 2628 851 2664 Πρίσκου
865 2628 913 2657 τοῦ

127 2672 319 2708 συγγραφέως,
335 2668 415 2706 εὖρον
429 2671 509 2698 αὑτὸν
522 2673 577 2704 τοῖς
593 2673 760 2708 Σαρακηνῶν
782 2674 914 2709 πρέσϐεσι

126 2720 189 2756 περὶ
209 2719 321 2754 εἰρήνης
334 2718 535 2754 διαλεγόμενον.

961 1582 987 1605 et
1004 1577 1127 1613 plurimis
1146 1577 1224 1606 donis
1237 1582 1362 1606 ornatum
1373 1578 1407 1606 ad
1420 1578 1621 1613 imperatorem,
1639 1582 1667 1604 ut
1678 1578 1748 1605 ami-

960 1622 1050 1649 citiam
1068 1627 1094 1650 et
1105 1622 1329 1650 societatentcutn
1345 1629 1378 1650 eo
1388 1621 1501 1655 taceret,
1515 1622 1636 1651 miserat.
1646 1621 1748 1655 Quant-

960 1668 1052 1696 obrem
1074 1669 1172 1696 Attilas
1191 1673 1334 1704 antequam
1352 1668 1379 1696 in
1408 1675 1468 1695 eam
1489 1667 1688 1703 expeditionem
1705 1668 1748 1695 iit-

960 1714 1128 1749 grederetur,
1151 1721 1245 1741 rursus
1270 1713 1375 1749 legatos
1399 1713 1426 1741 itt
1456 1713 1562 1741 Italiam
1591 1713 1675 1745 misit,
1702 1713 1747 1747 qui

961 1759 1106 1787 llonoriam
1127 1763 1289 1794 poscerent;
1315 1765 1374 1786 eam
1394 1759 1466 1786 enint
1494 1766 1587 1786 secum
1609 1759 1749 1786 matrima.

961 1806 1035 1831 nium
1061 1805 1195 1840 pepigisse
1210 1812 1216 1830 :
1235 1804 1313 1838 cuius
1331 1804 1370 1832 rci
1387 1808 1415 1831 ut
1438 1804 1520 1836 [idem
1540 1804 1649 1836 faceret,
1663 1811 1749 1831 annu-

961 1849 1016 1876 lum
1039 1851 1073 1877 ab
1089 1857 1120 1877 ea
1143 1850 1177 1877 ad
1191 1857 1222 1878 se
1236 1850 1347 1878 missum
1363 1857 1410 1885 per
1426 1849 1540 1885 legatos,
1554 1850 1652 1885 quibus
1666 1849 1748 1877 tradi-

961 1896 1047 1927 derat,
1061 1896 1183 1924 exhiberi
1205 1897 1352 1924 mandavit.
1372 1896 1460 1923 Etiam
1481 1896 1622 1924 dimidiam
1643 1895 1750 1929 imperii

960 1946 1064 1977 partem
1083 1942 1134 1969 sibi
1159 1942 1374 1969 Valentinianum
1392 1942 1500 1974 debere,
1520 1949 1583 1968 cum
1606 1941 1638 1968 ad
1660 1940 1750 1968 Ilono-

961 1988 1029 2014 riam
1046 1986 1108 2021 jure
1119 1990 1260 2022 paternum
1277 1993 1389 2020 regnum
1405 1986 1559 2020 pertineret,
1578 1992 1632 2020 quo
1649 1985 1749 2019 injusta

961 2033 1054 2060 Iratris
1074 2032 1222 2067 cupiditate
1240 2032 1345 2067 privata
1362 2036 1446 2060 esset.
1469 2030 1523 2058 Sed
1546 2038 1608 2058 cum
1632 2031 1748 2058 Romani

961 2078 1150 2106 Occidentales
1164 2078 1191 2105 in
1203 2077 1290 2112 prima
1302 2078 1435 2106 sententia
1450 2078 1627 2113 persistean
1637 2081 1665 2105 et
1681 2077 1750 2104 Atti-

962 2125 995 2152 la:
1009 2124 1133 2152 mandata
1147 2123 1299 2158 rejicerent,
1310 2124 1441 2158 ipse,toto
1459 2123 1579 2151 exercitu
1590 2127 1750 2157 convocato,

962 2169 1064 2206 majore
1076 2170 1102 2197 vi
1117 2169 1216 2199 bellum
1231 2170 1347 2205 paravit.

999 2306 1026 2335 9.
1039 2307 1085 2343 (A.
1095 2306 1125 2335 c.
1137 2306 1200 2338 452,
1214 2305 1271 2334 Ind.
1286 2306 1313 2339 5,
1325 2305 1453 2333 Marciam
1466 2305 1505 2340 5.)
1521 2305 1628 2338 Attilae,
1646 2308 1750 2332 vastata

964 2352 1052 2384 Italia,
1069 2353 1103 2381 ad
1123 2360 1172 2382 sua
1189 2360 1219 2380 se
1240 2352 1342 2385 retulit,
1358 2356 1387 2380 et
1400 2350 1586 2379 Romanorum
1603 2351 1751 2385 imperato-

965 2399 1040 2427 ribns
1058 2399 1085 2426 in
1107 2399 1218 2427 Oriente
1231 2397 1329 2426 bellum
1342 2403 1371 2426 et
1389 2398 1588 2433 populationem
1606 2396 1750 2425 denuntia-

966 2446 1013 2477 vit,
1027 2449 1169 2480 propterea
1181 2445 1252 2480 quod
1270 2445 1402 2472 tributum
1414 2444 1466 2473 sibi
1477 2451 1491 2471 a
1512 2443 1667 2471 Theodosio
1685 2450 1751 2470 con-

963 2491 1087 2519 stitulum
1099 2498 1152 2518 IIOII
1171 2491 1330 2518 solveretur.

1001 2536 1042 2564 I0.
1053 2536 1096 2572 (P.
1110 2537 1142 2565 A.
1154 2536 1185 2564 (Ζ.
1198 2536 1262 2568 453,
1276 2535 1406 2563 Marcian.
1423 2536 1463 2569 I.)
1477 2535 1654 2568 Ardaburius,
1666 2535 1750 2570 Aspa-

965 2585 1003 2612 ris
1021 2583 1102 2616 lilius,
1124 2583 1157 2610 ad
1177 2582 1338 2610 Damascum
1358 2581 1509 2609 Saracenos
1536 2581 1690 2609 debellavit.
1714 2580 1752 2608 Eo

965 2629 1112 2657 Maximino
1127 2628 1205 2659 duce,
1222 2632 1250 2654 et
1262 2627 1368 2660 Prisco,
1379 2626 1459 2662 hujus
1476 2626 1597 2654 historiae
1608 2626 1749 2661 scriptore,

964 2673 1182 2706 advenientibus,
1197 2672 1366 2702 oﬂ'enderunt
1384 2672 1569 2700 Ardaburium
1583 2676 1650 2700 eum
1669 2671 1751 2700 Sara-

965 2729 1094 2750 cenorum
1107 2720 1203 2755 legatis
1218 2719 1251 2747 de
1264 2726 1330 2755 pace
1344 2721 1515 2747 tractantem.

778 2778 821 2806 VA
828 2780 895 2807 lilzl‘l
917 2779 1120 2808 LECTIONES.

153 2825 177 2842 ⁷³
196 2825 267 2852 διαλε
273 2825 404 2860 ξαμένους
425 2825 496 2861 vulg.

127 2861 219 2895 ζεῦξαι
235 2861 307 2897 vulg.

543 2825 566 2840 "'
583 2825 795 2860 πρεσϐευομένοι
822 2827 894 2862 conj.
910 2827 942 2855 Ν.

994 2827 1018 2843 ⁸ο
1034 2824 1250 2862 περικεχυμένον
1269 2823 1341 2861 conj.
1356 2823 1386 2853 Β.
1423 2824 1444 2841 ¹¹
1461 2821 1611 2857 ἀναζεύξας
1629 2822 1676 2856 ιι..
1688 2822 1751 2850 ἀνα-
