  <div class='ocr_page' id='page_1' title='image "/cluster/home/n/w/nwhite01/storage/ocr_20150623/113/njp.32101077772968/383.png"; bbox 0 0 1945 3073; ppageno 0'>
   <div class='ocr_carea' id='block_1_1' title="bbox 199 138 251 169">
    <p class='ocr_par' dir='ltr' id='par_1_1' title="bbox 199 138 251 169">
     <span class='ocr_line' id='line_1_1' title="bbox 199 138 251 169; baseline -0.019 0"><span class='ocrx_word' id='word_1_1' title='bbox 199 138 251 169; x_wconf 70' lang='grc' dir='ltr'><strong>(ΩΤ)</strong></span> 
     </span>
    </p>
   </div>
   <div class='ocr_carea' id='block_1_2' title="bbox 708 135 1325 167">
    <p class='ocr_par' dir='ltr' id='par_1_2' title="bbox 708 135 1325 167">
     <span class='ocr_line' id='line_1_2' title="bbox 708 135 1325 167; baseline -0.003 0"><span class='ocrx_word' id='word_1_2' title='bbox 708 138 904 167; x_wconf 68' lang='grc' dir='ltr'><strong>ΕΧΟΕΠΡΤΛ</strong></span> <span class='ocrx_word' id='word_1_3' title='bbox 923 136 972 166; x_wconf 73' lang='lat' dir='ltr'><strong>EX</strong></span> <span class='ocrx_word' id='word_1_4' title='bbox 992 135 1126 164; x_wconf 70' lang='lat' dir='ltr'><strong>PRISCO</strong></span> <span class='ocrx_word' id='word_1_5' title='bbox 1145 135 1325 165; x_wconf 46' lang='lat' dir='ltr'><strong>RilE‘l‘tNiE</strong></span> 
     </span>
    </p>
   </div>
   <div class='ocr_carea' id='block_1_3' title="bbox 1769 136 1826 165">
    <p class='ocr_par' dir='ltr' id='par_1_3' title="bbox 1769 136 1826 165">
     <span class='ocr_line' id='line_1_3' title="bbox 1769 136 1826 165; baseline 0 0"><span class='ocrx_word' id='word_1_6' title='bbox 1769 136 1826 165; x_wconf 64' lang='lat'><strong>7110</strong></span> 
     </span>
    </p>
   </div>
   <div class='ocr_carea' id='block_1_4' title="bbox 234 187 982 226">
    <p class='ocr_par' dir='ltr' id='par_1_4' title="bbox 234 190 980 226">
     <span class='ocr_line' id='line_1_4' title="bbox 234 190 980 226; baseline -0.004 -8"><span class='ocrx_word' id='word_1_7' title='bbox 234 193 279 219; x_wconf 77' lang='lat'><strong>‘20.</strong></span> <span class='ocrx_word' id='word_1_8' title='bbox 308 192 352 226; x_wconf 73' lang='grc' dir='ltr'><strong>(Α.</strong></span> <span class='ocrx_word' id='word_1_9' title='bbox 377 191 407 219; x_wconf 88' lang='lat' dir='ltr'><strong>C.</strong></span> <span class='ocrx_word' id='word_1_10' title='bbox 432 191 495 223; x_wconf 62' lang='lat'><strong>‘69,</strong></span> <span class='ocrx_word' id='word_1_11' title='bbox 518 191 575 218; x_wconf 79' lang='lat' dir='ltr'><strong>iud.</strong></span> <span class='ocrx_word' id='word_1_12' title='bbox 597 192 622 223; x_wconf 85' lang='lat'><strong>7.</strong></span> <span class='ocrx_word' id='word_1_13' title='bbox 649 191 669 218; x_wconf 89' lang='lat' dir='ltr'><strong>L</strong></span> <span class='ocrx_word' id='word_1_14' title='bbox 687 199 732 218; x_wconf 88' lang='lat' dir='ltr'><strong>ou.</strong></span> <span class='ocrx_word' id='word_1_15' title='bbox 756 191 812 226; x_wconf 82' lang='grc'><strong>15.)</strong></span> <span class='ocrx_word' id='word_1_16' title='bbox 840 190 980 224; x_wconf 72' lang='lat' dir='ltr'><strong>Deugisich</strong></span> 
     </span>
    </p>
   </div>
   <div class='ocr_carea' id='block_1_5' title="bbox 1034 187 1826 226">
    <p class='ocr_par' dir='ltr' id='par_1_5' title="bbox 1068 187 1826 224">
     <span class='ocr_line' id='line_1_5' title="bbox 1068 187 1826 224; baseline 0 -9"><span class='ocrx_word' id='word_1_17' title='bbox 1068 187 1103 215; x_wconf 75' lang='lat' dir='ltr'><strong>x&#39;.</strong></span> <span class='ocrx_word' id='word_1_18' title='bbox 1125 188 1186 214; x_wconf 81' lang='grc' dir='ltr'>’Ὁτι</span> <span class='ocrx_word' id='word_1_19' title='bbox 1199 188 1328 223; x_wconf 79' lang='grc' dir='ltr'>Δεγγιζιχ</span> <span class='ocrx_word' id='word_1_20' title='bbox 1341 188 1458 223; x_wconf 73' lang='grc' dir='ltr'>πόλεμον</span> <span class='ocrx_word' id='word_1_21' title='bbox 1478 188 1525 214; x_wconf 72' lang='grc' dir='ltr'><strong>ἐπὶ</strong></span> <span class='ocrx_word' id='word_1_22' title='bbox 1541 189 1692 224; x_wconf 77' lang='grc' dir='ltr'>Ῥωμαίους</span> <span class='ocrx_word' id='word_1_23' title='bbox 1712 190 1826 223; x_wconf 69' lang='grc' dir='ltr'>ἐπενεγ-</span> 
     </span>
    </p>
   </div>
   <div class='ocr_carea' id='block_1_6' title="bbox 201 237 981 272">
    <p class='ocr_par' dir='ltr' id='par_1_6' title="bbox 201 237 981 272">
     <span class='ocr_line' id='line_1_6' title="bbox 201 237 981 272; baseline 0 -8"><span class='ocrx_word' id='word_1_24' title='bbox 201 238 298 264; x_wconf 71' lang='lat' dir='ltr'><strong>bellum</strong></span> <span class='ocrx_word' id='word_1_25' title='bbox 310 237 438 264; x_wconf 80' lang='lat' dir='ltr'><strong>Romanis</strong></span> <span class='ocrx_word' id='word_1_26' title='bbox 454 237 554 270; x_wconf 75' lang='lat' dir='ltr'><strong>intulit,</strong></span> <span class='ocrx_word' id='word_1_27' title='bbox 569 242 596 264; x_wconf 83' lang='lat' dir='ltr'><strong>et</strong></span> <span class='ocrx_word' id='word_1_28' title='bbox 607 237 675 264; x_wconf 78' lang='lat' dir='ltr'><strong>Istro</strong></span> <span class='ocrx_word' id='word_1_29' title='bbox 688 238 767 272; x_wconf 85' lang='lat' dir='ltr'><strong>potiri</strong></span> <span class='ocrx_word' id='word_1_30' title='bbox 784 238 892 265; x_wconf 74' lang='lat' dir='ltr'><strong>institit.</strong></span> <span class='ocrx_word' id='word_1_31' title='bbox 905 237 981 271; x_wconf 80' lang='lat' dir='ltr'><strong>Quod</strong></span> 
     </span>
    </p>
   </div>
   <div class='ocr_carea' id='block_1_7' title="bbox 200 281 983 318">
    <p class='ocr_par' dir='ltr' id='par_1_7' title="bbox 200 281 983 318">
     <span class='ocr_line' id='line_1_7' title="bbox 200 281 983 318; baseline 0.003 -11"><span class='ocrx_word' id='word_1_32' title='bbox 200 283 243 308; x_wconf 83' lang='lat' dir='ltr'><strong>ubi</strong></span> <span class='ocrx_word' id='word_1_33' title='bbox 260 281 404 317; x_wconf 71' lang='lat' dir='ltr'><strong>Oruigiscli</strong></span> <span class='ocrx_word' id='word_1_34' title='bbox 425 283 495 310; x_wconf 79' lang='lat' dir='ltr'><strong>illius</strong></span> <span class='ocrx_word' id='word_1_35' title='bbox 513 283 646 318; x_wconf 77' lang='lat' dir='ltr'><strong>comperit</strong></span> <span class='ocrx_word' id='word_1_36' title='bbox 661 283 696 317; x_wconf 83' lang='lat' dir='ltr'><strong>(is</strong></span> <span class='ocrx_word' id='word_1_37' title='bbox 711 284 739 310; x_wconf 90' lang='lat' dir='ltr'><strong>in</strong></span> <span class='ocrx_word' id='word_1_38' title='bbox 755 291 785 311; x_wconf 90' lang='lat' dir='ltr'><strong>ea</strong></span> <span class='ocrx_word' id='word_1_39' title='bbox 804 289 881 318; x_wconf 87' lang='lat' dir='ltr'><strong>parte</strong></span> <span class='ocrx_word' id='word_1_40' title='bbox 895 283 983 310; x_wconf 90' lang='lat' dir='ltr'><strong>Thra-</strong></span> 
     </span>
    </p>
   </div>
   <div class='ocr_carea' id='block_1_8' title="bbox 200 327 983 364">
    <p class='ocr_par' dir='ltr' id='par_1_8' title="bbox 200 327 983 364">
     <span class='ocr_line' id='line_1_8' title="bbox 200 327 983 364; baseline 0.006 -12"><span class='ocrx_word' id='word_1_41' title='bbox 200 329 258 358; x_wconf 63' lang='lat' dir='ltr'><strong>ciae.</strong></span> <span class='ocrx_word' id='word_1_42' title='bbox 282 335 342 362; x_wconf 76' lang='lat' dir='ltr'><strong>quae</strong></span> <span class='ocrx_word' id='word_1_43' title='bbox 366 328 400 354; x_wconf 90' lang='lat' dir='ltr'><strong>ad</strong></span> <span class='ocrx_word' id='word_1_44' title='bbox 428 327 526 355; x_wconf 78' lang='lat' dir='ltr'><strong>Istrum</strong></span> <span class='ocrx_word' id='word_1_45' title='bbox 550 333 601 362; x_wconf 87' lang='lat' dir='ltr'><strong>est,</strong></span> <span class='ocrx_word' id='word_1_46' title='bbox 627 330 754 357; x_wconf 67' lang='lat' dir='ltr'><strong>custodiae</strong></span> <span class='ocrx_word' id='word_1_47' title='bbox 778 330 842 364; x_wconf 72' lang='lat' dir='ltr'><strong>ripae</strong></span> <span class='ocrx_word' id='word_1_48' title='bbox 866 330 983 357; x_wconf 80' lang='lat' dir='ltr'><strong>ﬂuminis</strong></span> 
     </span>
    </p>
   </div>
   <div class='ocr_carea' id='block_1_9' title="bbox 201 373 984 410">
    <p class='ocr_par' dir='ltr' id='par_1_9' title="bbox 201 373 984 410">
     <span class='ocr_line' id='line_1_9' title="bbox 201 373 984 410; baseline 0.008 -12"><span class='ocrx_word' id='word_1_49' title='bbox 201 373 343 406; x_wconf 67' lang='lat' dir='ltr'><strong>prtetectus</strong></span> <span class='ocrx_word' id='word_1_50' title='bbox 358 374 439 409; x_wconf 82' lang='lat' dir='ltr'><strong>erat),</strong></span> <span class='ocrx_word' id='word_1_51' title='bbox 456 382 506 408; x_wconf 88' lang='lat' dir='ltr'><strong>per</strong></span> <span class='ocrx_word' id='word_1_52' title='bbox 521 382 584 401; x_wconf 84' lang='lat' dir='ltr'><strong>suos</strong></span> <span class='ocrx_word' id='word_1_53' title='bbox 609 383 641 402; x_wconf 74' lang='lat' dir='ltr'><strong>ex</strong></span> <span class='ocrx_word' id='word_1_54' title='bbox 664 383 697 403; x_wconf 90' lang='lat' dir='ltr'><strong>eo</strong></span> <span class='ocrx_word' id='word_1_55' title='bbox 713 377 847 410; x_wconf 66' lang='lat' dir='ltr'><strong>qua‘sivit,</strong></span> <span class='ocrx_word' id='word_1_56' title='bbox 871 384 905 404; x_wconf 91' lang='lat' dir='ltr'><strong>au</strong></span> <span class='ocrx_word' id='word_1_57' title='bbox 926 377 984 404; x_wconf 85' lang='lat' dir='ltr'><strong>acie</strong></span> 
     </span>
    </p>
   </div>
   <div class='ocr_carea' id='block_1_10' title="bbox 201 418 982 457">
    <p class='ocr_par' dir='ltr' id='par_1_10' title="bbox 201 418 982 457">
     <span class='ocr_line' id='line_1_10' title="bbox 201 418 982 457; baseline 0.008 -13"><span class='ocrx_word' id='word_1_58' title='bbox 201 418 340 446; x_wconf 74' lang='lat' dir='ltr'><strong>decertare</strong></span> <span class='ocrx_word' id='word_1_59' title='bbox 353 419 443 447; x_wconf 87' lang='lat' dir='ltr'><strong>vellet.</strong></span> <span class='ocrx_word' id='word_1_60' title='bbox 454 419 508 456; x_wconf 58' lang='lat'><strong>5.5</strong></span> <span class='ocrx_word' id='word_1_61' title='bbox 519 420 571 448; x_wconf 88' lang='lat' dir='ltr'><strong>Sed</strong></span> <span class='ocrx_word' id='word_1_62' title='bbox 587 421 728 456; x_wconf 69' lang='lat' dir='ltr'><strong>Densisich</strong></span> <span class='ocrx_word' id='word_1_63' title='bbox 738 423 902 457; x_wconf 80' lang='lat' dir='ltr'><strong>Anagaslum</strong></span> <span class='ocrx_word' id='word_1_64' title='bbox 917 431 982 451; x_wconf 84' lang='lat' dir='ltr'><strong>cott-</strong></span> 
     </span>
    </p>
   </div>
   <div class='ocr_carea' id='block_1_11' title="bbox 202 465 985 505">
    <p class='ocr_par' dir='ltr' id='par_1_11' title="bbox 202 465 985 505">
     <span class='ocr_line' id='line_1_11' title="bbox 202 465 985 505; baseline 0.009 -15"><span class='ocrx_word' id='word_1_65' title='bbox 202 469 337 497; x_wconf 84' lang='lat' dir='ltr'><strong>temnens,</strong></span> <span class='ocrx_word' id='word_1_66' title='bbox 358 465 391 492; x_wconf 85' lang='lat' dir='ltr'><strong>ab</strong></span> <span class='ocrx_word' id='word_1_67' title='bbox 408 472 440 492; x_wconf 88' lang='lat' dir='ltr'><strong>eo</strong></span> <span class='ocrx_word' id='word_1_68' title='bbox 461 467 560 494; x_wconf 79' lang='lat' dir='ltr'><strong>missos</strong></span> <span class='ocrx_word' id='word_1_69' title='bbox 583 474 613 495; x_wconf 90' lang='lat' dir='ltr'><strong>re</strong></span> <span class='ocrx_word' id='word_1_70' title='bbox 639 468 736 495; x_wconf 82' lang='lat' dir='ltr'><strong>inlecta</strong></span> <span class='ocrx_word' id='word_1_71' title='bbox 757 469 868 500; x_wconf 83' lang='lat' dir='ltr'><strong>dimisit.</strong></span> <span class='ocrx_word' id='word_1_72' title='bbox 890 474 918 497; x_wconf 93' lang='lat' dir='ltr'><strong>et</strong></span> <span class='ocrx_word' id='word_1_73' title='bbox 938 477 985 505; x_wconf 83' lang='lat' dir='ltr'><strong>per</strong></span> 
     </span>
    </p>
   </div>
   <div class='ocr_carea' id='block_1_12' title="bbox 202 509 984 548">
    <p class='ocr_par' dir='ltr' id='par_1_12' title="bbox 202 509 984 548">
     <span class='ocr_line' id='line_1_12' title="bbox 202 509 984 548; baseline 0.009 -13"><span class='ocrx_word' id='word_1_74' title='bbox 202 509 307 543; x_wconf 75' lang='lat' dir='ltr'><strong>legatos</strong></span> <span class='ocrx_word' id='word_1_75' title='bbox 322 510 480 545; x_wconf 71' lang='lat' dir='ltr'><strong>imperatori</strong></span> <span class='ocrx_word' id='word_1_76' title='bbox 492 512 668 544; x_wconf 81' lang='lat' dir='ltr'><strong>denuntiavit.</strong></span> <span class='ocrx_word' id='word_1_77' title='bbox 681 521 711 541; x_wconf 86' lang='lat' dir='ltr'><strong>se</strong></span> <span class='ocrx_word' id='word_1_78' title='bbox 721 513 819 541; x_wconf 87' lang='lat' dir='ltr'><strong>bellum</strong></span> <span class='ocrx_word' id='word_1_79' title='bbox 836 514 984 548; x_wconf 84' lang='lat' dir='ltr'><strong>illaturum,</strong></span> 
     </span>
    </p>
   </div>
   <div class='ocr_carea' id='block_1_13' title="bbox 203 555 983 593">
    <p class='ocr_par' dir='ltr' id='par_1_13' title="bbox 203 555 983 593">
     <span class='ocr_line' id='line_1_13' title="bbox 203 555 983 593; baseline 0.008 -11"><span class='ocrx_word' id='word_1_80' title='bbox 203 555 254 582; x_wconf 84' lang='lat' dir='ltr'><strong>nisi</strong></span> <span class='ocrx_word' id='word_1_81' title='bbox 272 555 322 583; x_wconf 82' lang='lat' dir='ltr'><strong>sibi</strong></span> <span class='ocrx_word' id='word_1_82' title='bbox 337 557 448 591; x_wconf 77' lang='lat' dir='ltr'><strong>suisque</strong></span> <span class='ocrx_word' id='word_1_83' title='bbox 462 560 562 584; x_wconf 85' lang='lat' dir='ltr'><strong>terram</strong></span> <span class='ocrx_word' id='word_1_84' title='bbox 577 563 604 585; x_wconf 89' lang='lat' dir='ltr'><strong>et</strong></span> <span class='ocrx_word' id='word_1_85' title='bbox 615 559 742 593; x_wconf 83' lang='lat' dir='ltr'><strong>pecunias</strong></span> <span class='ocrx_word' id='word_1_86' title='bbox 754 559 983 588; x_wconf 76' lang='lat' dir='ltr'><strong>subministraret.</strong></span> 
     </span>
    </p>
   </div>
   <div class='ocr_carea' id='block_1_14' title="bbox 202 601 985 641">
    <p class='ocr_par' dir='ltr' id='par_1_14' title="bbox 202 601 985 641">
     <span class='ocr_line' id='line_1_14' title="bbox 202 601 985 641; baseline 0.009 -14"><span class='ocrx_word' id='word_1_87' title='bbox 202 601 311 636; x_wconf 71' lang='lat' dir='ltr'><strong>Legatis</strong></span> <span class='ocrx_word' id='word_1_88' title='bbox 323 601 349 629; x_wconf 87' lang='lat' dir='ltr'><strong>in</strong></span> <span class='ocrx_word' id='word_1_89' title='bbox 367 603 468 638; x_wconf 77' lang='lat' dir='ltr'><strong>regiam</strong></span> <span class='ocrx_word' id='word_1_90' title='bbox 485 603 647 632; x_wconf 84' lang='lat' dir='ltr'><strong>introductis</strong></span> <span class='ocrx_word' id='word_1_91' title='bbox 662 610 689 632; x_wconf 89' lang='lat' dir='ltr'><strong>et</strong></span> <span class='ocrx_word' id='word_1_92' title='bbox 704 605 828 633; x_wconf 86' lang='lat' dir='ltr'><strong>mandata</strong></span> <span class='ocrx_word' id='word_1_93' title='bbox 847 613 985 641; x_wconf 84' lang='lat' dir='ltr'><strong>exponen-</strong></span> 
     </span>
    </p>
   </div>
   <div class='ocr_carea' id='block_1_15' title="bbox 203 647 986 686">
    <p class='ocr_par' dir='ltr' id='par_1_15' title="bbox 203 647 986 686">
     <span class='ocr_line' id='line_1_15' title="bbox 203 647 986 686; baseline 0.009 -13"><span class='ocrx_word' id='word_1_94' title='bbox 203 647 276 674; x_wconf 83' lang='lat' dir='ltr'><strong>tibus</strong></span> <span class='ocrx_word' id='word_1_95' title='bbox 292 647 439 682; x_wconf 84' lang='lat' dir='ltr'><strong>imperator</strong></span> <span class='ocrx_word' id='word_1_96' title='bbox 460 650 609 684; x_wconf 86' lang='lat' dir='ltr'><strong>respondit,</strong></span> <span class='ocrx_word' id='word_1_97' title='bbox 630 658 660 678; x_wconf 85' lang='lat' dir='ltr'><strong>se</strong></span> <span class='ocrx_word' id='word_1_98' title='bbox 678 651 768 678; x_wconf 87' lang='lat' dir='ltr'><strong>omnia</strong></span> <span class='ocrx_word' id='word_1_99' title='bbox 787 657 909 686; x_wconf 85' lang='lat' dir='ltr'><strong>paratum</strong></span> <span class='ocrx_word' id='word_1_100' title='bbox 925 659 986 681; x_wconf 87' lang='lat' dir='ltr'><strong>esse</strong></span> 
     </span>
    </p>
   </div>
   <div class='ocr_carea' id='block_1_16' title="bbox 204 690 984 729">
    <p class='ocr_par' dir='ltr' id='par_1_16' title="bbox 204 690 984 729">
     <span class='ocr_line' id='line_1_16' title="bbox 204 690 984 729; baseline 0.008 -11"><span class='ocrx_word' id='word_1_101' title='bbox 204 690 304 725; x_wconf 80' lang='lat' dir='ltr'><strong>facere,</strong></span> <span class='ocrx_word' id='word_1_102' title='bbox 325 693 348 720; x_wconf 84' lang='lat' dir='ltr'><strong>si</strong></span> <span class='ocrx_word' id='word_1_103' title='bbox 371 700 420 721; x_wconf 88' lang='lat' dir='ltr'><strong>suo</strong></span> <span class='ocrx_word' id='word_1_104' title='bbox 441 693 555 728; x_wconf 77' lang='lat' dir='ltr'><strong>imperio</strong></span> <span class='ocrx_word' id='word_1_105' title='bbox 578 695 686 729; x_wconf 83' lang='lat' dir='ltr'><strong>obsequi</strong></span> <span class='ocrx_word' id='word_1_106' title='bbox 709 695 817 724; x_wconf 78' lang='lat' dir='ltr'><strong>vellent.</strong></span> <span class='ocrx_word' id='word_1_107' title='bbox 837 696 894 723; x_wconf 72' lang='grc' dir='ltr'>δίιιξ</span> <span class='ocrx_word' id='word_1_108' title='bbox 913 697 984 724; x_wconf 89' lang='lat' dir='ltr'><strong>enim</strong></span> 
     </span>
    </p>
   </div>
   <div class='ocr_carea' id='block_1_17' title="bbox 203 738 983 776">
    <p class='ocr_par' dir='ltr' id='par_1_17' title="bbox 203 738 983 776">
     <span class='ocr_line' id='line_1_17' title="bbox 203 738 983 776; baseline 0.008 -13"><span class='ocrx_word' id='word_1_109' title='bbox 203 741 359 772; x_wconf 77' lang='lat' dir='ltr'><strong>pergratum</strong></span> <span class='ocrx_word' id='word_1_110' title='bbox 379 744 406 766; x_wconf 90' lang='lat' dir='ltr'><strong>et</strong></span> <span class='ocrx_word' id='word_1_111' title='bbox 418 738 566 773; x_wconf 84' lang='lat' dir='ltr'><strong>jucundum</strong></span> <span class='ocrx_word' id='word_1_112' title='bbox 587 747 657 773; x_wconf 85' lang='lat' dir='ltr'><strong>esse,</strong></span> <span class='ocrx_word' id='word_1_113' title='bbox 674 741 695 768; x_wconf 88' lang='lat' dir='ltr'><strong>si</strong></span> <span class='ocrx_word' id='word_1_114' title='bbox 715 742 821 776; x_wconf 81' lang='lat' dir='ltr'><strong>quando</strong></span> <span class='ocrx_word' id='word_1_115' title='bbox 840 741 941 769; x_wconf 89' lang='lat' dir='ltr'><strong>inimici</strong></span> <span class='ocrx_word' id='word_1_116' title='bbox 958 742 983 769; x_wconf 89' lang='lat' dir='ltr'><strong>iu</strong></span> 
     </span>
    </p>
   </div>
   <div class='ocr_carea' id='block_1_18' title="bbox 204 782 690 820">
    <p class='ocr_par' dir='ltr' id='par_1_18' title="bbox 204 782 690 820">
     <span class='ocr_line' id='line_1_18' title="bbox 204 782 690 820; baseline 0.01 -12"><span class='ocrx_word' id='word_1_117' title='bbox 204 782 292 810; x_wconf 68' lang='lat' dir='ltr'><strong>tmdus</strong></span> <span class='ocrx_word' id='word_1_118' title='bbox 307 783 519 820; x_wconf 79' lang='lat' dir='ltr'><strong>societatemque</strong></span> <span class='ocrx_word' id='word_1_119' title='bbox 537 786 690 814; x_wconf 82' lang='lat' dir='ltr'><strong>transirent.</strong></span> 
     </span>
    </p>
   </div>
   <div class='ocr_carea' id='block_1_19' title="bbox 236 914 984 958">
    <p class='ocr_par' dir='ltr' id='par_1_19' title="bbox 236 914 984 958">
     <span class='ocr_line' id='line_1_19' title="bbox 236 914 984 958; baseline 0.012 -17"><span class='ocrx_word' id='word_1_120' title='bbox 236 914 281 942; x_wconf 73' lang='grc'><strong>21.</strong></span> <span class='ocrx_word' id='word_1_121' title='bbox 305 915 349 951; x_wconf 82' lang='grc' dir='ltr'><strong>(Α.</strong></span> <span class='ocrx_word' id='word_1_122' title='bbox 371 916 402 944; x_wconf 86' lang='lat' dir='ltr'><strong>C.</strong></span> <span class='ocrx_word' id='word_1_123' title='bbox 425 917 490 950; x_wconf 68' lang='grc'><strong>470,</strong></span> <span class='ocrx_word' id='word_1_124' title='bbox 512 917 567 946; x_wconf 91' lang='lat' dir='ltr'><strong>Ind.</strong></span> <span class='ocrx_word' id='word_1_125' title='bbox 592 918 619 953; x_wconf 87' lang='lat'><strong>8,</strong></span> <span class='ocrx_word' id='word_1_126' title='bbox 637 919 719 948; x_wconf 87' lang='lat' dir='ltr'><strong>Leon.</strong></span> <span class='ocrx_word' id='word_1_127' title='bbox 743 919 800 957; x_wconf 78' lang='grc' dir='ltr'><strong>Η.)</strong></span> <span class='ocrx_word' id='word_1_128' title='bbox 819 922 984 958; x_wconf 74' lang='lat' dir='ltr'><strong>Anagastus,</strong></span> 
     </span>
    </p>
   </div>
   <div class='ocr_carea' id='block_1_20' title="bbox 203 959 984 1000">
    <p class='ocr_par' dir='ltr' id='par_1_20' title="bbox 203 959 984 1000">
     <span class='ocr_line' id='line_1_20' title="bbox 203 959 984 1000; baseline 0.014 -14"><span class='ocrx_word' id='word_1_129' title='bbox 203 959 348 989; x_wconf 80' lang='lat' dir='ltr'><strong>Basiliscus</strong></span> <span class='ocrx_word' id='word_1_130' title='bbox 361 967 389 990; x_wconf 88' lang='lat' dir='ltr'><strong>et</strong></span> <span class='ocrx_word' id='word_1_131' title='bbox 404 962 498 999; x_wconf 80' lang='lat' dir='ltr'><strong>Ostrys</strong></span> <span class='ocrx_word' id='word_1_132' title='bbox 511 968 538 992; x_wconf 83' lang='lat' dir='ltr'><strong>cl</strong></span> <span class='ocrx_word' id='word_1_133' title='bbox 549 965 593 992; x_wconf 82' lang='lat' dir='ltr'><strong>alii</strong></span> <span class='ocrx_word' id='word_1_134' title='bbox 609 966 716 1000; x_wconf 88' lang='lat' dir='ltr'><strong>quidam</strong></span> <span class='ocrx_word' id='word_1_135' title='bbox 733 967 814 995; x_wconf 85' lang='lat' dir='ltr'><strong>duces</strong></span> <span class='ocrx_word' id='word_1_136' title='bbox 828 968 941 996; x_wconf 79' lang='lat' dir='ltr'><strong>Romani</strong></span> <span class='ocrx_word' id='word_1_137' title='bbox 958 969 984 996; x_wconf 94' lang='lat' dir='ltr'><strong>in</strong></span> 
     </span>
    </p>
   </div>
   <div class='ocr_carea' id='block_1_21' title="bbox 201 1005 985 1044">
    <p class='ocr_par' dir='ltr' id='par_1_21' title="bbox 201 1005 985 1044">
     <span class='ocr_line' id='line_1_21' title="bbox 201 1005 985 1044; baseline 0.015 -12"><span class='ocrx_word' id='word_1_138' title='bbox 201 1005 290 1032; x_wconf 86' lang='lat' dir='ltr'><strong>locum</strong></span> <span class='ocrx_word' id='word_1_139' title='bbox 306 1007 451 1042; x_wconf 84' lang='lat' dir='ltr'><strong>abruptum</strong></span> <span class='ocrx_word' id='word_1_140' title='bbox 471 1014 499 1037; x_wconf 83' lang='lat' dir='ltr'><strong>et</strong></span> <span class='ocrx_word' id='word_1_141' title='bbox 515 1017 661 1038; x_wconf 75' lang='lat' dir='ltr'><strong>concavum</strong></span> <span class='ocrx_word' id='word_1_142' title='bbox 678 1011 781 1042; x_wconf 77' lang='lat' dir='ltr'><strong>Gothos</strong></span> <span class='ocrx_word' id='word_1_143' title='bbox 798 1014 917 1042; x_wconf 84' lang='lat' dir='ltr'><strong>inclusos</strong></span> <span class='ocrx_word' id='word_1_144' title='bbox 934 1016 985 1044; x_wconf 88' lang='lat' dir='ltr'><strong>ob-</strong></span> 
     </span>
    </p>
   </div>
   <div class='ocr_carea' id='block_1_22' title="bbox 201 1052 984 1094">
    <p class='ocr_par' dir='ltr' id='par_1_22' title="bbox 201 1052 984 1094">
     <span class='ocr_line' id='line_1_22' title="bbox 201 1052 984 1094; baseline 0.014 -17"><span class='ocrx_word' id='word_1_145' title='bbox 201 1052 338 1080; x_wconf 77' lang='lat' dir='ltr'><strong>sederunt.</strong></span> <span class='ocrx_word' id='word_1_146' title='bbox 364 1053 402 1082; x_wconf 81' lang='lat' dir='ltr'><strong>lbi</strong></span> <span class='ocrx_word' id='word_1_147' title='bbox 429 1054 535 1090; x_wconf 63' lang='lat' dir='ltr'><strong>Scytha</strong></span> <span class='ocrx_word' id='word_1_148' title='bbox 560 1056 679 1085; x_wconf 84' lang='lat' dir='ltr'><strong>victuum</strong></span> <span class='ocrx_word' id='word_1_149' title='bbox 707 1058 795 1094; x_wconf 86' lang='lat' dir='ltr'><strong>inopia</strong></span> <span class='ocrx_word' id='word_1_150' title='bbox 818 1059 984 1092; x_wconf 84' lang='lat' dir='ltr'><strong>laborantes,</strong></span> 
     </span>
    </p>
   </div>
   <div class='ocr_carea' id='block_1_23' title="bbox 203 1097 984 1139">
    <p class='ocr_par' dir='ltr' id='par_1_23' title="bbox 203 1097 984 1139">
     <span class='ocr_line' id='line_1_23' title="bbox 203 1097 984 1139; baseline 0.013 -16"><span class='ocrx_word' id='word_1_151' title='bbox 203 1097 340 1126; x_wconf 78' lang='lat' dir='ltr'><strong>Romanos</strong></span> <span class='ocrx_word' id='word_1_152' title='bbox 357 1100 448 1127; x_wconf 85' lang='lat' dir='ltr'><strong>missis</strong></span> <span class='ocrx_word' id='word_1_153' title='bbox 463 1100 555 1135; x_wconf 74' lang='lat' dir='ltr'><strong>legatis</strong></span> <span class='ocrx_word' id='word_1_154' title='bbox 571 1103 702 1130; x_wconf 83' lang='lat' dir='ltr'><strong>certiores</strong></span> <span class='ocrx_word' id='word_1_155' title='bbox 713 1103 844 1136; x_wconf 83' lang='lat' dir='ltr'><strong>fecerunt,</strong></span> <span class='ocrx_word' id='word_1_156' title='bbox 857 1112 897 1139; x_wconf 88' lang='lat' dir='ltr'><strong>se,</strong></span> <span class='ocrx_word' id='word_1_157' title='bbox 916 1105 984 1133; x_wconf 77' lang='lat' dir='ltr'><strong>facta</strong></span> 
     </span>
    </p>
   </div>
   <div class='ocr_carea' id='block_1_24' title="bbox 202 1143 985 1183">
    <p class='ocr_par' dir='ltr' id='par_1_24' title="bbox 202 1143 985 1183">
     <span class='ocr_line' id='line_1_24' title="bbox 202 1143 985 1183; baseline 0.013 -14"><span class='ocrx_word' id='word_1_158' title='bbox 202 1143 351 1177; x_wconf 85' lang='lat' dir='ltr'><strong>deditione,</strong></span> <span class='ocrx_word' id='word_1_159' title='bbox 361 1145 497 1179; x_wconf 89' lang='lat' dir='ltr'><strong>omnibus,</strong></span> <span class='ocrx_word' id='word_1_160' title='bbox 509 1154 568 1181; x_wconf 63' lang='lat' dir='ltr'><strong>qua</strong></span> <span class='ocrx_word' id='word_1_161' title='bbox 577 1149 731 1180; x_wconf 83' lang='lat' dir='ltr'><strong>statuerint.</strong></span> <span class='ocrx_word' id='word_1_162' title='bbox 749 1150 894 1183; x_wconf 84' lang='lat' dir='ltr'><strong>parituros,</strong></span> <span class='ocrx_word' id='word_1_163' title='bbox 906 1151 985 1178; x_wconf 88' lang='lat' dir='ltr'><strong>modo</strong></span> 
     </span>
    </p>
   </div>
   <div class='ocr_carea' id='block_1_25' title="bbox 202 1187 984 1224">
    <p class='ocr_par' dir='ltr' id='par_1_25' title="bbox 202 1187 984 1224">
     <span class='ocr_line' id='line_1_25' title="bbox 202 1187 984 1224; baseline 0.013 -10"><span class='ocrx_word' id='word_1_164' title='bbox 202 1187 253 1215; x_wconf 84' lang='lat' dir='ltr'><strong>sibi</strong></span> <span class='ocrx_word' id='word_1_165' title='bbox 281 1193 380 1216; x_wconf 85' lang='lat' dir='ltr'><strong>terram</strong></span> <span class='ocrx_word' id='word_1_166' title='bbox 405 1191 438 1218; x_wconf 88' lang='lat' dir='ltr'><strong>ad</strong></span> <span class='ocrx_word' id='word_1_167' title='bbox 467 1191 670 1221; x_wconf 83' lang='lat' dir='ltr'><strong>iuhabitandum</strong></span> <span class='ocrx_word' id='word_1_168' title='bbox 695 1196 855 1223; x_wconf 78' lang='lat' dir='ltr'><strong>concedant.</strong></span> <span class='ocrx_word' id='word_1_169' title='bbox 870 1196 984 1224; x_wconf 80' lang='lat' dir='ltr'><strong>Romani</strong></span> 
     </span>
    </p>
   </div>
   <div class='ocr_carea' id='block_1_26' title="bbox 202 1236 983 1278">
    <p class='ocr_par' dir='ltr' id='par_1_26' title="bbox 202 1236 983 1278">
     <span class='ocr_line' id='line_1_26' title="bbox 202 1236 983 1278; baseline 0.013 -18"><span class='ocrx_word' id='word_1_170' title='bbox 202 1236 401 1268; x_wconf 82' lang='lat' dir='ltr'><strong>responderunt</strong></span> <span class='ocrx_word' id='word_1_171' title='bbox 431 1245 461 1265; x_wconf 91' lang='lat' dir='ltr'><strong>se</strong></span> <span class='ocrx_word' id='word_1_172' title='bbox 477 1238 510 1265; x_wconf 83' lang='lat' dir='ltr'><strong>ad</strong></span> <span class='ocrx_word' id='word_1_173' title='bbox 526 1239 716 1272; x_wconf 82' lang='lat' dir='ltr'><strong>imperatorem</strong></span> <span class='ocrx_word' id='word_1_174' title='bbox 735 1249 828 1270; x_wconf 87' lang='lat' dir='ltr'><strong>eorum</strong></span> <span class='ocrx_word' id='word_1_175' title='bbox 850 1243 983 1278; x_wconf 83' lang='lat' dir='ltr'><strong>postulata</strong></span> 
     </span>
    </p>
   </div>
   <div class='ocr_carea' id='block_1_27' title="bbox 202 1280 985 1324">
    <p class='ocr_par' dir='ltr' id='par_1_27' title="bbox 202 1280 985 1324">
     <span class='ocr_line' id='line_1_27' title="bbox 202 1280 985 1324; baseline 0.014 -18"><span class='ocrx_word' id='word_1_176' title='bbox 202 1280 348 1309; x_wconf 84' lang='lat' dir='ltr'><strong>delatums.</strong></span> <span class='ocrx_word' id='word_1_177' title='bbox 366 1283 399 1310; x_wconf 82' lang='lat' dir='ltr'><strong>At</strong></span> <span class='ocrx_word' id='word_1_178' title='bbox 417 1282 522 1319; x_wconf 78' lang='lat' dir='ltr'><strong>Scythae</strong></span> <span class='ocrx_word' id='word_1_179' title='bbox 538 1290 647 1320; x_wconf 79' lang='lat' dir='ltr'><strong>prepter</strong></span> <span class='ocrx_word' id='word_1_180' title='bbox 659 1286 769 1321; x_wconf 70' lang='lat' dir='ltr'><strong>famem,</strong></span> <span class='ocrx_word' id='word_1_181' title='bbox 786 1296 846 1323; x_wconf 68' lang='lat' dir='ltr'><strong>quite</strong></span> <span class='ocrx_word' id='word_1_182' title='bbox 863 1296 909 1316; x_wconf 88' lang='lat' dir='ltr'><strong>eos</strong></span> <span class='ocrx_word' id='word_1_183' title='bbox 923 1297 985 1324; x_wconf 89' lang='lat' dir='ltr'><strong>pre-</strong></span> 
     </span>
    </p>
   </div>
   <div class='ocr_carea' id='block_1_28' title="bbox 201 1326 984 1369">
    <p class='ocr_par' dir='ltr' id='par_1_28' title="bbox 201 1326 984 1369">
     <span class='ocr_line' id='line_1_28' title="bbox 201 1326 984 1369; baseline 0.013 -17"><span class='ocrx_word' id='word_1_184' title='bbox 201 1326 303 1358; x_wconf 84' lang='lat' dir='ltr'><strong>mebat,</strong></span> <span class='ocrx_word' id='word_1_185' title='bbox 322 1329 472 1363; x_wconf 73' lang='lat' dir='ltr'><strong>transigere</strong></span> <span class='ocrx_word' id='word_1_186' title='bbox 493 1330 560 1357; x_wconf 83' lang='lat' dir='ltr'><strong>velle</strong></span> <span class='ocrx_word' id='word_1_187' title='bbox 582 1331 718 1364; x_wconf 79' lang='lat' dir='ltr'><strong>dixerunt.</strong></span> <span class='ocrx_word' id='word_1_188' title='bbox 741 1341 827 1368; x_wconf 84' lang='lat' dir='ltr'><strong>neque</strong></span> <span class='ocrx_word' id='word_1_189' title='bbox 850 1335 984 1369; x_wconf 74' lang='lat' dir='ltr'><strong>longiores</strong></span> 
     </span>
    </p>
   </div>
   <div class='ocr_carea' id='block_1_29' title="bbox 201 1373 984 1414">
    <p class='ocr_par' dir='ltr' id='par_1_29' title="bbox 201 1373 984 1414">
     <span class='ocr_line' id='line_1_29' title="bbox 201 1373 984 1414; baseline 0.013 -16"><span class='ocrx_word' id='word_1_190' title='bbox 201 1379 293 1400; x_wconf 82' lang='lat' dir='ltr'><strong>moras</strong></span> <span class='ocrx_word' id='word_1_191' title='bbox 309 1373 379 1401; x_wconf 79' lang='lat' dir='ltr'><strong>ferre</strong></span> <span class='ocrx_word' id='word_1_192' title='bbox 392 1381 481 1409; x_wconf 82' lang='lat' dir='ltr'><strong>posse.</strong></span> <span class='ocrx_word' id='word_1_193' title='bbox 496 1375 563 1403; x_wconf 84' lang='lat' dir='ltr'><strong>Tum</strong></span> <span class='ocrx_word' id='word_1_194' title='bbox 582 1376 711 1406; x_wconf 80' lang='lat' dir='ltr'><strong>Romanis</strong></span> <span class='ocrx_word' id='word_1_195' title='bbox 725 1379 864 1407; x_wconf 86' lang='lat' dir='ltr'><strong>ordinibus</strong></span> <span class='ocrx_word' id='word_1_196' title='bbox 878 1388 984 1414; x_wconf 65' lang='lat' dir='ltr'><strong>praepo-</strong></span> 
     </span>
    </p>
   </div>
   <div class='ocr_carea' id='block_1_30' title="bbox 201 1417 985 1458">
    <p class='ocr_par' dir='ltr' id='par_1_30' title="bbox 201 1417 985 1458">
     <span class='ocr_line' id='line_1_30' title="bbox 201 1417 985 1458; baseline 0.013 -15"><span class='ocrx_word' id='word_1_197' title='bbox 201 1417 259 1453; x_wconf 64' lang='lat' dir='ltr'><strong>siti,</strong></span> <span class='ocrx_word' id='word_1_198' title='bbox 276 1417 368 1446; x_wconf 85' lang='lat' dir='ltr'><strong>habito</strong></span> <span class='ocrx_word' id='word_1_199' title='bbox 379 1421 503 1453; x_wconf 83' lang='lat' dir='ltr'><strong>consilio,</strong></span> <span class='ocrx_word' id='word_1_200' title='bbox 518 1423 650 1456; x_wconf 85' lang='lat' dir='ltr'><strong>tantisper</strong></span> <span class='ocrx_word' id='word_1_201' title='bbox 666 1423 729 1450; x_wconf 89' lang='lat' dir='ltr'><strong>dum</strong></span> <span class='ocrx_word' id='word_1_202' title='bbox 748 1425 895 1458; x_wconf 83' lang='lat' dir='ltr'><strong>imperator</strong></span> <span class='ocrx_word' id='word_1_203' title='bbox 906 1426 985 1453; x_wconf 78' lang='lat' dir='ltr'><strong>aliter</strong></span> 
     </span>
    </p>
   </div>
   <div class='ocr_carea' id='block_1_31' title="bbox 200 1466 983 1504">
    <p class='ocr_par' dir='ltr' id='par_1_31' title="bbox 200 1466 983 1504">
     <span class='ocr_line' id='line_1_31' title="bbox 200 1466 983 1504; baseline 0.011 -14"><span class='ocrx_word' id='word_1_204' title='bbox 200 1468 342 1497; x_wconf 82' lang='lat' dir='ltr'><strong>statueret,</strong></span> <span class='ocrx_word' id='word_1_205' title='bbox 361 1466 488 1493; x_wconf 87' lang='lat' dir='ltr'><strong>alimenta</strong></span> <span class='ocrx_word' id='word_1_206' title='bbox 501 1474 530 1495; x_wconf 84' lang='lat' dir='ltr'><strong>se</strong></span> <span class='ocrx_word' id='word_1_207' title='bbox 549 1468 709 1502; x_wconf 60' lang='lat' dir='ltr'><strong>praebituros</strong></span> <span class='ocrx_word' id='word_1_208' title='bbox 732 1469 840 1503; x_wconf 84' lang='lat' dir='ltr'><strong>polliciti</strong></span> <span class='ocrx_word' id='word_1_209' title='bbox 865 1475 938 1504; x_wconf 86' lang='lat' dir='ltr'><strong>sunt,</strong></span> <span class='ocrx_word' id='word_1_210' title='bbox 961 1472 983 1499; x_wconf 90' lang='lat' dir='ltr'><strong>si</strong></span> 
     </span>
    </p>
   </div>
   <div class='ocr_carea' id='block_1_32' title="bbox 201 1509 1023 1556">
    <p class='ocr_par' dir='ltr' id='par_1_32' title="bbox 201 1509 1023 1556">
     <span class='ocr_line' id='line_1_32' title="bbox 201 1509 1023 1556; baseline 0.012 -21"><span class='ocrx_word' id='word_1_211' title='bbox 201 1509 310 1544; x_wconf 63' lang='lat' dir='ltr'><strong>Scythae</strong></span> <span class='ocrx_word' id='word_1_212' title='bbox 330 1510 512 1539; x_wconf 74' lang='lat' dir='ltr'><strong>Romanorum</strong></span> <span class='ocrx_word' id='word_1_213' title='bbox 539 1520 614 1541; x_wconf 86' lang='lat' dir='ltr'><strong>more</strong></span> <span class='ocrx_word' id='word_1_214' title='bbox 636 1514 773 1543; x_wconf 76' lang='lat' dir='ltr'><strong>exercitus</strong></span> <span class='ocrx_word' id='word_1_215' title='bbox 794 1515 820 1543; x_wconf 87' lang='lat' dir='ltr'><strong>in</strong></span> <span class='ocrx_word' id='word_1_216' title='bbox 842 1521 932 1551; x_wconf 85' lang='lat' dir='ltr'><strong>partes</strong></span> <span class='ocrx_word' id='word_1_217' title='bbox 954 1524 984 1545; x_wconf 88' lang='lat' dir='ltr'><strong>se</strong></span> <span class='ocrx_word' id='word_1_218' title='bbox 999 1526 1023 1556; x_wconf 78' lang='grc' dir='ltr'>ο</span> 
     </span>
    </p>
   </div>
   <div class='ocr_carea' id='block_1_33' title="bbox 201 1555 983 1597">
    <p class='ocr_par' dir='ltr' id='par_1_33' title="bbox 201 1555 983 1597">
     <span class='ocr_line' id='line_1_33' title="bbox 201 1555 983 1597; baseline 0.013 -17"><span class='ocrx_word' id='word_1_219' title='bbox 201 1555 274 1588; x_wconf 76' lang='lat' dir='ltr'><strong>ipsos</strong></span> <span class='ocrx_word' id='word_1_220' title='bbox 291 1555 453 1584; x_wconf 83' lang='lat' dir='ltr'><strong>dividerent.</strong></span> <span class='ocrx_word' id='word_1_221' title='bbox 468 1557 514 1584; x_wconf 87' lang='lat' dir='ltr'><strong>Sic</strong></span> <span class='ocrx_word' id='word_1_222' title='bbox 528 1559 600 1585; x_wconf 88' lang='lat' dir='ltr'><strong>enim</strong></span> <span class='ocrx_word' id='word_1_223' title='bbox 617 1559 722 1587; x_wconf 82' lang='lat' dir='ltr'><strong>facilius</strong></span> <span class='ocrx_word' id='word_1_224' title='bbox 736 1568 795 1593; x_wconf 86' lang='lat' dir='ltr'><strong>eos,</strong></span> <span class='ocrx_word' id='word_1_225' title='bbox 809 1569 870 1588; x_wconf 87' lang='lat' dir='ltr'><strong>cum</strong></span> <span class='ocrx_word' id='word_1_226' title='bbox 885 1562 983 1597; x_wconf 75' lang='lat' dir='ltr'><strong>singuli</strong></span> 
     </span>
    </p>
   </div>
   <div class='ocr_carea' id='block_1_34' title="bbox 199 1600 983 1639">
    <p class='ocr_par' dir='ltr' id='par_1_34' title="bbox 199 1600 983 1639">
     <span class='ocr_line' id='line_1_34' title="bbox 199 1600 983 1639; baseline 0.011 -13"><span class='ocrx_word' id='word_1_227' title='bbox 199 1600 321 1632; x_wconf 86' lang='lat' dir='ltr'><strong>ordines,</strong></span> <span class='ocrx_word' id='word_1_228' title='bbox 346 1609 400 1628; x_wconf 91' lang='lat' dir='ltr'><strong>non</strong></span> <span class='ocrx_word' id='word_1_229' title='bbox 424 1602 543 1635; x_wconf 80' lang='lat' dir='ltr'><strong>universi</strong></span> <span class='ocrx_word' id='word_1_230' title='bbox 566 1603 645 1631; x_wconf 89' lang='lat' dir='ltr'><strong>simul</strong></span> <span class='ocrx_word' id='word_1_231' title='bbox 663 1605 823 1639; x_wconf 84' lang='lat' dir='ltr'><strong>respiciendi</strong></span> <span class='ocrx_word' id='word_1_232' title='bbox 846 1612 946 1639; x_wconf 81' lang='lat' dir='ltr'><strong>essent,</strong></span> <span class='ocrx_word' id='word_1_233' title='bbox 969 1615 983 1635; x_wconf 88' lang='lat' dir='ltr'><strong>a</strong></span> 
     </span>
    </p>
   </div>
   <div class='ocr_carea' id='block_1_35' title="bbox 202 1645 983 1686">
    <p class='ocr_par' dir='ltr' id='par_1_35' title="bbox 202 1645 983 1686">
     <span class='ocr_line' id='line_1_35' title="bbox 202 1645 983 1686; baseline 0.012 -15"><span class='ocrx_word' id='word_1_234' title='bbox 202 1645 316 1674; x_wconf 82' lang='lat' dir='ltr'><strong>ducibus</strong></span> <span class='ocrx_word' id='word_1_235' title='bbox 330 1647 419 1674; x_wconf 83' lang='lat' dir='ltr'><strong>curari</strong></span> <span class='ocrx_word' id='word_1_236' title='bbox 436 1655 526 1683; x_wconf 80' lang='lat' dir='ltr'><strong>posse,</strong></span> <span class='ocrx_word' id='word_1_237' title='bbox 546 1648 646 1683; x_wconf 87' lang='lat' dir='ltr'><strong>quippe</strong></span> <span class='ocrx_word' id='word_1_238' title='bbox 659 1649 705 1684; x_wconf 87' lang='lat' dir='ltr'><strong>qui</strong></span> <span class='ocrx_word' id='word_1_239' title='bbox 721 1657 785 1677; x_wconf 84' lang='lat' dir='ltr'><strong>cura</strong></span> <span class='ocrx_word' id='word_1_240' title='bbox 799 1655 826 1678; x_wconf 85' lang='lat' dir='ltr'><strong>et</strong></span> <span class='ocrx_word' id='word_1_241' title='bbox 845 1651 983 1686; x_wconf 76' lang='lat' dir='ltr'><strong>diligentia</strong></span> 
     </span>
    </p>
   </div>
   <div class='ocr_carea' id='block_1_36' title="bbox 201 1690 985 1733">
    <p class='ocr_par' dir='ltr' id='par_1_36' title="bbox 201 1690 985 1733">
     <span class='ocr_line' id='line_1_36' title="bbox 201 1690 985 1733; baseline 0.009 -15"><span class='ocrx_word' id='word_1_242' title='bbox 201 1690 272 1718; x_wconf 93' lang='lat' dir='ltr'><strong>inter</strong></span> <span class='ocrx_word' id='word_1_243' title='bbox 288 1698 318 1719; x_wconf 89' lang='lat' dir='ltr'><strong>se</strong></span> <span class='ocrx_word' id='word_1_244' title='bbox 334 1691 390 1719; x_wconf 85' lang='lat' dir='ltr'><strong>sint</strong></span> <span class='ocrx_word' id='word_1_245' title='bbox 408 1693 548 1721; x_wconf 85' lang='lat' dir='ltr'><strong>certaturi.</strong></span> <span class='ocrx_word' id='word_1_246' title='bbox 569 1693 662 1729; x_wconf 84' lang='lat' dir='ltr'><strong>Itaque</strong></span> <span class='ocrx_word' id='word_1_247' title='bbox 677 1695 784 1731; x_wconf 73' lang='lat' dir='ltr'><strong>Scythae</strong></span> <span class='ocrx_word' id='word_1_248' title='bbox 798 1696 851 1730; x_wconf 87' lang='lat' dir='ltr'><strong>his,</strong></span> <span class='ocrx_word' id='word_1_249' title='bbox 868 1705 928 1733; x_wconf 68' lang='lat' dir='ltr'><strong>qua!</strong></span> <span class='ocrx_word' id='word_1_250' title='bbox 947 1698 985 1725; x_wconf 87' lang='lat' dir='ltr'><strong>le-</strong></span> 
     </span>
    </p>
   </div>
   <div class='ocr_carea' id='block_1_37' title="bbox 200 1736 985 1776">
    <p class='ocr_par' dir='ltr' id='par_1_37' title="bbox 200 1736 985 1776">
     <span class='ocr_line' id='line_1_37' title="bbox 200 1736 985 1776; baseline 0.011 -14"><span class='ocrx_word' id='word_1_251' title='bbox 200 1736 256 1770; x_wconf 75' lang='lat' dir='ltr'><strong>gati</strong></span> <span class='ocrx_word' id='word_1_252' title='bbox 279 1738 479 1772; x_wconf 82' lang='lat' dir='ltr'><strong>renuntiarunt,</strong></span> <span class='ocrx_word' id='word_1_253' title='bbox 501 1745 657 1773; x_wconf 88' lang='lat' dir='ltr'><strong>paruerunt.</strong></span> <span class='ocrx_word' id='word_1_254' title='bbox 673 1748 755 1776; x_wconf 84' lang='lat' dir='ltr'><strong>seque</strong></span> <span class='ocrx_word' id='word_1_255' title='bbox 770 1742 797 1769; x_wconf 94' lang='lat' dir='ltr'><strong>in</strong></span> <span class='ocrx_word' id='word_1_256' title='bbox 814 1743 924 1771; x_wconf 83' lang='lat' dir='ltr'><strong>totidem</strong></span> <span class='ocrx_word' id='word_1_257' title='bbox 940 1751 985 1771; x_wconf 89' lang='lat' dir='ltr'><strong>or-</strong></span> 
     </span>
    </p>
   </div>
   <div class='ocr_carea' id='block_1_38' title="bbox 200 1783 983 1820">
    <p class='ocr_par' dir='ltr' id='par_1_38' title="bbox 200 1783 983 1820">
     <span class='ocr_line' id='line_1_38' title="bbox 200 1783 983 1820; baseline 0.01 -11"><span class='ocrx_word' id='word_1_258' title='bbox 200 1783 277 1810; x_wconf 87' lang='lat' dir='ltr'><strong>dines</strong></span> <span class='ocrx_word' id='word_1_259' title='bbox 287 1783 494 1818; x_wconf 85' lang='lat' dir='ltr'><strong>distribuerunt,</strong></span> <span class='ocrx_word' id='word_1_260' title='bbox 507 1785 533 1813; x_wconf 92' lang='lat' dir='ltr'><strong>in</strong></span> <span class='ocrx_word' id='word_1_261' title='bbox 544 1793 613 1820; x_wconf 89' lang='lat' dir='ltr'><strong>quos</strong></span> <span class='ocrx_word' id='word_1_262' title='bbox 624 1786 738 1815; x_wconf 74' lang='lat' dir='ltr'><strong>Romani</strong></span> <span class='ocrx_word' id='word_1_263' title='bbox 748 1793 824 1816; x_wconf 87' lang='lat' dir='ltr'><strong>erant</strong></span> <span class='ocrx_word' id='word_1_264' title='bbox 836 1789 983 1818; x_wconf 84' lang='lat' dir='ltr'><strong>distributi.</strong></span> 
     </span>
    </p>
   </div>
   <div class='ocr_carea' id='block_1_39' title="bbox 200 1829 982 1870">
    <p class='ocr_par' dir='ltr' id='par_1_39' title="bbox 200 1829 982 1870">
     <span class='ocr_line' id='line_1_39' title="bbox 200 1829 982 1870; baseline 0.01 -14"><span class='ocrx_word' id='word_1_265' title='bbox 200 1829 260 1862; x_wconf 83' lang='lat' dir='ltr'><strong>Quo</strong></span> <span class='ocrx_word' id='word_1_266' title='bbox 272 1830 342 1858; x_wconf 81' lang='lat' dir='ltr'><strong>facto</strong></span> <span class='ocrx_word' id='word_1_267' title='bbox 355 1830 496 1863; x_wconf 87' lang='lat' dir='ltr'><strong>Chelchal.</strong></span> <span class='ocrx_word' id='word_1_268' title='bbox 513 1840 611 1868; x_wconf 74' lang='lat' dir='ltr'><strong>genere</strong></span> <span class='ocrx_word' id='word_1_269' title='bbox 632 1832 757 1866; x_wconf 80' lang='lat' dir='ltr'><strong>Hunnus,</strong></span> <span class='ocrx_word' id='word_1_270' title='bbox 774 1835 820 1870; x_wconf 89' lang='lat' dir='ltr'><strong>qui</strong></span> <span class='ocrx_word' id='word_1_271' title='bbox 837 1835 982 1864; x_wconf 83' lang='lat' dir='ltr'><strong>secundum</strong></span> 
     </span>
    </p>
   </div>
   <div class='ocr_carea' id='block_1_40' title="bbox 200 1876 983 1915">
    <p class='ocr_par' dir='ltr' id='par_1_40' title="bbox 200 1876 983 1915">
     <span class='ocr_line' id='line_1_40' title="bbox 200 1876 983 1915; baseline 0.01 -13"><span class='ocrx_word' id='word_1_272' title='bbox 200 1877 235 1903; x_wconf 89' lang='lat' dir='ltr'><strong>ab</strong></span> <span class='ocrx_word' id='word_1_273' title='bbox 251 1876 355 1911; x_wconf 86' lang='lat' dir='ltr'><strong>Aspare</strong></span> <span class='ocrx_word' id='word_1_274' title='bbox 371 1877 475 1912; x_wconf 84' lang='lat' dir='ltr'><strong>imperii</strong></span> <span class='ocrx_word' id='word_1_275' title='bbox 492 1879 604 1914; x_wconf 75' lang='lat' dir='ltr'><strong>gradum</strong></span> <span class='ocrx_word' id='word_1_276' title='bbox 618 1880 645 1907; x_wconf 91' lang='lat' dir='ltr'><strong>in</strong></span> <span class='ocrx_word' id='word_1_277' title='bbox 659 1886 715 1912; x_wconf 85' lang='lat' dir='ltr'><strong>eos,</strong></span> <span class='ocrx_word' id='word_1_278' title='bbox 732 1881 779 1915; x_wconf 89' lang='lat' dir='ltr'><strong>qui</strong></span> <span class='ocrx_word' id='word_1_279' title='bbox 794 1881 845 1909; x_wconf 88' lang='lat' dir='ltr'><strong>sub</strong></span> <span class='ocrx_word' id='word_1_280' title='bbox 858 1889 891 1909; x_wconf 84' lang='lat' dir='ltr'><strong>eo</strong></span> <span class='ocrx_word' id='word_1_281' title='bbox 908 1883 983 1910; x_wconf 92' lang='lat' dir='ltr'><strong>ordi-</strong></span> 
     </span>
    </p>
   </div>
   <div class='ocr_carea' id='block_1_41' title="bbox 200 1923 982 1962">
    <p class='ocr_par' dir='ltr' id='par_1_41' title="bbox 200 1923 982 1962">
     <span class='ocr_line' id='line_1_41' title="bbox 200 1923 982 1962; baseline 0.008 -12"><span class='ocrx_word' id='word_1_282' title='bbox 200 1930 248 1950; x_wconf 86' lang='lat' dir='ltr'><strong>nes</strong></span> <span class='ocrx_word' id='word_1_283' title='bbox 265 1923 411 1957; x_wconf 89' lang='lat' dir='ltr'><strong>ducebant,</strong></span> <span class='ocrx_word' id='word_1_284' title='bbox 427 1925 544 1958; x_wconf 86' lang='lat' dir='ltr'><strong>tenebat,</strong></span> <span class='ocrx_word' id='word_1_285' title='bbox 558 1925 751 1960; x_wconf 83' lang='lat' dir='ltr'><strong>Barbarorum,</strong></span> <span class='ocrx_word' id='word_1_286' title='bbox 764 1935 824 1962; x_wconf 69' lang='lat' dir='ltr'><strong>quae</strong></span> <span class='ocrx_word' id='word_1_287' title='bbox 837 1927 893 1955; x_wconf 80' lang='lat' dir='ltr'><strong>suis</strong></span> <span class='ocrx_word' id='word_1_288' title='bbox 908 1929 982 1956; x_wconf 86' lang='lat' dir='ltr'><strong>ordi-</strong></span> 
     </span>
    </p>
   </div>
   <div class='ocr_carea' id='block_1_42' title="bbox 199 1969 984 2009">
    <p class='ocr_par' dir='ltr' id='par_1_42' title="bbox 199 1969 984 2009">
     <span class='ocr_line' id='line_1_42' title="bbox 199 1969 984 2009; baseline 0.006 -12"><span class='ocrx_word' id='word_1_289' title='bbox 199 1969 279 1997; x_wconf 84' lang='lat' dir='ltr'><strong>nibus</strong></span> <span class='ocrx_word' id='word_1_290' title='bbox 298 1975 464 2004; x_wconf 77' lang='lat' dir='ltr'><strong>accesserat,</strong></span> <span class='ocrx_word' id='word_1_291' title='bbox 488 1971 628 2000; x_wconf 87' lang='lat' dir='ltr'><strong>cohortem</strong></span> <span class='ocrx_word' id='word_1_292' title='bbox 652 1973 758 2007; x_wconf 87' lang='lat' dir='ltr'><strong>obiens,</strong></span> <span class='ocrx_word' id='word_1_293' title='bbox 780 1973 808 2001; x_wconf 88' lang='lat' dir='ltr'><strong>in</strong></span> <span class='ocrx_word' id='word_1_294' title='bbox 830 1980 882 2009; x_wconf 71' lang='lat' dir='ltr'><strong>qus</strong></span> <span class='ocrx_word' id='word_1_295' title='bbox 905 1979 984 2002; x_wconf 87' lang='lat' dir='ltr'><strong>erant</strong></span> 
     </span>
    </p>
   </div>
   <div class='ocr_carea' id='block_1_43' title="bbox 199 2014 982 2054">
    <p class='ocr_par' dir='ltr' id='par_1_43' title="bbox 199 2014 982 2054">
     <span class='ocr_line' id='line_1_43' title="bbox 199 2014 982 2054; baseline 0.008 -12"><span class='ocrx_word' id='word_1_296' title='bbox 199 2014 291 2049; x_wconf 85' lang='lat' dir='ltr'><strong>plures</strong></span> <span class='ocrx_word' id='word_1_297' title='bbox 311 2023 425 2044; x_wconf 84' lang='lat' dir='ltr'><strong>numero</strong></span> <span class='ocrx_word' id='word_1_298' title='bbox 444 2016 534 2049; x_wconf 84' lang='lat' dir='ltr'><strong>Gothi,</strong></span> <span class='ocrx_word' id='word_1_299' title='bbox 551 2025 631 2053; x_wconf 85' lang='lat' dir='ltr'><strong>quam</strong></span> <span class='ocrx_word' id='word_1_300' title='bbox 650 2019 757 2054; x_wconf 88' lang='lat' dir='ltr'><strong>reliqui,</strong></span> <span class='ocrx_word' id='word_1_301' title='bbox 772 2019 866 2047; x_wconf 83' lang='lat' dir='ltr'><strong>accitis</strong></span> <span class='ocrx_word' id='word_1_302' title='bbox 881 2020 982 2054; x_wconf 87' lang='lat' dir='ltr'><strong>primo-</strong></span> 
     </span>
    </p>
   </div>
   <div class='ocr_carea' id='block_1_44' title="bbox 198 2060 981 2101">
    <p class='ocr_par' dir='ltr' id='par_1_44' title="bbox 198 2060 981 2101">
     <span class='ocr_line' id='line_1_44' title="bbox 198 2060 981 2101; baseline 0.006 -13"><span class='ocrx_word' id='word_1_303' title='bbox 198 2060 274 2089; x_wconf 82' lang='lat' dir='ltr'><strong>ribus</strong></span> <span class='ocrx_word' id='word_1_304' title='bbox 293 2062 446 2098; x_wconf 85' lang='lat' dir='ltr'><strong>hujusmodi</strong></span> <span class='ocrx_word' id='word_1_305' title='bbox 469 2065 618 2091; x_wconf 84' lang='lat' dir='ltr'><strong>orationem</strong></span> <span class='ocrx_word' id='word_1_306' title='bbox 638 2064 736 2092; x_wconf 83' lang='lat' dir='ltr'><strong>habere</strong></span> <span class='ocrx_word' id='word_1_307' title='bbox 754 2065 836 2101; x_wconf 68' lang='lat' dir='ltr'><strong>capit</strong></span> <span class='ocrx_word' id='word_1_308' title='bbox 849 2073 856 2092; x_wconf 89' lang='lat'><strong>:</strong></span> <span class='ocrx_word' id='word_1_309' title='bbox 870 2065 981 2094; x_wconf 84' lang='lat' dir='ltr'><strong>Terram</strong></span> 
     </span>
    </p>
   </div>
   <div class='ocr_carea' id='block_1_45' title="bbox 200 2107 981 2145">
    <p class='ocr_par' dir='ltr' id='par_1_45' title="bbox 200 2107 981 2145">
     <span class='ocr_line' id='line_1_45' title="bbox 200 2107 981 2145; baseline 0.005 -10"><span class='ocrx_word' id='word_1_310' title='bbox 200 2107 310 2143; x_wconf 90' lang='lat' dir='ltr'><strong>quidem</strong></span> <span class='ocrx_word' id='word_1_311' title='bbox 340 2109 532 2144; x_wconf 83' lang='lat' dir='ltr'><strong>imperatorem</strong></span> <span class='ocrx_word' id='word_1_312' title='bbox 557 2110 591 2138; x_wconf 83' lang='lat' dir='ltr'><strong>ad</strong></span> <span class='ocrx_word' id='word_1_313' title='bbox 615 2111 819 2139; x_wconf 84' lang='lat' dir='ltr'><strong>inhabitandum</strong></span> <span class='ocrx_word' id='word_1_314' title='bbox 845 2112 981 2145; x_wconf 84' lang='lat' dir='ltr'><strong>daturum,</strong></span> 
     </span>
    </p>
   </div>
   <div class='ocr_carea' id='block_1_46' title="bbox 198 2153 982 2190">
    <p class='ocr_par' dir='ltr' id='par_1_46' title="bbox 198 2153 982 2190">
     <span class='ocr_line' id='line_1_46' title="bbox 198 2153 982 2190; baseline 0.009 -11"><span class='ocrx_word' id='word_1_315' title='bbox 198 2160 259 2187; x_wconf 77' lang='lat' dir='ltr'><strong>qua:</strong></span> <span class='ocrx_word' id='word_1_316' title='bbox 272 2160 325 2181; x_wconf 92' lang='lat' dir='ltr'><strong>non</strong></span> <span class='ocrx_word' id='word_1_317' title='bbox 343 2153 396 2181; x_wconf 89' lang='lat' dir='ltr'><strong>illis</strong></span> <span class='ocrx_word' id='word_1_318' title='bbox 413 2153 509 2182; x_wconf 75' lang='lat' dir='ltr'><strong>fructui</strong></span> <span class='ocrx_word' id='word_1_319' title='bbox 527 2159 554 2182; x_wconf 86' lang='lat' dir='ltr'><strong>et</strong></span> <span class='ocrx_word' id='word_1_320' title='bbox 571 2157 711 2184; x_wconf 83' lang='lat' dir='ltr'><strong>commodo</strong></span> <span class='ocrx_word' id='word_1_321' title='bbox 730 2156 820 2184; x_wconf 78' lang='lat' dir='ltr'><strong>futura</strong></span> <span class='ocrx_word' id='word_1_322' title='bbox 836 2161 917 2190; x_wconf 79' lang='lat' dir='ltr'><strong>esset,</strong></span> <span class='ocrx_word' id='word_1_323' title='bbox 935 2157 982 2186; x_wconf 86' lang='lat' dir='ltr'><strong>sed</strong></span> 
     </span>
    </p>
   </div>
   <div class='ocr_carea' id='block_1_47' title="bbox 1035 234 1825 270">
    <p class='ocr_par' dir='ltr' id='par_1_47' title="bbox 1035 234 1825 270">
     <span class='ocr_line' id='line_1_47' title="bbox 1035 234 1825 270; baseline 0 -10"><span class='ocrx_word' id='word_1_324' title='bbox 1035 234 1127 265; x_wconf 68' lang='grc' dir='ltr'>κίντος</span> <span class='ocrx_word' id='word_1_325' title='bbox 1140 234 1188 261; x_wconf 81' lang='grc' dir='ltr'><strong>καὶ</strong></span> <span class='ocrx_word' id='word_1_326' title='bbox 1198 236 1231 270; x_wconf 81' lang='grc' dir='ltr'><strong>τῇ</strong></span> <span class='ocrx_word' id='word_1_327' title='bbox 1242 235 1288 261; x_wconf 77' lang='grc' dir='ltr'>τοῦ</span> <span class='ocrx_word' id='word_1_328' title='bbox 1299 235 1406 270; x_wconf 84' lang='grc' dir='ltr'>Ἴστρου</span> <span class='ocrx_word' id='word_1_329' title='bbox 1421 234 1690 270; x_wconf 74' lang='grc' dir='ltr'>προσκαρτεροῦντος</span> <span class='ocrx_word' id='word_1_330' title='bbox 1703 235 1732 267; x_wconf 79' lang='grc'><strong>’⁵,</strong></span> <span class='ocrx_word' id='word_1_331' title='bbox 1746 235 1825 261; x_wconf 73' lang='grc' dir='ltr'>τοῦτο</span> 
     </span>
    </p>
   </div>
   <div class='ocr_carea' id='block_1_48' title="bbox 1036 278 1826 316">
    <p class='ocr_par' dir='ltr' id='par_1_48' title="bbox 1036 278 1826 316">
     <span class='ocr_line' id='line_1_48' title="bbox 1036 278 1826 316; baseline 0.003 -11"><span class='ocrx_word' id='word_1_332' title='bbox 1036 278 1128 313; x_wconf 71' lang='grc' dir='ltr'>μαθὼν</span> <span class='ocrx_word' id='word_1_333' title='bbox 1140 280 1155 306; x_wconf 84' lang='grc' dir='ltr'><strong>ό</strong></span> <span class='ocrx_word' id='word_1_334' title='bbox 1167 279 1353 315; x_wconf 81' lang='grc' dir='ltr'>Ὀρνιγίσκλου</span> <span class='ocrx_word' id='word_1_335' title='bbox 1367 280 1433 315; x_wconf 71' lang='grc'><strong>(25)</strong></span> <span class='ocrx_word' id='word_1_336' title='bbox 1448 280 1545 315; x_wconf 80' lang='grc' dir='ltr'>(αὐτὸς</span> <span class='ocrx_word' id='word_1_337' title='bbox 1558 280 1612 315; x_wconf 77' lang='grc' dir='ltr'><strong>γὰρ</strong></span> <span class='ocrx_word' id='word_1_338' title='bbox 1624 278 1680 315; x_wconf 74' lang='grc' dir='ltr'>εἶχε</span> <span class='ocrx_word' id='word_1_339' title='bbox 1694 281 1742 316; x_wconf 80' lang='grc' dir='ltr'>τήν</span> <span class='ocrx_word' id='word_1_340' title='bbox 1758 281 1826 316; x_wconf 75' lang='grc' dir='ltr'>πρὸς</span> 
     </span>
    </p>
   </div>
   <div class='ocr_carea' id='block_1_49' title="bbox 1034 324 1825 362">
    <p class='ocr_par' dir='ltr' id='par_1_49' title="bbox 1034 324 1825 362">
     <span class='ocr_line' id='line_1_49' title="bbox 1034 324 1825 362; baseline 0.001 -12"><span class='ocrx_word' id='word_1_341' title='bbox 1034 324 1072 359; x_wconf 83' lang='grc' dir='ltr'>τῷ</span> <span class='ocrx_word' id='word_1_342' title='bbox 1091 324 1202 360; x_wconf 67' lang='grc' dir='ltr'>Θρᾳκίῳ</span> <span class='ocrx_word' id='word_1_343' title='bbox 1226 325 1304 360; x_wconf 98' lang='grc' dir='ltr'>μέρει</span> <span class='ocrx_word' id='word_1_344' title='bbox 1325 325 1374 352; x_wconf 82' lang='grc' dir='ltr'><strong>τοῦ</strong></span> <span class='ocrx_word' id='word_1_345' title='bbox 1398 326 1522 360; x_wconf 75' lang='grc' dir='ltr'>ποταμοῦ</span> <span class='ocrx_word' id='word_1_346' title='bbox 1545 326 1700 362; x_wconf 81' lang='grc' dir='ltr'>φυλακὴν),</span> <span class='ocrx_word' id='word_1_347' title='bbox 1720 327 1753 353; x_wconf 80' lang='grc' dir='ltr'>ὲκ</span> <span class='ocrx_word' id='word_1_348' title='bbox 1771 326 1825 355; x_wconf 70' lang='grc' dir='ltr'>τῶν</span> 
     </span>
    </p>
   </div>
   <div class='ocr_carea' id='block_1_50' title="bbox 1034 370 1825 408">
    <p class='ocr_par' dir='ltr' id='par_1_50' title="bbox 1034 370 1825 408">
     <span class='ocr_line' id='line_1_50' title="bbox 1034 370 1825 408; baseline 0 -11"><span class='ocrx_word' id='word_1_349' title='bbox 1034 370 1103 405; x_wconf 81' lang='grc' dir='ltr'>ἀμφ’</span> <span class='ocrx_word' id='word_1_350' title='bbox 1119 371 1200 398; x_wconf 78' lang='grc' dir='ltr'>αὐτὸν</span> <span class='ocrx_word' id='word_1_351' title='bbox 1220 371 1367 406; x_wconf 70' lang='grc' dir='ltr'>ἐκπέμψας</span> <span class='ocrx_word' id='word_1_352' title='bbox 1392 372 1558 399; x_wconf 78' lang='grc' dir='ltr'>ἐπυνθάνετο</span> <span class='ocrx_word' id='word_1_353' title='bbox 1582 373 1596 399; x_wconf 82' lang='grc' dir='ltr'><strong>ὅ</strong></span> <span class='ocrx_word' id='word_1_354' title='bbox 1616 382 1641 399; x_wconf 84' lang='grc' dir='ltr'><strong>τι</strong></span> <span class='ocrx_word' id='word_1_355' title='bbox 1666 372 1825 408; x_wconf 72' lang='grc' dir='ltr'>βουλόμενοι</span> 
     </span>
    </p>
   </div>
   <div class='ocr_carea' id='block_1_51' title="bbox 1035 417 1824 453">
    <p class='ocr_par' dir='ltr' id='par_1_51' title="bbox 1035 417 1824 453">
     <span class='ocr_line' id='line_1_51' title="bbox 1035 417 1824 453; baseline 0.001 -10"><span class='ocrx_word' id='word_1_356' title='bbox 1035 417 1103 451; x_wconf 74' lang='grc' dir='ltr'>πρὸς</span> <span class='ocrx_word' id='word_1_357' title='bbox 1125 417 1215 452; x_wconf 82' lang='grc' dir='ltr'>μάχην</span> <span class='ocrx_word' id='word_1_358' title='bbox 1237 419 1504 453; x_wconf 77' lang='grc' dir='ltr'>παρασκευάζονται.</span> <span class='ocrx_word' id='word_1_359' title='bbox 1523 419 1553 445; x_wconf 81' lang='lat'><strong>&#39;0</strong></span> <span class='ocrx_word' id='word_1_360' title='bbox 1579 418 1607 445; x_wconf 76' lang='grc' dir='ltr'><strong>δὲ</strong></span> <span class='ocrx_word' id='word_1_361' title='bbox 1628 418 1757 453; x_wconf 78' lang='grc' dir='ltr'>Δεγγιζὶχ</span> <span class='ocrx_word' id='word_1_362' title='bbox 1776 417 1824 444; x_wconf 74' lang='grc' dir='ltr'>τοῦ</span> 
     </span>
    </p>
   </div>
   <div class='ocr_carea' id='block_1_52' title="bbox 1041 462 1825 499">
    <p class='ocr_par' dir='ltr' id='par_1_52' title="bbox 1041 462 1825 499">
     <span class='ocr_line' id='line_1_52' title="bbox 1041 462 1825 499; baseline 0.001 -11"><span class='ocrx_word' id='word_1_363' title='bbox 1041 462 1206 496; x_wconf 80' lang='grc' dir='ltr'>’Λναγάστου</span> <span class='ocrx_word' id='word_1_364' title='bbox 1238 463 1462 499; x_wconf 80' lang='grc' dir='ltr'>κατολιγωρήσας</span> <span class='ocrx_word' id='word_1_365' title='bbox 1487 464 1552 495; x_wconf 69' lang='grc' dir='ltr'>τοὺς</span> <span class='ocrx_word' id='word_1_366' title='bbox 1581 464 1626 490; x_wconf 83' lang='grc' dir='ltr'><strong>ὑπ’</strong></span> <span class='ocrx_word' id='word_1_367' title='bbox 1642 463 1724 490; x_wconf 80' lang='grc' dir='ltr'>αὑτοῦ</span> <span class='ocrx_word' id='word_1_368' title='bbox 1753 472 1825 498; x_wconf 82' lang='grc' dir='ltr'>πεμ-</span> 
     </span>
    </p>
   </div>
   <div class='ocr_carea' id='block_1_53' title="bbox 1035 509 1824 546">
    <p class='ocr_par' dir='ltr' id='par_1_53' title="bbox 1035 509 1824 546">
     <span class='ocr_line' id='line_1_53' title="bbox 1035 509 1824 546; baseline 0.001 -11"><span class='ocrx_word' id='word_1_369' title='bbox 1035 509 1152 543; x_wconf 80' lang='grc' dir='ltr'>φθέντας</span> <span class='ocrx_word' id='word_1_370' title='bbox 1164 511 1325 545; x_wconf 79' lang='grc' dir='ltr'><strong>ἀπράκτους</strong></span> <span class='ocrx_word' id='word_1_371' title='bbox 1338 511 1414 545; x_wconf 71' lang='grc' dir='ltr'>ἠφίει</span> <span class='ocrx_word' id='word_1_372' title='bbox 1426 530 1434 543; x_wconf 84' lang='grc'><em>,</em></span> <span class='ocrx_word' id='word_1_373' title='bbox 1447 510 1523 546; x_wconf 75' lang='grc' dir='ltr'>παρὰ</span> <span class='ocrx_word' id='word_1_374' title='bbox 1537 510 1565 537; x_wconf 80' lang='grc' dir='ltr'><strong>δὲ</strong></span> <span class='ocrx_word' id='word_1_375' title='bbox 1579 510 1623 537; x_wconf 73' lang='grc' dir='ltr'><strong>τὸν</strong></span> <span class='ocrx_word' id='word_1_376' title='bbox 1637 510 1748 545; x_wconf 80' lang='grc' dir='ltr'>βασιλέα</span> <span class='ocrx_word' id='word_1_377' title='bbox 1761 510 1824 540; x_wconf 68' lang='grc' dir='ltr'>τοὺς</span> 
     </span>
    </p>
   </div>
   <div class='ocr_carea' id='block_1_54' title="bbox 1034 554 1824 591">
    <p class='ocr_par' dir='ltr' id='par_1_54' title="bbox 1034 554 1824 591">
     <span class='ocr_line' id='line_1_54' title="bbox 1034 554 1824 591; baseline -0.001 -10"><span class='ocrx_word' id='word_1_378' title='bbox 1034 554 1238 591; x_wconf 75' lang='grc' dir='ltr'><strong>διαλεξομένους</strong></span> <span class='ocrx_word' id='word_1_379' title='bbox 1255 555 1389 589; x_wconf 76' lang='grc' dir='ltr'><strong>ἔστελλεν,</strong></span> <span class='ocrx_word' id='word_1_380' title='bbox 1404 556 1453 588; x_wconf 84' lang='grc' dir='ltr'>ὡς.</span> <span class='ocrx_word' id='word_1_381' title='bbox 1469 557 1493 582; x_wconf 86' lang='grc' dir='ltr'><strong>εί</strong></span> <span class='ocrx_word' id='word_1_382' title='bbox 1511 556 1548 591; x_wconf 82' lang='grc' dir='ltr'>μὴ</span> <span class='ocrx_word' id='word_1_383' title='bbox 1564 556 1617 591; x_wconf 85' lang='grc' dir='ltr'>γῆν</span> <span class='ocrx_word' id='word_1_384' title='bbox 1632 556 1678 582; x_wconf 85' lang='grc' dir='ltr'>καὶ</span> <span class='ocrx_word' id='word_1_385' title='bbox 1696 556 1824 590; x_wconf 80' lang='grc' dir='ltr'>χρήματι</span> 
     </span>
    </p>
   </div>
   <div class='ocr_carea' id='block_1_55' title="bbox 1034 600 1824 637">
    <p class='ocr_par' dir='ltr' id='par_1_55' title="bbox 1034 600 1824 637">
     <span class='ocr_line' id='line_1_55' title="bbox 1034 600 1824 637; baseline 0 -11"><span class='ocrx_word' id='word_1_386' title='bbox 1034 600 1108 635; x_wconf 79' lang='grc' dir='ltr'><strong>αὒτῷ</strong></span> <span class='ocrx_word' id='word_1_387' title='bbox 1125 600 1173 627; x_wconf 82' lang='grc' dir='ltr'>καὶ</span> <span class='ocrx_word' id='word_1_388' title='bbox 1189 601 1226 636; x_wconf 84' lang='grc' dir='ltr'>τῷ</span> <span class='ocrx_word' id='word_1_389' title='bbox 1236 601 1258 618; x_wconf 82' lang='grc'><strong>¹⁶</strong></span> <span class='ocrx_word' id='word_1_390' title='bbox 1274 602 1400 637; x_wconf 72' lang='grc' dir='ltr'>ἑπομένῳ</span> <span class='ocrx_word' id='word_1_391' title='bbox 1417 601 1471 636; x_wconf 79' lang='grc' dir='ltr'><strong>δῴη</strong></span> <span class='ocrx_word' id='word_1_392' title='bbox 1490 601 1614 637; x_wconf 83' lang='grc' dir='ltr'>στρατῷ,</span> <span class='ocrx_word' id='word_1_393' title='bbox 1631 601 1748 636; x_wconf 81' lang='grc' dir='ltr'>πόλεμον</span> <span class='ocrx_word' id='word_1_394' title='bbox 1773 601 1824 626; x_wconf 73' lang='grc' dir='ltr'><strong>ἐπι</strong></span> 
     </span>
    </p>
   </div>
   <div class='ocr_carea' id='block_1_56' title="bbox 1034 644 1822 681">
    <p class='ocr_par' dir='ltr' id='par_1_56' title="bbox 1034 644 1822 681">
     <span class='ocr_line' id='line_1_56' title="bbox 1034 644 1822 681; baseline -0.001 -9"><span class='ocrx_word' id='word_1_395' title='bbox 1034 644 1103 676; x_wconf 76' lang='grc' dir='ltr'>ἀξει.</span> <span class='ocrx_word' id='word_1_396' title='bbox 1123 645 1183 672; x_wconf 86' lang='grc' dir='ltr'><strong>Τῶν</strong></span> <span class='ocrx_word' id='word_1_397' title='bbox 1202 645 1231 672; x_wconf 73' lang='grc' dir='ltr'><strong>δὲ</strong></span> <span class='ocrx_word' id='word_1_398' title='bbox 1243 646 1308 680; x_wconf 86' lang='grc' dir='ltr'>παρ’</span> <span class='ocrx_word' id='word_1_399' title='bbox 1319 647 1422 673; x_wconf 73' lang='grc' dir='ltr'>ἐκείνου</span> <span class='ocrx_word' id='word_1_400' title='bbox 1445 646 1587 681; x_wconf 83' lang='grc' dir='ltr'>πρέσϐεων</span> <span class='ocrx_word' id='word_1_401' title='bbox 1607 647 1636 677; x_wconf 71' lang='grc' dir='ltr'>ἐς</span> <span class='ocrx_word' id='word_1_402' title='bbox 1649 646 1684 672; x_wconf 81' lang='grc' dir='ltr'>τὰ</span> <span class='ocrx_word' id='word_1_403' title='bbox 1697 645 1822 681; x_wconf 80' lang='grc' dir='ltr'>βασίλεια</span> 
     </span>
    </p>
   </div>
   <div class='ocr_carea' id='block_1_57' title="bbox 1034 690 1822 726">
    <p class='ocr_par' dir='ltr' id='par_1_57' title="bbox 1034 690 1822 726">
     <span class='ocr_line' id='line_1_57' title="bbox 1034 690 1822 726; baseline 0 -10"><span class='ocrx_word' id='word_1_404' title='bbox 1034 690 1208 724; x_wconf 79' lang='grc' dir='ltr'>ἀφικομένων</span> <span class='ocrx_word' id='word_1_405' title='bbox 1217 691 1263 718; x_wconf 66' lang='grc' dir='ltr'><strong>καὶ</strong></span> <span class='ocrx_word' id='word_1_406' title='bbox 1272 691 1305 717; x_wconf 77' lang='grc' dir='ltr'><strong>τὰ</strong></span> <span class='ocrx_word' id='word_1_407' title='bbox 1313 691 1404 723; x_wconf 76' lang='grc' dir='ltr'>αὐτοῖς</span> <span class='ocrx_word' id='word_1_408' title='bbox 1413 691 1576 718; x_wconf 81' lang='grc' dir='ltr'>ὲνταλθέντα</span> <span class='ocrx_word' id='word_1_409' title='bbox 1586 691 1822 726; x_wconf 73' lang='grc' dir='ltr'>ἀπαγγειλάντων,</span> 
     </span>
    </p>
   </div>
   <div class='ocr_carea' id='block_1_58' title="bbox 1034 735 1820 772">
    <p class='ocr_par' dir='ltr' id='par_1_58' title="bbox 1034 735 1820 772">
     <span class='ocr_line' id='line_1_58' title="bbox 1034 735 1820 772; baseline 0 -11"><span class='ocrx_word' id='word_1_410' title='bbox 1034 735 1203 769; x_wconf 79' lang='grc' dir='ltr'>ἁπεκρίνατο</span> <span class='ocrx_word' id='word_1_411' title='bbox 1226 736 1353 770; x_wconf 81' lang='grc' dir='ltr'>βασιλεὺς</span> <span class='ocrx_word' id='word_1_412' title='bbox 1377 737 1494 772; x_wconf 73' lang='grc' dir='ltr'>ἑτοίμως</span> <span class='ocrx_word' id='word_1_413' title='bbox 1518 737 1590 772; x_wconf 77' lang='grc' dir='ltr'>ἔχειν</span> <span class='ocrx_word' id='word_1_414' title='bbox 1611 737 1700 764; x_wconf 75' lang='grc' dir='ltr'>πάντα</span> <span class='ocrx_word' id='word_1_415' title='bbox 1723 737 1820 768; x_wconf 81' lang='grc' dir='ltr'>ποιεῖν,</span> 
     </span>
    </p>
   </div>
   <div class='ocr_carea' id='block_1_59' title="bbox 1035 779 1821 818">
    <p class='ocr_par' dir='ltr' id='par_1_59' title="bbox 1035 779 1821 818">
     <span class='ocr_line' id='line_1_59' title="bbox 1035 779 1821 818; baseline 0.001 -12"><span class='ocrx_word' id='word_1_416' title='bbox 1035 779 1092 813; x_wconf 83' lang='grc' dir='ltr'>είγε</span> <span class='ocrx_word' id='word_1_417' title='bbox 1116 780 1332 815; x_wconf 81' lang='grc' dir='ltr'>ὑπακουσόμενοι</span> <span class='ocrx_word' id='word_1_418' title='bbox 1358 782 1433 818; x_wconf 70' lang='grc' dir='ltr'>αὐτῷ</span> <span class='ocrx_word' id='word_1_419' title='bbox 1457 782 1683 816; x_wconf 73' lang='grc' dir='ltr'>παραγένωνται·</span> <span class='ocrx_word' id='word_1_420' title='bbox 1713 782 1821 816; x_wconf 75' lang='grc' dir='ltr'>χαίρειν</span> 
     </span>
    </p>
   </div>
   <div class='ocr_carea' id='block_1_60' title="bbox 1036 824 1822 861">
    <p class='ocr_par' dir='ltr' id='par_1_60' title="bbox 1036 824 1822 861">
     <span class='ocr_line' id='line_1_60' title="bbox 1036 824 1822 861; baseline 0.001 -11"><span class='ocrx_word' id='word_1_421' title='bbox 1036 824 1090 859; x_wconf 81' lang='grc' dir='ltr'><strong>γὰρ</strong></span> <span class='ocrx_word' id='word_1_422' title='bbox 1104 824 1160 856; x_wconf 86' lang='grc' dir='ltr'>τοῖς</span> <span class='ocrx_word' id='word_1_423' title='bbox 1175 824 1229 851; x_wconf 74' lang='grc' dir='ltr'><strong>ἀπὸ</strong></span> <span class='ocrx_word' id='word_1_424' title='bbox 1242 824 1297 851; x_wconf 86' lang='grc' dir='ltr'><strong>τῶν</strong></span> <span class='ocrx_word' id='word_1_425' title='bbox 1313 825 1417 860; x_wconf 69' lang='grc' dir='ltr'>ἐχθρῶν</span> <span class='ocrx_word' id='word_1_426' title='bbox 1432 826 1478 853; x_wconf 71' lang='grc' dir='ltr'><strong>ἐπὶ</strong></span> <span class='ocrx_word' id='word_1_427' title='bbox 1494 826 1639 861; x_wconf 73' lang='grc' dir='ltr'>συμμαχίᾳ</span> <span class='ocrx_word' id='word_1_428' title='bbox 1653 825 1822 860; x_wconf 77' lang='grc' dir='ltr'>ἀφικνουμέ-</span> 
     </span>
    </p>
   </div>
   <div class='ocr_carea' id='block_1_61' title="bbox 1035 878 1101 901">
    <p class='ocr_par' dir='ltr' id='par_1_61' title="bbox 1035 878 1101 901">
     <span class='ocr_line' id='line_1_61' title="bbox 1035 878 1101 901; baseline 0 -5"><span class='ocrx_word' id='word_1_429' title='bbox 1035 878 1101 901; x_wconf 85' lang='grc' dir='ltr'>νοις.</span> 
     </span>
    </p>
   </div>
   <div class='ocr_carea' id='block_1_62' title="bbox 1069 914 1821 950">
    <p class='ocr_par' dir='ltr' id='par_1_62' title="bbox 1069 914 1821 950">
     <span class='ocr_line' id='line_1_62' title="bbox 1069 914 1821 950; baseline -0.001 -8"><span class='ocrx_word' id='word_1_430' title='bbox 1069 917 1123 942; x_wconf 82' lang='grc' dir='ltr'>κα¹.</span> <span class='ocrx_word' id='word_1_431' title='bbox 1138 914 1372 949; x_wconf 75' lang='grc' dir='ltr'>ὈτιἍναγαστου</span> <span class='ocrx_word' id='word_1_432' title='bbox 1382 915 1429 942; x_wconf 77' lang='grc' dir='ltr'>καὶ</span> <span class='ocrx_word' id='word_1_433' title='bbox 1438 915 1599 942; x_wconf 79' lang='grc' dir='ltr'>Βασιλίσκου</span> <span class='ocrx_word' id='word_1_434' title='bbox 1608 915 1792 950; x_wconf 75' lang='grc' dir='ltr'>καὶὌστρὺου</span> <span class='ocrx_word' id='word_1_435' title='bbox 1799 916 1821 931; x_wconf 85' lang='grc'><strong>¹⁷</strong></span> 
     </span>
    </p>
   </div>
   <div class='ocr_carea' id='block_1_63' title="bbox 1035 960 1821 997">
    <p class='ocr_par' dir='ltr' id='par_1_63' title="bbox 1035 960 1821 997">
     <span class='ocr_line' id='line_1_63' title="bbox 1035 960 1821 997; baseline 0 -10"><span class='ocrx_word' id='word_1_436' title='bbox 1035 960 1083 987; x_wconf 77' lang='grc' dir='ltr'>καὶ</span> <span class='ocrx_word' id='word_1_437' title='bbox 1098 960 1185 988; x_wconf 71' lang='grc' dir='ltr'>ἄλλων</span> <span class='ocrx_word' id='word_1_438' title='bbox 1197 961 1278 988; x_wconf 84' lang='grc' dir='ltr'>τινῶν</span> <span class='ocrx_word' id='word_1_439' title='bbox 1292 961 1454 997; x_wconf 84' lang='grc' dir='ltr'>στρατηγῶν</span> <span class='ocrx_word' id='word_1_440' title='bbox 1470 960 1612 995; x_wconf 84' lang='grc' dir='ltr'>Ῥωμαίων</span> <span class='ocrx_word' id='word_1_441' title='bbox 1626 961 1689 993; x_wconf 69' lang='grc' dir='ltr'>τοὺς</span> <span class='ocrx_word' id='word_1_442' title='bbox 1704 960 1821 993; x_wconf 75' lang='grc' dir='ltr'>Γότῦους</span> 
     </span>
    </p>
   </div>
   <div class='ocr_carea' id='block_1_64' title="bbox 1036 1005 1823 1042">
    <p class='ocr_par' dir='ltr' id='par_1_64' title="bbox 1036 1005 1823 1042">
     <span class='ocr_line' id='line_1_64' title="bbox 1036 1005 1823 1042; baseline 0 -10"><span class='ocrx_word' id='word_1_443' title='bbox 1036 1005 1064 1038; x_wconf 71' lang='grc' dir='ltr'>ἐς</span> <span class='ocrx_word' id='word_1_444' title='bbox 1077 1015 1137 1034; x_wconf 87' lang='grc' dir='ltr'>τινα</span> <span class='ocrx_word' id='word_1_445' title='bbox 1153 1007 1242 1033; x_wconf 84' lang='grc' dir='ltr'>κοῖλον</span> <span class='ocrx_word' id='word_1_446' title='bbox 1255 1006 1343 1042; x_wconf 87' lang='grc' dir='ltr'>χῶρον</span> <span class='ocrx_word' id='word_1_447' title='bbox 1356 1006 1573 1041; x_wconf 81' lang='grc' dir='ltr'>συγκλεισάντων</span> <span class='ocrx_word' id='word_1_448' title='bbox 1588 1007 1635 1034; x_wconf 77' lang='grc' dir='ltr'><strong>καὶ</strong></span> <span class='ocrx_word' id='word_1_449' title='bbox 1650 1006 1823 1041; x_wconf 78' lang='grc' dir='ltr'>πολιορκούνι</span> 
     </span>
    </p>
   </div>
   <div class='ocr_carea' id='block_1_65' title="bbox 1035 1051 1823 1087">
    <p class='ocr_par' dir='ltr' id='par_1_65' title="bbox 1035 1051 1823 1087">
     <span class='ocr_line' id='line_1_65' title="bbox 1035 1051 1823 1087; baseline 0 -9"><span class='ocrx_word' id='word_1_450' title='bbox 1035 1059 1099 1084; x_wconf 80' lang='grc' dir='ltr'>των,</span> <span class='ocrx_word' id='word_1_451' title='bbox 1118 1051 1190 1087; x_wconf 86' lang='grc' dir='ltr'><strong>λιμῷ</strong></span> <span class='ocrx_word' id='word_1_452' title='bbox 1208 1060 1238 1079; x_wconf 90' lang='grc' dir='ltr'><strong>τε</strong></span> <span class='ocrx_word' id='word_1_453' title='bbox 1260 1051 1428 1087; x_wconf 77' lang='grc' dir='ltr'>πιεζομένων</span> <span class='ocrx_word' id='word_1_454' title='bbox 1444 1053 1498 1079; x_wconf 86' lang='grc' dir='ltr'>τῶν</span> <span class='ocrx_word' id='word_1_455' title='bbox 1519 1052 1631 1080; x_wconf 77' lang='grc' dir='ltr'>Σκυθῶν</span> <span class='ocrx_word' id='word_1_456' title='bbox 1650 1053 1746 1080; x_wconf 80' lang='grc' dir='ltr'>σπάνει</span> <span class='ocrx_word' id='word_1_457' title='bbox 1766 1052 1823 1079; x_wconf 81' lang='grc' dir='ltr'>τῶν</span> 
     </span>
    </p>
   </div>
   <div class='ocr_carea' id='block_1_66' title="bbox 1036 1097 1823 1134">
    <p class='ocr_par' dir='ltr' id='par_1_66' title="bbox 1036 1097 1823 1134">
     <span class='ocr_line' id='line_1_66' title="bbox 1036 1097 1823 1134; baseline 0 -11"><span class='ocrx_word' id='word_1_458' title='bbox 1036 1097 1213 1132; x_wconf 73' lang='grc' dir='ltr'>ἐπιτηδείων,</span> <span class='ocrx_word' id='word_1_459' title='bbox 1232 1098 1382 1133; x_wconf 75' lang='grc' dir='ltr'>πρεσϐείαν</span> <span class='ocrx_word' id='word_1_460' title='bbox 1400 1098 1476 1134; x_wconf 71' lang='grc' dir='ltr'>παρὰ</span> <span class='ocrx_word' id='word_1_461' title='bbox 1494 1098 1558 1130; x_wconf 82' lang='grc' dir='ltr'>τοὺς</span> <span class='ocrx_word' id='word_1_462' title='bbox 1572 1098 1725 1133; x_wconf 79' lang='grc' dir='ltr'>Ῥωμαίους</span> <span class='ocrx_word' id='word_1_463' title='bbox 1745 1099 1823 1132; x_wconf 80' lang='grc' dir='ltr'>ποιή-</span> 
     </span>
    </p>
   </div>
   <div class='ocr_carea' id='block_1_67' title="bbox 1038 1142 1823 1178">
    <p class='ocr_par' dir='ltr' id='par_1_67' title="bbox 1038 1142 1823 1178">
     <span class='ocr_line' id='line_1_67' title="bbox 1038 1142 1823 1178; baseline 0.001 -10"><span class='ocrx_word' id='word_1_464' title='bbox 1038 1142 1151 1175; x_wconf 76' lang='grc' dir='ltr'>σασθαι,</span> <span class='ocrx_word' id='word_1_465' title='bbox 1166 1142 1236 1169; x_wconf 81' lang='grc' dir='ltr'>ὥστε</span> <span class='ocrx_word' id='word_1_466' title='bbox 1252 1143 1351 1175; x_wconf 75' lang='grc' dir='ltr'>αὐτοὺς</span> <span class='ocrx_word' id='word_1_467' title='bbox 1365 1143 1496 1170; x_wconf 59' lang='grc' dir='ltr'>ἐπιδιδόασι</span> <span class='ocrx_word' id='word_1_468' title='bbox 1510 1143 1676 1178; x_wconf 78' lang='grc' dir='ltr'>νεμομένους</span> <span class='ocrx_word' id='word_1_469' title='bbox 1689 1143 1741 1178; x_wconf 82' lang='grc' dir='ltr'>γῆν</span> <span class='ocrx_word' id='word_1_470' title='bbox 1755 1144 1823 1170; x_wconf 80' lang='grc' dir='ltr'>ὐπα-</span> 
     </span>
    </p>
   </div>
   <div class='ocr_carea' id='block_1_68' title="bbox 1036 1187 1821 1224">
    <p class='ocr_par' dir='ltr' id='par_1_68' title="bbox 1036 1187 1821 1224">
     <span class='ocr_line' id='line_1_68' title="bbox 1036 1187 1821 1224; baseline 0.001 -10"><span class='ocrx_word' id='word_1_471' title='bbox 1036 1187 1127 1215; x_wconf 85' lang='grc' dir='ltr'>κούειν</span> <span class='ocrx_word' id='word_1_472' title='bbox 1141 1188 1230 1215; x_wconf 74' lang='grc' dir='ltr'>αὐτῶν</span> <span class='ocrx_word' id='word_1_473' title='bbox 1246 1189 1275 1221; x_wconf 80' lang='grc' dir='ltr'><strong>ές</strong></span> <span class='ocrx_word' id='word_1_474' title='bbox 1291 1189 1305 1215; x_wconf 82' lang='grc' dir='ltr'><strong>ὃ</strong></span> <span class='ocrx_word' id='word_1_475' title='bbox 1317 1197 1342 1215; x_wconf 86' lang='grc' dir='ltr'><strong>τι</strong></span> <span class='ocrx_word' id='word_1_476' title='bbox 1359 1188 1393 1216; x_wconf 79' lang='grc' dir='ltr'>ἂν</span> <span class='ocrx_word' id='word_1_477' title='bbox 1408 1189 1518 1217; x_wconf 82' lang='grc' dir='ltr'>Θέλοιεν.</span> <span class='ocrx_word' id='word_1_478' title='bbox 1526 1189 1585 1215; x_wconf 82' lang='grc' dir='ltr'><strong>Τῶν</strong></span> <span class='ocrx_word' id='word_1_479' title='bbox 1601 1189 1630 1215; x_wconf 77' lang='grc' dir='ltr'>δὲ</span> <span class='ocrx_word' id='word_1_480' title='bbox 1647 1189 1693 1215; x_wconf 72' lang='grc' dir='ltr'><strong>ἐπὶ</strong></span> <span class='ocrx_word' id='word_1_481' title='bbox 1708 1189 1821 1224; x_wconf 82' lang='grc' dir='ltr'>βασιλέα</span> 
     </span>
    </p>
   </div>
   <div class='ocr_carea' id='block_1_69' title="bbox 1035 1233 1822 1271">
    <p class='ocr_par' dir='ltr' id='par_1_69' title="bbox 1035 1233 1822 1271">
     <span class='ocr_line' id='line_1_69' title="bbox 1035 1233 1822 1271; baseline 0.003 -12"><span class='ocrx_word' id='word_1_482' title='bbox 1035 1233 1084 1269; x_wconf 84' lang='grc' dir='ltr'><strong>τὴν</strong></span> <span class='ocrx_word' id='word_1_483' title='bbox 1102 1234 1214 1261; x_wconf 76' lang='grc' dir='ltr'>ἐκείνων</span> <span class='ocrx_word' id='word_1_484' title='bbox 1235 1235 1328 1270; x_wconf 80' lang='grc' dir='ltr'>φέρειν</span> <span class='ocrx_word' id='word_1_485' title='bbox 1348 1235 1574 1271; x_wconf 84' lang='grc' dir='ltr'>ἀποκριναμένων</span> <span class='ocrx_word' id='word_1_486' title='bbox 1594 1234 1753 1271; x_wconf 73' lang='grc' dir='ltr'>πρεσϐείαν,</span> <span class='ocrx_word' id='word_1_487' title='bbox 1774 1237 1822 1262; x_wconf 73' lang='grc' dir='ltr'>καὶ</span> 
     </span>
    </p>
   </div>
   <div class='ocr_carea' id='block_1_70' title="bbox 1035 1279 1822 1316">
    <p class='ocr_par' dir='ltr' id='par_1_70' title="bbox 1035 1279 1822 1316">
     <span class='ocr_line' id='line_1_70' title="bbox 1035 1279 1822 1316; baseline 0.001 -10"><span class='ocrx_word' id='word_1_488' title='bbox 1035 1279 1090 1306; x_wconf 88' lang='grc' dir='ltr'>τῶν</span> <span class='ocrx_word' id='word_1_489' title='bbox 1105 1279 1254 1315; x_wconf 79' lang='grc' dir='ltr'>Βαρϐάρων</span> <span class='ocrx_word' id='word_1_490' title='bbox 1269 1280 1317 1307; x_wconf 76' lang='grc' dir='ltr'>τοῦ</span> <span class='ocrx_word' id='word_1_491' title='bbox 1337 1279 1417 1316; x_wconf 81' lang='grc' dir='ltr'>λιμοῦ</span> <span class='ocrx_word' id='word_1_492' title='bbox 1437 1280 1502 1316; x_wconf 84' lang='grc' dir='ltr'>πέρι</span> <span class='ocrx_word' id='word_1_493' title='bbox 1520 1281 1590 1315; x_wconf 77' lang='grc' dir='ltr'>σφᾶς</span> <span class='ocrx_word' id='word_1_494' title='bbox 1609 1281 1702 1307; x_wconf 78' lang='grc' dir='ltr'>θέσθαι</span> <span class='ocrx_word' id='word_1_495' title='bbox 1718 1280 1822 1307; x_wconf 83' lang='grc' dir='ltr'>ὲοέλειν</span> 
     </span>
    </p>
   </div>
   <div class='ocr_carea' id='block_1_71' title="bbox 1035 1324 1820 1361">
    <p class='ocr_par' dir='ltr' id='par_1_71' title="bbox 1035 1324 1820 1361">
     <span class='ocr_line' id='line_1_71' title="bbox 1035 1324 1820 1361; baseline 0.001 -10"><span class='ocrx_word' id='word_1_496' title='bbox 1035 1325 1083 1356; x_wconf 70' lang='grc' dir='ltr'>τὰς</span> <span class='ocrx_word' id='word_1_497' title='bbox 1102 1325 1249 1360; x_wconf 81' lang='grc' dir='ltr'>συμϐάσεις</span> <span class='ocrx_word' id='word_1_498' title='bbox 1267 1326 1411 1361; x_wconf 80' lang='grc' dir='ltr'>φαμένων,</span> <span class='ocrx_word' id='word_1_499' title='bbox 1429 1326 1475 1353; x_wconf 76' lang='grc' dir='ltr'>καὶ</span> <span class='ocrx_word' id='word_1_500' title='bbox 1493 1327 1530 1361; x_wconf 81' lang='grc' dir='ltr'>μὴ</span> <span class='ocrx_word' id='word_1_501' title='bbox 1546 1326 1617 1358; x_wconf 84' lang='grc' dir='ltr'>οῐους</span> <span class='ocrx_word' id='word_1_502' title='bbox 1633 1335 1663 1352; x_wconf 89' lang='grc' dir='ltr'><strong>τε</strong></span> <span class='ocrx_word' id='word_1_503' title='bbox 1680 1324 1749 1352; x_wconf 83' lang='grc' dir='ltr'>εἷναι</span> <span class='ocrx_word' id='word_1_504' title='bbox 1768 1335 1820 1360; x_wconf 86' lang='grc' dir='ltr'>μα-</span> 
     </span>
    </p>
   </div>
   <div class='ocr_carea' id='block_1_72' title="bbox 1036 1370 1820 1406">
    <p class='ocr_par' dir='ltr' id='par_1_72' title="bbox 1036 1370 1820 1406">
     <span class='ocr_line' id='line_1_72' title="bbox 1036 1370 1820 1406; baseline 0.001 -9"><span class='ocrx_word' id='word_1_505' title='bbox 1036 1370 1105 1405; x_wconf 74' lang='grc' dir='ltr'>κρὰς</span> <span class='ocrx_word' id='word_1_506' title='bbox 1119 1371 1255 1398; x_wconf 77' lang='grc' dir='ltr'>ποιεῖσθαι</span> <span class='ocrx_word' id='word_1_507' title='bbox 1269 1371 1427 1406; x_wconf 76' lang='grc' dir='ltr'>ἀνακωχὰς,</span> <span class='ocrx_word' id='word_1_508' title='bbox 1443 1371 1632 1406; x_wconf 71' lang='grc' dir='ltr'>βουλευόμενοι</span> <span class='ocrx_word' id='word_1_509' title='bbox 1648 1372 1672 1398; x_wconf 84' lang='grc' dir='ltr'>οἱ</span> <span class='ocrx_word' id='word_1_510' title='bbox 1686 1372 1735 1403; x_wconf 77' lang='grc' dir='ltr'><strong>τὰς</strong></span> <span class='ocrx_word' id='word_1_511' title='bbox 1753 1371 1820 1398; x_wconf 83' lang='grc' dir='ltr'><strong>Ῥω-</strong></span> 
     </span>
    </p>
   </div>
   <div class='ocr_carea' id='block_1_73' title="bbox 1038 1416 1820 1453">
    <p class='ocr_par' dir='ltr' id='par_1_73' title="bbox 1038 1416 1820 1453">
     <span class='ocr_line' id='line_1_73' title="bbox 1038 1416 1820 1453; baseline 0.003 -11"><span class='ocrx_word' id='word_1_512' title='bbox 1038 1416 1138 1450; x_wconf 78' lang='grc' dir='ltr'>μαϊκὰς</span> <span class='ocrx_word' id='word_1_513' title='bbox 1155 1417 1245 1448; x_wconf 78' lang='grc' dir='ltr'>τάξεις</span> <span class='ocrx_word' id='word_1_514' title='bbox 1261 1417 1414 1449; x_wconf 75' lang='grc' dir='ltr'>διέποντες,</span> <span class='ocrx_word' id='word_1_515' title='bbox 1431 1418 1532 1453; x_wconf 74' lang='grc' dir='ltr'>τροφὰς</span> <span class='ocrx_word' id='word_1_516' title='bbox 1549 1418 1714 1453; x_wconf 76' lang='grc' dir='ltr'>χορηγήσειν</span> <span class='ocrx_word' id='word_1_517' title='bbox 1727 1417 1820 1448; x_wconf 76' lang='grc' dir='ltr'>αὐτοῖς</span> 
     </span>
    </p>
   </div>
   <div class='ocr_carea' id='block_1_74' title="bbox 1036 1461 1821 1499">
    <p class='ocr_par' dir='ltr' id='par_1_74' title="bbox 1036 1461 1821 1499">
     <span class='ocr_line' id='line_1_74' title="bbox 1036 1461 1821 1499; baseline 0.003 -11"><span class='ocrx_word' id='word_1_518' title='bbox 1036 1461 1185 1496; x_wconf 80' lang='grc' dir='ltr'>ὑπέσχοντο</span> <span class='ocrx_word' id='word_1_519' title='bbox 1201 1463 1264 1498; x_wconf 79' lang='grc' dir='ltr'>ἄχρι</span> <span class='ocrx_word' id='word_1_520' title='bbox 1280 1464 1328 1498; x_wconf 80' lang='grc' dir='ltr'>τῆς</span> <span class='ocrx_word' id='word_1_521' title='bbox 1346 1464 1475 1499; x_wconf 82' lang='grc' dir='ltr'>βασιλέως</span> <span class='ocrx_word' id='word_1_522' title='bbox 1492 1463 1690 1499; x_wconf 77' lang='grc' dir='ltr'>ὲπιτροπῆς,εί</span> <span class='ocrx_word' id='word_1_523' title='bbox 1700 1473 1731 1498; x_wconf 87' lang='grc' dir='ltr'><strong>γε</strong></span> <span class='ocrx_word' id='word_1_524' title='bbox 1749 1465 1821 1498; x_wconf 79' lang='grc' dir='ltr'>σφᾶς</span> 
     </span>
    </p>
   </div>
   <div class='ocr_carea' id='block_1_75' title="bbox 1036 1507 1821 1545">
    <p class='ocr_par' dir='ltr' id='par_1_75' title="bbox 1036 1507 1821 1545">
     <span class='ocr_line' id='line_1_75' title="bbox 1036 1507 1821 1545; baseline 0.003 -11"><span class='ocrx_word' id='word_1_525' title='bbox 1036 1507 1134 1540; x_wconf 76' lang='grc' dir='ltr'>αὐτοὺς</span> <span class='ocrx_word' id='word_1_526' title='bbox 1148 1508 1260 1535; x_wconf 82' lang='grc' dir='ltr'>διέλοιεν</span> <span class='ocrx_word' id='word_1_527' title='bbox 1271 1509 1365 1543; x_wconf 70' lang='grc' dir='ltr'>ὥσπερ</span> <span class='ocrx_word' id='word_1_528' title='bbox 1381 1509 1427 1537; x_wconf 81' lang='grc' dir='ltr'>καὶ</span> <span class='ocrx_word' id='word_1_529' title='bbox 1442 1510 1472 1536; x_wconf 84' lang='grc' dir='ltr'>τὸ</span> <span class='ocrx_word' id='word_1_530' title='bbox 1486 1509 1637 1545; x_wconf 80' lang='grc' dir='ltr'>Ῥωμαϊκὸν</span> <span class='ocrx_word' id='word_1_531' title='bbox 1650 1510 1821 1545; x_wconf 76' lang='grc' dir='ltr'>διακέκριται</span> 
     </span>
    </p>
   </div>
   <div class='ocr_carea' id='block_1_76' title="bbox 1036 1554 1821 1592">
    <p class='ocr_par' dir='ltr' id='par_1_76' title="bbox 1036 1554 1821 1592">
     <span class='ocr_line' id='line_1_76' title="bbox 1036 1554 1821 1592; baseline 0 -11"><span class='ocrx_word' id='word_1_532' title='bbox 1036 1555 1152 1590; x_wconf 81' lang='grc' dir='ltr'>πλῆθος·</span> <span class='ocrx_word' id='word_1_533' title='bbox 1176 1556 1286 1583; x_wconf 79' lang='grc' dir='ltr'>ἔσεσθαι</span> <span class='ocrx_word' id='word_1_534' title='bbox 1310 1556 1365 1592; x_wconf 74' lang='grc' dir='ltr'><strong>γὰρ</strong></span> <span class='ocrx_word' id='word_1_535' title='bbox 1387 1556 1476 1582; x_wconf 72' lang='grc' dir='ltr'>αὐτῶν</span> <span class='ocrx_word' id='word_1_536' title='bbox 1499 1555 1597 1591; x_wconf 74' lang='grc' dir='ltr'>ῥᾳδίως</span> <span class='ocrx_word' id='word_1_537' title='bbox 1617 1554 1704 1587; x_wconf 81' lang='grc' dir='ltr'>οὕτως</span> <span class='ocrx_word' id='word_1_538' title='bbox 1724 1555 1821 1589; x_wconf 74' lang='grc' dir='ltr'>ἐπιμέ-</span> 
     </span>
    </p>
   </div>
   <div class='ocr_carea' id='block_1_77' title="bbox 1034 1599 1820 1636">
    <p class='ocr_par' dir='ltr' id='par_1_77' title="bbox 1034 1599 1820 1636">
     <span class='ocr_line' id='line_1_77' title="bbox 1034 1599 1820 1636; baseline 0.001 -11"><span class='ocrx_word' id='word_1_539' title='bbox 1034 1599 1125 1633; x_wconf 86' lang='grc' dir='ltr'>λειαν,</span> <span class='ocrx_word' id='word_1_540' title='bbox 1148 1601 1177 1631; x_wconf 72' lang='grc' dir='ltr'>ἐς</span> <span class='ocrx_word' id='word_1_541' title='bbox 1199 1600 1262 1632; x_wconf 81' lang='grc' dir='ltr'>τοὺς</span> <span class='ocrx_word' id='word_1_542' title='bbox 1284 1600 1485 1636; x_wconf 81' lang='grc' dir='ltr'>κληρουμένους</span> <span class='ocrx_word' id='word_1_543' title='bbox 1508 1601 1556 1627; x_wconf 74' lang='grc' dir='ltr'>καὶ</span> <span class='ocrx_word' id='word_1_544' title='bbox 1578 1600 1627 1626; x_wconf 83' lang='grc' dir='ltr'><strong>οὐκ</strong></span> <span class='ocrx_word' id='word_1_545' title='bbox 1651 1601 1690 1631; x_wconf 87' lang='grc' dir='ltr'><strong>είς</strong></span> <span class='ocrx_word' id='word_1_546' title='bbox 1716 1600 1820 1630; x_wconf 76' lang='grc' dir='ltr'>πάντας</span> 
     </span>
    </p>
   </div>
   <div class='ocr_carea' id='block_1_78' title="bbox 1033 1646 1820 1681">
    <p class='ocr_par' dir='ltr' id='par_1_78' title="bbox 1033 1646 1820 1681">
     <span class='ocr_line' id='line_1_78' title="bbox 1033 1646 1820 1681; baseline -0.001 -9"><span class='ocrx_word' id='word_1_547' title='bbox 1033 1646 1241 1673; x_wconf 74' lang='grc' dir='ltr'>ἀποϐλεπόντων</span> <span class='ocrx_word' id='word_1_548' title='bbox 1259 1646 1311 1672; x_wconf 85' lang='grc' dir='ltr'>τῶν</span> <span class='ocrx_word' id='word_1_549' title='bbox 1329 1646 1506 1681; x_wconf 73' lang='grc' dir='ltr'>στρατηγῶν,</span> <span class='ocrx_word' id='word_1_550' title='bbox 1523 1647 1603 1681; x_wconf 75' lang='grc' dir='ltr'>οἵπερ</span> <span class='ocrx_word' id='word_1_551' title='bbox 1619 1647 1648 1678; x_wconf 74' lang='grc' dir='ltr'>ἐς</span> <span class='ocrx_word' id='word_1_552' title='bbox 1666 1646 1820 1680; x_wconf 81' lang='grc' dir='ltr'>φιλοτιμίαν</span> 
     </span>
    </p>
   </div>
   <div class='ocr_carea' id='block_1_79' title="bbox 1034 1691 1821 1727">
    <p class='ocr_par' dir='ltr' id='par_1_79' title="bbox 1034 1691 1821 1727">
     <span class='ocr_line' id='line_1_79' title="bbox 1034 1691 1821 1727; baseline -0.001 -9"><span class='ocrx_word' id='word_1_553' title='bbox 1034 1691 1152 1725; x_wconf 75' lang='grc' dir='ltr'>ὁρῶντες</span> <span class='ocrx_word' id='word_1_554' title='bbox 1171 1691 1240 1725; x_wconf 70' lang='grc' dir='ltr'>πρὸς</span> <span class='ocrx_word' id='word_1_555' title='bbox 1255 1691 1304 1727; x_wconf 80' lang='grc' dir='ltr'>τὴν</span> <span class='ocrx_word' id='word_1_556' title='bbox 1321 1692 1410 1718; x_wconf 69' lang='grc' dir='ltr'>αὐτῶν</span> <span class='ocrx_word' id='word_1_557' title='bbox 1427 1692 1535 1724; x_wconf 78' lang='grc' dir='ltr'>πάντως</span> <span class='ocrx_word' id='word_1_558' title='bbox 1556 1692 1785 1727; x_wconf 76' lang='grc' dir='ltr'>ἁμιλληοήσονται</span> <span class='ocrx_word' id='word_1_559' title='bbox 1799 1692 1821 1708; x_wconf 80' lang='grc'><strong><em>³⁸</em></strong></span> 
     </span>
    </p>
   </div>
   <div class='ocr_carea' id='block_1_80' title="bbox 1034 1737 1821 1773">
    <p class='ocr_par' dir='ltr' id='par_1_80' title="bbox 1034 1737 1821 1773">
     <span class='ocr_line' id='line_1_80' title="bbox 1034 1737 1821 1773; baseline 0 -9"><span class='ocrx_word' id='word_1_560' title='bbox 1034 1737 1158 1773; x_wconf 84' lang='grc' dir='ltr'>κομιδήν.</span> <span class='ocrx_word' id='word_1_561' title='bbox 1178 1737 1239 1764; x_wconf 83' lang='grc' dir='ltr'><strong>Τῶν</strong></span> <span class='ocrx_word' id='word_1_562' title='bbox 1261 1737 1289 1764; x_wconf 78' lang='grc' dir='ltr'><strong>δὲ</strong></span> <span class='ocrx_word' id='word_1_563' title='bbox 1312 1737 1424 1764; x_wconf 76' lang='grc' dir='ltr'>Σκυθῶν</span> <span class='ocrx_word' id='word_1_564' title='bbox 1445 1738 1508 1770; x_wconf 82' lang='grc' dir='ltr'>τοὺς</span> <span class='ocrx_word' id='word_1_565' title='bbox 1531 1737 1754 1772; x_wconf 82' lang='grc' dir='ltr'>ἀπαγγελθέντας</span> <span class='ocrx_word' id='word_1_566' title='bbox 1776 1737 1821 1764; x_wconf 65' lang='grc' dir='ltr'><strong>διὰ</strong></span> 
     </span>
    </p>
   </div>
   <div class='ocr_carea' id='block_1_81' title="bbox 1034 1784 1821 1820">
    <p class='ocr_par' dir='ltr' id='par_1_81' title="bbox 1034 1784 1821 1820">
     <span class='ocr_line' id='line_1_81' title="bbox 1034 1784 1821 1820; baseline 0 -9"><span class='ocrx_word' id='word_1_567' title='bbox 1034 1784 1087 1811; x_wconf 88' lang='grc' dir='ltr'>τῶν</span> <span class='ocrx_word' id='word_1_568' title='bbox 1103 1784 1244 1820; x_wconf 68' lang='grc' dir='ltr'>πρέσϐεων</span> <span class='ocrx_word' id='word_1_569' title='bbox 1260 1785 1484 1820; x_wconf 75' lang='grc' dir='ltr'>προσδεξαμένων</span> <span class='ocrx_word' id='word_1_570' title='bbox 1499 1785 1594 1818; x_wconf 83' lang='grc' dir='ltr'>λόγους</span> <span class='ocrx_word' id='word_1_571' title='bbox 1611 1785 1656 1812; x_wconf 81' lang='grc' dir='ltr'>καὶ</span> <span class='ocrx_word' id='word_1_572' title='bbox 1675 1785 1704 1816; x_wconf 76' lang='grc' dir='ltr'>ἐς</span> <span class='ocrx_word' id='word_1_573' title='bbox 1719 1784 1821 1811; x_wconf 82' lang='grc' dir='ltr'>τοσαύ-</span> 
     </span>
    </p>
   </div>
   <div class='ocr_carea' id='block_1_82' title="bbox 1033 1830 1821 1866">
    <p class='ocr_par' dir='ltr' id='par_1_82' title="bbox 1033 1830 1821 1866">
     <span class='ocr_line' id='line_1_82' title="bbox 1033 1830 1821 1866; baseline -0.003 -8"><span class='ocrx_word' id='word_1_574' title='bbox 1033 1839 1082 1863; x_wconf 88' lang='grc' dir='ltr'><strong>τας</strong></span> <span class='ocrx_word' id='word_1_575' title='bbox 1097 1832 1168 1866; x_wconf 75' lang='grc' dir='ltr'>σφᾶς</span> <span class='ocrx_word' id='word_1_576' title='bbox 1182 1831 1280 1863; x_wconf 76' lang='grc' dir='ltr'>αὐτοὺς</span> <span class='ocrx_word' id='word_1_577' title='bbox 1294 1831 1430 1863; x_wconf 74' lang='grc' dir='ltr'>ταξάντων</span> <span class='ocrx_word' id='word_1_578' title='bbox 1443 1831 1550 1865; x_wconf 82' lang='grc' dir='ltr'>μοίρας,</span> <span class='ocrx_word' id='word_1_579' title='bbox 1566 1831 1595 1862; x_wconf 81' lang='grc' dir='ltr'>ὲς</span> <span class='ocrx_word' id='word_1_580' title='bbox 1607 1831 1729 1865; x_wconf 80' lang='grc' dir='ltr'>ὅσασπερ</span> <span class='ocrx_word' id='word_1_581' title='bbox 1739 1830 1759 1846; x_wconf 89' lang='grc'><strong>¹³</strong></span> <span class='ocrx_word' id='word_1_582' title='bbox 1773 1830 1821 1857; x_wconf 80' lang='grc' dir='ltr'>καὶ</span> 
     </span>
    </p>
   </div>
   <div class='ocr_carea' id='block_1_83' title="bbox 1035 1875 1821 1912">
    <p class='ocr_par' dir='ltr' id='par_1_83' title="bbox 1035 1875 1821 1912">
     <span class='ocr_line' id='line_1_83' title="bbox 1035 1875 1821 1912; baseline -0.003 -8"><span class='ocrx_word' id='word_1_583' title='bbox 1035 1877 1060 1904; x_wconf 78' lang='lat' dir='ltr'><strong>oi</strong></span> <span class='ocrx_word' id='word_1_584' title='bbox 1073 1877 1204 1912; x_wconf 77' lang='grc' dir='ltr'>Ῥωμαῖοι</span> <span class='ocrx_word' id='word_1_585' title='bbox 1219 1877 1397 1912; x_wconf 78' lang='grc' dir='ltr'>διεκέκριντο,</span> <span class='ocrx_word' id='word_1_586' title='bbox 1406 1876 1527 1912; x_wconf 70' lang='grc' dir='ltr'>Χελχὰλ,</span> <span class='ocrx_word' id='word_1_587' title='bbox 1541 1876 1588 1903; x_wconf 80' lang='grc' dir='ltr'>τοῦ</span> <span class='ocrx_word' id='word_1_588' title='bbox 1602 1875 1710 1903; x_wconf 77' lang='grc' dir='ltr'>οὖννων</span> <span class='ocrx_word' id='word_1_589' title='bbox 1724 1876 1821 1910; x_wconf 80' lang='grc' dir='ltr'>γένους</span> 
     </span>
    </p>
   </div>
   <div class='ocr_carea' id='block_1_84' title="bbox 1034 1921 1820 1957">
    <p class='ocr_par' dir='ltr' id='par_1_84' title="bbox 1034 1921 1820 1957">
     <span class='ocr_line' id='line_1_84' title="bbox 1034 1921 1820 1957; baseline -0.003 -8"><span class='ocrx_word' id='word_1_590' title='bbox 1034 1921 1104 1957; x_wconf 84' lang='grc' dir='ltr'>ἀνὴρ</span> <span class='ocrx_word' id='word_1_591' title='bbox 1122 1922 1169 1949; x_wconf 78' lang='grc' dir='ltr'>καὶ</span> <span class='ocrx_word' id='word_1_592' title='bbox 1187 1922 1392 1956; x_wconf 78' lang='grc' dir='ltr'>ὑποστράτηγος</span> <span class='ocrx_word' id='word_1_593' title='bbox 1405 1921 1460 1948; x_wconf 84' lang='grc' dir='ltr'><strong>τῶν</strong></span> <span class='ocrx_word' id='word_1_594' title='bbox 1473 1922 1619 1948; x_wconf 83' lang='grc' dir='ltr'>διεπόντων</span> <span class='ocrx_word' id='word_1_595' title='bbox 1633 1921 1667 1948; x_wconf 64' lang='grc' dir='ltr'>τὰ</span> <span class='ocrx_word' id='word_1_596' title='bbox 1679 1922 1820 1956; x_wconf 74' lang='grc' dir='ltr'>Ἀσπαρος</span> 
     </span>
    </p>
   </div>
   <div class='ocr_carea' id='block_1_85' title="bbox 1032 1967 1821 2003">
    <p class='ocr_par' dir='ltr' id='par_1_85' title="bbox 1032 1967 1821 2003">
     <span class='ocr_line' id='line_1_85' title="bbox 1032 1967 1821 2003; baseline -0.004 -7"><span class='ocrx_word' id='word_1_597' title='bbox 1032 1968 1161 2003; x_wconf 79' lang='grc' dir='ltr'>τάγματα</span> <span class='ocrx_word' id='word_1_598' title='bbox 1171 1988 1179 2000; x_wconf 87' lang='grc'>,</span> <span class='ocrx_word' id='word_1_599' title='bbox 1195 1968 1271 2003; x_wconf 67' lang='grc' dir='ltr'>παρὰ</span> <span class='ocrx_word' id='word_1_600' title='bbox 1284 1967 1333 2003; x_wconf 83' lang='grc' dir='ltr'><strong>τὴν</strong></span> <span class='ocrx_word' id='word_1_601' title='bbox 1348 1967 1529 2003; x_wconf 80' lang='grc' dir='ltr'>ὲπιλαχοῢσαν</span> <span class='ocrx_word' id='word_1_602' title='bbox 1544 1967 1636 1999; x_wconf 80' lang='grc' dir='ltr'>αὐτοῖς</span> <span class='ocrx_word' id='word_1_603' title='bbox 1649 1967 1821 2002; x_wconf 81' lang='grc' dir='ltr'>βαρϐαρικὴν</span> 
     </span>
    </p>
   </div>
   <div class='ocr_carea' id='block_1_86' title="bbox 1034 2013 1820 2050">
    <p class='ocr_par' dir='ltr' id='par_1_86' title="bbox 1034 2013 1820 2050">
     <span class='ocr_line' id='line_1_86' title="bbox 1034 2013 1820 2050; baseline -0.001 -10"><span class='ocrx_word' id='word_1_604' title='bbox 1034 2015 1132 2050; x_wconf 85' lang='grc' dir='ltr'>μοῖραν</span> <span class='ocrx_word' id='word_1_605' title='bbox 1143 2014 1238 2047; x_wconf 82' lang='grc' dir='ltr'><strong>ἐλθὼν,</strong></span> <span class='ocrx_word' id='word_1_606' title='bbox 1250 2014 1298 2041; x_wconf 80' lang='grc' dir='ltr'><strong>καὶ</strong></span> <span class='ocrx_word' id='word_1_607' title='bbox 1309 2013 1363 2040; x_wconf 86' lang='grc' dir='ltr'>τῶν</span> <span class='ocrx_word' id='word_1_608' title='bbox 1371 2014 1393 2029; x_wconf 76' lang='grc'><strong>’⁸</strong></span> <span class='ocrx_word' id='word_1_609' title='bbox 1406 2013 1513 2040; x_wconf 85' lang='grc' dir='ltr'>Γότοων</span> <span class='ocrx_word' id='word_1_610' title='bbox 1525 2013 1662 2048; x_wconf 81' lang='grc' dir='ltr'>(πλείονες</span> <span class='ocrx_word' id='word_1_611' title='bbox 1673 2013 1702 2039; x_wconf 80' lang='grc' dir='ltr'><strong>δὲ</strong></span> <span class='ocrx_word' id='word_1_612' title='bbox 1711 2013 1765 2039; x_wconf 85' lang='grc' dir='ltr'>τῶν</span> <span class='ocrx_word' id='word_1_613' title='bbox 1777 2013 1820 2040; x_wconf 80' lang='grc' dir='ltr'><strong>ἄλ‹</strong></span> 
     </span>
    </p>
   </div>
   <div class='ocr_carea' id='block_1_87' title="bbox 1032 2060 1819 2096">
    <p class='ocr_par' dir='ltr' id='par_1_87' title="bbox 1032 2060 1819 2096">
     <span class='ocr_line' id='line_1_87' title="bbox 1032 2060 1819 2096; baseline -0.003 -8"><span class='ocrx_word' id='word_1_614' title='bbox 1032 2061 1087 2088; x_wconf 87' lang='grc' dir='ltr'><strong>λων</strong></span> <span class='ocrx_word' id='word_1_615' title='bbox 1098 2061 1237 2096; x_wconf 82' lang='grc' dir='ltr'>ὑπῆρχον)</span> <span class='ocrx_word' id='word_1_616' title='bbox 1249 2060 1496 2096; x_wconf 79' lang='grc' dir='ltr'>μεταπεμψάμενος</span> <span class='ocrx_word' id='word_1_617' title='bbox 1507 2060 1570 2092; x_wconf 77' lang='grc' dir='ltr'>τοὺς</span> <span class='ocrx_word' id='word_1_618' title='bbox 1581 2060 1698 2094; x_wconf 78' lang='grc' dir='ltr'>λογάδας</span> <span class='ocrx_word' id='word_1_619' title='bbox 1708 2060 1819 2086; x_wconf 78' lang='grc' dir='ltr'>τοιῶνδε</span> 
     </span>
    </p>
   </div>
   <div class='ocr_carea' id='block_1_88' title="bbox 1032 2105 1819 2144">
    <p class='ocr_par' dir='ltr' id='par_1_88' title="bbox 1032 2105 1819 2144">
     <span class='ocr_line' id='line_1_88' title="bbox 1032 2105 1819 2144; baseline -0.003 -10"><span class='ocrx_word' id='word_1_620' title='bbox 1032 2107 1180 2142; x_wconf 72' lang='grc' dir='ltr'>ἐποιήσατο</span> <span class='ocrx_word' id='word_1_621' title='bbox 1195 2106 1281 2141; x_wconf 83' lang='grc' dir='ltr'>λόγων</span> <span class='ocrx_word' id='word_1_622' title='bbox 1297 2106 1394 2142; x_wconf 77' lang='grc' dir='ltr'>ἀρχὴν,</span> <span class='ocrx_word' id='word_1_623' title='bbox 1411 2105 1448 2138; x_wconf 83' lang='grc' dir='ltr'><strong>ὡς</strong></span> <span class='ocrx_word' id='word_1_624' title='bbox 1465 2105 1546 2132; x_wconf 76' lang='grc' dir='ltr'>δώσει</span> <span class='ocrx_word' id='word_1_625' title='bbox 1558 2106 1612 2144; x_wconf 79' lang='grc' dir='ltr'>μὲν</span> <span class='ocrx_word' id='word_1_626' title='bbox 1628 2105 1722 2137; x_wconf 72' lang='grc' dir='ltr'>αὐτοῖς</span> <span class='ocrx_word' id='word_1_627' title='bbox 1738 2105 1790 2140; x_wconf 86' lang='grc' dir='ltr'>γῆν</span> <span class='ocrx_word' id='word_1_628' title='bbox 1805 2107 1819 2132; x_wconf 81' lang='grc' dir='ltr'>ὁ</span> 
     </span>
    </p>
   </div>
   <div class='ocr_carea' id='block_1_89' title="bbox 1033 2151 1820 2188">
    <p class='ocr_par' dir='ltr' id='par_1_89' title="bbox 1033 2151 1820 2188">
     <span class='ocr_line' id='line_1_89' title="bbox 1033 2151 1820 2188; baseline -0.004 -8"><span class='ocrx_word' id='word_1_629' title='bbox 1033 2153 1170 2187; x_wconf 80' lang='grc' dir='ltr'>βασιλεὺς,</span> <span class='ocrx_word' id='word_1_630' title='bbox 1189 2153 1239 2179; x_wconf 81' lang='grc' dir='ltr'>οὒκ</span> <span class='ocrx_word' id='word_1_631' title='bbox 1258 2153 1299 2184; x_wconf 83' lang='grc' dir='ltr'><strong>είς</strong></span> <span class='ocrx_word' id='word_1_632' title='bbox 1320 2153 1454 2188; x_wconf 78' lang='grc' dir='ltr'>σφετέραν</span> <span class='ocrx_word' id='word_1_633' title='bbox 1471 2151 1500 2178; x_wconf 76' lang='grc' dir='ltr'><strong>δὲ</strong></span> <span class='ocrx_word' id='word_1_634' title='bbox 1520 2152 1610 2179; x_wconf 78' lang='grc' dir='ltr'>αὐτῶν</span> <span class='ocrx_word' id='word_1_635' title='bbox 1629 2151 1732 2185; x_wconf 76' lang='grc' dir='ltr'>δνησιν,</span> <span class='ocrx_word' id='word_1_636' title='bbox 1751 2151 1820 2178; x_wconf 73' lang='grc' dir='ltr'>ἀλλὰ</span> 
     </span>
    </p>
   </div>
   <div class='ocr_carea' id='block_1_90' title="bbox 197 2195 982 2234">
    <p class='ocr_par' dir='ltr' id='par_1_90' title="bbox 197 2199 980 2234">
     <span class='ocr_line' id='line_1_90' title="bbox 197 2199 980 2234; baseline 0.008 -8"><span class='ocrx_word' id='word_1_637' title='bbox 197 2199 275 2234; x_wconf 84' lang='lat' dir='ltr'><strong>cujus</strong></span> <span class='ocrx_word' id='word_1_638' title='bbox 300 2199 402 2227; x_wconf 81' lang='lat' dir='ltr'><strong>utilitas</strong></span> <span class='ocrx_word' id='word_1_639' title='bbox 426 2201 460 2227; x_wconf 88' lang='lat' dir='ltr'><strong>ad</strong></span> <span class='ocrx_word' id='word_1_640' title='bbox 487 2200 560 2229; x_wconf 85' lang='lat' dir='ltr'><strong>solos</strong></span> <span class='ocrx_word' id='word_1_641' title='bbox 587 2200 699 2230; x_wconf 85' lang='lat' dir='ltr'><strong>Hunnos</strong></span> <span class='ocrx_word' id='word_1_642' title='bbox 723 2203 895 2231; x_wconf 76' lang='lat' dir='ltr'><strong>redundaret.</strong></span> <span class='ocrx_word' id='word_1_643' title='bbox 927 2203 980 2232; x_wconf 86' lang='lat' dir='ltr'><strong>llos</strong></span> 
     </span>
    </p>
   </div>
   <div class='ocr_carea' id='block_1_91' title="bbox 1034 2195 1820 2234">
    <p class='ocr_par' dir='ltr' id='par_1_91' title="bbox 1034 2197 1820 2233">
     <span class='ocr_line' id='line_1_91' title="bbox 1034 2197 1820 2233; baseline -0.003 -7"><span class='ocrx_word' id='word_1_644' title='bbox 1034 2200 1087 2231; x_wconf 82' lang='grc' dir='ltr'>τοῖς</span> <span class='ocrx_word' id='word_1_645' title='bbox 1099 2200 1129 2226; x_wconf 76' lang='grc' dir='ltr'>ὲν</span> <span class='ocrx_word' id='word_1_646' title='bbox 1141 2198 1232 2233; x_wconf 80' lang='grc' dir='ltr'>σφίσιν</span> <span class='ocrx_word' id='word_1_647' title='bbox 1244 2197 1365 2230; x_wconf 78' lang='grc' dir='ltr'>Οὖννοις.</span> <span class='ocrx_word' id='word_1_648' title='bbox 1378 2198 1496 2230; x_wconf 87' lang='grc' dir='ltr'>Τούτους</span> <span class='ocrx_word' id='word_1_649' title='bbox 1508 2197 1562 2232; x_wconf 71' lang='grc' dir='ltr'><strong>γὰρ</strong></span> <span class='ocrx_word' id='word_1_650' title='bbox 1575 2197 1741 2233; x_wconf 74' lang='grc' dir='ltr'>ὀλιγώρως²¹</span> <span class='ocrx_word' id='word_1_651' title='bbox 1755 2206 1820 2232; x_wconf 87' lang='grc' dir='ltr'>γεη-</span> 
     </span>
    </p>
   </div>
   <div class='ocr_carea' id='block_1_92' title="bbox 197 2247 980 2284">
    <p class='ocr_par' dir='ltr' id='par_1_92' title="bbox 197 2247 980 2284">
     <span class='ocr_line' id='line_1_92' title="bbox 197 2247 980 2284; baseline 0.005 -10"><span class='ocrx_word' id='word_1_652' title='bbox 197 2247 270 2274; x_wconf 84' lang='lat' dir='ltr'><strong>enim</strong></span> <span class='ocrx_word' id='word_1_653' title='bbox 284 2251 364 2274; x_wconf 70' lang='lat' dir='ltr'><strong>terra:</strong></span> <span class='ocrx_word' id='word_1_654' title='bbox 376 2247 476 2276; x_wconf 88' lang='lat' dir='ltr'><strong>cultum</strong></span> <span class='ocrx_word' id='word_1_655' title='bbox 491 2247 636 2282; x_wconf 74' lang='lat' dir='ltr'><strong>negligere,</strong></span> <span class='ocrx_word' id='word_1_656' title='bbox 649 2248 809 2284; x_wconf 89' lang='lat' dir='ltr'><strong>etluporum</strong></span> <span class='ocrx_word' id='word_1_657' title='bbox 823 2257 899 2278; x_wconf 91' lang='lat' dir='ltr'><strong>more</strong></span> <span class='ocrx_word' id='word_1_658' title='bbox 911 2250 980 2278; x_wconf 76' lang='lat' dir='ltr'><strong>bena</strong></span> 
     </span>
    </p>
   </div>
   <div class='ocr_carea' id='block_1_93' title="bbox 201 2292 979 2330">
    <p class='ocr_par' dir='ltr' id='par_1_93' title="bbox 201 2292 979 2330">
     <span class='ocr_line' id='line_1_93' title="bbox 201 2292 979 2330; baseline 0.005 -10"><span class='ocrx_word' id='word_1_659' title='bbox 201 2292 351 2320; x_wconf 85' lang='lat' dir='ltr'><strong>Gothorum</strong></span> <span class='ocrx_word' id='word_1_660' title='bbox 367 2293 525 2321; x_wconf 78' lang='lat' dir='ltr'><strong>invadentes</strong></span> <span class='ocrx_word' id='word_1_661' title='bbox 547 2293 674 2328; x_wconf 85' lang='lat' dir='ltr'><strong>diripere,</strong></span> <span class='ocrx_word' id='word_1_662' title='bbox 701 2295 746 2330; x_wconf 90' lang='lat' dir='ltr'><strong>qui</strong></span> <span class='ocrx_word' id='word_1_663' title='bbox 767 2296 817 2330; x_wconf 89' lang='lat' dir='ltr'><strong>ipsi</strong></span> <span class='ocrx_word' id='word_1_664' title='bbox 839 2304 979 2324; x_wconf 77' lang='lat' dir='ltr'><strong>servarunt</strong></span> 
     </span>
    </p>
   </div>
   <div class='ocr_carea' id='block_1_94' title="bbox 198 2337 979 2375">
    <p class='ocr_par' dir='ltr' id='par_1_94' title="bbox 198 2337 979 2375">
     <span class='ocr_line' id='line_1_94' title="bbox 198 2337 979 2375; baseline 0.006 -11"><span class='ocrx_word' id='word_1_665' title='bbox 198 2337 353 2365; x_wconf 69' lang='lat' dir='ltr'><strong>conditione</strong></span> <span class='ocrx_word' id='word_1_666' title='bbox 369 2337 455 2365; x_wconf 86' lang='lat' dir='ltr'><strong>habiti</strong></span> <span class='ocrx_word' id='word_1_667' title='bbox 473 2338 507 2364; x_wconf 88' lang='lat' dir='ltr'><strong>ad</strong></span> <span class='ocrx_word' id='word_1_668' title='bbox 526 2337 623 2365; x_wconf 86' lang='lat' dir='ltr'><strong>victum</strong></span> <span class='ocrx_word' id='word_1_669' title='bbox 641 2339 693 2366; x_wconf 88' lang='lat' dir='ltr'><strong>illis</strong></span> <span class='ocrx_word' id='word_1_670' title='bbox 710 2342 920 2375; x_wconf 82' lang='lat' dir='ltr'><strong>comparandum</strong></span> <span class='ocrx_word' id='word_1_671' title='bbox 939 2342 979 2369; x_wconf 91' lang='lat' dir='ltr'><strong>la-</strong></span> 
     </span>
    </p>
   </div>
   <div class='ocr_carea' id='block_1_95' title="bbox 197 2383 978 2421">
    <p class='ocr_par' dir='ltr' id='par_1_95' title="bbox 197 2383 978 2421">
     <span class='ocr_line' id='line_1_95' title="bbox 197 2383 978 2421; baseline 0.006 -10"><span class='ocrx_word' id='word_1_672' title='bbox 197 2383 294 2411; x_wconf 85' lang='lat' dir='ltr'><strong>borare</strong></span> <span class='ocrx_word' id='word_1_673' title='bbox 310 2384 396 2411; x_wconf 85' lang='lat' dir='ltr'><strong>coacti</strong></span> <span class='ocrx_word' id='word_1_674' title='bbox 411 2387 501 2411; x_wconf 86' lang='lat' dir='ltr'><strong>essent</strong></span> <span class='ocrx_word' id='word_1_675' title='bbox 516 2393 523 2411; x_wconf 94' lang='lat'>:</span> <span class='ocrx_word' id='word_1_676' title='bbox 542 2385 663 2418; x_wconf 83' lang='lat' dir='ltr'><strong>quamvis</strong></span> <span class='ocrx_word' id='word_1_677' title='bbox 677 2385 780 2413; x_wconf 88' lang='lat' dir='ltr'><strong>nullum</strong></span> <span class='ocrx_word' id='word_1_678' title='bbox 798 2393 914 2421; x_wconf 87' lang='lat' dir='ltr'><strong>unquam</strong></span> <span class='ocrx_word' id='word_1_679' title='bbox 931 2388 978 2416; x_wconf 70' lang='lat' dir='ltr'><strong>fte-</strong></span> 
     </span>
    </p>
   </div>
   <div class='ocr_carea' id='block_1_96' title="bbox 196 2430 980 2468">
    <p class='ocr_par' dir='ltr' id='par_1_96' title="bbox 196 2430 980 2468">
     <span class='ocr_line' id='line_1_96' title="bbox 196 2430 980 2468; baseline 0.006 -12"><span class='ocrx_word' id='word_1_680' title='bbox 196 2430 247 2457; x_wconf 84' lang='lat' dir='ltr'><strong>dus</strong></span> <span class='ocrx_word' id='word_1_681' title='bbox 260 2431 329 2457; x_wconf 88' lang='lat' dir='ltr'><strong>inter</strong></span> <span class='ocrx_word' id='word_1_682' title='bbox 341 2434 483 2465; x_wconf 86' lang='lat' dir='ltr'><strong>utramque</strong></span> <span class='ocrx_word' id='word_1_683' title='bbox 495 2435 600 2465; x_wconf 73' lang='lat' dir='ltr'><strong>gentem</strong></span> <span class='ocrx_word' id='word_1_684' title='bbox 615 2432 746 2459; x_wconf 85' lang='lat' dir='ltr'><strong>sancitqu</strong></span> <span class='ocrx_word' id='word_1_685' title='bbox 760 2433 807 2465; x_wconf 91' lang='lat' dir='ltr'><strong>sit,</strong></span> <span class='ocrx_word' id='word_1_686' title='bbox 820 2437 848 2460; x_wconf 88' lang='lat' dir='ltr'><strong>et</strong></span> <span class='ocrx_word' id='word_1_687' title='bbox 865 2433 980 2468; x_wconf 85' lang='lat' dir='ltr'><strong>majores</strong></span> 
     </span>
    </p>
   </div>
   <div class='ocr_carea' id='block_1_97' title="bbox 193 2475 978 2510">
    <p class='ocr_par' dir='ltr' id='par_1_97' title="bbox 193 2475 978 2510">
     <span class='ocr_line' id='line_1_97' title="bbox 193 2475 978 2510; baseline 0.008 -9"><span class='ocrx_word' id='word_1_688' title='bbox 193 2475 372 2510; x_wconf 82' lang='lat' dir='ltr'><strong>jurejurando</strong></span> <span class='ocrx_word' id='word_1_689' title='bbox 384 2482 431 2502; x_wconf 88' lang='lat' dir='ltr'><strong>eos</strong></span> <span class='ocrx_word' id='word_1_690' title='bbox 448 2475 653 2509; x_wconf 81' lang='lat' dir='ltr'><strong>obstrinxerim,</strong></span> <span class='ocrx_word' id='word_1_691' title='bbox 673 2481 703 2504; x_wconf 89' lang='lat' dir='ltr'><strong>ut</strong></span> <span class='ocrx_word' id='word_1_692' title='bbox 719 2476 875 2506; x_wconf 82' lang='lat' dir='ltr'><strong>Hunnorum</strong></span> <span class='ocrx_word' id='word_1_693' title='bbox 891 2479 978 2507; x_wconf 88' lang='lat' dir='ltr'><strong>socie-</strong></span> 
     </span>
    </p>
   </div>
   <div class='ocr_carea' id='block_1_98' title="bbox 198 2521 977 2560">
    <p class='ocr_par' dir='ltr' id='par_1_98' title="bbox 198 2521 977 2560">
     <span class='ocr_line' id='line_1_98' title="bbox 198 2521 977 2560; baseline 0.006 -12"><span class='ocrx_word' id='word_1_694' title='bbox 198 2525 278 2548; x_wconf 86' lang='lat' dir='ltr'><strong>tatem</strong></span> <span class='ocrx_word' id='word_1_695' title='bbox 293 2521 428 2557; x_wconf 74' lang='lat' dir='ltr'><strong>l&#39;ugercnt.</strong></span> <span class='ocrx_word' id='word_1_696' title='bbox 444 2521 532 2555; x_wconf 82' lang='lat' dir='ltr'><strong>Quare</strong></span> <span class='ocrx_word' id='word_1_697' title='bbox 546 2529 598 2549; x_wconf 93' lang='lat' dir='ltr'><strong>non</strong></span> <span class='ocrx_word' id='word_1_698' title='bbox 616 2527 719 2550; x_wconf 84' lang='lat' dir='ltr'><strong>tantum</strong></span> <span class='ocrx_word' id='word_1_699' title='bbox 737 2524 793 2552; x_wconf 80' lang='lat' dir='ltr'><strong>stris</strong></span> <span class='ocrx_word' id='word_1_700' title='bbox 809 2532 855 2552; x_wconf 90' lang='lat' dir='ltr'><strong>eos</strong></span> <span class='ocrx_word' id='word_1_701' title='bbox 866 2526 977 2560; x_wconf 74' lang='lat' dir='ltr'><strong>privari.</strong></span> 
     </span>
    </p>
   </div>
   <div class='ocr_carea' id='block_1_99' title="bbox 196 2567 976 2605">
    <p class='ocr_par' dir='ltr' id='par_1_99' title="bbox 196 2567 976 2605">
     <span class='ocr_line' id='line_1_99' title="bbox 196 2567 976 2605; baseline 0.006 -12"><span class='ocrx_word' id='word_1_702' title='bbox 196 2567 243 2593; x_wconf 88' lang='lat' dir='ltr'><strong>sed</strong></span> <span class='ocrx_word' id='word_1_703' title='bbox 265 2567 346 2594; x_wconf 83' lang='lat' dir='ltr'><strong>etiam</strong></span> <span class='ocrx_word' id='word_1_704' title='bbox 369 2567 456 2602; x_wconf 83' lang='lat' dir='ltr'><strong>patria</strong></span> <span class='ocrx_word' id='word_1_705' title='bbox 475 2572 642 2596; x_wconf 84' lang='lat' dir='ltr'><strong>sacramenta</strong></span> <span class='ocrx_word' id='word_1_706' title='bbox 658 2569 801 2604; x_wconf 78' lang='lat' dir='ltr'><strong>negligere.</strong></span> <span class='ocrx_word' id='word_1_707' title='bbox 820 2569 856 2598; x_wconf 88' lang='lat' dir='ltr'><strong>Se</strong></span> <span class='ocrx_word' id='word_1_708' title='bbox 869 2570 976 2605; x_wconf 88' lang='lat' dir='ltr'><strong>quidem</strong></span> 
     </span>
    </p>
   </div>
   <div class='ocr_carea' id='block_1_100' title="bbox 195 2612 978 2650">
    <p class='ocr_par' dir='ltr' id='par_1_100' title="bbox 195 2612 978 2650">
     <span class='ocr_line' id='line_1_100' title="bbox 195 2612 978 2650; baseline 0.005 -10"><span class='ocrx_word' id='word_1_709' title='bbox 195 2612 251 2648; x_wconf 69' lang='grc'><strong>46</strong></span> <span class='ocrx_word' id='word_1_710' title='bbox 271 2621 370 2648; x_wconf 77' lang='lat' dir='ltr'><strong>genere</strong></span> <span class='ocrx_word' id='word_1_711' title='bbox 388 2613 525 2648; x_wconf 89' lang='lat' dir='ltr'><strong>llunnum,</strong></span> <span class='ocrx_word' id='word_1_712' title='bbox 550 2622 606 2650; x_wconf 90' lang='lat' dir='ltr'><strong>quo</strong></span> <span class='ocrx_word' id='word_1_713' title='bbox 631 2615 748 2643; x_wconf 86' lang='lat' dir='ltr'><strong>maxime</strong></span> <span class='ocrx_word' id='word_1_714' title='bbox 768 2615 908 2650; x_wconf 75' lang='lat' dir='ltr'><strong>glorietur,</strong></span> <span class='ocrx_word' id='word_1_715' title='bbox 931 2616 978 2644; x_wconf 83' lang='lat' dir='ltr'><strong>sed</strong></span> 
     </span>
    </p>
   </div>
   <div class='ocr_carea' id='block_1_101' title="bbox 195 2659 978 2696">
    <p class='ocr_par' dir='ltr' id='par_1_101' title="bbox 195 2659 978 2696">
     <span class='ocr_line' id='line_1_101' title="bbox 195 2659 978 2696; baseline 0.005 -11"><span class='ocrx_word' id='word_1_716' title='bbox 195 2659 323 2692; x_wconf 70' lang='lat' dir='ltr'><strong>aequitate</strong></span> <span class='ocrx_word' id='word_1_717' title='bbox 345 2664 446 2687; x_wconf 92' lang='lat' dir='ltr'><strong>motum</strong></span> <span class='ocrx_word' id='word_1_718' title='bbox 468 2660 525 2687; x_wconf 67' lang='lat' dir='ltr'><strong>haec</strong></span> <span class='ocrx_word' id='word_1_719' title='bbox 539 2660 592 2688; x_wconf 88' lang='lat' dir='ltr'><strong>illis</strong></span> <span class='ocrx_word' id='word_1_720' title='bbox 605 2660 706 2694; x_wconf 87' lang='lat' dir='ltr'><strong>dicere,</strong></span> <span class='ocrx_word' id='word_1_721' title='bbox 724 2666 764 2694; x_wconf 86' lang='lat' dir='ltr'><strong>ut,</strong></span> <span class='ocrx_word' id='word_1_722' title='bbox 779 2669 838 2696; x_wconf 62' lang='lat' dir='ltr'><strong>qua:</strong></span> <span class='ocrx_word' id='word_1_723' title='bbox 857 2661 978 2689; x_wconf 78' lang='lat' dir='ltr'><strong>facienda</strong></span> 
     </span>
    </p>
   </div>
   <div class='ocr_carea' id='block_1_102' title="bbox 196 2704 978 2739">
    <p class='ocr_par' dir='ltr' id='par_1_102' title="bbox 196 2704 978 2739">
     <span class='ocr_line' id='line_1_102' title="bbox 196 2704 978 2739; baseline 0.006 -9"><span class='ocrx_word' id='word_1_724' title='bbox 196 2708 297 2738; x_wconf 78' lang='lat' dir='ltr'><strong>(ssent,</strong></span> <span class='ocrx_word' id='word_1_725' title='bbox 313 2704 444 2733; x_wconf 86' lang='lat' dir='ltr'><strong>viderent.</strong></span> <span class='ocrx_word' id='word_1_726' title='bbox 466 2705 514 2734; x_wconf 81' lang='lat' dir='ltr'><strong>His</strong></span> <span class='ocrx_word' id='word_1_727' title='bbox 525 2705 605 2733; x_wconf 88' lang='lat' dir='ltr'><strong>dictis</strong></span> <span class='ocrx_word' id='word_1_728' title='bbox 621 2705 701 2734; x_wconf 88' lang='lat' dir='ltr'><strong>Gothi</strong></span> <span class='ocrx_word' id='word_1_729' title='bbox 720 2707 860 2739; x_wconf 78' lang='lat' dir='ltr'><strong>commoti,</strong></span> <span class='ocrx_word' id='word_1_730' title='bbox 880 2711 906 2734; x_wconf 85' lang='lat' dir='ltr'><strong>et</strong></span> <span class='ocrx_word' id='word_1_731' title='bbox 921 2706 978 2735; x_wconf 59' lang='lat' dir='ltr'><strong>hac</strong></span> 
     </span>
    </p>
   </div>
   <div class='ocr_carea' id='block_1_103' title="bbox 1035 2245 1820 2281">
    <p class='ocr_par' dir='ltr' id='par_1_103' title="bbox 1035 2245 1820 2281">
     <span class='ocr_line' id='line_1_103' title="bbox 1035 2245 1820 2281; baseline -0.003 -8"><span class='ocrx_word' id='word_1_732' title='bbox 1035 2246 1130 2277; x_wconf 85' lang='grc' dir='ltr'>πονίας</span> <span class='ocrx_word' id='word_1_733' title='bbox 1141 2245 1250 2281; x_wconf 68' lang='grc' dir='ltr'>ἔχοντας</span> <span class='ocrx_word' id='word_1_734' title='bbox 1262 2245 1339 2281; x_wconf 85' lang='grc' dir='ltr'>δίκην</span> <span class='ocrx_word' id='word_1_735' title='bbox 1348 2245 1437 2272; x_wconf 84' lang='grc' dir='ltr'>λύκων</span> <span class='ocrx_word' id='word_1_736' title='bbox 1447 2245 1496 2276; x_wconf 74' lang='grc' dir='ltr'><strong>τὰς</strong></span> <span class='ocrx_word' id='word_1_737' title='bbox 1507 2245 1596 2272; x_wconf 78' lang='grc' dir='ltr'>αὐτῶν</span> <span class='ocrx_word' id='word_1_738' title='bbox 1606 2245 1733 2276; x_wconf 74' lang='grc' dir='ltr'>ἐπιόντας</span> <span class='ocrx_word' id='word_1_739' title='bbox 1744 2245 1820 2280; x_wconf 79' lang='grc' dir='ltr'>διαρ-</span> 
     </span>
    </p>
   </div>
   <div class='ocr_carea' id='block_1_104' title="bbox 1034 2291 1814 2327">
    <p class='ocr_par' dir='ltr' id='par_1_104' title="bbox 1034 2291 1814 2327">
     <span class='ocr_line' id='line_1_104' title="bbox 1034 2291 1814 2327; baseline -0.003 -9"><span class='ocrx_word' id='word_1_740' title='bbox 1034 2292 1167 2324; x_wconf 79' lang='grc' dir='ltr'>πάζεσθαι</span> <span class='ocrx_word' id='word_1_741' title='bbox 1180 2292 1293 2327; x_wconf 76' lang='grc' dir='ltr'>τροφὰς,</span> <span class='ocrx_word' id='word_1_742' title='bbox 1306 2291 1377 2318; x_wconf 78' lang='grc' dir='ltr'>ὥστε</span> <span class='ocrx_word' id='word_1_743' title='bbox 1391 2291 1563 2326; x_wconf 79' lang='grc' dir='ltr'>θεραπόντων</span> <span class='ocrx_word' id='word_1_744' title='bbox 1575 2291 1651 2324; x_wconf 73' lang='grc' dir='ltr'>τάξιν</span> <span class='ocrx_word' id='word_1_745' title='bbox 1666 2291 1814 2325; x_wconf 78' lang='grc' dir='ltr'>ἐπέχοντας</span> 
     </span>
    </p>
   </div>
   <div class='ocr_carea' id='block_1_105' title="bbox 1032 2336 1814 2373">
    <p class='ocr_par' dir='ltr' id='par_1_105' title="bbox 1032 2336 1814 2373">
     <span class='ocr_line' id='line_1_105' title="bbox 1032 2336 1814 2373; baseline -0.003 -9"><span class='ocrx_word' id='word_1_746' title='bbox 1032 2339 1082 2373; x_wconf 81' lang='grc' dir='ltr'>τῆς</span> <span class='ocrx_word' id='word_1_747' title='bbox 1101 2337 1213 2364; x_wconf 65' lang='grc' dir='ltr'>ἐκείνων</span> <span class='ocrx_word' id='word_1_748' title='bbox 1229 2337 1310 2364; x_wconf 70' lang='grc' dir='ltr'>ἕνεκα</span> <span class='ocrx_word' id='word_1_749' title='bbox 1324 2337 1556 2372; x_wconf 77' lang='grc' dir='ltr'>ταλαιπωρεῖσθαι</span> <span class='ocrx_word' id='word_1_750' title='bbox 1574 2337 1694 2372; x_wconf 75' lang='grc' dir='ltr'>τροφῆς,</span> <span class='ocrx_word' id='word_1_751' title='bbox 1713 2336 1814 2371; x_wconf 65' lang='grc' dir='ltr'>καίπερ</span> 
     </span>
    </p>
   </div>
   <div class='ocr_carea' id='block_1_106' title="bbox 1033 2382 1818 2417">
    <p class='ocr_par' dir='ltr' id='par_1_106' title="bbox 1033 2382 1818 2417">
     <span class='ocr_line' id='line_1_106' title="bbox 1033 2382 1818 2417; baseline -0.003 -7"><span class='ocrx_word' id='word_1_752' title='bbox 1033 2384 1061 2416; x_wconf 72' lang='grc' dir='ltr'>ἐς</span> <span class='ocrx_word' id='word_1_753' title='bbox 1078 2384 1121 2410; x_wconf 82' lang='grc' dir='ltr'>ἀεί</span> <span class='ocrx_word' id='word_1_754' title='bbox 1138 2392 1202 2410; x_wconf 83' lang='grc' dir='ltr'>ποτε</span> <span class='ocrx_word' id='word_1_755' title='bbox 1220 2385 1277 2415; x_wconf 80' lang='grc' dir='ltr'>τοῖς</span> <span class='ocrx_word' id='word_1_756' title='bbox 1294 2383 1406 2414; x_wconf 79' lang='grc' dir='ltr'>Οὖννοις</span> <span class='ocrx_word' id='word_1_757' title='bbox 1421 2383 1467 2410; x_wconf 83' lang='grc' dir='ltr'>τοῦ</span> <span class='ocrx_word' id='word_1_758' title='bbox 1485 2383 1590 2410; x_wconf 70' lang='grc' dir='ltr'>Γὰτθων</span> <span class='ocrx_word' id='word_1_759' title='bbox 1607 2383 1701 2417; x_wconf 85' lang='grc' dir='ltr'>γένους</span> <span class='ocrx_word' id='word_1_760' title='bbox 1717 2382 1818 2409; x_wconf 65' lang='grc' dir='ltr'>ἀσπόνα</span> 
     </span>
    </p>
   </div>
   <div class='ocr_carea' id='block_1_107' title="bbox 1032 2428 1819 2465">
    <p class='ocr_par' dir='ltr' id='par_1_107' title="bbox 1032 2428 1819 2465">
     <span class='ocr_line' id='line_1_107' title="bbox 1032 2428 1819 2465; baseline -0.003 -9"><span class='ocrx_word' id='word_1_761' title='bbox 1032 2430 1078 2456; x_wconf 84' lang='grc' dir='ltr'><strong>δου</strong></span> <span class='ocrx_word' id='word_1_762' title='bbox 1093 2429 1300 2465; x_wconf 77' lang='grc' dir='ltr'>διαμείναντος,</span> <span class='ocrx_word' id='word_1_763' title='bbox 1315 2430 1362 2456; x_wconf 82' lang='grc' dir='ltr'>καὶ</span> <span class='ocrx_word' id='word_1_764' title='bbox 1379 2430 1411 2456; x_wconf 69' lang='grc' dir='ltr'>ἐκ</span> <span class='ocrx_word' id='word_1_765' title='bbox 1429 2429 1570 2464; x_wconf 83' lang='grc' dir='ltr'>προγόνων</span> <span class='ocrx_word' id='word_1_766' title='bbox 1583 2428 1632 2464; x_wconf 86' lang='grc' dir='ltr'>τὴν</span> <span class='ocrx_word' id='word_1_767' title='bbox 1647 2428 1737 2455; x_wconf 83' lang='grc' dir='ltr'>αὐτῶν</span> <span class='ocrx_word' id='word_1_768' title='bbox 1751 2429 1819 2455; x_wconf 81' lang='grc' dir='ltr'>ἁπο-</span> 
     </span>
    </p>
   </div>
   <div class='ocr_carea' id='block_1_108' title="bbox 1033 2471 1819 2511">
    <p class='ocr_par' dir='ltr' id='par_1_108' title="bbox 1033 2471 1819 2511">
     <span class='ocr_line' id='line_1_108' title="bbox 1033 2471 1819 2511; baseline -0.004 -8"><span class='ocrx_word' id='word_1_769' title='bbox 1033 2476 1131 2511; x_wconf 77' lang='grc' dir='ltr'>φνγεϊν</span> <span class='ocrx_word' id='word_1_770' title='bbox 1144 2475 1296 2510; x_wconf 81' lang='grc' dir='ltr'>ὁμαιχμίαν</span> <span class='ocrx_word' id='word_1_771' title='bbox 1307 2475 1497 2511; x_wconf 76' lang='grc' dir='ltr'>ὁμοσαμένων,</span> <span class='ocrx_word' id='word_1_772' title='bbox 1513 2475 1554 2509; x_wconf 75' lang='grc' dir='ltr'><strong>ἐφ’</strong></span> <span class='ocrx_word' id='word_1_773' title='bbox 1564 2471 1586 2509; x_wconf 80' lang='grc' dir='ltr'>ᾧ</span> <span class='ocrx_word' id='word_1_774' title='bbox 1600 2475 1648 2503; x_wconf 77' lang='grc' dir='ltr'>καὶ</span> <span class='ocrx_word' id='word_1_775' title='bbox 1662 2475 1752 2510; x_wconf 83' lang='grc' dir='ltr'>ὅρκων</span> <span class='ocrx_word' id='word_1_776' title='bbox 1768 2483 1819 2501; x_wconf 84' lang='grc' dir='ltr'>πα-</span> 
     </span>
    </p>
   </div>
   <div class='ocr_carea' id='block_1_109' title="bbox 1031 2521 1816 2558">
    <p class='ocr_par' dir='ltr' id='par_1_109' title="bbox 1031 2521 1816 2558">
     <span class='ocr_line' id='line_1_109' title="bbox 1031 2521 1816 2558; baseline -0.003 -9"><span class='ocrx_word' id='word_1_777' title='bbox 1031 2522 1113 2558; x_wconf 85' lang='grc' dir='ltr'>τρίων</span> <span class='ocrx_word' id='word_1_778' title='bbox 1134 2521 1202 2557; x_wconf 81' lang='grc' dir='ltr'>πρὸς</span> <span class='ocrx_word' id='word_1_779' title='bbox 1220 2523 1253 2557; x_wconf 82' lang='grc' dir='ltr'>τῇ</span> <span class='ocrx_word' id='word_1_780' title='bbox 1273 2522 1329 2548; x_wconf 81' lang='grc' dir='ltr'><strong>τῶν</strong></span> <span class='ocrx_word' id='word_1_781' title='bbox 1348 2522 1457 2549; x_wconf 74' lang='grc' dir='ltr'>οἰκείων</span> <span class='ocrx_word' id='word_1_782' title='bbox 1478 2522 1604 2557; x_wconf 82' lang='grc' dir='ltr'>στερήσει</span> <span class='ocrx_word' id='word_1_783' title='bbox 1627 2522 1816 2556; x_wconf 81' lang='grc' dir='ltr'>καταφρονεῖν.</span> 
     </span>
    </p>
   </div>
   <div class='ocr_carea' id='block_1_110' title="bbox 1030 2566 1817 2602">
    <p class='ocr_par' dir='ltr' id='par_1_110' title="bbox 1030 2566 1817 2602">
     <span class='ocr_line' id='line_1_110' title="bbox 1030 2566 1817 2602; baseline -0.001 -8"><span class='ocrx_word' id='word_1_784' title='bbox 1030 2568 1116 2595; x_wconf 77' lang='grc' dir='ltr'>Αὐτὸν</span> <span class='ocrx_word' id='word_1_785' title='bbox 1128 2568 1167 2599; x_wconf 79' lang='grc' dir='ltr'><strong>δὲ,</strong></span> <span class='ocrx_word' id='word_1_786' title='bbox 1183 2569 1207 2594; x_wconf 88' lang='grc' dir='ltr'><strong>εί</strong></span> <span class='ocrx_word' id='word_1_787' title='bbox 1222 2568 1269 2595; x_wconf 76' lang='grc' dir='ltr'>καὶ</span> <span class='ocrx_word' id='word_1_788' title='bbox 1283 2568 1313 2594; x_wconf 75' lang='grc' dir='ltr'>τὸ</span> <span class='ocrx_word' id='word_1_789' title='bbox 1327 2567 1434 2595; x_wconf 82' lang='grc' dir='ltr'>Οῠννων</span> <span class='ocrx_word' id='word_1_790' title='bbox 1448 2567 1527 2602; x_wconf 82' lang='grc' dir='ltr'>αὐχεῖ</span> <span class='ocrx_word' id='word_1_791' title='bbox 1542 2567 1629 2601; x_wconf 81' lang='grc' dir='ltr'>γένος,</span> <span class='ocrx_word' id='word_1_792' title='bbox 1645 2566 1817 2602; x_wconf 83' lang='grc' dir='ltr'>δικαιοσύνης</span> 
     </span>
    </p>
   </div>
   <div class='ocr_carea' id='block_1_111' title="bbox 1032 2612 1817 2650">
    <p class='ocr_par' dir='ltr' id='par_1_111' title="bbox 1032 2612 1817 2650">
     <span class='ocr_line' id='line_1_111' title="bbox 1032 2612 1817 2650; baseline -0.003 -9"><span class='ocrx_word' id='word_1_793' title='bbox 1032 2615 1108 2649; x_wconf 76' lang='grc' dir='ltr'>πόθῳ</span> <span class='ocrx_word' id='word_1_794' title='bbox 1121 2613 1185 2641; x_wconf 77' lang='grc' dir='ltr'>τάδε</span> <span class='ocrx_word' id='word_1_795' title='bbox 1203 2614 1271 2650; x_wconf 81' lang='grc' dir='ltr'>πρὸς</span> <span class='ocrx_word' id='word_1_796' title='bbox 1287 2614 1386 2646; x_wconf 77' lang='grc' dir='ltr'>αὐτοὺς</span> <span class='ocrx_word' id='word_1_797' title='bbox 1401 2613 1514 2640; x_wconf 75' lang='grc' dir='ltr'>εἰπόντα</span> <span class='ocrx_word' id='word_1_798' title='bbox 1529 2613 1676 2640; x_wconf 74' lang='grc' dir='ltr'>δεδωκέναι</span> <span class='ocrx_word' id='word_1_799' title='bbox 1692 2613 1757 2648; x_wconf 71' lang='grc' dir='ltr'>περὶ</span> <span class='ocrx_word' id='word_1_800' title='bbox 1769 2612 1817 2639; x_wconf 78' lang='grc' dir='ltr'>τοῦ</span> 
     </span>
    </p>
   </div>
   <div class='ocr_carea' id='block_1_112' title="bbox 1032 2659 1816 2696">
    <p class='ocr_par' dir='ltr' id='par_1_112' title="bbox 1032 2659 1816 2696">
     <span class='ocr_line' id='line_1_112' title="bbox 1032 2659 1816 2696; baseline -0.003 -9"><span class='ocrx_word' id='word_1_801' title='bbox 1032 2660 1171 2696; x_wconf 79' lang='grc' dir='ltr'>πρακτέου</span> <span class='ocrx_word' id='word_1_802' title='bbox 1191 2659 1299 2695; x_wconf 86' lang='grc' dir='ltr'>βουλήν.</span> <span class='ocrx_word' id='word_1_803' title='bbox 1319 2660 1379 2687; x_wconf 73' lang='grc' dir='ltr'><strong>Ἐπὶ</strong></span> <span class='ocrx_word' id='word_1_804' title='bbox 1401 2659 1506 2692; x_wconf 82' lang='grc' dir='ltr'>τούτοις</span> <span class='ocrx_word' id='word_1_805' title='bbox 1527 2660 1561 2686; x_wconf 72' lang='grc' dir='ltr'><strong>οῖ’</strong></span> <span class='ocrx_word' id='word_1_806' title='bbox 1573 2660 1593 2686; x_wconf 84' lang='grc' dir='ltr'><strong>Γ</strong></span> <span class='ocrx_word' id='word_1_807' title='bbox 1595 2659 1666 2686; x_wconf 78' lang='grc' dir='ltr'>ότθοι</span> <span class='ocrx_word' id='word_1_808' title='bbox 1685 2659 1816 2693; x_wconf 77' lang='grc' dir='ltr'>διαταρα-</span> 
     </span>
    </p>
   </div>
   <div class='ocr_carea' id='block_1_113' title="bbox 1033 2704 1816 2742">
    <p class='ocr_par' dir='ltr' id='par_1_113' title="bbox 1033 2704 1816 2742">
     <span class='ocr_line' id='line_1_113' title="bbox 1033 2704 1816 2742; baseline -0.001 -10"><span class='ocrx_word' id='word_1_809' title='bbox 1033 2705 1153 2740; x_wconf 81' lang='grc' dir='ltr'>χθέντες,</span> <span class='ocrx_word' id='word_1_810' title='bbox 1167 2707 1213 2732; x_wconf 69' lang='grc' dir='ltr'>καὶ</span> <span class='ocrx_word' id='word_1_811' title='bbox 1225 2706 1316 2742; x_wconf 76' lang='grc' dir='ltr'>εὐνοίᾳ</span> <span class='ocrx_word' id='word_1_812' title='bbox 1326 2707 1358 2741; x_wconf 82' lang='grc' dir='ltr'><strong>τῇ</strong></span> <span class='ocrx_word' id='word_1_813' title='bbox 1369 2705 1437 2741; x_wconf 79' lang='grc' dir='ltr'>πρὸς</span> <span class='ocrx_word' id='word_1_814' title='bbox 1448 2705 1546 2738; x_wconf 64' lang='grc' dir='ltr'>αὐτοὺς</span> <span class='ocrx_word' id='word_1_815' title='bbox 1557 2705 1644 2732; x_wconf 84' lang='grc' dir='ltr'>ταῦτα</span> <span class='ocrx_word' id='word_1_816' title='bbox 1652 2704 1699 2732; x_wconf 66' lang='grc' dir='ltr'>τιν</span> <span class='ocrx_word' id='word_1_817' title='bbox 1709 2704 1816 2739; x_wconf 78' lang='grc' dir='ltr'>Χελχᾰλ</span> 
     </span>
    </p>
   </div>
   <div class='ocr_carea' id='block_1_114' title="bbox 850 2762 1187 2792">
    <p class='ocr_par' dir='ltr' id='par_1_114' title="bbox 850 2762 1187 2792">
     <span class='ocr_line' id='line_1_114' title="bbox 850 2762 1187 2792; baseline -0.006 -1"><span class='ocrx_word' id='word_1_818' title='bbox 850 2764 968 2792; x_wconf 62' lang='grc' dir='ltr'>νΑιιω</span> <span class='ocrx_word' id='word_1_819' title='bbox 987 2762 1187 2792; x_wconf 77' lang='lat' dir='ltr'><strong>LECTIONES.</strong></span> 
     </span>
    </p>
   </div>
   <div class='ocr_carea' id='block_1_115' title="bbox 237 2808 1500 2846">
    <p class='ocr_par' dir='ltr' id='par_1_115' title="bbox 237 2808 1500 2846">
     <span class='ocr_line' id='line_1_115' title="bbox 237 2808 1500 2846; baseline -0.001 -10"><span class='ocrx_word' id='word_1_820' title='bbox 237 2809 259 2846; x_wconf 61' lang='grc' dir='ltr'><strong>’ξ</strong></span> <span class='ocrx_word' id='word_1_821' title='bbox 267 2809 332 2846; x_wconf 78' lang='lat' dir='ltr'><strong>Post</strong></span> <span class='ocrx_word' id='word_1_822' title='bbox 347 2817 447 2843; x_wconf 81' lang='grc' dir='ltr'>προσκ.</span> <span class='ocrx_word' id='word_1_823' title='bbox 462 2809 562 2846; x_wconf 66' lang='lat' dir='ltr'><strong>excidit</strong></span> <span class='ocrx_word' id='word_1_824' title='bbox 574 2808 594 2836; x_wconf 81' lang='lat' dir='ltr'><strong>f.</strong></span> <span class='ocrx_word' id='word_1_825' title='bbox 611 2809 679 2846; x_wconf 69' lang='grc' dir='ltr'>ὄχθῃ</span> <span class='ocrx_word' id='word_1_826' title='bbox 693 2811 726 2838; x_wconf 89' lang='grc' dir='ltr'><strong>Ν.</strong></span> <span class='ocrx_word' id='word_1_827' title='bbox 745 2811 767 2827; x_wconf 85' lang='grc'><strong>¹⁶</strong></span> <span class='ocrx_word' id='word_1_828' title='bbox 779 2811 872 2846; x_wconf 76' lang='grc' dir='ltr'>καὶτῷ</span> <span class='ocrx_word' id='word_1_829' title='bbox 887 2812 950 2839; x_wconf 85' lang='lat' dir='ltr'><strong>add.</strong></span> <span class='ocrx_word' id='word_1_830' title='bbox 965 2811 999 2840; x_wconf 86' lang='lat' dir='ltr'><strong>N.</strong></span> <span class='ocrx_word' id='word_1_831' title='bbox 1039 2812 1060 2827; x_wconf 85' lang='lat'>”</span> <span class='ocrx_word' id='word_1_832' title='bbox 1077 2809 1207 2846; x_wconf 73' lang='grc' dir='ltr'>Ὀστρύου</span> <span class='ocrx_word' id='word_1_833' title='bbox 1225 2809 1269 2842; x_wconf 84' lang='grc' dir='ltr'><strong>Ν.,</strong></span> <span class='ocrx_word' id='word_1_834' title='bbox 1292 2809 1500 2846; x_wconf 46' lang='grc' dir='ltr'>Ὀστροῦϊ-νιιιε.</span> 
     </span>
    </p>
   </div>
   <div class='ocr_carea' id='block_1_116' title="bbox 1542 2807 1814 2844">
    <p class='ocr_par' dir='ltr' id='par_1_116' title="bbox 1542 2807 1814 2844">
     <span class='ocr_line' id='line_1_116' title="bbox 1542 2807 1814 2844; baseline -0.004 -9"><span class='ocrx_word' id='word_1_835' title='bbox 1542 2809 1563 2825; x_wconf 85' lang='grc'><strong>¹¹</strong></span> <span class='ocrx_word' id='word_1_836' title='bbox 1572 2807 1814 2844; x_wconf 81' lang='grc' dir='ltr'>ἀμιλληθήσονται]</span> 
     </span>
    </p>
   </div>
   <div class='ocr_carea' id='block_1_117' title="bbox 196 2840 1769 2883">
    <p class='ocr_par' dir='ltr' id='par_1_117' title="bbox 196 2840 1769 2883">
     <span class='ocr_line' id='line_1_117' title="bbox 196 2840 1769 2883; baseline -0.001 -12"><span class='ocrx_word' id='word_1_837' title='bbox 196 2840 418 2881; x_wconf 70' lang='grc' dir='ltr'>ἀμεληθήσονται</span> <span class='ocrx_word' id='word_1_838' title='bbox 443 2843 515 2878; x_wconf 84' lang='lat' dir='ltr'><strong>conj.</strong></span> <span class='ocrx_word' id='word_1_839' title='bbox 535 2840 679 2873; x_wconf 70' lang='lat' dir='ltr'><strong>Cantoél.&quot;</strong></span> <span class='ocrx_word' id='word_1_840' title='bbox 693 2847 714 2863; x_wconf 81' lang='lat'>”</span> <span class='ocrx_word' id='word_1_841' title='bbox 729 2846 793 2877; x_wconf 82' lang='grc' dir='ltr'>ὅσας</span> <span class='ocrx_word' id='word_1_842' title='bbox 805 2840 894 2883; x_wconf 73' lang='grc' dir='ltr'>ἆστξερ</span> <span class='ocrx_word' id='word_1_843' title='bbox 909 2848 982 2883; x_wconf 78' lang='lat' dir='ltr'><strong>vulg.</strong></span> <span class='ocrx_word' id='word_1_844' title='bbox 1019 2847 1041 2864; x_wconf 81' lang='grc'><strong>¹⁰</strong></span> <span class='ocrx_word' id='word_1_845' title='bbox 1057 2846 1109 2874; x_wconf 75' lang='grc' dir='ltr'><strong>τῶν</strong></span> <span class='ocrx_word' id='word_1_846' title='bbox 1127 2840 1156 2872; x_wconf 67' lang='grc' dir='ltr'><strong>Γ.</strong></span> <span class='ocrx_word' id='word_1_847' title='bbox 1183 2845 1223 2878; x_wconf 84' lang='grc' dir='ltr'><strong>Β.,</strong></span> <span class='ocrx_word' id='word_1_848' title='bbox 1239 2840 1328 2873; x_wconf 58' lang='grc' dir='ltr'>αὑτῶν</span> <span class='ocrx_word' id='word_1_849' title='bbox 1339 2840 1369 2871; x_wconf 68' lang='grc' dir='ltr'><strong>Γ.</strong></span> <span class='ocrx_word' id='word_1_850' title='bbox 1386 2844 1458 2880; x_wconf 76' lang='lat' dir='ltr'><strong>vulg.</strong></span> <span class='ocrx_word' id='word_1_851' title='bbox 1477 2840 1518 2861; x_wconf 65' lang='grc'><strong>’³⁸</strong></span> <span class='ocrx_word' id='word_1_852' title='bbox 1534 2840 1682 2880; x_wconf 60' lang='grc' dir='ltr'>ὀλιγώρους</span> <span class='ocrx_word' id='word_1_853' title='bbox 1697 2840 1769 2879; x_wconf 70' lang='lat' dir='ltr'><strong>vulg.</strong></span> 
     </span>
    </p>
   </div>
  </div>
