1951 3074
119 107 178 139 713
230 142 234 146 _

507 108 555 138 DE
576 108 854 139 LEGATIONIBUS
874 109 1118 142 ROMANORUM
1138 111 1188 141 AD
1209 111 1366 143 GENTES.

1687 111 1740 155 ἰιι

121 164 188 198 βοῦν
203 163 314 198 ἄγοντές
330 172 401 195 τινες
420 163 467 190 καὶ
484 165 633 198 ποταμίους
659 165 752 200 ίχθύας
767 167 842 202 παρὰ
857 166 904 193 τοῦ

958 172 1016 201 pter
1025 172 1130 201 tempus
1139 169 1224 196 noctis
1235 168 1450 203 intempestivum
1464 175 1612 196 rentanere.
1626 167 1654 195 In
1665 176 1742 196 emn-

121 208 244 244 ’Λττὴλα
257 208 484 244 διαπεμφθέντας.
505 210 703 245 Δειπνήσαντες
719 211 765 237 οὖν
782 212 811 243 ἐς
825 211 909 239 ὕπνον

120 254 295 289 ἑτράπημεν.
315 254 436 289 Ἡμέρας
450 255 478 281 δὲ
490 255 636 290 γενομένης
652 255 761 291 ᾠόμεθα
777 257 827 291 μὲν
838 258 908 292 ἥμε-

122 300 173 335 ρόν
187 308 211 326 τι
225 300 273 326 καὶ
284 300 370 334 πρᾶον
383 300 457 334 παρὰ
473 301 519 326 τοῦ
531 301 676 336 Βαρϐάρου
692 302 908 337 μηνυθήσεσθαυ

120 345 136 371 6
164 345 192 372 δὲ
205 345 284 372 πάλιν
298 346 360 376 τοὺς
387 346 484 378 αὐτοὺς
508 347 627 380 ἔπεμπε.
653 348 909 384 παρακελευόμενος

120 391 244 423 ἀπιέναι,
271 390 355 426 είίμὴ
377 390 486 426 ἐχοιμέν
515 400 542 417 τι
558 392 634 427 παρὰ
652 392 686 419 τὰ
707 394 798 426 αὐτοῖς
821 395 908 428 ἐγνω-

121 437 212 471 σμένα
238 437 336 470 λέγειν.
358 437 440 464 Οὐδὲν
457 437 504 464 οὖν
529 439 742 474 ἀποκρινάμενοι
768 440 836 475 πρὸς
859 440 909 475 τὴν

119 484 183 509 ὁδὸν
198 483 474 518 παρασκευαζόμεθα,
495 484 595 520 καίπερ
610 484 656 511 τοῦ
680 484 774 518 Βιγίλα
789 485 909 520 διαφιλο-

120 529 276 560 νεικοῦντος
292 529 381 563 λέγειν
393 528 463 556 εἶναι
482 530 530 556 καὶ
545 529 626 564 ἕτερα
641 531 706 565 ἡμῖν
723 531 906 566 ῥηθησόμενα.

128 575 175 601 Ἐν
191 575 273 610 πολλῇ
298 575 327 602 δι
342 575 479 611 κατηφείᾳ.
499 575 545 602 τὸν
568 576 718 611 Μαξιμῖνον
733 576 805 610 ἰδὼν,
820 586 908 612 παρα-

121 619 214 646 λαϐὼν
232 620 396 647 Ῥουστίκιον
409 620 619 655 ἐξεπιστάμενον
631 621 680 656 τὴν
690 621 838 657 Βαρϐάρων
851 631 908 657 φω-

121 663 183 699 νὴν,
199 659 228 696 ὃς
251 665 298 690 σὺν
315 665 380 699 ἡμῖν
399 664 444 690 ἐπὶ
463 664 511 699 τὴν
537 664 671 700 Σκυθικὴν
693 665 863 701 ὲληλύθει-
877 668 907 694 οὐ

120 709 174 743 τῆς
190 709 336 744 πρεσϐείας
357 709 437 736 ἕνεκα
455 709 522 736 ἀλλὰ
541 710 611 736 κατὰ
635 711 734 745 πρᾶξίν
762 719 822 738 τινα
841 712 908 746 πρὸς

123 754 326 786 Κωνστάντιον,
347 754 377 780 6v
398 754 554 790 Ἰταλιώτην
577 755 642 781 ὂντα
667 756 831 791 ὑπογραφέα
850 757 910 783 Ἀτ-

122 799 195 834 τήλα
210 799 376 826 ἀπεστάλκει
394 799 496 831 ’Δέτιος
514 801 528 826 6
544 800 598 826 τῶν
611 800 744 835 ἑσπερίων
766 800 908 834 Ῥωμαίων

124 828 330 880 στρατηγὸς,-
347 846 421 880 παρὰ
445 828 494 872 τὸν
511 846 630 872 Σκότταν
655 828 852 881 ὰςρικνούμενος
868 847 908 880 (οὐ
925 828 946 857 Β

123 889 180 924 γὰρ
197 889 356 925 Ὀνηγήσιος
369 889 519 924 τηνικαῦτα
535 890 646 925 παρῆν),
668 890 714 917 καὶ
728 890 808 916 αὐτὸν
825 898 910 925 προσ-

123 935 211 962 ειπὼν
240 935 285 969 ὑφ’
321 936 436 970 ἑρμηνεῖ
462 935 500 969 τῷ
532 935 690 971 Ῥουστικίῳ
713 935 806 969 ἔλεγον
835 936 911 972 δῶρα

124 981 238 1008 πλεῖστα
250 981 325 1016 παρὰ
339 981 384 1007 τοῦ
401 981 553 1016 Μαξιμίνου
575 981 718 1016 λήψεσθαι,
735 982 814 1018 ειπερ
829 983 910 1010 αὐτὸν

124 1025 176 1062 τῆς
206 1027 279 1060 παρὰ
306 1027 351 1053 τὸν
372 1026 503 1062 ’Δττήλαν
523 1027 546 1042 ⁷²
571 1026 674 1053 εἰσόδου
703 1029 909 1062 παρασκευάσω

123 1073 226 1106 τυχεῖν.
249 1073 305 1106 Τ.,ν
329 1072 383 1107 γὰρ
403 1072 485 1099 αὑτοῦ
507 1072 654 1108 πρεσϐείαν
679 1073 710 1100 οὐ
735 1073 815 1108 μόνον
843 1074 909 1101 Ῥω-

126 1118 217 1152 μαίοις
231 1117 278 1144 καὶ
293 1116 402 1149 Οὕννοις
422 1116 563 1149 ξυνοίσειν,
588 1117 655 1144 ἀλλὰ
678 1118 725 1144 καὶ
746 1118 908 1154 ὐνηγησίφ,

123 1163 155 1189 ὃν
170 1163 234 1198 παρ’
251 1162 332 1189 αὐτὸν
357 1162 470 1197 βασιλέα
486 1163 508 1179 ⁷³
525 1163 592 1190 ἱέναι
607 1163 729 1198 βούλεται
748 1164 794 1190 καὶ
809 1165 842 1191 τὰ
853 1167 909 1196 τοῖς

124 1208 214 1234 ἔθνεσι
237 1208 423 1243 διευκρινῆσαι
439 1208 578 1242 ἀμφίϐολα
590 1217 597 1224 ·
626 1209 789 1244 ἀφικόμενον
818 1209 846 1236 δὲ
863 1219 911 1245 με-

124 1255 226 1287 γίστων
240 1254 381 1287 τεύξεσθαι
395 1253 514 1289 δωρεῶν.
535 1253 641 1289 Χρῆναι
655 1252 701 1280 οὖν
724 1254 761 1290 μὴ
778 1256 910 1291 παρόντος

132 1299 291 1334 Ὀνηγησίοῠ
306 1301 382 1335 ἡμῖν,
407 1299 508 1334 μᾶὶλον
523 1299 551 1326 δὲ
565 1299 688 1335 τὰδεὶλρῷ
703 1300 749 1327 ἐπὶ
763 1302 796 1336 τῇ
819 1303 908 1337 ἀγαθῇ

126 1345 356 1378 συναγωνίζεσθαι
381 1345 490 1380 πράξει.
508 1345 654 1372 Πείθεσθαι
673 1346 700 1372 δὲ
717 1346 765 1372 καὶ
777 1346 851 1381 αὑτῴ
864 1347 909 1373 τον

140 1391 263 1425 Δττήλαν
278 1390 464 1425 μεμαθηκέναι
478 1390 570 1424 ἔλεγον
580 1399 586 1405 ”
604 1390 653 1417 οὐκ
675 1391 703 1417 ὲν
721 1391 790 1426 ἀκοῇ
805 1391 833 1418 δὲ
849 1391 909 1418 ἐσε-

127 1435 188 1462 σθαι
209 1435 324 1470 βεϐαίως
349 1436 383 1462 τὰ
398 1436 458 1462 κατ’
481 1436 572 1468 αὐτὸν,
591 1437 615 1462 εί
637 1437 673 1471 μή
699 1444 729 1469 γε
752 1436 833 1472 πείρᾳ
859 1437 908 1472 τὴν

961 213 1021 240 dem
1052 214 1134 249 igitur
1154 215 1254 247 locum,
1289 215 1358 242 unde
1380 214 1628 248 proﬁciscebantur.
1644 220 1741 253 praesto

960 258 1046 290 fuere,
1058 259 1102 293 qui
1122 259 1216 287 bovem
1234 259 1349 294 agebant
1368 264 1394 287 et
1409 259 1497 294 pisces
1510 259 1653 287 ﬂuviatiles
1666 260 1743 299 nobis

960 304 994 331 ab
1011 304 1093 331 Attila
1111 304 1207 333 missos
1232 304 1390 332 adferebant.
1407 304 1512 332 Ccenati
1528 311 1578 332 nos
1596 305 1741 332 dormitum

959 348 1132 375 contulimus.
1150 347 1221 377 Luce
1238 354 1297 376 orta
1314 348 1340 375 in
1352 355 1427 383 spem
1443 348 1654 382 adducebantur,
1670 348 1741 376 Atti-

960 393 1012 420 lam
1024 401 1053 420 se
1066 393 1099 420 ad
1119 394 1256 422 lenitatem
1278 394 1414 427 daturum,
1429 398 1458 421 et
1472 394 1579 429 aliquod
1604 394 1668 422 mite
1695 401 1741 422 re-

958 444 1088 472 sponsum
1112 439 1145 464 ad
1175 446 1224 466 nos
1252 439 1286 466 ab
1301 438 1359 473 ipso
1380 443 1580 466 emanaturum.
1605 438 1651 466 Ille
1677 446 1741 466 vero

959 483 1047 510 denuo
1059 484 1164 510 eosdem
1187 484 1272 517 misit,
1285 483 1420 519 jussitque
1437 484 1523 517 abire,
1538 484 1560 510 si
1579 483 1645 511 nihil
1667 483 1742 512 aliud

960 527 1059 562 negotii
1075 547 1082 560 ,
1103 527 1154 554 nisi
1177 529 1248 562 quod
1267 527 1324 562 jam
1353 528 1481 555 omnibus
1506 528 1640 563 cognitum
1660 532 1740 562 erat,

959 571 1036 598 nobis
1062 579 1122 598 cum
1151 572 1196 599 illo
1213 572 1406 600 intercederet.
1431 571 1511 599 Nullo
1535 571 1597 599 dato
1612 579 1741 606 responso

959 617 992 644 ad
1008 617 1059 644 iter
1076 624 1125 644 ttos
1139 617 1316 650 accinximus,
1334 617 1385 645 etsi
1405 617 1505 651 Bigilas
1518 617 1591 644 omni
1605 623 1656 651 ope
1675 624 1741 644 con-

960 662 1092 694 tenderet,
1119 666 1149 689 ut
1163 665 1387 697 responderemus
1416 670 1465 690 nos
1484 662 1536 690 alia
1563 661 1675 689 dicenda
1691 661 1742 689 ita-

960 707 1033 733 bere.
1055 706 1111 740 Ego
1131 714 1194 734 vero
1219 715 1279 734 cum
1300 707 1474 735 Maximinum
1500 714 1615 735 ntterore
1643 707 1742 736 conﬁci

959 753 1090 786 viderem,
1103 758 1241 788 assumpto
1252 753 1384 787 Rusticio,
1396 755 1441 788 qui
1452 754 1630 782 Barbarorum
1645 753 1742 789 lingua:

960 798 1063 832 peritus
1079 801 1148 830 erat,
1163 803 1189 825 et
1205 799 1343 826 nobiscum
1357 799 1383 826 in
1400 799 1540 834 Scythiam
1552 803 1674 832 venerat,
1687 806 1742 827 non

962 843 1111 879 legationis,
1141 844 1188 871 scd
1208 844 1318 878 privata:
1338 844 1377 872 rei
1391 852 1484 876 causa.
1500 845 1534 872 ad
1552 844 1741 873 Constantium

960 896 993 916 ex
1006 889 1081 916 Italia
1097 889 1254 922 oriundum,
1277 896 1356 924 quem
1368 889 1400 916 ad
1411 889 1523 917 Attilatn
1541 890 1647 923 Aetius,
1662 890 1742 918 Occi—

959 936 1106 964 dentalium
1125 936 1308 964 Romanorum
1324 936 1388 969 dux,
1405 941 1434 963 ut
1447 935 1484 963 illi
1501 935 1536 964 ab
1547 935 1670 971 epistolis
1695 944 1740 964 es-

959 987 1010 1015 set,
1027 983 1148 1014 miserat,
1165 981 1286 1009 Scottam
1304 981 1357 1009 adii
1386 981 1447 1017 (nec
1469 981 1541 1008 enim
1562 982 1655 1009 aderat
1667 980 1740 1009 One-

958 1027 1070 1061 gcsius),
1098 1031 1125 1054 et
1152 1034 1213 1054 cum
1242 1027 1286 1054 illo
1310 1034 1357 1062 per
1385 1026 1536 1055 Rusticium
1564 1027 1740 1063 interpretem

959 1073 1118 1105 collocutus,
1130 1079 1191 1100 eum
1208 1072 1320 1108 plurima
1335 1072 1404 1100 dona
1422 1079 1437 1099 a
1452 1071 1598 1100 Maximino
1621 1073 1741 1100 laturum

958 1117 1024 1150 dixi,
1051 1118 1074 1144 si
1095 1117 1132 1144 illi
1146 1117 1234 1145 aditus
1250 1118 1283 1144 ad
1299 1116 1410 1144 Attilam
1428 1117 1531 1152 copiam
1557 1117 1659 1145 faceret
1674 1127 1681 1145 :
1700 1119 1740 1146 le-

959 1167 1049 1197 gatum
1065 1163 1137 1190 enim
1151 1163 1242 1190 venire
1255 1163 1286 1190 de
1298 1163 1389 1195 rebus.
1402 1170 1461 1198 quae
1477 1169 1528 1190 non
1543 1162 1629 1190 solum
1642 1163 1741 1191 Roma-

960 1209 1000 1236 nis
1015 1213 1041 1235 et
1056 1207 1160 1236 Hunnis
1175 1209 1319 1235 maximam
1339 1213 1430 1236 essent
1445 1208 1586 1236 utilitatem
1608 1209 1738 1243 allatura,

959 1255 1005 1281 sed
1021 1254 1101 1281 etiam
1113 1254 1162 1288 ipsi
1179 1253 1322 1290 Onegesio.
1333 1253 1522 1289 Imperatorem
1537 1254 1607 1282 enim
1617 1262 1740 1289 poscere,

959 1301 1032 1328 illum
1049 1301 1082 1327 ad
1097 1308 1127 1328 se
1142 1300 1255 1335 legatum
1267 1300 1300 1327 ab
1317 1299 1401 1327 Attila
1419 1299 1498 1334 mitti,
1516 1300 1561 1335 qui
1581 1301 1740 1336 dijudicaret

959 1346 1157 1374 controversias
1171 1346 1244 1373 inter
1259 1350 1401 1380 utrantque
1415 1349 1532 1381 gentem,
1550 1347 1621 1374 unde
1633 1348 1740 1375 nonnisi

959 1392 1112 1427 ingentibus
1123 1392 1200 1420 donis
1213 1392 1363 1419 cumulatus
1373 1396 1446 1420 esset
1457 1392 1600 1420 rediturus.
1610 1392 1740 1428 Oportere

959 1437 1040 1470 igitur
1068 1437 1152 1468 illum,
1171 1444 1231 1464 cum
1263 1435 1411 1472 Onegesius
1436 1445 1490 1464 non
1517 1437 1598 1470 adsit,
1626 1438 1653 1466 in
1685 1443 1739 1466 tant

126 1481 208 1508 αὐτοῦ
226 1481 300 1516 γνοίη
312 1482 335 1497 ⁷⁸
355 1481 480 1516 δύναμιν.
502 1481 530 1508 Ὀ
543 1481 571 1508 δὲ
584 1481 725 1508 ὑπολαϐὼν
742 1483 840 1516 μηκέτι
855 1483 907 1517 ἀμ-

959 1481 1085 1516 ρταιείῖιηι
1101 1481 1205 1508 actione
1217 1488 1267 1508 nos
1288 1486 1334 1508 aut
1346 1479 1561 1516 potius'l’ratrem
1579 1482 1665 1516 ipsum
1690 1483 1739 1510 ad-

126 1527 252 1562 φιϐόλους
277 1525 348 1553 εἶναι
373 1526 424 1561 ἔφη
448 1527 493 1554 τοῦ
518 1528 564 1554 καὶ
587 1527 667 1554 αὐτὸν
694 1527 739 1554 ῐσα
753 1527 790 1563 τῷ
803 1528 907 1562 ἀδελφῷ

126 1573 201 1608 παρὰ
221 1573 334 1608 ’Δττήλᾳ
347 1574 370 1589 ⁷⁸
395 1573 483 1606 λέγειν
506 1582 535 1599 τε
555 1573 603 1600 καὶ
624 1574 763 1609 πράττειν.
789 1574 843 1601 Καὶ
858 1583 906 1601 πα-

127 1619 254 1653 ραχρῆμα
268 1619 313 1644 τὸν
328 1618 410 1645 ἵππον
419 1618 522 1650 ἀναϐὰς
537 1619 585 1645 ἐπὶ
601 1618 650 1653 τὴν
671 1619 786 1653 Ἀττήλα
798 1619 907 1654 διήλασε

79 1699 82 1702 Α
127 1666 237 1700 σκηνήν.
265 1665 335 1700 Πρὸς
351 1665 379 1692 δὲ
393 1665 438 1691 τὸν
456 1665 607 1699 Μαξιμῖνον
625 1665 780 1692 ἐπανελθὼν
793 1665 907 1692 ἀλύοντα

125 1711 183 1746 ἃμα
201 1711 241 1746 τῷ
265 1711 361 1745 Βιγίλᾳ
389 1711 436 1738 καὶ
460 1710 674 1746 διαπορούμενον
695 1711 742 1738 ἐπὶ
761 1712 815 1742 τοῖς
842 1711 908 1739 καθ-

125 1755 238 1781 εστῶσιν
251 1755 342 1789 ἔλεγον
358 1755 377 1782 ἆ
387 1764 415 1782 τε
430 1755 468 1790 τῷ
488 1755 590 1791 Σκόπα
605 1755 757 1790 διείλεγμαι
775 1757 822 1782 καὶ
835 1757 908 1792 ἅπερ

126 1801 190 1836 παρ’
203 1800 283 1827 αὗτοῦ
295 1801 435 1835 ἡκηκόειν,
453 1800 500 1827 καὶ
513 1800 551 1832 ὡς
563 1801 604 1827 δεῖ
616 1800 650 1828 τὰ
666 1801 705 1835 τῷ
718 1801 848 1837 βαρϐάρῳ
864 1802 908 1828 δο-

126 1845 262 1881 θησόμενα
282 1845 501 1881 παρασκευάζειν
523 1845 598 1881 δῶρα
627 1847 673 1873 καὶ
692 1846 728 1873 τὰ
750 1847 824 1882 αὐτῷ
842 1848 907 1883 παρ’

126 1891 204 1926 ἡμῶν
238 1891 410 1927 ῥηθησόμενα
435 1891 650 1925 ἀναλογίζεσθαι.
681 1893 842 1928 Ἀμφότεροι
862 1892 907 1920 οὖν

126 1936 348 1971 ἀναπηδήσαντες
371 1936 427 1971 (ἐπὶ
445 1937 499 1971 γὰρ
521 1935 567 1963 τοῦ
583 1937 697 1970 ἐδάφους
714 1938 760 1965 καὶ
775 1939 824 1973 τῆς
839 1939 907 1970 πόας

126 1981 231 2008 κεῖσθαι
245 1981 314 2016 σφᾶς
335 1981 513 2017 συνέϐαινεν).
532 1982 667 2017 ἐπῄνεσάν
684 1991 713 2009 τε
726 1983 774 2018 τὴν
799 1983 905 2019 πρᾶξιν,

127 2026 172 2053 καὶ
198 2026 260 2058 τοὺς
287 2026 337 2062 ἤδη
367 2027 435 2062 μετὰ
456 2027 509 2053 τῶν
531 2027 683 2061 ὑποζυγίων
704 2027 907 2064 ἐξορμήσαντας

127 2071 283 2103 ἀνεκάλουν,
312 2072 356 2098 καὶ
382 2072 560 2106 διεσκέψαντο
587 2073 660 2105 ὅπως
681 2081 712 2100 τε
737 2074 908 2109 προσείποιεν

127 2117 171 2143 τὸν
190 2117 331 2152 Ἀττή).αν,
345 2117 391 2144 καὶ
408 2118 482 2149 ὅπως
502 2118 576 2152 αὐτῷ
591 2119 626 2146 τά
643 2127 673 2145 τε
687 2118 818 2154 βασιλέως
833 2120 908 2155 δῶρα

955 1526 1062 1560 juvare.
1086 1526 1119 1554 L‘t
1136 1526 1186 1560 ipsi
1216 1533 1323 1561 quoque
1349 1526 1460 1554 Attilam
1491 1527 1635 1562 plurimum
1656 1527 1740 1557 lldere

958 1572 1013 1599 dixi
1029 1579 1070 1598 me
1085 1573 1242 1606 accepisse;
1258 1572 1304 1600 sed
1318 1579 1370 1600 non
1389 1573 1455 1600 satis
1473 1572 1548 1600 ﬁrma
1561 1581 1621 1601 esse
1636 1574 1738 1608 audita,

958 1618 1011 1645 nisi
1024 1625 1052 1645 re
1063 1618 1118 1653 ipsa
1131 1622 1224 1644 ttotutn
1239 1617 1341 1645 laceret
1353 1622 1485 1652 quantum
1498 1618 1622 1646 illiAttila
1637 1619 1738 1648 tribue-

958 1669 1008 1691 rct.
1026 1663 1114 1699 Atque
1138 1663 1182 1690 ille
1198 1673 1204 1690 :
1221 1672 1230 1688 ι
1249 1662 1288 1690 Ne
1313 1663 1438 1698 amplius,
1463 1663 1560 1698 inquit,
1579 1664 1651 1692 dubii
1668 1665 1738 1692 sitis.

957 1707 1045 1742 [Eque
1062 1716 1094 1735 ac
1109 1708 1192 1735 frater
1207 1707 1277 1742 apud
1291 1708 1400 1735 Attilam
1421 1708 1498 1735 valeo
1511 1710 1680 1742 auctoritate,
1691 1717 1738 1737 seu

959 1754 1061 1787 verbis,
1089 1761 1135 1781 seu
1155 1754 1226 1780 facto
1244 1761 1311 1788 opus
1326 1759 1377 1781 est.
1398 1763 1408 1780 ι
1423 1754 1457 1781 Ει
1473 1761 1586 1782 ascenso
1606 1763 1685 1791 equo,
1705 1756 1738 1783 ad

957 1798 1047 1826 Attilae.
1065 1799 1210 1826 tentorium
1218 1799 1366 1826 contendit.
1380 1799 1434 1834 Ego
1444 1807 1509 1827 vero
1521 1800 1554 1828 ad
1563 1799 1737 1828 Maximinum

958 1844 1077 1877 rediens,
1097 1845 1141 1879 qui
1154 1853 1206 1871 una
1223 1852 1283 1872 cum
1300 1844 1384 1879 Bigila
1411 1845 1559 1880 angebatur
1585 1847 1685 1878 attimo,
1711 1853 1739 1873 et

958 1890 1077 1917 incertus
1103 1895 1161 1916 erat
1199 1890 1262 1924 quid
1280 1890 1496 1916 constituendum
1519 1895 1608 1923 esset,
1631 1892 1738 1918 narravi

957 1943 1106 1967 sermones.
1121 1943 1188 1970 quos
1206 1936 1351 1962 habuerant
1372 1943 1433 1962 cum
1451 1935 1555 1968 Scotta,
1582 1941 1609 1963 et
1625 1943 1685 1971 qua:
1705 1938 1739 1964 ab

958 1980 1017 2015 ipso
1032 1980 1180 2006 audieram.
1190 1981 1277 2014 Atque
1285 1979 1352 2006 adeo
1364 1979 1437 2006 illum
1452 1980 1565 2007 excitavi
1581 1981 1615 2008 ad
1632 1988 1738 2016 praepa-

959 2026 1043 2053 randa
1060 2032 1187 2057 munera,
1211 2025 1308 2060 quibus
1323 2025 1443 2052 Scottam
1462 2031 1690 2059 remuneraretur,
1712 2032 1740 2055 et

959 2071 1212 2105 praemeditaudum.
1233 2071 1332 2105 quibus
1347 2070 1437 2098 verbis
1461 2070 1572 2098 Attilam
1599 2072 1740 2101 all'aretttr.

961 2116 1143 2142 Surrexcrunt
1168 2115 1250 2150 igitur
1260 2115 1436 2148 (olfenderam
1465 2116 1536 2143 enim
1554 2116 1615 2146 illos
1631 2118 1657 2145 in
1680 2118 1738 2146 solo

126 2163 193 2189 δοῖεν
205 2163 251 2189 καὶ
269 2164 339 2198 ἅπερ
352 2162 425 2198 αὑτῷ
438 2163 451 2189 6
467 2163 619 2197 Μαξιμῖνος
631 2163 769 2199 ἐκόμιζεν,
782 2164 866 2199 ’Δμφὶ
879 2165 906 2192 δὲ

961 2161 1074 2189 herbido
1085 2160 1229 2195 jacentes),
1239 2164 1267 2188 et
1282 2167 1391 2195 operam
1405 2168 1420 2188 a
1436 2169 1479 2189 me
1494 2164 1600 2198 egregie
1614 2168 1739 2191 navatam

127 2209 210 2235 ταῦτα
224 2208 405 2242 πονουμένους
424 2208 469 2235 διὰ
481 2208 528 2235 τοῦ
541 2209 642 2236 Σκόττα
655 2210 669 2236 ό
689 2209 818 2245 ’Λττήλας
843 2219 908 2245 μετ-

127 2252 266 2288 επέμψατο
278 2253 312 2286 ⁷⁸,
339 2253 386 2280 κα)⁸
411 2253 478 2289 δῆτα
501 2254 530 2285 ἐς
555 2253 604 2288 τὴν
630 2254 733 2281 ἐκείνου
760 2255 907 2290 παραγινό-

129 2299 195 2334 μεθα
216 2299 249 2330 ⁷⁷,
267 2299 320 2325 ὑπὸ
345 2299 513 2334 βαρϐαρικοῦ
535 2299 628 2334 κύκλῳ
637 2300 659 2315 ⁷⁸
679 2302 908 2336 πεφρουρημένην

127 2343 252 2378 πλήθους.
276 2344 320 2375 Ὠς
339 2344 367 2371 δὲ
383 2345 486 2371 εἰσόδου
507 2345 651 2380 ἐτύχομεν,
667 2345 783 2381 εὕρομεν
800 2347 845 2372 ἐπὶ
861 2346 906 2379 ξυ·

127 2390 198 2417 λίνου
224 2389 318 2425 δίφρου
342 2390 388 2417 τὸν
406 2390 538 2425 ’Δττήλαν
561 2391 725 2425 καθήμενον.
744 2391 867 2418 Στάντων
878 2392 907 2419 δι

129 2436 203 2470 ἡμῶν
228 2436 324 2471 μικρδν
350 2436 484 2472 ἀπωτέρω
509 2437 555 2463 τοῦ
581 2437 686 2472 θρόνου,
718 2437 873 2472 προσελθὼν
892 2440 907 2466 6

128 2479 275 2514 Μαξιμίνος
291 2482 433 2515 ἠσπάσατο
446 2482 492 2508 τδν
505 2482 657 2518 Βάρϐαρον,
671 2482 705 2510 τά
721 2491 752 2509 τε
767 2483 842 2517 παρὰ
860 2483 909 2518 βα-

130 2526 221 2557 σιλέως
235 2527 384 2562 γράμματα
405 2527 466 2559 δοὺς
487 2527 590 2562 ἔλεγεν,
607 2529 645 2560 ὡς
668 2528 722 2556 σῶν
741 2526 810 2556 εἶναι
826 2529 906 2556 αὐτὸν

130 2571 174 2596 καὶ
199 2571 261 2602 τοὺς
286 2571 354 2605 ἀμφ’
381 2571 461 2598 αὑτὸν
487 2571 595 2606 εὔχεται
622 2573 746 2608 βασιλεύς
760 2574 793 2600 τ’.
822 2574 850 2601 Ὀ
876 2575 904 2601 δὲ

87 2620 93 2629 ‘
130 2617 303 2652 ἁπεκρίνατο,
335 2617 443 2644 ἔσεσθαι
469 2618 614 2653 Ῥωμαίοις
645 2619 716 2655 ᾶπερ
740 2620 814 2656 αὐτῷ
841 2619 904 2655 βού-

957 2207 1112 2238 laudarunt,
1131 2211 1158 2234 et
1184 2214 1240 2238 eos,
1256 2207 1300 2241 qui
1313 2214 1342 2234 se
1363 2206 1418 2241 jam
1431 2215 1491 2234 cum
1506 2207 1637 2243 iumentis
1650 2209 1740 2238 itineri

958 2253 1142 2284 accinxerant,
1165 2251 1217 2287 53
1236 2257 1409 2280 revocarunt.
1426 2252 1494 2281 Turn
1510 2254 1590 2281 etiant
1605 2262 1658 2290 qua
1676 2263 1740 2284 ora-

958 2299 1029 2326 tione
1039 2299 1147 2326 Attilam
1166 2300 1385 2334 aggrederentur,
1401 2305 1428 2327 et
1439 2307 1493 2335 quo
1513 2301 1593 2329 modo
1606 2305 1673 2330 dona
1690 2302 1740 2330 im-

958 2346 1100 2380 peratoris,
1127 2349 1155 2373 et
1170 2353 1230 2380 quae
1252 2345 1415 2374 Maximinus
1432 2347 1489 2381 ipse
1516 2347 1656 2381 all'erebat,
1684 2352 1741 2376 tra-

959 2391 1065 2424 derent,
1092 2391 1162 2418 inter
1190 2399 1219 2419 se
1235 2391 1381 2426 agitarunt.
1410 2392 1476 2419 Dum
1491 2393 1517 2419 in
1534 2393 1628 2421 harum
1648 2401 1738 2422 rerum

959 2444 1023 2464 cura
1041 2437 1228 2470 versabamur,
1243 2437 1340 2464 Atlilas
1359 2445 1407 2465 ttos
1423 2445 1470 2472 per
1488 2437 1609 2466 Scottam
1622 2440 1740 2467 arcessi-

958 2481 997 2508 vit
1012 2491 1019 2507 :
1036 2481 1126 2516 itaque
1136 2481 1170 2509 ad
1182 2482 1240 2516 ejus
1257 2482 1401 2509 tentorium
1425 2482 1476 2509 iter
1490 2482 1649 2516 direximus,
1669 2485 1740 2519 quod

960 2527 1138 2555 Barbarorum
1163 2528 1344 2561 multitudine,
1370 2528 1415 2562 qui
1438 2528 1464 2555 in
1491 2529 1584 2556 orbem
1612 2529 1741 2558 excubias

960 2574 1086 2608 agebant,
1109 2577 1168 2601 erat
1182 2574 1388 2602 circumdatum;
1407 2574 1553 2602 lutroducti
1565 2575 1675 2602 Attilam
1695 2583 1740 2603 se-

960 2620 1066 2646 dentem
1084 2619 1110 2646 in
1134 2619 1198 2646 sella
1222 2619 1308 2653 lignea
1332 2620 1492 2648 invenimus.
1518 2620 1646 2650 Stetimus
1662 2622 1742 2657 paulo

758 2697 875 2725 VAIil/E
888 2698 1091 2726 LECTIONES.

162 2763 184 2778 "
197 2763 244 2789 τοῦ
260 2763 466 2799 νἈττήλανυΙε.
494 2798 497 2799 ν
524 2763 547 2779 ’³
565 2764 690 2799 βασιλεύς
706 2765 739 2794 Ν.
759 2767 813 2794 Aut

839 2766 983 2802 βούλεσθαι
1004 2767 1041 2805 _B.
1076 2768 1100 2805 ζξ
1120 2769 1250 2805 γνοίημεν
1278 2770 1351 2805 conj.
1385 2770 1425 2798 Cl.

1475 2773 1497 2809 ζ’
1518 2772 1648 2809 ’Δττῄλαν
1664 2773 1740 2809 vulg.

132 2798 152 2814 τε
166 2797 358 2833 μετεπέμψατο
373 2797 414 2830 8.,
435 2797 593 2834 μετέπεμῷέ
608 2809 639 2827 τε
654 2801 726 2836 vulg.
771 2803 793 2818 ⁷⁷
815 2797 949 2837 παραγεν.
967 2802 1039 2837 vulg.
1079 2802 1101 2819 ⁷⁸
1116 2797 1214 2830 κύκλου
1230 2804 1302 2841 vulg.
1328 2797 1364 2822 ἠ
1379 2797 1620 2842 aestimati}th

227 2843 363 2874 PATROL.
381 2843 442 2874 (in.
457 2843 564 2875 CXIII.

1577 2852 1615 2883 23
