1951 3074
227 123 282 156 715

710 120 906 152 EXCERPTA
925 121 976 151 ΕΧ
995 120 1128 151 PRISCO
1146 121 1327 152 RHETORE

1790 121 1845 153 716

228 180 358 209 remotius
372 177 406 205 ab
419 177 478 212 ejus
488 176 556 204 solio
571 185 577 203 :
594 183 652 203 mox
668 178 799 210 processit
815 177 976 204 Maximinus
984 181 1008 204 et

1061 175 1167 204 λοιντο.“
1180 177 1234 203 Καὶ
1247 177 1292 203 ἐπὶ
1303 177 1349 203 τὸν
1364 176 1474 211 Βιγίλαν
1491 177 1571 209 εὐθὺς
1586 177 1681 212 τρέπει
1693 178 1739 205 τὸν
1754 179 1843 212 λόγον,

229 225 356 254 salutavit
373 222 532 250 Barbarum.
550 220 582 248 Et
598 221 769 255 imperatoris
787 221 889 249 litteras
901 221 1010 248 tradens

226 272 304 304 dixit,
319 270 420 298 salvum
433 272 459 295 et
472 266 630 295 incolumem
641 267 713 293 illum
721 274 836 302 suosque
844 267 946 301 precari
960 266 1011 293 im-

227 322 393 353 peratorem.
411 314 444 340 Et
454 314 602 345 Barbarus,
618 321 628 339 t
646 312 687 339 Sit
699 318 726 339 et
742 312 871 339 Romanis
883 311 1009 347 quemad-

227 363 336 390 modum
350 363 377 388 et.
390 360 456 387 mihi
475 359 596 393 cupiunt,
617 368 627 384 ι
648 359 745 393 inquit.
758 358 908 392 Statimque
923 358 954 385 ad
967 357 1011 384 Bi-

227 409 308 444 gilam
329 406 463 435 convertit
480 405 642 437 orationem,
660 404 745 432 feram
760 404 942 439 impudentem
964 411 1010 431 vo-

226 459 548 489 cans,quarensque,qua
560 459 589 479 re
598 451 728 486 impulsus
743 451 775 478 ad
786 451 873 485 ipsum
882 450 1010 482 venisset,

228 509 290 529 eum
305 499 356 528 sibi
370 506 475 530 eorum,
498 505 557 532 qua:
571 503 598 525 et
615 497 671 532 ipse
693 502 720 524 et
734 497 875 525 Anatolius
895 497 927 524 de
945 502 1010 531 pace

227 547 387 578 sensissent,
401 544 526 572 conscius
542 547 615 571 esset
634 552 641 570 :
662 550 714 571 non
738 543 809 570 enim
825 543 899 578 prius
920 543 953 569 ad
982 548 1011 569 se

229 593 332 628 legatos
357 591 487 618 accedere
505 589 631 616 debuisse
645 609 653 621 ,
673 596 754 622 quam
780 595 874 615 omnes
892 587 1009 622 profugi,

227 640 274 675 qui
291 637 361 674 apud
376 636 513 664 Romanos
527 638 676 667 exstarent,
693 634 790 661 redditi
807 638 908 661 essent.
924 632 1009 668 Bigila

227 691 292 712 vero
304 683 483 718 respondente
493 681 596 708 nuilum
610 680 724 716 amplius
737 680 806 715 apud
820 679 954 707 Romanos
967 686 1010 707 re-

227 731 309 766 periri
337 728 501 763 transfugam
519 726 639 761 Scythici
667 725 789 761 generis;
815 732 908 752 omnes
937 725 1009 752 enim

228 775 348 805 redditos
364 781 442 807 esse;
470 772 556 806 magis
573 776 750 806 exasperatus
775 770 880 803 Attilas,
898 770 923 797 in
946 777 1009 797 eum

1062 222 1156 257 θηρίον
1180 223 1286 254 ἀναιδὲς
1310 223 1465 256 ἀποκαλῶν,
1483 224 1544 251 ὅτου
1568 225 1648 259 χάριν
1671 226 1736 260 παρ’
1762 226 1844 252 αὑτὸν

1061 267 1149 295 ἐλθεῖν
1164 268 1294 303 ἠθέλησεν
1315 269 1495 304 ἐπιστάμενος
1509 270 1543 297 τά
1562 279 1591 297 τε
1610 270 1684 305 αὺτῷ
1703 271 1750 298 καὶ
1764 271 1846 298 Ἀνα-

1061 314 1141 349 τολίῳ
1157 314 1204 341 ἐπὶ
1218 315 1251 349 τῇ
1271 314 1366 350 εἰρήνῃ
1391 315 1514 348 δόξαντα,
1530 315 1568 347 ὡς
1584 316 1677 351 εἴρητο
1691 316 1728 352 μὴ
1744 318 1845 352 πρότε-

1063 368 1109 395 ρον
1126 359 1255 395 πρέσϐεις
1283 360 1348 395 παρ’
1362 361 1442 388 αὐτὸν
1464 361 1562 393 ἐλθεῖν,
1586 362 1649 396 πρὶν
1673 362 1690 397 ἢ
1707 363 1807 394 πάντες
1818 363 1845 389 οἱ

1062 405 1178 440 φυγάδες
1197 405 1332 432 ἐκδοθείεν
1348 406 1510 441 Βαρϐἀροις.
1526 407 1578 433 Τοῦ
1593 407 1622 434 δὲ
1643 408 1789 441 φήσαντος,
1805 408 1845 439 ὡς

1060 451 1093 477 ἐκ
1111 450 1243 477 Σκυθικοῦ
1263 451 1357 485 γένους
1370 451 1444 487 παρά
1465 451 1610 487 Ῥωμαίοις
1622 452 1645 468 ¹¹⁰
1669 453 1718 479 οὐκ
1734 454 1776 488 εῐη
1793 462 1844 487 φυ-

1061 497 1112 531 γὰς
1141 496 1213 533 (τοὺς
1235 497 1289 532 γὰρ
1308 497 1386 529 ὄντας
1406 497 1583 532 ἐκδεδόσθαι),
1603 498 1759 534 χαλεπήνας
1775 498 1843 534 μᾶλ-

1060 543 1105 569 λον
1132 544 1180 570 καὶ
1202 543 1276 578 αὐτῷ
1298 544 1410 571 πλεῖστα
1434 544 1659 580 λοιδορησάμενος
1687 546 1756 580 μετά
1776 545 1843 580 βοῆς

1060 588 1163 622 ἐλεγεν,
1178 589 1217 620 ὡς
1240 589 1319 616 αὐτὸν
1330 590 1545 621 ἀνασκολοπίσας
1556 591 1624 625 πρὸς
1639 590 1721 626 βορὰν
1733 591 1756 607 ⁸¹
1778 592 1841 618 οἰω-

1060 634 1116 665 νοῖς
1130 633 1255 661 ἐδεδώκει
1274 634 1317 665 ἃν,
1339 635 1363 661 εἰ
1384 635 1422 670 μή
1437 643 1469 669 γε
1493 635 1532 670 τῷ
1551 636 1600 670 τῆς
1623 636 1770 671 πρεσϐείας
1794 636 1839 662 θε-

1061 679 1122 715 σμῷ
1135 680 1158 696 δ’
1178 679 1355 715 λυμαίνεσθαι
1371 680 1457 707 ἐδόκει
1474 681 1520 707 καὶ
1529 681 1558 697 ³³
1581 681 1682 716 ταύτην
1700 683 1774 716 αὐτῷ
1794 682 1841 709 ἐπὶ

1059 728 1092 762 τῇ
1108 726 1229 762 ἀναιδείᾳ
1248 727 1294 753 καὶ
1312 727 1344 762 τῇ
1368 726 1422 753 τῶν
1437 727 1524 760 λόγων
1546 727 1686 763 ιταμότητι
1708 728 1840 754 ἐπιθεῖναι

1059 772 1137 808 δίκην
1149 780 1156 787 ⁸
1172 772 1293 807 φυγάδας
1306 772 1359 808 γὰρ
1374 772 1420 798 τοῦ
1432 773 1562 808 σφετέρου
1574 773 1667 805 ἔθνους
1681 774 1756 808 παρά
1773 774 1840 800 Ῥω-

229 822 313 848 multa
329 819 428 854 probra
442 822 470 845 et
482 816 602 845 convicia
622 815 747 850 ingessit.
766 815 800 843 Et
819 806 878 842 cuin
893 815 1008 842 clamore

1063 806 1151 853 μαίοις
1167 806 1236 845 εἶναι
1254 806 1377 851 πολλόδς,
1395 815 1432 846 ὧν
1447 806 1556 846 ἐκέλευε
1572 819 1607 846 τὰ
1627 806 1746 855 ὀνόματα
1759 820 1840 854 ἐγγε-

228 868 305 899 dixit,
316 874 344 894 se
357 865 429 892 illum
444 864 471 891 in
486 870 593 891 crucem
615 867 737 889 acturum
749 865 775 888 et
791 861 908 896 prazdam
926 861 1010 888 vultu-

227 914 302 942 ribus
317 911 490 946 prtebilurum
509 909 603 941 fuisse,
630 908 681 935 nisi
705 908 777 943 leges
803 907 945 943 legationis
960 908 1011 935 hac

228 957 392 993 impudentis
410 957 468 991 ejus
481 955 613 983 orationis
644 959 672 982 et
696 954 854 982 temeritatis
868 961 946 989 poena
969 953 1010 981 of-

227 1004 337 1033 fendere
359 1007 507 1030 vereretur.
530 1000 637 1028 Etenim
656 1004 758 1028 restare
772 1000 859 1027 adhuc
869 1000 938 1035 apud
956 999 1010 1027 Ro-

227 1058 322 1078 manos
337 1049 429 1085 plures
445 1047 613 1081 transfugas,
630 1053 743 1081 quorum
761 1046 881 1078 nomina,
895 1050 1010 1073 uterant

228 1098 255 1125 in
270 1096 364 1124 charta
380 1094 527 1129 descripta,
543 1093 622 1127 jussit
638 1092 742 1120 scribas
760 1092 884 1119 recitare.
912 1091 943 1119 Hi
963 1092 1008 1120 ubi

228 1143 318 1170 omnia
331 1141 462 1176 legerant,
486 1139 584 1166 Attilas
606 1137 718 1174 Bigilam
733 1145 785 1165 una
796 1145 857 1165 cum
871 1137 932 1165 Esla
950 1137 1010 1165 sine

230 1195 305 1216 mora
320 1186 454 1222 proficisci
466 1185 550 1220 jussit
562 1184 691 1211 Romanis
702 1184 898 1216 denuntiatum,
910 1187 939 1210 ut
951 1191 1008 1210 om-

230 1242 277 1262 nes
294 1232 446 1267 transfugas
464 1231 598 1267 Scythicae
625 1230 742 1257 nationis
754 1250 762 1263 ,
777 1234 907 1264 quotquot
921 1230 947 1256 in
962 1236 1009 1256 eo-

230 1283 436 1315 rumpotestate
454 1280 555 1309 essent,
571 1276 722 1307 redderent,
740 1283 755 1302 a
773 1279 891 1310 tempore
906 1275 1009 1310 Carpil-

228 1324 319 1356 lionis,
332 1323 378 1351 lilii
391 1322 460 1350 Aetii
471 1342 478 1355 ,
491 1321 676 1349 Romanorum
691 1319 905 1348 Occidentalium
921 1320 1008 1353 ducis,

227 1371 274 1407 qui
295 1370 377 1398 obses
392 1368 463 1403 apud
489 1375 549 1395 eum
565 1366 662 1395 fuerat.
684 1365 742 1394 Non
758 1367 830 1393 enim
855 1373 886 1394 se
915 1373 1009 1394 servos

226 1424 293 1445 suos
305 1422 396 1444 secum
412 1421 507 1442 manus
523 1420 666 1441 conserere
674 1420 815 1448 passurum
832 1420 903 1445 esse,
924 1420 1009 1447 quan-

226 1469 307 1497 quam
323 1460 405 1488 neiis
427 1459 546 1494 quidem,
559 1459 616 1493 (qui
645 1465 702 1485 suae
728 1457 836 1485 ditionis
858 1458 1007 1486 custodiam

1059 864 1205 899 γραμμένα
1230 864 1317 899 χάρτῃ
1346 866 1407 897 τοὺς
1436 864 1610 900 ὑπογραφέας
1632 865 1839 899 ἀναγινώσκειν.

1065 910 1110 941 Ὦς
1123 909 1150 936 δέ
1166 909 1304 945 διεξῆλθον
1320 910 1440 941 ἅπαντας
1454 910 1488 942 ⁸⁸,
1505 911 1668 945 προσέταττε
1682 911 1765 946 μηδὲν
1776 911 1843 945 μελ-

1059 955 1178 990 λήσαντα
1199 956 1308 982 ἀπιέναι
1320 965 1328 972 ·
1353 956 1528 992 συμπέμψειν
1542 956 1571 983 δὲ
1584 957 1658 991 αὐτῷ
1673 957 1720 983 καὶ
1736 956 1841 984 Ἠσλαν

1065 999 1210 1034 Ῥωμαίοις
1233 1000 1344 1033 λέξοντα
1357 1000 1390 1034 ⁸³,
1409 1001 1513 1032 πάντας
1532 1001 1595 1033 τοὺς
1608 1002 1683 1037 παρὰ
1697 1001 1772 1035 σφίσι
1790 1010 1841 1028 κα-

1059 1046 1228 1080 ταφυγόντας
1245 1045 1404 1082 Βαρϐἀρους
1426 1047 1479 1074 ἀπὸ
1501 1047 1554 1074 τῶν
1580 1047 1763 1083 Καρπιλεόνος
1776 1047 1842 1082 χρό-

1060 1100 1122 1125 νων,
1137 1091 1167 1124 θς
1185 1092 1330 1128 ὡμήρευσε
1351 1093 1416 1128 παρ’
1438 1093 1512 1128 αὖτῷ
1527 1094 1588 1124 παῖς
1608 1093 1646 1120 ὢν
1666 1094 1769 1120 ’Δετίου
1792 1093 1842 1121 τοῦ

1059 1138 1088 1164 ἐν
1098 1139 1131 1173 τῇ
1147 1138 1267 1173 Ἐσπέρᾳ
1284 1139 1430 1177 ,Ῥωμαίων
1444 1139 1607 1174 στρατηγοῦ,
1619 1139 1759 1174 ἐκπέμψαι
1776 1140 1841 1174 παρ’

1060 1184 1150 1211 αὐτόν.
1168 1184 1224 1211 Καὶ
1247 1183 1300 1219 γὰρ
1313 1185 1343 1211 οὐ
1358 1185 1381 1202 ⁸⁸
1403 1186 1591 1220 συγχωρήσειν
1607 1185 1669 1217 τοὺς
1695 1186 1841 1220 σφετέρους

1059 1230 1226 1266 θεράποντας
1252 1231 1341 1258 ἀντίον
1363 1231 1445 1258 αὑτοῦ
1468 1232 1496 1263 ἐς
1523 1231 1611 1267 μάχην
1632 1232 1709 1263 ίέναι,
1738 1231 1841 1267 καίπερ

1062 1277 1099 1312 μὴ
1124 1276 1290 1312 δυναμένους
1309 1277 1424 1311 ὠφελεῖν
1447 1277 1510 1308 τοὺς
1531 1277 1579 1311 τὴν
1606 1276 1727 1312 φυλακὴν
1749 1278 1841 1308 αὐτοῖς

1059 1324 1110 1357 τῆς
1137 1324 1241 1355 οἰκείας
1261 1323 1461 1358 ἐπιτρέψαντας
1487 1323 1549 1358 γῆς.
1570 1323 1637 1350 Τίνα
1661 1323 1714 1358 γὰρ
1733 1323 1808 1349 πόλιν
1822 1323 1839 1358 ἢ

1060 1369 1134 1395 ποῖον
1145 1367 1275 1404 φρούριον
1295 1367 1440 1398 σεσῶσθαι.
1458 1367 1561 1401 ἔλεγεν,
1584 1367 1630 1394 ὑπ’
1649 1368 1772 1399 ἐκείνων,
1796 1365 1842 1394 οῦ-

1059 1422 1112 1448 περ
1126 1413 1205 1446 αὐτὸς
1221 1413 1332 1449 ποιῆσαι
1347 1414 1395 1449 τὴν
1409 1413 1514 1448 αἵρεσιν
1526 1413 1670 1448 ὥρμησεν;
1692 1412 1840 1446 Ἀπαγγεί-

1059 1460 1155 1492 λαντας
1165 1459 1188 1476 ⁸⁷
1202 1459 1230 1486 δὲ
1246 1459 1280 1486 τὰ
1294 1459 1368 1495 αὐτῷ
1389 1459 1453 1494 περὶ
1466 1458 1520 1486 τῶν
1539 1459 1665 1494 φυγάδων
1680 1457 1840 1492 δεδογμένα,

227 1507 281 1535 illis
297 1505 491 1537 commiserint,
508 1504 634 1538 prodesse
643 1504 758 1538 possint.
769 1503 833 1536 Quae
847 1503 918 1530 enim
933 1504 1007 1536 urbs,

1059 1506 1137 1536 αὖθις
1154 1506 1301 1541 ἐπανήκειν
1322 1505 1472 1540 μηνύοντας
1489 1504 1602 1539 πότερον
1620 1505 1719 1536 αὐτοὺς
1736 1503 1840 1530 ἐκδιδόο

226 1551 297 1587 quod
313 1550 453 1578 castellum
467 1550 500 1577 ab
515 1549 567 1576 illis
581 1547 790 1582 possitdefendi,
803 1548 875 1584 quod
886 1553 1006 1576 evertere

227 1601 275 1624 aut
289 1596 395 1623 diruere
406 1594 475 1629 apud
489 1600 518 1621 se
528 1593 702 1621 constitutum
712 1593 835 1620 habuerit
843 1593 854 1620 Ἰ
862 1592 1006 1628 Postquam

222 1640 402 1676 exposuerint
413 1647 427 1666 a
443 1647 472 1667 se
483 1639 516 1666 de
531 1638 677 1674 transfugis
696 1639 803 1667 decreta
816 1658 825 1672 ,
848 1639 937 1667 redire
960 1646 1007 1667 eos

227 1686 426 1723 quamprimum
441 1685 523 1720 jussit
546 1685 738 1717 renuntiatum,
749 1688 838 1712 utrum
857 1685 1007 1719 transfugas

227 1732 350 1764 reddere,
374 1738 409 1758 an
426 1730 525 1758 bellum
550 1737 584 1757 eo
603 1730 712 1757 nomine
739 1729 835 1757 malint
856 1730 1006 1765 suscipere.

226 1777 285 1805 Non
316 1776 400 1804 multo
419 1780 483 1803 ante
511 1775 687 1802 Maximinum
706 1775 816 1810 patrium
850 1781 1008 1810 exspectare

225 1824 364 1860 iusserat,
384 1823 448 1851 dum
477 1823 511 1850 ad
546 1830 600 1856 ea,
623 1830 684 1857 qua:
720 1823 867 1857 imperator
891 1825 1008 1859 scripse-

226 1875 278 1903 rat,
295 1877 344 1905 per
358 1876 387 1897 se
411 1876 567 1904 responsum
582 1869 676 1902 daret;
705 1875 817 1896 munera
839 1870 925 1904 petiit.
943 1870 1007 1904 Qua:

225 1919 369 1950 postquam
381 1915 514 1947 dedimus,
526 1915 552 1941 in
565 1915 709 1942 tentorium
728 1920 849 1942 nostrum
864 1923 913 1943 nos
933 1924 1008 1944 rece-

225 1961 327 1996 pimus,
338 1965 366 1987 et
381 1960 414 1987 (le
434 1960 559 1995 singulis,
582 1959 636 1995 54
651 1968 710 1994 qua!
727 1959 796 1987 dicta
806 1960 922 1992 fuerant.
938 1962 1008 1989 inter

225 2013 276 2033 nos
291 2005 480 2033 disseruimus.
505 2004 575 2032 Cum
591 2009 679 2032 autem
694 2005 793 2040 Bigilas
816 2006 1005 2040 admiraretur,

225 2051 270 2086 qui
283 2051 368 2084 ﬂeret,
382 2056 413 2078 ut
423 2050 532 2085 Altilas,
548 2051 592 2086 qui
606 2051 656 2079 sibi
676 2051 848 2086 jampridem,
860 2059 922 2079 cum
934 2052 1007 2087 lega-

226 2102 269 2124 tus
291 2097 325 2124 ad
341 2097 415 2124 illum
431 2097 546 2130 veniret,
569 2097 654 2124 comis
674 2101 701 2124 et
726 2097 907 2131 perhumanus
932 2099 1007 2126 visus

225 2147 313 2176 esset,
332 2148 395 2170 tunc
410 2150 441 2170 se
463 2142 570 2170 acerbis
587 2143 756 2170 contumeliis
778 2143 924 2177 affecisset,
937 2144 1004 2177 dixi,

225 2174 311 2216 vereri
321 2195 374 2222 me,
390 2195 424 2215 ne
440 2189 527 2223 quiex
542 2187 734 2223 Barbaris,qui
749 2189 775 2216 in
791 2188 901 2217 Serdica
913 2174 1004 2217 nobis;
1017 2174 1044 2204 Β

226 2242 288 2262 cum
304 2233 404 2269 epulati
421 2236 511 2265 erant,
529 2232 640 2260 Attilam
664 2233 799 2260 infensum
814 2233 892 2261 nobis
916 2233 1005 2261 reddi-

224 2279 338 2311 dissent,
352 2283 380 2306 et
391 2277 504 2311 Bigilam
514 2277 695 2305 Romanorum
710 2278 898 2312 imperatorem
913 2279 1004 2313 deum,

224 2324 335 2353 Attilam
363 2331 428 2352 vero
466 2324 601 2351 hominem
635 2323 808 2358 appellasse,
840 2325 1003 2353 retulissent.

224 2370 309 2404 Quam
326 2369 476 2397 orationem
488 2367 651 2396 Maximinus
665 2373 693 2396 ut
707 2369 878 2396 verisimilem
891 2375 933 2397 est
946 2378 1005 2398 am-

224 2414 320 2450 plexus
332 2433 341 2447 ,
359 2413 422 2446 quia
448 2413 640 2448 coniurationis
658 2414 685 2440 in
707 2413 817 2441 Attilam
840 2415 873 2442 ab
883 2417 1007 2444 eunucho

225 2460 298 2488 initae
325 2460 459 2494 particeps
473 2466 525 2486 non
547 2458 646 2486 fuerat.
672 2459 725 2487 Sed
742 2460 841 2495 Bigilas
865 2462 1008 2497 ambiguus

224 2505 306 2533 animi
317 2509 385 2538 erat,
399 2513 486 2540 neque
495 2512 604 2532 causam
616 2505 749 2539 suspicari
763 2513 840 2540 posse
853 2506 1006 2542 videbatur,

223 2558 308 2589 quare
322 2551 419 2582 Attilas
446 2558 506 2579 eum
519 2555 572 2578 tam
591 2550 696 2578 acerbis
712 2551 842 2579 conviciis
860 2552 1008 2582 insectatus

224 2603 307 2627 esset.
323 2597 378 2625 Nec
389 2597 461 2626 enim
475 2598 502 2624 in
519 2597 639 2624 animum
655 2604 732 2624 suum
749 2597 877 2626 inducere
889 2605 1006 2634 poterat,

1057 1561 1101 1579 ναι
1119 1551 1259 1587 βούλονται
1273 1551 1289 1586 ἢ
1306 1551 1352 1578 τὸν
1367 1551 1438 1586 ὑπὲρ
1458 1550 1548 1577 αὐτῶν
1565 1550 1742 1585 ἀναδέχονται
1758 1549 1840 1575 πόλει

1059 1605 1119 1633 μον.
1132 1596 1412 1633 Παρακελευσάμενος
1432 1595 1461 1622 δὲ
1477 1596 1609 1630 πρότερον
1624 1595 1671 1622 καὶ
1694 1595 1740 1622 τὸν
1751 1594 1841 1627 Meﬁt-

1059 1645 1134 1679 μῖνον
1144 1643 1294 1678 ἐπιμένειν,
1307 1642 1345 1674 ὡς
1357 1642 1391 1668 δι’
1399 1641 1480 1669 αὑτοῦ
1495 1641 1559 1677 περὶ
1570 1641 1624 1672 τῶν
1639 1641 1841 1676 γεγραμμένων

1056 1688 1289 1724 ἀποκρινούμενος
1304 1688 1419 1722 βασιλεῖ,
1443 1687 1579 1722 ἐπέτρεπε
1594 1687 1629 1713 τὰ
1645 1686 1729 1722 δῶρα.
1743 1686 1841 1717 Δόντες

1056 1734 1145 1761 τοίνυν
1163 1733 1210 1760 καὶ
1228 1732 1385 1764 ἐπανιόντες
1403 1732 1433 1764 ἐς
1446 1732 1495 1767 τὴν
1518 1732 1629 1766 σκηνὴν,
1646 1732 1763 1758 ἑκάστου
1784 1731 1842 1757 τῶν

1056 1779 1202 1814 λεχθέντων
1217 1778 1280 1813 πέρι
1306 1776 1515 1812 ίδιολογούμεθα.
1534 1776 1588 1803 Καὶ
1610 1776 1707 1809 Βιγίλα
1732 1777 1840 1810 θαυμά-

1057 1823 1148 1856 ζοντος
1173 1823 1246 1855 ὅπως
1268 1823 1351 1850 πάλαι
1371 1822 1445 1858 αὺτῷ
1470 1813 1679 1858 πρεσϐευομένῳ
1701 1821 1783 1857 ἤπιός
1807 1830 1839 1848 τε

1057 1871 1105 1897 καὶ
1127 1870 1214 1906 πρᾶος
1237 1869 1377 1904 νομισθεὶς
1401 1869 1462 1895 τότε
1486 1867 1609 1903 χαλεπῶς
1638 1867 1839 1902 ἐλοιδορήσατο,

1056 1916 1160 1950 ἔλεγον,
1180 1915 1218 1951 μή
1235 1916 1300 1942 ποτέ
1322 1923 1394 1946 τινες
1417 1914 1472 1941 τῶν
1488 1913 1639 1949 Βαρϐάρων
1653 1913 1708 1939 τῶν
1729 1913 1758 1939 ἐν
1773 1913 1839 1947 Σερ-

1056 1961 1118 1996 δικῇ
1146 1960 1324 1987 ἑστιαθέντων
1339 1960 1362 1975 ⁸⁸
1382 1959 1429 1986 σὺν
1454 1959 1521 1994 ἡμῖν
1549 1959 1669 1994 δυσμενῆ
1696 1957 1771 1992 αὐτῷ
1793 1958 1840 1984 τὶν

1062 2007 1192 2042 ’Δττήλαν
1214 2005 1442 2040 παρεσκεύασαν,
1463 2004 1698 2039 ἀπαγγείλαντες,
1720 2003 1757 2035 ὥς
1778 2004 1840 2030 θεὸν

1059 2051 1107 2087 μὲν
1121 2052 1166 2078 τὸν
1192 2051 1334 2085 Ῥωμαίων
1355 2050 1447 2077 ἐκάλει
1463 2050 1584 2085 βασιλέα,
1598 2049 1740 2084 ἄνθρωπον
1751 2049 1779 2075 δὲ
1793 2049 1840 2075 τὸν

1063 2097 1203 2132 Ἀττήλαν.
1220 2097 1319 2124 Τοῦτον
1339 2096 1385 2123 τδν
1401 2096 1479 2130 λόγον
1502 2097 1517 2123 ὁ
1531 2096 1682 2130 Μαξιμϊνος
1702 2096 1740 2127 ὠς
1758 2095 1840 2121 πιθα-

1057 2143 1101 2170 νὺν
1117 2143 1233 2178 ἐδέχετο,
1247 2140 1291 2169 οἶα
1309 2142 1341 2176 δὴ
1356 2142 1489 2176 ἀμέτοχος
1500 2142 1522 2157 ⁸³
1546 2140 1583 2167 ὢν
1599 2141 1649 2175 τῆς
1669 2140 1841 2174 συνωμοσίας

1058 2189 1091 2224 ἢν
1105 2188 1176 2215 κατὰ
1191 2187 1237 2214 τοῦ
1251 2187 1395 2222 Βαρϐἀρου
1408 2187 1422 2213 ὁ
1437 2187 1561 2221 εὐνοῦχος
1587 2185 1743 2220 ἐποιήσατο.
1764 2184 1792 2211 Ὀ
1811 2185 1842 2211 δὲ
1888 2217 1898 2228 ⁹

1057 2234 1168 2268 Βιγίλας
1198 2232 1347 2268 ἀμφίϐολός
1361 2241 1391 2258 τε
1407 2229 1452 2267 ἦν,
1479 2232 1525 2258 καὶ
1545 2232 1607 2266 ἐμοὶ
1631 2230 1716 2257 ἐδόκει
1733 2230 1840 2265 προφά-

1057 2287 1125 2310 σεως
1138 2279 1259 2312 ἀπορεῖν,
1276 2277 1308 2303 δι’
1325 2277 1357 2311 ἢν
1372 2276 1446 2311 αὐτῴ
1456 2277 1470 2302 ὀ
1487 2276 1615 2310 ’Ᾱττήλας
1630 2275 1818 2309 ἐλοιδορήσατο
1829 2280 1838 2287 ”

1057 2323 1119 2351 οὔτε
1132 2323 1186 2358 γὰρ
1199 2322 1234 2349 τὰ
1249 2323 1277 2349 ἐν
1290 2322 1417 2357 Σερδικῇ,
1435 2320 1472 2352 ὡς
1495 2321 1606 2355 ὕστερον
1621 2321 1686 2355 ημῖν
1708 2320 1838 2355 διηγεῖτο,

1057 2369 1119 2397 οὒτε
1135 2370 1169 2396 τὰ
1187 2368 1236 2403 τῆς
1251 2367 1396 2402 ἐπιϐουλῆς
1418 2366 1541 2402 εἰρῆσθαι
1556 2366 1596 2401 τῷ
1615 2366 1730 2401 ’Δττήλᾳ
1745 2365 1840 2400 ἐνόμι-

1057 2415 1112 2448 ζεν,
1130 2415 1245 2449 μηδενὸς
1266 2413 1316 2449 μὲν
1340 2413 1434 2448 ἐτέρου
1462 2412 1517 2439 τῶν
1531 2412 1563 2439 ἐκ
1593 2411 1640 2438 τοῦ
1656 2411 1775 2446 πλήθους
1793 2411 1841 2437 διὰ

1055 2463 1101 2490 τὸν
1132 2460 1332 2496 ἐπικρατοῦντα
1356 2459 1426 2486 κατὰ
1449 2459 1558 2486 πάντων
1585 2458 1667 2493 φόϐον
1690 2458 1719 2489 ἐς
1743 2457 1841 2491 λόγους

1055 2507 1130 2543 αὐτῷ
1143 2507 1165 2523 ⁹⁰
1181 2505 1345 2542 θαρροῦντος
1360 2504 1457 2537 ἐλθεῖν,
1485 2504 1629 2534 Ἐδέκωνος
1644 2503 1665 2519 ⁹¹
1681 2503 1708 2529 δὲ
1729 2502 1840 2535 πάντως

1055 2553 1268 2589 ἐχεμυθήσοντος
1286 2550 1331 2578 διά
1353 2559 1383 2576 τε
1406 2550 1470 2581 τοὺς
1488 2550 1586 2584 ὅρκους
1600 2549 1647 2575 καὶ
1664 2548 1713 2583 τὴν
1727 2548 1842 2583 ἀδηλίαν

1055 2599 1102 2626 τοῦ
1130 2598 1303 2633 πράγματος,
1330 2597 1367 2631 μή
1386 2603 1451 2622 ποτε
1475 2595 1523 2622 καὶ
1540 2595 1631 2626 αὐτὸς,
1647 2594 1684 2626 ὡς
1710 2593 1843 2621 τοιούτων

870 2656 987 2687 νΑΒῐΔΞ
1008 2655 1211 2686 LECTIONES.

258 2713 281 2752 ξ’
301 2711 455 2752 Ῥωμαίευς
467 2712 540 2752 vulg.
570 2712 593 2729 ἰ
609 2711 693 2752 βορὰν
708 2711 796 2752 _V_al_.,_
809 2712 910 2749 βοῤῥᾶν
922 2716 998 2752 vulg,
1009 2712 1165 2752 Natosch
1178 2710 1251 2752 ἵει..
1261 2708 1364 2752 ’θερμῷ
1379 2708 1452 2751 vulg.
1476 2751 1479 2752 ν
1529 2706 1631 2752 pro
1647 2706 1838 2752 aqqi‘conj;

224 2747 248 2763 “
262 2745 393 2786 ἀναξυρὶςΔ
404 2745 454 2786 Ν.ζ
465 2745 588 2786 suam;
599 2745 694 2786 vulg.“
708 2747 731 2786 εξ
751 2745 956 2786 λέξαντέῗνιιΙε.

1006 2751 1030 2767 ⁵⁸
1043 2750 1074 2777 οὐ
1102 2744 1165 2775 add.
1191 2745 1224 2772 N.
1260 2745 1282 2761 ⁸⁷
1300 2744 1517 2777 ἀπαγγείλαντες
1543 2744 1615 2776 vulg.

1659 2742 1682 2757 ³⁸
1697 2741 1840 2767 ἑστιαθέν-

225 2790 278 2808 των
296 2781 350 2821 οιε,
366 2775 542 2809 αἰτιαθέντων
561 2775 634 2818 vulg.
647 2775 695 2799 νη
714 2775 847 2819 ἀμέτοχος
860 2775 1070 2821 νάιλῆιέτοχᾱέ
1080 2784 1152 2818 vulg.
1191 2780 1215 2797 "
1235 2779 1316 2807 αὑτοῦ
1333 2775 1406 2814 vulg.
1443 2779 1465 2794 ⁸³
1490 2775 1636 2808 suum;
1654 2775 1728 2810 Val.,
1762 2776 1839 2802 Ἐδί-

225 2824 281 2843 ἰιων
292 2815 364 2850 vulg.
