1951 3074
209 141 265 173 719
707 134 900 164 EXCERPTA
923 134 974 162 EX
993 133 1126 163 PRISCO
1147 132 1326 162 RHETORE
1776 132 1828 163 720

210 196 312 224 doloris
328 201 388 221 cum
405 193 514 218 deorum
537 190 654 216 maximo
678 187 891 223 congrediatur?
911 188 998 220 Atque
1021 186 1056 212 ita
1072 186 1238 220 Carigachus
1253 178 1365 221 regnum
1385 193 1488 219 suaque
1524 186 1614 213 omnia
1635 187 1709 214 salva
1729 188 1780 215 sibi
1803 193 1832 216 et

211 242 314 276 integra
332 238 503 266 conservavit
519 255 526 267 ,
550 240 578 262 et
603 234 707 269 reliqua
733 234 822 261 omnis
847 233 1033 260 Acatzirorum
1054 232 1129 266 regio
1143 232 1170 258 in
1192 232 1235 266 jus
1249 232 1432 267 ditionemque
1445 231 1533 260 Attilae
1547 233 1694 260 concessit.
1711 233 1741 261 Ei
1758 238 1831 269 genti

211 275 423 312 cumrseuiorem
446 289 479 308 ex
497 280 558 307 filiis
577 287 667 314 regem
687 278 784 306 Attilas
800 277 966 305 constituere
985 275 1162 308 decrevisset,
1178 277 1210 302 ad
1226 277 1296 302 hanc
1315 283 1371 302 rem
1387 276 1581 304 conficiendam
1604 276 1765 312 Ouegesium
1779 279 1831 306 mi-

209 335 294 359 serat.
310 330 403 364 Itaque
420 335 469 355 nos
489 330 659 360 exspectare,
677 329 708 351 ut
725 324 825 352 dictum
842 322 1016 358 est,jubcns,
1037 321 1150 356 Bigilam
1177 329 1237 349 cum
1255 321 1316 348 Esla
1339 321 1372 348 ad
1390 321 1526 349 Romanos
1539 323 1708 356 amandavit,
1741 324 1832 358 specie

209 377 316 412 quidem
341 374 542 408 transfugarum
568 372 788 407 repetendorum,
816 370 864 397 sed
879 376 984 402 revera,
1004 372 1033 395 ut
1044 375 1139 395 aurum
1153 368 1269 395 Edeconi
1282 368 1443 403 promissum
1456 368 1575 396 afferret.

245 424 310 452 Post
329 422 421 457 Bigila
433 422 584 449 discessum
599 427 681 447 unum
703 423 808 446 tantum
823 417 894 445 diem
912 417 938 443 iu
949 416 991 451 {bis

1084 415 1136 442 Τοῦ
1150 415 1178 441 δὲ
1190 415 1286 449 Βιγίλα
1300 415 1584 450 ὲξορμήσαντος,μίαν
1596 416 1690 450 μετὰ⁹⁷
1697 416 1747 452 τὴν
1759 417 1832 444 ἑκεί-

209 469 279 498 Iocis
304 467 476 500 commorati,
492 466 626 502 postridie
638 472 690 492 una
709 472 769 492 cum
785 463 866 491 Attila
881 462 915 490 ad
931 462 990 489 loca

209 515 295 550 magis
312 515 345 541 ad
359 512 569 548 septentrionem
592 511 732 545 vergentia
751 509 865 545 profecti
883 516 989 536 sumus.

210 561 286 588 Haud
302 560 408 594 longum
423 559 470 586 via
481 558 598 593 spatium
617 564 677 584 cum
693 556 820 583 Barbaris
843 554 990 590 progressi,

209 607 264 634 alio
276 607 327 634 iter
343 605 483 637 vertimus,
504 603 623 639 Scythis,
639 602 686 637 qui
702 603 771 629 viam
784 601 919 629 ducebant
943 607 993 627 nos

210 653 236 680 id
246 651 509 687 facerejubeutihus.
528 649 626 676 Attilas
643 649 743 675 interea
757 647 783 674 in
801 646 916 680 quodam
933 644 992 672 vico

209 699 340 731 substitit,
363 698 388 725 in
398 704 451 732 quo
469 696 551 723 filiam
580 695 676 722 Escam
694 701 815 726 uxorem,
827 692 877 719 etsi
902 692 994 726 plures

210 745 276 771 alias
285 744 410 774 haberet,
426 741 586 776 Scytharum
608 739 711 773 legibus
723 738 748 765 id
764 736 993 772 permittentibus,

209 789 307 817 ducere
315 788 410 816 voluit.
423 787 497 813 Illinc
515 785 586 812 facili
603 789 631 812 et
643 783 740 818 aequali
757 783 809 815 via,
833 789 881 817 per
907 781 993 816 plani-

211 837 275 864 tiem
299 835 352 862 iter
369 833 492 865 fecimus,
514 836 542 860 et
556 831 582 858 iu
603 831 703 857 multOs
717 829 814 856 ﬂuvios
829 828 993 862 navigabiles

211 880 369 908 incidimus.
386 878 505 912 Quorum
524 881 582 912 post
598 875 696 903 Istrum
717 874 824 901 maximi
843 879 906 900 sunt
927 873 994 900 Dre-

208 935 259 955 con
274 927 372 958 dictus,
386 929 413 952 et
427 924 519 958 Tigas,
547 927 575 950 et
598 921 733 956 Tiphisas.
749 920 782 947 Et
808 920 857 947 hos
882 918 992 953 quidem

209 972 341 1001 naviculis
352 972 432 998 unico
447 970 519 1004 ligno
546 967 689 1000 confectis,
705 974 773 1001 quas
786 966 811 993 in
836 965 994 1000 quotidiana

209 1026 257 1046 usu
276 1018 377 1045 habent
390 1017 435 1051 qui
452 1016 486 1043 ad
497 1015 607 1042 ﬂumina
623 1013 755 1044 habitant,
768 1011 885 1045 reliquos
898 1010 994 1037 lembis

208 1072 241 1092 ex
254 1063 405 1098 propinquo
422 1060 580 1095 desumptis,
597 1066 665 1094 quos
678 1057 790 1086 Barbari
803 1057 926 1085 curribus
942 1057 993 1084 im-

209 1113 321 1145 ponunt,
339 1111 366 1135 et
377 1114 424 1142 per
435 1106 494 1133 loca
511 1103 694 1138 restagnantia
706 1103 867 1138 important,
883 1101 991 1136 trajeci-

210 1162 278 1182 mus.
287 1153 508 1187 Congcrebantur
519 1157 585 1178 vero
600 1150 677 1177 nobis
686 1156 719 1176 ex
732 1148 799 1176 vicis
815 1152 989 1180 commeatus,

210 1208 257 1235 pro
271 1200 406 1227 frumento
431 1197 553 1228 milium,
577 1203 626 1230 pro
650 1195 713 1222 vino
736 1194 844 1226 medus;
864 1193 904 1220 sic
918 1193 989 1220 enim

210 1247 329 1274 locorum
351 1244 444 1272 incolae
463 1246 571 1270 vocant.
585 1241 662 1269 Servi
680 1247 798 1275 quoque,
815 1239 862 1274 qui
878 1246 926 1266 nos
945 1245 991 1266 co-

210 1292 385 1321 mitabantur,
397 1290 502 1317 milium
519 1295 612 1315 secum
626 1287 787 1322 portabant,
800 1286 937 1321 potionem
956 1292 990 1312 ex

210 1337 310 1365 hordeo
322 1336 482 1371 praebentes,
496 1341 575 1369 quam
591 1340 696 1360 cantum
706 1332 760 1368 56
773 1331 884 1359 Barbari
899 1330 990 1366 appel-

209 1383 276 1410 lant.
297 1382 388 1416 Longa
402 1381 444 1407 via
457 1379 591 1411 confecta,
602 1378 646 1406 die
659 1378 692 1405 ad
710 1382 815 1405 noctem
831 1376 989 1409 inclinante,

209 1429 242 1456 ad
257 1427 378 1463 paludem
388 1425 545 1460 quamdam,
557 1424 590 1451 ad
603 1431 684 1458 quam
694 1427 820 1458 aquatum
836 1423 906 1458 (erat
917 1421 990 1449 enim

209 1474 267 1508 ejus
292 1480 359 1507 aqua
383 1471 457 1506 potui
482 1471 554 1504 apta)
573 1469 688 1504 proximi
718 1468 772 1496 vici
785 1467 880 1495 incolre
904 1467 989 1499 ibant,

212 1520 324 1546 tentoria
351 1517 468 1544 ﬁximus.
489 1516 585 1549 lugens
613 1519 709 1542 ventus
727 1518 754 1542 et
769 1512 885 1548 procella
913 1512 990 1540 dere-

211 1569 291 1600 pente
307 1568 400 1591 exorta
416 1569 477 1589 cuin
502 1560 604 1587 tonitru
624 1564 651 1586 et
666 1559 769 1586 crebris
788 1558 939 1593 fulguribus
963 1562 991 1585 et

212 1609 296 1637 multo
313 1608 401 1636 imbre
414 1605 562 1634 tentorium
578 1608 699 1631 nostrqu
721 1603 838 1638 disiecit,
860 1607 887 1630 et
899 1602 990 1629 omnia

212 1657 303 1681 nostra
313 1651 437 1679 utensilia
450 1651 475 1678 in
498 1649 648 1684 proximam
674 1648 797 1682 paludem
822 1647 914 1675 volvit.
926 1647 991 1674 Tur-

212 1698 320 1725 ltinibus
336 1697 362 1724 in
379 1703 442 1722 aere
453 1693 591 1725 excitatis,
617 1697 645 1720 et
662 1699 738 1724 casu,
762 1692 807 1727 qui
824 1692 990 1727 contigerat,

1043 470 1089 488 νου
1104 461 1276 496 ἀναχώρησιν
1298 462 1405 496 ἡμέραν
1422 461 1628 495 ἐπιμείναντες,
1650 463 1682 497 τῇ
1698 463 1831 499 ὑστεραίᾳ

1043 507 1089 532 ἐπὶ
1103 506 1138 534 τὰ
1152 506 1342 541 ἁρκτικώτερα
1361 506 1410 540 τῆς
1418 505 1507 540 χώρας
1524 507 1571 532 σὺν
1585 506 1701 541 ’Δττήλᾳ
1716 507 1830 540 ἐπορεύ-

1045 552 1142 587 θημεν.
1160 552 1214 578 Καὶ
1240 551 1304 586 ἄχρι
1327 552 1400 582 τινος
1421 551 1458 585 τῷ
1472 551 1609 587 Βαρϐἀρῳ
1630 552 1830 587 συμπροελθόν-

1043 606 1089 628 τες
1107 597 1200 632 ἑτέραν
1211 597 1270 624 ὁδὸν
1280 597 1448 632 ἑτρὰπημεν,
1462 597 1516 624 τῶν
1526 597 1709 631 ξεναγούντων
1720 598 1744 614 ⁸⁸
1756 599 1830 634 ἡμᾶς

1045 643 1155 670 Σκυθῶν
1181 643 1260 670 τοῦτο
1291 645 1378 670 ποιεῖν
1403 643 1698 679 παρακελευσαμένων,
1719 645 1756 674 ὡς
1779 645 1828 671 τοῦ

1051 689 1166 724 Ἀττήλα
1185 690 1214 720 ἐς
1229 689 1325 724 κώμην
1349 689 1410 716 τινὰ
1424 690 1623 724 παρεσομένου,
1649 687 1709 726 ὲνῇ
1728 691 1828 725 γαμεῖν

1045 735 1182 770 θυγατέρα
1201 735 1307 770 Ἐσκὰμ
1319 734 1454 767 ἑδούλετο,
1471 735 1600 766 πλείστας
1625 736 1676 770 μὲν
1690 736 1759 770 ἔχων
1775 745 1828 770 γα-

1047 781 1141 816 μετὰς,
1152 781 1286 814 ἀγόμενος
1301 781 1329 807 δὲ
1347 781 1394 807 καὶ
1404 780 1506 816 ταύτην
1517 781 1588 807 κατὰ
1600 781 1680 816 νόμον
1700 781 1745 808 τὴν
1757 782 1828 808 Σκυ-

1046 826 1131 853 θικόν.
1152 826 1273 853 Ἐνθένδε
1296 826 1483 861 ἐπορευόμεθα
1497 826 1557 853 ὁδὸν
1571 826 1686 862 ὁμαλὴν,
1702 828 1730 854 ὲν
1744 827 1828 862 πεδίῳ

1046 873 1186 906 κειμένην,
1203 872 1375 907 ναυσιπόροις
1403 881 1433 898 τε
1459 872 1663 908 προσεεάλομεν
1684 874 1828 908 ποταμοῖς,

1045 916 1082 946 ὧν
1105 920 1129 946 ol
1156 919 1279 954 μέγιστοι
1310 920 1379 954 μετὰ
1406 919 1451 944 τὸν
1478 919 1582 954 Ἴστρον
1609 920 1623 946 ὅ
1651 927 1681 945 τε
1715 920 1830 954 Δρήκων

1048 965 1195 999 λεγόμενος
1228 964 1276 991 καὶ
1300 965 1314 990 ὸ
1335 964 1420 998 Τίγας
1455 965 1502 990 καὶ
1519 965 1534 990 ό
1550 965 1672 999 Τιφήσας
1701 962 1745 1000 ἦν.
1774 966 1830 992 Καὶ

1045 1010 1155 1041 τούτους
1192 1010 1240 1046 μὲν
1273 1010 1480 1045 ἐπεραιώθημεν
1504 1011 1560 1042 τοῖς
1584 1010 1739 1044 μονοξύλοις
1753 1011 1830 1037 πλοί-

1045 1065 1096 1089 οις,
1125 1055 1174 1088 οἷς,
1187 1057 1213 1083 οί
1231 1056 1440 1092 προσοικοῦντες
1457 1056 1518 1087 τοὺς
1544 1057 1682 1090 ποταμοὺς
1709 1056 1828 1091 κέχρην-

1044 1109 1108 1128 ται·
1123 1102 1186 1133 τοὺς
1209 1101 1238 1127 δὲ
1261 1101 1372 1132 λοιποὺς
1398 1102 1458 1131 ταῖς
1480 1101 1597 1136 σχεδίαις
1617 1101 1827 1136 διεπλεύσαμεν,

1042 1147 1075 1179 ἃς
1093 1146 1204 1174 ἐπὶτῶν
1220 1146 1332 1182 ἁμαξῶν
1347 1147 1372 1173 οί
1384 1147 1521 1182 Βάρϐαροι
1537 1147 1582 1174 διὰ
1593 1148 1655 1179 τοὺς
1682 1148 1826 1182 λιμνάζον-

1040 1201 1090 1224 τας
1099 1193 1210 1228 φέρουσι
1219 1192 1328 1224 τόπους.
1340 1192 1534 1228 Ἐχορηγοῦντο
1542 1193 1570 1219 δὲ
1579 1194 1644 1228 ἡμῖν
1653 1194 1723 1220 κατὰ
1731 1193 1828 1228 κώμας

1041 1240 1151 1274 spectat,
1160 1239 1222 1266 ἀντὶ
1240 1239 1290 1274 μὲν
1302 1239 1375 1265 σίτου
1387 1240 1512 1274 κέγχρος,
1525 1239 1584 1266 ἀντὶ
1595 1239 1624 1266 δὲ
1633 1240 1704 1266 οῐνου
1719 1241 1733 1266 6
1748 1239 1827 1275 μέδος

1041 1285 1196 1320 ἐπιχωρίως
1212 1284 1388 1319 καλούμενος.
1412 1284 1587 1319 Ἐκομίζοντο
1603 1285 1631 1312 δὲ
1656 1286 1703 1312 καὶ
1718 1286 1742 1312 of.
1763 1285 1828 1312 ἑπό-

1042 1339 1117 1366 μενοι
1133 1331 1199 1365 ἡμῖν
1211 1331 1344 1366 ὑπηρέται
1369 1330 1485 1367 κέγχρον
1500 1330 1548 1357 καὶ
1562 1331 1593 1357 τδ
1607 1331 1638 1357 ἑκ
1650 1330 1751 1366 κριθῶν
1761 1339 1826 1367 χορ-

1041 1376 1191 1412 ηγούμενον
1207 1376 1282 1411 πόμα
1291 1385 1298 1392 ’
1311 1377 1398 1412 κάμον
1410 1377 1434 1402 οἱ
1447 1377 1583 1412 Βάρὸαροι
1609 1377 1735 1404 καλοῦσιν
1747 1378 1824 1404 αὐτό.

1040 1423 1157 1458 Μακρὰν
1172 1423 1201 1449 Gs
1214 1423 1362 1454 ἀνύσαντες
1387 1422 1445 1449 ὁδὸν
1470 1423 1533 1458 περὶ
1546 1423 1635 1458 δείλην
1659 1423 1739 1458 ὀψίαν
1755 1432 1824 1451 κατ-

1041 1468 1236 1502 εσκηνώσαμεν
1247 1468 1315 1503 πρὸς
1325 1468 1407 1503 λίμνῃ
1419 1468 1484 1499 τινὶ,
1501 1469 1615 1503 πότιμον
1628 1468 1699 1504 ὕδωρ
1712 1468 1824 1505 ἐχούσῃ,

1041 1513 1109 1548 ὅπερ
1137 1513 1162 1539 οί
1179 1513 1228 1547 τῆς
1246 1513 1359 1549 πλησίον
1383 1513 1525 1549 ὑδρεύοντο
1536 1514 1643 1549 κώμης.
1671 1514 1782 1550 Πνεῦμα
1795 1515 1825 1541 δὲ

1044 1559 1091 1586 καὶ
1105 1558 1204 1586 θύελλα
1221 1559 1350 1594 ἐξαπίνης
1362 1559 1527 1586 διαναστᾶσα
1552 1561 1621 1595 μετὰ
1645 1560 1764 1596 βροντῶν
1778 1561 1826 1588 καὶ

1042 1605 1147 1640 συχνῶν
1155 1605 1305 1640 ἀστραπῶν
1320 1607 1366 1632 καὶ
1375 1606 1478 1641 ὅμῦρου
1494 1606 1592 1633 πολλοῦ
1605 1606 1636 1633 οὐ
1654 1607 1733 1641 μόνον
1745 1607 1825 1642 ἡμῶν

1041 1651 1173 1686 ἀνέτρεψε
1187 1651 1210 1666 ⁹⁹
1229 1651 1277 1687 τὴν
1293 1651 1405 1687 σκηνὴν,
1430 1651 1498 1678 ἀλλὰ
1515 1652 1563 1678 καὶ
1586 1652 1636 1688 τὴν
1651 1652 1825 1687 κατασκευὴν

1043 1696 1191 1731 σύμπασαν
1204 1698 1233 1728 ἐς
1246 1697 1277 1723 τὸ
1294 1696 1365 1732 ὕδωρ
1387 1695 1498 1723 ἐκύλισε
1516 1697 1565 1732 τῆς
1580 1697 1687 1732 λίμνης.
1715 1697 1783 1724 Ὑπὸ
1795 1697 1826 1724 δὲ

211 1742 409 1778 perterrefacti,
421 1741 509 1768 locum
521 1739 595 1766 illum
612 1737 792 1771 deseruimus,
806 1736 989 1769 etdissoeiati,

1043 1742 1090 1775 τῆς
1106 1741 1258 1777 κρατούσης
1267 1741 1313 1768 τὸν
1324 1741 1393 1776 ἀέρα
1406 1742 1528 1777 ταραχῆς
1537 1743 1584 1768 καὶ
1602 1742 1649 1768 τοῦ
1669 1743 1826 1778 συμὸάντος

213 1790 265 1816 huc
289 1788 351 1815 illuc
380 1786 510 1821 palantes,
536 1785 606 1813 viam
635 1784 818 1818 unusquisque
845 1787 988 1816 nostrum,

212 1843 291 1869 quam
309 1835 360 1862 sibi
371 1833 539 1861 commodam
556 1832 642 1864 duxit,
657 1830 706 1858 sub
720 1829 838 1858 tenebris
848 1833 875 1857 et
894 1829 990 1856 imbri-

213 1881 264 1909 bus
281 1884 333 1909 est
355 1883 522 1915 persecutus.
546 1877 665 1905 Tandem
682 1876 787 1911 tuguria
809 1875 861 1903 vici
875 1874 991 1902 subeun-

212 1932 252 1954 tes
277 1926 355 1962 (illuc
369 1925 442 1952 enim
461 1923 556 1952 divisis
571 1922 712 1950 itineribus
732 1929 825 1949 omnes
844 1922 992 1948 divertera-

212 1972 291 2007 mus).
305 1970 490 2002 convenimus,
506 1973 534 1997 et
545 1976 586 2001 ea,
605 1975 664 2003 quae
682 1967 760 1995 nobis
784 1967 914 1999 deerant,
931 1973 992 1994 cum

211 2018 329 2046 clamore
344 2016 565 2051 perquisivimus.
581 2014 620 2042 Ad
631 2021 710 2048 quem
732 2012 873 2047 strepitum
885 2011 993 2046 Scythae

211 2062 511 2095 exsilientes,calamos,
523 2060 620 2095 quibus
635 2059 668 2086 ad
680 2059 768 2094 ignem
783 2062 904 2091 utuntur,
916 2064 992 2084 usse-

212 2114 275 2136 runt
290 2117 297 2136 :
316 2112 343 2135 et
359 2114 474 2134 accenso
491 2106 601 2138 lumine,
617 2105 829 2140 interrogarunt,
841 2103 904 2138 quid
917 2102 994 2130 nobis

213 2153 352 2186 vellentne,
365 2153 410 2187 qui
430 2155 518 2179 tantos
548 2151 682 2178 clamores
695 2150 847 2177 ederemus.
868 2147 992 2180 Barbari,

212 2199 257 2234 qui
268 2206 316 2226 nos
332 2198 542 2228 comitabantur,
559 2195 753 2230 responderunt
776 2202 824 2222 nos
835 2197 994 2228 tempestate

212 2247 351 2282 perculsos
372 2245 486 2272 turbari.
507 2242 599 2278 Itaque
629 2249 677 2269 nos
703 2241 849 2269 liberaliter
868 2241 994 2268 invitatos

213 2292 330 2327 hospitio
342 2293 517 2325 exceperunt,
531 2293 560 2316 et
573 2287 685 2316 calamis
702 2287 782 2314 siccis
793 2287 881 2321 ignem
898 2293 995 2314 accen-

210 2338 318 2366 derunt.
337 2336 392 2364 Vici
413 2335 520 2362 domina
546 2342 598 2361 una
615 2341 647 2360 ex
668 2333 756 2361 Bledaa
782 2332 911 2360 uxoribus
924 2338 993 2360 erat.

1041 1787 1254 1822 δειματωθέντις
1269 1787 1299 1814 τὸ
1310 1789 1411 1823 χωρίον
1435 1788 1618 1823 ἀπελείπομιν
1639 1788 1686 1815 καὶ
1701 1788 1825 1824 ἀλλήλων

1040 1833 1237 1869 ὲχωριζὸμεθα,
1250 1833 1288 1866 ὡς
1301 1834 1330 1860 ὲν
1343 1835 1432 1869 σκότῳ
1443 1834 1491 1861 καὶ
1506 1833 1584 1869 ὑετῷ,
1597 1833 1749 1869 τραπέντες
1764 1834 1827 1861 ὁδὸν

1040 1879 1075 1914 ἢν
1099 1879 1174 1915 αὐτῷ
1190 1879 1284 1914 ῥᾳδίαν
1302 1879 1414 1912 ἕκαστος
1436 1879 1546 1918 ἔσεσθαι
1561 1880 1639 1915 ᾣετο.
1662 1881 1707 1913 Ἐς
1734 1881 1762 1907 δὲ
1775 1881 1826 1913 τὰς

1042 1925 1163 1958 καλύϐας
1187 1925 1239 1960 τῆς
1257 1925 1354 1960 κώμης
1379 1927 1596 1962 παραγενόμενοι
1620 1926 1681 1962 (τὴν
1698 1926 1782 1962 αὐτὴν
1796 1927 1826 1954 δὲ

1042 1970 1142 2002 πάντες
1162 1970 1296 2006 διαφόρως
1307 1971 1488 2006 ἐτράπημεν),
1500 1972 1530 2003 ἐς
1544 1972 1643 1998 ταυτὸν
1668 1971 1827 2007 συνῄειμιν,

1042 2015 1090 2042 καὶ
1103 2015 1156 2042 τῶν
1170 2015 1392 2050 ἀπολειπομένων
1409 2016 1456 2042 σὺν
1469 2016 1516 2051 βοῇ
1532 2017 1581 2052 τὴν
1595 2017 1709 2052 ζήτησιν
1719 2017 1827 2044 ἐποιού-

1044 2061 1123 2096 μεθα.
1145 2061 1362 2097 Ἐκπηδήσαντες
1374 2061 1403 2088 δὲ
1414 2062 1439 2088 οί
1453 2062 1556 2088 Σκύθαι
1571 2062 1615 2089 διὰ
1635 2063 1681 2089 τὸν
1700 2062 1825 2098 θόρυϐον,

1042 2107 1106 2138 τοὺς
1121 2106 1261 2140 καλάμους
1270 2104 1310 2138 οἷς
1325 2106 1392 2142 πρὸς
1400 2106 1438 2142 τῷ
1450 2107 1517 2143 πυρὶ
1530 2107 1676 2142 κέχρηνται
1686 2108 1826 2140 ἀνέκαιον,

1044 2153 1102 2187 φῶς
1117 2153 1306 2188 ἐργαζόμενοι,
1335 2153 1382 2179 καὶ
1410 2153 1558 2188 ἀνηρώτων
1583 2154 1598 2180 ὃ
1618 2162 1645 2180 τι
1669 2153 1826 2188 βουλόμενοι

1045 2198 1232 2234 κεκράγαμεν.
1249 2198 1308 2224 Τῶν
1319 2198 1346 2224 δὲ
1360 2198 1408 2225 σὺν
1420 2199 1486 2233 ἡμῖν
1511 2199 1661 2234 Βαρϐάρων
1678 2199 1828 2234 ἀποκρινα-

1046 2244 1145 2278 μένων,
1166 2243 1202 2275 ώς
1216 2243 1260 2270 διὰ
1284 2244 1330 2270 τὸν
1355 2244 1477 2279 χειμῶνα
1491 2244 1733 2280 διαταραττόμεθα,
1760 2244 1828 2279 πρὸς

1046 2290 1118 2324 σφᾶς
1134 2298 1163 2316 τε
1195 2289 1293 2321 αὐτοὺς
1319 2290 1463 2322 καλοῦντες
1482 2291 1653 2326 ὑπεδέχοντο,
1674 2291 1722 2318 καὶ
1745 2291 1828 2318 ἀλέαν

1045 2335 1179 2369 παρεῖχον
1206 2335 1345 2369 καλάμους
1370 2335 1513 2366 πλείστους
1543 2335 1695 2366 ὲναύοντες.
1720 2335 1777 2369 Τῆς
1798 2335 1828 2361 δὲ

211 2383 272 2410 Ilaec
282 2382 360 2410 nobis
371 2381 472 2408 cibaria
481 2384 508 2407 et
523 2379 648 2406 mulieres
663 2378 807 2411 formosas,
823 2385 882 2405 cum
896 2378 991 2412 quibus

1047 2380 1075 2406 ὲν
1088 2382 1121 2414 τῇ
1138 2380 1220 2415 κώμῃ
1239 2380 1375 2415 ἀρχούσης
1404 2381 1532 2414 γυναικὸς
1546 2380 1614 2416 (μία
1633 2381 1662 2407 δὲ
1687 2380 1757 2415 αὕτη
1773 2380 1828 2407 τῶν

211 2429 296 2456 amori
315 2427 516 2461 intlulseremus
527 2426 590 2460 (hoc
606 2425 677 2452 enim
692 2425 759 2460 apud
770 2423 884 2459 Scythas
897 2423 991 2451 honori

1048 2411 1136 2460 Βλήδα
1149 2411 1428 2461 γυνσνικῶνὶὲγεγόνει)
1439 2411 1542 2462 τροφάς
1550 2411 1620 2461 μῖν
1633 2411 1829 2462 διαπεμςῐίαμέ-

211 2473 340 2507 ducitur),
353 2471 545 2506 suppeditavit.
563 2469 718 2496 Muneribus
731 2476 780 2503 pro
793 2468 860 2495 cibis
874 2468 991 2503 praebitis

1048 2471 1155 2506 νηςῐκαὶ
1170 2472 1217 2498 ἐπὶ
1231 2472 1359 2507 συνουσίᾳ
1372 2473 1502 2506 γυναῖκας
1517 2472 1665 2507 εὐπρεπεῖς
1686 2472 1827 2507 (Σκυθικὴ

210 2518 312 2552 gratias
325 2516 445 2551 egimus,
466 2519 494 2542 et
516 2514 567 2542 sub
588 2514 665 2541 tectis
679 2513 779 2541 nostris
796 2519 919 2540 somnum
946 2520 991 2539 ca-

1047 2517 1075 2544 δὲ
1091 2517 1160 2552 αὓτη
1175 2517 1263 2552 τιμὴ),
1281 2517 1330 2549 τὰς
1345 2518 1394 2552 μὲν
1405 2519 1537 2552 γυναῖκας
1554 2518 1586 2544 ἐκ
1603 2518 1658 2544 τῶν
1681 2517 1831 2553 προκειμέ-

211 2565 327 2599 pientes.
343 2563 378 2591 ab
393 2570 486 2591 earum
500 2561 695 2590 consuetudine
709 2560 896 2589 abstinuimus.
906 2560 991 2587 Simul

1047 2571 1099 2589 νων
1115 2563 1252 2597 ἐδωδίμων
1264 2563 1527 2598 φιλοφρονησάμενοι
1540 2564 1572 2598 τῇ
1590 2563 1658 2599 πρὸς
1672 2563 1757 2594 αὐτὰς
1767 2564 1830 2598 ὁμι-

211 2613 290 2644 atque
306 2609 404 2642 illuxit,
418 2609 450 2636 ad
465 2615 507 2640 ea,
525 2615 584 2642 quae
597 2614 630 2634 ex
645 2611 737 2634 nostra
749 2605 932 2641 suppellectile
948 2606 993 2633 de-

211 2653 423 2686 siderabantur,
459 2651 637 2687 perquirenda
668 2658 761 2679 curam
798 2651 992 2678 convertimus.

214 2698 275 2726 lltnc
305 2699 400 2732 partim
414 2699 441 2726 in
461 2706 494 2726 eo
516 2699 587 2732 loco,
609 2698 651 2725 ubi
665 2697 751 2734 pridie
770 2697 991 2729 consederamus,

1047 2609 1092 2642 λίᾳ
1107 2609 1336 2643 ἀπηγορεύσαμεν
1353 2609 1361 2624 ¹
1371 2616 1378 2624 ο
1395 2609 1642 2643 ἐγκαταμείναντες
1655 2608 1684 2635 δὲ
1702 2609 1763 2640 ταῖς
1778 2616 1830 2634 κα-

1048 2653 1144 2684 λύϐαις
1156 2653 1214 2687 ἅμα
1235 2653 1326 2688 ἡμέρᾳ
1349 2653 1379 2685 ἐς
1405 2653 1454 2688 τὴν
1481 2653 1536 2679 τῶν
1552 2653 1657 2680 σκευῶν
1671 2653 1830 2688 ὲτράπημεν

1035 2697 1226 2732 ἀναζήτησιν,
1243 2698 1289 2723 καὶ
1301 2697 1445 2732 σύμπαντα
1460 2697 1617 2733 εὑρηκότες,
1637 2698 1670 2725 τὰ
1683 2698 1732 2734 μὲν
1747 2699 1776 2724 ἑν
1791 2696 1831 2734 τῷ

596 2749 611 2761 ⁶
842 2751 958 2780 VARIAE
978 2752 1177 2781 LECTIONES.

265 2799 287 2814 θ’
306 2799 373 2836 μετὰ
402 2798 444 2828 8..
473 2799 543 2836 κατὰ
563 2799 634 2835 vulg.
677 2800 699 2816 ’⁸
716 2799 882 2833 ξεναγόντων
912 2799 983 2834 vulg.
1020 2800 1042 2816 ⁹⁹
1058 2799 1186 2834 ἀνέτρεψε
1204 2798 1249 2832 N.,
1266 2798 1364 2835 ἔτρεψε
1387 2800 1461 2836 vulg.

213 2834 450 2868 ἀπαγορεύσαντες
470 2833 541 2868 vulg.

1502 2801 1510 2816 ¹
1525 2800 1756 2836 ἁπηγορεύσαμεν
1780 2799 1829 2835 Η.,
