1951 3074
169 189 218 221 721

558 195 606 225 DE
625 195 905 228 LEGATIONIBUS
926 199 1170 233 ROMANORUM
1190 203 1240 234 AD
1257 203 1416 236 GENTES.

1734 208 1789 240 722

170 243 361 282 χωρίῳ,οὖπερ
369 249 396 275 ἐν
402 249 433 283 τῇ
443 251 591 285 προτεραίᾳ
598 251 801 283 καταλύσαντες
809 253 950 288 ἐτύχομεν,

1004 257 1099 290 partim
1125 259 1150 286 in
1179 259 1235 293 ripa
1264 261 1388 294 paludis,
1419 262 1515 296 partim
1544 261 1570 289 in
1605 262 1660 297 ipsa
1692 263 1788 297 palude

169 290 202 316 τὰ
212 291 240 317 δὲ
256 292 302 318 καὶ
315 293 382 327 πρὸς
401 295 433 328 τῇ
444 293 512 330 ὄχθῃ
525 295 573 329 τῆς
581 295 689 330 λίμνης,
699 296 732 322 τὰ
740 296 767 322 δὲ
779 298 824 323 καὶ
839 298 868 324 ἐν
880 297 954 333 αὑτῷ

169 337 208 371 τῷ
221 337 307 368 ὖδατι,
319 338 496 373 ἀνελάϐομεν.
511 340 566 367 Καὶ
577 340 686 376 ἐκείνην
696 342 745 376 τὴν
756 342 862 377 ἡμέραν
879 343 909 368 ἐν
920 344 953 377 τῇ

171 382 253 418 κώμῃ
266 383 451 419 ,διετρίψαμεν
465 378 575 412 ’ἅπαντα
602 385 852 422 διατερσαίνοντες·
880 388 894 414 ὅ
924 397 953 414 τε

170 428 225 463 γὰρ
244 429 347 463 χειμὼν
359 430 498 457 ἐπέπαυτο
513 432 560 458 καὶ
575 431 701 468 λαμπρὸς
721 433 795 468 ἥλιος
809 431 853 469 ἦν.
877 435 952 460 Ἐπι-

171 473 333 508 μεληθέντες
348 475 378 501 δὲ
392 477 504 503 καὶτῶν
517 477 609 503 ἵππων
626 479 672 504 καὶ
684 479 737 505 τῶν
764 479 865 506 λοιπῶν
883 480 952 507 ὐπο-

170 517 271 553 ζυγίων
296 521 371 556 παρά
388 522 437 556 τὴν
468 522 588 557 βασιλίδα
611 525 775 560 ἀφικόμεθα,
803 526 850 552 καὶ
870 527 953 562 αὐτὴν

170 565 360 601 ἀσπασάμενοι
388 569 434 595 καὶ
460 569 554 604 δώροις
585 570 792 606 ἀμειψάμενοι,
821 572 896 608 τρισί
924 581 953 599 τε

170 611 305 647 ἀργυραῖς
330 613 440 648 φιάλαις
466 615 514 641 καὶ
537 616 663 652 ἐρυθροῖς
689 618 805 652 δέρμασι
842 619 889 645 καὶ
914 618 953 653 τῷ

170 656 200 688 ἐξ
235 657 330 690 Ἰνδίας
360 660 475 695 πεπέρει
504 661 551 687 καὶ
576 661 615 696 τῷ
646 662 744 698 καρπῷ
783 663 837 690 τῶν
872 664 954 698 φοινί-

171 710 227 728 κων
241 702 289 729 καὶ
313 703 415 738 ἐτέροις
435 706 593 741 τραγήμασι
609 707 673 734 ’διὰ
695 708 725 734 τὸ
745 709 781 744 μὴ
806 710 955 744 ἐπιχωριά-

175 748 232 780 ζειν
247 751 302 781 rei;
314 750 465 787 Βαρϐάροις
482 751 542 779 οὖσι
553 753 664 788 τιμίοις,
681 754 821 789 ὑπὲξιμεν,
836 755 954 790 εὐξάμε-

170 802 211 820 νοι
241 795 309 830 αὐτῇ
325 796 415 829 ἀγαθά
426 797 477 832 τῆς
491 797 581 831 ξενίας
593 798 666 834 πέρι.
685 799 810 836 Ἥμερῶν
822 801 850 827 δὲ
862 800 883 833 ζ’
896 802 955 829 ὁδὸν

171 839 320 872 ἀνύσαντες
331 842 359 867 ἐν
375 841 455 878 κώμῃ
465 843 518 869 τινὶ
533 844 726 879 ἐπεμείναμεν,
741 846 796 872 τῶν
812 846 954 881 ξεναγούν-

170 892 226 910 των
243 885 527 921 παρακελευσαμένων
544 888 668 919 Σκυθῶν,
686 887 730 915 οἶα
742 889 773 925 δὴ
796 890 843 917 τοῦ
865 891 954 926 Ἀττή-

171 931 205 956 λα
220 932 248 962 ἐς
261 931 345 966 αὐτὴν
359 931 539 966 ἐμϐαλοῦντας
550 934 599 969 τὴν
614 935 672 961 ὁδὸν
686 935 732 962 καὶ
747 936 824 970 ήμῶν
836 937 952 963 κατόπιν

170 976 253 1003 αὐτοῦ
267 977 429 1012 πορεύεσθαι
443 978 614 1013 ὀφειλόντων.
628 981 712 1008 Ἔνθα
727 981 759 1018 δή
773 983 952 1018 ἐνετυγχάνο-

174 1030 223 1057 μεν
237 1023 247 1038 ³
270 1024 382 1058 ἀνδράσι
397 1024 451 1050 τῶν
477 1025 614 1061 ἐσπερίων
634 1027 776 1062 Ῥωμαίων
791 1029 839 1055 καὶ
861 1030 953 1061 αὐτοῖς

170 1067 245 1100 παρὰ
260 1067 305 1094 τὸν
332 1068 462 1102 ’Δττήλαν
496 1070 726 1105 πρεσϐευομένοις
738 1079 747 1088 ο
759 1068 796 1098 ὦν
815 1072 953 1108 Ῥωμύλος

171 1109 217 1146 ἦν,
231 1113 301 1148 ἀνὴρ
330 1115 363 1149 τῇ
390 1114 439 1140 τοῦ
469 1114 589 1150 κόμητος
613 1116 676 1152 ἀξίᾳ
690 1118 882 1153 τετιμημένος,
905 1120 953 1146 καὶ

171 1157 323 1193 Πριμοῦτος
337 1159 348 1174 ⁵
360 1160 408 1194 τῆς
420 1159 651 1196 Νωρίκωνάρχων
667 1162 768 1197 χώρας,
778 1163 825 1189 καὶ
844 1163 952 1198 Ῥωμα-

171 1203 215 1234 νὺς
231 1204 428 1238 στρατιωτικοῦ
444 1206 582 1240 τάγματος
595 1208 714 1242 ἡγεμών.
726 1208 811 1242 Συνῆν
825 1208 852 1234 δὲ
863 1209 953 1241 αὐτοῖς

173 1249 373 1282 Κωνστάντιος,
387 1250 417 1276 ὃν
434 1251 602 1278 ἀπεστάλκει
626 1253 726 1284 ’Δέτιος
745 1254 820 1288 παρά
834 1255 880 1281 τὸν
894 1256 954 1281 Ἀτ-

172 1295 254 1330 τήλαν
268 1295 449 1330 ὑπογραφέως
472 1297 562 1332 χάριν,
582 1298 629 1324 καὶ
645 1298 803 1330 Τατοῦλοςὸ
822 1300 952 1335 Ὀρέστου

172 1340 263 1374 πατὴρ
278 1340 324 1366 τοῦ
337 1342 404 1375 μετὰ
424 1342 582 1374 Ἐδέκωνος,
593 1344 623 1370 οὐ
635 1344 683 1379 τῆς
701 1345 850 1380 πρεσϐείας
860 1346 952 1379 ἕνεκα,

171 1384 240 1412 ἀλλὰ
251 1385 416 1421 οἰκειότητος
433 1387 513 1423 χάριν
532 1388 590 1423 ἅμα
612 1389 703 1424 σφίσιν
719 1391 811 1422 αὐτοῖς
829 1391 879 1426 τὴν
904 1401 953 1418 πο-

174 1429 248 1464 ρείαν
266 1431 431 1466 ποιούμενοι,
446 1433 632 1466 Κωνστάντιος
648 1435 697 1470 μὲν
705 1436 748 1462 διὰ
764 1437 812 1471 τὴν
824 1437 834 1452 ⁸
848 1439 877 1463 ἐν
892 1439 953 1469 ταῖς

179 1475 307 1507 Ἰταλίαις
323 1478 538 1514 προϋπάρξασαν
550 1480 618 1515 πρὸς
641 1482 703 1513 τοὺς
722 1482 819 1518 ἄνδρας
843 1484 953 1517 γνῶσιν,

172 1521 306 1553 Τατοῦλος
315 1522 343 1549 δέ
355 1523 398 1550 διὰ
411 1525 580 1558 συγγένειαν.
599 1527 627 1553 '0
640 1527 694 1563 γὰρ
705 1528 786 1554 αὐτοῦ
798 1530 862 1561 παῖς
877 1529 953 1565 Ὀρέ-

172 1576 237 1618 est};
254 1567 392 1618 Ῥωμύλου
407 1569 543 1618 θμγατέρα
567 1573 752 1608 ἐγεγαμήκει,
769 1575 822 1601 ἀπὸ
851 1576 954 1602 Παντα-
967 1590 988 1618 c

171 1613 267 1644 ϐίωνος
294 1614 343 1649 τῆς
359 1615 388 1642 ἐν
406 1615 523 1652 Νωρίκῳ
552 1617 666 1648 πόλεως.
677 1637 684 1645 .
755 1620 951 1654 ἐπρεσϐεύοντο

171 1659 403 1695 ἐκμειλιττόμενοι
439 1661 512 1688 ’τὸν
541 1662 683 1698 ¹Αττήλαν,
707 1664 850 1699 ἐκδοθῆναι
878 1663 953 1702 αὑτῷ

172 1703 330 1738 βουλόμενον
345 1706 354 1721 ⁷
380 1706 519 1740 Σιλϐανὸν,
554 1709 666 1743 ’Ᾱρμίου
682 1710 693 1726 ³
711 1711 852 1745 τραπέζης
881 1713 953 1738 κατά

169 1749 220 1784 τὴν
245 1749 353 1786 Ῥώμην
368 1753 538 1786 προεστῶτα,
561 1754 598 1786 ὡς
626 1755 723 1788 φιάλας
750 1758 853 1792 χρυσᾶς
879 1759 953 1793 παρὰ

170 1794 360 1823 Κωνσταντίου
371 1797 528 1832 δεξάμενον,
542 1799 571 1831 ὃς
595 1801 627 1826 ἐκ
648 1801 775 1829 Γαλατῶν
789 1803 839 1837 μὲν
850 1803 905 1829 τῶν
924 1805 953 1830 ἐν

169 1842 202 1876 τῇ
230 1841 349 1878 Ἐσπέρᾳ
367 1843 490 1878 ὡρμᾶτο,
505 1845 657 1872 ἀπέσταλτο
668 1847 694 1873 δέ
713 1849 759 1874 καὶ
773 1849 854 1880 αὐτὸς
878 1850 953 1885 παρὰ

176 1887 306 1922 Ἀττήλαν
317 1897 347 1914 τε
363 1889 409 1915 καὶ
426 1890 541 1924 Βλήδαν,
560 1890 654 1925 ὥσπερ
669 1893 682 1918 ό
704 1893 761 1927 μετ’
777 1894 857 1920 αὐτὸν
875 1895 953 1921 Κων-

170 1933 304 1964 στάντιος,
315 1934 496 1970 ὑπογραφέως
505 1937 593 1972 χάριν.
609 1939 684 1964 Κατα
696 1938 724 1965 δὲ
731 1939 777 1966 τὸν
789 1940 883 1975 χρόνον
893 1941 921 1967 ἐν
932 1938 954 1975 ᾦ

172 1978 224 2004 ὑπὸ
239 1979 350 2006 Σκυθῶν
359 1981 387 2006 ἐν
398 1982 430 2016 τῇ
439 1981 449 1995 ⁸
460 1982 582 2009 Παιόνων
593 1983 778 2018 ἐπολιορκεῖτο
788 1986 817 2012 τὸ
831 1986 952 2020 Σίρμιον,

170 2025 220 2056 τὰς
235 2024 334 2058 φιάλας
348 2027 423 2061 παρὰ
436 2027 482 2053 τοῦ
498 2027 548 2062 τῆς
567 2029 669 2060 πόλεως
683 2030 832 2057 ἐπισκόπου
847 2031 955 2064 ἐδέξατο

170 2070 214 2103 ἐφ’
256 2070 337 2096 αὐτὸν
357 2070 498 2103 λύσασθαι,
515 2073 540 2098 εί
556 2080 587 2106 γε
605 2074 744 2108 περιόντος
759 2075 780 2090 ¹⁰
790 2075 872 2102 αὐτοῦ
888 2076 956 2103 ἀλῶ-

172 2123 215 2142 ναι
235 2115 284 2150 τὴν
304 2116 382 2142 πόλιν
407 2117 537 2152 συμϐαίη1
559 2118 575 2153 ἢ
593 2119 782 2154 ἀναιρεθέντος
798 2121 955 2156 ὠνήσασθαι

170 2160 234 2190 τοὺς
254 2161 443 2196 αἰχμαλώτους
464 2163 654 2198 ἀπαγομὼους
671 2164 725 2191 τῶν
750 2165 849 2192 ἀστῶν.
881 2167 910 2193 Ὃ
926 2167 954 2194 δὲ

170 2205 362 2238 Κωνστάντιος
385 2208 454 2241 μετὰ
470 2208 516 2234 τὸν
539 2209 589 2244 τῆς
613 2209 717 2241 πόλεως
739 2211 954 2248 ἀνδραποδισμὸν

1004 303 1162 337 recepimus.
1193 304 1220 332 ιιι
1253 305 1295 333 bis
1323 306 1493 334 desiccandis
1532 312 1615 335 totum
1654 307 1723 335 diem
1759 309 1785 336 in

1005 347 1049 374 Illo
1079 348 1138 376 vico
1169 349 1335 385 (tempestas
1369 352 1440 379 enim
1473 352 1610 385 desierat,
1640 357 1668 380 et
1698 353 1788 381 clarus

1004 394 1042 419 sol
1069 395 1233 430 apparebat)
1259 397 1446 425 contrivimus.
1473 397 1574 425 Deinde
1594 399 1695 426 curatis
1710 400 1787 433 equis

1003 443 1030 464 et
1049 439 1160 473 reliquis
1181 440 1330 475 jumentis,
1355 442 1475 477 reginam
1501 442 1646 471 salutatum
1677 444 1785 472 ivimus.

1003 482 1077 510 Hanc
1093 485 1212 512 vicissim
1225 486 1302 512 donis
1313 488 1475 514 remunerati
1483 495 1577 515 sumus
1590 488 1675 516 tribus
1687 490 1788 523 pateris

1003 529 1147 563 argenteis,
1166 530 1308 558 velleribus
1326 532 1425 563 rubris.
1441 532 1533 566 pipere
1543 531 1646 566 indico,
1661 533 1788 567 palmulis

1003 577 1030 600 et
1045 574 1126 601 variis
1139 575 1268 609 cupediis,
1285 583 1345 610 qua:
1359 577 1449 603 omnia
1464 584 1478 603 a
1491 576 1629 609 Barbaris,
1643 583 1673 604 ut
1684 577 1786 612 ignota,

1005 620 1092 653 magni
1107 620 1287 648 aestimantur.
1303 620 1358 648 Nec
1370 622 1452 649 multo
1466 627 1526 656 post
1537 623 1628 650 omnia
1645 622 1732 650 fausta
1747 623 1787 650 fe-

1005 664 1118 698 liciaqne
1142 666 1177 692 illi
1194 666 1383 700 hospitalitatis
1394 675 1459 701 ergo
1475 668 1586 702 precati,
1597 668 1788 696 discessimus.

1005 709 1111 742 Septem
1126 711 1230 738 dierum
1246 712 1342 739 itinere
1353 719 1474 746 emenso,
1488 712 1606 748 Scythae,
1620 713 1663 747 qui
1677 720 1726 740 nos
1738 713 1788 740 du-

1005 756 1111 788 cebant,
1135 756 1161 783 in
1188 758 1304 791 quodam
1327 758 1387 785 vico
1402 765 1452 785 nos
1473 759 1620 786 consistere
1636 758 1786 792 jusserunt,

1005 801 1066 835 quia
1083 806 1142 835 post
1159 802 1280 834 Attilam,
1296 804 1341 837 qui
1361 804 1410 831 hac
1433 804 1474 831 via
1491 804 1718 839 proﬁcisceretur,
1735 804 1787 831 lter

1006 846 1082 873 nobis
1093 847 1244 874 faciendum
1260 853 1343 875 esset.
1358 848 1407 876 Hic
1421 849 1515 877 obvios
1527 849 1672 877 habuimus
1683 849 1787 884 legatos

1005 898 1019 917 a
1037 891 1166 919 Romanis
1182 893 1394 921 occidentalibus
1407 894 1489 921 etiam
1506 895 1539 921 ad
1553 895 1663 921 Attilam
1677 895 1787 922 missos.

1005 937 1088 964 Erant
1108 943 1196 964 autem
1217 939 1344 973 praecipui
1371 938 1501 967 Romulus
1528 941 1636 968 comitis
1656 941 1786 976 dignitate

1004 983 1157 1013 decoratus,
1172 981 1225 1018 57
1238 987 1265 1010 et
1280 983 1427 1016 Primutus.
1441 983 1544 1012 Noricze
1555 985 1673 1019 regionis
1691 985 1787 1020 praefe-

1004 1033 1072 1061 ctus,
1083 1034 1110 1056 et
1121 1027 1268 1061 Romanus,
1286 1029 1410 1056 militaris
1426 1031 1529 1057 ordinls
1541 1031 1644 1058 ductor.
1663 1029 1708 1057 His
1721 1031 1785 1057 ade-

1005 1079 1046 1101 rat
1067 1074 1253 1107 Constantius,
1269 1081 1348 1109 quem
1363 1075 1456 1102 Aetius
1470 1075 1504 1102 ad
1516 1075 1640 1107 Attilam,
1657 1080 1686 1103 nt
1700 1076 1739 1102 illi
1754 1077 1780 1102 in

1003 1119 1205 1146 conscribendis
1224 1119 1345 1154 epistolis
1365 1120 1523 1152 deserviret,
1543 1121 1663 1154 miserat,
1681 1127 1707 1148 et
1728 1121 1785 1148 Τα-

1005 1163 1094 1196 tullus,
1108 1163 1213 1191 Orestis
1236 1164 1306 1199 ejus,
1323 1164 1367 1199 qui
1384 1172 1444 1191 cum
1466 1164 1590 1193 Ederone
1611 1170 1678 1198 erat,
1695 1171 1785 1200 pater,

1003 1218 1056 1237 non
1071 1210 1212 1244 legationis
1225 1218 1317 1243 causa,
1334 1212 1380 1238 sed
1393 1211 1488 1245 privati
1506 1211 1584 1238 otl'icii
1600 1216 1627 1239 et
1641 1211 1780 1238 fatrtiliari~

1005 1255 1067 1281 tatis
1082 1262 1156 1289 ergo.
1171 1254 1330 1283 Constantio
1345 1256 1416 1283 enim
1429 1257 1454 1282 in
1471 1255 1555 1283 ltaliis
1569 1257 1657 1292 agenti
1671 1264 1784 1291 magnus

1004 1307 1064 1326 cum
1080 1293 1131 1326 illis
1141 1307 1205 1327 usus
1220 1301 1410 1328 intercesserat
1424 1310 1431 1328 :
1447 1300 1580 1328 Tatullum
1592 1302 1707 1329 atﬁuitas
1722 1310 1782 1329 mo-

1005 1344 1093 1370 vebat.
1119 1343 1229 1372 Orestes
1251 1345 1335 1377 enim,
1362 1344 1420 1380 ejus
1444 1346 1524 1378 illius,
1543 1346 1648 1373 Romuli
1667 1347 1747 1373 tiliam
1771 1355 1786 1373 ο

1004 1388 1161 1421 Patavione,
1179 1390 1270 1418 Norici
1286 1390 1407 1423 civitate,
1423 1399 1534 1419 uxorem
1552 1393 1678 1420 duxerat.
1693 1392 1784 1428 Legati

1005 1441 1094 1462 autem
1112 1437 1266 1470 veniebant,
1286 1442 1314 1464 ut
1329 1438 1438 1464 Attilam
1457 1438 1580 1470 lenirent.
1597 1438 1642 1472 qui
1656 1438 1707 1466 sibi
1729 1438 1788 1473 Syl-

1006 1488 1113 1508 vanum.
1130 1481 1213 1508 Armii
1232 1490 1331 1510 mensae
1353 1481 1444 1510 Romae
1465 1483 1631 1518 praefectum,
1649 1484 1716 1511 tradi
1737 1491 1785 1518 po-

1004 1526 1131 1558 stulabat,
1149 1531 1290 1561 propterea
1305 1527 1377 1562 quod
1389 1531 1494 1561 pateras
1514 1535 1611 1555 aureas
1625 1535 1641 1555 a
1652 1528 1786 1556 Conslan—

1007 1571 1044 1598 tio
1057 1573 1170 1606 quodam
1196 1578 1347 1607 acoeperat.
1371 1572 1420 1600 Hic
1441 1572 1623 1606 Constantius,
1640 1581 1673 1601 cx
1692 1573 1785 1601 Galliis

1005 1617 1219 1645 Occidentalibus
1230 1622 1315 1650 ortus,
1328 1618 1360 1644 all
1377 1618 1486 1645 Attilam
1501 1623 1528 1645 et
1554 1618 1674 1651 Blcdam,
1690 1623 1718 1645 ut
1732 1618 1786 1646 illis

1002 1664 1030 1691 in
1048 1665 1253 1692 conscribendis
1279 1664 1400 1700 epistolis
1423 1672 1532 1699 operam
1552 1665 1640 1698 daret,
1658 1666 1787 1700 quemad-

1003 1710 1111 1737 modum
1128 1715 1155 1738 et
1169 1716 1229 1744 post
1240 1711 1313 1738 illum
1330 1711 1399 1738 alter
1409 1711 1594 1744 Constantius,
1608 1712 1707 1739 missus
1725 1711 1784 1738 fne-

1003 1761 1056 1783 rat.
1081 1756 1127 1784 Ille
1148 1763 1224 1789 vero,
1241 1764 1294 1791 quo
1319 1761 1440 1791 tempore
1456 1757 1584 1784 Sirmium
1605 1757 1744 1791 oppidum,
1759 1757 1785 1783 in

1004 1801 1109 1829 Paeonia
1130 1802 1223 1834 situm,
1259 1802 1367 1838 Scytha:
1391 1802 1562 1835 obsidebant,
1585 1809 1667 1829 aurea
1689 1809 1754 1829 vasa
1771 1808 1786 1828 a

1003 1847 1122 1876 civitatis
1139 1848 1266 1883 episcopo
1282 1852 1434 1883 acceperat,
1453 1853 1528 1882 ut,ex
1541 1855 1633 1875 eorum
1649 1847 1747 1882 pretio,
1762 1848 1785 1874 si

1004 1902 1033 1922 se
1051 1895 1196 1928 superstite
1216 1894 1310 1921 urbem
1327 1893 1393 1928 ‘capi
1418 1893 1587 1929 contigisset,
1612 1893 1698 1927 quoad
1721 1891 1786 1918 satis

1004 1944 1086 1972 esset,
1107 1947 1156 1973 pro
1172 1947 1220 1966 sua
1241 1939 1364 1966 libertate
1395 1939 1568 1966 solveretur:
1589 1939 1630 1965 sin
1649 1939 1785 1972 periisset,

1005 1985 1078 2012 cives
1092 1984 1119 2011 in
1134 1984 1290 2011 servitutem
1306 1983 1414 2010 abducti
1428 1983 1632 2011 redimerentur.
1649 1981 1701 2009 Sed
1713 1982 1784 2008 Con-

1005 2030 1121 2057 stantius
1138 2034 1199 2064 post
1221 2029 1295 2056 urbis
1321 2029 1455 2056 excidium
1475 2028 1507 2055 de
1528 2033 1605 2062 pacto
1625 2027 1670 2054 illo
1690 2034 1785 2062 parum

1005 2075 1147 2108 sollicitus,
1178 2074 1292 2102 Romam
1312 2073 1454 2108 cujusdam
1471 2073 1569 2107 negotii
1591 2079 1671 2100 causa
1695 2072 1785 2107 profe-

1005 2127 1075 2153 ctus,
1094 2128 1157 2148 vasa
1181 2122 1213 2148 ad
1239 2121 1384 2156 Sylvanum
1404 2120 1509 2154 detulit,
1531 2125 1560 2147 et
1578 2127 1674 2148 aurum
1695 2120 1729 2147 ab
1754 2127 1786 2147 eo

1005 2167 1120 2201 accepit,
1141 2167 1332 2200 convenitque,
1348 2170 1378 2193 ut
1393 2166 1416 2194 si
1439 2167 1510 2193 intra
1528 2171 1632 2201 tempus
1657 2165 1782 2200 praeﬂui-

1007 2216 1064 2240 tum
1081 2220 1175 2239 aurum
1197 2217 1289 2239 mutuo
1300 2216 1436 2246 sumptum
1453 2212 1586 2243 redderet,
1602 2218 1665 2238 vasa
1684 2211 1786 2246 recipe-

169 2250 342 2287 ὀλιγωρήσας
361 2252 416 2279 τῶν
437 2253 577 2289 συνθηκῶν
597 2255 618 2270 ¹¹
637 2256 665 2287 ἐς
680 2256 729 2291 τὴν
749 2257 856 2293 Ῥώμην
882 2260 953 2287 κατὰ

1006 2262 1066 2285 ret:
1087 2258 1114 2285 ni
1131 2257 1248 2290 fecisset,
1266 2257 1399 2292 Sylvanus
1420 2263 1483 2284 vasa
1506 2256 1556 2284 sibi
1576 2256 1687 2283 haberet
1701 2259 1729 2282 et
1746 2255 1792 2283 his

170 2297 268 2331 πρᾶξίν
287 2306 348 2324 τινα
362 2299 553 2334 παραγίνεται,
569 2301 616 2327 καὶ
642 2302 784 2336 κομίζεται
805 2304 881 2339 παρὰ
903 2305 950 2332 τοῦ

1004 2312 1051 2339 pro
1066 2304 1178 2332 arbitrio
1199 2308 1332 2331 uteretur.
1356 2302 1433 2330 Hunc
1447 2302 1633 2330 Constantium
1649 2301 1747 2328 Attilas
1760 2305 1788 2328 et

169 2342 298 2370 Σιλϐανοῦ
311 2344 421 2379 χρυσίον
437 2346 485 2376 τὰς
503 2346 601 2379 φιάλας
619 2346 690 2381 δοὺς,
708 2348 778 2375 ὥστε
794 2349 876 2384 ῥητοῦ
887 2351 952 2386 χρό-

1004 2350 1094 2384 Bleda,
1114 2358 1176 2378 cum
1190 2350 1242 2378 illis
1255 2349 1418 2384 proditionis
1430 2350 1536 2376 nomine
1551 2351 1692 2382 suspectus
1702 2350 1786 2378 esset.

168 2396 215 2415 νου
237 2389 311 2421 ἐντὸς
323 2389 340 2424 ἢ
358 2391 490 2417 ἀποδόντα
506 2391 536 2418 τὸ
556 2392 728 2419 ἐκδανεισθέν
753 2395 864 2429 χρυσίον
882 2397 950 2423 ἀνα-

1004 2397 1028 2423 in
1045 2404 1152 2424 crucem
1164 2401 1287 2431 egerunt.
1301 2395 1338 2422 Ex
1352 2402 1416 2429 quo,
1431 2400 1459 2422 ut
1474 2394 1507 2421 de
1522 2393 1625 2428 poculis
1638 2392 1728 2420 aureis
1743 2392 1787 2419 in-

169 2433 260 2461 λαϐεἰν
276 2435 310 2461 τὰ
339 2436 464 2471 ἐνέχυρα,
480 2436 497 2472 ἢ
517 2437 608 2469 αὐτοῖς
632 2439 677 2465 τὸν
693 2439 821 2466 Σιλϐανδν
833 2441 861 2472 ἐς
882 2441 896 2467 ὃ
925 2451 951 2469 τι

1004 2442 1102 2470 diciqu
1118 2441 1150 2469 ad
1163 2441 1274 2468 Attilam
1285 2445 1327 2468 est
1338 2440 1469 2474 delatum,
1482 2440 1531 2467 sibi
1543 2439 1610 2467 tradi
1628 2438 1786 2474 Sylvanum,

171 2477 290 2512 βούλοιτο
300 2480 464 2514 χρήσασθαι.
479 2481 579 2509 Τοῦτον
591 2482 628 2518 ,δὴ
639 2484 684 2510 τὸν
701 2485 888 2513 Κωνστάντιον
921 2487 950 2514 ἐν

1004 2493 1132 2522 tanquam
1148 2487 1234 2515 furem
1251 2490 1356 2518 eorum,
1374 2494 1432 2521 quae
1453 2494 1500 2513 sua
1525 2489 1628 2518 essent,
1645 2484 1785 2518 ﬂagitavit.

170 2523 273 2558 ὑποψίᾳ
303 2525 447 2559 προδοσίας
479 2527 661 2562 ποιησάμενοι
697 2529 828 2565 Ἀττήλας
850 2539 879 2557 τε
902 2533 949 2559 καὶ

1007 2532 1099 2568 Legati
1125 2533 1206 2568 igitur
1225 2532 1258 2560 ab
1280 2532 1357 2559 Aetio
1374 2536 1401 2558 et
1419 2531 1604 2558 Romanorum
1619 2528 1783 2556 Occidenta-

170 2569 273 2604 Βλήδας
288 2570 499 2606 ἀνεσταύρωσαν
515 2579 522 2587 ·
540 2573 608 2607 μετὰ
622 2573 651 2600 δέ
662 2574 756 2609 χρόνον
774 2575 812 2610 τῷ
833 2576 949 2612 Ἀττήλᾳ

1007 2578 1070 2605 lium
1086 2578 1248 2612 imperatore
1275 2581 1415 2608 venerant,
1431 2576 1477 2611 qui
1496 2576 1618 2603 dicerent
1638 2574 1783 2610 Sylvanum

169 2615 207 2646 ὡς
223 2615 258 2642 τὰ
273 2616 337 2651 περὶ
350 2616 404 2643 τῶν
419 2616 522 2651 φιαλῶν
535 2618 657 2654 ἐμηνύθη
669 2639 677 2653 ,
701 2620 844 2655 ἐκδοθῆναι
870 2623 946 2658 αὐτῷ

1006 2622 1154 2650 Constantii
1179 2621 1339 2649 creditorem
1361 2627 1423 2648 vasa
1438 2627 1518 2648 aurea
1532 2627 1581 2655 pro
1592 2619 1695 2647 credito
1709 2617 1785 2653 oppi-

804 2701 922 2729 VARM'J
941 2701 1144 2731 LECTIONES.

205 2765 390 2808 ’.τραγήμασι
407 2766 453 2808 IL,
478 2768 635 2808 rpgyﬁuaet
660 2769 737 2808 vulg.
770 2771 1010 2808 :éve-ruyxaivopev
1035 2771 1079 2803 H.,
1100 2770 1271 2808 τυγχάνομεν
1297 2769 1369 2808 vulg.
1409 2770 1428 2808 -δ
1445 2768 1607 2808 ῌριμοῦτος,
1625 2769 1684 2808 _gui
1712 2769 1782 2808 infra

168 2809 196 2835 p.
213 2801 342 2847 tntillum
359 2801 403 2847 lz',
417 2801 750 2847 nfopoprog'appellattir.
770 2801 981 2847 Raglqﬁc'ctius',
996 2810 1063 2847 puto
1074 2801 1308 2847 ἐ-εοίῬνᾳύιριειεο
1325 2801 1362 2847 Νξ
1407 2801 1480 2847 ζτῂῦ
1492 2801 1530 2847 έν,
1546 2801 1658 2847 ﬁliiﬁli-
1673 2838 1687 2844 ,
1713 2804 1724 2820 ⁸
1736 2805 1782 2847 ὲκ·

170 2835 423 2882 ρᾶιειλιττμμενοιπη.¹
438 2835 763 2882 ἐκμελιτιόμὲνοιιγυΙεἏ
784 2840 794 2855 ⁷
807 2835 1052 2882 βουλόμεχοιῇἶιιβ.
1091 2838 1248 2882 'I'Appiou]
1263 2839 1394 2875 ἀργυρίου
1409 2835 1469 2866 ναΙζ
1520 2840 1530 2855 ⁹
1548 2841 1580 2874 τῇ
1597 2839 1641 2874 N.,
1653 2838 1691 2874 τῷ
1706 2839 1778 2875 vulg.

170 2870 191 2886 ¹⁰
205 2870 343 2905 περιόντος
359 2871 404 2906 IL,
417 2870 543 2904 πενόντος
554 2870 626 2909 vulg.
665 2874 683 2890 “
701 2870 841 2910 σῦνθηκῶν
853 2870 898 2910 Ν.;
916 2870 1057 2904 Σκυθικῶν
1073 2875 1143 2911 vulg.
