1951 3074
127 162 191 196 ’125

520 163 570 195 ΒΕ
586 151 864 196 iEGATIONIBUS
884 163 1130 196 ROMANORUM
1157 165 1207 196 AD
1223 164 1384 198 omne.

1702 163 1756 196 726

130 219 253 255 κείμενα
275 217 376 254 χωρίῳ.
398 217 493 253 Ἡμεῖς
509 218 537 246 δὶ
547 219 576 246 ἐν
592 220 648 252 τοῖς
670 219 845 255 Ὀνηγησίου,
859 217 930 245 ἐκεί-

988 219 1050 246 :tior
1063 224 1090 247 et
1102 220 1128 247 in
1139 220 1226 248 altiori
1239 220 1297 249 loco
1310 220 1373 248 sita.
1385 218 1440 249 Nos
1453 226 1518 248 vero
1533 220 1561 249 in
1574 220 1676 249 :edibus
1687 219 1760 248 One-

132 275 186 293 vou
212 264 494 301 παρακελευσαμένου,
512 265 762 300 ἐγκατεμείναμεν·
790 264 923 300 ἐπανελη-

133 311 215 338 λύθει
227 311 280 347 γὰρ
295 311 342 337 σὺν
357 310 395 345 τῷ
415 310 530 346 Ἀττήλα
545 311 629 338 παιδί.
643 311 697 339 Καὶ
712 311 923 346 ὴριστοποιησά-

138 357 222 391 μεοα,
239 355 440 392 δεξιωσαμένης
464 356 538 391 ἡμᾶς
560 356 609 391 τῆς
620 365 649 383 τε
666 356 789 392 γαμετῆς
805 356 851 383 καὶ
870 356 924 382 τῶν

138 402 214 429 κατὰ
227 401 304 436 γένος
319 400 392 436 αὐτῷ
406 401 598 437 διαφερόντων·
613 402 693 434 αὐτὸς
707 401 762 436 γὰρ
776 401 815 436 τῷ
831 401 925 436 ’Δττή-

137 447 176 482 λᾳ
191 447 259 482 μετὰ
282 447 332 481 τὴν
348 446 476 473 ἐπάνοδον
489 447 550 473 τότε
575 447 682 482 πρῶτον
694 447 723 478 ἐς
743 446 803 481 ὄψιν
831 445 925 479 ἐλθὼν,

139 493 190 518 καὶ
202 492 277 527 αὐτῳ
292 491 327 518 τὰ
349 491 396 517 ἐπὶ
407 493 440 526 τῇ
459 492 570 527 πράξει,
584 492 633 528 ἐφ’
648 492 682 527 ην
699 492 819 526 ἔσταλτο,
835 493 926 526 ἀπαγ-

139 539 255 573 γέλλων,
270 540 318 566 καὶ
330 539 360 566 τὸ
374 539 458 571 πάθος
484 539 514 566 τὸ
540 539 579 575 τῷ
603 539 720 574 ’Δττήλα
733 539 808 566 παιδὶ
821 547 928 566 συνενε-

140 584 207 619 χθὲν
222 583 282 620 (τὴν
300 583 353 618 γὰρ
369 583 459 616 δεξιὰν
482 585 561 619 χεῖρα
581 584 756 620 ἐξολισθήσας
773 583 927 619 κατέαξεν).

141 630 360 665 συνευωχεῖσθαι
387 630 453 664 ἡμῖν
479 630 529 656 οὐκ
551 627 603 665 ἦγε
627 630 734 666 σχολήν.
761 630 839 660 Μετὰ
853 630 882 656 δὲ
899 630 931 656 τὸ

143 676 253 702 δεῖπνον
283 675 460 708 ἀπολιπόντες
484 676 519 702 τὰ
539 676 587 702 τοῦ
607 675 768 712 Ὀνηγησίου
793 677 931 711 οἰκήματα

145 721 261 756 πλησίον
277 721 330 748 τῶν
351 721 466 756 ’Δττήλα
479 713 745 758 ικατεσκηνὼσαμεν,
773 721 790 757 ἢ
816 722 838 738 ¹⁶
857 721 932 757 παρὰ

145 767 193 793 τὸν
212 767 344 802 Ἀττήλαν
365 767 469 794 ἐπιέναι
491 767 514 783 ¹⁹
541 767 587 794 τὸν
606 767 765 802 Μαξιμϊνον,
781 768 865 804 ἦγουν
885 767 933 794 καὶ

146 813 204 843 τοῖς
215 812 305 844 ἄλλοις
315 813 369 844 τοῖς
379 812 438 848 ἀμφ
446 812 453 822 ¹
468 812 548 840 αὐτὸν
560 813 588 844 ἐς
595 812 691 847 λόγους
703 812 770 840 tm;
780 813 932 848 ὀφείλοντα,

148 858 188 893 μὴ
210 857 302 893 πολλῷ
322 858 487 893 κεχωρίσθαι
499 858 672 894 διαστήματι.
701 859 890 894 Διαγαγόντων
910 859 932 875 ¹¹

974 265 1040 300 gesii
1057 265 1108 301 (sic
1123 265 1168 293 ille
1178 271 1359 302 praeceperat;
1376 267 1494 294 redierat
1508 267 1579 295 enim
1593 275 1654 295 cum
1668 266 1758 294 Attila:

976 310 1041 346 filio)
1065 312 1255 340 remst-simus.
1285 312 1343 340 Illic
1363 319 1471 341 cmnam
1492 313 1668 347 sumpsimus,
1684 312 1760 340 exci-

978 357 1066 392 piente
1077 365 1126 385 nos
1138 357 1196 393 ejus
1221 365 1306 386 uxore
1325 359 1453 386 comitata
1479 358 1686 390 illustrioribus,
1713 356 1761 393 qui

978 409 1039 430 eum
1054 409 1154 437 genere
1175 403 1378 438 contingebant.
1395 402 1434 430 Illi
1447 403 1517 430 enim
1532 403 1652 430 animum
1669 402 1762 429 nobis-

978 453 1038 473 cum
1053 446 1178 474 convivio
1192 446 1344 475 exhilarare
1354 454 1402 482 per
1423 446 1510 474 otium
1533 447 1644 474 minime
1663 445 1760 479 licuit;

980 491 1034 527 59
1046 492 1109 527 quia
1122 499 1182 527 quae
1196 497 1318 527 gesserat
1336 492 1364 519 in
1387 492 1503 526 negotio,
1520 491 1554 518 ad
1569 492 1641 526 quod
1664 491 1763 518 missus

981 537 1080 574 fuerat,
1099 541 1127 565 et
1150 538 1305 570 adversum,
1332 537 1378 572 qui
1407 537 1463 565 filio
1487 537 1577 564 Attila
1601 537 1761 572 contigerat,

982 590 1074 611 casum
1091 583 1224 618 (dextram
1239 583 1313 610 enim
1335 583 1459 618 delapsus
1482 581 1610 617 fregerat)
1626 581 1763 609 renuntia-

984 631 1072 660 turus,
1095 630 1151 654 tum
1173 626 1289 662 primum
1306 634 1321 654 a
1337 627 1424 654 reditu
1449 627 1474 654 in
1488 626 1577 667 Attilae
1587 631 1762 661 conspectum

982 677 1103 700 venerat.
1120 672 1184 700 Post
1196 680 1312 704 caenam,
1323 673 1424 700 aedibus
1438 672 1563 708 Onegesii
1580 671 1690 703 relictis,
1700 679 1764 706 pro-

985 718 1045 752 pius
1060 717 1148 744 Attilte
1169 718 1240 744 mdes
1256 717 1370 744 tentoria
1385 717 1534 752 posuimus,
1551 721 1581 744 ut
1592 715 1763 747 Maximinus.

985 770 1064 797 quem
1085 762 1194 789 Attilam
1211 763 1370 794 convenire,
1388 767 1485 789 etcum
1498 761 1552 794 his,
1566 761 1611 796 qui
1627 761 1651 788 ei
1666 768 1680 787 a
1699 767 1765 787 con-

986 808 1053 836 siliis
1063 812 1140 835 erant
1153 807 1285 843 colloquia
1300 808 1390 836 facere
1401 808 1554 843 oportebat,
1565 807 1676 835 minime
1687 806 1765 842 Inngo

987 854 1020 881 ab
1041 853 1122 881 Attila
1145 854 1259 882 distaret
1276 853 1429 882 intervallo.
1450 853 1507 881 Illic
1533 853 1624 888 igitur,
1642 860 1695 888 quo
1710 852 1765 887 pri-

145 903 176 929 δὲ
193 902 271 937 ἡμῶν
291 902 397 937 ἐκείνην
416 902 464 937 τὴν
495 903 579 929 νύκτα
596 903 625 929 ἐν
643 899 719 938 ᾧπερ
743 901 932 936 κατελύσαμεν

988 907 1058 927 mum
1082 899 1258 932 devertimus,
1275 905 1380 927 noctem
1399 899 1584 934 transegimus.
1615 899 1688 926 Luce
1706 903 1764 926 orta

146 947 249 982 χωρίῳ,
262 946 459 982 ὑποφαινούσης
471 946 577 982 ἡμέρας
590 947 604 973 ό
618 945 768 981 Μαξιμῖνος
779 945 883 972 στέλλει
899 953 934 980 με

146 993 224 1028 παρὰ
243 994 288 1020 τὸν
310 993 471 1029 Ὀνηγήσιον
483 994 518 1021 τὰ
531 993 605 1029 δῶρα
625 993 756 1026 δώσοντα,
772 992 790 1019 ἆ
807 1000 837 1018 τε
854 991 935 1023 αὐτὸς

148 1038 246 1072 ἐδίδου,
255 1039 272 1065 ἆ
280 1047 309 1065 τε
319 1038 444 1074 βασιλεὺς
453 1038 629 1072 ἀπεστάλκει,
636 1039 683 1065 καὶ
693 1038 766 1070 ὅπως
778 1037 865 1072 γνοίη,
877 1038 902 1063 εί
912 1038 934 1052 ¹¹

149 1084 274 1120 βούλεται
284 1084 307 1101 ¹³
321 1084 406 1119 αὐτῷ,
418 1085 464 1112 καὶ
477 1084 568 1116 ὁπότε,
584 1085 612 1116 ἐς
624 1084 720 1119 λόγους
732 1084 828 1112 ἐλθεῖν.
842 1084 935 1118 Παρα-

149 1129 293 1164 γενόμενος
313 1129 341 1156 δέ
354 1129 413 1165 ἅμα
425 1130 482 1161 τοῖς
495 1129 653 1164 κομίζουσιν
664 1129 732 1156 αὐτὰ
745 1129 768 1144 ³⁸
787 1129 936 1164 ὑπηρέταις

150 1175 445 1210 προσεκαρτέρουν,ἐτι
456 1175 510 1202 τῶν
521 1175 610 1211 θυρῶν
619 1175 821 1210 κεκλεισμένων
835 1195 842 1206 ,
856 1175 936 1210 ἄχρις

150 1219 213 1246 ὅτου
228 1228 270 1252 τις
282 1219 437 1253 ὑπεξελθὼν
459 1220 508 1257 τὴν
521 1220 660 1256 ἡμετέραν
676 1220 819 1256 μηνύσειεν
834 1219 936 1254 ἄφιξιν.

188 1309 357 1346 Διατρίὸοντι
383 1310 412 1337 δέ
442 1318 488 1345 μοι
517 1310 564 1338 καὶ
595 1310 761 1346 περιπάτους
785 1309 937 1345 ποιουμένῳ

155 1355 208 1390 πρὸ
225 1355 271 1382 τοῦ
284 1355 430 1391 περιϐόλου
441 1355 494 1382 τῶν
504 1356 673 1391 οίκημάτων,
684 1355 839 1391 προσελθών
851 1363 892 1387 τις
902 1355 937 1387 ⁸⁸,

153 1400 183 1427 ὃν
195 1401 336 1437 Βαρσαρον
358 1402 390 1428 ἐκ
411 1401 459 1436 τῆς
477 1401 613 1436 Σκυθικῆς
636 1401 728 1437 ᾠήθην
745 1399 814 1427 εἶναι
830 1401 936 1435 στολῆς,

159 1445 300 1481 Ἑλληνικῇ
318 1446 467 1478 ἀσπάζεταί
483 1455 517 1480 με
529 1447 614 1481 φωνῇ,
631 1446 757 1482 (Χαῖρερ
772 1444 936 1482 προσειπὼν,

154 1491 224 1518 ὥστε
238 1500 272 1527 με
285 1491 442 1527 θαυμάζειν,
454 1491 494 1518 ὅτι
508 1499 539 1526 γε
550 1491 582 1527 δὴ
597 1491 727 1526 έλληνίζιι
739 1490 845 1526 Σκύθης
856 1491 936 1526 ἀνήρ.

154 1537 305 1572 Ξύγκλυδες
329 1539 383 1573 γὰρ
399 1537 473 1569 ὄντες
502 1537 570 1573 πρὸς
593 1538 626 1573 τῇ
658 1538 778 1572 σφετέρα
806 1537 938 1573 βαρβάρῳ

155 1582 263 1618 γλώσσῃ
282 1583 407 1618 ζηλοῦσιν
425 1583 442 1620 ἢ
458 1583 481 1600 ¹⁶
502 1583 553 1618 τὴν
569 1582 677 1610 Οὗννων
693 1583 709 1618 ἢ
725 1583 774 1618 τὴν
788 1583 904 1615 Γότθων,
919 1583 936 1618 ἢ

155 1629 203 1656 καὶ
226 1629 275 1664 τὴν
301 1629 450 1661 Αὐσονίων,
475 1629 548 1661 ὅσοις
565 1629 656 1656 αὐτῶν
683 1629 751 1665 πρὸς
787 1628 939 1664 Ῥωμαίους

155 1674 288 1710 ἐπιμιξία·
305 1674 351 1701 καὶ
358 1674 388 1701 ού
399 1674 497 1711 ῥᾳδίως
513 1683 555 1707 τις
572 1675 645 1710 σφῶν
661 1674 793 1710 ἐλληνίζει
807 1675 839 1710 τῇ
852 1675 938 1710 φωνῇ,

156 1720 224 1756 πλὴν
250 1717 287 1748 ὧν
318 1721 461 1757 ἀπήγαγον
484 1721 665 1757 αίχμαλὼτων
678 1722 733 1749 ἀπὸ
755 1722 803 1756 τῆς
818 1721 940 1757 Θρᾳκίας

156 1766 203 1792 καὶ
220 1766 359 1801 Ἰλλυρίδος
372 1767 514 1802 παραλίου.
529 1767 607 1795 Ἀλλ’
625 1768 724 1794 ἐκεῖνοι
745 1767 794 1802 μιν
808 1766 941 1802 γνώριμοι

158 1810 213 1841 τοῖς
228 1810 436 1846 ἐντυγχάνουσιν
451 1812 598 1847 ἐτύγχανον
619 1811 652 1839 Ex
677 1820 706 1839 τε
727 1811 780 1838 τῶν
794 1811 941 1847 διερρωγό-

157 1862 210 1880 των
224 1855 379 1890 ἐνδυμάτων
396 1856 443 1883 καὶ
466 1856 513 1882 τοῦ
529 1857 634 1892 αὐχμοῦ
657 1857 707 1892 τῆς
721 1856 851 1892 κεφαλῆς,
869 1857 908 1888 εἰς
919 1857 941 1872 ’⁷

158 1900 206 1935 τὴν
221 1901 329 1935 χείρονα
344 1902 543 1937 μεταπεσόντες
559 1902 653 1937 τύχην·
667 1899 743 1934 οὗτος
758 1902 787 1929 δὲ
803 1902 942 1938 τρυφῶντι

163 1944 245 1980 ἐῴκει
259 1945 349 1982 Σκύθῃ
373 1946 488 1981 εὐείμων
499 1955 528 1974 τε
542 1945 580 1974 ὢν
597 1948 644 1974 καὶ
659 1948 876 1982 ἀποκειράμενος
893 1947 942 1982 τὴν

161 1990 280 2025 κεφαλὴν
287 1991 479 2026 περιτρόχαλα.
487 1991 744 2027 ’Δντασπασάμενος
756 1993 785 2019 δὲ
797 1993 943 2028 ἀνηρώτων

160 2037 200 2067 τίς
216 2036 254 2063 ὣν
271 2037 318 2064 καὶ
332 2037 414 2065 πόθεν
424 2039 453 2070 ἐς
469 2038 518 2074 τὴν
532 2038 669 2074 βάρϐαρον
685 2039 808 2074 παρῆλθε
824 2039 876 2073 γῆν
897 2039 944 2066 καὶ

163 2083 219 2117 βίον
251 2085 403 2120 ἀναιρεῖται
433 2085 574 2113 Σκυθικόν.
596 2085 626 2113 '0
648 2085 676 2113 δὲ
704 2086 870 2121 ἀπεκρίνατο
903 2087 944 2114 ὃτι
964 2094 970 2098 ‘

162 2129 326 2165 Βουλόμενος
349 2130 435 2157 ταῦτα
449 2131 550 2165 γνῶναι
567 2132 733 2164 ἐσπούδακα,
759 2132 815 2166 ἐγὼ
831 2132 943 2168 δέ,ἐφην

160 2175 249 2202 αἰτίαν
265 2175 530 2212 πολυπραγμοσύνης
541 2175 611 2203 εἷναί
636 2186 681 2213 μοι
702 2178 752 2212 τὴν
765 2179 787 2195 ’⁸
810 2178 944 2214 Ἑλλήνων

163 2220 263 2256 φωνήν.
277 2221 344 2247 Τότε
358 2221 391 2256 δὴ
417 2221 533 2256 γελάσας
553 2222 604 2257 ἔφη
622 2222 736 2258 Γραικὸς
756 2223 806 2258 μὲν
829 2221 899 2251 εἶναι
912 2224 942 2250 τὺ

161 2266 248 2300 γένος,
263 2275 312 2293 κατ
321 2267 327 2277 ¹
345 2267 480 2302 ἐμπορίαν
493 2267 521 2295 δὲ
535 2268 562 2299 ἐς
573 2268 603 2294 τδ
613 2268 771 2303 Βιμινάκιον
786 2268 942 2304 ἐληλυθέναι

161 2314 209 2348 τὴν
228 2313 295 2349 πρὸς
323 2314 364 2341 τῶ
382 2315 481 2350 Ἴστρῳ
495 2315 596 2342 Μυσῶν
614 2315 701 2342 πόλιν.
726 2316 855 2344 Πλεῖστον
864 2310 900 2344 ’δὲ
915 2318 944 2344 ἐν

162 2360 230 2395 αὐτῇ
245 2360 383 2394 διατρίιᾷαι
398 2361 504 2396 χρόνον,
531 2360 579 2387 καὶ
604 2361 722 2395 γυναῖκα
740 2361 880 2397 γήμασθαι
896 2362 944 2395 ζά-

163 2405 283 2432 πλουτον.
301 2405 356 2440 Τὴν
381 2405 410 2432 δέ
438 2406 563 2433 ἐντεῦθεν
588 2406 740 2442 εὐπραγίαν
769 2407 943 2442 ἐκδύσασθαι,

165 2452 216 2478 ὑπὸ
234 2453 290 2483 τοῖς
306 2453 459 2488 Βαρϐάροις
474 2455 523 2488 τῆς
540 2454 645 2486 πόλεως
659 2455 818 2490 γενομένης,
837 2449 887 2483 καὶ.
900 2456 945 2483 διὰ

164 2498 209 2524 τὸν
224 2498 382 2533 ὑπάρξαντα
407 2499 521 2527 πλοῦτον
537 2500 611 2536 αὐτῷ
630 2500 784 2537 Ὂνηγησίῳ
799 2503 827 2528 ἐν
841 2503 874 2537 τῇ
892 2502 945 2530 τῶν

165 2544 291 2578 λαφύρων
300 2545 479 2581 προκριθῆναι
487 2547 601 2582 διανομῇ
617 2548 688 2579 ’τοὺς
701 2548 755 2583 γὰρ
767 2548 947 2583 ἁλόνταςιάπὺ

164 2590 217 2616 τῶν
231 2590 355 2625 εὐπόρων
372 2591 441 2625 μετὰ
457 2591 503 2618 τὸν
525 2592 655 2628 Ἀττήλαν
677 2594 818 2630 ἐκκρίτους
832 2593 904 2631 εἰχον
919 2597 944 2624 οί

165 2635 217 2662 τῶν
229 2635 337 2662 Σκυθῶν
350 2635 461 2670 λογάδες
471 2636 514 2663 διὰ
523 2637 554 2663 τὸ
564 2637 610 2663 ἐπὶ
622 2637 754 2671 πλείστοις
766 2639 943 2670 διατίθεσθαι.

167 2679 376 2716 Ἀριστεύσαντα
392 2681 420 2708 δὲ
434 2682 462 2708 ἐν
485 2682 544 2714 ταῖς
565 2681 679 2716 ὕστερον
707 2683 774 2718 πρὸς
795 2684 945 2720 Ῥωμαίους

987 945 1060 972 misit
1085 951 1128 972 me
1155 944 1316 972 Maximinus
1340 945 1373 972 ad
1396 943 1569 980 Onegesium,
1591 949 1620 972 ut
1646 944 1683 972 illi
1709 949 1764 971 tum

986 996 1046 1024 qua
1061 989 1119 1024 ipse
1133 988 1225 1023 dabat,
1244 994 1299 1016 tum
1316 989 1351 1017 ab
1367 990 1530 1024 imperatore
1551 989 1633 1016 missa
1653 994 1765 1015 munera

987 1036 1132 1068 traderem,
1158 1040 1185 1063 et
1201 1039 1230 1063 ut
1248 1036 1305 1071 ipse
1322 1039 1509 1070 cognosceret,
1533 1042 1567 1062 an
1581 1033 1618 1062 illi
1635 1041 1726 1062 secum
1739 1037 1767 1060 et

986 1089 1039 1117 quo
1055 1085 1173 1116 tempore
1187 1081 1350 1116 colloquium
1368 1081 1438 1108 inire
1461 1080 1575 1108 luberet.
1594 1078 1702 1107 Perrexi
1718 1079 1768 1114 igi-

987 1131 1030 1153 tur
1050 1127 1081 1154 ad
1100 1125 1262 1162 Onegesium
1287 1134 1348 1154 cum
1372 1125 1490 1158 famulis,
1517 1125 1562 1160 qui
1581 1126 1649 1153 dona
1671 1129 1766 1160 porta-

986 1171 1072 1200 bant:
1091 1179 1151 1200 cum
1163 1173 1252 1208 ianum
1268 1172 1366 1200 clausa
1384 1176 1484 1204 essem,
1499 1170 1666 1206 exspectavi,
1681 1169 1766 1198 donec

987 1217 1207 1252 aperirentur,“
1223 1218 1321 1253 aliquis
1337 1218 1434 1252 exiret,
1450 1218 1496 1253 qui
1517 1225 1580 1246 eum
1594 1216 1646 1245 mei
1664 1216 1766 1244 adven-

989 1266 1031 1289 tus
1046 1263 1189 1290 certiorem
1201 1263 1312 1292 faceret.

1023 1307 1116 1341 Itaque
1139 1314 1244 1344 tempus
1267 1309 1333 1336 mihi
1363 1309 1460 1337 terenti
1482 1313 1510 1336 et
1532 1308 1604 1336 circa
1630 1314 1767 1336 murorum

988 1355 1118 1382 ambitum
1139 1355 1235 1382 domus
1268 1353 1393 1390 Onegesii
1419 1353 1580 1386 ambulanti,
1611 1359 1769 1388 progressus

989 1400 1081 1428 nescio
1095 1400 1166 1435 quis,
1188 1408 1268 1436 quem
1293 1400 1439 1428 Barbarum
1460 1407 1493 1427 ex
1526 1399 1653 1435 Scythico
1671 1398 1768 1426 vestitu

988 1453 1050 1474 esse
1061 1447 1149 1479 rebar,
1159 1446 1251 1475 Graeca
1261 1453 1325 1474 voce
1337 1454 1380 1474 me
1389 1445 1515 1474 salutavit
1524 1445 1616 1473 dicens
1631 1454 1641 1472 ι
1655 1443 1748 1480 Χαῖρε.
1757 1452 1766 1470 t

989 1491 1081 1519 Mirari
1100 1499 1160 1528 ego,
1188 1492 1233 1528 qui
1256 1492 1342 1526 fleret,
1364 1496 1393 1519 ut
1429 1491 1523 1520 Graece
1551 1490 1707 1526 loqueretur
1728 1489 1771 1517 vir

950 1552 972 1582 α
990 1536 1088 1573 Scytha
1106 1546 1112 1564 :
1130 1537 1229 1565 etenim
1251 1545 1284 1565 ex
1300 1536 1387 1582 variis
1402 1536 1528 1582 gentibus
1548 1535 1695 1582 commisti,
1711 1535 1771 1582 b_ar-

991 1583 1111 1612 baricam
1128 1583 1248 1618 linguam
1263 1581 1366 1615 colunt,
1382 1582 1438 1610 sive
1460 1580 1631 1614 Hunnorum,
1644 1580 1703 1608 sive
1716 1579 1771 1607 Go-

990 1631 1109 1663 thorum,
1133 1634 1182 1657 aut
1203 1629 1285 1657 etiam
1308 1627 1468 1661 Romanam,
1489 1627 1516 1655 hi
1536 1627 1650 1660 scilicet,
1673 1627 1771 1662 quibus

990 1684 1050 1705 cum
1063 1676 1192 1704 Romanis
1208 1675 1376 1711 frequentius
1397 1679 1439 1703 est
1455 1673 1647 1703 commercium
1660 1681 1668 1706 ;
1684 1680 1772 1708 neque

991 1723 1134 1759 quisquam
1154 1729 1248 1750 eorum
1271 1721 1349 1749 facile
1365 1721 1485 1756 loquitur
1501 1719 1607 1753 Graec,
1620 1719 1673 1747 nisi
1687 1719 1710 1748 si
1724 1719 1772 1754 qui

966 1803 972 1807 η
992 1769 1047 1797 sint
1061 1768 1158 1803 captivi
1177 1775 1192 1796 e
1215 1767 1330 1795 Thracia
1354 1771 1400 1795 aut
1420 1765 1530 1802 Illyrico
1545 1766 1694 1794 maritimo.
1717 1765 1772 1793 Sed

993 1814 1032 1843 illi
1046 1814 1081 1842 ab
1103 1814 1182 1842 obvio
1197 1821 1305 1850 quoque
1318 1813 1438 1849 dignosci
1454 1817 1566 1848 possunt
1578 1816 1606 1840 et
1619 1819 1633 1840 a
1652 1812 1773 1840 vestibus

992 1859 1089 1888 laceris
1103 1864 1130 1887 et
1155 1860 1251 1895 capitis
1275 1858 1410 1894 squalore,
1436 1863 1562 1893 tanquam
1576 1858 1622 1892 qui
1640 1857 1667 1884 in
1690 1856 1772 1884 mise-

994 1914 1052 1934 ram
1066 1906 1211 1934 lncideriut
1224 1905 1370 1933 fortunam.
1387 1903 1437 1932 Hic
1451 1911 1516 1931 vero
1530 1902 1648 1939 opulenti
1666 1902 1774 1937 Scythae

994 1951 1110 1986 speciem
1120 1958 1173 1985 pra:
1184 1958 1214 1978 se
1228 1949 1331 1978 ferebat
1343 1957 1351 1977 :
1362 1952 1421 1977 erat
1438 1948 1510 1975 enim
1519 1948 1586 1975 bene
1598 1952 1626 1975 et
1637 1947 1774 1980 eleganter

994 1998 1119 2029 vestitus,
1134 1996 1223 2032 capite
1239 1996 1265 2023 in
1277 1995 1424 2024 rotundum
1438 2001 1511 2022 raso.
1526 1992 1606 2021 Hunc
1624 1993 1774 2021 resalutans

994 2042 1172 2077 interrogavi,
1190 2042 1252 2077 quis
1274 2045 1356 2071 esset.
1377 2044 1405 2068 et
1426 2039 1500 2067 unde
1516 2039 1541 2066 in
1563 2045 1663 2068 terram
1680 2039 1775 2066 barba-

994 2094 1052 2114 ram
1075 2086 1198 2119 veniens,
1215 2086 1278 2113 vita
1297 2085 1434 2121 Scythica)
1452 2084 1604 2112 institutum
1628 2084 1703 2120 sequi
1727 2084 1775 2112 de-

994 2133 1113 2169 legisset.
1130 2132 1177 2160 llle
1192 2139 1273 2167 quam
1298 2131 1333 2159 ob
1355 2138 1464 2159 causam
1478 2131 1530 2158 hoc
1547 2137 1579 2158 ex
1597 2130 1655 2165 ipso
1670 2137 1775 2166 qutcre-

994 2188 1064 2214 rem,
1090 2179 1204 2215 rogavit.
1227 2188 1237 2205 ι
1256 2177 1323 2206 Mihi
1345 2185 1419 2211 vero,
1443 2177 1566 2212 inquam,
1593 2176 1650 2204 haec
1672 2184 1687 2204 a
1706 2181 1732 2204 te
1747 2182 1776 2204 ut

958 2236 980 2264 ι)
994 2226 1158 2258 sciscitarer,
1181 2232 1263 2253 causa
1285 2224 1346 2258 fuit,
1371 2223 1442 2259 quod
1467 2223 1561 2252 Graece
1580 2224 1684 2252 locutus
1704 2231 1744 2251 es.
1763 2232 1773 2250 ι

992 2271 1062 2299 Tum
1084 2271 1174 2299 ridens
1193 2272 1233 2298 ait
1258 2277 1288 2298 se
1306 2270 1428 2298 Graecum
1451 2277 1511 2298 esse
1528 2276 1638 2305 genere,
1657 2269 1689 2296 ad
1707 2275 1777 2296 mer-

992 2321 1114 2346 caturam
1145 2315 1536 2348 faciendam-Viminacium,
1567 2314 1705 2351 Mysorum
1743 2314 1775 2341 ad

991 2363 1090 2390 Istrum
1114 2362 1218 2396 urbem,
1242 2363 1401 2396 accessisse,
1423 2363 1450 2398 in
1465 2370 1496 2390 ea
1512 2363 1680 2391 domicilium
1695 2362 1777 2396 longo

993 2405 1114 2443 tempore
1127 2408 1266 2441 habuisse.
1281 2415 1393 2436 uxorem
1401 2415 1510 2444 quoque
1523 2408 1634 2436 divitem
1647 2407 1776 2439 duxisse;

997 2459 1074 2491 parta
1096 2455 1150 2483 illic
1170 2454 1301 2483 felicitate
1325 2458 1404 2489 capta
1424 2455 1491 2482 urbe
1508 2459 1619 2482 exutum
1637 2453 1731 2486 fuisse,
1751 2457 1778 2479 et

996 2507 1140 2537 propterea
1160 2501 1232 2537 quod
1258 2501 1333 2529 dives
1362 2505 1432 2534 erat,
1461 2508 1491 2529 se
1515 2508 1617 2535 suaque
1640 2501 1730 2528 omnia
1751 2500 1777 2526 in

998 2548 1096 2583 praedae
1118 2547 1252 2575 divisione
1276 2546 1410 2581 Onegesio
1433 2546 1560 2574 cessisse.
1590 2545 1695 2572 Etenim
1719 2551 1779 2571 esse

998 2593 1069 2628 apud
1089 2597 1136 2620 eoa
1161 2592 1188 2619 in
1204 2598 1279 2619 more
1294 2591 1422 2627 positum,
1445 2595 1475 2619 ut
1493 2590 1620 2626 praecipui
1642 2591 1677 2617 ab
1697 2589 1778 2617 Attila

998 2639 1115 2675 Scythiae
1137 2639 1273 2674 principes
1295 2637 1417 2672 captivos
1440 2637 1551 2665 ditiores
1563 2637 1614 2665 sibi
1633 2641 1776 2672 seponam.

998 2685 1125 2722 quoniam
1144 2684 1287 2719 plurimum
1312 2683 1473 2711 auctoritate
1497 2682 1596 2710 valent.
1612 2681 1707 2710 Postea
1733 2681 1777 2709 ubi

802 2740 920 2770 VARle
936 2740 1140 2772 LEC'I'IONES.

202 2799 222 2814 I9
254 2797 282 2814 Π
316 2797 385 2814 ,τινα
414 2797 472 2814 Mn:

202 2799 222 2814 "
254 2796 283 2849 ill
316 2796 387 2840 ὥστε
413 2797 485 2832 coni.
514 2797 557 2830 Β.,
581 2796 597 2832 ᾖ
617 2796 731 2832 conj.N.
774 2799 797 2814 ¹⁶
819 2809 822 2824 l

167 2833 269 2868 vulg.”
286 2833 296 2848 ³
317 2833 440 2868 βουλεται
488 2832 557 2863 Va|.,
583 2832 723 2868 βουλευταὶ
750 2834 822 2868 vulg.

168 2866 224 2904 "ii
249 2866 322 2901 Va|.,'
339 2868 370 2894 οὐ
396 2867 467 2904 vulg.
511 2868 533 2884 "
551 2866 589 2899 εἰς
618 2866 660 2899 Β.,

581 2792 597 2832 ἦ
617 2796 731 2832 conj.N.
774 2799 797 2814 “
819 2799 931 2828 εἰσιέναι
945 2802 979 2830 Ν.

696 2836 723 2876 αὶ
750 2836 822 2876 vulg.
915 2837 989 2876 αὖτῷ
1004 2836 1075 2876 vulg.

689 2869 726 2899 ὼς
759 2869 835 2904 vulg.
866 2871 888 2887 "
906 2871 955 2907 τὴν
972 2869 1013 2905 Β.,
1030 2869 1083 2898 τῶν
1096 2870 1167 2905 vulg.

1030 2801 1052 2817 “
1068 2799 1249 2833 διαγαγόντων
1277 2798 1320 2832 Β).
1345 2799 1495 2834 διαγόντων
1511 2800 1582 2834 vulg,
1595 2833 1600 2834 γ
1615 2799 1646 2834 7“
1659 2798 1682 2825 εί
1697 2796 1739 2829 Β..
1754 2796 1779 2823 οἳ

1113 2836 1135 2851 ’⁵
1162 2834 1318 2870 προσελθών
1343 2842 1385 2866 τις
1418 2834 1462 2868 11.,
1490 2833 1681 2869 προσελθόντες
1706 2833 1779 2868 vulg.
