1951 3074
179 127 233 161 727

654 133 850 164 EXCERPTA
870 134 921 164 EX
938 134 1072 166 PRISCO
1092 136 1272 166 RHETORE

1746 136 1802 169 728

181 184 310 212 adversus
332 184 467 213 Romanos
485 189 512 214 et
535 185 720 215 Acatzirornm
743 193 850 224 gentem
875 189 960 216 fortis-

1017 189 1116 225 μάχαις
1128 192 1174 218 καὶ
1188 192 1219 218 τὸ
1231 191 1285 218 τῶν
1304 191 1471 227 Ἀκατζίρων
1485 192 1572 226 ἔθνος,
1587 190 1666 220 δόντα
1678 191 1718 228 τῷ
1733 191 1800 228 βαρ-

180 228 248 255 sime
267 229 429 261 dimicasset.
445 230 596 259 libertatem
609 240 639 260 se
659 241 690 261 ex
705 241 780 261 more
792 234 962 270 Scytharum,

179 273 235 308 ϐο
247 275 385 309 omnibus,
412 285 472 312 qua;
495 278 566 306 bello
586 280 762 314 acquisierat,
781 281 896 308 barbaro
916 282 963 309 do-

181 320 255 347 mino
272 321 391 356 traditis,
409 330 595 357 recuperasse.
613 324 730 353 Uxorem
747 334 855 362 quoque
869 327 963 354 barba-

180 372 238 392 ram
254 365 376 401 duxisse,
393 373 418 396 et
433 376 466 396 ex
480 377 512 397 ea
525 370 623 398 liberos
643 371 795 406 sustulisse,
814 377 841 399 et
855 371 962 406 Onege-

179 410 211 437 sii
227 419 329 440 mensae
345 414 516 449 participem,
535 416 586 444 hoc
602 417 662 444 vita:
679 424 764 451 genus
776 417 855 452 longe
874 418 963 450 potius

178 457 271 492 priore
285 458 394 487 ducere.
421 470 431 487 ι
449 461 501 494 Qui
523 462 594 489 enim
617 463 687 497 apud
710 463 826 499 Scythas
851 464 961 499 degunt.

179 501 277 536 inquit,
293 502 408 531 tolerato
423 505 555 533 bellorum
570 506 673 539 labore,
687 508 745 535 sine
764 509 818 536 ulla
832 509 963 547 sollicitu-

180 547 243 575 dine
257 548 339 576 vilam
357 556 497 586 peragunt.
518 551 585 580 Tum
598 553 786 589 unusquisque
800 553 887 587 bonis,
902 562 962 590 quae

180 592 232 620 sibi
249 593 355 623 fortuna
378 596 499 630 indulsit,
524 597 633 632 fruitur,
650 607 737 634 neque
760 601 902 636 quisquam
923 601 962 628 illi

181 638 235 666 ulla
249 639 276 667 in
295 647 325 668 re
339 641 468 670 molestus
480 647 530 671 est.
541 643 592 677 Qui
610 652 674 672 vero
687 646 738 673 sub
757 645 885 674 Romanis
898 652 962 674 aeta-

180 686 234 709 tem
249 688 340 717 agunt,
362 684 441 713 facile
465 686 491 713 in
517 687 588 715 bello
611 692 734 723 pereunt.
761 689 817 717 Hos
842 691 914 718 enim
934 691 960 718 in

180 728 243 756 aliis
269 729 311 756 sui
333 733 510 759 conservandi
532 740 607 768 spem
631 734 763 762 collocare
784 743 893 764 necesse
908 742 960 770 est,

180 773 400 810 quandoquidem
425 783 472 812 per
494 782 623 812 tyrannos
647 780 760 807 minime
783 780 851 809 licett
871 789 959 815 arma,

180 819 278 854 quibus
292 822 477 858 unusquisque
487 831 517 852 se
529 829 645 859 tueatur,
657 831 775 860 gestare.
790 827 879 863 Atque
891 829 959 856 adeo

180 865 233 900 his,
250 867 347 902 quibus
359 868 456 904 idjure
464 869 536 902 licet,
548 871 627 899 valde
641 877 683 899 est
696 873 845 906 perniciosa
860 874 957 902 ducum

179 911 297 946 ignavia,
326 913 372 948 qui
390 914 489 942 bellum
509 916 620 944 minime
647 918 771 953 gnaviter
796 925 903 954 gerunt.
923 920 960 948 At

179 956 206 984 in
222 964 288 992 paco
304 957 381 994 longe
395 960 535 988 acerbiora
548 967 622 996 sunt,
647 970 708 998 quae
722 964 857 997 accidunt,
877 972 958 1000 quam

178 1001 356 1037 calamitates,
375 1012 435 1040 quae
459 1013 492 1034 ex
514 1007 586 1034 bello
610 1009 772 1042 proveniunt
796 1014 824 1037 et
849 1015 959 1045 propter

178 1048 274 1076 duram
297 1051 466 1079 exactionem
490 1052 665 1087 tributorum,
682 1060 710 1082 et
730 1061 839 1090 propter
856 1049 959 1090 impro-

177 1093 272 1121 borum
286 1095 451 1130 vexationes,
464 1104 525 1125 cum
542 1098 614 1133 leges
627 1107 678 1127 non
693 1100 719 1127 in
732 1108 827 1129 omnes
841 1102 956 1130 valeant.

178 1139 207 1167 Si
223 1140 285 1174 quis
299 1141 374 1169 dives
397 1146 444 1170 aut
462 1148 558 1178 potens
581 1152 628 1172 eas
651 1145 687 1172 sit
705 1150 898 1182 transgressus,
915 1148 959 1175 ille

178 1185 287 1219 quidem
303 1186 452 1222 iniquitatis
467 1196 524 1218 suae
537 1197 632 1225 pcenas
648 1199 700 1220 non
717 1192 771 1220 luet
788 1193 849 1221 :sin
861 1193 958 1229 aliquis

178 1233 267 1268 inops,
284 1235 329 1269 qui
345 1236 450 1271 negotia
464 1244 558 1271 gerere
571 1239 685 1271 nesciat,
703 1240 773 1267 hunc
790 1248 867 1275 poena
886 1248 901 1267 a
920 1241 958 1269 le-

178 1279 256 1314 gibus
277 1284 378 1308 statuta
404 1287 496 1310 manet
516 1284 591 1311 :nisi
616 1283 684 1312 forte
709 1292 770 1312 eum
802 1287 958 1322 priusquam

178 1324 312 1352 sententia
328 1324 442 1358 feratur,
462 1326 542 1363 longo
561 1328 588 1356 in
612 1328 704 1357 litibus
721 1331 878 1360 continuato
892 1337 959 1360 tem-

178 1377 254 1404 pore,
269 1370 362 1399 multis
377 1377 504 1406 praeterea
519 1374 658 1402 exhaustis
668 1375 773 1410 opibus,
788 1377 842 1404 vita
854 1377 958 1406 defece-

179 1417 223 1444 rit.
242 1416 277 1443 At
293 1419 417 1446 mercede
436 1423 464 1446 et
482 1420 579 1454 pretio,
596 1421 667 1455 quod
687 1421 775 1456 legum
794 1427 821 1450 et
833 1423 904 1458 juris
917 1428 960 1452 est

178 1462 310 1496 obtinere,
331 1465 453 1492 omnium
470 1465 670 1499 iniquissimum
684 1472 735 1494 est.
762 1468 817 1496 Nec
831 1470 902 1497 enim
917 1470 960 1497 in-

1015 237 1090 272 βάρῳ
1103 238 1220 274 δεσπότῃ
1236 238 1304 265 κατὰ
1315 238 1361 265 τὸν
1376 239 1451 274 παρὰ
1462 239 1580 271 Σκύθαις
1589 238 1670 275 νόμον
1682 239 1716 266 τὰ
1727 240 1800 267 κατὰ

1013 284 1059 311 τὸν
1073 283 1192 318 πόλεμον
1207 283 1282 318 αὑτῷ
1291 283 1434 318 κτηθέντα,
1451 283 1608 320 ἐλευθερίας
1624 286 1726 320 τυχεῖν.
1741 285 1799 312 Γυ-

1013 329 1094 355 ναῖκα
1109 328 1136 355 δέ
1150 329 1291 363 γήμασθαι
1308 328 1453 364 βάρϐαρον,
1474 327 1544 356 εἷναί
1556 338 1586 356 τε
1599 329 1673 365 αὖτῷ
1688 330 1798 361 παῖδας·

1013 374 1061 401 καὶ
1085 375 1237 410 Ὀνηγησίῳ
1248 374 1388 410 τραπέζης
1403 374 1592 407 κοινωνοῦντα,
1605 375 1734 410 ἀμείνονα
1748 375 1798 402 τοῦ

1013 420 1145 455 προτέρου
1171 421 1216 447 τὸν
1242 420 1362 455 παρόντα
1385 420 1511 455 ἡγεῖσθαι
1533 421 1565 447 ²⁹.
1583 421 1653 452 Τοὺς
1669 420 1718 455 μὲν
1740 421 1798 456 γὰρ

1013 466 1089 500 παρᾲ
1105 466 1222 498 Σκύθαις
1238 467 1307 501 μετὰ
1331 466 1378 493 τὸν
1395 465 1513 501 πόλεμον
1539 467 1568 493 ἐν
1595 466 1796 501 ἀπραγμοσύνῃ

1012 511 1152 543 διατελεῖν,
1165 512 1280 539 ἑκάστου
1302 511 1356 538 τῶν
1383 511 1523 547 παρόντων
1547 511 1734 543 ἀπολαύοντας
1748 512 1795 538 καὶ

1012 557 1136 593 οὐδαμῶς
1149 557 1166 593 ἢ
1180 557 1259 592 ὀλίγα
1271 557 1480 593 ἐνοχλουμένους
1494 557 1527 574 ³ο·
1542 558 1604 588 τοὺς
1615 558 1704 592 μέντοι
1719 558 1796 592 παρὰ

1020 602 1166 637 Ῥωμαίοις
1181 603 1211 630 ἐν
1229 603 1278 638 μὲν
1296 603 1407 638 πολέμῳ
1422 604 1520 640 ῥᾳδίως
1534 604 1737 637 ἀναλίσκεσθαι,
1753 606 1795 636 είς

1012 648 1123 684 ἑτέρους
1134 649 1184 680 τὰς
1199 648 1248 684 τῆς
1264 648 1401 684 σωτηρίας
1415 649 1524 681 ἐλπίδας
1541 650 1663 685 ἔχοντας,
1678 650 1715 682 ὡς
1725 649 1794 677 πάν-

1011 703 1065 722 των
1083 695 1129 722 διὰ
1140 695 1204 726 τοὺς
1228 695 1376 731 τυράννους
1403 695 1441 731 μὴ
1459 695 1608 731 χρωμένων
1622 696 1724 727 ὅπλοις.
1739 695 1794 722 Καὶ

1011 740 1065 767 τῶν
1094 741 1241 776 χρωμένων
1269 740 1298 768 δέ
1310 741 1506 777 σφαλερωτέρα
1521 742 1538 776 ἡ
1561 742 1614 769 τῶν
1634 741 1796 776 στρατηγῶν

1011 786 1106 819 κακία,
1123 787 1161 821 μὴ
1179 786 1368 822 ὑφισταμένων
1380 787 1426 814 τὸν
1440 787 1569 822 πόλεμον.
1591 787 1635 814 Ἐν
1648 787 1677 814 δέ
1697 788 1794 823 εἰρήνῃ

1011 831 1193 868 ὁδυνηρότερα
1216 831 1349 868 ὑπάρχειν
1367 831 1402 858 τὰ
1417 831 1600 867 συμϐαίνοντα
1620 832 1673 858 τῶν
1684 833 1713 859 ἐν
1737 834 1794 864 τοῖς

1010 877 1139 912 πολέμοις
1152 877 1245 904 κακῶν
1254 877 1297 904 διά
1309 886 1339 904 τε
1350 877 1399 912 τὴν
1413 876 1568 912 βαρυτάτην
1580 877 1723 913 εἴσπραξιν
1737 878 1795 904 τῶν

1009 921 1121 956 δασμῶν
1135 921 1182 948 καὶ
1197 921 1247 952 τὰς
1258 921 1289 948 ἐκ
1303 921 1357 948 τῶν
1369 921 1497 956 πονηρῶν
1514 920 1625 956 βλάϐας,
1638 920 1692 948 τῶν
1702 921 1794 956 νόμων

1007 967 1039 994 οὐ
1049 967 1120 994 κατὰ
1131 967 1238 994 πάντων
1251 967 1395 1003 κειμένων,
1419 967 1483 994 ἀλλ’
1496 967 1520 994 εί
1533 967 1581 1002 μὲν
1591 968 1605 994 ό
1618 967 1795 1002 παραϐαίνων

1007 1013 1054 1040 τὸν
1065 1013 1164 1049 θεσμὸν
1177 1013 1232 1041 τῶν
1245 1013 1434 1041 πλουτούντων
1445 1013 1498 1049 εἴη,
1514 1012 1572 1040 ἔστι
1585 1013 1606 1029 ³¹
1620 1014 1670 1049 τῆς
1685 1014 1794 1047 ἀδικίας

1008 1059 1089 1086 αὐτὸν
1103 1059 1141 1094 μὴ
1155 1058 1254 1086 διδόναι
1281 1058 1357 1095 δίκας
1373 1066 1382 1074 ·
1397 1058 1422 1085 εί
1437 1058 1466 1085 δέ
1494 1058 1578 1093 πένης
1600 1057 1654 1093 εἴη,
1669 1059 1719 1085 οὐκ
1733 1060 1794 1085 ἐπι-

1010 1105 1142 1141 στάμενος
1157 1105 1274 1140 χρῆσθαι
1298 1105 1468 1140 πράγμασιν,
1496 1103 1625 1138 ὑπομένει
1637 1104 1659 1120 ²¹
1675 1103 1725 1140 τὴν
1739 1105 1794 1130 ἀπὸ

1008 1150 1056 1178 τοῦ
1070 1151 1153 1186 νόμου
1178 1150 1290 1186 ζημίαν,
1310 1151 1389 1185 εἴπερ
1406 1150 1443 1185 μὴ
1458 1150 1512 1185 πρὸ
1525 1150 1574 1184 τῆς
1593 1150 1708 1185 κρίσεως
1725 1150 1792 1176 ἁπο-

1008 1195 1095 1223 λείποι
1107 1195 1152 1223 τὸν
1168 1195 1234 1231 βίον,
1251 1194 1356 1230 μακροῦ
1369 1195 1392 1211 ³³
1402 1195 1448 1221 ἐπὶ
1460 1195 1518 1225 ταῖς
1532 1194 1621 1225 δίκαις
1633 1201 1791 1230 παρατεινο-

1011 1242 1092 1278 μένου
1103 1242 1199 1277 χρόνου
1215 1241 1262 1268 καὶ¹
1283 1240 1417 1267 πλείστων
1436 1240 1669 1274 ἐκδαπανωμένων
1684 1240 1791 1275 χρημά-

1009 1295 1072 1314 των.
1093 1287 1182 1321 Ὅπερ
1209 1286 1264 1312 τῶν
1279 1285 1388 1312 πάντων
1417 1284 1602 1320 ἀνιαρώτατον
1617 1284 1640 1301 ³⁸
1665 1284 1717 1318 εἴη,
1744 1284 1791 1310 ἐπὶ

1012 1332 1101 1368 μισθῷ
1114 1332 1169 1359 τῶν
1184 1331 1239 1358 ἀπὸ
1251 1331 1300 1358 τοῦ
1312 1331 1395 1366 νόμου
1411 1330 1565 1366 τυγχάνειν.
1591 1329 1658 1356 Οὐδὲ
1686 1329 1740 1363 γὰρ
1752 1329 1792 1363 τῷ

1009 1378 1178 1413 ἀδικουμένῳ
1200 1386 1241 1409 τις
1256 1377 1278 1394 ⁸³
1294 1377 1467 1412 δικαστήριον
1492 1375 1656 1411 παραδώσει,
1669 1375 1693 1401 εί
1710 1375 1746 1409 μή
1764 1383 1792 1401 τι

1010 1424 1142 1459 ἀργύριον
1156 1423 1195 1457 τῷ
1210 1430 1239 1449 τε
1265 1422 1288 1438 ³⁸
1312 1422 1425 1457 δικαστῇ
1447 1422 1494 1448 καὶ
1512 1422 1566 1452 τοῖς
1582 1421 1678 1454 ἐκείνῳ
1700 1419 1792 1445 διακο-
1846 1447 1849 1451 λ

1012 1469 1151 1504 νουμένοις
1162 1467 1318 1495 κατάθοιτο.
1326 1466 1444 1494 Τοιαῦτα
1456 1467 1502 1493 καὶ
1513 1466 1625 1493 πλεῖστα
1633 1465 1713 1501 ἕτερα
1726 1473 1793 1497 προ-

175 1509 247 1543 juria
261 1509 357 1537 affecto
369 1511 511 1546 quisquam
526 1511 576 1540 fori
587 1512 722 1546 iudicialis
740 1520 902 1549 potestatem
919 1516 959 1543 fa-

1012 1514 1142 1546 τιθέντος,
1158 1512 1301 1540 ὑπολαϐὼν
1318 1511 1437 1546 ἔφασκον
1453 1512 1547 1547 πράως
1562 1511 1642 1538 αὑτὸν
1657 1510 1703 1537 καὶ
1715 1511 1748 1536 τὰ
1763 1509 1793 1542 ἐξ

179 1555 243 1588 ciet,
260 1556 414 1590 priusquam
429 1559 571 1591 pecuniam
589 1558 688 1594 judicis
701 1564 728 1587 et
748 1560 805 1596 ejus
821 1561 958 1590 ministro-

179 1608 239 1628 rum
270 1602 412 1629 commodo
438 1608 577 1630 cessuram
608 1604 734 1639 deponat.
756 1616 765 1632 ι
796 1606 858 1634 Haec
880 1611 961 1642 atque

179 1646 333 1681 huiusmodi
364 1649 447 1676 multa
476 1656 536 1677 cum
560 1651 587 1678 in
613 1651 730 1678 medium
750 1652 892 1686 proferret,
911 1660 960 1688 ego

178 1697 317 1728 precatus,
342 1697 372 1721 ut
391 1695 462 1729 quod
475 1695 620 1730 ;sentirem,
641 1697 775 1730 patienter
796 1702 825 1725 et
845 1698 961 1732 benigne

179 1738 304 1772 audiret,
328 1741 466 1775 respondi,
490 1742 644 1775 reipublicae
666 1742 793 1770 Romanae
824 1749 959 1777 auctores,

178 1785 315 1820 sapientes
336 1791 364 1814 et
379 1786 497 1820 optimos
520 1787 601 1818 viros.
626 1794 660 1814 ne
685 1788 830 1823 quidquam
861 1793 962 1817 temere

178 1835 315 1868 ageretur,
341 1833 407 1861 alios
422 1833 508 1868 legum
525 1834 650 1862 custodes
667 1834 772 1868 fecisse,
791 1835 851 1863 aliis
869 1842 960 1863 armo-

179 1885 239 1906 rum
260 1886 352 1906 curam
370 1879 550 1913 commisisse,
573 1885 612 1914 ut,
634 1881 667 1908 ad
682 1881 780 1908 nullam
801 1881 880 1908 aliam
905 1889 960 1908 rem

178 1924 287 1957 intenti,
302 1932 384 1960 quam
397 1929 426 1952 ut
448 1932 477 1953 se
492 1925 524 1953 ad
540 1933 655 1960 pugnam
677 1931 870 1961 praepararent,
891 1927 961 1954 mili-

179 1969 248 1996 taria
265 1976 346 2004 opera
364 1975 534 2003 exercerent,
550 1976 577 1997 et
593 1971 745 2005 propulsata
757 1979 808 2005 per
823 1971 960 1999 assiduam

178 2014 242 2042 belli
261 2015 461 2043 meditationem
478 2016 553 2043 omni
571 2016 726 2050 formidine,
746 2022 874 2045 consueta
892 2018 963 2044 mili-

179 2060 223 2088 tia:
241 2060 444 2093 exercitatione,
460 2061 559 2088 animis
572 2061 682 2095 ﬁrmati,
701 2062 726 2089 in
749 2057 833 2090 aciem
848 2063 961 2090 descen-

179 2107 284 2134 derent.
305 2116 315 2133 ι
338 2107 425 2141 Alios,
444 2108 564 2142 inquam,
577 2108 622 2143 qui
637 2109 708 2143 agris
721 2108 840 2136 colendis
858 2113 885 2136 et
904 2109 963 2136 cul-

180 2157 246 2179 turae
262 2156 340 2179 terrae
359 2159 469 2187 operam
493 2153 600 2184 darent,
624 2160 731 2180 annona
748 2154 856 2182 militari
871 2153 905 2181 ab
919 2153 961 2181 bis

178 2203 292 2231 exacta;
309 2206 356 2226 eos
381 2198 453 2226 alere
483 2198 634 2230 voluerunt,
660 2205 714 2231 quo
738 2206 786 2232 pro
808 2207 856 2226 sua
874 2199 961 2228 salute

179 2245 351 2272 dimicarent.
382 2243 589 2271 Constitucrunt
619 2252 748 2279 quoque,
783 2245 831 2280 qui
860 2244 959 2280 injuria

178 2289 283 2318 allectis
310 2289 506 2324 prospicerent,
521 2294 548 2316 et
570 2289 633 2324 jura
659 2297 763 2322 eorum,
785 2291 831 2325 qui
851 2295 962 2325 propter

179 2342 283 2364 natura:
308 2335 493 2364 inﬁmitatem
518 2336 568 2363 sibi
593 2336 644 2370 ipsi
661 2336 801 2364 consulere
819 2344 873 2364 non
890 2337 961 2364 vale-

180 2386 250 2415 τιιιιι,
280 2386 431 2413 tuerentur,
452 2382 552 2416 quique
575 2381 637 2414 jure
653 2381 777 2413 dicendo,
805 2390 866 2417 quae
890 2383 963 2418 leges

178 2428 316 2462 juberent,
331 2431 483 2456 servarent.
507 2428 559 2463 61
574 2427 666 2462 Neque
677 2435 742 2455 vero
753 2435 801 2456 sua
819 2429 964 2463 providen-

178 2475 214 2507 tia
233 2474 376 2502 destitutos
393 2473 558 2508 reliquerunt
572 2480 630 2506 eos,
646 2473 690 2507 qui
705 2473 840 2508 judicibus
854 2475 962 2506 adsunt,

180 2522 226 2548 Sed
245 2521 340 2548 horum
355 2527 417 2548 esse
438 2523 529 2555 partes
552 2519 715 2554 prospicere,
734 2527 786 2554 qua
805 2520 907 2546 ratione
920 2520 963 2554 jus

181 2570 352 2601 assequatur,
374 2566 420 2601 qui
440 2565 573 2594 sententia
587 2565 708 2599 judicum
731 2565 857 2597 obtinuit,
873 2569 900 2592 et
923 2566 962 2591 in-

1011 1559 1080 1594 ἐμοῦ
1103 1558 1230 1586 ἀκούειν⁸
1247 1557 1294 1585 καὶΙ
1310 1558 1342 1592 δὴ
1357 1557 1459 1590 ἔλεγον,
1483 1556 1521 1588 ὡς
1535 1557 1559 1582 οί
1581 1556 1630 1590 τῆς
1651 1555 1792 1590 Ῥωμαίων

1011 1604 1147 1636 πολιτείας
1160 1603 1269 1640 εὑρεταὶ
1285 1603 1361 1637 σοφοί
1377 1610 1406 1629 τε
1415 1603 1461 1629 καὶ
1475 1602 1570 1636 ἀγαθοὶ
1580 1601 1686 1636 ἄνδρες,
1698 1599 1792 1629 citare."

1010 1651 1045 1678 τὰ
1068 1650 1218 1686 πράγματα
1239 1649 1377 1684 τηνάλλως
1399 1649 1422 1665 ⁸⁸
1448 1648 1587 1683 φέρεσθαι,
1599 1648 1662 1678 τοὺς
1679 1647 1727 1681 μὲν
1740 1646 1793 1672 τῶν

1012 1696 1101 1731 νόμων
1118 1694 1187 1723 εῖναι
1202 1696 1336 1730 φύλακας,
1353 1695 1416 1726 τοὺς
1429 1695 1458 1721 δέ
1480 1694 1613 1721 ποιεῖσθαι
1634 1693 1685 1719 τῶν
1703 1693 1793 1719 ὃπλων

1011 1741 1170 1777 ἐπιμέλειαν
1182 1740 1278 1773 ἐταξαν
1291 1740 1394 1772 καὶτὰς
1402 1740 1551 1774 πολεμικὰς
1563 1739 1676 1773 μελέτας
1687 1738 1792 1769 ἀσκεῖν,

1011 1788 1079 1823 πρὸς
1088 1787 1170 1822 μηδὲν
1184 1786 1276 1821 ἕτερον
1285 1786 1493 1821 ἐπαγομένουςῆ
1505 1785 1573 1812 ὥστε
1584 1783 1652 1810 εἶναι
1667 1783 1734 1818 πρὸς
1747 1783 1795 1817 μά-

1011 1841 1063 1868 χην
1080 1833 1202 1867 ἑτοίμους
1215 1832 1261 1858 καὶ
1276 1831 1312 1862 ὡς
1328 1832 1373 1857 ἐπὶ
1387 1831 1436 1866 τὴν
1449 1830 1550 1866 συνήθη
1562 1829 1713 1864 γυμνασίαν
1725 1828 1794 1864 θαρ-

1014 1878 1128 1914 ροῦντας
1144 1878 1190 1904 ἐπὶ
1208 1878 1253 1904 τὸν
1277 1877 1396 1911 πόλεμον
1423 1877 1501 1908 ἱέναι,
1520 1875 1757 1911 προαναλωθέντος
1771 1874 1794 1890 ³⁸

1012 1926 1102 1956 αὐτοῖς
1119 1925 1164 1952 διὰ
1188 1924 1238 1960 τῆς
1255 1924 1370 1959 μελέτης
1386 1923 1433 1949 τοῦ
1454 1923 1548 1958 φόϐου,
1576 1922 1639 1952 τοὺς
1666 1921 1694 1947 δέ
1712 1928 1795 1956 προσ-

1013 1969 1155 2004 κειμένους
1171 1969 1193 1985 "
1209 1969 1242 2003 τῇ
1257 1968 1379 2004 γεωργίᾳ
1398 1968 1446 1994 καὶ
1461 1968 1493 2002 τῇ
1518 1965 1661 2001 ἐπιμελείᾳ
1672 1965 1721 2000 τῆς
1745 1964 1795 2000 γῆς

1014 2015 1126 2046 ἑαυτούς
1140 2022 1169 2041 τε
1186 2014 1233 2040 καὶ
1247 2014 1269 2030 δ¹
1293 2015 1355 2045 τοὺς
1380 2013 1449 2048 ὑπὲρ
1468 2012 1543 2047 σφῶν
1558 2012 1647 2038 αὐτῶν
1663 2010 1795 2045 ἀγωνιζο-

1016 2061 1112 2096 μένους
1124 2061 1235 2096 τρέφειν
1249 2059 1347 2092 ἐταξαν
1361 2059 1394 2091 ⁸²,
1408 2060 1439 2086 τὸ
1454 2058 1647 2094 στρατιωτικὸν
1664 2058 1796 2092 εἰσπρατ-

1013 2107 1143 2142 τομένους
1171 2105 1326 2141 σιτηρέσιον
1342 2113 1348 2120 ·
1372 2105 1467 2135 ἄλλους
1479 2105 1507 2132 δὲ
1534 2104 1588 2131 τῶν
1611 2102 1796 2137 ἀδικουμένων

1016 2155 1150 2189 προνοεῖν,
1176 2154 1224 2180 καλ⁸
1253 2153 1316 2185 τοὺς
1340 2152 1388 2188 μὲν
1416 2151 1462 2179 τοῦ
1481 2150 1585 2178 δικαίου
1616 2148 1796 2185 προΐστασθαι

978 2185 1000 2212 D
1015 2185 1085 2234 ὑπὲρ
1100 2200 1154 2227 τῶν
1162 2200 1201 2226 δι’
1212 2185 1354 2226 ἀσθένειαν
1375 2197 1482 2233 φύσεως
1494 2197 1530 2233 μὴ
1545 2196 1607 2223 οἴων
1617 2204 1647 2223 τε
1663 2195 1747 2222 ὄντων
1763 2194 1797 2221 τὰ

1015 2246 1131 2280 σφέτερα
1138 2245 1314 2281 προΐσχεσθαι
1320 2244 1420 2276 δίκαια.
1430 2244 1492 2275 τοὺς
1500 2243 1528 2270 δὲ
1535 2243 1692 2274 δικάζοντας
1702 2241 1798 2275 φυλάτ-

1013 2299 1070 2318 τειν
1085 2291 1155 2326 ἅπερ
1169 2291 1182 2317 ό
1193 2291 1273 2326 νόμος
1286 2290 1419 2326 βούλεταν
1435 2289 1472 2324 μὴ
1482 2288 1643 2324 ἐστερῆσθαι
1656 2288 1683 2314 δέ
1691 2286 1798 2323 φροντί-

1014 2337 1058 2368 δος
1080 2337 1146 2372 μηδέ
1159 2337 1213 2363 τῶν
1224 2336 1421 2371 παραστάντων
1434 2336 1489 2366 τοῖς
1501 2334 1641 2364 δικασταῖς
1652 2333 1719 2368 (15),
1732 2333 1798 2359 ἀλλὰ

1017 2384 1150 2411 κάκείνων
1174 2381 1244 2410 εἶναι
1268 2383 1330 2413 τοὺς
1353 2382 1482 2417 πρόνοιαν
1499 2379 1708 2414 ποιησομένους,
1725 2378 1797 2409 ὅπως

1016 2429 1064 2456 τοῦ
1076 2438 1106 2456 τε
1125 2429 1230 2456 δικαίου
1250 2428 1371 2461 τεύξοιτο
1384 2429 1398 2454 ὁ
1421 2427 1469 2462 τῆς
1488 2426 1543 2453 τῶν
1557 2423 1693 2452 δικαστῶν
1710 2422 1798 2458 τυχὼν

1018 2474 1145 2510 κρίσεως,
1162 2475 1209 2500 καὶ
1227 2475 1241 2500 ὁ
1260 2473 1363 2500 ἀδικεῖν
1375 2473 1397 2489 ’⁸³
1413 2472 1550 2508 νομισθεὶς
1566 2471 1603 2506 μὴ
1622 2469 1797 2505 εἰσπραχθείη

1018 2520 1098 2546 πλέον
1113 2520 1184 2555 ἢπερ
1196 2520 1212 2555 ὴ
1222 2518 1366 2554 δικαστικὴ
1379 2518 1504 2554 βούλεται
1517 2517 1618 2552 ψῆφος.
1634 2515 1666 2542 Εἰ
1685 2515 1739 2550 γὰρ
1762 2513 1798 2548 μὴ

1017 2565 1140 2601 ὑπῆρχον
1163 2566 1187 2592 οί
1201 2565 1287 2592 ταῦτα
1303 2566 1331 2592 ἐν
1359 2564 1480 2601 φροντίδι
1510 2562 1676 2597 ποιούμενοι,
1697 2562 1730 2588 ἐκ
1750 2560 1799 2593 τῆς

816 2647 933 2674 νΑΒΙᾹΞ
963 2647 1165 2676 LECTIONES.

231 2709 398 2745 ¹⁹ὴγεῖσθαι]
415 2710 471 2744 βίον
498 2710 561 2753 ιιέιὰι
582 2709 609 2735 Β.
632 2709 670 2753 ,³ο
699 2708 884 2753 ἀπολαύοντας
909 2713 942 2749 et_
960 2709 1181 2753 ἐνοχλουμένουςΙ
1195 2708 1236 2740 8.,
1252 2701 1796 2753 ᾒπολαύοντοςει..ἐκο-χλοιὲμίγῗυῆῐνυξξξ

181 2745 200 2760 ³¹
218 2745 274 2771 ἐστι
286 2745 327 2774 8.,
343 2746 388 2771 ἐπὶ
402 2746 473 2779 vulg.

510 2745 531 2760 "
551 2744 672 2779 ὑπομένῃ
690 2744 761 2777 vulg.
776 2778 779 2779 ν
799 2744 821 2759 ³³
838 2744 944 2779 μακροῦ
960 2743 1210 2779 Ν.,”μακρὺννυ1ε.

1252 2743 1273 2758 ⁸⁸
1290 2735 1471 2776 ἀνιερὼτατον
1490 2735 1566 2776 vulg;
1639 2745 1681 2768 τις
1701 2735 1798 2776 Nisi;

180 2780 253 2815 vulg.
285 2771 366 2815 fuit
376 2788 404 2806 τε
420 2771 474 2807 διίὶξ
487 2779 531 2815 Ητ,
546 2771 612 2815 τότέ
622 2771 694 2814 vui'g.
728 2771 750 2794 ἦ
763 2771 844 2815 digni,
861 2771 918 2812 offa
934 2771 1036 2815 ἰδόντες
1056 2771 1128 2815 conj,
1154 2771 1200 2815 B.”
1222 2777 1249 2815 3'»
1260 2778 1296 2812 μὴ
1311 2771 1421 2815 τηνάλλ.
1436 2775 1510 2815 conj:
1604 2771 1797 2815 ππρξῆναὶλφτ

181 2814 272 2846 θέντος
284 2814 329 2845 Η..
346 2823 460 2849 προσαν.
478 2814 549 2849 vulg.

385 2823 460 2840 οσαν.
478 2814 549 2849 vulg.
588 2814 610 2849 δέ
623 2821 770 2849 προσκειμ,
785 2813 828 2849 IL.
840 2822 968 2849 προχειμ.
993 2814 1065 2849 vulg.

181 2823 272 2846 υεντος
285 2823 329 2845 ιι..
346 2823 366 2840 π
385 2823 460 2840 οσαν.
478 2823 549 2849 vutg.
588 2823 610 2829 "
623 2823 770 2849 προσκειμ,
785 2823 828 2842 η..
840 2823 968 2848 προκειμ.
993 2823 1065 2849 vutg.
1119 2823 1139 2830 "
1154 2823 1266 2843 εαυτους
1285 2823 1315 2838 τε
1346 2823 1386 2852 X'G‘

181 2850 208 2876 δὲ
223 2849 354 2882 καὶτοὺς,
368 2823 412 2883 ᾗ,
429 2849 539 2880 ἑαυτοὺς
559 2848 626 2884 ὑπὲρ
648 2848 720 2882 vulg.
756 2849 778 2867 δ’
794 2847 858 2876 Post
871 2848 966 2881 ἔταξαν
993 2849 1077 2877 inscr.
1107 2849 1177 2883 vulg.
1205 2848 1232 2874 δὲ
1249 2847 1294 2874 καὶ
1315 2856 1386 2877 τους.

1119 2814 1139 2830 ιι
1154 2806 1266 2843 ἑαυτούξ
1285 2806 1315 2838 τε
1338 2806 1392 2838 ’καὶ
1407 2812 1470 2840 τοὺς
1489 2806 1577 2843 ὑπὲρ,
1601 2806 1712 2834 omissis
1735 2813 1797 2835 mox

1119 2849 1177 2872 'ulg.
1205 2848 1232 2872 δὲ
1249 2847 1294 2872 καὶ
1315 2846 1386 2872 τοὺς.
1425 2846 1447 2861 ⁸³
1459 2843 1562 2872 ἀδικῶν
1576 2841 1648 2872 vulg.

1459 2851 1562 2872 αδικων
1576 2851 1648 2876 vutg.
