  <div class='ocr_page' id='page_1' title='image "/cluster/home/n/w/nwhite01/storage/ocr_20150623/113/njp.32101077772968/398.png"; bbox 0 0 1951 3074; ppageno 0'>
   <div class='ocr_carea' id='block_1_1' title="bbox 113 192 169 223">
    <p class='ocr_par' dir='ltr' id='par_1_1' title="bbox 113 192 169 223">
     <span class='ocr_line' id='line_1_1' title="bbox 113 192 169 223; baseline 0 0"><span class='ocrx_word' id='word_1_1' title='bbox 113 192 169 223; x_wconf 77' lang='lat'><strong>729</strong></span> 
     </span>
    </p>
   </div>
   <div class='ocr_carea' id='block_1_2' title="bbox 493 194 1357 231">
    <p class='ocr_par' dir='ltr' id='par_1_2' title="bbox 493 194 1357 231">
     <span class='ocr_line' id='line_1_2' title="bbox 493 194 1357 231; baseline 0.008 -8"><span class='ocrx_word' id='word_1_2' title='bbox 493 194 541 224; x_wconf 91' lang='lat' dir='ltr'><strong>DE</strong></span> <span class='ocrx_word' id='word_1_3' title='bbox 562 194 844 226; x_wconf 77' lang='lat' dir='ltr'><strong>LEGATIONIBUS</strong></span> <span class='ocrx_word' id='word_1_4' title='bbox 865 197 1109 230; x_wconf 76' lang='lat' dir='ltr'><strong>ROMANORUM</strong></span> <span class='ocrx_word' id='word_1_5' title='bbox 1129 201 1178 231; x_wconf 81' lang='lat' dir='ltr'><strong>AD</strong></span> <span class='ocrx_word' id='word_1_6' title='bbox 1198 200 1357 230; x_wconf 79' lang='lat' dir='ltr'><strong>GENTES.</strong></span> 
     </span>
    </p>
   </div>
   <div class='ocr_carea' id='block_1_3' title="bbox 1684 202 1737 233">
    <p class='ocr_par' dir='ltr' id='par_1_3' title="bbox 1684 202 1737 233">
     <span class='ocr_line' id='line_1_3' title="bbox 1684 202 1737 233; baseline 0 -1"><span class='ocrx_word' id='word_1_7' title='bbox 1684 202 1737 233; x_wconf 79' lang='lat'><strong>730</strong></span> 
     </span>
    </p>
   </div>
   <div class='ocr_carea' id='block_1_4' title="bbox 115 247 900 292">
    <p class='ocr_par' dir='ltr' id='par_1_4' title="bbox 115 247 897 288">
     <span class='ocr_line' id='line_1_4' title="bbox 115 247 897 288; baseline 0.008 -14"><span class='ocrx_word' id='word_1_8' title='bbox 115 247 202 282; x_wconf 80' lang='grc' dir='ltr'>αὐτῆς</span> <span class='ocrx_word' id='word_1_9' title='bbox 215 248 304 280; x_wconf 79' lang='grc' dir='ltr'><strong>αἰτίας</strong></span> <span class='ocrx_word' id='word_1_10' title='bbox 322 249 416 284; x_wconf 71' lang='grc' dir='ltr'>ἑτέρας</span> <span class='ocrx_word' id='word_1_11' title='bbox 440 249 518 284; x_wconf 74' lang='grc' dir='ltr'>δίκης</span> <span class='ocrx_word' id='word_1_12' title='bbox 546 251 650 284; x_wconf 81' lang='grc' dir='ltr'>ἐγίνετο</span> <span class='ocrx_word' id='word_1_13' title='bbox 673 251 705 278; x_wconf 79' lang='grc' dir='ltr'>ἂν</span> <span class='ocrx_word' id='word_1_14' title='bbox 718 253 865 287; x_wconf 79' lang='grc' dir='ltr'>πρόφασις,</span> <span class='ocrx_word' id='word_1_15' title='bbox 882 254 897 288; x_wconf 77' lang='grc' dir='ltr'>ἢ</span> 
     </span>
    </p>
   </div>
   <div class='ocr_carea' id='block_1_5' title="bbox 953 247 1738 292">
    <p class='ocr_par' dir='ltr' id='par_1_5' title="bbox 953 256 1738 292">
     <span class='ocr_line' id='line_1_5' title="bbox 953 256 1738 292; baseline 0.005 -10"><span class='ocrx_word' id='word_1_16' title='bbox 953 257 1036 290; x_wconf 79' lang='lat' dir='ltr'><strong>inritis</strong></span> <span class='ocrx_word' id='word_1_17' title='bbox 1060 257 1208 292; x_wconf 84' lang='lat' dir='ltr'><strong>judicatus,</strong></span> <span class='ocrx_word' id='word_1_18' title='bbox 1237 257 1262 284; x_wconf 91' lang='lat' dir='ltr'><strong>id</strong></span> <span class='ocrx_word' id='word_1_19' title='bbox 1289 258 1387 290; x_wconf 85' lang='lat' dir='ltr'><strong>solum,</strong></span> <span class='ocrx_word' id='word_1_20' title='bbox 1418 257 1489 292; x_wconf 88' lang='lat' dir='ltr'><strong>quod</strong></span> <span class='ocrx_word' id='word_1_21' title='bbox 1503 256 1598 291; x_wconf 69' lang='lat' dir='ltr'><strong>iudicii</strong></span> <span class='ocrx_word' id='word_1_22' title='bbox 1616 257 1738 286; x_wconf 85' lang='lat' dir='ltr'><strong>calculus</strong></span> 
     </span>
    </p>
   </div>
   <div class='ocr_carea' id='block_1_6' title="bbox 115 292 898 333">
    <p class='ocr_par' dir='ltr' id='par_1_6' title="bbox 115 292 898 333">
     <span class='ocr_line' id='line_1_6' title="bbox 115 292 898 333; baseline 0.009 -15"><span class='ocrx_word' id='word_1_23' title='bbox 115 292 163 319; x_wconf 79' lang='grc' dir='ltr'>τοῦ</span> <span class='ocrx_word' id='word_1_24' title='bbox 178 293 349 328; x_wconf 79' lang='grc' dir='ltr'><strong>νενικηκότος</strong></span> <span class='ocrx_word' id='word_1_25' title='bbox 365 294 554 330; x_wconf 80' lang='grc' dir='ltr'>χαλεπώτερον</span> <span class='ocrx_word' id='word_1_26' title='bbox 568 296 721 328; x_wconf 68' lang='grc' dir='ltr'><strong>ἐπεξιόντος</strong></span> <span class='ocrx_word' id='word_1_27' title='bbox 735 318 743 329; x_wconf 85' lang='grc'><strong>,</strong></span> <span class='ocrx_word' id='word_1_28' title='bbox 757 297 774 333; x_wconf 83' lang='grc' dir='ltr'>ἢ</span> <span class='ocrx_word' id='word_1_29' title='bbox 793 299 825 333; x_wconf 86' lang='grc' dir='ltr'>τῇ</span> <span class='ocrx_word' id='word_1_30' title='bbox 852 299 898 325; x_wconf 81' lang='grc' dir='ltr'>τοῦ</span> 
     </span>
    </p>
   </div>
   <div class='ocr_carea' id='block_1_7' title="bbox 113 337 898 377">
    <p class='ocr_par' dir='ltr' id='par_1_7' title="bbox 113 337 898 377">
     <span class='ocr_line' id='line_1_7' title="bbox 113 337 898 377; baseline 0.008 -14"><span class='ocrx_word' id='word_1_31' title='bbox 113 338 235 372; x_wconf 82' lang='grc' dir='ltr'>χείρονος</span> <span class='ocrx_word' id='word_1_32' title='bbox 243 337 266 354; x_wconf 69' lang='grc'><strong>⁵⁸</strong></span> <span class='ocrx_word' id='word_1_33' title='bbox 275 339 499 374; x_wconf 79' lang='grc' dir='ltr'><strong>ἀπενεγκαμένου</strong></span> <span class='ocrx_word' id='word_1_34' title='bbox 507 341 538 375; x_wconf 79' lang='grc' dir='ltr'>τῇ</span> <span class='ocrx_word' id='word_1_35' title='bbox 550 340 634 375; x_wconf 78' lang='grc' dir='ltr'>ἀδίκῳ</span> <span class='ocrx_word' id='word_1_36' title='bbox 645 342 819 376; x_wconf 79' lang='grc' dir='ltr'><strong>ἐπιμένοντος</strong></span> <span class='ocrx_word' id='word_1_37' title='bbox 828 343 898 377; x_wconf 85' lang='grc' dir='ltr'><strong>γνὼ-</strong></span> 
     </span>
    </p>
   </div>
   <div class='ocr_carea' id='block_1_8' title="bbox 116 382 900 424">
    <p class='ocr_par' dir='ltr' id='par_1_8' title="bbox 116 382 900 424">
     <span class='ocr_line' id='line_1_8' title="bbox 116 382 900 424; baseline 0.008 -15"><span class='ocrx_word' id='word_1_38' title='bbox 116 391 165 420; x_wconf 82' lang='grc' dir='ltr'><strong>μῃ.</strong></span> <span class='ocrx_word' id='word_1_39' title='bbox 186 382 262 410; x_wconf 74' lang='grc' dir='ltr'>Εἶναι</span> <span class='ocrx_word' id='word_1_40' title='bbox 273 384 302 411; x_wconf 79' lang='grc' dir='ltr'>δὲ</span> <span class='ocrx_word' id='word_1_41' title='bbox 316 386 362 412; x_wconf 76' lang='grc' dir='ltr'><strong>καὶ</strong></span> <span class='ocrx_word' id='word_1_42' title='bbox 376 385 480 417; x_wconf 77' lang='grc' dir='ltr'><strong>τούτοις</strong></span> <span class='ocrx_word' id='word_1_43' title='bbox 499 387 665 422; x_wconf 77' lang='grc' dir='ltr'><strong>τεταγμένον</strong></span> <span class='ocrx_word' id='word_1_44' title='bbox 678 387 808 423; x_wconf 79' lang='grc' dir='ltr'>ἀργύριον</span> <span class='ocrx_word' id='word_1_45' title='bbox 824 389 900 424; x_wconf 74' lang='grc' dir='ltr'>παρὰ</span> 
     </span>
    </p>
   </div>
   <div class='ocr_carea' id='block_1_9' title="bbox 113 429 899 468">
    <p class='ocr_par' dir='ltr' id='par_1_9' title="bbox 113 429 899 468">
     <span class='ocr_line' id='line_1_9' title="bbox 113 429 899 468; baseline 0.006 -14"><span class='ocrx_word' id='word_1_46' title='bbox 113 429 168 455; x_wconf 86' lang='grc' dir='ltr'><strong>τῶν</strong></span> <span class='ocrx_word' id='word_1_47' title='bbox 181 429 229 459; x_wconf 78' lang='grc' dir='ltr'><strong>τὰς</strong></span> <span class='ocrx_word' id='word_1_48' title='bbox 241 429 318 461; x_wconf 81' lang='grc' dir='ltr'>δίκας</span> <span class='ocrx_word' id='word_1_49' title='bbox 330 431 549 466; x_wconf 76' lang='grc' dir='ltr'><strong>ἀγωνιζομένων,</strong></span> <span class='ocrx_word' id='word_1_50' title='bbox 564 432 601 463; x_wconf 86' lang='grc' dir='ltr'>ὠς</span> <span class='ocrx_word' id='word_1_51' title='bbox 613 432 688 467; x_wconf 76' lang='grc' dir='ltr'>παρὰ</span> <span class='ocrx_word' id='word_1_52' title='bbox 700 433 755 458; x_wconf 82' lang='grc' dir='ltr'>τῶν</span> <span class='ocrx_word' id='word_1_53' title='bbox 768 433 899 468; x_wconf 71' lang='grc' dir='ltr'>γεωργῶν</span> 
     </span>
    </p>
   </div>
   <div class='ocr_carea' id='block_1_10' title="bbox 112 473 900 513">
    <p class='ocr_par' dir='ltr' id='par_1_10' title="bbox 112 473 900 513">
     <span class='ocr_line' id='line_1_10' title="bbox 112 473 900 513; baseline 0.006 -14"><span class='ocrx_word' id='word_1_54' title='bbox 112 475 170 505; x_wconf 81' lang='grc' dir='ltr'>τοῖς</span> <span class='ocrx_word' id='word_1_55' title='bbox 194 474 327 506; x_wconf 76' lang='grc' dir='ltr'><strong>ὁπλίταις.</strong></span> <span class='ocrx_word' id='word_1_56' title='bbox 356 473 395 501; x_wconf 84' lang='grc' dir='ltr'><strong>Ἦ</strong></span> <span class='ocrx_word' id='word_1_57' title='bbox 414 475 463 510; x_wconf 84' lang='grc' dir='ltr'>οὐχ</span> <span class='ocrx_word' id='word_1_58' title='bbox 479 476 552 502; x_wconf 82' lang='grc' dir='ltr'>ὅσιον</span> <span class='ocrx_word' id='word_1_59' title='bbox 563 476 608 502; x_wconf 80' lang='grc' dir='ltr'>τὸν</span> <span class='ocrx_word' id='word_1_60' title='bbox 626 477 825 512; x_wconf 78' lang='grc' dir='ltr'>ἐπικουροῦντα</span> <span class='ocrx_word' id='word_1_61' title='bbox 838 478 900 513; x_wconf 81' lang='grc' dir='ltr'>τρέ-</span> 
     </span>
    </p>
   </div>
   <div class='ocr_carea' id='block_1_11' title="bbox 113 519 899 558">
    <p class='ocr_par' dir='ltr' id='par_1_11' title="bbox 113 519 899 558">
     <span class='ocr_line' id='line_1_11' title="bbox 113 519 899 558; baseline 0.006 -13"><span class='ocrx_word' id='word_1_62' title='bbox 113 527 175 553; x_wconf 77' lang='grc' dir='ltr'>φειν</span> <span class='ocrx_word' id='word_1_63' title='bbox 192 520 239 546; x_wconf 70' lang='grc' dir='ltr'>καὶ</span> <span class='ocrx_word' id='word_1_64' title='bbox 256 519 307 552; x_wconf 79' lang='grc' dir='ltr'>τῆς</span> <span class='ocrx_word' id='word_1_65' title='bbox 331 520 437 552; x_wconf 80' lang='grc' dir='ltr'>εὐνοίας</span> <span class='ocrx_word' id='word_1_66' title='bbox 464 521 650 556; x_wconf 74' lang='grc' dir='ltr'>ἀμείϐεσθαι;</span> <span class='ocrx_word' id='word_1_67' title='bbox 678 522 772 558; x_wconf 80' lang='grc' dir='ltr'>ὥσπερ</span> <span class='ocrx_word' id='word_1_68' title='bbox 795 523 899 557; x_wconf 77' lang='grc' dir='ltr'>ἀγαθὸν</span> 
     </span>
    </p>
   </div>
   <div class='ocr_carea' id='block_1_12' title="bbox 116 565 899 604">
    <p class='ocr_par' dir='ltr' id='par_1_12' title="bbox 116 565 899 604">
     <span class='ocr_line' id='line_1_12' title="bbox 116 565 899 604; baseline 0.005 -14"><span class='ocrx_word' id='word_1_69' title='bbox 116 565 195 591; x_wconf 74' lang='grc' dir='ltr'>ἱππεῖ</span> <span class='ocrx_word' id='word_1_70' title='bbox 215 565 264 600; x_wconf 81' lang='grc' dir='ltr'>μὲν</span> <span class='ocrx_word' id='word_1_71' title='bbox 289 566 306 601; x_wconf 85' lang='grc' dir='ltr'><strong>ή</strong></span> <span class='ocrx_word' id='word_1_72' title='bbox 320 565 367 592; x_wconf 85' lang='grc' dir='ltr'>τοῦ</span> <span class='ocrx_word' id='word_1_73' title='bbox 389 567 470 592; x_wconf 74' lang='grc' dir='ltr'>ἵππου</span> <span class='ocrx_word' id='word_1_74' title='bbox 486 566 594 602; x_wconf 83' lang='grc' dir='ltr'>κομιδὴ,</span> <span class='ocrx_word' id='word_1_75' title='bbox 613 568 714 602; x_wconf 76' lang='grc' dir='ltr'>ἀγαθὸν</span> <span class='ocrx_word' id='word_1_76' title='bbox 729 568 758 594; x_wconf 76' lang='grc' dir='ltr'>δὲ</span> <span class='ocrx_word' id='word_1_77' title='bbox 781 568 899 604; x_wconf 80' lang='grc' dir='ltr'>βουκόλῳ</span> 
     </span>
    </p>
   </div>
   <div class='ocr_carea' id='block_1_13' title="bbox 114 611 900 649">
    <p class='ocr_par' dir='ltr' id='par_1_13' title="bbox 114 611 900 649">
     <span class='ocr_line' id='line_1_13' title="bbox 114 611 900 649; baseline 0.005 -12"><span class='ocrx_word' id='word_1_78' title='bbox 114 611 132 646; x_wconf 78' lang='grc' dir='ltr'>ἡ</span> <span class='ocrx_word' id='word_1_79' title='bbox 149 611 203 638; x_wconf 84' lang='grc' dir='ltr'><strong>τῶν</strong></span> <span class='ocrx_word' id='word_1_80' title='bbox 221 611 288 646; x_wconf 84' lang='grc' dir='ltr'>βοῶν</span> <span class='ocrx_word' id='word_1_81' title='bbox 304 611 350 638; x_wconf 76' lang='grc' dir='ltr'>καὶ</span> <span class='ocrx_word' id='word_1_82' title='bbox 360 611 464 647; x_wconf 74' lang='grc' dir='ltr'>θηρατῇ</span> <span class='ocrx_word' id='word_1_83' title='bbox 478 613 494 647; x_wconf 83' lang='grc' dir='ltr'>ἡ</span> <span class='ocrx_word' id='word_1_84' title='bbox 510 612 565 640; x_wconf 86' lang='grc' dir='ltr'><strong>τῶν</strong></span> <span class='ocrx_word' id='word_1_85' title='bbox 579 613 667 640; x_wconf 85' lang='grc' dir='ltr'>κυνῶν</span> <span class='ocrx_word' id='word_1_86' title='bbox 684 614 836 649; x_wconf 71' lang='grc' dir='ltr'>ἐπιμέλεια,</span> <span class='ocrx_word' id='word_1_87' title='bbox 852 615 900 641; x_wconf 78' lang='grc' dir='ltr'>καὶ.</span> 
     </span>
    </p>
   </div>
   <div class='ocr_carea' id='block_1_14' title="bbox 113 654 900 694">
    <p class='ocr_par' dir='ltr' id='par_1_14' title="bbox 113 654 900 694">
     <span class='ocr_line' id='line_1_14' title="bbox 113 654 900 694; baseline 0.003 -11"><span class='ocrx_word' id='word_1_88' title='bbox 113 656 168 683; x_wconf 83' lang='grc' dir='ltr'>τῶν</span> <span class='ocrx_word' id='word_1_89' title='bbox 182 657 280 689; x_wconf 74' lang='grc' dir='ltr'>ἄλλων,</span> <span class='ocrx_word' id='word_1_90' title='bbox 294 654 330 684; x_wconf 82' lang='grc' dir='ltr'>ὧν</span> <span class='ocrx_word' id='word_1_91' title='bbox 345 657 415 693; x_wconf 77' lang='grc' dir='ltr'>πρὸς</span> <span class='ocrx_word' id='word_1_92' title='bbox 430 658 564 693; x_wconf 81' lang='grc' dir='ltr'><strong>σφετέραν</strong></span> <span class='ocrx_word' id='word_1_93' title='bbox 579 658 703 694; x_wconf 82' lang='grc' dir='ltr'>φυλακήν</span> <span class='ocrx_word' id='word_1_94' title='bbox 722 668 752 685; x_wconf 84' lang='grc' dir='ltr'><strong>τε</strong></span> <span class='ocrx_word' id='word_1_95' title='bbox 772 660 818 686; x_wconf 80' lang='grc' dir='ltr'>καὶ</span> <span class='ocrx_word' id='word_1_96' title='bbox 827 659 900 693; x_wconf 81' lang='grc' dir='ltr'><strong>ὠφέ-</strong></span> 
     </span>
    </p>
   </div>
   <div class='ocr_carea' id='block_1_15' title="bbox 115 701 899 740">
    <p class='ocr_par' dir='ltr' id='par_1_15' title="bbox 115 701 899 740">
     <span class='ocr_line' id='line_1_15' title="bbox 115 701 899 740; baseline 0.004 -12"><span class='ocrx_word' id='word_1_97' title='bbox 115 701 189 729; x_wconf 76' lang='grc' dir='ltr'>λειαν</span> <span class='ocrx_word' id='word_1_98' title='bbox 202 702 308 738; x_wconf 74' lang='grc' dir='ltr'>ἔχουσιν</span> <span class='ocrx_word' id='word_1_99' title='bbox 325 703 472 738; x_wconf 75' lang='grc' dir='ltr'>ἅνθρωποι,</span> <span class='ocrx_word' id='word_1_100' title='bbox 491 704 572 730; x_wconf 82' lang='grc' dir='ltr'>ὁπότε</span> <span class='ocrx_word' id='word_1_101' title='bbox 587 704 636 739; x_wconf 76' lang='grc' dir='ltr'>τὴν</span> <span class='ocrx_word' id='word_1_102' title='bbox 653 705 776 740; x_wconf 80' lang='grc' dir='ltr'>δαπάνην</span> <span class='ocrx_word' id='word_1_103' title='bbox 790 705 840 739; x_wconf 80' lang='grc' dir='ltr'>τὴν</span> <span class='ocrx_word' id='word_1_104' title='bbox 852 705 899 731; x_wconf 58' lang='lat' dir='ltr'><strong>in!</strong></span> 
     </span>
    </p>
   </div>
   <div class='ocr_carea' id='block_1_16' title="bbox 115 750 898 786">
    <p class='ocr_par' dir='ltr' id='par_1_16' title="bbox 115 750 898 786">
     <span class='ocr_line' id='line_1_16' title="bbox 115 750 898 786; baseline 0.001 -10"><span class='ocrx_word' id='word_1_105' title='bbox 115 751 148 784; x_wconf 84' lang='grc' dir='ltr'><strong>τῇ</strong></span> <span class='ocrx_word' id='word_1_106' title='bbox 164 750 226 786; x_wconf 73' lang='grc' dir='ltr'>δίκῃ</span> <span class='ocrx_word' id='word_1_107' title='bbox 244 750 393 785; x_wconf 74' lang='grc' dir='ltr'>γενομένην</span> <span class='ocrx_word' id='word_1_108' title='bbox 403 750 511 781; x_wconf 78' lang='grc' dir='ltr'><strong>ἁλόντες</strong></span> <span class='ocrx_word' id='word_1_109' title='bbox 523 751 683 784; x_wconf 76' lang='grc' dir='ltr'>ἐκτίνουσιν,</span> <span class='ocrx_word' id='word_1_110' title='bbox 702 750 898 782; x_wconf 67' lang='grc' dir='ltr'>άνατιθέντεςη</span> 
     </span>
    </p>
   </div>
   <div class='ocr_carea' id='block_1_17' title="bbox 115 794 900 831">
    <p class='ocr_par' dir='ltr' id='par_1_17' title="bbox 115 794 900 831">
     <span class='ocr_line' id='line_1_17' title="bbox 115 794 900 831; baseline 0.001 -10"><span class='ocrx_word' id='word_1_111' title='bbox 115 794 209 830; x_wconf 82' lang='grc' dir='ltr'><strong>ἀδικίᾳ</strong></span> <span class='ocrx_word' id='word_1_112' title='bbox 224 796 343 831; x_wconf 71' lang='grc' dir='ltr'>σφετέρᾳ</span> <span class='ocrx_word' id='word_1_113' title='bbox 372 795 419 822; x_wconf 80' lang='grc' dir='ltr'><strong>καὶ</strong></span> <span class='ocrx_word' id='word_1_114' title='bbox 440 796 488 830; x_wconf 76' lang='grc' dir='ltr'>οὐχ</span> <span class='ocrx_word' id='word_1_115' title='bbox 507 796 591 831; x_wconf 77' lang='grc' dir='ltr'>ἑτέρῳ</span> <span class='ocrx_word' id='word_1_116' title='bbox 611 796 659 831; x_wconf 76' lang='grc' dir='ltr'>τὴν</span> <span class='ocrx_word' id='word_1_117' title='bbox 676 796 787 831; x_wconf 74' lang='grc' dir='ltr'>βλάϐην.</span> <span class='ocrx_word' id='word_1_118' title='bbox 804 796 855 822; x_wconf 80' lang='grc' dir='ltr'><strong>Τὸν</strong></span> <span class='ocrx_word' id='word_1_119' title='bbox 872 795 900 822; x_wconf 68' lang='grc' dir='ltr'>δὲ</span> 
     </span>
    </p>
   </div>
   <div class='ocr_carea' id='block_1_18' title="bbox 117 840 898 876">
    <p class='ocr_par' dir='ltr' id='par_1_18' title="bbox 117 840 898 876">
     <span class='ocr_line' id='line_1_18' title="bbox 117 840 898 876; baseline 0 -9"><span class='ocrx_word' id='word_1_120' title='bbox 117 840 164 867; x_wconf 71' lang='grc' dir='ltr'><strong>ἐπὶ</strong></span> <span class='ocrx_word' id='word_1_121' title='bbox 178 841 238 872; x_wconf 81' lang='grc' dir='ltr'>ταῖς</span> <span class='ocrx_word' id='word_1_122' title='bbox 253 840 339 872; x_wconf 80' lang='grc' dir='ltr'>δίκαις</span> <span class='ocrx_word' id='word_1_123' title='bbox 357 841 535 876; x_wconf 71' lang='grc' dir='ltr'>μακρότερον,</span> <span class='ocrx_word' id='word_1_124' title='bbox 549 841 582 867; x_wconf 84' lang='grc' dir='ltr'>ἂν</span> <span class='ocrx_word' id='word_1_125' title='bbox 597 840 668 868; x_wconf 72' lang='grc' dir='ltr'>οὕτω</span> <span class='ocrx_word' id='word_1_126' title='bbox 685 840 771 876; x_wconf 87' lang='grc' dir='ltr'>τύχοι,</span> <span class='ocrx_word' id='word_1_127' title='bbox 794 841 898 876; x_wconf 83' lang='grc' dir='ltr'>χρόνον,</span> 
     </span>
    </p>
   </div>
   <div class='ocr_carea' id='block_1_19' title="bbox 116 885 900 921">
    <p class='ocr_par' dir='ltr' id='par_1_19' title="bbox 116 885 900 921">
     <span class='ocr_line' id='line_1_19' title="bbox 116 885 900 921; baseline -0.001 -8"><span class='ocrx_word' id='word_1_128' title='bbox 116 886 166 921; x_wconf 76' lang='grc' dir='ltr'>τῆς</span> <span class='ocrx_word' id='word_1_129' title='bbox 176 885 224 912; x_wconf 82' lang='grc' dir='ltr'>τοῦ</span> <span class='ocrx_word' id='word_1_130' title='bbox 249 886 352 912; x_wconf 76' lang='grc' dir='ltr'>δικαίου</span> <span class='ocrx_word' id='word_1_131' title='bbox 376 886 504 920; x_wconf 82' lang='grc' dir='ltr'>προνοίας</span> <span class='ocrx_word' id='word_1_132' title='bbox 520 886 640 920; x_wconf 81' lang='grc' dir='ltr'>γίνεσθαι</span> <span class='ocrx_word' id='word_1_133' title='bbox 656 886 746 921; x_wconf 83' lang='grc' dir='ltr'>χάριν,</span> <span class='ocrx_word' id='word_1_134' title='bbox 770 886 839 912; x_wconf 79' lang='grc' dir='ltr'>ὥστε</span> <span class='ocrx_word' id='word_1_135' title='bbox 862 886 900 921; x_wconf 83' lang='grc' dir='ltr'>μὴ</span> 
     </span>
    </p>
   </div>
   <div class='ocr_carea' id='block_1_20' title="bbox 953 302 1737 338">
    <p class='ocr_par' dir='ltr' id='par_1_20' title="bbox 953 302 1737 338">
     <span class='ocr_line' id='line_1_20' title="bbox 953 302 1737 338; baseline 0.004 -9"><span class='ocrx_word' id='word_1_136' title='bbox 953 303 1014 335; x_wconf 89' lang='lat' dir='ltr'><strong>fert,</strong></span> <span class='ocrx_word' id='word_1_137' title='bbox 1031 308 1058 330; x_wconf 88' lang='lat' dir='ltr'><strong>et</strong></span> <span class='ocrx_word' id='word_1_138' title='bbox 1071 303 1135 330; x_wconf 87' lang='lat' dir='ltr'>nihil</span> <span class='ocrx_word' id='word_1_139' title='bbox 1150 308 1289 338; x_wconf 67' lang='lat' dir='ltr'><strong>praeterea,</strong></span> <span class='ocrx_word' id='word_1_140' title='bbox 1304 302 1393 330; x_wconf 83' lang='lat' dir='ltr'><strong>facere</strong></span> <span class='ocrx_word' id='word_1_141' title='bbox 1405 308 1528 337; x_wconf 87' lang='lat' dir='ltr'><strong>cogatur.</strong></span> <span class='ocrx_word' id='word_1_142' title='bbox 1555 302 1584 330; x_wconf 90' lang='lat' dir='ltr'><strong>Si</strong></span> <span class='ocrx_word' id='word_1_143' title='bbox 1597 303 1670 331; x_wconf 89' lang='lat' dir='ltr'><strong>enim</strong></span> <span class='ocrx_word' id='word_1_144' title='bbox 1683 310 1737 332; x_wconf 92' lang='lat' dir='ltr'><strong>non</strong></span> 
     </span>
    </p>
   </div>
   <div class='ocr_carea' id='block_1_21' title="bbox 953 349 1739 384">
    <p class='ocr_par' dir='ltr' id='par_1_21' title="bbox 953 349 1739 384">
     <span class='ocr_line' id='line_1_21' title="bbox 953 349 1739 384; baseline 0.003 -9"><span class='ocrx_word' id='word_1_145' title='bbox 953 353 1043 375; x_wconf 78' lang='lat' dir='ltr'><strong>essent</strong></span> <span class='ocrx_word' id='word_1_146' title='bbox 1066 349 1128 376; x_wconf 87' lang='lat' dir='ltr'><strong>huic</strong></span> <span class='ocrx_word' id='word_1_147' title='bbox 1154 350 1191 376; x_wconf 85' lang='lat' dir='ltr'><strong>rei</strong></span> <span class='ocrx_word' id='word_1_148' title='bbox 1215 350 1362 384; x_wconf 67' lang='lat' dir='ltr'><strong>praepositi,</strong></span> <span class='ocrx_word' id='word_1_149' title='bbox 1378 354 1426 376; x_wconf 91' lang='lat' dir='ltr'><strong>aut</strong></span> <span class='ocrx_word' id='word_1_150' title='bbox 1450 350 1553 376; x_wconf 79' lang='lat' dir='ltr'><strong>victore</strong></span> <span class='ocrx_word' id='word_1_151' title='bbox 1577 350 1739 378; x_wconf 83' lang='lat' dir='ltr'><strong>insolentius</strong></span> 
     </span>
    </p>
   </div>
   <div class='ocr_carea' id='block_1_22' title="bbox 953 394 1738 431">
    <p class='ocr_par' dir='ltr' id='par_1_22' title="bbox 953 394 1738 431">
     <span class='ocr_line' id='line_1_22' title="bbox 953 394 1738 431; baseline 0.003 -9"><span class='ocrx_word' id='word_1_152' title='bbox 953 394 1118 428; x_wconf 82' lang='lat' dir='ltr'><strong>insurgente,</strong></span> <span class='ocrx_word' id='word_1_153' title='bbox 1131 399 1178 422; x_wconf 81' lang='lat' dir='ltr'><strong>aut</strong></span> <span class='ocrx_word' id='word_1_154' title='bbox 1190 403 1232 428; x_wconf 89' lang='lat' dir='ltr'><strong>eo,</strong></span> <span class='ocrx_word' id='word_1_155' title='bbox 1248 396 1292 430; x_wconf 86' lang='lat' dir='ltr'><strong>qui</strong></span> <span class='ocrx_word' id='word_1_156' title='bbox 1308 395 1449 422; x_wconf 80' lang='lat' dir='ltr'><strong>adversam</strong></span> <span class='ocrx_word' id='word_1_157' title='bbox 1465 395 1628 422; x_wconf 83' lang='lat' dir='ltr'><strong>sententiam</strong></span> <span class='ocrx_word' id='word_1_158' title='bbox 1644 403 1738 431; x_wconf 56' lang='lat' dir='ltr'><strong>repor.</strong></span> 
     </span>
    </p>
   </div>
   <div class='ocr_carea' id='block_1_23' title="bbox 953 441 1740 475">
    <p class='ocr_par' dir='ltr' id='par_1_23' title="bbox 953 441 1740 475">
     <span class='ocr_line' id='line_1_23' title="bbox 953 441 1740 475; baseline 0.001 -7"><span class='ocrx_word' id='word_1_159' title='bbox 953 441 1030 473; x_wconf 84' lang='lat' dir='ltr'><strong>tavit,</strong></span> <span class='ocrx_word' id='word_1_160' title='bbox 1047 441 1072 468; x_wconf 93' lang='lat' dir='ltr'><strong>in</strong></span> <span class='ocrx_word' id='word_1_161' title='bbox 1090 449 1215 475; x_wconf 84' lang='lat' dir='ltr'><strong>perversa</strong></span> <span class='ocrx_word' id='word_1_162' title='bbox 1236 445 1324 468; x_wconf 83' lang='lat' dir='ltr'><strong>meme</strong></span> <span class='ocrx_word' id='word_1_163' title='bbox 1341 445 1488 475; x_wconf 85' lang='lat' dir='ltr'><strong>perstante,</strong></span> <span class='ocrx_word' id='word_1_164' title='bbox 1507 448 1540 467; x_wconf 80' lang='lat' dir='ltr'><strong>ex</strong></span> <span class='ocrx_word' id='word_1_165' title='bbox 1562 449 1614 468; x_wconf 88' lang='lat' dir='ltr'><strong>una</strong></span> <span class='ocrx_word' id='word_1_166' title='bbox 1634 442 1682 469; x_wconf 80' lang='lat' dir='ltr'><strong>lite</strong></span> <span class='ocrx_word' id='word_1_167' title='bbox 1700 442 1740 469; x_wconf 87' lang='lat' dir='ltr'><strong>al-</strong></span> 
     </span>
    </p>
   </div>
   <div class='ocr_carea' id='block_1_24' title="bbox 952 485 1739 516">
    <p class='ocr_par' dir='ltr' id='par_1_24' title="bbox 952 485 1739 516">
     <span class='ocr_line' id='line_1_24' title="bbox 952 485 1739 516; baseline 0.003 -2"><span class='ocrx_word' id='word_1_168' title='bbox 952 489 1037 515; x_wconf 81' lang='lat' dir='ltr'><strong>terius</strong></span> <span class='ocrx_word' id='word_1_169' title='bbox 1062 487 1117 514; x_wconf 88' lang='lat' dir='ltr'><strong>Iitis</strong></span> <span class='ocrx_word' id='word_1_170' title='bbox 1140 492 1297 514; x_wconf 80' lang='lat' dir='ltr'><strong>nasceretur</strong></span> <span class='ocrx_word' id='word_1_171' title='bbox 1323 486 1476 513; x_wconf 79' lang='lat' dir='ltr'><strong>exordium.</strong></span> <span class='ocrx_word' id='word_1_172' title='bbox 1506 485 1555 513; x_wconf 87' lang='lat' dir='ltr'><strong>Est</strong></span> <span class='ocrx_word' id='word_1_173' title='bbox 1577 491 1667 515; x_wconf 89' lang='lat' dir='ltr'><strong>autem</strong></span> <span class='ocrx_word' id='word_1_174' title='bbox 1695 488 1739 516; x_wconf 84' lang='lat' dir='ltr'><strong>bis</strong></span> 
     </span>
    </p>
   </div>
   <div class='ocr_carea' id='block_1_25' title="bbox 952 531 1738 567">
    <p class='ocr_par' dir='ltr' id='par_1_25' title="bbox 952 531 1738 567">
     <span class='ocr_line' id='line_1_25' title="bbox 952 531 1738 567; baseline 0 -7"><span class='ocrx_word' id='word_1_175' title='bbox 952 533 1129 560; x_wconf 85' lang='lat' dir='ltr'><strong>constitutum</strong></span> <span class='ocrx_word' id='word_1_176' title='bbox 1156 537 1296 567; x_wconf 78' lang='lat' dir='ltr'><strong>argenturm</strong></span> <span class='ocrx_word' id='word_1_177' title='bbox 1313 532 1347 559; x_wconf 84' lang='lat' dir='ltr'><strong>ab</strong></span> <span class='ocrx_word' id='word_1_178' title='bbox 1365 531 1418 558; x_wconf 82' lang='lat' dir='ltr'><strong>illis</strong></span> <span class='ocrx_word' id='word_1_179' title='bbox 1438 532 1483 566; x_wconf 88' lang='lat' dir='ltr'><strong>qui</strong></span> <span class='ocrx_word' id='word_1_180' title='bbox 1504 531 1598 559; x_wconf 84' lang='lat' dir='ltr'><strong>litibus</strong></span> <span class='ocrx_word' id='word_1_181' title='bbox 1620 536 1738 566; x_wconf 82' lang='lat' dir='ltr'><strong>certant,</strong></span> 
     </span>
    </p>
   </div>
   <div class='ocr_carea' id='block_1_26' title="bbox 951 576 1738 612">
    <p class='ocr_par' dir='ltr' id='par_1_26' title="bbox 951 576 1738 612">
     <span class='ocr_line' id='line_1_26' title="bbox 951 576 1738 612; baseline 0 -7"><span class='ocrx_word' id='word_1_182' title='bbox 951 584 981 606; x_wconf 89' lang='grc' dir='ltr'><strong>ιιι</strong></span> <span class='ocrx_word' id='word_1_183' title='bbox 998 578 1126 605; x_wconf 88' lang='lat' dir='ltr'><strong>militibus</strong></span> <span class='ocrx_word' id='word_1_184' title='bbox 1143 578 1176 605; x_wconf 85' lang='lat' dir='ltr'><strong>ab</strong></span> <span class='ocrx_word' id='word_1_185' title='bbox 1193 577 1329 612; x_wconf 78' lang='lat' dir='ltr'><strong>agricolis.</strong></span> <span class='ocrx_word' id='word_1_186' title='bbox 1351 576 1419 610; x_wconf 84' lang='lat' dir='ltr'><strong>Quid</strong></span> <span class='ocrx_word' id='word_1_187' title='bbox 1435 577 1506 604; x_wconf 88' lang='lat' dir='ltr'><strong>enim</strong></span> <span class='ocrx_word' id='word_1_188' title='bbox 1523 577 1639 612; x_wconf 65' lang='lat' dir='ltr'><strong>aequius,</strong></span> <span class='ocrx_word' id='word_1_189' title='bbox 1656 585 1738 612; x_wconf 84' lang='lat' dir='ltr'><strong>quam</strong></span> 
     </span>
    </p>
   </div>
   <div class='ocr_carea' id='block_1_27' title="bbox 952 622 1740 659">
    <p class='ocr_par' dir='ltr' id='par_1_27' title="bbox 952 622 1740 659">
     <span class='ocr_line' id='line_1_27' title="bbox 952 622 1740 659; baseline -0.003 -7"><span class='ocrx_word' id='word_1_190' title='bbox 952 633 1024 657; x_wconf 83' lang='lat' dir='ltr'><strong>eum,</strong></span> <span class='ocrx_word' id='word_1_191' title='bbox 1041 623 1086 659; x_wconf 87' lang='lat' dir='ltr'><strong>qui</strong></span> <span class='ocrx_word' id='word_1_192' title='bbox 1105 624 1254 658; x_wconf 74' lang='lat' dir='ltr'><strong>opituletur</strong></span> <span class='ocrx_word' id='word_1_193' title='bbox 1267 629 1294 651; x_wconf 87' lang='lat' dir='ltr'><strong>et</strong></span> <span class='ocrx_word' id='word_1_194' title='bbox 1315 623 1443 650; x_wconf 79' lang='lat' dir='ltr'><strong>auxilium</strong></span> <span class='ocrx_word' id='word_1_195' title='bbox 1460 623 1537 656; x_wconf 84' lang='lat' dir='ltr'><strong>ferat,</strong></span> <span class='ocrx_word' id='word_1_196' title='bbox 1551 622 1624 650; x_wconf 83' lang='lat' dir='ltr'><strong>alere</strong></span> <span class='ocrx_word' id='word_1_197' title='bbox 1643 627 1671 650; x_wconf 89' lang='lat' dir='ltr'><strong>et</strong></span> <span class='ocrx_word' id='word_1_198' title='bbox 1682 623 1740 650; x_wconf 77' lang='lat' dir='ltr'><strong>om-</strong></span> 
     </span>
    </p>
   </div>
   <div class='ocr_carea' id='block_1_28' title="bbox 953 667 1739 703">
    <p class='ocr_par' dir='ltr' id='par_1_28' title="bbox 953 667 1739 703">
     <span class='ocr_line' id='line_1_28' title="bbox 953 667 1739 703; baseline -0.003 -7"><span class='ocrx_word' id='word_1_199' title='bbox 953 670 1023 697; x_wconf 86' lang='lat' dir='ltr'><strong>cium</strong></span> <span class='ocrx_word' id='word_1_200' title='bbox 1060 674 1152 696; x_wconf 90' lang='lat' dir='ltr'><strong>mutuo</strong></span> <span class='ocrx_word' id='word_1_201' title='bbox 1181 669 1271 696; x_wconf 83' lang='lat' dir='ltr'><strong>oﬂicio</strong></span> <span class='ocrx_word' id='word_1_202' title='bbox 1310 667 1477 703; x_wconf 76' lang='lat' dir='ltr'><strong>rependere?</strong></span> <span class='ocrx_word' id='word_1_203' title='bbox 1512 668 1739 702; x_wconf 81' lang='lat' dir='ltr'><strong>quemadmodum</strong></span> 
     </span>
    </p>
   </div>
   <div class='ocr_carea' id='block_1_29' title="bbox 953 713 1739 749">
    <p class='ocr_par' dir='ltr' id='par_1_29' title="bbox 953 713 1739 749">
     <span class='ocr_line' id='line_1_29' title="bbox 953 713 1739 749; baseline -0.003 -7"><span class='ocrx_word' id='word_1_204' title='bbox 953 715 1036 749; x_wconf 79' lang='lat' dir='ltr'><strong>equiti</strong></span> <span class='ocrx_word' id='word_1_205' title='bbox 1063 715 1247 742; x_wconf 87' lang='lat' dir='ltr'><strong>emolumento</strong></span> <span class='ocrx_word' id='word_1_206' title='bbox 1265 718 1308 742; x_wconf 86' lang='lat' dir='ltr'><strong>est.</strong></span> <span class='ocrx_word' id='word_1_207' title='bbox 1330 713 1404 748; x_wconf 83' lang='lat' dir='ltr'><strong>equi,</strong></span> <span class='ocrx_word' id='word_1_208' title='bbox 1429 713 1631 748; x_wconf 88' lang='lat' dir='ltr'><strong>pastori-boum</strong></span> <span class='ocrx_word' id='word_1_209' title='bbox 1647 717 1675 740; x_wconf 91' lang='lat' dir='ltr'><strong>et</strong></span> <span class='ocrx_word' id='word_1_210' title='bbox 1691 720 1739 741; x_wconf 83' lang='lat' dir='ltr'><strong>ve-</strong></span> 
     </span>
    </p>
   </div>
   <div class='ocr_carea' id='block_1_30' title="bbox 953 757 1737 792">
    <p class='ocr_par' dir='ltr' id='par_1_30' title="bbox 953 757 1737 792">
     <span class='ocr_line' id='line_1_30' title="bbox 953 757 1737 792; baseline -0.004 -5"><span class='ocrx_word' id='word_1_211' title='bbox 953 760 1041 787; x_wconf 76' lang='lat' dir='ltr'><strong>natori</strong></span> <span class='ocrx_word' id='word_1_212' title='bbox 1071 767 1168 786; x_wconf 83' lang='lat' dir='ltr'><strong>canum</strong></span> <span class='ocrx_word' id='word_1_213' title='bbox 1197 767 1274 791; x_wconf 84' lang='lat' dir='ltr'><strong>cura,</strong></span> <span class='ocrx_word' id='word_1_214' title='bbox 1299 763 1326 786; x_wconf 92' lang='lat' dir='ltr'><strong>et</strong></span> <span class='ocrx_word' id='word_1_215' title='bbox 1353 758 1519 792; x_wconf 81' lang='lat' dir='ltr'><strong>reliquorum</strong></span> <span class='ocrx_word' id='word_1_216' title='bbox 1547 757 1737 789; x_wconf 81' lang='lat' dir='ltr'><strong>animantium,</strong></span> 
     </span>
    </p>
   </div>
   <div class='ocr_carea' id='block_1_31' title="bbox 953 802 1738 840">
    <p class='ocr_par' dir='ltr' id='par_1_31' title="bbox 953 802 1738 840">
     <span class='ocr_line' id='line_1_31' title="bbox 953 802 1738 840; baseline -0.001 -9"><span class='ocrx_word' id='word_1_217' title='bbox 953 814 1012 840; x_wconf 72' lang='lat' dir='ltr'><strong>qua:</strong></span> <span class='ocrx_word' id='word_1_218' title='bbox 1027 805 1150 833; x_wconf 83' lang='lat' dir='ltr'><strong>homines</strong></span> <span class='ocrx_word' id='word_1_219' title='bbox 1165 805 1295 832; x_wconf 74' lang='lat' dir='ltr'><strong>custodiat</strong></span> <span class='ocrx_word' id='word_1_220' title='bbox 1305 803 1466 832; x_wconf 85' lang='lat' dir='ltr'><strong>etutilitatis</strong></span> <span class='ocrx_word' id='word_1_221' title='bbox 1483 810 1563 831; x_wconf 84' lang='lat' dir='ltr'><strong>causa</strong></span> <span class='ocrx_word' id='word_1_222' title='bbox 1572 803 1656 830; x_wconf 85' lang='lat' dir='ltr'><strong>alunt.</strong></span> <span class='ocrx_word' id='word_1_223' title='bbox 1670 802 1738 830; x_wconf 84' lang='lat' dir='ltr'><strong>Cum</strong></span> 
     </span>
    </p>
   </div>
   <div class='ocr_carea' id='block_1_32' title="bbox 953 847 1739 886">
    <p class='ocr_par' dir='ltr' id='par_1_32' title="bbox 953 847 1739 886">
     <span class='ocr_line' id='line_1_32' title="bbox 953 847 1739 886; baseline -0.005 -8"><span class='ocrx_word' id='word_1_224' title='bbox 953 852 1024 878; x_wconf 86' lang='lat' dir='ltr'><strong>enim</strong></span> <span class='ocrx_word' id='word_1_225' title='bbox 1044 856 1170 886; x_wconf 83' lang='lat' dir='ltr'><strong>sumplus</strong></span> <span class='ocrx_word' id='word_1_226' title='bbox 1183 851 1209 878; x_wconf 89' lang='lat' dir='ltr'><strong>in</strong></span> <span class='ocrx_word' id='word_1_227' title='bbox 1225 850 1299 877; x_wconf 88' lang='lat' dir='ltr'><strong>litem</strong></span> <span class='ocrx_word' id='word_1_228' title='bbox 1314 849 1398 877; x_wconf 84' lang='lat' dir='ltr'><strong>factos</strong></span> <span class='ocrx_word' id='word_1_229' title='bbox 1412 849 1457 883; x_wconf 89' lang='lat' dir='ltr'><strong>qui</strong></span> <span class='ocrx_word' id='word_1_230' title='bbox 1473 856 1554 876; x_wconf 81' lang='lat' dir='ltr'><strong>causa</strong></span> <span class='ocrx_word' id='word_1_231' title='bbox 1568 848 1667 875; x_wconf 88' lang='lat' dir='ltr'><strong>cadunt</strong></span> <span class='ocrx_word' id='word_1_232' title='bbox 1685 847 1739 875; x_wconf 87' lang='lat' dir='ltr'><strong>sol-</strong></span> 
     </span>
    </p>
   </div>
   <div class='ocr_carea' id='block_1_33' title="bbox 954 892 1740 929">
    <p class='ocr_par' dir='ltr' id='par_1_33' title="bbox 954 892 1740 929">
     <span class='ocr_line' id='line_1_33' title="bbox 954 892 1740 929; baseline -0.004 -6"><span class='ocrx_word' id='word_1_233' title='bbox 954 901 1029 929; x_wconf 81' lang='lat' dir='ltr'><strong>vant,</strong></span> <span class='ocrx_word' id='word_1_234' title='bbox 1050 896 1177 923; x_wconf 81' lang='lat' dir='ltr'><strong>damnum</strong></span> <span class='ocrx_word' id='word_1_235' title='bbox 1201 894 1264 922; x_wconf 88' lang='lat' dir='ltr'><strong>mtlli</strong></span> <span class='ocrx_word' id='word_1_236' title='bbox 1287 894 1331 921; x_wconf 87' lang='lat' dir='ltr'><strong>alii</strong></span> <span class='ocrx_word' id='word_1_237' title='bbox 1348 894 1397 926; x_wconf 86' lang='lat' dir='ltr'><strong>rei,</strong></span> <span class='ocrx_word' id='word_1_238' title='bbox 1423 901 1503 927; x_wconf 90' lang='lat' dir='ltr'><strong>quam</strong></span> <span class='ocrx_word' id='word_1_239' title='bbox 1523 900 1578 920; x_wconf 65' lang='lat' dir='ltr'><strong>sua:</strong></span> <span class='ocrx_word' id='word_1_240' title='bbox 1589 892 1740 927; x_wconf 86' lang='lat' dir='ltr'><strong>iniquitatis</strong></span> 
     </span>
    </p>
   </div>
   <div class='ocr_carea' id='block_1_34' title="bbox 117 931 900 976">
    <p class='ocr_par' dir='ltr' id='par_1_34' title="bbox 117 931 900 967">
     <span class='ocr_line' id='line_1_34' title="bbox 117 931 900 967; baseline 0.001 -10"><span class='ocrx_word' id='word_1_241' title='bbox 117 931 305 966; x_wconf 79' lang='grc' dir='ltr'>σχεδιάζοντας</span> <span class='ocrx_word' id='word_1_242' title='bbox 312 932 373 964; x_wconf 80' lang='grc' dir='ltr'>τοὺς</span> <span class='ocrx_word' id='word_1_243' title='bbox 384 932 511 963; x_wconf 77' lang='grc' dir='ltr'>δικαστὰς</span> <span class='ocrx_word' id='word_1_244' title='bbox 521 932 569 967; x_wconf 78' lang='grc' dir='ltr'>τῆς</span> <span class='ocrx_word' id='word_1_245' title='bbox 580 931 723 967; x_wconf 79' lang='grc' dir='ltr'>ἀκριϐείας</span> <span class='ocrx_word' id='word_1_246' title='bbox 734 932 900 966; x_wconf 79' lang='grc' dir='ltr'>διαμαρτεῖν,</span> 
     </span>
    </p>
   </div>
   <div class='ocr_carea' id='block_1_35' title="bbox 953 931 1736 976">
    <p class='ocr_par' dir='ltr' id='par_1_35' title="bbox 954 937 1736 976">
     <span class='ocr_line' id='line_1_35' title="bbox 954 937 1736 976; baseline -0.005 -9"><span class='ocrx_word' id='word_1_247' title='bbox 954 941 1084 976; x_wconf 78' lang='lat' dir='ltr'><strong>imputem</strong></span> <span class='ocrx_word' id='word_1_248' title='bbox 1102 945 1219 975; x_wconf 84' lang='lat' dir='ltr'><strong>oportet.</strong></span> <span class='ocrx_word' id='word_1_249' title='bbox 1234 939 1310 972; x_wconf 83' lang='lat' dir='ltr'><strong>Quod</strong></span> <span class='ocrx_word' id='word_1_250' title='bbox 1331 938 1363 965; x_wconf 82' lang='lat' dir='ltr'><strong>ad</strong></span> <span class='ocrx_word' id='word_1_251' title='bbox 1379 938 1487 972; x_wconf 78' lang='lat' dir='ltr'><strong>longum</strong></span> <span class='ocrx_word' id='word_1_252' title='bbox 1504 941 1609 971; x_wconf 86' lang='lat' dir='ltr'><strong>tempus</strong></span> <span class='ocrx_word' id='word_1_253' title='bbox 1626 937 1736 967; x_wconf 83' lang='lat' dir='ltr'><strong>attinet,</strong></span> 
     </span>
    </p>
   </div>
   <div class='ocr_carea' id='block_1_36' title="bbox 117 977 901 1015">
    <p class='ocr_par' dir='ltr' id='par_1_36' title="bbox 117 977 901 1015">
     <span class='ocr_line' id='line_1_36' title="bbox 117 977 901 1015; baseline 0.001 -11"><span class='ocrx_word' id='word_1_254' title='bbox 117 977 307 1013; x_wconf 74' lang='grc' dir='ltr'>λογιζομένους</span> <span class='ocrx_word' id='word_1_255' title='bbox 330 979 440 1013; x_wconf 80' lang='grc' dir='ltr'>ἄμεινον</span> <span class='ocrx_word' id='word_1_256' title='bbox 467 977 537 1005; x_wconf 75' lang='grc' dir='ltr'>εἶναι</span> <span class='ocrx_word' id='word_1_257' title='bbox 565 978 613 1014; x_wconf 75' lang='grc' dir='ltr'><strong>ὀψὲ</strong></span> <span class='ocrx_word' id='word_1_258' title='bbox 636 979 723 1015; x_wconf 81' lang='grc' dir='ltr'>πέρας</span> <span class='ocrx_word' id='word_1_259' title='bbox 743 979 901 1013; x_wconf 76' lang='grc' dir='ltr'>ἐπιτεθῆναι</span> 
     </span>
    </p>
   </div>
   <div class='ocr_carea' id='block_1_37' title="bbox 115 1024 900 1061">
    <p class='ocr_par' dir='ltr' id='par_1_37' title="bbox 115 1024 900 1061">
     <span class='ocr_line' id='line_1_37' title="bbox 115 1024 900 1061; baseline -0.003 -9"><span class='ocrx_word' id='word_1_260' title='bbox 115 1025 222 1061; x_wconf 81' lang='grc' dir='ltr'>δίκῃ,ῆ</span> <span class='ocrx_word' id='word_1_261' title='bbox 242 1024 441 1055; x_wconf 74' lang='grc' dir='ltr'>ἐσπουδακότας</span> <span class='ocrx_word' id='word_1_262' title='bbox 466 1025 503 1059; x_wconf 87' lang='grc' dir='ltr'>μὴ</span> <span class='ocrx_word' id='word_1_263' title='bbox 526 1025 607 1060; x_wconf 84' lang='grc' dir='ltr'>μόνον</span> <span class='ocrx_word' id='word_1_264' title='bbox 623 1025 767 1060; x_wconf 82' lang='grc' dir='ltr'>ἄνθρωπον</span> <span class='ocrx_word' id='word_1_265' title='bbox 786 1025 900 1058; x_wconf 77' lang='grc' dir='ltr'>ἀδικεῖν,</span> 
     </span>
    </p>
   </div>
   <div class='ocr_carea' id='block_1_38' title="bbox 116 1069 901 1106">
    <p class='ocr_par' dir='ltr' id='par_1_38' title="bbox 116 1069 901 1106">
     <span class='ocr_line' id='line_1_38' title="bbox 116 1069 901 1106; baseline -0.001 -9"><span class='ocrx_word' id='word_1_266' title='bbox 116 1070 185 1097; x_wconf 77' lang='grc' dir='ltr'>ἀλλὰ</span> <span class='ocrx_word' id='word_1_267' title='bbox 196 1071 236 1103; x_wconf 77' lang='grc' dir='ltr'><strong>είς</strong></span> <span class='ocrx_word' id='word_1_268' title='bbox 253 1070 299 1097; x_wconf 77' lang='grc' dir='ltr'>τὸν</span> <span class='ocrx_word' id='word_1_269' title='bbox 317 1070 340 1086; x_wconf 68' lang='grc'><strong>⁸⁸</strong></span> <span class='ocrx_word' id='word_1_270' title='bbox 358 1070 407 1097; x_wconf 84' lang='grc' dir='ltr'>τοῦ</span> <span class='ocrx_word' id='word_1_271' title='bbox 431 1070 535 1097; x_wconf 78' lang='grc' dir='ltr'>δικαίου</span> <span class='ocrx_word' id='word_1_272' title='bbox 553 1071 667 1106; x_wconf 78' lang='grc' dir='ltr'>εὑρετὴν</span> <span class='ocrx_word' id='word_1_273' title='bbox 688 1070 755 1097; x_wconf 82' lang='grc' dir='ltr'>Θεὸν</span> <span class='ocrx_word' id='word_1_274' title='bbox 773 1069 901 1105; x_wconf 83' lang='grc' dir='ltr'>πλημμε-</span> 
     </span>
    </p>
   </div>
   <div class='ocr_carea' id='block_1_39' title="bbox 116 1114 901 1150">
    <p class='ocr_par' dir='ltr' id='par_1_39' title="bbox 116 1114 901 1150">
     <span class='ocr_line' id='line_1_39' title="bbox 116 1114 901 1150; baseline 0.001 -9"><span class='ocrx_word' id='word_1_275' title='bbox 116 1115 185 1142; x_wconf 86' lang='grc' dir='ltr'>λεῖν.</span> <span class='ocrx_word' id='word_1_276' title='bbox 199 1114 313 1142; x_wconf 83' lang='grc' dir='ltr'>Κεῖσοαι</span> <span class='ocrx_word' id='word_1_277' title='bbox 342 1115 371 1142; x_wconf 77' lang='grc' dir='ltr'>δὲ</span> <span class='ocrx_word' id='word_1_278' title='bbox 398 1115 461 1147; x_wconf 78' lang='grc' dir='ltr'>τοὺς</span> <span class='ocrx_word' id='word_1_279' title='bbox 475 1115 573 1150; x_wconf 87' lang='grc' dir='ltr'>νόμους</span> <span class='ocrx_word' id='word_1_280' title='bbox 593 1116 664 1143; x_wconf 76' lang='grc' dir='ltr'>κατὰ</span> <span class='ocrx_word' id='word_1_281' title='bbox 689 1116 808 1148; x_wconf 81' lang='grc' dir='ltr'>πάντων,</span> <span class='ocrx_word' id='word_1_282' title='bbox 831 1115 901 1142; x_wconf 71' lang='grc' dir='ltr'>ὥστε</span> 
     </span>
    </p>
   </div>
   <div class='ocr_carea' id='block_1_40' title="bbox 118 1160 901 1196">
    <p class='ocr_par' dir='ltr' id='par_1_40' title="bbox 118 1160 901 1196">
     <span class='ocr_line' id='line_1_40' title="bbox 118 1160 901 1196; baseline -0.001 -8"><span class='ocrx_word' id='word_1_283' title='bbox 118 1161 208 1192; x_wconf 80' lang='grc' dir='ltr'>αὐτοῖς</span> <span class='ocrx_word' id='word_1_284' title='bbox 229 1161 277 1187; x_wconf 68' lang='grc' dir='ltr'>καὶ</span> <span class='ocrx_word' id='word_1_285' title='bbox 300 1160 410 1194; x_wconf 82' lang='grc' dir='ltr'>βασιλέα</span> <span class='ocrx_word' id='word_1_286' title='bbox 436 1160 589 1192; x_wconf 84' lang='grc' dir='ltr'>πείθεσθαι,</span> <span class='ocrx_word' id='word_1_287' title='bbox 620 1161 668 1187; x_wconf 76' lang='grc' dir='ltr'>καὶ</span> <span class='ocrx_word' id='word_1_288' title='bbox 692 1160 740 1195; x_wconf 79' lang='grc' dir='ltr'>οὐχ</span> <span class='ocrx_word' id='word_1_289' title='bbox 765 1161 802 1192; x_wconf 86' lang='grc' dir='ltr'>ὡς</span> <span class='ocrx_word' id='word_1_290' title='bbox 826 1161 848 1176; x_wconf 79' lang='grc'><strong>⁸⁷</strong></span> <span class='ocrx_word' id='word_1_291' title='bbox 868 1162 901 1196; x_wconf 78' lang='grc' dir='ltr'>τῇ</span> 
     </span>
    </p>
   </div>
   <div class='ocr_carea' id='block_1_41' title="bbox 118 1206 903 1242">
    <p class='ocr_par' dir='ltr' id='par_1_41' title="bbox 118 1206 903 1242">
     <span class='ocr_line' id='line_1_41' title="bbox 118 1206 903 1242; baseline -0.001 -7"><span class='ocrx_word' id='word_1_292' title='bbox 118 1207 202 1235; x_wconf 81' lang='grc' dir='ltr'>αὑτοῦ</span> <span class='ocrx_word' id='word_1_293' title='bbox 215 1207 302 1233; x_wconf 77' lang='grc' dir='ltr'>ἔνεστι</span> <span class='ocrx_word' id='word_1_294' title='bbox 317 1207 481 1242; x_wconf 75' lang='grc' dir='ltr'>κατηγορίᾳ,</span> <span class='ocrx_word' id='word_1_295' title='bbox 491 1208 532 1234; x_wconf 84' lang='grc' dir='ltr'><strong>δτι</strong></span> <span class='ocrx_word' id='word_1_296' title='bbox 556 1215 587 1241; x_wconf 76' lang='grc' dir='ltr'><strong>γε</strong></span> <span class='ocrx_word' id='word_1_297' title='bbox 612 1207 645 1242; x_wconf 85' lang='grc' dir='ltr'>δὴ</span> <span class='ocrx_word' id='word_1_298' title='bbox 669 1208 693 1234; x_wconf 78' lang='grc' dir='ltr'>οἱ</span> <span class='ocrx_word' id='word_1_299' title='bbox 715 1206 826 1242; x_wconf 75' lang='grc' dir='ltr'>εῠποροι</span> <span class='ocrx_word' id='word_1_300' title='bbox 839 1208 903 1239; x_wconf 75' lang='grc' dir='ltr'>τοὺς</span> 
     </span>
    </p>
   </div>
   <div class='ocr_carea' id='block_1_42' title="bbox 119 1254 903 1290">
    <p class='ocr_par' dir='ltr' id='par_1_42' title="bbox 119 1254 903 1290">
     <span class='ocr_line' id='line_1_42' title="bbox 119 1254 903 1290; baseline 0 -9"><span class='ocrx_word' id='word_1_301' title='bbox 119 1255 238 1290; x_wconf 75' lang='grc' dir='ltr'>πένητας</span> <span class='ocrx_word' id='word_1_302' title='bbox 251 1255 398 1286; x_wconf 82' lang='grc' dir='ltr'>ἀκινδύνως</span> <span class='ocrx_word' id='word_1_303' title='bbox 411 1254 554 1289; x_wconf 76' lang='grc' dir='ltr'>βιάζοιντο,</span> <span class='ocrx_word' id='word_1_304' title='bbox 574 1255 598 1280; x_wconf 82' lang='lat' dir='ltr'><strong>si</strong></span> <span class='ocrx_word' id='word_1_305' title='bbox 611 1254 648 1288; x_wconf 82' lang='grc' dir='ltr'>μή</span> <span class='ocrx_word' id='word_1_306' title='bbox 666 1262 697 1288; x_wconf 87' lang='grc' dir='ltr'><strong>γε</strong></span> <span class='ocrx_word' id='word_1_307' title='bbox 713 1254 845 1280; x_wconf 82' lang='grc' dir='ltr'>διαλαθών</span> <span class='ocrx_word' id='word_1_308' title='bbox 861 1263 903 1286; x_wconf 83' lang='grc' dir='ltr'><strong>τις</strong></span> 
     </span>
    </p>
   </div>
   <div class='ocr_carea' id='block_1_43' title="bbox 118 1299 903 1335">
    <p class='ocr_par' dir='ltr' id='par_1_43' title="bbox 118 1299 903 1335">
     <span class='ocr_line' id='line_1_43' title="bbox 118 1299 903 1335; baseline 0 -9"><span class='ocrx_word' id='word_1_309' title='bbox 118 1300 200 1334; x_wconf 79' lang='grc' dir='ltr'>φύγοι</span> <span class='ocrx_word' id='word_1_310' title='bbox 215 1300 263 1334; x_wconf 82' lang='grc' dir='ltr'>τὴν</span> <span class='ocrx_word' id='word_1_311' title='bbox 271 1299 358 1335; x_wconf 87' lang='grc' dir='ltr'>δίκην·</span> <span class='ocrx_word' id='word_1_312' title='bbox 372 1300 441 1335; x_wconf 79' lang='grc' dir='ltr'>ὅπερ</span> <span class='ocrx_word' id='word_1_313' title='bbox 450 1300 499 1326; x_wconf 83' lang='grc' dir='ltr'>οὐκ</span> <span class='ocrx_word' id='word_1_314' title='bbox 508 1300 553 1325; x_wconf 75' lang='grc' dir='ltr'><strong>ἐπὶ</strong></span> <span class='ocrx_word' id='word_1_315' title='bbox 563 1299 616 1325; x_wconf 84' lang='grc' dir='ltr'><strong>τῶν</strong></span> <span class='ocrx_word' id='word_1_316' title='bbox 628 1299 841 1331; x_wconf 60' lang='lat' dir='ltr'><strong>ﬂow!vath</strong></span> <span class='ocrx_word' id='word_1_317' title='bbox 856 1300 903 1326; x_wconf 70' lang='grc' dir='ltr'><strong>καὶ</strong></span> 
     </span>
    </p>
   </div>
   <div class='ocr_carea' id='block_1_44' title="bbox 118 1344 903 1380">
    <p class='ocr_par' dir='ltr' id='par_1_44' title="bbox 118 1344 903 1380">
     <span class='ocr_line' id='line_1_44' title="bbox 118 1344 903 1380; baseline -0.001 -9"><span class='ocrx_word' id='word_1_318' title='bbox 118 1346 242 1380; x_wconf 76' lang='grc' dir='ltr'>πενήτων</span> <span class='ocrx_word' id='word_1_319' title='bbox 250 1344 323 1380; x_wconf 81' lang='grc' dir='ltr'>εὖροι</span> <span class='ocrx_word' id='word_1_320' title='bbox 334 1353 376 1376; x_wconf 85' lang='grc' dir='ltr'><strong>τις</strong></span> <span class='ocrx_word' id='word_1_321' title='bbox 387 1345 429 1371; x_wconf 77' lang='grc' dir='ltr'><strong>ἄν·</strong></span> <span class='ocrx_word' id='word_1_322' title='bbox 446 1344 668 1380; x_wconf 76' lang='grc' dir='ltr'>πλημμελοῦντες</span> <span class='ocrx_word' id='word_1_323' title='bbox 679 1345 733 1380; x_wconf 73' lang='grc' dir='ltr'><strong>γὰρ</strong></span> <span class='ocrx_word' id='word_1_324' title='bbox 745 1344 805 1371; x_wconf 76' lang='grc' dir='ltr'>οὐδὲ</span> <span class='ocrx_word' id='word_1_325' title='bbox 826 1345 903 1371; x_wconf 72' lang='grc' dir='ltr'>αὐτοὶ</span> 
     </span>
    </p>
   </div>
   <div class='ocr_carea' id='block_1_45' title="bbox 119 1389 902 1426">
    <p class='ocr_par' dir='ltr' id='par_1_45' title="bbox 119 1389 902 1426">
     <span class='ocr_line' id='line_1_45' title="bbox 119 1389 902 1426; baseline -0.003 -8"><span class='ocrx_word' id='word_1_326' title='bbox 119 1391 221 1426; x_wconf 78' lang='grc' dir='ltr'>ἀπορίᾳ</span> <span class='ocrx_word' id='word_1_327' title='bbox 235 1390 354 1425; x_wconf 66' lang='grc' dir='ltr'>ἐλέγχων</span> <span class='ocrx_word' id='word_1_328' title='bbox 370 1390 439 1417; x_wconf 80' lang='grc' dir='ltr'>δοῖεν</span> <span class='ocrx_word' id='word_1_329' title='bbox 453 1390 540 1421; x_wconf 84' lang='grc' dir='ltr'>δίκας.</span> <span class='ocrx_word' id='word_1_330' title='bbox 553 1391 621 1418; x_wconf 67' lang='grc' dir='ltr'>,Καὶ</span> <span class='ocrx_word' id='word_1_331' title='bbox 631 1389 711 1417; x_wconf 82' lang='grc' dir='ltr'>τοῦτο</span> <span class='ocrx_word' id='word_1_332' title='bbox 729 1391 805 1425; x_wconf 72' lang='grc' dir='ltr'>παρὰ</span> <span class='ocrx_word' id='word_1_333' title='bbox 819 1391 902 1423; x_wconf 77' lang='grc' dir='ltr'>πᾶσι,</span> 
     </span>
    </p>
   </div>
   <div class='ocr_carea' id='block_1_46' title="bbox 118 1435 903 1471">
    <p class='ocr_par' dir='ltr' id='par_1_46' title="bbox 118 1435 903 1471">
     <span class='ocr_line' id='line_1_46' title="bbox 118 1435 903 1471; baseline 0 -8"><span class='ocrx_word' id='word_1_334' title='bbox 118 1437 166 1463; x_wconf 78' lang='grc' dir='ltr'>καὶ</span> <span class='ocrx_word' id='word_1_335' title='bbox 178 1438 207 1463; x_wconf 75' lang='grc' dir='ltr'>οὐ</span> <span class='ocrx_word' id='word_1_336' title='bbox 222 1438 296 1471; x_wconf 72' lang='grc' dir='ltr'>παρὰ</span> <span class='ocrx_word' id='word_1_337' title='bbox 318 1436 462 1471; x_wconf 81' lang='grc' dir='ltr'>Ῥωμαίοις</span> <span class='ocrx_word' id='word_1_338' title='bbox 480 1437 559 1471; x_wconf 88' lang='grc' dir='ltr'>μόνον</span> <span class='ocrx_word' id='word_1_339' title='bbox 571 1435 718 1471; x_wconf 77' lang='grc' dir='ltr'>συμϐαῖνόν</span> <span class='ocrx_word' id='word_1_340' title='bbox 733 1438 801 1462; x_wconf 68' lang='grc' dir='ltr'>ἐστι.</span> <span class='ocrx_word' id='word_1_341' title='bbox 815 1437 903 1471; x_wconf 71' lang='grc' dir='ltr'>Χάριν</span> 
     </span>
    </p>
   </div>
   <div class='ocr_carea' id='block_1_47' title="bbox 118 1481 901 1517">
    <p class='ocr_par' dir='ltr' id='par_1_47' title="bbox 118 1481 901 1517">
     <span class='ocr_line' id='line_1_47' title="bbox 118 1481 901 1517; baseline 0 -9"><span class='ocrx_word' id='word_1_342' title='bbox 118 1482 147 1508; x_wconf 79' lang='grc' dir='ltr'>δὲ</span> <span class='ocrx_word' id='word_1_343' title='bbox 157 1482 297 1516; x_wconf 77' lang='grc' dir='ltr'>ὁμολογεῖν</span> <span class='ocrx_word' id='word_1_344' title='bbox 310 1483 343 1516; x_wconf 84' lang='grc' dir='ltr'><strong>τῇ</strong></span> <span class='ocrx_word' id='word_1_345' title='bbox 360 1481 429 1516; x_wconf 83' lang='grc' dir='ltr'><strong>τύχῃ</strong></span> <span class='ocrx_word' id='word_1_346' title='bbox 444 1483 488 1507; x_wconf 74' lang='grc' dir='ltr'><strong>ἐπὶ</strong></span> <span class='ocrx_word' id='word_1_347' title='bbox 502 1483 533 1516; x_wconf 77' lang='grc' dir='ltr'>τῇ</span> <span class='ocrx_word' id='word_1_348' title='bbox 546 1481 620 1516; x_wconf 71' lang='grc' dir='ltr'><strong>αὐτῷ</strong></span> <span class='ocrx_word' id='word_1_349' title='bbox 633 1481 778 1517; x_wconf 82' lang='grc' dir='ltr'><strong>ὑπαρξάσῃ</strong></span> <span class='ocrx_word' id='word_1_350' title='bbox 794 1482 901 1508; x_wconf 74' lang='grc' dir='ltr'>ἐλευθε-</span> 
     </span>
    </p>
   </div>
   <div class='ocr_carea' id='block_1_48' title="bbox 121 1527 902 1563">
    <p class='ocr_par' dir='ltr' id='par_1_48' title="bbox 121 1527 902 1563">
     <span class='ocr_line' id='line_1_48' title="bbox 121 1527 902 1563; baseline 0.001 -10"><span class='ocrx_word' id='word_1_351' title='bbox 121 1527 177 1563; x_wconf 74' lang='grc' dir='ltr'>ρίᾳ,</span> <span class='ocrx_word' id='word_1_352' title='bbox 192 1528 239 1554; x_wconf 75' lang='grc' dir='ltr'>καὶ</span> <span class='ocrx_word' id='word_1_353' title='bbox 260 1528 296 1562; x_wconf 87' lang='grc' dir='ltr'>μὴ</span> <span class='ocrx_word' id='word_1_354' title='bbox 311 1527 349 1562; x_wconf 84' lang='grc' dir='ltr'>τῷ</span> <span class='ocrx_word' id='word_1_355' title='bbox 363 1528 408 1553; x_wconf 73' lang='grc' dir='ltr'><strong>ἐπὶ</strong></span> <span class='ocrx_word' id='word_1_356' title='bbox 421 1527 539 1561; x_wconf 75' lang='grc' dir='ltr'>πόλεμον</span> <span class='ocrx_word' id='word_1_357' title='bbox 554 1528 678 1561; x_wconf 78' lang='grc' dir='ltr'>ἑξάγοντι</span> <span class='ocrx_word' id='word_1_358' title='bbox 690 1528 819 1563; x_wconf 80' lang='grc' dir='ltr'>δεσπότῃ.</span> <span class='ocrx_word' id='word_1_359' title='bbox 831 1527 902 1554; x_wconf 79' lang='grc' dir='ltr'>ὥστε</span> 
     </span>
    </p>
   </div>
   <div class='ocr_carea' id='block_1_49' title="bbox 119 1570 901 1606">
    <p class='ocr_par' dir='ltr' id='par_1_49' title="bbox 119 1570 901 1606">
     <span class='ocr_line' id='line_1_49' title="bbox 119 1570 901 1606; baseline 0.001 -9"><span class='ocrx_word' id='word_1_360' title='bbox 119 1570 201 1597; x_wconf 79' lang='grc' dir='ltr'>αὑτὸν</span> <span class='ocrx_word' id='word_1_361' title='bbox 225 1570 266 1597; x_wconf 86' lang='grc' dir='ltr'>δι’</span> <span class='ocrx_word' id='word_1_362' title='bbox 282 1570 410 1606; x_wconf 74' lang='grc' dir='ltr'>ἀπειρίαν</span> <span class='ocrx_word' id='word_1_363' title='bbox 425 1571 440 1605; x_wconf 77' lang='grc' dir='ltr'><strong>ἢ</strong></span> <span class='ocrx_word' id='word_1_364' title='bbox 457 1571 509 1597; x_wconf 78' lang='grc' dir='ltr'><strong>ὑπὸ</strong></span> <span class='ocrx_word' id='word_1_365' title='bbox 523 1571 577 1598; x_wconf 84' lang='grc' dir='ltr'>τῶν</span> <span class='ocrx_word' id='word_1_366' title='bbox 602 1571 740 1606; x_wconf 84' lang='grc' dir='ltr'>πολεμίων</span> <span class='ocrx_word' id='word_1_367' title='bbox 756 1572 901 1606; x_wconf 75' lang='grc' dir='ltr'>ἀναιρεθῆο</span> 
     </span>
    </p>
   </div>
   <div class='ocr_carea' id='block_1_50' title="bbox 119 1602 937 1651">
    <p class='ocr_par' dir='ltr' id='par_1_50' title="bbox 119 1602 937 1651">
     <span class='ocr_line' id='line_1_50' title="bbox 119 1602 937 1651; baseline 0 -9"><span class='ocrx_word' id='word_1_368' title='bbox 119 1615 205 1650; x_wconf 83' lang='grc' dir='ltr'>ναι,ῆ</span> <span class='ocrx_word' id='word_1_369' title='bbox 227 1615 362 1650; x_wconf 77' lang='grc' dir='ltr'>φεύγοντα</span> <span class='ocrx_word' id='word_1_370' title='bbox 386 1615 436 1641; x_wconf 71' lang='grc' dir='ltr'><strong>ὑπὸ</strong></span> <span class='ocrx_word' id='word_1_371' title='bbox 452 1615 499 1641; x_wconf 83' lang='grc' dir='ltr'>τοῦ</span> <span class='ocrx_word' id='word_1_372' title='bbox 530 1616 700 1651; x_wconf 75' lang='grc' dir='ltr'>κτησαμένου</span> <span class='ocrx_word' id='word_1_373' title='bbox 727 1616 899 1648; x_wconf 79' lang='grc' dir='ltr'>κολάζεσθαι.</span> <span class='ocrx_word' id='word_1_374' title='bbox 914 1602 937 1632; x_wconf 71' lang='lat' dir='ltr'>C</span> 
     </span>
    </p>
   </div>
   <div class='ocr_carea' id='block_1_51' title="bbox 121 1661 899 1696">
    <p class='ocr_par' dir='ltr' id='par_1_51' title="bbox 121 1661 899 1696">
     <span class='ocr_line' id='line_1_51' title="bbox 121 1661 899 1696; baseline 0.001 -9"><span class='ocrx_word' id='word_1_375' title='bbox 121 1661 248 1695; x_wconf 75' lang='grc' dir='ltr'>Ἄμεινον</span> <span class='ocrx_word' id='word_1_376' title='bbox 261 1661 289 1687; x_wconf 81' lang='grc' dir='ltr'>δὲ</span> <span class='ocrx_word' id='word_1_377' title='bbox 312 1661 358 1687; x_wconf 62' lang='grc' dir='ltr'>καὶ</span> <span class='ocrx_word' id='word_1_378' title='bbox 375 1662 428 1692; x_wconf 78' lang='grc' dir='ltr'>τοῖς</span> <span class='ocrx_word' id='word_1_379' title='bbox 451 1661 567 1692; x_wconf 74' lang='grc' dir='ltr'>οἰκέταις</span> <span class='ocrx_word' id='word_1_380' title='bbox 585 1661 736 1688; x_wconf 80' lang='grc' dir='ltr'>διατελοῦσι</span> <span class='ocrx_word' id='word_1_381' title='bbox 771 1662 899 1696; x_wconf 77' lang='grc' dir='ltr'>Ῥωμαῖοι</span> 
     </span>
    </p>
   </div>
   <div class='ocr_carea' id='block_1_52' title="bbox 120 1705 899 1741">
    <p class='ocr_par' dir='ltr' id='par_1_52' title="bbox 120 1705 899 1741">
     <span class='ocr_line' id='line_1_52' title="bbox 120 1705 899 1741; baseline 0 -9"><span class='ocrx_word' id='word_1_382' title='bbox 120 1706 264 1741; x_wconf 85' lang='grc' dir='ltr'>χρώμενοι.</span> <span class='ocrx_word' id='word_1_383' title='bbox 283 1706 411 1741; x_wconf 81' lang='grc' dir='ltr'>Πατέρων</span> <span class='ocrx_word' id='word_1_384' title='bbox 425 1706 478 1741; x_wconf 72' lang='grc' dir='ltr'><strong>γὰρ</strong></span> <span class='ocrx_word' id='word_1_385' title='bbox 493 1705 509 1740; x_wconf 84' lang='grc' dir='ltr'>ἢ</span> <span class='ocrx_word' id='word_1_386' title='bbox 523 1706 693 1733; x_wconf 69' lang='grc' dir='ltr'>διδασκάλων</span> <span class='ocrx_word' id='word_1_387' title='bbox 705 1707 732 1737; x_wconf 82' lang='grc' dir='ltr'>ὲς</span> <span class='ocrx_word' id='word_1_388' title='bbox 744 1706 840 1736; x_wconf 78' lang='grc' dir='ltr'>αὐτοὺς</span> <span class='ocrx_word' id='word_1_389' title='bbox 854 1707 899 1741; x_wconf 79' lang='grc' dir='ltr'><strong>ἐρ-</strong></span> 
     </span>
    </p>
   </div>
   <div class='ocr_carea' id='block_1_53' title="bbox 120 1747 901 1786">
    <p class='ocr_par' dir='ltr' id='par_1_53' title="bbox 120 1747 901 1786">
     <span class='ocr_line' id='line_1_53' title="bbox 120 1747 901 1786; baseline 0.001 -9"><span class='ocrx_word' id='word_1_390' title='bbox 120 1758 156 1785; x_wconf 73' lang='grc' dir='ltr'><strong>γα</strong></span> <span class='ocrx_word' id='word_1_391' title='bbox 172 1750 370 1782; x_wconf 80' lang='grc' dir='ltr'>ἐπιδεικνύντες</span> <span class='ocrx_word' id='word_1_392' title='bbox 382 1751 415 1783; x_wconf 68' lang='grc'><strong>⁸⁸,</strong></span> <span class='ocrx_word' id='word_1_393' title='bbox 430 1751 463 1784; x_wconf 74' lang='grc' dir='ltr'>ἐφ</span> <span class='ocrx_word' id='word_1_394' title='bbox 473 1751 478 1759; x_wconf 91' lang='grc'><strong><em>“</em></strong></span> <span class='ocrx_word' id='word_1_395' title='bbox 489 1747 511 1784; x_wconf 85' lang='grc' dir='ltr'>ᾦ</span> <span class='ocrx_word' id='word_1_396' title='bbox 526 1751 580 1776; x_wconf 78' lang='grc' dir='ltr'>τῶν</span> <span class='ocrx_word' id='word_1_397' title='bbox 593 1751 702 1785; x_wconf 83' lang='grc' dir='ltr'>φαύλων</span> <span class='ocrx_word' id='word_1_398' title='bbox 718 1752 901 1786; x_wconf 74' lang='grc' dir='ltr'>ἀπεχομένους</span> 
     </span>
    </p>
   </div>
   <div class='ocr_carea' id='block_1_54' title="bbox 122 1797 901 1834">
    <p class='ocr_par' dir='ltr' id='par_1_54' title="bbox 122 1797 901 1834">
     <span class='ocr_line' id='line_1_54' title="bbox 122 1797 901 1834; baseline 0.001 -11"><span class='ocrx_word' id='word_1_399' title='bbox 122 1798 242 1832; x_wconf 80' lang='grc' dir='ltr'>μετιέναι</span> <span class='ocrx_word' id='word_1_400' title='bbox 258 1797 328 1834; x_wconf 73' lang='grc' dir='ltr'>ᾇπερ</span> <span class='ocrx_word' id='word_1_401' title='bbox 340 1798 431 1829; x_wconf 88' lang='grc' dir='ltr'>αὺτοῖς</span> <span class='ocrx_word' id='word_1_402' title='bbox 443 1798 512 1824; x_wconf 67' lang='grc' dir='ltr'>καλὰ</span> <span class='ocrx_word' id='word_1_403' title='bbox 528 1799 694 1832; x_wconf 76' lang='grc' dir='ltr'>νενόμισται,</span> <span class='ocrx_word' id='word_1_404' title='bbox 705 1798 901 1834; x_wconf 68' lang='grc' dir='ltr'>σωφρονίζουσι</span> 
     </span>
    </p>
   </div>
   <div class='ocr_carea' id='block_1_55' title="bbox 121 1843 902 1879">
    <p class='ocr_par' dir='ltr' id='par_1_55' title="bbox 121 1843 902 1879">
     <span class='ocr_line' id='line_1_55' title="bbox 121 1843 902 1879; baseline 0.001 -10"><span class='ocrx_word' id='word_1_405' title='bbox 121 1845 191 1878; x_wconf 71' lang='grc' dir='ltr'><strong>σφᾶς</strong></span> <span class='ocrx_word' id='word_1_406' title='bbox 201 1843 248 1869; x_wconf 65' lang='grc' dir='ltr'><strong>ἰπὶ</strong></span> <span class='ocrx_word' id='word_1_407' title='bbox 261 1845 316 1875; x_wconf 72' lang='grc' dir='ltr'>τοῖς</span> <span class='ocrx_word' id='word_1_408' title='bbox 329 1844 531 1878; x_wconf 77' lang='grc' dir='ltr'>ἁμαρτήμασιν,</span> <span class='ocrx_word' id='word_1_409' title='bbox 541 1843 633 1879; x_wconf 77' lang='grc' dir='ltr'>ὥσπερ</span> <span class='ocrx_word' id='word_1_410' title='bbox 641 1844 703 1876; x_wconf 76' lang='grc' dir='ltr'>τοὺς</span> <span class='ocrx_word' id='word_1_411' title='bbox 711 1845 826 1875; x_wconf 77' lang='grc' dir='ltr'>οἰκείους</span> <span class='ocrx_word' id='word_1_412' title='bbox 839 1845 902 1870; x_wconf 81' lang='grc' dir='ltr'>παῖ-</span> 
     </span>
    </p>
   </div>
   <div class='ocr_carea' id='block_1_56' title="bbox 120 1889 901 1925">
    <p class='ocr_par' dir='ltr' id='par_1_56' title="bbox 120 1889 901 1925">
     <span class='ocr_line' id='line_1_56' title="bbox 120 1889 901 1925; baseline 0.001 -10"><span class='ocrx_word' id='word_1_413' title='bbox 120 1889 178 1920; x_wconf 80' lang='grc' dir='ltr'>δας.</span> <span class='ocrx_word' id='word_1_414' title='bbox 191 1890 229 1915; x_wconf 82' lang='grc' dir='ltr'><strong>Οὐ</strong></span> <span class='ocrx_word' id='word_1_415' title='bbox 240 1889 272 1924; x_wconf 78' lang='grc' dir='ltr'>δὴ</span> <span class='ocrx_word' id='word_1_416' title='bbox 284 1889 338 1925; x_wconf 79' lang='grc' dir='ltr'>γὰρ</span> <span class='ocrx_word' id='word_1_417' title='bbox 345 1889 405 1916; x_wconf 76' lang='grc' dir='ltr'>οὐδὲ</span> <span class='ocrx_word' id='word_1_418' title='bbox 419 1890 510 1920; x_wconf 75' lang='grc' dir='ltr'>αὐτοῖς</span> <span class='ocrx_word' id='word_1_419' title='bbox 524 1889 648 1920; x_wconf 80' lang='grc' dir='ltr'>θάνατον,</span> <span class='ocrx_word' id='word_1_420' title='bbox 662 1890 756 1925; x_wconf 82' lang='grc' dir='ltr'>ὥσπερ</span> <span class='ocrx_word' id='word_1_421' title='bbox 773 1890 901 1922; x_wconf 68' lang='grc' dir='ltr'>Σκύθαις,</span> 
     </span>
    </p>
   </div>
   <div class='ocr_carea' id='block_1_57' title="bbox 121 1934 901 1970">
    <p class='ocr_par' dir='ltr' id='par_1_57' title="bbox 121 1934 901 1970">
     <span class='ocr_line' id='line_1_57' title="bbox 121 1934 901 1970; baseline 0.001 -10"><span class='ocrx_word' id='word_1_422' title='bbox 121 1935 235 1969; x_wconf 72' lang='grc' dir='ltr'>ἐπάγειν</span> <span class='ocrx_word' id='word_1_423' title='bbox 259 1935 348 1969; x_wconf 82' lang='grc' dir='ltr'>θέμις.</span> <span class='ocrx_word' id='word_1_424' title='bbox 381 1934 550 1970; x_wconf 73' lang='grc' dir='ltr'>Ἐλευθερίας</span> <span class='ocrx_word' id='word_1_425' title='bbox 567 1934 595 1961; x_wconf 82' lang='grc' dir='ltr'>δὲ</span> <span class='ocrx_word' id='word_1_426' title='bbox 615 1935 711 1969; x_wconf 80' lang='grc' dir='ltr'>τρόποι</span> <span class='ocrx_word' id='word_1_427' title='bbox 724 1935 788 1970; x_wconf 85' lang='grc' dir='ltr'>παρ’</span> <span class='ocrx_word' id='word_1_428' title='bbox 810 1936 901 1967; x_wconf 75' lang='grc' dir='ltr'>αὐτοῖς</span> 
     </span>
    </p>
   </div>
   <div class='ocr_carea' id='block_1_58' title="bbox 121 1978 902 2013">
    <p class='ocr_par' dir='ltr' id='par_1_58' title="bbox 121 1978 902 2013">
     <span class='ocr_line' id='line_1_58' title="bbox 121 1978 902 2013; baseline 0.003 -9"><span class='ocrx_word' id='word_1_429' title='bbox 121 1978 250 2010; x_wconf 77' lang='grc' dir='ltr'>πλεῖστοι,</span> <span class='ocrx_word' id='word_1_430' title='bbox 270 1979 302 2013; x_wconf 76' lang='grc' dir='ltr'>ἢν</span> <span class='ocrx_word' id='word_1_431' title='bbox 312 1979 342 2004; x_wconf 87' lang='grc' dir='ltr'>οὺ</span> <span class='ocrx_word' id='word_1_432' title='bbox 355 1978 433 2013; x_wconf 70' lang='grc' dir='ltr'>μόνον</span> <span class='ocrx_word' id='word_1_433' title='bbox 453 1979 603 2013; x_wconf 80' lang='grc' dir='ltr'>περιόντες,</span> <span class='ocrx_word' id='word_1_434' title='bbox 618 1979 686 2006; x_wconf 82' lang='grc' dir='ltr'>ἀλλὰ</span> <span class='ocrx_word' id='word_1_435' title='bbox 700 1980 746 2006; x_wconf 73' lang='grc' dir='ltr'><strong>καὶ</strong></span> <span class='ocrx_word' id='word_1_436' title='bbox 756 1980 902 2006; x_wconf 85' lang='grc' dir='ltr'>τελευτῶν-</span> 
     </span>
    </p>
   </div>
   <div class='ocr_carea' id='block_1_59' title="bbox 120 2023 902 2059">
    <p class='ocr_par' dir='ltr' id='par_1_59' title="bbox 120 2023 902 2059">
     <span class='ocr_line' id='line_1_59' title="bbox 120 2023 902 2059; baseline 0.004 -11"><span class='ocrx_word' id='word_1_437' title='bbox 120 2030 165 2055; x_wconf 86' lang='grc' dir='ltr'><strong>τες</strong></span> <span class='ocrx_word' id='word_1_438' title='bbox 179 2023 346 2057; x_wconf 76' lang='grc' dir='ltr'>χαρίζονται,</span> <span class='ocrx_word' id='word_1_439' title='bbox 369 2023 557 2054; x_wconf 82' lang='grc' dir='ltr'>διατάττοντες</span> <span class='ocrx_word' id='word_1_440' title='bbox 570 2024 640 2050; x_wconf 82' lang='grc' dir='ltr'>κατὰ</span> <span class='ocrx_word' id='word_1_441' title='bbox 662 2025 710 2059; x_wconf 81' lang='grc' dir='ltr'>τῆς</span> <span class='ocrx_word' id='word_1_442' title='bbox 742 2026 902 2058; x_wconf 83' lang='grc' dir='ltr'>περιουσίας</span> 
     </span>
    </p>
   </div>
   <div class='ocr_carea' id='block_1_60' title="bbox 121 2068 903 2105">
    <p class='ocr_par' dir='ltr' id='par_1_60' title="bbox 121 2068 903 2105">
     <span class='ocr_line' id='line_1_60' title="bbox 121 2068 903 2105; baseline 0.004 -10"><span class='ocrx_word' id='word_1_443' title='bbox 121 2068 151 2096; x_wconf 74' lang='grc' dir='ltr'>ὃν</span> <span class='ocrx_word' id='word_1_444' title='bbox 170 2068 309 2103; x_wconf 85' lang='grc' dir='ltr'>βούλονται</span> <span class='ocrx_word' id='word_1_445' title='bbox 323 2069 434 2104; x_wconf 81' lang='grc' dir='ltr'>τρόπον.</span> <span class='ocrx_word' id='word_1_446' title='bbox 459 2070 512 2095; x_wconf 79' lang='grc' dir='ltr'><strong>Καὶ</strong></span> <span class='ocrx_word' id='word_1_447' title='bbox 525 2070 605 2105; x_wconf 88' lang='grc' dir='ltr'>νόμος</span> <span class='ocrx_word' id='word_1_448' title='bbox 619 2070 692 2096; x_wconf 81' lang='grc' dir='ltr'>ἐστὶν</span> <span class='ocrx_word' id='word_1_449' title='bbox 707 2071 775 2105; x_wconf 77' lang='grc' dir='ltr'>ὅπερ</span> <span class='ocrx_word' id='word_1_450' title='bbox 788 2071 903 2102; x_wconf 73' lang='grc' dir='ltr'>ἕκαστος</span> 
     </span>
    </p>
   </div>
   <div class='ocr_carea' id='block_1_61' title="bbox 120 2115 902 2151">
    <p class='ocr_par' dir='ltr' id='par_1_61' title="bbox 120 2115 902 2151">
     <span class='ocr_line' id='line_1_61' title="bbox 120 2115 902 2151; baseline 0.001 -9"><span class='ocrx_word' id='word_1_451' title='bbox 120 2115 254 2142; x_wconf 82' lang='grc' dir='ltr'>τελευτῶν</span> <span class='ocrx_word' id='word_1_452' title='bbox 268 2116 332 2150; x_wconf 75' lang='grc' dir='ltr'>περὶ</span> <span class='ocrx_word' id='word_1_453' title='bbox 344 2115 398 2141; x_wconf 86' lang='grc' dir='ltr'><strong>τῶν</strong></span> <span class='ocrx_word' id='word_1_454' title='bbox 413 2116 605 2151; x_wconf 70' lang='grc' dir='ltr'>προσηκόντων</span> <span class='ocrx_word' id='word_1_455' title='bbox 616 2116 796 2151; x_wconf 82' lang='grc' dir='ltr'>βουλεύσοιτο.</span> <span class='ocrx_word' id='word_1_456' title='bbox 813 2126 822 2144; x_wconf 72' lang='grc' dir='ltr'><strong>ι</strong></span> <span class='ocrx_word' id='word_1_457' title='bbox 847 2117 902 2144; x_wconf 76' lang='grc' dir='ltr'><strong>Καὶ</strong></span> 
     </span>
    </p>
   </div>
   <div class='ocr_carea' id='block_1_62' title="bbox 121 2161 902 2197">
    <p class='ocr_par' dir='ltr' id='par_1_62' title="bbox 121 2161 902 2197">
     <span class='ocr_line' id='line_1_62' title="bbox 121 2161 902 2197; baseline -0.001 -8"><span class='ocrx_word' id='word_1_458' title='bbox 121 2162 150 2194; x_wconf 78' lang='grc' dir='ltr'>ὃς</span> <span class='ocrx_word' id='word_1_459' title='bbox 165 2161 300 2196; x_wconf 65' lang='grc' dir='ltr'>δακρύσας</span> <span class='ocrx_word' id='word_1_460' title='bbox 319 2161 382 2196; x_wconf 76' lang='grc' dir='ltr'>ἔφη,</span> <span class='ocrx_word' id='word_1_461' title='bbox 397 2161 434 2193; x_wconf 81' lang='grc' dir='ltr'><strong>ὡς</strong></span> <span class='ocrx_word' id='word_1_462' title='bbox 446 2162 470 2188; x_wconf 76' lang='grc' dir='ltr'>οἱ</span> <span class='ocrx_word' id='word_1_463' title='bbox 485 2161 535 2197; x_wconf 84' lang='grc' dir='ltr'>μὲν</span> <span class='ocrx_word' id='word_1_464' title='bbox 560 2161 638 2196; x_wconf 83' lang='grc' dir='ltr'>νόμοι</span> <span class='ocrx_word' id='word_1_465' title='bbox 662 2162 740 2189; x_wconf 83' lang='grc' dir='ltr'>καλοὶ</span> <span class='ocrx_word' id='word_1_466' title='bbox 760 2162 808 2188; x_wconf 80' lang='grc' dir='ltr'>καὶ</span> <span class='ocrx_word' id='word_1_467' title='bbox 822 2163 838 2197; x_wconf 89' lang='grc' dir='ltr'><strong>ὴ</strong></span> <span class='ocrx_word' id='word_1_468' title='bbox 853 2171 902 2188; x_wconf 89' lang='grc' dir='ltr'>πο-</span> 
     </span>
    </p>
   </div>
   <div class='ocr_carea' id='block_1_63' title="bbox 119 2208 902 2245">
    <p class='ocr_par' dir='ltr' id='par_1_63' title="bbox 119 2208 902 2245">
     <span class='ocr_line' id='line_1_63' title="bbox 119 2208 902 2245; baseline 0.001 -10"><span class='ocrx_word' id='word_1_469' title='bbox 119 2209 206 2236; x_wconf 86' lang='grc' dir='ltr'>λιτεία</span> <span class='ocrx_word' id='word_1_470' title='bbox 224 2208 232 2218; x_wconf 84' lang='grc'><strong>⁹</strong></span> <span class='ocrx_word' id='word_1_471' title='bbox 245 2208 378 2244; x_wconf 84' lang='grc' dir='ltr'>Ρωμαίων</span> <span class='ocrx_word' id='word_1_472' title='bbox 399 2208 500 2243; x_wconf 81' lang='grc' dir='ltr'>ἀγαθὴ,</span> <span class='ocrx_word' id='word_1_473' title='bbox 524 2209 549 2235; x_wconf 76' lang='lat' dir='ltr'><strong>oi</strong></span> <span class='ocrx_word' id='word_1_474' title='bbox 567 2209 588 2235; x_wconf 86' lang='grc' dir='ltr'>δ⁴</span> <span class='ocrx_word' id='word_1_475' title='bbox 604 2209 734 2244; x_wconf 81' lang='grc' dir='ltr'>ἄρχοντες</span> <span class='ocrx_word' id='word_1_476' title='bbox 758 2210 806 2245; x_wconf 85' lang='grc' dir='ltr'>οὺχ</span> <span class='ocrx_word' id='word_1_477' title='bbox 821 2210 902 2245; x_wconf 79' lang='grc' dir='ltr'>ὅμοια</span> 
     </span>
    </p>
   </div>
   <div class='ocr_carea' id='block_1_64' title="bbox 118 2254 811 2290">
    <p class='ocr_par' dir='ltr' id='par_1_64' title="bbox 118 2254 811 2290">
     <span class='ocr_line' id='line_1_64' title="bbox 118 2254 811 2290; baseline 0 -8"><span class='ocrx_word' id='word_1_478' title='bbox 118 2255 176 2287; x_wconf 78' lang='grc' dir='ltr'>τοῖς</span> <span class='ocrx_word' id='word_1_479' title='bbox 197 2255 279 2282; x_wconf 68' lang='grc' dir='ltr'>πάλαι</span> <span class='ocrx_word' id='word_1_480' title='bbox 300 2254 462 2290; x_wconf 72' lang='grc' dir='ltr'>φρονοῦντες</span> <span class='ocrx_word' id='word_1_481' title='bbox 482 2254 567 2290; x_wconf 81' lang='grc' dir='ltr'>αὐτὴν</span> <span class='ocrx_word' id='word_1_482' title='bbox 581 2255 811 2290; x_wconf 81' lang='grc' dir='ltr'>διαλυμαίνονται.</span> 
     </span>
    </p>
   </div>
   <div class='ocr_carea' id='block_1_65' title="bbox 953 982 1740 1022">
    <p class='ocr_par' dir='ltr' id='par_1_65' title="bbox 953 982 1740 1022">
     <span class='ocr_line' id='line_1_65' title="bbox 953 982 1740 1022; baseline -0.005 -8"><span class='ocrx_word' id='word_1_483' title='bbox 953 987 1024 1022; x_wconf 90' lang='lat' dir='ltr'><strong>quod</strong></span> <span class='ocrx_word' id='word_1_484' title='bbox 1039 987 1066 1014; x_wconf 94' lang='lat' dir='ltr'><strong>in</strong></span> <span class='ocrx_word' id='word_1_485' title='bbox 1079 987 1173 1014; x_wconf 80' lang='lat' dir='ltr'><strong>litibus</strong></span> <span class='ocrx_word' id='word_1_486' title='bbox 1189 985 1368 1016; x_wconf 87' lang='lat' dir='ltr'><strong>cottsumitur,</strong></span> <span class='ocrx_word' id='word_1_487' title='bbox 1384 984 1406 1010; x_wconf 88' lang='lat' dir='ltr'><strong>si</strong></span> <span class='ocrx_word' id='word_1_488' title='bbox 1423 983 1530 1018; x_wconf 77' lang='lat' dir='ltr'><strong>quando</strong></span> <span class='ocrx_word' id='word_1_489' title='bbox 1548 983 1572 1010; x_wconf 90' lang='lat' dir='ltr'><strong>id</strong></span> <span class='ocrx_word' id='word_1_490' title='bbox 1593 982 1693 1014; x_wconf 86' lang='lat' dir='ltr'><strong>evenit,</strong></span> <span class='ocrx_word' id='word_1_491' title='bbox 1711 982 1740 1010; x_wconf 89' lang='lat' dir='ltr'><strong>id</strong></span> 
     </span>
    </p>
   </div>
   <div class='ocr_carea' id='block_1_66' title="bbox 951 1027 1740 1067">
    <p class='ocr_par' dir='ltr' id='par_1_66' title="bbox 951 1027 1740 1067">
     <span class='ocr_line' id='line_1_66' title="bbox 951 1027 1740 1067; baseline -0.008 -7"><span class='ocrx_word' id='word_1_492' title='bbox 951 1033 1022 1067; x_wconf 80' lang='lat' dir='ltr'><strong>juris</strong></span> <span class='ocrx_word' id='word_1_493' title='bbox 1048 1031 1234 1066; x_wconf 76' lang='lat' dir='ltr'><strong>providentius</strong></span> <span class='ocrx_word' id='word_1_494' title='bbox 1259 1030 1368 1058; x_wconf 78' lang='lat' dir='ltr'><strong>dicendi</strong></span> <span class='ocrx_word' id='word_1_495' title='bbox 1393 1029 1479 1062; x_wconf 76' lang='lat' dir='ltr'><strong>gratia</strong></span> <span class='ocrx_word' id='word_1_496' title='bbox 1506 1028 1547 1061; x_wconf 84' lang='lat' dir='ltr'><strong>fit,</strong></span> <span class='ocrx_word' id='word_1_497' title='bbox 1578 1035 1613 1055; x_wconf 85' lang='lat' dir='ltr'><strong>ne</strong></span> <span class='ocrx_word' id='word_1_498' title='bbox 1632 1027 1740 1062; x_wconf 69' lang='lat' dir='ltr'><strong>judice:</strong></span> 
     </span>
    </p>
   </div>
   <div class='ocr_carea' id='block_1_67' title="bbox 953 1073 1741 1113">
    <p class='ocr_par' dir='ltr' id='par_1_67' title="bbox 953 1073 1741 1113">
     <span class='ocr_line' id='line_1_67' title="bbox 953 1073 1741 1113; baseline -0.008 -8"><span class='ocrx_word' id='word_1_499' title='bbox 953 1082 1130 1113; x_wconf 88' lang='lat' dir='ltr'><strong>properantes</strong></span> <span class='ocrx_word' id='word_1_500' title='bbox 1158 1078 1192 1104; x_wconf 88' lang='lat' dir='ltr'><strong>ab</strong></span> <span class='ocrx_word' id='word_1_501' title='bbox 1219 1079 1347 1104; x_wconf 75' lang='lat' dir='ltr'><strong>accurata</strong></span> <span class='ocrx_word' id='word_1_502' title='bbox 1370 1074 1511 1109; x_wconf 89' lang='lat' dir='ltr'><strong>judicandi</strong></span> <span class='ocrx_word' id='word_1_503' title='bbox 1534 1073 1640 1101; x_wconf 74' lang='lat' dir='ltr'><strong>ratione</strong></span> <span class='ocrx_word' id='word_1_504' title='bbox 1659 1073 1741 1100; x_wconf 85' lang='lat' dir='ltr'><strong>aber-</strong></span> 
     </span>
    </p>
   </div>
   <div class='ocr_carea' id='block_1_68' title="bbox 953 1118 1740 1157">
    <p class='ocr_par' dir='ltr' id='par_1_68' title="bbox 953 1118 1740 1157">
     <span class='ocr_line' id='line_1_68' title="bbox 953 1118 1740 1157; baseline -0.008 -6"><span class='ocrx_word' id='word_1_505' title='bbox 953 1129 1022 1151; x_wconf 88' lang='lat' dir='ltr'><strong>rent.</strong></span> <span class='ocrx_word' id='word_1_506' title='bbox 1039 1123 1084 1150; x_wconf 88' lang='lat' dir='ltr'><strong>Sic</strong></span> <span class='ocrx_word' id='word_1_507' title='bbox 1100 1123 1172 1150; x_wconf 89' lang='lat' dir='ltr'><strong>enitn</strong></span> <span class='ocrx_word' id='word_1_508' title='bbox 1194 1122 1317 1157; x_wconf 86' lang='lat' dir='ltr'><strong>judicant</strong></span> <span class='ocrx_word' id='word_1_509' title='bbox 1341 1120 1437 1148; x_wconf 87' lang='lat' dir='ltr'><strong>melius</strong></span> <span class='ocrx_word' id='word_1_510' title='bbox 1450 1127 1522 1152; x_wconf 86' lang='lat' dir='ltr'><strong>esse,</strong></span> <span class='ocrx_word' id='word_1_511' title='bbox 1539 1118 1643 1146; x_wconf 79' lang='lat' dir='ltr'><strong>tardius</strong></span> <span class='ocrx_word' id='word_1_512' title='bbox 1659 1118 1740 1145; x_wconf 87' lang='lat' dir='ltr'><strong>finem</strong></span> 
     </span>
    </p>
   </div>
   <div class='ocr_carea' id='block_1_69' title="bbox 953 1162 1741 1200">
    <p class='ocr_par' dir='ltr' id='par_1_69' title="bbox 953 1162 1741 1200">
     <span class='ocr_line' id='line_1_69' title="bbox 953 1162 1741 1200; baseline -0.005 -7"><span class='ocrx_word' id='word_1_513' title='bbox 953 1166 1046 1194; x_wconf 91' lang='lat' dir='ltr'><strong>iitihus</strong></span> <span class='ocrx_word' id='word_1_514' title='bbox 1062 1167 1210 1200; x_wconf 87' lang='lat' dir='ltr'><strong>imponere,</strong></span> <span class='ocrx_word' id='word_1_515' title='bbox 1227 1173 1308 1199; x_wconf 79' lang='lat' dir='ltr'><strong>quam</strong></span> <span class='ocrx_word' id='word_1_516' title='bbox 1325 1164 1486 1191; x_wconf 81' lang='lat' dir='ltr'><strong>festinantes</strong></span> <span class='ocrx_word' id='word_1_517' title='bbox 1504 1170 1558 1190; x_wconf 92' lang='lat' dir='ltr'><strong>non</strong></span> <span class='ocrx_word' id='word_1_518' title='bbox 1582 1163 1671 1190; x_wconf 90' lang='lat' dir='ltr'><strong>solum</strong></span> <span class='ocrx_word' id='word_1_519' title='bbox 1690 1162 1741 1189; x_wconf 93' lang='lat' dir='ltr'><strong>ini-</strong></span> 
     </span>
    </p>
   </div>
   <div class='ocr_carea' id='block_1_70' title="bbox 954 1207 1740 1246">
    <p class='ocr_par' dir='ltr' id='par_1_70' title="bbox 954 1207 1740 1246">
     <span class='ocr_line' id='line_1_70' title="bbox 954 1207 1740 1246; baseline -0.005 -8"><span class='ocrx_word' id='word_1_520' title='bbox 954 1220 1035 1246; x_wconf 88' lang='lat' dir='ltr'><strong>qnutn</strong></span> <span class='ocrx_word' id='word_1_521' title='bbox 1057 1213 1102 1245; x_wconf 85' lang='lat' dir='ltr'><strong>jus</strong></span> <span class='ocrx_word' id='word_1_522' title='bbox 1129 1212 1155 1238; x_wconf 91' lang='lat' dir='ltr'><strong>in</strong></span> <span class='ocrx_word' id='word_1_523' title='bbox 1173 1211 1308 1238; x_wconf 86' lang='lat' dir='ltr'><strong>hominem</strong></span> <span class='ocrx_word' id='word_1_524' title='bbox 1333 1214 1463 1242; x_wconf 84' lang='lat' dir='ltr'><strong>statuere,</strong></span> <span class='ocrx_word' id='word_1_525' title='bbox 1494 1216 1586 1236; x_wconf 87' lang='lat' dir='ltr'><strong>verum</strong></span> <span class='ocrx_word' id='word_1_526' title='bbox 1603 1209 1686 1235; x_wconf 86' lang='lat' dir='ltr'><strong>etiam</strong></span> <span class='ocrx_word' id='word_1_527' title='bbox 1712 1207 1740 1235; x_wconf 83' lang='lat' dir='ltr'><strong>in</strong></span> 
     </span>
    </p>
   </div>
   <div class='ocr_carea' id='block_1_71' title="bbox 953 1252 1740 1291">
    <p class='ocr_par' dir='ltr' id='par_1_71' title="bbox 953 1252 1740 1291">
     <span class='ocr_line' id='line_1_71' title="bbox 953 1252 1740 1291; baseline -0.005 -7"><span class='ocrx_word' id='word_1_528' title='bbox 953 1257 1049 1289; x_wconf 80' lang='lat' dir='ltr'><strong>Deum,</strong></span> <span class='ocrx_word' id='word_1_529' title='bbox 1061 1257 1172 1291; x_wconf 74' lang='lat' dir='ltr'><strong>justitiae</strong></span> <span class='ocrx_word' id='word_1_530' title='bbox 1183 1257 1360 1288; x_wconf 85' lang='lat' dir='ltr'><strong>inventorem,</strong></span> <span class='ocrx_word' id='word_1_531' title='bbox 1375 1262 1498 1290; x_wconf 79' lang='lat' dir='ltr'><strong>peccare.</strong></span> <span class='ocrx_word' id='word_1_532' title='bbox 1514 1254 1600 1288; x_wconf 87' lang='lat' dir='ltr'><strong>Leges</strong></span> <span class='ocrx_word' id='word_1_533' title='bbox 1610 1258 1698 1281; x_wconf 85' lang='lat' dir='ltr'><strong>autem</strong></span> <span class='ocrx_word' id='word_1_534' title='bbox 1713 1252 1740 1280; x_wconf 89' lang='lat' dir='ltr'><strong>in</strong></span> 
     </span>
    </p>
   </div>
   <div class='ocr_carea' id='block_1_72' title="bbox 954 1300 1741 1337">
    <p class='ocr_par' dir='ltr' id='par_1_72' title="bbox 954 1300 1741 1337">
     <span class='ocr_line' id='line_1_72' title="bbox 954 1300 1741 1337; baseline -0.009 -7"><span class='ocrx_word' id='word_1_535' title='bbox 954 1311 1047 1330; x_wconf 86' lang='lat' dir='ltr'><strong>omnes</strong></span> <span class='ocrx_word' id='word_1_536' title='bbox 1061 1303 1154 1337; x_wconf 69' lang='lat' dir='ltr'><strong>positu:</strong></span> <span class='ocrx_word' id='word_1_537' title='bbox 1170 1307 1243 1334; x_wconf 86' lang='lat' dir='ltr'><strong>sunt,</strong></span> <span class='ocrx_word' id='word_1_538' title='bbox 1259 1306 1287 1327; x_wconf 90' lang='lat' dir='ltr'><strong>ut</strong></span> <span class='ocrx_word' id='word_1_539' title='bbox 1298 1302 1349 1328; x_wconf 80' lang='lat' dir='ltr'><strong>illis</strong></span> <span class='ocrx_word' id='word_1_540' title='bbox 1363 1301 1443 1328; x_wconf 87' lang='lat' dir='ltr'><strong>etiam</strong></span> <span class='ocrx_word' id='word_1_541' title='bbox 1460 1301 1516 1335; x_wconf 85' lang='lat' dir='ltr'><strong>ipse</strong></span> <span class='ocrx_word' id='word_1_542' title='bbox 1531 1300 1678 1333; x_wconf 83' lang='lat' dir='ltr'><strong>imperator</strong></span> <span class='ocrx_word' id='word_1_543' title='bbox 1696 1305 1741 1332; x_wconf 89' lang='lat' dir='ltr'><strong>pa-</strong></span> 
     </span>
    </p>
   </div>
   <div class='ocr_carea' id='block_1_73' title="bbox 956 1343 1740 1382">
    <p class='ocr_par' dir='ltr' id='par_1_73' title="bbox 956 1343 1740 1382">
     <span class='ocr_line' id='line_1_73' title="bbox 956 1343 1740 1382; baseline -0.009 -6"><span class='ocrx_word' id='word_1_544' title='bbox 956 1353 1022 1376; x_wconf 82' lang='lat' dir='ltr'><strong>reat.</strong></span> <span class='ocrx_word' id='word_1_545' title='bbox 1045 1348 1150 1382; x_wconf 83' lang='lat' dir='ltr'><strong>Neque,</strong></span> <span class='ocrx_word' id='word_1_546' title='bbox 1174 1347 1200 1374; x_wconf 88' lang='lat' dir='ltr'><strong>id</strong></span> <span class='ocrx_word' id='word_1_547' title='bbox 1220 1347 1299 1381; x_wconf 92' lang='lat' dir='ltr'><strong>quod.</strong></span> <span class='ocrx_word' id='word_1_548' title='bbox 1312 1350 1356 1373; x_wconf 88' lang='lat' dir='ltr'><strong>tua</strong></span> <span class='ocrx_word' id='word_1_549' title='bbox 1382 1345 1553 1373; x_wconf 80' lang='lat' dir='ltr'><strong>accusatione</strong></span> <span class='ocrx_word' id='word_1_550' title='bbox 1573 1343 1740 1375; x_wconf 86' lang='lat' dir='ltr'><strong>continetur,</strong></span> 
     </span>
    </p>
   </div>
   <div class='ocr_carea' id='block_1_74' title="bbox 955 1388 1742 1430">
    <p class='ocr_par' dir='ltr' id='par_1_74' title="bbox 955 1388 1742 1430">
     <span class='ocr_line' id='line_1_74' title="bbox 955 1388 1742 1430; baseline -0.006 -10"><span class='ocrx_word' id='word_1_551' title='bbox 955 1395 1120 1430; x_wconf 69' lang='lat' dir='ltr'><strong>potentiores</strong></span> <span class='ocrx_word' id='word_1_552' title='bbox 1142 1393 1164 1420; x_wconf 88' lang='lat' dir='ltr'><strong>si</strong></span> <span class='ocrx_word' id='word_1_553' title='bbox 1188 1392 1355 1419; x_wconf 82' lang='lat' dir='ltr'><strong>tenuioribus</strong></span> <span class='ocrx_word' id='word_1_554' title='bbox 1371 1391 1423 1418; x_wconf 77' lang='lat' dir='ltr'><strong>vim</strong></span> <span class='ocrx_word' id='word_1_555' title='bbox 1441 1390 1568 1422; x_wconf 84' lang='lat' dir='ltr'><strong>inferant,</strong></span> <span class='ocrx_word' id='word_1_556' title='bbox 1590 1389 1616 1416; x_wconf 91' lang='lat' dir='ltr'><strong>id</strong></span> <span class='ocrx_word' id='word_1_557' title='bbox 1632 1388 1686 1416; x_wconf 78' lang='lat' dir='ltr'><strong>illis</strong></span> <span class='ocrx_word' id='word_1_558' title='bbox 1700 1393 1742 1416; x_wconf 87' lang='lat' dir='ltr'><strong>est</strong></span> 
     </span>
    </p>
   </div>
   <div class='ocr_carea' id='block_1_75' title="bbox 955 1435 1739 1474">
    <p class='ocr_par' dir='ltr' id='par_1_75' title="bbox 955 1435 1739 1474">
     <span class='ocr_line' id='line_1_75' title="bbox 955 1435 1739 1474; baseline -0.009 -7"><span class='ocrx_word' id='word_1_559' title='bbox 955 1441 1074 1474; x_wconf 89' lang='lat' dir='ltr'><strong>Impune,</strong></span> <span class='ocrx_word' id='word_1_560' title='bbox 1100 1439 1151 1466; x_wconf 87' lang='lat' dir='ltr'><strong>nisi</strong></span> <span class='ocrx_word' id='word_1_561' title='bbox 1182 1438 1244 1474; x_wconf 90' lang='lat' dir='ltr'><strong>quis</strong></span> <span class='ocrx_word' id='word_1_562' title='bbox 1264 1438 1335 1464; x_wconf 85' lang='lat' dir='ltr'><strong>forte</strong></span> <span class='ocrx_word' id='word_1_563' title='bbox 1362 1437 1449 1464; x_wconf 88' lang='lat' dir='ltr'><strong>latens</strong></span> <span class='ocrx_word' id='word_1_564' title='bbox 1470 1443 1578 1470; x_wconf 62' lang='lat' dir='ltr'><strong>pugnam</strong></span> <span class='ocrx_word' id='word_1_565' title='bbox 1596 1435 1739 1470; x_wconf 83' lang='lat' dir='ltr'><strong>eﬂ&#39;ugerit;</strong></span> 
     </span>
    </p>
   </div>
   <div class='ocr_carea' id='block_1_76' title="bbox 953 1479 1741 1519">
    <p class='ocr_par' dir='ltr' id='par_1_76' title="bbox 953 1479 1741 1519">
     <span class='ocr_line' id='line_1_76' title="bbox 953 1479 1741 1519; baseline -0.004 -9"><span class='ocrx_word' id='word_1_566' title='bbox 953 1486 1024 1519; x_wconf 88' lang='lat' dir='ltr'><strong>quod</strong></span> <span class='ocrx_word' id='word_1_567' title='bbox 1041 1491 1093 1511; x_wconf 91' lang='lat' dir='ltr'><strong>non</strong></span> <span class='ocrx_word' id='word_1_568' title='bbox 1113 1484 1200 1510; x_wconf 87' lang='lat' dir='ltr'><strong>solum</strong></span> <span class='ocrx_word' id='word_1_569' title='bbox 1217 1483 1356 1515; x_wconf 78' lang='lat' dir='ltr'><strong>divitibus,</strong></span> <span class='ocrx_word' id='word_1_570' title='bbox 1373 1481 1421 1508; x_wconf 85' lang='lat' dir='ltr'><strong>sed</strong></span> <span class='ocrx_word' id='word_1_571' title='bbox 1437 1481 1520 1508; x_wconf 88' lang='lat' dir='ltr'><strong>etiam</strong></span> <span class='ocrx_word' id='word_1_572' title='bbox 1543 1481 1668 1514; x_wconf 81' lang='lat' dir='ltr'><strong>inopibus</strong></span> <span class='ocrx_word' id='word_1_573' title='bbox 1684 1479 1741 1514; x_wconf 86' lang='lat' dir='ltr'><strong>ple-</strong></span> 
     </span>
    </p>
   </div>
   <div class='ocr_carea' id='block_1_77' title="bbox 955 1526 1740 1564">
    <p class='ocr_par' dir='ltr' id='par_1_77' title="bbox 955 1526 1740 1564">
     <span class='ocr_line' id='line_1_77' title="bbox 955 1526 1740 1564; baseline -0.008 -8"><span class='ocrx_word' id='word_1_574' title='bbox 955 1537 1068 1564; x_wconf 82' lang='lat' dir='ltr'><strong>rumque</strong></span> <span class='ocrx_word' id='word_1_575' title='bbox 1081 1537 1130 1556; x_wconf 90' lang='lat' dir='ltr'><strong>usu</strong></span> <span class='ocrx_word' id='word_1_576' title='bbox 1145 1528 1217 1555; x_wconf 86' lang='lat' dir='ltr'><strong>venit</strong></span> <span class='ocrx_word' id='word_1_577' title='bbox 1236 1536 1244 1555; x_wconf 91' lang='lat'><strong>:</strong></span> <span class='ocrx_word' id='word_1_578' title='bbox 1265 1534 1327 1555; x_wconf 87' lang='lat' dir='ltr'><strong>nam</strong></span> <span class='ocrx_word' id='word_1_579' title='bbox 1351 1526 1377 1554; x_wconf 94' lang='lat' dir='ltr'><strong>hi</strong></span> <span class='ocrx_word' id='word_1_580' title='bbox 1402 1533 1519 1560; x_wconf 88' lang='lat' dir='ltr'><strong>quoque,</strong></span> <span class='ocrx_word' id='word_1_581' title='bbox 1541 1526 1562 1553; x_wconf 91' lang='lat' dir='ltr'><strong>si</strong></span> <span class='ocrx_word' id='word_1_582' title='bbox 1579 1527 1740 1560; x_wconf 78' lang='lat' dir='ltr'><strong>argumenta</strong></span> 
     </span>
    </p>
   </div>
   <div class='ocr_carea' id='block_1_78' title="bbox 956 1570 1740 1609">
    <p class='ocr_par' dir='ltr' id='par_1_78' title="bbox 956 1570 1740 1609">
     <span class='ocr_line' id='line_1_78' title="bbox 956 1570 1740 1609; baseline -0.006 -7"><span class='ocrx_word' id='word_1_583' title='bbox 956 1575 1095 1606; x_wconf 75' lang='lat' dir='ltr'><strong>defit-iuni,</strong></span> <span class='ocrx_word' id='word_1_584' title='bbox 1124 1579 1298 1609; x_wconf 82' lang='lat' dir='ltr'><strong>peccatorum</strong></span> <span class='ocrx_word' id='word_1_585' title='bbox 1326 1579 1420 1608; x_wconf 85' lang='lat' dir='ltr'><strong>poenas</strong></span> <span class='ocrx_word' id='word_1_586' title='bbox 1448 1579 1499 1598; x_wconf 90' lang='lat' dir='ltr'><strong>non</strong></span> <span class='ocrx_word' id='word_1_587' title='bbox 1526 1571 1644 1598; x_wconf 86' lang='lat' dir='ltr'><strong>solvunt.</strong></span> <span class='ocrx_word' id='word_1_588' title='bbox 1663 1570 1740 1603; x_wconf 86' lang='lat' dir='ltr'><strong>Quod</strong></span> 
     </span>
    </p>
   </div>
   <div class='ocr_carea' id='block_1_79' title="bbox 955 1615 1742 1652">
    <p class='ocr_par' dir='ltr' id='par_1_79' title="bbox 955 1615 1742 1652">
     <span class='ocr_line' id='line_1_79' title="bbox 955 1615 1742 1652; baseline -0.009 -5"><span class='ocrx_word' id='word_1_589' title='bbox 955 1627 1007 1647; x_wconf 91' lang='lat' dir='ltr'><strong>non</strong></span> <span class='ocrx_word' id='word_1_590' title='bbox 1024 1619 1110 1646; x_wconf 88' lang='lat' dir='ltr'><strong>solunt</strong></span> <span class='ocrx_word' id='word_1_591' title='bbox 1132 1618 1201 1652; x_wconf 78' lang='lat' dir='ltr'><strong>apud</strong></span> <span class='ocrx_word' id='word_1_592' title='bbox 1218 1617 1366 1648; x_wconf 76' lang='lat' dir='ltr'><strong>Romanos,</strong></span> <span class='ocrx_word' id='word_1_593' title='bbox 1384 1617 1430 1644; x_wconf 82' lang='lat' dir='ltr'><strong>sed</strong></span> <span class='ocrx_word' id='word_1_594' title='bbox 1452 1616 1535 1643; x_wconf 87' lang='lat' dir='ltr'><strong>etiam</strong></span> <span class='ocrx_word' id='word_1_595' title='bbox 1558 1615 1657 1649; x_wconf 88' lang='lat' dir='ltr'><strong>ubique</strong></span> <span class='ocrx_word' id='word_1_596' title='bbox 1675 1621 1742 1648; x_wconf 79' lang='lat' dir='ltr'><strong>gen-</strong></span> 
     </span>
    </p>
   </div>
   <div class='ocr_carea' id='block_1_80' title="bbox 955 1661 1741 1697">
    <p class='ocr_par' dir='ltr' id='par_1_80' title="bbox 955 1661 1741 1697">
     <span class='ocr_line' id='line_1_80' title="bbox 955 1661 1741 1697; baseline -0.008 -5"><span class='ocrx_word' id='word_1_597' title='bbox 955 1665 1019 1692; x_wconf 86' lang='lat' dir='ltr'><strong>tium</strong></span> <span class='ocrx_word' id='word_1_598' title='bbox 1032 1665 1139 1692; x_wconf 79' lang='lat' dir='ltr'><strong>accidit.</strong></span> <span class='ocrx_word' id='word_1_599' title='bbox 1154 1663 1274 1690; x_wconf 83' lang='lat' dir='ltr'><strong>Gratiam</strong></span> <span class='ocrx_word' id='word_1_600' title='bbox 1288 1670 1350 1690; x_wconf 88' lang='lat' dir='ltr'><strong>vero</strong></span> <span class='ocrx_word' id='word_1_601' title='bbox 1365 1662 1507 1697; x_wconf 81' lang='lat' dir='ltr'><strong>plurimam</strong></span> <span class='ocrx_word' id='word_1_602' title='bbox 1524 1661 1613 1695; x_wconf 89' lang='lat' dir='ltr'><strong>ipsum</strong></span> <span class='ocrx_word' id='word_1_603' title='bbox 1631 1667 1680 1695; x_wconf 88' lang='lat' dir='ltr'><strong>pro</strong></span> <span class='ocrx_word' id='word_1_604' title='bbox 1697 1667 1741 1687; x_wconf 85' lang='lat' dir='ltr'><strong>re-</strong></span> 
     </span>
    </p>
   </div>
   <div class='ocr_carea' id='block_1_81' title="bbox 953 1705 1741 1745">
    <p class='ocr_par' dir='ltr' id='par_1_81' title="bbox 953 1705 1741 1745">
     <span class='ocr_line' id='line_1_81' title="bbox 953 1705 1741 1745; baseline -0.009 -7"><span class='ocrx_word' id='word_1_605' title='bbox 953 1717 1028 1745; x_wconf 85' lang='lat' dir='ltr'><strong>cepta</strong></span> <span class='ocrx_word' id='word_1_606' title='bbox 1045 1711 1169 1737; x_wconf 84' lang='lat' dir='ltr'><strong>libertate</strong></span> <span class='ocrx_word' id='word_1_607' title='bbox 1184 1709 1297 1736; x_wconf 84' lang='lat' dir='ltr'><strong>fortunae</strong></span> <span class='ocrx_word' id='word_1_608' title='bbox 1311 1709 1419 1740; x_wconf 78' lang='lat' dir='ltr'><strong>debere,</strong></span> <span class='ocrx_word' id='word_1_609' title='bbox 1441 1714 1528 1742; x_wconf 88' lang='lat' dir='ltr'><strong>neque</strong></span> <span class='ocrx_word' id='word_1_610' title='bbox 1547 1713 1607 1733; x_wconf 84' lang='lat' dir='ltr'><strong>eam</strong></span> <span class='ocrx_word' id='word_1_611' title='bbox 1626 1705 1741 1732; x_wconf 90' lang='lat' dir='ltr'><strong>domino</strong></span> 
     </span>
    </p>
   </div>
   <div class='ocr_carea' id='block_1_82' title="bbox 954 1751 1740 1791">
    <p class='ocr_par' dir='ltr' id='par_1_82' title="bbox 954 1751 1740 1791">
     <span class='ocr_line' id='line_1_82' title="bbox 954 1751 1740 1791; baseline -0.008 -7"><span class='ocrx_word' id='word_1_612' title='bbox 954 1762 1091 1791; x_wconf 77' lang='lat' dir='ltr'><strong>acceptum</strong></span> <span class='ocrx_word' id='word_1_613' title='bbox 1109 1755 1218 1782; x_wconf 85' lang='lat' dir='ltr'><strong>referre.</strong></span> <span class='ocrx_word' id='word_1_614' title='bbox 1232 1755 1299 1782; x_wconf 74' lang='lat' dir='ltr'><strong>Cum</strong></span> <span class='ocrx_word' id='word_1_615' title='bbox 1315 1754 1386 1782; x_wconf 87' lang='lat' dir='ltr'><strong>enim</strong></span> <span class='ocrx_word' id='word_1_616' title='bbox 1402 1761 1464 1780; x_wconf 87' lang='lat' dir='ltr'><strong>eum</strong></span> <span class='ocrx_word' id='word_1_617' title='bbox 1481 1754 1507 1780; x_wconf 89' lang='lat' dir='ltr'><strong>in</strong></span> <span class='ocrx_word' id='word_1_618' title='bbox 1521 1752 1622 1780; x_wconf 87' lang='lat' dir='ltr'><strong>bellum</strong></span> <span class='ocrx_word' id='word_1_619' title='bbox 1637 1751 1740 1779; x_wconf 80' lang='lat' dir='ltr'><strong>eduxe-</strong></span> 
     </span>
    </p>
   </div>
   <div class='ocr_carea' id='block_1_83' title="bbox 954 1798 1738 1837">
    <p class='ocr_par' dir='ltr' id='par_1_83' title="bbox 954 1798 1738 1837">
     <span class='ocr_line' id='line_1_83' title="bbox 954 1798 1738 1837; baseline -0.006 -8"><span class='ocrx_word' id='word_1_620' title='bbox 954 1803 998 1834; x_wconf 92' lang='lat' dir='ltr'><strong>rit,</strong></span> <span class='ocrx_word' id='word_1_621' title='bbox 1016 1802 1137 1837; x_wconf 81' lang='lat' dir='ltr'><strong>potuisse</strong></span> <span class='ocrx_word' id='word_1_622' title='bbox 1151 1801 1184 1828; x_wconf 84' lang='lat' dir='ltr'><strong>ab</strong></span> <span class='ocrx_word' id='word_1_623' title='bbox 1196 1801 1317 1828; x_wconf 85' lang='lat' dir='ltr'><strong>hostibus</strong></span> <span class='ocrx_word' id='word_1_624' title='bbox 1332 1804 1443 1835; x_wconf 88' lang='lat' dir='ltr'><strong>propter</strong></span> <span class='ocrx_word' id='word_1_625' title='bbox 1456 1799 1493 1826; x_wconf 86' lang='lat' dir='ltr'><strong>rei</strong></span> <span class='ocrx_word' id='word_1_626' title='bbox 1510 1798 1636 1826; x_wconf 83' lang='lat' dir='ltr'><strong>militaris</strong></span> <span class='ocrx_word' id='word_1_627' title='bbox 1650 1798 1738 1831; x_wconf 86' lang='lat' dir='ltr'><strong>impe-</strong></span> 
     </span>
    </p>
   </div>
   <div class='ocr_carea' id='block_1_84' title="bbox 954 1843 1740 1880">
    <p class='ocr_par' dir='ltr' id='par_1_84' title="bbox 954 1843 1740 1880">
     <span class='ocr_line' id='line_1_84' title="bbox 954 1843 1740 1880; baseline -0.006 -5"><span class='ocrx_word' id='word_1_628' title='bbox 954 1848 1042 1875; x_wconf 82' lang='lat' dir='ltr'><strong>ritiam</strong></span> <span class='ocrx_word' id='word_1_629' title='bbox 1056 1847 1153 1879; x_wconf 84' lang='lat' dir='ltr'><strong>occidi,</strong></span> <span class='ocrx_word' id='word_1_630' title='bbox 1172 1851 1217 1873; x_wconf 85' lang='lat' dir='ltr'><strong>aut</strong></span> <span class='ocrx_word' id='word_1_631' title='bbox 1233 1847 1255 1874; x_wconf 89' lang='lat' dir='ltr'><strong>si</strong></span> <span class='ocrx_word' id='word_1_632' title='bbox 1269 1846 1391 1880; x_wconf 83' lang='lat' dir='ltr'><strong>fugisset,</strong></span> <span class='ocrx_word' id='word_1_633' title='bbox 1410 1845 1443 1872; x_wconf 90' lang='lat' dir='ltr'><strong>ab</strong></span> <span class='ocrx_word' id='word_1_634' title='bbox 1455 1851 1497 1876; x_wconf 86' lang='lat' dir='ltr'><strong>eo,</strong></span> <span class='ocrx_word' id='word_1_635' title='bbox 1512 1844 1540 1871; x_wconf 89' lang='lat' dir='ltr'><strong>in</strong></span> <span class='ocrx_word' id='word_1_636' title='bbox 1557 1843 1634 1878; x_wconf 88' lang='lat' dir='ltr'><strong>cujus</strong></span> <span class='ocrx_word' id='word_1_637' title='bbox 1653 1843 1740 1870; x_wconf 90' lang='lat' dir='ltr'><strong>domi-</strong></span> 
     </span>
    </p>
   </div>
   <div class='ocr_carea' id='block_1_85' title="bbox 955 1890 1742 1927">
    <p class='ocr_par' dir='ltr' id='par_1_85' title="bbox 955 1890 1742 1927">
     <span class='ocr_line' id='line_1_85' title="bbox 955 1890 1742 1927; baseline -0.004 -7"><span class='ocrx_word' id='word_1_638' title='bbox 955 1894 999 1921; x_wconf 91' lang='lat' dir='ltr'><strong>nio</strong></span> <span class='ocrx_word' id='word_1_639' title='bbox 1014 1898 1082 1924; x_wconf 83' lang='lat' dir='ltr'><strong>erat,</strong></span> <span class='ocrx_word' id='word_1_640' title='bbox 1112 1892 1212 1927; x_wconf 89' lang='lat' dir='ltr'><strong>puniri.</strong></span> <span class='ocrx_word' id='word_1_641' title='bbox 1231 1891 1322 1925; x_wconf 71' lang='lat' dir='ltr'><strong>Longe</strong></span> <span class='ocrx_word' id='word_1_642' title='bbox 1345 1896 1436 1919; x_wconf 85' lang='lat' dir='ltr'><strong>autem</strong></span> <span class='ocrx_word' id='word_1_643' title='bbox 1460 1890 1579 1918; x_wconf 76' lang='lat' dir='ltr'><strong>Romani</strong></span> <span class='ocrx_word' id='word_1_644' title='bbox 1598 1890 1742 1924; x_wconf 76' lang='lat' dir='ltr'><strong>benignius</strong></span> 
     </span>
    </p>
   </div>
   <div class='ocr_carea' id='block_1_86' title="bbox 955 1934 1742 1968">
    <p class='ocr_par' dir='ltr' id='par_1_86' title="bbox 955 1934 1742 1968">
     <span class='ocr_line' id='line_1_86' title="bbox 955 1934 1742 1968; baseline -0.009 -3"><span class='ocrx_word' id='word_1_645' title='bbox 955 1939 1041 1966; x_wconf 84' lang='lat' dir='ltr'><strong>servis</strong></span> <span class='ocrx_word' id='word_1_646' title='bbox 1056 1936 1261 1964; x_wconf 86' lang='lat' dir='ltr'><strong>consuluerunt.</strong></span> <span class='ocrx_word' id='word_1_647' title='bbox 1273 1935 1383 1963; x_wconf 82' lang='lat' dir='ltr'><strong>Patrum</strong></span> <span class='ocrx_word' id='word_1_648' title='bbox 1399 1934 1471 1962; x_wconf 85' lang='lat' dir='ltr'><strong>enim</strong></span> <span class='ocrx_word' id='word_1_649' title='bbox 1485 1938 1532 1960; x_wconf 88' lang='lat' dir='ltr'><strong>aut</strong></span> <span class='ocrx_word' id='word_1_650' title='bbox 1546 1936 1742 1968; x_wconf 80' lang='lat' dir='ltr'><strong>prteceptorum</strong></span> 
     </span>
    </p>
   </div>
   <div class='ocr_carea' id='block_1_87' title="bbox 954 1977 1744 2017">
    <p class='ocr_par' dir='ltr' id='par_1_87' title="bbox 954 1977 1744 2017">
     <span class='ocr_line' id='line_1_87' title="bbox 954 1977 1744 2017; baseline -0.01 -6"><span class='ocrx_word' id='word_1_651' title='bbox 954 1983 1078 2011; x_wconf 81' lang='lat' dir='ltr'><strong>affectum</strong></span> <span class='ocrx_word' id='word_1_652' title='bbox 1104 1990 1166 2017; x_wconf 59' lang='lat' dir='ltr'><strong>ergo</strong></span> <span class='ocrx_word' id='word_1_653' title='bbox 1186 1989 1233 2010; x_wconf 86' lang='lat' dir='ltr'><strong>eos</strong></span> <span class='ocrx_word' id='word_1_654' title='bbox 1257 1982 1395 2012; x_wconf 79' lang='lat' dir='ltr'><strong>exhibent,</strong></span> <span class='ocrx_word' id='word_1_655' title='bbox 1424 1985 1452 2007; x_wconf 90' lang='lat' dir='ltr'><strong>et</strong></span> <span class='ocrx_word' id='word_1_656' title='bbox 1474 1984 1504 2006; x_wconf 85' lang='grc' dir='ltr'><strong>ιιι</strong></span> <span class='ocrx_word' id='word_1_657' title='bbox 1526 1986 1541 2006; x_wconf 84' lang='lat' dir='ltr'><strong>a</strong></span> <span class='ocrx_word' id='word_1_658' title='bbox 1562 1978 1641 2005; x_wconf 77' lang='lat' dir='ltr'><strong>melis</strong></span> <span class='ocrx_word' id='word_1_659' title='bbox 1656 1977 1744 2004; x_wconf 81' lang='lat' dir='ltr'><strong>absti-</strong></span> 
     </span>
    </p>
   </div>
   <div class='ocr_carea' id='block_1_88' title="bbox 954 2024 1742 2060">
    <p class='ocr_par' dir='ltr' id='par_1_88' title="bbox 954 2024 1742 2060">
     <span class='ocr_line' id='line_1_88' title="bbox 954 2024 1742 2060; baseline -0.01 -5"><span class='ocrx_word' id='word_1_660' title='bbox 954 2032 1045 2059; x_wconf 88' lang='lat' dir='ltr'><strong>neant,</strong></span> <span class='ocrx_word' id='word_1_661' title='bbox 1063 2031 1170 2058; x_wconf 90' lang='lat' dir='ltr'><strong>cnraut,</strong></span> <span class='ocrx_word' id='word_1_662' title='bbox 1186 2031 1213 2053; x_wconf 86' lang='lat' dir='ltr'><strong>et</strong></span> <span class='ocrx_word' id='word_1_663' title='bbox 1227 2033 1334 2057; x_wconf 86' lang='lat' dir='ltr'><strong>eorum,</strong></span> <span class='ocrx_word' id='word_1_664' title='bbox 1351 2033 1411 2060; x_wconf 67' lang='lat' dir='ltr'><strong>qua:</strong></span> <span class='ocrx_word' id='word_1_665' title='bbox 1427 2025 1540 2051; x_wconf 81' lang='lat' dir='ltr'><strong>honesta</strong></span> <span class='ocrx_word' id='word_1_666' title='bbox 1557 2024 1668 2054; x_wconf 89' lang='lat' dir='ltr'><strong>duetmt,</strong></span> <span class='ocrx_word' id='word_1_667' title='bbox 1680 2029 1742 2056; x_wconf 86' lang='lat' dir='ltr'><strong>par-</strong></span> 
     </span>
    </p>
   </div>
   <div class='ocr_carea' id='block_1_89' title="bbox 954 2067 1738 2104">
    <p class='ocr_par' dir='ltr' id='par_1_89' title="bbox 954 2067 1738 2104">
     <span class='ocr_line' id='line_1_89' title="bbox 954 2067 1738 2104; baseline -0.005 -7"><span class='ocrx_word' id='word_1_668' title='bbox 954 2071 1048 2104; x_wconf 91' lang='lat' dir='ltr'><strong>ticipes</strong></span> <span class='ocrx_word' id='word_1_669' title='bbox 1062 2070 1189 2097; x_wconf 88' lang='lat' dir='ltr'><strong>elllciunt.</strong></span> <span class='ocrx_word' id='word_1_670' title='bbox 1209 2069 1330 2103; x_wconf 84' lang='lat' dir='ltr'><strong>Denique</strong></span> <span class='ocrx_word' id='word_1_671' title='bbox 1352 2069 1493 2103; x_wconf 79' lang='lat' dir='ltr'><strong>corrigunt</strong></span> <span class='ocrx_word' id='word_1_672' title='bbox 1506 2075 1553 2095; x_wconf 88' lang='lat' dir='ltr'><strong>eos</strong></span> <span class='ocrx_word' id='word_1_673' title='bbox 1567 2067 1594 2095; x_wconf 90' lang='lat' dir='ltr'><strong>in</strong></span> <span class='ocrx_word' id='word_1_674' title='bbox 1611 2067 1664 2100; x_wconf 88' lang='lat' dir='ltr'><strong>Itis,</strong></span> <span class='ocrx_word' id='word_1_675' title='bbox 1677 2074 1738 2101; x_wconf 73' lang='lat' dir='ltr'><strong>quas</strong></span> 
     </span>
    </p>
   </div>
   <div class='ocr_carea' id='block_1_90' title="bbox 953 2113 1739 2150">
    <p class='ocr_par' dir='ltr' id='par_1_90' title="bbox 953 2113 1739 2150">
     <span class='ocr_line' id='line_1_90' title="bbox 953 2113 1739 2150; baseline -0.004 -7"><span class='ocrx_word' id='word_1_676' title='bbox 953 2116 1122 2150; x_wconf 84' lang='lat' dir='ltr'><strong>delinquunt,</strong></span> <span class='ocrx_word' id='word_1_677' title='bbox 1139 2115 1209 2142; x_wconf 87' lang='lat' dir='ltr'><strong>sicut</strong></span> <span class='ocrx_word' id='word_1_678' title='bbox 1232 2119 1260 2142; x_wconf 91' lang='lat' dir='ltr'><strong>et</strong></span> <span class='ocrx_word' id='word_1_679' title='bbox 1276 2122 1340 2142; x_wconf 88' lang='lat' dir='ltr'><strong>suos</strong></span> <span class='ocrx_word' id='word_1_680' title='bbox 1356 2114 1464 2141; x_wconf 87' lang='lat' dir='ltr'><strong>liberos.</strong></span> <span class='ocrx_word' id='word_1_681' title='bbox 1481 2113 1537 2141; x_wconf 83' lang='lat' dir='ltr'><strong>Nec</strong></span> <span class='ocrx_word' id='word_1_682' title='bbox 1556 2113 1628 2140; x_wconf 88' lang='lat' dir='ltr'><strong>enim</strong></span> <span class='ocrx_word' id='word_1_683' title='bbox 1645 2119 1739 2140; x_wconf 85' lang='lat' dir='ltr'><strong>servos</strong></span> 
     </span>
    </p>
   </div>
   <div class='ocr_carea' id='block_1_91' title="bbox 953 2158 1742 2195">
    <p class='ocr_par' dir='ltr' id='par_1_91' title="bbox 953 2158 1742 2195">
     <span class='ocr_line' id='line_1_91' title="bbox 953 2158 1742 2195; baseline -0.004 -7"><span class='ocrx_word' id='word_1_684' title='bbox 953 2167 1040 2189; x_wconf 88' lang='lat' dir='ltr'><strong>ntorte</strong></span> <span class='ocrx_word' id='word_1_685' title='bbox 1056 2161 1172 2193; x_wconf 84' lang='lat' dir='ltr'><strong>aiIicere,</strong></span> <span class='ocrx_word' id='word_1_686' title='bbox 1190 2161 1260 2188; x_wconf 80' lang='lat' dir='ltr'><strong>sicut</strong></span> <span class='ocrx_word' id='word_1_687' title='bbox 1273 2161 1343 2195; x_wconf 86' lang='lat' dir='ltr'><strong>apud</strong></span> <span class='ocrx_word' id='word_1_688' title='bbox 1359 2160 1485 2195; x_wconf 84' lang='lat' dir='ltr'><strong>Scythas,</strong></span> <span class='ocrx_word' id='word_1_689' title='bbox 1512 2159 1552 2186; x_wconf 81' lang='lat' dir='ltr'><strong>fas</strong></span> <span class='ocrx_word' id='word_1_690' title='bbox 1573 2163 1624 2186; x_wconf 89' lang='lat' dir='ltr'><strong>est.</strong></span> <span class='ocrx_word' id='word_1_691' title='bbox 1646 2158 1742 2186; x_wconf 85' lang='lat' dir='ltr'><strong>Liber-</strong></span> 
     </span>
    </p>
   </div>
   <div class='ocr_carea' id='block_1_92' title="bbox 955 2203 1742 2241">
    <p class='ocr_par' dir='ltr' id='par_1_92' title="bbox 955 2203 1742 2241">
     <span class='ocr_line' id='line_1_92' title="bbox 955 2203 1742 2241; baseline -0.006 -6"><span class='ocrx_word' id='word_1_692' title='bbox 955 2208 1019 2235; x_wconf 80' lang='lat' dir='ltr'><strong>tatis</strong></span> <span class='ocrx_word' id='word_1_693' title='bbox 1032 2215 1095 2235; x_wconf 86' lang='lat' dir='ltr'><strong>vcro</strong></span> <span class='ocrx_word' id='word_1_694' title='bbox 1112 2207 1292 2241; x_wconf 65' lang='lat' dir='ltr'><strong>adipiscendae</strong></span> <span class='ocrx_word' id='word_1_695' title='bbox 1308 2206 1400 2241; x_wconf 84' lang='lat' dir='ltr'><strong>plures</strong></span> <span class='ocrx_word' id='word_1_696' title='bbox 1417 2209 1481 2232; x_wconf 80' lang='lat' dir='ltr'><strong>sunt</strong></span> <span class='ocrx_word' id='word_1_697' title='bbox 1494 2205 1579 2233; x_wconf 90' lang='lat' dir='ltr'><strong>modi.</strong></span> <span class='ocrx_word' id='word_1_698' title='bbox 1595 2203 1654 2231; x_wconf 82' lang='lat' dir='ltr'><strong>Non</strong></span> <span class='ocrx_word' id='word_1_699' title='bbox 1669 2203 1742 2231; x_wconf 89' lang='lat' dir='ltr'><strong>enim</strong></span> 
     </span>
    </p>
   </div>
   <div class='ocr_carea' id='block_1_93' title="bbox 956 2250 1742 2291">
    <p class='ocr_par' dir='ltr' id='par_1_93' title="bbox 956 2250 1742 2291">
     <span class='ocr_line' id='line_1_93' title="bbox 956 2250 1742 2291; baseline -0.006 -10"><span class='ocrx_word' id='word_1_700' title='bbox 956 2255 1011 2291; x_wconf 71' lang='lat'><strong>62</strong></span> <span class='ocrx_word' id='word_1_701' title='bbox 1024 2254 1108 2281; x_wconf 88' lang='lat' dir='ltr'><strong>solum</strong></span> <span class='ocrx_word' id='word_1_702' title='bbox 1124 2253 1169 2288; x_wconf 87' lang='lat' dir='ltr'><strong>qui</strong></span> <span class='ocrx_word' id='word_1_703' title='bbox 1186 2254 1239 2280; x_wconf 80' lang='lat' dir='ltr'><strong>vita</strong></span> <span class='ocrx_word' id='word_1_704' title='bbox 1257 2253 1392 2285; x_wconf 90' lang='lat' dir='ltr'><strong>fruuntur,</strong></span> <span class='ocrx_word' id='word_1_705' title='bbox 1410 2252 1457 2280; x_wconf 84' lang='lat' dir='ltr'><strong>sed</strong></span> <span class='ocrx_word' id='word_1_706' title='bbox 1476 2251 1558 2280; x_wconf 88' lang='lat' dir='ltr'><strong>etiam</strong></span> <span class='ocrx_word' id='word_1_707' title='bbox 1579 2251 1624 2286; x_wconf 92' lang='lat' dir='ltr'><strong>qui</strong></span> <span class='ocrx_word' id='word_1_708' title='bbox 1637 2257 1652 2278; x_wconf 86' lang='lat' dir='ltr'><strong>e</strong></span> <span class='ocrx_word' id='word_1_709' title='bbox 1673 2250 1742 2277; x_wconf 86' lang='lat' dir='ltr'><strong>vivis</strong></span> 
     </span>
    </p>
   </div>
   <div class='ocr_carea' id='block_1_94' title="bbox 119 2297 1742 2337">
    <p class='ocr_par' dir='ltr' id='par_1_94' title="bbox 119 2297 1742 2337">
     <span class='ocr_line' id='line_1_94' title="bbox 119 2297 1742 2337; baseline -0.002 -9"><span class='ocrx_word' id='word_1_710' title='bbox 119 2302 267 2333; x_wconf 82' lang='lat' dir='ltr'><strong>excedunt.</strong></span> <span class='ocrx_word' id='word_1_711' title='bbox 298 2302 449 2329; x_wconf 74' lang='lat' dir='ltr'><strong>libertatem</strong></span> <span class='ocrx_word' id='word_1_712' title='bbox 477 2301 595 2329; x_wconf 76' lang='lat' dir='ltr'><strong>tribuere</strong></span> <span class='ocrx_word' id='word_1_713' title='bbox 623 2306 745 2337; x_wconf 86' lang='lat' dir='ltr'><strong>possunt,</strong></span> <span class='ocrx_word' id='word_1_714' title='bbox 762 2309 822 2329; x_wconf 85' lang='lat' dir='ltr'><strong>cum</strong></span> <span class='ocrx_word' id='word_1_715' title='bbox 855 2303 888 2329; x_wconf 81' lang='lat' dir='ltr'><strong>de</strong></span> <span class='ocrx_word' id='word_1_716' title='bbox 920 2302 996 2329; x_wconf 86' lang='lat' dir='ltr'><strong>bonis</strong></span> <span class='ocrx_word' id='word_1_717' title='bbox 1026 2301 1104 2333; x_wconf 85' lang='lat' dir='ltr'><strong>suis,</strong></span> <span class='ocrx_word' id='word_1_718' title='bbox 1127 2304 1154 2327; x_wconf 89' lang='lat' dir='ltr'><strong>ut</strong></span> <span class='ocrx_word' id='word_1_719' title='bbox 1183 2300 1281 2336; x_wconf 87' lang='lat' dir='ltr'><strong>cuique</strong></span> <span class='ocrx_word' id='word_1_720' title='bbox 1309 2299 1427 2335; x_wconf 80' lang='lat' dir='ltr'><strong>placeat,</strong></span> <span class='ocrx_word' id='word_1_721' title='bbox 1450 2303 1570 2327; x_wconf 83' lang='lat' dir='ltr'><strong>statuere</strong></span> <span class='ocrx_word' id='word_1_722' title='bbox 1596 2298 1687 2330; x_wconf 88' lang='lat' dir='ltr'><strong>liceat,</strong></span> <span class='ocrx_word' id='word_1_723' title='bbox 1713 2297 1742 2325; x_wconf 75' lang='lat' dir='ltr'><strong>el</strong></span> 
     </span>
    </p>
   </div>
   <div class='ocr_carea' id='block_1_95' title="bbox 119 2344 1742 2383">
    <p class='ocr_par' dir='ltr' id='par_1_95' title="bbox 119 2344 1742 2383">
     <span class='ocr_line' id='line_1_95' title="bbox 119 2344 1742 2383; baseline -0.001 -10"><span class='ocrx_word' id='word_1_724' title='bbox 119 2349 296 2383; x_wconf 86' lang='lat' dir='ltr'><strong>quodcunque</strong></span> <span class='ocrx_word' id='word_1_725' title='bbox 310 2348 371 2383; x_wconf 84' lang='lat' dir='ltr'><strong>quis</strong></span> <span class='ocrx_word' id='word_1_726' title='bbox 392 2347 510 2376; x_wconf 87' lang='lat' dir='ltr'><strong>moriens</strong></span> <span class='ocrx_word' id='word_1_727' title='bbox 539 2348 573 2375; x_wconf 92' lang='lat' dir='ltr'><strong>de</strong></span> <span class='ocrx_word' id='word_1_728' title='bbox 588 2348 668 2375; x_wconf 83' lang='lat' dir='ltr'><strong>rebus</strong></span> <span class='ocrx_word' id='word_1_729' title='bbox 683 2347 841 2375; x_wconf 74' lang='lat' dir='ltr'><strong>domesticis</strong></span> <span class='ocrx_word' id='word_1_730' title='bbox 873 2348 997 2382; x_wconf 71' lang='lat' dir='ltr'><strong>jusserit,</strong></span> <span class='ocrx_word' id='word_1_731' title='bbox 1013 2347 1056 2374; x_wconf 81' lang='lat' dir='ltr'><strong>lex</strong></span> <span class='ocrx_word' id='word_1_732' title='bbox 1073 2347 1118 2374; x_wconf 83' lang='lat' dir='ltr'><strong>sit.</strong></span> <span class='ocrx_word' id='word_1_733' title='bbox 1141 2356 1150 2372; x_wconf 74' lang='grc' dir='ltr'><strong>ι</strong></span> <span class='ocrx_word' id='word_1_734' title='bbox 1168 2345 1237 2373; x_wconf 87' lang='lat' dir='ltr'><strong>Tum</strong></span> <span class='ocrx_word' id='word_1_735' title='bbox 1259 2345 1304 2374; x_wconf 88' lang='lat' dir='ltr'><strong>ille</strong></span> <span class='ocrx_word' id='word_1_736' title='bbox 1321 2345 1430 2380; x_wconf 86' lang='lat' dir='ltr'><strong>plorans</strong></span> <span class='ocrx_word' id='word_1_737' title='bbox 1458 2345 1557 2380; x_wconf 85' lang='lat' dir='ltr'><strong>inquit,</strong></span> <span class='ocrx_word' id='word_1_738' title='bbox 1579 2344 1652 2380; x_wconf 79' lang='lat' dir='ltr'><strong>leges</strong></span> <span class='ocrx_word' id='word_1_739' title='bbox 1671 2344 1742 2378; x_wconf 83' lang='lat' dir='ltr'><strong>apud</strong></span> 
     </span>
    </p>
   </div>
   <div class='ocr_carea' id='block_1_96' title="bbox 121 2388 1742 2429">
    <p class='ocr_par' dir='ltr' id='par_1_96' title="bbox 121 2388 1742 2429">
     <span class='ocr_line' id='line_1_96' title="bbox 121 2388 1742 2429; baseline -0.001 -9"><span class='ocrx_word' id='word_1_740' title='bbox 121 2393 255 2422; x_wconf 80' lang='lat' dir='ltr'><strong>ltomanos</strong></span> <span class='ocrx_word' id='word_1_741' title='bbox 278 2394 363 2422; x_wconf 90' lang='lat' dir='ltr'><strong>bonas</strong></span> <span class='ocrx_word' id='word_1_742' title='bbox 390 2397 417 2421; x_wconf 84' lang='lat' dir='ltr'><strong>et</strong></span> <span class='ocrx_word' id='word_1_743' title='bbox 431 2393 624 2429; x_wconf 84' lang='lat' dir='ltr'><strong>rempublicam</strong></span> <span class='ocrx_word' id='word_1_744' title='bbox 650 2393 780 2427; x_wconf 59' lang='lat' dir='ltr'><strong>praeclare</strong></span> <span class='ocrx_word' id='word_1_745' title='bbox 804 2394 978 2421; x_wconf 72' lang='lat' dir='ltr'><strong>constitutam</strong></span> <span class='ocrx_word' id='word_1_746' title='bbox 995 2402 1066 2424; x_wconf 84' lang='lat' dir='ltr'><strong>esse.</strong></span> <span class='ocrx_word' id='word_1_747' title='bbox 1091 2393 1137 2421; x_wconf 92' lang='lat' dir='ltr'><strong>sed</strong></span> <span class='ocrx_word' id='word_1_748' title='bbox 1164 2392 1350 2428; x_wconf 78' lang='lat' dir='ltr'><strong>magistratus,</strong></span> <span class='ocrx_word' id='word_1_749' title='bbox 1377 2391 1422 2426; x_wconf 90' lang='lat' dir='ltr'><strong>qui</strong></span> <span class='ocrx_word' id='word_1_750' title='bbox 1440 2399 1495 2419; x_wconf 92' lang='lat' dir='ltr'><strong>non</strong></span> <span class='ocrx_word' id='word_1_751' title='bbox 1517 2398 1593 2426; x_wconf 62' lang='lat' dir='ltr'><strong>aque</strong></span> <span class='ocrx_word' id='word_1_752' title='bbox 1612 2398 1643 2418; x_wconf 86' lang='lat' dir='ltr'><strong>ac</strong></span> <span class='ocrx_word' id='word_1_753' title='bbox 1659 2388 1742 2426; x_wconf 83' lang='lat' dir='ltr'><strong>prisci</strong></span> 
     </span>
    </p>
   </div>
   <div class='ocr_carea' id='block_1_97' title="bbox 120 2440 995 2476">
    <p class='ocr_par' dir='ltr' id='par_1_97' title="bbox 120 2440 995 2476">
     <span class='ocr_line' id='line_1_97' title="bbox 120 2440 995 2476; baseline 0.005 -11"><span class='ocrx_word' id='word_1_754' title='bbox 120 2441 195 2474; x_wconf 85' lang='lat' dir='ltr'><strong>probi</strong></span> <span class='ocrx_word' id='word_1_755' title='bbox 213 2445 239 2467; x_wconf 89' lang='lat' dir='ltr'><strong>et</strong></span> <span class='ocrx_word' id='word_1_756' title='bbox 256 2440 402 2475; x_wconf 82' lang='lat' dir='ltr'><strong>prudentes</strong></span> <span class='ocrx_word' id='word_1_757' title='bbox 416 2445 489 2474; x_wconf 86' lang='lat' dir='ltr'><strong>sunt,</strong></span> <span class='ocrx_word' id='word_1_758' title='bbox 515 2449 574 2468; x_wconf 83' lang='lat' dir='ltr'><strong>eam</strong></span> <span class='ocrx_word' id='word_1_759' title='bbox 598 2440 763 2468; x_wconf 84' lang='lat' dir='ltr'><strong>labefactant</strong></span> <span class='ocrx_word' id='word_1_760' title='bbox 782 2446 811 2469; x_wconf 87' lang='lat' dir='ltr'><strong>ct</strong></span> <span class='ocrx_word' id='word_1_761' title='bbox 825 2447 995 2476; x_wconf 79' lang='lat' dir='ltr'><strong>pervertunt.</strong></span> 
     </span>
    </p>
   </div>
   <div class='ocr_carea' id='block_1_98' title="bbox 154 2483 900 2523">
    <p class='ocr_par' dir='ltr' id='par_1_98' title="bbox 154 2485 899 2523">
     <span class='ocr_line' id='line_1_98' title="bbox 154 2485 899 2523; baseline 0.003 -12"><span class='ocrx_word' id='word_1_762' title='bbox 154 2485 247 2512; x_wconf 81' lang='grc' dir='ltr'>Ταῦτα</span> <span class='ocrx_word' id='word_1_763' title='bbox 259 2485 455 2521; x_wconf 81' lang='grc' dir='ltr'>διαλεγομένων</span> <span class='ocrx_word' id='word_1_764' title='bbox 478 2487 569 2522; x_wconf 78' lang='grc' dir='ltr'>ἡμῶν,</span> <span class='ocrx_word' id='word_1_765' title='bbox 592 2487 747 2523; x_wconf 80' lang='grc' dir='ltr'>προσελθών</span> <span class='ocrx_word' id='word_1_766' title='bbox 772 2495 815 2519; x_wconf 83' lang='grc' dir='ltr'><strong>τις</strong></span> <span class='ocrx_word' id='word_1_767' title='bbox 844 2487 899 2513; x_wconf 82' lang='grc' dir='ltr'>τῶν</span> 
     </span>
    </p>
   </div>
   <div class='ocr_carea' id='block_1_99' title="bbox 953 2483 1742 2523">
    <p class='ocr_par' dir='ltr' id='par_1_99' title="bbox 986 2483 1742 2520">
     <span class='ocr_line' id='line_1_99' title="bbox 986 2483 1742 2520; baseline -0.007 -5"><span class='ocrx_word' id='word_1_768' title='bbox 986 2487 1048 2515; x_wconf 62' lang='lat' dir='ltr'><strong>&quot;Lee</strong></span> <span class='ocrx_word' id='word_1_769' title='bbox 1064 2488 1134 2515; x_wconf 91' lang='lat' dir='ltr'><strong>inter</strong></span> <span class='ocrx_word' id='word_1_770' title='bbox 1150 2494 1198 2514; x_wconf 88' lang='lat' dir='ltr'><strong>nos</strong></span> <span class='ocrx_word' id='word_1_771' title='bbox 1213 2486 1407 2514; x_wconf 86' lang='lat' dir='ltr'><strong>disserentibus</strong></span> <span class='ocrx_word' id='word_1_772' title='bbox 1422 2485 1520 2520; x_wconf 86' lang='lat' dir='ltr'><strong>aliquis</strong></span> <span class='ocrx_word' id='word_1_773' title='bbox 1532 2491 1566 2512; x_wconf 75' lang='lat' dir='ltr'><strong>ex</strong></span> <span class='ocrx_word' id='word_1_774' title='bbox 1581 2483 1742 2511; x_wconf 87' lang='lat' dir='ltr'><strong>domesticis</strong></span> 
     </span>
    </p>
   </div>
   <div class='ocr_carea' id='block_1_100' title="bbox 119 2530 900 2568">
    <p class='ocr_par' dir='ltr' id='par_1_100' title="bbox 119 2530 900 2568">
     <span class='ocr_line' id='line_1_100' title="bbox 119 2530 900 2568; baseline 0.003 -10"><span class='ocrx_word' id='word_1_775' title='bbox 119 2530 225 2558; x_wconf 73' lang='grc' dir='ltr'>ἔνδοθεν</span> <span class='ocrx_word' id='word_1_776' title='bbox 234 2530 338 2565; x_wconf 73' lang='grc' dir='ltr'>ἀνοίγει</span> <span class='ocrx_word' id='word_1_777' title='bbox 353 2531 402 2562; x_wconf 86' lang='grc' dir='ltr'><strong>τὰς</strong></span> <span class='ocrx_word' id='word_1_778' title='bbox 418 2532 502 2567; x_wconf 88' lang='grc' dir='ltr'>θύρας</span> <span class='ocrx_word' id='word_1_779' title='bbox 521 2532 567 2559; x_wconf 85' lang='grc' dir='ltr'>τοῦ</span> <span class='ocrx_word' id='word_1_780' title='bbox 591 2533 746 2568; x_wconf 73' lang='grc' dir='ltr'>περιϐόλου.</span> <span class='ocrx_word' id='word_1_781' title='bbox 770 2532 842 2567; x_wconf 84' lang='grc' dir='ltr'>Ἐγὼ</span> <span class='ocrx_word' id='word_1_782' title='bbox 871 2533 900 2559; x_wconf 82' lang='grc' dir='ltr'>δὲ</span> 
     </span>
    </p>
   </div>
   <div class='ocr_carea' id='block_1_101' title="bbox 119 2577 902 2616">
    <p class='ocr_par' dir='ltr' id='par_1_101' title="bbox 119 2577 902 2616">
     <span class='ocr_line' id='line_1_101' title="bbox 119 2577 902 2616; baseline 0.004 -12"><span class='ocrx_word' id='word_1_783' title='bbox 119 2577 301 2615; x_wconf 69' lang='grc' dir='ltr'>προσδραμὼν</span> <span class='ocrx_word' id='word_1_784' title='bbox 329 2577 469 2613; x_wconf 74' lang='grc' dir='ltr'>ἐπυθόμην</span> <span class='ocrx_word' id='word_1_785' title='bbox 494 2580 508 2605; x_wconf 83' lang='grc' dir='ltr'><strong>δ</strong></span> <span class='ocrx_word' id='word_1_786' title='bbox 531 2588 558 2606; x_wconf 87' lang='grc' dir='ltr'><strong>τι</strong></span> <span class='ocrx_word' id='word_1_787' title='bbox 581 2581 707 2615; x_wconf 79' lang='grc' dir='ltr'>πράττων</span> <span class='ocrx_word' id='word_1_788' title='bbox 742 2581 902 2616; x_wconf 76' lang='grc' dir='ltr'>Ὀνηγήσιος</span> 
     </span>
    </p>
   </div>
   <div class='ocr_carea' id='block_1_102' title="bbox 119 2623 901 2661">
    <p class='ocr_par' dir='ltr' id='par_1_102' title="bbox 119 2623 901 2661">
     <span class='ocr_line' id='line_1_102' title="bbox 119 2623 901 2661; baseline 0.004 -11"><span class='ocrx_word' id='word_1_789' title='bbox 119 2623 447 2658; x_wconf 64' lang='grc' dir='ltr'>τυγχάωιοάπαγγεῖλαι</span> <span class='ocrx_word' id='word_1_790' title='bbox 464 2625 518 2660; x_wconf 77' lang='grc' dir='ltr'>γὰρ</span> <span class='ocrx_word' id='word_1_791' title='bbox 538 2626 611 2660; x_wconf 84' lang='grc' dir='ltr'><strong>αύτῷ</strong></span> <span class='ocrx_word' id='word_1_792' title='bbox 640 2635 674 2660; x_wconf 86' lang='grc' dir='ltr'><strong>με</strong></span> <span class='ocrx_word' id='word_1_793' title='bbox 703 2626 844 2661; x_wconf 81' lang='grc' dir='ltr'>βούλεσθαί</span> <span class='ocrx_word' id='word_1_794' title='bbox 875 2635 901 2653; x_wconf 81' lang='grc' dir='ltr'><strong>τι</strong></span> 
     </span>
    </p>
   </div>
   <div class='ocr_carea' id='block_1_103' title="bbox 120 2669 901 2706">
    <p class='ocr_par' dir='ltr' id='par_1_103' title="bbox 120 2669 901 2706">
     <span class='ocr_line' id='line_1_103' title="bbox 120 2669 901 2706; baseline 0.005 -11"><span class='ocrx_word' id='word_1_795' title='bbox 120 2670 195 2705; x_wconf 61' lang='grc' dir='ltr'>παρὰ</span> <span class='ocrx_word' id='word_1_796' title='bbox 210 2669 233 2686; x_wconf 72' lang='grc' dir='ltr'>δ’</span> <span class='ocrx_word' id='word_1_797' title='bbox 247 2669 295 2696; x_wconf 86' lang='grc' dir='ltr'>τοῦ</span> <span class='ocrx_word' id='word_1_798' title='bbox 311 2669 454 2705; x_wconf 84' lang='grc' dir='ltr'>Ῥωμαίων</span> <span class='ocrx_word' id='word_1_799' title='bbox 475 2671 588 2705; x_wconf 83' lang='grc' dir='ltr'>ἥκοντος</span> <span class='ocrx_word' id='word_1_800' title='bbox 599 2671 775 2706; x_wconf 78' lang='grc' dir='ltr'>πρεσϐευτοῦ.</span> <span class='ocrx_word' id='word_1_801' title='bbox 803 2673 851 2704; x_wconf 82' lang='grc' dir='ltr'>’ος</span> <span class='ocrx_word' id='word_1_802' title='bbox 873 2672 901 2699; x_wconf 83' lang='grc' dir='ltr'>δὲ</span> 
     </span>
    </p>
   </div>
   <div class='ocr_carea' id='block_1_104' title="bbox 119 2715 901 2753">
    <p class='ocr_par' dir='ltr' id='par_1_104' title="bbox 119 2715 901 2753">
     <span class='ocr_line' id='line_1_104' title="bbox 119 2715 901 2753; baseline 0 -9"><span class='ocrx_word' id='word_1_803' title='bbox 119 2716 297 2751; x_wconf 77' lang='grc' dir='ltr'>ἀπεκρίνατο,</span> <span class='ocrx_word' id='word_1_804' title='bbox 312 2715 386 2750; x_wconf 83' lang='grc' dir='ltr'><strong>αὐτῷ</strong></span> <span class='ocrx_word' id='word_1_805' title='bbox 403 2725 447 2750; x_wconf 92' lang='grc' dir='ltr'><strong>μοι</strong></span> <span class='ocrx_word' id='word_1_806' title='bbox 475 2717 645 2750; x_wconf 76' lang='grc' dir='ltr'>ἐντεύξεσθαι</span> <span class='ocrx_word' id='word_1_807' title='bbox 663 2717 759 2753; x_wconf 85' lang='grc' dir='ltr'>μικρὸν</span> <span class='ocrx_word' id='word_1_808' title='bbox 787 2719 901 2753; x_wconf 81' lang='grc' dir='ltr'>ἀναμεί-</span> 
     </span>
    </p>
   </div>
   <div class='ocr_carea' id='block_1_105' title="bbox 952 2529 1739 2569">
    <p class='ocr_par' dir='ltr' id='par_1_105' title="bbox 952 2529 1739 2569">
     <span class='ocr_line' id='line_1_105' title="bbox 952 2529 1739 2569; baseline -0.008 -7"><span class='ocrx_word' id='word_1_809' title='bbox 952 2534 1076 2569; x_wconf 81' lang='lat' dir='ltr'><strong>Onegesii</strong></span> <span class='ocrx_word' id='word_1_810' title='bbox 1094 2538 1231 2568; x_wconf 89' lang='lat' dir='ltr'><strong>seplorum</strong></span> <span class='ocrx_word' id='word_1_811' title='bbox 1250 2533 1345 2559; x_wconf 91' lang='lat' dir='ltr'><strong>domus</strong></span> <span class='ocrx_word' id='word_1_812' title='bbox 1361 2531 1433 2558; x_wconf 88' lang='lat' dir='ltr'><strong>fores</strong></span> <span class='ocrx_word' id='word_1_813' title='bbox 1445 2531 1559 2565; x_wconf 82' lang='lat' dir='ltr'><strong>aperuit.</strong></span> <span class='ocrx_word' id='word_1_814' title='bbox 1580 2529 1635 2564; x_wconf 83' lang='lat' dir='ltr'><strong>Ego</strong></span> <span class='ocrx_word' id='word_1_815' title='bbox 1647 2529 1739 2557; x_wconf 87' lang='lat' dir='ltr'><strong>statim</strong></span> 
     </span>
    </p>
   </div>
   <div class='ocr_carea' id='block_1_106' title="bbox 952 2574 1737 2613">
    <p class='ocr_par' dir='ltr' id='par_1_106' title="bbox 952 2574 1737 2613">
     <span class='ocr_line' id='line_1_106' title="bbox 952 2574 1737 2613; baseline -0.008 -6"><span class='ocrx_word' id='word_1_816' title='bbox 952 2586 1096 2607; x_wconf 84' lang='lat' dir='ltr'><strong>accurrere</strong></span> <span class='ocrx_word' id='word_1_817' title='bbox 1119 2582 1146 2606; x_wconf 91' lang='lat' dir='ltr'><strong>et</strong></span> <span class='ocrx_word' id='word_1_818' title='bbox 1169 2583 1302 2613; x_wconf 78' lang='lat' dir='ltr'><strong>quaerere,</strong></span> <span class='ocrx_word' id='word_1_819' title='bbox 1322 2584 1390 2611; x_wconf 85' lang='lat' dir='ltr'><strong>quas</strong></span> <span class='ocrx_word' id='word_1_820' title='bbox 1405 2583 1448 2603; x_wconf 84' lang='lat' dir='ltr'><strong>res</strong></span> <span class='ocrx_word' id='word_1_821' title='bbox 1464 2574 1737 2610; x_wconf 79' lang='lat' dir='ltr'><strong>ugeretOnegesius;</strong></span> 
     </span>
    </p>
   </div>
   <div class='ocr_carea' id='block_1_107' title="bbox 953 2619 1738 2656">
    <p class='ocr_par' dir='ltr' id='par_1_107' title="bbox 953 2619 1738 2656">
     <span class='ocr_line' id='line_1_107' title="bbox 953 2619 1738 2656; baseline -0.008 -4"><span class='ocrx_word' id='word_1_822' title='bbox 953 2633 995 2652; x_wconf 88' lang='lat' dir='ltr'><strong>me</strong></span> <span class='ocrx_word' id='word_1_823' title='bbox 1011 2624 1084 2652; x_wconf 85' lang='lat' dir='ltr'><strong>cuitu</strong></span> <span class='ocrx_word' id='word_1_824' title='bbox 1099 2624 1200 2650; x_wconf 82' lang='lat' dir='ltr'><strong>habere</strong></span> <span class='ocrx_word' id='word_1_825' title='bbox 1220 2630 1234 2650; x_wconf 89' lang='lat' dir='ltr'><strong>a</strong></span> <span class='ocrx_word' id='word_1_826' title='bbox 1250 2621 1408 2653; x_wconf 79' lang='lat' dir='ltr'><strong>Maximino,</strong></span> <span class='ocrx_word' id='word_1_827' title='bbox 1422 2621 1467 2656; x_wconf 87' lang='lat' dir='ltr'><strong>qui</strong></span> <span class='ocrx_word' id='word_1_828' title='bbox 1485 2620 1591 2655; x_wconf 80' lang='lat' dir='ltr'><strong>legatus</strong></span> <span class='ocrx_word' id='word_1_829' title='bbox 1607 2627 1622 2647; x_wconf 89' lang='lat' dir='ltr'><strong>a</strong></span> <span class='ocrx_word' id='word_1_830' title='bbox 1638 2619 1738 2646; x_wconf 80' lang='lat' dir='ltr'><strong>Roma—</strong></span> 
     </span>
    </p>
   </div>
   <div class='ocr_carea' id='block_1_108' title="bbox 951 2665 1738 2702">
    <p class='ocr_par' dir='ltr' id='par_1_108' title="bbox 951 2665 1738 2702">
     <span class='ocr_line' id='line_1_108' title="bbox 951 2665 1738 2702; baseline -0.009 -3"><span class='ocrx_word' id='word_1_831' title='bbox 951 2672 994 2699; x_wconf 90' lang='lat' dir='ltr'><strong>nis</strong></span> <span class='ocrx_word' id='word_1_832' title='bbox 1010 2671 1137 2702; x_wconf 86' lang='lat' dir='ltr'><strong>venisset,</strong></span> <span class='ocrx_word' id='word_1_833' title='bbox 1152 2669 1223 2702; x_wconf 92' lang='lat' dir='ltr'><strong>quod</strong></span> <span class='ocrx_word' id='word_1_834' title='bbox 1241 2668 1277 2695; x_wconf 94' lang='lat' dir='ltr'><strong>illi</strong></span> <span class='ocrx_word' id='word_1_835' title='bbox 1291 2668 1420 2695; x_wconf 89' lang='lat' dir='ltr'><strong>dicerem.</strong></span> <span class='ocrx_word' id='word_1_836' title='bbox 1435 2666 1482 2694; x_wconf 91' lang='lat' dir='ltr'><strong>llle</strong></span> <span class='ocrx_word' id='word_1_837' title='bbox 1495 2673 1559 2693; x_wconf 88' lang='lat' dir='ltr'><strong>vero</strong></span> <span class='ocrx_word' id='word_1_838' title='bbox 1574 2665 1738 2701; x_wconf 76' lang='lat' dir='ltr'><strong>Onegesium</strong></span> 
     </span>
    </p>
   </div>
   <div class='ocr_carea' id='block_1_109' title="bbox 952 2709 1737 2746">
    <p class='ocr_par' dir='ltr' id='par_1_109' title="bbox 952 2709 1737 2746">
     <span class='ocr_line' id='line_1_109' title="bbox 952 2709 1737 2746; baseline -0.009 -4"><span class='ocrx_word' id='word_1_839' title='bbox 952 2715 1017 2742; x_wconf 87' lang='lat' dir='ltr'><strong>mihi</strong></span> <span class='ocrx_word' id='word_1_840' title='bbox 1031 2714 1072 2741; x_wconf 84' lang='lat' dir='ltr'><strong>sui</strong></span> <span class='ocrx_word' id='word_1_841' title='bbox 1091 2713 1223 2740; x_wconf 90' lang='lat' dir='ltr'><strong>facturum</strong></span> <span class='ocrx_word' id='word_1_842' title='bbox 1238 2711 1344 2746; x_wconf 84' lang='lat' dir='ltr'><strong>copiam</strong></span> <span class='ocrx_word' id='word_1_843' title='bbox 1363 2710 1511 2745; x_wconf 86' lang='lat' dir='ltr'><strong>respondit,</strong></span> <span class='ocrx_word' id='word_1_844' title='bbox 1525 2709 1547 2737; x_wconf 91' lang='lat' dir='ltr'><strong>si</strong></span> <span class='ocrx_word' id='word_1_845' title='bbox 1568 2709 1675 2744; x_wconf 85' lang='lat' dir='ltr'><strong>paulum</strong></span> <span class='ocrx_word' id='word_1_846' title='bbox 1688 2714 1737 2742; x_wconf 88' lang='lat' dir='ltr'><strong>op-</strong></span> 
     </span>
    </p>
   </div>
   <div class='ocr_carea' id='block_1_110' title="bbox 758 2772 1093 2803">
    <p class='ocr_par' dir='ltr' id='par_1_110' title="bbox 758 2772 1093 2803">
     <span class='ocr_line' id='line_1_110' title="bbox 758 2772 1093 2803; baseline -0.012 0"><span class='ocrx_word' id='word_1_847' title='bbox 758 2775 875 2803; x_wconf 70' lang='lat' dir='ltr'><strong>V&#39;ARl/E</strong></span> <span class='ocrx_word' id='word_1_848' title='bbox 893 2772 1093 2803; x_wconf 82' lang='lat' dir='ltr'><strong>LECTIONES.</strong></span> 
     </span>
    </p>
   </div>
   <div class='ocr_carea' id='block_1_111' title="bbox 177 2824 1734 2867">
    <p class='ocr_par' dir='ltr' id='par_1_111' title="bbox 177 2824 1734 2867">
     <span class='ocr_line' id='line_1_111' title="bbox 177 2824 1734 2867; baseline -0.004 -9"><span class='ocrx_word' id='word_1_849' title='bbox 177 2830 199 2846; x_wconf 69' lang='grc'><strong>⁸⁵</strong></span> <span class='ocrx_word' id='word_1_850' title='bbox 211 2830 226 2866; x_wconf 86' lang='grc' dir='ltr'><strong>ἢ</strong></span> <span class='ocrx_word' id='word_1_851' title='bbox 240 2831 287 2867; x_wconf 81' lang='grc' dir='ltr'>τοῦ</span> <span class='ocrx_word' id='word_1_852' title='bbox 301 2831 332 2859; x_wconf 78' lang='grc' dir='ltr'>τὸ</span> <span class='ocrx_word' id='word_1_853' title='bbox 342 2833 432 2867; x_wconf 85' lang='grc' dir='ltr'>χεῖρον</span> <span class='ocrx_word' id='word_1_854' title='bbox 443 2833 491 2860; x_wconf 84' lang='grc' dir='ltr'><strong>ἀπ.</strong></span> <span class='ocrx_word' id='word_1_855' title='bbox 508 2831 537 2860; x_wconf 89' lang='lat' dir='ltr'><strong>N.</strong></span> <span class='ocrx_word' id='word_1_856' title='bbox 576 2832 597 2849; x_wconf 84' lang='lat'>&quot;</span> <span class='ocrx_word' id='word_1_857' title='bbox 609 2832 789 2860; x_wconf 84' lang='grc' dir='ltr'>ἀνατιθέντων</span> <span class='ocrx_word' id='word_1_858' title='bbox 805 2831 861 2860; x_wconf 81' lang='lat' dir='ltr'><strong>Val,</strong></span> <span class='ocrx_word' id='word_1_859' title='bbox 896 2832 918 2851; x_wconf 80' lang='lat' dir='ltr'><strong>‘I</strong></span> <span class='ocrx_word' id='word_1_860' title='bbox 934 2831 978 2857; x_wconf 73' lang='grc' dir='ltr'><strong>τὸν</strong></span> <span class='ocrx_word' id='word_1_861' title='bbox 993 2838 1047 2857; x_wconf 94' lang='lat' dir='ltr'><strong>om.</strong></span> <span class='ocrx_word' id='word_1_862' title='bbox 1066 2828 1141 2867; x_wconf 73' lang='lat' dir='ltr'><strong>v;tl_g_._</strong></span> <span class='ocrx_word' id='word_1_863' title='bbox 1171 2826 1193 2842; x_wconf 83' lang='lat'><strong>&quot;&#39;</strong></span> <span class='ocrx_word' id='word_1_864' title='bbox 1210 2827 1247 2858; x_wconf 83' lang='grc' dir='ltr'><strong>ὡς</strong></span> <span class='ocrx_word' id='word_1_865' title='bbox 1269 2826 1366 2867; x_wconf 75' lang='lat' dir='ltr'><strong>Val._,_6</strong></span> <span class='ocrx_word' id='word_1_866' title='bbox 1382 2826 1470 2867; x_wconf 38' lang='lat'><strong>8.,‘6;</strong></span> <span class='ocrx_word' id='word_1_867' title='bbox 1483 2826 1557 2867; x_wconf 74' lang='lat' dir='ltr'><strong>vuig.</strong></span> <span class='ocrx_word' id='word_1_868' title='bbox 1590 2825 1616 2867; x_wconf 65' lang='lat'><strong>_‘°</strong></span> <span class='ocrx_word' id='word_1_869' title='bbox 1631 2824 1734 2867; x_wconf 53' lang='grc' dir='ltr'>ἑπιδιιέ</span> 
     </span>
    </p>
   </div>
   <div class='ocr_carea' id='block_1_112' title="bbox 120 2860 1736 2904">
    <p class='ocr_par' dir='ltr' id='par_1_112' title="bbox 120 2860 1736 2904">
     <span class='ocr_line' id='line_1_112' title="bbox 120 2860 1736 2904; baseline -0.001 -13"><span class='ocrx_word' id='word_1_870' title='bbox 120 2860 231 2904; x_wconf 53' lang='grc' dir='ltr'>κνύντῗξ</span> <span class='ocrx_word' id='word_1_871' title='bbox 249 2866 300 2900; x_wconf 85' lang='lat' dir='ltr'><strong>CL,</strong></span> <span class='ocrx_word' id='word_1_872' title='bbox 319 2860 518 2894; x_wconf 56' lang='grc' dir='ltr'>ἐπιδείκνυνται</span> <span class='ocrx_word' id='word_1_873' title='bbox 543 2867 613 2904; x_wconf 76' lang='lat' dir='ltr'><strong>vulg.</strong></span> <span class='ocrx_word' id='word_1_874' title='bbox 651 2867 674 2884; x_wconf 77' lang='lat'>”</span> <span class='ocrx_word' id='word_1_875' title='bbox 688 2867 763 2903; x_wconf 84' lang='grc' dir='ltr'>παρὰ</span> <span class='ocrx_word' id='word_1_876' title='bbox 791 2873 854 2895; x_wconf 82' lang='lat' dir='ltr'><strong>ante</strong></span> <span class='ocrx_word' id='word_1_877' title='bbox 883 2867 1028 2901; x_wconf 83' lang='grc' dir='ltr'>Ῥωμαίων</span> <span class='ocrx_word' id='word_1_878' title='bbox 1055 2860 1198 2896; x_wconf 72' lang='lat' dir='ltr'><strong>excidisse,</strong></span> <span class='ocrx_word' id='word_1_879' title='bbox 1228 2866 1276 2890; x_wconf 83' lang='lat' dir='ltr'><strong>aut</strong></span> <span class='ocrx_word' id='word_1_880' title='bbox 1298 2860 1444 2898; x_wconf 69' lang='grc' dir='ltr'>τοῦπαρὰ</span> <span class='ocrx_word' id='word_1_881' title='bbox 1473 2861 1646 2891; x_wconf 85' lang='lat' dir='ltr'><strong>scribendum</strong></span> <span class='ocrx_word' id='word_1_882' title='bbox 1673 2866 1736 2889; x_wconf 81' lang='lat' dir='ltr'><strong>esse</strong></span> 
     </span>
    </p>
   </div>
   <div class='ocr_carea' id='block_1_113' title="bbox 119 2900 237 2935">
    <p class='ocr_par' dir='ltr' id='par_1_113' title="bbox 119 2900 237 2935">
     <span class='ocr_line' id='line_1_113' title="bbox 119 2900 237 2935; baseline -0.008 -7"><span class='ocrx_word' id='word_1_883' title='bbox 119 2905 195 2935; x_wconf 87' lang='lat' dir='ltr'><strong>putat</strong></span> <span class='ocrx_word' id='word_1_884' title='bbox 209 2900 237 2927; x_wconf 87' lang='lat' dir='ltr'><strong>B.</strong></span> 
     </span>
    </p>
   </div>
  </div>
