1951 3074
196 145 252 178 719
694 136 888 166 EXChRPTA
910 134 961 163 EX
980 133 1114 163 musco
1133 130 1313 162 RHETORE’
1763 127 1817 158 περ

197 201 300 228 doloris
316 205 376 225 cum
392 197 501 223 deorum
525 192 642 219 maximo
665 189 879 225 congrediatur?
899 189 986 221 Atque
1009 187 1044 212 ita
1060 186 1225 219 Carigachus
1241 176 1352 220 regnum
1373 190 1475 216 suaque
1511 183 1601 210 omnia
1622 182 1696 210 salva
1716 183 1767 210 sibi
1791 188 1822 211 et

199 247 302 281 integra
320 241 491 270 conservavit
507 259 514 270 ,
538 243 566 266 et
591 237 695 272 reliquu
721 236 810 263 omnis
835 234 1021 262 Acatzirorum
1042 232 1116 266 regio
1132 232 1158 258 in
1180 231 1223 266 jus
1237 231 1420 265 ditionemque
1433 229 1521 256 Attila:
1535 229 1682 257 concessit.
1699 228 1729 256 Ei
1745 233 1821 264 genti

199 273 411 318 cumvseniorem
435 293 467 312 ex
485 283 546 311 liliis
565 290 655 317 regem
675 280 772 308 Attilas
789 279 955 307 constituere
974 276 1150 308 decrevisset,
1166 276 1198 301 ad
1214 276 1284 301 hanc
1303 281 1360 301 rem
1375 273 1569 300 conﬁciendam
1592 273 1754 308 Oucgesium
1767 274 1822 300 mi-

198 339 283 364 serat.
299 335 392 368 Itaque
409 338 458 358 nos
478 333 648 364 exspectare,
666 331 696 354 ut
714 326 814 354 dictum
831 323 1004 358 est,jubcns,
1026 321 1138 356 Bigilam
1166 328 1226 348 cum
1244 320 1305 347 Esla
1328 320 1361 347 ad
1378 319 1514 346 Romanos
1528 319 1696 352 amandavit,
1729 319 1823 354 specie

198 382 306 417 quidem
330 378 531 413 transfugarum
558 374 776 410 repetendorum,
805 372 853 399 sed
868 377 973 402 revera,
993 372 1022 395 ut
1033 375 1128 395 aurum
1142 367 1258 395 Edeconi
1271 367 1432 401 promissum
1445 366 1564 394 aﬂerret.

235 429 299 457 Post
319 427 410 462 Bigilaa
423 412 573 452 discessum
589 430 671 450 unum
692 425 797 448 tantum
813 419 883 446 diem
901 418 927 444 in
938 417 986 452 {bis

1073 415 1126 441 Τοῦ
1139 415 1168 441 δὲ
1179 414 1275 448 Βιγίλα
1289 412 1572 449 ὲξορμήσαντος,μίαν
1585 412 1679 447 μετὰ⁹⁷
1686 412 1736 447 τὴν
1748 412 1823 439 ὲκεί-

198 475 268 503 locis
293 458 465 503 commorati,
482 469 616 505 postridie
628 475 680 495 una
699 474 759 494 cum
775 464 856 493 Attila
871 463 905 490 ad
921 463 980 490 loca

1040 470 1079 488 μου
1094 461 1266 496 ἀναχώρησιν
1288 460 1394 495 ἡμέραν
1411 458 1618 492 ἐπιμείναντες,
1639 459 1671 493 τῇ
1687 459 1823 494 ὑστεραίᾳ

199 521 286 555 magis
302 519 335 546 ad
349 516 558 552 septentrionem
582 513 722 548 vergentia
741 511 855 547 proiecti
873 516 979 537 sumus.

200 567 276 593 Haud
293 565 398 598 longum
413 563 460 590 via
472 561 588 597 spatium
607 567 668 587 cum
684 558 810 586 Barbaris
834 555 980 591 progressi,

200 612 254 640 alio
267 611 318 639 iter
333 609 474 641 vertimus,
495 606 614 642 Scythis,
630 605 676 640 qui
692 605 762 631 viatn
775 602 909 631 ducebant
933 607 983 627 nos

201 659 227 686 id
237 654 500 692 facerejubentibus.
519 652 617 680 Attilas
633 651 734 678 interea
748 650 774 676 in
792 648 906 682 quodam
923 646 983 673 vico

201 703 332 736 substitit,
354 703 380 730 in
390 708 443 736 quo
461 700 542 727 tiliam
571 698 668 725 Eccam
685 702 806 727 uxorem,
819 693 868 720 etsi
893 693 985 727 plures

202 750 268 777 alias
277 749 401 778 haberet,
418 745 578 780 Scytharum
599 742 702 776 legibus
715 740 740 766 id
755 737 985 773 permittentibus,

201 795 299 823 ducere
307 792 402 820 voluit.
415 790 489 817 Illinc
507 788 577 816 facili
596 792 623 814 et
635 785 731 821 aequali
748 785 800 816 via,
825 790 873 818 per
899 783 985 817 plani-

203 842 267 870 tiem
291 840 344 868 iter
360 838 485 868 fecimus,
506 835 574 863 etin
595 833 696 860 multos
709 831 807 858 ﬂuvios
821 828 986 863 navigabiles

203 885 360 914 incidimus.
379 883 498 916 Quorum
516 884 574 916 post
590 878 688 905 lstrttm
710 876 817 903 maximi
835 880 898 901 sunt
920 874 986 901 Dre-

201 940 251 961 con
267 932 364 962 dictus,
378 933 406 956 et
420 928 511 962 Tigas,
540 931 568 954 et
591 923 725 959 Tiphisas.
742 922 776 949 Et
800 922 850 949 hos
875 919 985 954 quidem

201 977 334 1006 naviculis
345 976 425 1003 unico
440 974 512 1008 ligno
539 970 682 1002 confectis,
699 976 766 1004 quas
779 968 804 994 in
830 966 987 1001 quotidiana

202 1032 250 1051 usu
270 1023 370 1050 habent
383 1021 428 1055 qui
446 1020 479 1047 ad
490 1018 600 1046 [lumina
616 1016 749 1046 habitant,
761 1013 878 1047 reliquos
891 1011 988 1038 lembis

202 1077 235 1097 ex
248 1068 398 1104 propinquo
415 1063 574 1099 desutnptis.
591 1069 658 1097 quos
672 1059 784 1089 Barbari
797 1058 920 1087 curribus
936 1057 986 1084 im—

202 1101 315 1150 ponunt,
332 1116 360 1139 et
371 1118 418 1146 per
429 1110 488 1137 loca
504 1106 687 1142 restagnantia
700 1105 860 1139 important,
877 1101 985 1136 trajeci-

203 1167 273 1188 mus.
281 1157 503 1192 Congerebantur
514 1161 579 1181 vero
595 1152 672 1179 nobis
680 1159 713 1178 ex
726 1150 794 1178 vicis
809 1153 984 1180 commeatus,

204 1213 252 1241 pro
266 1205 401 1232 frumento
426 1201 547 1232 milium,
571 1206 620 1234 pro
645 1198 707 1224 vino
731 1195 839 1228 medus;
858 1194 898 1222 sic
912 1194 984 1221 enim

205 1253 324 1280 locorum
346 1249 439 1276 incolae
458 1250 566 1274 vocant.
580 1244 657 1272 Servi
675 1249 793 1278 qucque,
810 1241 857 1275 qui
873 1247 920 1267 nos
940 1246 986 1266 co~

204 1297 380 1326 mitabantur.
392 1294 498 1321 milium
514 1298 607 1319 secum
621 1289 782 1325 portabant,
795 1287 932 1322 potionem
951 1293 985 1312 ex

205 1343 304 1370 hordeo
317 1340 477 1376 praebentes,
491 1345 570 1372 qualn
586 1343 692 1364 camum
701 1334 755 1370 56
769 1333 879 1361 Barbari
895 1331 985 1367 appel-

204 1388 272 1415 lant.
293 1387 383 1421 Longa
398 1385 440 1411 via
452 1382 586 1414 coniecta,
598 1381 641 1409 die
655 1380 688 1407 ad
706 1384 810 1407 noctem
826 1377 985 1409 inclinante,

205 1434 238 1461 ad
253 1432 375 1468 paludem
384 1429 541 1465 quamdam,
553 1428 586 1454 ad
599 1434 679 1461 quam
690 1429 816 1460 aquatum
832 1423 902 1459 (erat
913 1422 985 1450 enim

205 1479 263 1514 ejus
287 1485 356 1512 aqua
379 1475 453 1511 potui
478 1474 550 1508 apta)
569 1472 684 1507 proximi
715 1470 768 1498 vici
781 1469 876 1497 incola
901 1468 986 1500 ibant,

208 1513 321 1552 tentoria
348 1522 465 1549 liximns.
486 1520 581 1553 ingens
609 1521 705 1544 ventus
723 1520 750 1544 et
765 1514 882 1550 procella
910 1513 986 1540 dere-

207 1573 288 1605 pente
304 1572 397 1595 exorta
413 1573 474 1593 cum
499 1563 600 1591 tonitru
621 1567 648 1589 et
662 1561 766 1588 crebris
785 1559 936 1594 fulguribus
960 1562 988 1585 et

209 1603 293 1642 multo
310 1613 399 1640 imbre
412 1608 560 1637 tentorium
575 1611 696 1634 nastrum
718 1605 835 1640 disiecit,
857 1608 884 1631 et
896 1603 988 1630 omnia

210 1655 472 1686 nostrautensiliain
496 1652 646 1688 proximam
671 1651 795 1685 paludem
819 1649 912 1677 volvit.
923 1647 988 1675 Tur-

210 1703 317 1730 binibus
333 1701 360 1728 in
377 1706 440 1726 aere
451 1697 589 1728 excitatis,
615 1700 642 1722 et
661 1702 736 1726 casu,
760 1694 805 1728 qui
822 1693 988 1727 contigerat,

1033 508 1079 533 ἐπὶ
1093 507 1127 533 τὰ
1142 505 1332 540 ἀρκτικώτερα
1351 504 1400 538 τῆς
1408 503 1496 538 χώρας
1513 503 1561 529 σὺν
1575 502 1691 537 ’Δττήλᾳ
1705 501 1823 535 ἐπορεύ-

1035 552 1132 587 θημεν.
1150 551 1204 577 Καὶ
1230 551 1295 585 ἀχρι
1317 549 1389 580 τινὸς
1411 549 1448 583 τῷ
1462 548 1599 584 Βαρδάρῳ
1620 547 1823 583 συμπροελθόν-

1034 606 1079 628 τες
1097 597 1191 632 ἑτέραν
1202 596 1261 623 όδὸν
1271 596 1375 631 ἐτράπη
1380 603 1438 630 μεν,
1452 595 1506 621 τῶν
1516 594 1699 628 ξεναγούντων
1710 594 1734 609 ’⁸
1746 594 1823 629 ἡμᾶς

1036 643 1145 670 Σκυθῶν
1172 643 1250 669 τοῦτο
1282 643 1369 668 ποιεῖν
1394 640 1688 676 παρακελευσαμένων,
1709 640 1746 670 ὡς
1770 640 1821 666 τοῦ

1042 689 1158 724 ’Λττήλα
1176 690 1205 719 ὲς
1220 688 1316 723 κώμην
1341 687 1402 714 τινὰ
1415 686 1614 722 παρεσομένου,
1640 686 1669 712 ὲν
1719 687 1821 720 γαμεῖν

1037 735 1173 770 Θυγατέρα
1193 734 1298 769 Ἑσκάμ
1311 732 1446 764 ὲῦούλετο,
1462 732 1591 763 πλείστας
1617 732 1667 766 μὲν
1681 732 1750 766 ἔχων
1766 740 1822 765 γα-

1039 781 1133 816 μετὰς,
1144 780 1278 814 ἀγόμενος
1293 779 1321 805 δὲ
1338 778 1385 805 καὶ
1395 778 1497 812 ταύτην
1509 778 1579 804 κατά
1591 777 1672 812 νόμον
1692 777 1737 803 τὸν
1749 777 1822 803 Σκυο

1039 826 1123 853 θικόν.
1144 825 1265 852 Ἐνθένδε
1288 823 1475 859 ἐπορευόμεθα
1489 823 1548 849 ὁδὸν
1563 823 1677 858 ὁμαλὴν,
1694 823 1723 850 ὲν
1737 822 1822 856 πεδίῳ

1038 873 1178 907 κειμένην,
1196 871 1368 905 ναυσιπόροις
1395 878 1425 896 τε
1451 869 1655 904 προσεσάλομεν
1676 870 1821 903 ποταμοῖς,

1037 916 1074 946 ὧν
1097 920 1122 945 οί
1149 918 1272 954 μέγιστοι
1303 918 1372 952 μετὰ
1399 916 1444 942 τὸν
1471 916 1574 952 Ἴστρον
1602 915 1616 942 ὅ
1644 923 1674 941 τε
1708 916 1824 950 Δρήκων

1041 965 1189 999 λεγόμενος
1222 963 1269 990 καὶ
1293 963 1308 988 ὁ
1328 962 1412 996 Τίγας
1448 962 1494 988 καὶ
1513 962 1527 987 ὁ
1543 961 1665 995 Τιφήσας
1695 958 1739 996 ἦν.
1767 961 1824 987 Καὶ

1038 1010 1148 1041 τούτους
1185 1009 1234 1045 μὲν
1266 1008 1473 1042 ἐπεραιώθημεν
1498 1007 1553 1038 τοῖς
1578 1006 1733 1041 μονοξύλοις
1747 1006 1824 1032 πλοί-

1039 1065 1090 1089 οις,
1119 1055 1167 1087 οἷς,
1181 1056 1206 1082 οί
1224 1054 1434 1090 προσοικοῦντες
1451 1053 1512 1085 τοὺς
1538 1053 1677 1087 ποταμοὺς
1703 1052 1824 1087 κέχρην-

1038 1109 1102 1128 ται·
1117 1101 1180 1132 τοὺς
1203 1100 1232 1126 δὲ
1255 1099 1365 1130 λοιποὺς
1392 1099 1452 1129 ταῖς
1474 1098 1591 1133 σχεδίαις
1611 1097 1822 1132 διεπλεύσαμεν,

1036 1147 1069 1179 ἃς
1087 1147 1134 1173 ὲπὶ
1144 1145 1198 1173 τῶν
1214 1145 1326 1181 ἁμαξῶν
1341 1145 1366 1171 οί
1377 1144 1515 1180 Βάρῧαροι
1531 1144 1576 1170 διὰ
1587 1144 1649 1175 τοὺς
1676 1143 1821 1178 λιμνάζον-

1035 1201 1085 1224 τας
1093 1192 1204 1227 φέρουσι
1213 1191 1322 1222 τόπους.
1334 1190 1528 1226 Ἐχορηγοῦντο
1537 1189 1564 1216 δὲ
1573 1190 1638 1224 ἡμῖν
1648 1189 1717 1216 κατὰ
1725 1188 1825 1223 κώμας

1036 1240 1145 1274 τροφαὶ,
1154 1239 1216 1265 ἀντὶ
1235 1237 1284 1273 μὲν
1297 1237 1370 1264 σίτου
1382 1237 1506 1272 κέγχρος.
1519 1236 1579 1263 ἀντὶ
1590 1236 1618 1262 δὲ
1627 1236 1698 1262 οῐνου
1714 1237 1728 1262 ό
1743 1235 1824 1270 μέδος

1036 1284 1191 1319 ἐπιχωρίως
1207 1283 1383 1317 καλούμενος.
1407 1281 1582 1316 Ἐκομίςοντο
1597 1281 1626 1308 δὲ
1651 1282 1698 1308 καὶ
1713 1282 1738 1307 ei
1758 1280 1824 1307 ἐπό-

1038 1339 1113 1366 μενοι
1128 1330 1194 1365 ἡμῖν
1206 1329 1339 1365 ὑπηρέται
1364 1328 1480 1364 κέγχρον
1496 1327 1544 1354 καὶ
1557 1327 1588 1354 τὸ
1602 1328 1634 1354 ὲκ
1645 1327 1746 1362 κριθῶν
1756 1335 1823 1362 χορ-

1036 1376 1187 1412 ηγούμενον
1203 1375 1277 1410 πόμα
1287 1383 1293 1390 ·
1307 1375 1393 1410 κάμον
1405 1375 1429 1400 oi
1442 1374 1579 1409 Βάρσαροι
1605 1373 1731 1400 καλοῦσιν
1743 1373 1822 1400 αὑτό.

1037 1423 1153 1458 Μακράν
1169 1422 1197 1449 δι
1210 1421 1358 1452 ἀνύσαντες
1382 1420 1441 1447 ὁδὸν
1466 1421 1529 1455 περὶ
1542 1419 1631 1454 δείλην
1655 1419 1735 1454 ὀψίαν
1751 1427 1821 1446 κατ-

1037 1468 1232 1502 εσκηνώσαμεν
1244 1466 1311 1502 πρὸς
1321 1466 1403 1501 λίμνῃ
1415 1465 1480 1497 τινὶ,
1497 1465 1611 1499 πότιμον
1625 1464 1696 1499 ὕδωρ
1709 1463 1821 1500 ἐχούσῃ.

1038 1513 1106 1548 ὅπερ
1134 1513 1158 1538 οί
1176 1512 1224 1547 τῆς
1242 1511 1355 1547 πλησίον
1379 1511 1521 1546 ὑδρεύοντο
1533 1511 1640 1545 κώμης.
1667 1510 1778 1545 Πνεῦμα
1792 1510 1822 1536 δὲ

1040 1559 1088 1586 καὶ
1102 1558 1200 1585 Θύελλα
1218 1557 1347 1593 ἐξαπίνης
1358 1557 1524 1584 διαναστᾶσα
1548 1557 1618 1592 μετὰ
1642 1556 1761 1592 βροντῶν
1775 1557 1823 1583 καὶ

1039 1604 1144 1640 συχνῶν
1153 1603 1302 1639 ἀστραπῶν
1317 1605 1364 1630 καὶ
1372 1603 1475 1639 ὄμϐρου
1492 1603 1589 1629 πολλοῦ
1602 1603 1633 1630 ού
1651 1602 1730 1637 μόνον
1743 1601 1822 1637 ἡμῶν

1039 1650 1170 1685 ἀνέτρεψε
1184 1650 1207 1666 ⁹⁹
1226 1649 1275 1685 τὴν
1290 1649 1403 1685 σκηνὴν,
1427 1648 1495 1675 ἀλλὰ
1512 1649 1560 1675 καὶ
1584 1647 1633 1683 τὴν
1649 1647 1823 1682 κατασκευὴν

1041 1695 1189 1731 σύμπασαν
1202 1696 1230 1727 ἐς
1244 1695 1275 1721 τὸ
1292 1694 1363 1730 ὕδωρ
1385 1693 1495 1720 ἐκύλισε
1514 1693 1563 1728 τῆς
1577 1693 1685 1728 λίμνης.
1713 1692 1781 1719 Ὑπὸ
1793 1692 1824 1718 δὲ

209 1746 407 1783 perterrefacti,
419 1745 507 1772 locum
520 1742 593 1770 illum
610 1740 789 1773 deseruimus,
804 1737 987 1770 etdissociati,

1040 1742 1087 1775 τῆς
1103 1740 1256 1776 κρατούσης
1265 1739 1312 1766 τδν
1322 1739 1391 1774 ἀέρα
1404 1739 1526 1774 ταραχῆς
1536 1739 1583 1765 καὶ
1600 1737 1648 1765 τοῦ
1668 1738 1824 1773 συμδάντος

211 1795 264 1822 huc
287 1793 350 1820 illuc
378 1790 509 1825 palantes,
535 1789 605 1816 viam
633 1786 817 1820 unusquisque
844 1788 987 1816 nostrum,

210 1847 290 1875 quam
308 1839 358 1866 sibi
369 1837 538 1866 commodam
555 1834 641 1867 duxit,
656 1833 705 1861 sub
718 1831 836 1859 tenebris
847 1834 874 1858 et
893 1830 989 1857 imbri-

212 1887 262 1914 bus
279 1889 332 1913 est
354 1887 521 1919 persecutus.
545 1880 664 1907 Tandem
681 1878 785 1913 tuguria
808 1876 860 1904 vici
874 1875 990 1903 subeun-

211 1937 252 1959 tes
277 1930 354 1966 (illuc
369 1929 442 1957 enim
461 1927 555 1955 divisis
571 1925 712 1953 itineribus
731 1930 824 1951 omnes
844 1922 991 1949 divertera—

212 1977 291 2012 mus).
305 1975 490 2006 convenimus,
507 1977 534 2000 et
544 1979 586 2004 ea,
605 1978 664 2006 qute
682 1969 759 1997 nobis
784 1968 913 2000 deerant,
931 1974 991 1994 cum

212 2023 329 2051 clamore
344 2019 565 2056 perquisivimus.
581 2017 620 2044 Ad
631 2023 711 2051 quem
732 2014 873 2049 strepitum
885 2012 993 2047 Scytha:

211 2066 512 2099 exsilientes,calamos,
523 2063 620 2098 quibus
636 2062 668 2089 ad
680 2062 768 2096 ignem
783 2064 904 2092 utuntur,
917 2064 992 2085 usse-

213 2119 275 2141 runt
291 2122 297 2140 :
317 2117 344 2140 ct
360 2118 475 2138 accenso
492 2109 602 2141 lumine,
618 2107 829 2141 interrogarunt,
841 2104 905 2140 quid
917 2103 994 2131 nobis

214 2158 353 2190 vellemus,
365 2157 411 2191 qui
431 2159 519 2183 tantos
549 2154 683 2181 clamores
696 2152 849 2179 cderemus.
869 2148 993 2180 Barbari,

213 2205 258 2239 qui
269 2211 318 2231 nos
333 2201 543 2231 comitabantur,
560 2197 754 2232 responderunt
777 2203 825 2223 nos
836 2198 995 2229 tempestate

213 2251 353 2287 perculsos
373 2248 487 2275 turbari.
509 2245 600 2281 Itaque
630 2252 678 2272 nos
704 2242 851 2270 liberaliter
869 2241 995 2269 invitatos

214 2296 331 2331 hospitio
344 2296 519 2329 exceperunt,
533 2296 561 2319 et
574 2290 687 2318 calamis
704 2289 783 2316 siccis
795 2288 883 2322 ignem
900 2294 996 2314 accen-

211 2343 320 2370 derunt.
338 2340 394 2368 Vici
414 2338 522 2366 domina
547 2344 600 2364 una
617 2343 649 2363 ex
670 2334 758 2362 Bledae
784 2333 913 2360 uxoribus
926 2337 995 2360 erat.

1039 1787 1252 1822 δειματωθὲντσς
1267 1786 1297 1812 τὺ
1308 1786 1409 1821 χωρίον
1433 1785 1616 1820 ἀπελείπομεν
1638 1784 1684 1810 καὶ
1700 1784 1824 1819 ἀλλήλων

1039 1832 1236 1869 ὲχωριζὸμεθα,
1248 1832 1286 1864 ὡς
1299 1832 1328 1858 ὲν
1341 1832 1431 1866 σκότῳ
1442 1831 1490 1858 καὶ
1504 1830 1584 1866 euq),
1597 1829 1748 1865 τραπέντες
1763 1830 1826 1856 ὁδὸν

1040 1879 1073 1915 ἢν
1098 1879 1172 1914 αὐτῷ
1189 1878 1282 1914 ῥᾳδίαν
1301 1878 1412 1909 ἕκαστος
1435 1876 1545 1915 ἔσεσθαι
1561 1876 1638 1912 ᾤετο.
1661 1877 1706 1909 Ἐς
1733 1876 1762 1903 δὲ
1774 1877 1825 1908 τὰς

1041 1924 1163 1957 καλύϐας
1187 1924 1238 1959 τῆς
1257 1923 1354 1959 κώμης
1378 1923 1595 1959 παραγενόμενοι
1620 1923 1680 1958 (τὴν
1698 1922 1782 1958 αὐτὴν
1795 1922 1825 1949 δὲ

1042 1970 1142 2001 πάντες
1161 1970 1296 2004 διαφόρως
1307 1968 1487 2004 ὲτράπημεν),
1500 1969 1529 2000 ἐς
1543 1968 1643 1995 ταυτὸν
1667 1967 1826 2003 συνῄειμεν,
1883 1976 1887 1980 ·

1042 2015 1090 2042 καὶ
1103 2014 1156 2041 τῶν
1169 2013 1392 2048 ἀπολειπομένων
1409 2014 1456 2040 σὺν
1469 2013 1516 2048 βοῇ
1532 2013 1580 2049 τὴν
1595 2014 1708 2048 ζήτησιν
1719 2012 1826 2040 ἐποιού-

1044 2061 1123 2096 μεθα.
1145 2060 1362 2095 Ἐκπηδήσαντες
1375 2059 1403 2085 δὲ
1414 2059 1439 2086 οί
1454 2059 1556 2086 Σκύθαι
1571 2059 1615 2086 διὰ
1636 2059 1681 2085 τὸν
1700 2058 1824 2094 Θόρυΰον,

1043 2107 1106 2138 τοὺς
1121 2105 1262 2139 καλάμους
1271 2102 1311 2136 οἷς
1325 2104 1393 2140 πρὸς
1400 2104 1439 2139 τῷ
1451 2113 1486 2130 πυ
1492 2105 1518 2140 pl.
1530 2105 1676 2139 κέχρηνται
1686 2104 1825 2136 ἀνέκαιον,

1045 2153 1102 2187 φῶς
1117 2152 1307 2187 ἐργαζόμενοι,
1336 2151 1384 2177 καὶ
1411 2150 1559 2185 ἀνηρώτων
1584 2150 1599 2176 ὃ
1619 2158 1646 2176 τι
1670 2149 1826 2185 βουλόμενοι

1045 2197 1233 2234 κεκράγαμεν.
1250 2196 1310 2223 Τῶν
1321 2196 1348 2223 δὲ
1361 2196 1409 2222 σὺν
1421 2197 1487 2230 ἡμῖν
1512 2195 1662 2230 Βαρϐάρων
1679 2195 1828 2229 ἀποκρινα-

1047 2243 1146 2278 μένων,
1167 2242 1203 2274 ὡς
1218 2242 1262 2269 διὰ
1285 2242 1330 2268 τὸν
1357 2241 1478 2277 χειμῶνα
1492 2240 1735 2276 διαταραττόμεθα,
1761 2239 1828 2274 πρὸς

1048 2290 1119 2324 σφᾶς
1135 2297 1164 2316 τε
1196 2289 1295 2320 αὐτοὺς
1321 2288 1464 2319 καλοῦντες
1484 2288 1655 2322 ὑπεδέχοντο,
1676 2287 1724 2313 καὶ
1747 2287 1828 2313 ἀλέαν

1047 2335 1180 2369 παρεῖχον
1208 2333 1347 2368 καλάμους
1372 2332 1515 2363 πλείστους
1545 2330 1697 2363 ἐναύοντες.
1722 2331 1779 2365 Τῆς
1800 2331 1828 2356 δὲ

213 2389 274 2416 llaec
284 2386 361 2414 nobis
373 2384 474 2412 cibaria
483 2387 510 2410 et
525 2381 650 2409 mulieres
665 2380 809 2412 formosas,
825 2386 885 2406 cum
898 2379 988 2413 quibut

1049 2380 1077 2406 ὲν
1090 2381 1123 2414 τῇ
1140 2379 1222 2414 κώμῃ
1241 2378 1377 2413 ἀρχούσης
1405 2377 1534 2411 γυναικὸς
1548 2377 1616 2413 (μία
1636 2377 1665 2403 δὲ
1690 2376 1760 2411 αὕτη
1775 2375 1829 2403 τῶν

213 2433 298 2461 amori
317 2431 518 2465 indulseremus
529 2428 592 2463 (hoc
609 2427 679 2454 enim
694 2426 761 2461 apud
772 2425 887 2460 Scythas
899 2424 988 2451 honori

1051 2410 1138 2460 Βλήέα
1152 2410 1430 2459 γυναικῶν-ἐγεχόνει)
1441 2423 1544 2459 τροφὰς
1553 2410 1623 2457 Ἲημῖν
1636 2410 1830 2457 διαπεμῷαμέ-

213 2477 342 2511 ducitur),
356 2474 548 2510 suppeditavit.
565 2471 721 2499 Muneribus
734 2477 783 2504 pro
796 2468 863 2496 cibis
877 2468 996 2503 praebitis

213 2523 315 2558 gratias
328 2521 447 2555 egimus,
470 2522 497 2546 et
519 2517 570 2545 sub
591 2515 668 2544 tectis
682 2514 782 2542 nostris
799 2520 922 2541 somnum
949 2520 996 2540 ca-

214 2569 330 2604 pientes,
346 2568 380 2595 ab
396 2574 489 2595 earum
503 2564 698 2593 consuetudine
712 2560 997 2590 abstinuimus.Simul

214 2619 294 2649 atque
310 2613 407 2646 illuxit,
421 2612 454 2639 ad
469 2619 510 2644 ea,
529 2617 588 2645 qua;
601 2616 633 2636 ex
648 2613 740 2636 nostra
753 2606 935 2642 suppellectile
952 2606 997 2633 de-

215 2658 426 2690 siderabantur,
463 2653 641 2691 perquirenda
672 2659 765 2680 curam
802 2651 996 2679 convertimus.

217 2703 278 2731 Ha:c
308 2703 405 2737 partim
418 2703 445 2729 in
466 2709 498 2729 eo
521 2701 591 2734 loco,
613 2699 655 2727 ubi
669 2699 756 2735 pridie
774 2697 996 2730 consederamus,

1051 2471 1159 2506 v-qglle.
1173 2471 1219 2496 ἐπὶ
1234 2470 1361 2505 συνουσίᾳ
1375 2470 1505 2503 γυναῖκας
1520 2469 1668 2504 εὐπρεπεῖς
1689 2467 1829 2503 (Σκυθικὴ

1050 2517 1078 2543 δὲ
1095 2517 1163 2550 αὕτη
1179 2515 1266 2551 τιμὴ).
1283 2515 1332 2547 τὰς
1347 2515 1396 2550 μὲν
1408 2516 1540 2549 γυναῖκας
1556 2515 1588 2540 ἐκ
1607 2514 1661 2540 τῶν
1684 2513 1832 2548 προκειμὲ-

1051 2570 1103 2589 νων
1118 2561 1254 2595 ἐδωδίμων
1268 2561 1530 2595 φιλοφρονησάμενοι
1543 2561 1575 2595 τῇ
1593 2559 1661 2595 πρὸς
1676 2559 1760 2590 αὐτὰς
1770 2560 1831 2593 6p:-

1051 2608 1096 2642 λίᾳ
1111 2607 1339 2641 ἁπηγορεύσαμεν
1356 2606 1382 2621 ¹ο
1398 2605 1645 2640 ἐγκαταμείναντες
1658 2604 1687 2631 δὲ
1706 2605 1766 2636 ταῖς
1782 2611 1832 2630 κα-

1052 2652 1147 2683 λύϐαις
1160 2652 1217 2686 ἅμα
1239 2652 1329 2686 ἡμέρᾳ
1353 2651 1382 2682 ἐς
1409 2650 1458 2686 τὴν
1485 2650 1541 2676 τῶν
1555 2649 1661 2676 σκευῶν
1675 2648 1832 2684 ὲτράπημεν

1039 2696 1230 2731 ἀναζήτησιν,
1247 2696 1293 2721 καὶ
1305 2695 1449 2730 σύμπαντα
1464 2694 1621 2730 εὑρηκότες,
1641 2695 1675 2722 τὰ
1687 2694 1736 2730 μὲν
1751 2695 1780 2720 ὲν
1795 2691 1833 2729 τῷ

600 2751 614 2763 ⁹
846 2752 964 2780 νΑιιιίΕ
983 2751 1181 2781 LECTIONES.

269 2805 290 2820 ³⁷
310 2803 378 2838 μετὰ
406 2802 448 2832 Β..
478 2802 547 2838 κατὰ
567 2801 640 2837 vulg.

218 2837 455 2873 ἀπαγορεύσαντες
474 2837 546 2871 vulg.

681 2801 704 2818 93
721 2800 887 2834 ξεναγόντων
917 2800 988 2835 vulg.
1025 2799 1047 2815 "
1062 2797 1191 2833 ἀνέτρεψε
1208 2797 1254 2831 Ν.,
1271 2797 1368 2834 ἔτρεψε
1392 2797 1466 2834 vulg.

1506 2798 1515 2814 ¹
1531 2797 1760 2832 ἀπηγορεύσαμεν
1784 2794 1832 2830 ξι,
