1951 3074
163 200 213 232 721

554 207 602 236 DE
621 207 901 241 LEGATIONIBUS
922 212 1166 247 ROMANORUM
1186 218 1236 248 AD
1253 218 1412 252 GENTES.

1729 224 1785 256 722

164 253 356 294 χιυρίῳ,οὖπερ
364 260 429 294 ὲντῇ
438 262 587 297 προτεραίᾳ
594 263 797 296 καταλύσαντες
805 266 944 302 ἐτύχομεν¹

164 302 502 314 -].ῒλ..μὶ--ἎΪῙῼΙΛ7
538 307 602 314 -κι
716 308 758 314 ι-.
811 310 843 314 λ.
899 311 904 314 .
932 311 944 314 _

999 271 1094 303 partim
1120 272 1146 300 in
1175 273 1231 308 ripa
1259 275 1383 308 paludis,
1414 277 1511 312 partim
1539 277 1565 305 in
1600 278 1656 314 ipsa
1688 280 1783 313 palude

163 302 196 327 τὰ
206 302 235 328 δὲ
249 303 296 329 καὶ
310 303 378 338 πρὸς
397 305 429 340 τῇ
440 305 507 341 ὄχθῃ
521 307 569 341 τῆς
577 307 684 342 λίμνης,
694 308 763 335 τὰδὲ
775 310 820 336 καὶ
835 311 863 337 ὲν
875 311 949 346 αὐτῷ

163 347 202 382 τῷ
215 347 302 380 ὕδατι,
313 349 491 384 ἀνελάϐομεν.
507 352 561 379 Καὶ
573 353 681 388 ἐκείνην
691 354 741 389 τὴν
752 355 858 390 ἡμέραν
874 356 905 382 ὲν
916 357 948 391 τῇ

164 393 247 429 κώμῃ
261 394 447 430 ,διετρίψαμεν
464 396 572 424 ᾶπαντα
598 398 848 434 διατερσαίνοντες·
875 401 889 427 ὃ
919 410 948 427 τε

164 439 220 474 γὰρ
239 440 342 474 χειμὼν
354 441 494 468 ἐπέπαυτο
508 444 555 469 καὶ
570 443 697 480 λαμπρὸς
716 446 790 481 ἥλιος
805 444 848 482 ἧν.
872 448 948 474 Ἐπι-

166 484 328 519 μεληθέντες
343 486 373 513 δὲ
388 488 500 514 καὶτῶν
513 489 604 516 ἵππων
621 491 732 518 καὶτῶν
759 491 861 519 λοιπῶν
878 493 947 520 ὑπο-

165 529 266 564 ζυγίων
291 532 366 567 παρὰ
383 533 432 568 τὴν
463 534 584 569 βασιλίδα
607 537 769 572 ἀφικόμεθα,
799 539 845 565 καὶ
865 539 948 575 αὐτὴν

164 577 355 612 ἀσπασάμενοι
383 581 430 606 καὶ
455 580 550 615 δώροις
579 583 786 618 ἀμειψάμενοι,
815 585 890 621 τρισί
918 594 948 612 τε

164 623 300 658 ἀργυραῖς
325 625 435 659 φιάλαις
461 627 508 653 καὶ
532 628 658 664 ιρυοροῖς
683 630 800 665 δέρμασι
836 632 883 658 καὶ
908 631 948 667 τῷ

163 667 194 699 ἐξ
229 669 324 701 Ἰνδίας
355 671 470 706 πεπέρει
498 673 545 699 καὶ
570 673 608 708 τῷ
640 675 738 710 καρπῷ
778 677 832 703 τῶν
866 677 948 711 φοινί-

164 721 221 739 κων
235 714 283 740 καὶ
306 715 409 749 ἑτέροις
429 718 587 753 τραγήμασι
603 719 666 747 ³8ιά
689 721 718 747 τὸ
739 722 775 756 μὴ
801 723 949 758 ἐπιχωριά-

169 759 226 791 ζειν
241 762 296 792 τοῖς
307 762 458 798 Βαρὸἀροις
475 763 535 791 οὒσι
546 766 657 800 τιμίοις,
674 767 815 802 ὖπέξιμεν,
830 769 947 804 εὐξάμε-

163 813 204 831 νοι
233 807 302 842 αὗτῇ
318 807 408 841 ἀγαθὰ
420 809 470 844 τῆς
485 809 574 842 ξενίας
586 811 659 846 πέρι.
678 812 803 848 Ἢμερὼν
815 814 843 840 δὲ
855 814 877 847 ζ’
890 815 948 842 ὁδὸν

163 851 313 883 ἀνύσαντες
324 853 352 879 ὲν
367 853 448 890 κώμῃ
457 855 511 881 τινὶ
526 856 719 892 ἐπεμείναμεν,
735 859 789 885 τῶν
805 859 947 894 ξεναγοῦν-

163 904 218 922 των
236 897 520 933 παρακελευσαμένων
537 900 661 932 Σκυθῶν,
679 899 723 929 οἶα
735 902 766 938 δὴ
789 903 836 930 τοῦ
857 904 947 940 Ἀττή-

163 942 198 968 λα
213 943 241 973 ἐς
254 943 338 978 αὐτὴν
352 944 532 978 ὲμὸαλοῠντος
543 946 592 981 τὴν
607 947 665 974 ὁδὸν
679 948 726 974 καὶ
740 949 753 983 ἠ
758 949 817 984 μῶν
829 951 944 977 κατόπιν

163 988 246 1014 αὐτοῦ
261 988 423 1023 πορεύεσθαι
437 991 607 1025 ὀφειλόντων.
621 994 706 1021 Ἔνθα
720 994 752 1031 δὴ
766 995 945 1031 ἐνετυγχάνο-

167 1042 217 1068 μεν
231 1034 241 1050 ³
263 1035 376 1070 ἀνδράσι
391 1036 445 1062 τῶν
471 1037 607 1074 ἐσπερίων
628 1040 770 1075 Ῥωμαίων
784 1042 832 1069 καὶ
855 1043 946 1075 αὐτοῖς

163 1078 238 1112 παρὰ
253 1078 298 1105 τὸν
326 1080 456 1114 Ἀττήλαν
490 1082 720 1118 πρεσϐευομένοις
731 1093 740 1101 ·
752 1082 789 1112 ὧν
808 1086 946 1121 Ῥωμύλος

163 1121 210 1158 ἦν,
225 1125 294 1160 ἀνὴρ
323 1127 356 1160 τῇ
383 1125 432 1152 τοῦ
463 1127 582 1162 κόμητος
605 1129 668 1164 ἀξίᾳ
683 1131 875 1166 τετιμημένος,
898 1133 946 1160 καὶ

163 1169 316 1204 Πριμοῦτος
330 1171 341 1186 ⁸
352 1171 400 1206 τῆς
412 1171 544 1206 Νωρίκων
553 1173 644 1209 ἄρχων
660 1175 760 1210 χώρας,
771 1176 818 1202 καὶ
837 1176 945 1211 Ῥωμα-

163 1215 208 1246 νὸς
224 1217 420 1250 στρατιωτικοῦ
436 1218 574 1253 τάγματος
587 1220 706 1254 ἡγεμών.
718 1221 804 1256 Συνῆν
817 1222 845 1248 δὲ
855 1223 946 1255 αὐτοῖς

165 1261 364 1294 Κωνστάντιος,
378 1262 409 1288 ὃν
425 1264 594 1291 ἀπεστάλκει
617 1265 718 1297 Ἀἑτιος
737 1267 812 1302 παρὰ
826 1268 872 1294 τὸν
886 1269 946 1294 Ἀτ-

163 1307 246 1342 τήλαν
260 1307 440 1343 ὗπογραφέως
463 1310 554 1344 χάριν,
574 1311 620 1337 καὶ
637 1311 795 1344 Τατοῦλοςό
814 1313 944 1349 Ὀρέστου

163 1352 255 1386 πατὴρ
270 1352 316 1379 τοῦ
328 1354 395 1388 μετὰ
415 1354 574 1387 Ἐδέκωνος,
584 1357 614 1383 οὗ
627 1358 674 1392 τῆς
693 1359 841 1393 πρεσϐείας
852 1360 944 1393 ἕνεκα,

163 1397 231 1423 ἀλλὰ
242 1398 407 1434 οίκειότητος
425 1399 505 1435 χάριν
523 1401 581 1436 ἅμα
604 1402 695 1437 σφίσιν
710 1404 802 1436 αὐτοῖς
820 1405 870 1440 τὴν
895 1414 945 1432 πο-

165 1442 240 1476 ρείαν
258 1443 423 1478 ποιούμενοι,
438 1446 624 1479 Κωνστάντιος
639 1449 689 1483 μὲν
697 1449 740 1475 διὰ
756 1450 804 1485 τὴν
816 1451 826 1466 ³
840 1452 869 1477 ἐν
884 1452 946 1484 ταῖς

171 1488 298 1520 Ἰταλίαις
315 1491 530 1526 προϋπάρξασαν
542 1494 609 1528 πρὸς
632 1495 694 1526 τοὺς
714 1495 811 1531 ἄνδρας
835 1498 944 1531 γνῶσιν,

163 1533 297 1566 Τατοῠλος
307 1535 334 1562 δὲ
347 1536 389 1562 διὰ
403 1537 572 1571 συγγένειαν.
591 1540 619 1566 '0
631 1541 685 1576 γὰρ
696 1541 777 1568 αὑτοῦ
790 1544 853 1575 παῖς
868 1543 945 1579 Ὀρέ-

1000 317 1158 351 recepimus.
1188 318 1215 346 In
1249 319 1290 347 bis
1318 320 1488 350 desiccandis
1527 327 1610 351 totum
1649 324 1718 351 diem
1754 325 1780 352 in

1000 361 1044 388 illo
1075 363 1134 390 vico
1164 364 1330 400 (tempestas
1364 367 1435 394 enim
1468 368 1605 401 desierat,
1635 373 1663 397 et
1693 369 1782 397 clarus

999 407 1037 433 sol
1064 409 1228 445 apparebat)
1254 412 1440 440 contrivimus.
1468 412 1569 441 Deinde
1589 415 1690 443 curatis
1705 416 1782 449 equis

999 457 1024 478 et
1045 453 1155 488 reliquis
1176 454 1324 490 jnmentis,
1350 457 1470 492 reginam
1496 458 1641 487 salutatum
1671 460 1780 488 ivimus.

999 496 1072 524 Hanc
1088 498 1207 526 vicissim
1220 501 1297 527 donis
1307 503 1571 531 remuneratisumtts
1585 503 1669 532 tribus
1681 507 1782 539 pateris

998 543 1142 576 argenteis,
1160 544 1303 572 velleribus
1321 546 1419 577 rubris,
1436 547 1527 582 pipere
1538 547 1641 582 Indico,
1655 549 1782 583 palmulis

998 591 1025 613 et
1040 587 1120 614 variis
1133 589 1262 623 cupediis,
1280 597 1340 625 quae
1354 591 1444 618 omnia
1459 599 1473 618 a
1486 591 1624 625 Barbaris,
1638 598 1667 620 ut
1679 593 1780 628 ignota,

999 633 1087 667 magni
1101 634 1282 662 aestimantur.
1298 635 1352 662 Nec
1364 637 1446 664 multo
1461 642 1520 672 post
1532 638 1622 666 omnia
1640 638 1726 666 fausta
1741 639 1781 667 fe-

999 677 1112 712 liciaqne
1136 679 1172 706 illi
1188 680 1378 714 hospitalitatis
1389 690 1453 716 ergo
1469 683 1581 717 precati,
1592 683 1782 712 discessimus.

999 723 1105 756 Septem
1120 724 1224 752 dierum
1240 726 1336 754 itinere
1348 734 1469 761 emenso,
1482 727 1600 763 Scythae,
1614 729 1658 763 qui
1672 737 1721 756 nos
1733 729 1782 756 du-

998 770 1105 803 cebant,
1129 770 1154 797 in
1182 772 1298 805 quodam
1320 773 1381 800 vico
1396 780 1445 800 nos
1467 775 1614 801 consistere
1630 774 1780 808 jusserunt,

998 815 1060 849 quia
1077 820 1135 849 post
1152 817 1273 849 Attilam,
1289 818 1334 852 qui
1354 819 1404 846 hac
1426 819 1468 846 via
1484 819 1713 854 proﬁcisceretur,
1729 820 1780 847 lter

999 860 1075 887 nobis
1086 860 1237 889 faciendum
1253 868 1336 890 esset.
1350 863 1401 891 Hic
1415 864 1509 892 obvios
1521 864 1666 893 habuimus
1676 865 1781 900 legatos

998 912 1012 931 a
1030 905 1159 933 Romanis
1175 907 1386 936 occidentalibus
1400 909 1482 936 etiam
1499 910 1532 937 ad
1547 910 1656 937 Attilam
1671 911 1781 938 missos.

998 952 1081 978 Erant
1101 957 1189 979 autem
1210 954 1336 988 praecipui
1363 953 1494 983 Romulus
1521 957 1629 984 comitis
1649 957 1779 992 dignitate

997 997 1150 1028 decoratus,
1165 996 1217 1032 57
1231 1002 1257 1024 et
1273 997 1419 1031 Primutus,
1434 999 1537 1027 Norica:
1548 1001 1666 1035 regionis
1684 1001 1780 1036 pracfe-

996 1047 1065 1075 ctus,
1076 1048 1102 1070 et
1114 1041 1261 1076 Romanus,
1279 1045 1402 1072 militaris
1418 1046 1521 1073 ordinis
1533 1046 1637 1073 ductor.
1654 1046 1701 1073 His
1714 1048 1778 1074 ade-

998 1093 1039 1115 rat
1060 1088 1246 1122 COnstantius,
1262 1097 1340 1123 quem
1356 1091 1448 1117 Aetius
1463 1091 1496 1118 ad
1509 1091 1632 1123 Attilatn,
1650 1096 1679 1119 ιιι
1693 1092 1731 1119 illi
1747 1093 1772 1119 in

996 1134 1198 1161 conscribendis
1216 1134 1338 1169 epistolis
1358 1135 1516 1168 deserviret,
1535 1137 1656 1169 miserat,
1674 1143 1700 1164 et
1721 1137 1777 1164 Τα-

997 1178 1087 1210 tullus,
1101 1178 1205 1206 Orestis
1229 1179 1299 1214 ejus,
1316 1179 1360 1214 qui
1377 1187 1436 1206 cum
1459 1179 1582 1208 Edecone
1603 1186 1671 1214 erat,
1687 1188 1778 1216 pater,

997 1232 1048 1251 non
1064 1224 1205 1258 legationis
1217 1233 1309 1258 causa,
1326 1226 1373 1253 sed
1385 1226 1480 1260 privati
1499 1227 1576 1254 cilicii
1592 1232 1620 1254 et
1633 1226 1773 1254 familiari-

997 1269 1059 1296 tatis
1074 1276 1148 1304 ergo.
1163 1269 1322 1297 Constantio
1337 1271 1408 1298 ettim
1421 1272 1446 1298 itt
1463 1270 1546 1299 ltaliis
1561 1273 1649 1307 agenti
1663 1280 1777 1307 magnus

996 1321 1056 1340 cum
1072 1308 1123 1341 illis
1133 1322 1198 1341 usus
1212 1316 1402 1344 intercesserat
1416 1325 1422 1343 :
1439 1315 1572 1343 Tatullum
1583 1318 1699 1345 aﬂinitas
1714 1325 1774 1345 mo-

997 1358 1085 1384 vebat.
1111 1358 1221 1386 Orestes
1242 1360 1326 1392 enim,
1354 1359 1412 1394 ejus
1435 1361 1516 1393 illius,
1534 1362 1640 1390 Romuli
1659 1363 1739 1390 titiam
1763 1372 1778 1389 e

996 1402 1152 1436 Patavione,
1171 1405 1262 1432 Norici
1277 1405 1398 1438 civitate,
1415 1414 1526 1434 uxorem
1544 1408 1669 1435 duxerat.
1684 1408 1776 1444 Legati

996 1455 1085 1477 autem
1103 1451 1257 1484 veniebant,
1278 1457 1306 1478 ut
1321 1452 1430 1479 Attilam
1448 1454 1572 1486 lenirent,
1588 1454 1633 1488 qui
1647 1454 1698 1482 sibi
1720 1453 1779 1489 Syl-

997 1502 1105 1522 vanum.
1122 1496 1204 1523 Armii
1224 1505 1322 1524 mensae
1344 1497 1436 1525 Romae
1457 1498 1622 1533 praefectum,
1640 1500 1708 1526 tradi
1729 1507 1776 1534 po-

996 1540 1122 1572 stulabat,
1141 1546 1282 1576 propterea
1296 1541 1369 1577 quod
1380 1546 1485 1576 pateras
1505 1550 1602 1570 aureas
1616 1551 1632 1570 a
1643 1543 1777 1571 Constan-

163 1588 229 1615 στης
246 1580 384 1614 Ῥωμύλου
399 1582 534 1619 θυγατέρα
558 1586 743 1622 ἐγεγαμήκει,
760 1589 814 1615 ἀπὸ
842 1590 944 1616 Παντα-

999 1585 1036 1612 tio
1048 1587 1162 1620 quodam
1188 1593 1338 1622 acceperat.
1363 1587 1411 1614 llic
1432 1587 1614 1621 Constantius,
1631 1597 1664 1616 cx
1683 1589 1777 1616 Galliis

163 1625 259 1657 σίωνος
286 1627 335 1661 τῆς
351 1628 380 1654 ὲν
397 1628 515 1664 Νωρίκῳ
544 1631 657 1662 πόλεως,
669 1651 676 1658 .
747 1634 942 1668 ἐπρεσϐεύοντο

162 1671 395 1707 ὲκμειλιττόμενοι
431 1674 442 1689 ⁸
458 1674 504 1701 τὸν
533 1675 674 1711 Ἀττήλαν,
698 1678 842 1713 ἐκδοθῆναι
869 1677 944 1715 αὑτῷ

163 1715 322 1751 βουλόμενον
337 1718 346 1733 ⁷
372 1719 511 1752 Σιλῦανὸν,
545 1721 657 1756 ’Δρμίου
673 1723 684 1739 ⁸
702 1724 843 1759 τραπέζης
872 1727 943 1752 κατὰ

160 1761 211 1796 τὴν
236 1761 345 1798 Ῥώμην
360 1765 529 1799 προεστῶτα,
552 1767 589 1799 ὡς
618 1768 714 1802 φιάλας
742 1771 844 1805 χρυσᾶς
870 1773 944 1807 παρὰ

160 1807 351 1835 Κωνσταντίου
362 1810 519 1845 δεξάμενον,
533 1812 562 1844 ὃς
586 1814 618 1840 ἐκ
640 1814 766 1842 Γαλατῶν
779 1816 830 1850 μὲν
841 1817 896 1843 τῶν
915 1819 944 1844 ὲν

160 1854 194 1888 τῇ
221 1853 340 1891 Ἐσπέρᾳ
358 1856 481 1891 ὡρμᾶτο,
496 1858 648 1886 ἀπέσταλτο
658 1860 685 1886 δὲ
704 1862 750 1888 καὶ
764 1862 845 1894 αὐτὸς
869 1864 944 1899 παρά

167 1899 297 1935 ’Δττήλαν
308 1910 337 1927 τε
354 1903 399 1929 καὶ
416 1902 531 1938 Βλῆδαν,
550 1904 644 1939 ὥσπερ
659 1907 673 1932 ό
695 1907 752 1941 μετ¹
768 1908 848 1934 αὑτὸν
866 1909 944 1935 Κων-

161 1946 294 1978 στάντιος,
305 1947 486 1984 ὑπογραφὲως
494 1951 583 1986 χάριν.
598 1953 674 1978 Κατα
686 1952 714 1979 δὲ
722 1953 767 1980 τὸν
779 1954 873 1989 χρόνον
883 1955 912 1981 ἔν
922 1952 944 1989 ᾧ

162 1991 214 2017 ὑπὸ
229 1993 339 2019 Σκυθῶν
349 1995 377 2020 ὲν
387 1995 419 2030 τῇ
429 1995 439 2009 '
450 1996 571 2023 Παιόνων
583 1997 768 2032 ἐπολιορκεῖτο
777 2000 808 2026 τὸ
821 2000 942 2035 Σίρμιον,

160 2037 209 2068 τὰς
226 2038 323 2071 φιάλας
337 2040 413 2075 παρὰ
426 2041 472 2068 τοῦ
487 2041 538 2077 τῆς
557 2043 659 2074 πόλεως
673 2045 822 2071 ἐπισκόπου
837 2046 945 2078 ἐδέξατο

161 2083 204 2116 ἐφ’
246 2083 326 2110 αὑτὸν
346 2083 488 2117 λύσασθαι,
505 2087 530 2112 si!
546 2095 576 2120 γε
594 2088 735 2122 περιόντος
748 2089 771 2105 ¹⁰
780 2089 862 2116 αὐτοῦ
878 2090 946 2117 ἁλῶ-

162 2136 205 2155 ναι
224 2128 274 2163 τὴν
294 2129 371 2156 πόλιν
396 2131 527 2166 συμϐαίη,
548 2132 564 2167 ἢ
582 2133 771 2168 ἀναιρεθέντος
788 2135 944 2170 ὠνήσασθαι

160 2173 224 2204 τοὺς
243 2174 433 2209 αἰχμαλώτους
454 2177 644 2212 ἀπαγομῄους
660 2178 714 2205 τῶν
739 2179 838 2207 ἀστῶν.
871 2181 900 2207 '0
916 2182 944 2208 δὲ

160 2218 351 2252 Κωνστάντιος
375 2222 444 2255 μετὰ
460 2222 505 2249 τὸν
528 2222 579 2257 τῆς
602 2224 706 2255 πόλεως
729 2226 944 2262 ἀνδραποδισμὸν

997 1631 1210 1659 Occidentalibus
1222 1637 1306 1665 ortus,
1319 1633 1352 1658 ad
1369 1633 1477 1660 Attilam
1492 1638 1519 1660 et
1545 1634 1665 1667 Dicdum,
1681 1639 1710 1660 ut
1723 1634 1777 1661 illis

994 1678 1021 1705 in
1039 1679 1244 1706 conscribendis
1269 1679 1392 1714 epistolis
1414 1687 1523 1714 operam
1543 1681 1631 1713 daret,
1649 1681 1778 1716 quemad-

995 1725 1102 1751 modum
1120 1729 1146 1752 et
1160 1731 1220 1758 post
1231 1725 1304 1752 illum
1322 1726 1390 1753 alter
1400 1726 1585 1759 Constantius,
1599 1727 1698 1755 missus
1716 1726 1775 1754 fue-

995 1775 1047 1797 rat.
1072 1770 1118 1798 Ille
1139 1778 1215 1803 vero,
1232 1779 1285 1805 quo
1310 1776 1431 1805 tempore
1447 1771 1575 1798 Sirmium
1596 1772 1734 1806 oppidutu,
1749 1772 1776 1799 in

995 1815 1100 1843 Paeonia
1122 1817 1214 1849 situm,
1250 1817 1358 1852 Scythae
1382 1817 1552 1850 obsidebant,
1576 1824 1657 1844 aurea
1681 1825 1744 1844 vasa
1761 1824 1777 1844 a

994 1862 1112 1890 civitatis
1130 1863 1257 1898 episcopo
1273 1867 1424 1898 acceperat,
1444 1867 1518 1897 utlex
1531 1870 1623 1890 eorum
1640 1863 1738 1898 pretio,
1753 1864 1776 1890 si

995 1916 1024 1936 se
1041 1909 1186 1942 superstite
1207 1909 1300 1936 urbem
1318 1909 1383 1944 'capi
1408 1909 1577 1944 contigisset,
1602 1908 1688 1942 quoad
1711 1907 1777 1934 satis

994 1958 1076 1986 esset,
1098 1961 1146 1988 pro
1163 1961 1210 1981 sua
1231 1953 1354 1981 libertate
1385 1954 1558 1981 solveretur:
1580 1953 1621 1980 sin
1640 1953 1776 1987 periisset,

995 1999 1068 2026 cives
1083 1998 1110 2025 in
1124 1999 1281 2026 servitutem
1296 1999 1403 2026 abducti
1418 1998 1622 2025 redimerentur.
1639 1996 1691 2024 Sed
1703 1997 1775 2024 Con-

995 2044 1111 2071 stantius
1128 2048 1189 2079 post
1211 2043 1285 2071 urbis
1311 2043 1445 2071 excidium
1464 2043 1497 2070 de
1517 2048 1595 2077 pacto
1615 2041 1660 2069 illo
1680 2049 1776 2077 parum

995 2089 1137 2122 sollicitus,
1169 2089 1281 2116 Romam
1301 2088 1443 2123 cujusdam
1460 2087 1558 2123 negotii
1581 2094 1662 2115 causa
1686 2087 1776 2122 profe-

995 2140 1065 2168 ctus,
1084 2142 1147 2163 vasa
1170 2137 1203 2163 ad
1228 2136 1374 2171 Sylvanum
1394 2135 1499 2169 detulit,
1521 2140 1549 2163 et
1567 2143 1664 2163 aurum
1686 2135 1719 2162 ab
1745 2142 1777 2162 eo

995 2182 1109 2215 accepit,
1131 2182 1321 2215 convenitque,
1337 2185 1368 2208 ut
1384 2181 1405 2208 si
1428 2182 1499 2208 intra
1517 2186 1622 2216 tempus
1646 2180 1772 2216 praeilni-

997 2231 1055 2254 tum
1071 2235 1165 2254 aurum
1187 2231 1279 2254 tnutuo
1290 2231 1426 2262 sumptum
1443 2227 1575 2259 redderet,
1591 2234 1654 2254 vasa
1674 2227 1777 2262 recipe-

159 2263 331 2300 ὸλιγωρήσας
351 2267 405 2293 τῶν
426 2267 566 2303 συνθηκῶν
587 2269 607 2284 ¹¹
627 2271 654 2301 ἐς
669 2270 718 2306 τὴν
738 2271 845 2307 Ῥώμην
872 2274 943 2301 κατά

996 2276 1056 2300 ret:
1077 2272 1104 2300 ni
1121 2272 1238 2304 fecisset,
1255 2271 1388 2307 Sylvanus
1409 2279 1472 2299 vasa
1495 2271 1546 2298 sibi
1565 2271 1677 2299 haberet
1691 2275 1719 2298 et
1736 2271 1782 2299 his.

160 2310 258 2344 πρᾶξίν
277 2320 338 2338 τινα
351 2313 542 2348 παραγίνεται,
558 2315 605 2341 καὶ
631 2317 773 2351 κομίζεται
794 2318 870 2353 παρὰ
893 2319 940 2346 τοῦ

159 2355 287 2383 Σιλὸανοῦ
301 2358 411 2393 χρυσίον
426 2359 475 2390 τὰς
493 2359 591 2393 φιάλας
608 2360 680 2395 δοὺς,
697 2362 766 2389 ὥστε
783 2364 865 2398 ῥητοῦ
877 2365 941 2400 χρό-

158 2409 205 2427 νου
227 2403 330 2438 ὲντὸςῆ
348 2405 480 2431 ἀποδόντα
495 2406 525 2432 τὸ
546 2407 718 2434 ὲκδανεισθὲν
742 2410 853 2444 χρυσίον
872 2411 940 2437 ἀνα-

159 2446 250 2473 λαϐεῖν
266 2448 300 2474 τὰ
330 2449 454 2484 ἐνέχυρα,
470 2450 487 2485 ἢ
507 2452 598 2483 αὐτοῖς
621 2453 666 2479 τὸν
683 2453 810 2481 Σιλϐανδν
822 2455 851 2486 ἐς
871 2456 886 2482 ὃ
915 2465 941 2483 τι

161 2489 280 2524 βούλοιτο
290 2493 453 2527 χρήσασθαι.
469 2495 569 2522 Τοῦτον
581 2496 617 2532 ,δὴ
628 2498 673 2524 τὸν
690 2499 877 2526 Κωνστάντιον
911 2502 940 2528 ἐν

159 2535 263 2571 ὑποψίᾳ.
293 2538 438 2572 προδοσίας
469 2541 650 2576 ποιησάμενοι
686 2543 817 2579 Ἀττήλας
839 2553 868 2571 τε
891 2547 938 2573 καὶ

160 2581 263 2617 Βλήδας
279 2583 489 2619 ἀνεσταύρωσαν
505 2593 512 2600 ·
530 2587 598 2620 μετὰ
611 2587 641 2614 δὲ
651 2588 745 2623 χρόνον
764 2589 802 2624 τῷ
823 2590 938 2627 Ἀττήλᾳ

158 2627 197 2659 ὡς
213 2627 247 2655 τὰ
262 2629 327 2664 περὶ
341 2629 394 2656 τῶν
409 2630 513 2664 φιαλῶν
525 2632 647 2668 ἐμηνύθη
658 2653 667 2666 ,
691 2633 832 2670 ἐκδοθῆναι
859 2637 936 2672 αὑτῷ

993 2327 1041 2354 pro
1056 2319 1168 2346 arbitrio
1189 2323 1322 2346 uteretur.
1346 2317 1422 2345 Hunc
1436 2317 1622 2346 Constantium
1639 2316 1738 2344 Attilas
1749 2320 1778 2344 et

992 2365 1084 2398 Bleda,
1103 2373 1166 2393 cum
1180 2365 1232 2392 illis
1244 2364 1406 2399 proditionis
1419 2365 1526 2391 nomine
1540 2367 1682 2397 suspectus
1692 2366 1776 2394 esset.

991 2411 1018 2438 in
1034 2418 1142 2438 crucem
1154 2416 1276 2445 egerunt.
1290 2409 1328 2437 Ex
1342 2417 1405 2444 quo,
1420 2415 1449 2436 ut
1464 2410 1496 2436 de
1511 2408 1614 2444 poculis
1628 2408 1718 2435 aureis
1732 2407 1776 2434 in-

991 2456 1091 2484 dicium
1107 2456 1140 2483 ad
1152 2455 1264 2483 Attilam
1274 2460 1317 2483 est
1327 2455 1458 2490 delatum,
1471 2455 1521 2483 sibi
1533 2455 1599 2482 tradi
1618 2454 1775 2489 Sylvanum,

993 2507 1122 2537 tanquam
1138 2502 1224 2529 iurem
1241 2505 1345 2534 eorum,
1363 2509 1421 2536 quae
1443 2509 1490 2528 sua
1514 2505 1618 2533 essent,
1635 2499 1775 2534 ﬂagitavit.

996 2546 1088 2582 Legati
1114 2547 1196 2582 igitur
1214 2547 1248 2574 ab
1269 2546 1347 2574 Aetio
1364 2551 1390 2573 et
1409 2546 1593 2573 Romanorum
1609 2543 1772 2572 Occidenta-

997 2592 1060 2619 lium
1075 2593 1238 2627 imperatore
1264 2596 1405 2623 venerant,
1421 2591 1466 2626 qui
1486 2591 1607 2619 dicerent
1627 2589 1772 2625 Sylvanum

995 2636 1144 2665 Constantii
1168 2635 1328 2664 creditorem
1350 2643 1412 2663 vasa
1427 2642 1508 2663 aurea
1521 2641 1570 2670 pro
1582 2634 1684 2662 credito
1699 2633 1774 2668 oppi-

793 2715 911 2743 VARIJE
930 2716 1133 2746 LECTIONES.

195 2779 380 2822 ’.Ιτίραγῄμασι
398 2780 443 2822 IL,
469 2781 624 2820 τρυγήμασι
649 2783 726 2822 χαις.
758 2785 999 2822 ξὲνετυγχάνομεν
1024 2785 1068 2818 H.,

157 2821 185 2848 p.
202 2813 262 2845 198,
284 2813 332 2841 lin.
349 2815 394 2846 Π,
407 2813 564 2876 ligones-td;
579 2813 739 2851 appellatur.
758 2818 842 2848 Paulo
858 2813 970 2855 rectius,
985 2825 1052 2856 puto
1062 2813 1073 2847 ἐ
1089 2813 1297 2861 sc."Pr913totu!-
1314 2813 1347 2846 ΝΪ
1396 2819 1406 2835 ⁸
1420 2819 1458 2854 ﬁt

159 2849 414 2890 μειλιττόμενοι-Ηη
443 2850 750 2890 κμελι·ι;τ.όμενοιΔνυις.Δ
773 2854 783 2869 ⁷
797 2855 954 2890 βουλόμενοι
969 2856 1041 2890 vulg.
1080 2854 1090 2870 ⁸
1113 2853 1236 2890 Ἀρμιου]
1252 2854 1383 2890 ἀργυρίου
1398 2853 1458 2882 Val.

159 2855 357 2884 μειλιττομενοι
370 2855 414 2882 ﬂ.,
428 2855 649 2886 εκαελιτιόμενοι
663 2855 735 2888 vulg.
773 2855 783 2869 ⁷
796 2855 954 2896 βουλόμενοι
969 2855 1041 2897 vulg.
1080 2855 1090 2870 ⁸
1113 2855 1169 2890 Ἀρι

159 2883 180 2898 ¹⁰
195 2883 333 2919 περιόντος
349 2884 394 2919 ﬂ.,
408 2874 532 2918 πενδντος
543 2887 615 2922 vulg.
654 2887 673 2903 “
690 2887 829 2924 συνθηκων
842 2889 887 2923 Ν.,
905 2891 1046 2918 Σκυθιχων
1062 2889 1132 2926 vulg.

159 2849 357 2884 μειλιττόμενοι
369 2850 401 2876 Η.

1089 2785 1260 2820 τυγχάνομεν
1286 2784 1358 2820 vuig.

1407 2783 1596 2820 δΠριμοῦτος,
1614 2784 1673 2847 1ᾇιιιὶ
1701 2784 1772 2812 ini'ra

1420 2819 1469 2847 τὴν
1481 2820 1511 2846 ὲν
1535 2820 1597 2847 add.
1637 2837 1647 2846 .
1702 2819 1772 2846 ⁶ἑκ-

1171 2823 1297 2846 romotus.
1314 2819 1346 2846 NL
1396 2819 1406 2835 '
1420 2819 1469 2846 τὴν
1481 2820 1511 2846 ὲν
1535 2820 1597 2846 add.
1614 2819 1647 2846 Ν.

1396 2819 1406 2835 ⁸
1420 2819 1469 2847 τὴν
1481 2820 1511 2846 ὲν
1535 2820 1597 2847 add.
1614 2819 1647 2847 Ν.
1702 2819 1713 2835 ⁶
1725 2820 1772 2846 ἑκ-

1436 2819 1469 2854 ὴν
1481 2820 1511 2846 ὲν
1535 2820 1597 2847 add.
1614 2819 1647 2847 Ν.
1702 2819 1713 2835 ⁶
1725 2820 1768 2846 ἑκ-

1440 2855 1458 2882 l.
1509 2855 1519 2871 '
1537 2856 1569 2890 τῇ
1586 2853 1630 2889 Ν.,
1642 2853 1681 2889 τῷ
1695 2854 1768 2890 vulg.
