1951 3074
138 157 198 189 ’125

527 157 576 189 DE
592 145 871 190 incmomsus
891 157 1137 190 ROMANORUM
1163 159 1214 191 AD
1230 158 1390 193 GENTES.

1709 158 1763 190 726

140 213 260 249 κείμενα
281 211 382 248 χωρίῳ.
404 211 499 247 Ἡμεῖς
515 212 544 240 δέ
554 213 583 240 ἐν
599 214 655 245 τοϊς
677 213 852 249 Ὀνηγησίου,
866 211 938 239 ἐκεί-

994 213 1057 240 stior
1070 218 1097 241 et
1109 214 1135 241 in
1146 214 1233 242 altiori
1246 215 1304 243 loco
1317 215 1380 243 sita.
1392 213 1446 244 Nos
1460 221 1525 243 vero
1540 215 1567 244 in
1581 215 1683 244 :edibus
1694 214 1767 243 One-

142 269 192 287 νου
218 258 501 295 παρακελευσαμένου,
518 259 750 294 ἐγκατεμείναμεν
762 267 770 275 ·
797 258 929 294 ἐπανελη-

144 305 222 332 λύθει
234 305 287 340 γὰρ
301 305 348 331 σὺν
363 304 401 339 τῷ
422 304 537 340 ’Ᾱττήλα
551 305 636 332 παιδί.
649 305 703 333 Καὶ
719 304 930 340 ὴριστοποιησά-

147 351 229 386 μεθσ,
246 350 447 385 δεξιωσαμένης
470 350 545 385 ήμᾶς
567 350 615 385 τῆς
627 359 656 377 τε
673 350 796 386 γαμετῆς
812 349 858 376 καὶ
876 349 931 376 τῶν

147 396 220 422 κατὰ
234 396 310 430 γένος
325 394 399 430 αὐτῷ
413 395 605 431 διαφερόντων·
620 396 701 428 αὐτὸς
715 395 768 430 γάρ
783 395 822 430 τῷ
838 395 932 429 Ἀττή-

147 441 183 476 λᾳ
197 440 265 475 μετά
288 441 338 475 τὴν
354 441 482 468 ἐπάνοδον
496 441 557 467 τότε
582 440 689 476 πρῶτον
702 441 730 472 ις
750 439 810 475 litim
838 439 932 473 ἐλθὼν,

147 487 196 513 καὶ
209 486 283 521 αὐτῳ
299 485 333 512 τὰ
355 485 402 511 ἐπὶ
413 488 447 520 τῇ
466 485 576 521 πράξει,
591 486 640 521 ἐφ’
655 486 689 520 ήν
706 485 827 520 ἔσταλτο,
842 487 934 519 ἀπαγ-

148 533 261 567 γέλλων,
277 534 324 560 καὶ
336 533 366 559 τὺ
380 533 464 565 πάθος
490 533 520 560 τὸ
547 533 586 569 τῷ
611 533 726 568 Ἀττήλα
740 533 815 560 παιδὶ
828 541 935 560 συνενε-

149 578 214 613 χθὲν
229 577 288 614 (τὴν
306 577 360 612 γὰρ
375 578 465 610 δεξιὰν
488 579 567 613 χεῖρα
588 577 763 613 ἐξολισθήσας
780 577 934 613 κατέαξεν).

151 624 366 659 συνευωχεῖσθαι
393 624 459 658 ἡμῖν
485 625 535 651 οὐκ
557 622 609 659 ἦγε
634 624 741 660 σχολήν.
768 624 845 654 Μετὰ
860 624 888 650 δὲ
906 624 937 650 τὸ

152 670 260 697 δεῖπνον
289 669 466 702 ἀπολιπόντες
490 670 526 697 τὰ
545 670 593 697 τοῦ
614 670 775 706 Ὀνηγησίου
800 670 937 706 οἰκήματα

153 715 268 750 πλησίον
284 715 337 742 τῶν
358 707 751 752 ’Δττήλαίκατεσκηνώσάμιη
780 715 796 751 ﬁ
823 716 844 732 "
863 715 938 751 παρὰ

153 761 200 788 τὸν
219 761 352 797 ’Λττήλαν
372 761 476 788 ἐπιέναι
497 762 521 778 ¹⁹
547 761 594 788 τὸν
612 762 771 796 Μαξιμϊνον,
788 762 871 797 ήγουν
892 762 939 789 καὶ

155 807 210 838 τοῖς
221 806 311 838 ἄλλοις
321 806 376 838 τοῖς
385 807 445 842 ἀμφ
453 806 460 816 ’
475 806 555 834 αὐτὸν
567 807 595 839 ἐς
602 806 697 842 λόγους
709 806 776 834 ιέναι
786 807 938 842 ὀφείλοντα,

156 852 195 887 μὴ
217 852 309 887 πολλῷ
329 852 494 888 κεχωρίσθαι
506 853 678 888 διαστήματι.
707 853 896 888 Διαγαγόντων
916 853 938 869 ¹¹

981 259 1047 293 gesii
1064 259 1115 295 (sic
1129 260 1174 288 ille
1185 265 1365 296 praeceperat;
1382 262 1501 290 redierat
1514 261 1586 290 enim
1600 269 1660 290 cum
1675 261 1765 288 Attilae

983 304 1048 340 ﬁlio)
1072 307 1262 334 remansimus.
1291 307 1350 335 Illic
1369 313 1478 335 ctenam
1499 308 1675 342 sumpsimus,
1691 307 1767 335 exci-

984 351 1073 386 piente
1084 359 1132 379 nos
1144 352 1203 387 ejus
1228 360 1313 381 uxore
1332 353 1459 380 comitata
1485 353 1692 385 illustrioribus.
1720 351 1767 388 qui

984 403 1046 423 eum
1060 403 1161 431 genere
1182 397 1385 432 contingebant.
1402 397 1441 425 Illi
1453 397 1524 425 enim
1539 398 1658 425 animum
1675 397 1768 424 nobis-

985 447 1045 467 cum
1060 441 1185 468 convivio
1198 441 1350 469 exhilarare
1360 448 1408 476 per
1430 441 1516 469 otium
1540 441 1650 469 minime
1669 440 1766 473 licuit;

987 485 1041 521 59
1053 486 1116 520 quia
1129 493 1188 521 qua
1203 491 1324 521 gesserat
1342 486 1370 514 in
1394 486 1509 521 negotio,
1527 486 1560 513 ad
1576 487 1647 521 quod
1670 486 1769 513 missus

988 531 1087 568 fuerat,
1106 535 1134 558 et
1157 532 1312 564 adversum,
1339 531 1385 566 qui
1414 531 1470 559 filio
1493 531 1584 559 Attila‘.
1608 531 1768 566 contigerat,

989 584 1081 604 casum
1098 577 1231 612 (dextram
1247 577 1320 604 enim
1342 577 1466 612 delapsus
1489 576 1617 612 fregerat)
1633 576 1770 604 renuntia-

991 625 1078 654 turus,
1101 625 1158 648 tum
1180 620 1296 656 primum
1313 628 1328 648 a
1344 621 1431 648 redittt
1455 621 1481 648 in
1495 621 1584 661 Attilae
1594 625 1770 655 conspectum

989 671 1109 694 venerat.
1127 666 1190 694 Post
1203 674 1319 699 caenam,
1330 667 1431 694 aedibus
1445 666 1570 702 Onegesii
1587 665 1697 698 relictis,
1707 673 1770 701 pro-

991 712 1051 746 pius
1066 711 1155 738 Attilte
1175 712 1247 739 aedes
1263 712 1377 739 tentoria
1391 712 1540 747 posuimus,
1557 716 1587 738 ut
1599 710 1769 742 Maximinus,

991 764 1070 791 quem
1091 756 1200 784 Attilam
1217 758 1377 789 convenire,
1395 761 1492 784 etcum
1505 756 1558 788 his,
1573 755 1618 791 qui
1634 755 1658 783 ei
1672 762 1687 782 a
1705 762 1771 782 con-

992 803 1059 830 siliis
1069 807 1146 830 erant
1159 802 1291 838 colloquia
1306 802 1396 830 facere
1407 802 1560 838 oportebat,
1572 802 1683 829 minime
1693 801 1772 836 longo

992 848 1026 875 ab
1047 847 1127 876 Attila
1151 848 1265 876 distaret
1282 848 1434 876 intervallo.
1456 848 1513 875 Illic
1539 848 1630 883 igitur,
1648 854 1702 882 quo
1716 847 1772 881 pri-

153 897 183 923 δέ
200 897 278 932 ἡμῶν
298 897 404 932 ἐκείνην
423 896 471 932 τὴν
502 896 586 924 νύκτα
603 898 631 923 ἐν
649 893 725 932 ᾧπερ
749 895 938 931 κατελύσαμεν

994 901 1064 921 mum
1088 894 1264 927 devertimus,
1282 899 1386 922 noctem
1405 894 1591 929 transegimus.
1621 893 1694 921 Luce
1712 898 1771 920 orta

154 941 255 976 χωρίῳ,
268 940 466 976 ὑποφαινούσης
478 940 583 976 ἡμέρας
596 941 610 967 ό
625 940 775 976 Μαξιμῖνος
786 939 889 966 στέλλει
906 947 940 974 με

154 987 231 1022 παρὰ
249 988 295 1014 τὸν
318 988 477 1023 Ὀνηγήσιον
489 989 524 1015 τὰ
537 987 612 1023 δῶρα
632 987 762 1020 δώσοντα,
779 987 797 1014 ὃ.
814 995 844 1013 τε
861 985 941 1018 αὐτὸς

155 1033 253 1066 ἐδίδου,
261 1033 279 1060 ά
286 1041 316 1059 τε
326 1032 451 1068 βασιλεὺς
459 1033 636 1066 ἀπεστάλκει,
643 1033 691 1060 καὶ
700 1033 773 1064 ὅπως
785 1032 872 1067 γνοίη,
884 1032 908 1058 εί
919 1032 941 1047 ¹¹

157 1078 281 1114 βούλεται
290 1078 313 1096 ³³
328 1078 412 1113 αὐτῷ,
425 1080 470 1106 καὶ
484 1079 575 1111 ὁπότε,
591 1080 619 1110 ἐς
631 1079 727 1113 λόγους
739 1079 834 1106 ἐλθεῖν.
849 1079 942 1113 Παρα-

157 1124 300 1158 γενόμενος
319 1123 347 1150 δὲ
361 1124 419 1159 ἅμα
431 1125 488 1155 τοῖς
501 1123 660 1159 κομίζουσιν
671 1123 738 1150 αὐτὰ
751 1124 775 1139 ³⁵
793 1123 943 1158 ὑπηρέταις

157 1169 451 1204 προσεκαρτέρουν,ἐτι
462 1170 516 1196 τῶν
527 1169 617 1205 θυρῶν
626 1170 828 1204 κεκλεισμένων
841 1189 849 1200 ,
863 1169 943 1204 ἄχρις

157 1214 219 1241 ὃτου
235 1223 276 1247 τις
287 1214 443 1247 ὑπεξελθὼν
465 1214 514 1251 τὴν
528 1215 666 1250 ἡμετέραν
682 1214 825 1250 μηνύσειεν
840 1213 942 1248 ἄφιξιν.

194 1304 363 1340 Διατρίόοντι
389 1304 418 1332 δὲ
449 1313 494 1340 μοι
523 1304 570 1332 καὶ
601 1304 767 1340 περιπάτους
791 1303 944 1339 ποιουμένῳ

161 1350 213 1385 πρὸ
231 1350 277 1377 τοῦ
290 1350 436 1386 περιϐόλου
447 1350 500 1376 τῶν
511 1350 679 1385 οἰκημάτων,
690 1349 845 1385 προσελθών
857 1358 898 1382 τις
909 1350 943 1382 ³⁵,

160 1395 189 1421 ὃν
202 1395 342 1432 Βάρσαρον
363 1397 396 1423 ἐκ
418 1396 465 1431 τῆς
484 1396 619 1431 Σκυθικῆς
642 1395 735 1431 ᾠήθην
751 1393 820 1422 εῖναι
836 1395 942 1429 στολῆς,

165 1440 306 1476 Ἑλληνικῇ
324 1441 473 1472 ἀσπάζεταί
489 1449 524 1475 μι
535 1442 621 1476 φωνῇ,
637 1441 763 1476 (Χαῖρεμ
777 1439 943 1476 προσειπὼν,

161 1486 231 1513 ὥστε
245 1495 279 1521 με
292 1486 449 1522 θαυμάζειν,
461 1486 501 1513 ὄτι
515 1494 545 1520 γε
557 1485 589 1521 δὴ
603 1485 733 1521 ἐλληνίζει
745 1485 851 1520 Σκύθης
862 1485 942 1521 ἀνήρ.

160 1532 312 1566 Ξύγκλυδες
336 1533 390 1567 γὰρ
406 1532 480 1564 ὄντες
509 1531 576 1567 πρὸς
599 1533 632 1567 τῇ
664 1532 783 1567 σφετέρᾳ
813 1531 979 1576 βαρβάρφα

160 1577 270 1613 γλώσσῃ
289 1577 414 1612 ζηλοῦσιν
432 1578 448 1614 ἢ
465 1578 487 1594 ¹⁶
509 1578 560 1612 τὴν
576 1576 683 1605 οὖννων
699 1577 715 1613 ἢ
731 1578 781 1613 τὴν
794 1577 910 1609 Γότθων,
925 1577 943 1613 ἢ

161 1623 209 1651 καὶ
233 1624 282 1658 τὴν
308 1623 456 1656 Αὑσονίων,
482 1624 555 1655 ὅσοις
571 1623 662 1650 αὐτῶν
689 1623 758 1659 πρδς
793 1623 945 1658 Ῥωμαίους

161 1669 294 1704 ἐπιμιξία·
312 1669 358 1696 καὶ
365 1669 395 1696 οὐ
406 1668 503 1705 ῥᾳδίως
520 1677 562 1701 τις
578 1669 652 1704 σφῶν
667 1668 799 1705 ἐλληνίζει
813 1669 846 1704 τῇ
859 1670 944 1704 φωνῇ,

162 1715 232 1751 πλὴν
257 1712 294 1742 ὤν
324 1716 467 1751 ἀπήγαγον
491 1715 671 1752 αίχμαλὼτων
685 1716 739 1743 ἀπὸ
761 1716 809 1751 τῆς
825 1716 946 1751 Θρᾳκίας

163 1761 210 1787 καὶ
227 1761 366 1796 Ἰλλυρίδος
378 1762 520 1797 παραλίου.
536 1762 614 1789 Ἀλλ’
632 1762 731 1789 ἐκεῖνοι
751 1761 800 1796 μιν
814 1761 947 1797 γνώριμοι
967 1795 970 1797 Δ

164 1805 220 1836 τοῖς
235 1805 442 1840 ἐντυγχάνουσιν
457 1806 604 1842 ἐτύγχανον
626 1806 658 1833 ἐκ
683 1815 713 1833 τε
733 1806 786 1833 τῶν
801 1806 948 1842 διερρωγό-

163 1857 217 1875 των
231 1850 386 1885 ἐνδυμάτων
402 1851 449 1877 καὶ
472 1851 520 1877 τοῦ
535 1851 641 1886 αὐχμοῦ
664 1852 713 1886 τῆς
727 1851 857 1886 κεφαλῆς,
875 1851 914 1883 εις
925 1851 947 1867 ⁸⁷

163 1895 212 1930 τὴν
228 1896 336 1930 χείρονα
351 1897 550 1932 μεταπεσόντες
565 1897 660 1932 τύχην·
673 1895 750 1928 οὗτος
764 1897 793 1923 δέ
810 1897 948 1932 τρυφῶντι

170 1939 252 1975 ἐῴκει
266 1940 355 1977 Σκύθῃ
379 1941 494 1976 εὐείμων
505 1950 534 1968 τε
548 1940 586 1969 ὣν
603 1943 650 1968 καὶ
665 1942 882 1977 ἀποκειράμενος
899 1941 949 1977 τὴν

167 1985 287 2020 κεφαλήν
293 1987 751 2022 περιτρόχαλα.’Δντασπασάμενος
762 1987 791 2014 δὲ
803 1987 950 2023 ἀνηρώτων

165 2032 207 2062 τίς
223 2031 260 2059 ὢν
278 2033 324 2059 καὶ
339 2033 420 2060 πόθεν
430 2034 459 2065 ἐς
475 2033 524 2069 τήν
538 2033 675 2069 βάρϐαρον
692 2033 815 2069 παρῆλθε
830 2033 881 2068 γῆν
903 2034 950 2061 καὶ

168 2078 226 2112 βίον
258 2080 409 2115 ἀναιρεῖται
438 2080 579 2108 Σκυθικόν.
602 2081 632 2108 '0
654 2081 682 2108 δέ
710 2081 876 2116 ἁπεκρίνατο
909 2081 950 2109 ὅτι
970 2088 976 2092 ·

168 2124 333 2160 Βουλόμενος
356 2125 441 2152 ταῦτα
455 2126 556 2160 γνῶναι
573 2127 739 2159 ἐσπούδακα,
766 2126 821 2161 ἐγὼ
838 2127 949 2163 δέβφην

167 2169 256 2197 αἰτίαν
272 2171 536 2207 πολυπραγμοσύνης
547 2170 617 2199 εἷναί
643 2181 687 2208 μοι
709 2173 758 2208 τὴν
771 2174 794 2190 ³⁸
816 2173 951 2209 Ἐλλήνων

993 940 1066 967 misit
1091 947 1134 967 me
1161 939 1322 967 Maximinus
1346 939 1379 967 ad
1402 939 1575 974 Onegesium,
1597 943 1626 966 ut
1651 939 1689 966 illi
1715 944 1771 966 tum

992 991 1052 1019 quas
1067 984 1125 1018 ipso
1139 983 1231 1017 dabat,
1250 988 1305 1011 tum
1323 984 1356 1012 ab
1373 985 1536 1019 imperatore
1557 984 1639 1011 missa
1659 989 1771 1010 munera

993 1031 1138 1062 traderem,
1164 1035 1191 1058 et
1207 1034 1236 1057 ut
1254 1031 1311 1065 ipse
1328 1034 1515 1065 cognosceret,
1539 1036 1573 1056 an
1586 1028 1624 1057 illi
1642 1035 1732 1056 secum
1745 1032 1773 1055 et

992 1083 1046 1112 quo
1061 1081 1180 1111 tempore
1194 1076 1356 1111 colloquium
1375 1076 1444 1103 inire
1467 1075 1581 1103 luberet.
1599 1073 1708 1102 Perrexi
1724 1073 1774 1108 igi-

993 1126 1037 1148 tur
1056 1122 1088 1148 ad
1107 1121 1268 1156 Onegesium
1293 1128 1354 1149 cum
1379 1120 1497 1153 famulis,
1523 1120 1568 1155 qui
1587 1121 1655 1147 dona
1677 1123 1772 1154 porta-

993 1166 1079 1194 bant:
1097 1174 1158 1194 cum
1169 1169 1258 1203 Ianua
1274 1167 1372 1195 clausae
1390 1171 1490 1198 essent,
1505 1165 1672 1201 exspectavi,
1687 1164 1772 1192 donec

993 1212 1213 1247 aperirenturhet
1230 1213 1327 1248 aliquis
1343 1213 1441 1246 exiret,
1456 1212 1502 1248 qui
1523 1219 1586 1240 eum
1600 1211 1653 1239 mei
1671 1211 1772 1239 adven-

995 1261 1037 1284 ius
1052 1257 1196 1285 certiorem
1207 1258 1319 1286 faceret.

1029 1302 1122 1336 Itaque
1145 1308 1249 1338 tempus
1273 1303 1339 1331 mihi
1369 1303 1466 1332 terenti
1488 1307 1516 1330 et
1538 1302 1610 1330 circa
1636 1309 1773 1330 murorum

995 1349 1124 1376 ambitum
1145 1349 1241 1377 domus
1274 1348 1399 1385 Onegesii
1426 1348 1586 1381 ambulanti,
1617 1354 1775 1383 progressus

995 1395 1087 1422 nescio
1101 1395 1171 1430 quis,
1194 1402 1274 1430 quem
1299 1394 1445 1422 Barbarum
1467 1401 1499 1422 ex
1532 1394 1658 1429 Scythico
1677 1393 1774 1421 vestitu

994 1448 1056 1469 esse
1068 1442 1156 1473 rebar,
1166 1441 1258 1469 Graca
1267 1448 1331 1469 voce
1343 1448 1386 1469 me
1395 1441 1521 1469 salutavit
1531 1440 1623 1468 dicens
1637 1449 1647 1466 ι
1660 1438 1754 1475 Χαῖρε,
1763 1447 1772 1464 ι

996 1485 1088 1514 Mirari
1106 1494 1166 1523 ego,
1194 1487 1239 1522 qui
1262 1487 1349 1520 fleret,
1370 1491 1400 1514 ut
1435 1486 1529 1514 Graece
1557 1485 1713 1520 loqueretur
1734 1484 1777 1511 vir

997 1531 1095 1567 Scytha
1112 1541 1118 1559 :
1137 1532 1236 1560 etenim
1257 1539 1290 1559 ex
1311 1531 1393 1560 variis
1409 1531 1534 1567 gentibus
1555 1530 1701 1563 commisti,
1717 1530 1777 1557 har-

997 1578 1117 1606 baricam
1135 1577 1254 1612 linguam
1269 1576 1373 1610 colunt,
1388 1576 1445 1604 sive
1466 1574 1637 1608 Hunnorum,
1650 1575 1709 1602 sive
1722 1573 1777 1602 Go-

997 1625 1115 1657 thorum,
1139 1629 1188 1652 aut
1209 1624 1291 1652 etiam
1314 1622 1475 1655 Romanam,
1495 1621 1522 1649 hi
1542 1621 1656 1654 scilicet,
1679 1621 1777 1656 quibus

996 1678 1057 1699 cum
1069 1671 1198 1699 Romanis
1215 1670 1383 1706 frequentius
1403 1673 1446 1697 est
1461 1668 1675 1701 commercium;
1690 1674 1778 1702 neque

997 1717 1141 1753 quisquam
1160 1723 1254 1745 eorum
1277 1716 1355 1744 facile
1371 1715 1491 1750 loquitur
1508 1714 1613 1747 Grece,
1627 1714 1680 1742 nisi
1693 1714 1716 1742 si
1730 1713 1778 1749 qui

999 1763 1054 1791 sint
1068 1763 1165 1798 captivi
1183 1769 1198 1790 e
1221 1761 1336 1789 Thracia
1360 1765 1406 1789 aut
1426 1760 1536 1797 Illyrico
1551 1760 1700 1788 maritimo.
1724 1759 1777 1787 Sed

999 1809 1038 1837 illi
1053 1809 1087 1836 ab
1109 1808 1188 1837 obvio
1203 1815 1311 1844 quoque
1324 1808 1445 1844 dignosci
1460 1811 1573 1843 possunt
1584 1811 1611 1835 et
1625 1814 1639 1834 a
1658 1807 1779 1834 vestibus

999 1854 1095 1882 laceris
1109 1859 1137 1882 et
1161 1854 1258 1889 capitis
1281 1853 1417 1889 squalore,
1442 1857 1568 1888 tanquam
1582 1852 1628 1887 qui
1646 1851 1673 1879 in
1697 1851 1778 1879 mise—

1000 1908 1058 1928 ram
1073 1901 1218 1929 inciderint
1231 1900 1377 1928 fortunam.
1394 1898 1443 1926 Hic
1457 1906 1522 1926 vero
1536 1897 1654 1933 opulenti
1672 1897 1780 1932 Scytha

1000 1946 1116 1981 speciem
1125 1952 1180 1980 prae
1191 1952 1220 1973 se
1235 1944 1337 1972 ferebat
1349 1952 1357 1971 :
1368 1947 1427 1971 erat
1444 1943 1516 1970 enim
1525 1943 1592 1970 bene
1605 1946 1631 1969 et
1643 1941 1780 1974 eleganter

1000 1992 1125 2024 vestitus,
1140 1991 1229 2027 capite
1245 1991 1271 2018 in
1284 1989 1430 2018 rotundum
1444 1995 1517 2017 raso.
1532 1987 1612 2015 Hunc
1631 1987 1781 2015 resalutans

1000 2037 1178 2072 interrogavi,
1196 2036 1258 2072 quis
1280 2039 1362 2066 esset.
1384 2039 1412 2062 et
1433 2034 1506 2062 unde
1522 2034 1547 2061 in
1570 2039 1669 2062 terram
1686 2033 1782 2060 barba-

1001 2089 1058 2109 ram
1082 2081 1205 2114 veniens,
1221 2081 1284 2108 vita:
1303 2080 1447 2116 Scythicas
1458 2079 1610 2107 institutum
1635 2079 1710 2114 sequi
1734 2078 1781 2106 de-

1001 2128 1119 2163 legisset.
1136 2127 1183 2155 Ille
1198 2133 1280 2162 quam
1305 2125 1339 2154 ob
1361 2132 1470 2154 causam
1484 2125 1536 2153 hoc
1553 2131 1586 2152 ex
1603 2125 1661 2159 ipso
1677 2132 1782 2160 quaere-

1001 2183 1070 2209 rem,
1096 2174 1210 2210 rogavit.
1234 2182 1244 2200 ι
1263 2172 1329 2200 Mihi
1351 2179 1426 2206 vero,
1450 2171 1573 2206 inquam,
1599 2170 1657 2198 haec
1678 2179 1693 2198 a
1712 2175 1738 2198 te
1753 2176 1783 2198 ut

168 2216 269 2251 φωνήν.
284 2216 351 2243 Τότε
365 2217 397 2252 δὴ
424 2217 540 2251 γελάσας
559 2217 611 2253 ἔφη
629 2218 742 2253 Γραικὸς
763 2218 812 2253 μὲν
836 2216 906 2246 εἶναι
919 2219 943 2245 τί

1001 2221 1164 2253 sciscitarer,
1188 2227 1270 2247 causa
1291 2219 1353 2252 fuit,
1377 2218 1449 2254 quod
1474 2218 1568 2247 Graece
1587 2218 1690 2246 locutus
1710 2225 1750 2246 es.
1769 2226 1779 2244 ι

167 2261 254 2295 γένος,
269 2271 318 2288 κατ
327 2263 334 2273 “
352 2262 486 2298 ἐμπορίαν
499 2263 527 2290 δὲ
541 2264 569 2295 ἐς
579 2263 609 2290 τὸ
620 2263 778 2298 Βιμινάκιον
793 2263 949 2300 ἐληλυθέναι

167 2309 215 2343 τὴν
235 2309 302 2344 πρὸς
330 2310 371 2336 τῶ
388 2311 488 2346 Ἴστρῳ
502 2310 603 2337 Μυσῶν
620 2311 708 2338 πόλιν.
733 2311 861 2338 Πλεῖστον
871 2305 906 2339 ’δὲ
922 2313 951 2339 ἐν

167 2355 236 2390 αὐτῇ
251 2355 389 2390 διατρίσέιαι
405 2356 510 2392 χρόνον,
538 2356 586 2383 καὶ
612 2357 728 2390 γυναῖκα
747 2356 887 2392 γήμασθαι
903 2357 951 2390 ζά-

169 2400 290 2427 πλουτον.
308 2400 363 2435 Τὴν
388 2400 417 2427 δὲ
445 2401 570 2428 ἐντεῦθεν
596 2401 747 2437 εὐπραγίαν
775 2402 950 2437 ἐκδύσασθαι,

171 2447 222 2473 ὐπῇ
241 2448 296 2478 τοῖς
313 2448 466 2483 Βαρϐάροις
481 2449 530 2484 τῆς
547 2449 651 2481 πόλεως
667 2450 825 2485 γενομένης,
843 2444 894 2478 καί
907 2451 952 2478 διὰ

999 2265 1068 2294 Tum
1090 2266 1181 2294 ridens
1199 2266 1240 2293 ait
1264 2272 1295 2293 se
1312 2264 1435 2293 Graecum
1458 2271 1518 2292 esse
1535 2270 1645 2300 genere,
1663 2263 1696 2290 ad
1713 2269 1784 2290 mer-

999 2316 1121 2340 caturam
1151 2310 1322 2339 faciendam-
1339 2310 1543 2343 Viminacium,
1573 2308 1712 2345 Mysorum
1749 2308 1782 2335 ad

998 2358 1097 2386 Istrum
1121 2357 1225 2391 urbem,
1249 2357 1407 2391 accessisse,
1430 2358 1456 2393 in_
1471 2365 1503 2385 ea
1518 2357 1686 2385 domicilium
1702 2356 1784 2390 longo

1000 2409 1121 2439 tempore
1134 2403 1273 2435 habuisse,
1287 2410 1399 2431 uxorem
1408 2410 1517 2438 quoque
1529 2403 1640 2430 divitem
1653 2402 1783 2433 duxisse;

1003 2454 1080 2485 parta
1103 2449 1156 2478 illic
1177 2449 1307 2477 felicitate
1332 2453 1410 2484 capta
1431 2449 1497 2477 urbe
1514 2454 1625 2476 exutum
1644 2448 1737 2480 fuisse,
1757 2451 1786 2473 et

170 2492 215 2519 τὸν
231 2492 390 2528 ὑπάρξαντα
414 2494 528 2521 πλοῦτον
545 2495 618 2531 αὐτῷ
638 2495 790 2532 Ὀυηγησίῳ
806 2497 834 2523 ἐν
847 2498 881 2532 τῇ
898 2497 943 2524 τῶι

1003 2502 1146 2532 propterea
1167 2497 1238 2532 quod
1265 2496 1340 2524 dives
1369 2500 1439 2529 erat,
1467 2503 1498 2523 se
1521 2502 1624 2530 suaque
1647 2495 1737 2522 omnia
1757 2494 1784 2520 in

170 2539 298 2573 λαφύρων
308 2540 487 2576 προκριθῆναι
495 2542 609 2578 διανομῇ
624 2543 696 2574 ’τοὺς
709 2543 762 2578 γὰρ
774 2543 943 2577 ἁλόνταςιὰπὲ

1005 2543 1102 2578 praeda
1125 2541 1259 2570 divisione
1283 2541 1416 2576 Onegesio
1440 2541 1567 2569 cessisse.
1597 2539 1702 2567 Etenim
1726 2545 1786 2566 esse

170 2585 224 2611 τῶν
237 2585 362 2620 εὐπόρων
380 2585 448 2620 μετὰ
465 2586 510 2613 τὸν
532 2587 662 2622 Ἀττήλαν
684 2589 825 2624 ἐκκρίτους
839 2588 912 2626 εἶχον
927 2601 940 2618 ο

1005 2588 1076 2623 apud
1096 2591 1143 2615 eoa
1168 2587 1195 2614 in
1211 2593 1286 2614 more
1301 2587 1429 2621 positum,
1452 2590 1481 2613 ut
1499 2585 1627 2620 praecipui
1650 2585 1684 2611 ab
1704 2583 1784 2611 Attila

170 2630 224 2657 τῶν
235 2630 345 2657 Σκυθῶν
357 2630 469 2665 λογάδες
478 2631 522 2658 διὰ
531 2632 562 2658 τὸ
572 2633 618 2659 ἐπὶ
629 2633 761 2666 πλείστοις
773 2635 943 2664 διατίθεσθαι

1005 2634 1121 2670 Scythiae
1144 2633 1280 2668 principes
1302 2631 1423 2667 captivos
1446 2631 1558 2660 ditiores
1571 2631 1621 2660 sibi
1640 2635 1782 2666 seponant,

173 2675 383 2711 Ἀριστεύσαντα
399 2676 470 2703 δὲέν
492 2677 551 2709 ταῖς
572 2676 686 2710 ὕστερον
715 2677 781 2713 πρὸς
802 2679 943 2715 Ῥωμαίους

1005 2680 1132 2717 quoniam
1151 2679 1293 2714 plurimum
1319 2678 1480 2705 auctoritate
1504 2677 1602 2705 valent.
1619 2676 1714 2704 Postea
1740 2675 1784 2702 ubi

810 2735 927 2766 VARIIE
943 2735 1147 2767 LECTIONES.

588 2788 605 2827 ᾖ
625 2791 739 2827 oonj.N.
781 2794 804 2810 ¹⁶
827 2794 938 2824 εἰσιέναι
953 2797 986 2825 Ν.

280 2827 303 2844 ⁵³
324 2827 448 2863 βούλεται
495 2827 565 2858 Val.,
590 2827 730 2863 βουλευταὶ
758 2829 829 2863 vulg.

208 2793 229 2809 ¹⁹
260 2791 301 2829 ἢ]
323 2791 394 2829 ὥστε
421 2791 565 2829 coni-"8.,

172 2829 216 2856 vui
241 2847 244 2850 .
280 2829 303 2844 “
324 2829 448 2863 βούλεται

173 2865 195 2879 ¹⁸
214 2836 234 2899 ή
256 2862 326 2897 ναι..
347 2863 377 2890 οὑ
404 2863 475 2899 vulg.

1037 2796 1059 2812 "
1075 2793 1257 2828 διαγαγόντων
1284 2793 1327 2827 Βς,
1351 2793 1502 2828 διαγόντων
1518 2794 1589 2827 vulg.
1602 2827 1608 2828 γ
1621 2793 1653 2828 7"
1665 2792 1690 2818 εί
1704 2790 1746 2823 3.,
1761 2790 1786 2817 οἶ

519 2827 730 2879 inﬁma)er
758 2829 829 2879 vullg.
922 2832 998 2879 τιξᾶτῇ
1011 2831 1083 2871 vulg.
1120 2831 1147 2879 ’⁵,
1162 2827 1325 2865 προσελθών
1351 2827 1405 2861 τις
1424 2829 1469 2862 II.,
1497 2827 1688 2863 προσελθόντες
1713 2827 1787 2861 vulg.

558 2861 597 2895 εἰς
626 2861 667 2895 Β.,
696 2863 733 2895 ὡς
766 2861 836 2899 vulg.
873 2866 895 2882 "
914 2867 963 2902 τὴν
979 2861 1020 2900 IL,
1039 2861 1090 2893 τῶν
1104 2864 1175 2900 vulg.
