1951 3074
171 133 225 167 727

645 138 841 169 EXCERPTA
862 139 913 169 EX
929 139 1063 171 PRISCO
1084 141 1263 171 RHETORE

1737 140 1790 173 728

172 190 302 218 adversus
323 190 458 219 Romanos
477 194 504 219 et
525 191 712 221 Acatzirornm
735 199 841 229 gentem
866 194 953 221 fortis-

1008 195 1107 230 μάχαις
1119 197 1166 223 καὶ
1180 197 1210 223 τὸ
1223 196 1277 223 τῶν
1296 195 1462 232 ’Λκατζίρων
1476 196 1563 230 ἔθνος,
1579 194 1658 224 δόντα
1669 196 1709 232 τῷ
1724 196 1788 233 βαρς

171 234 240 262 sime
258 235 420 267 dimicasset,
436 236 587 264 libertatem
601 246 630 266 se
650 247 682 266 ex
697 247 772 267 more
784 239 953 275 Scytharum,

171 279 227 314 60
239 281 375 315 omnibus,
403 290 463 317 quae
486 284 558 312 bello
578 286 753 320 acquisierat,
772 287 888 314 barbaro
908 287 955 314 do-

172 326 246 353 mino
264 327 383 362 traditis,
400 336 587 362 recuperasse.
604 330 722 359 Uxorem
738 339 846 367 quoque
860 332 954 359 barba-

171 378 229 398 ram
246 371 367 407 duxisse,
384 379 409 401 et
425 381 457 402 ex
471 382 503 403 ea
516 375 614 404 liberos
634 376 787 410 sustulisse,
805 382 832 404 et
846 376 954 412 Onege-

170 416 203 444 sii
219 424 321 446 mensae
337 420 507 455 participem,
526 422 577 449 hoc
593 422 653 450 vitae
670 430 756 456 genus
768 423 846 458 longe
866 423 954 456 potius

170 463 262 498 priore
277 464 386 493 ducere.
413 475 422 492 ι
441 467 492 500 Qui
515 468 585 495 enim
608 469 678 502 apud
702 469 818 504 Scythas
843 469 953 505 degunt,

171 507 269 542 inquit,
284 508 399 537 tolerato
415 511 546 539 bellorum
561 511 665 544 labore,
678 514 737 541 sine
756 514 810 541 ulla
824 514 955 552 sollicitu-

172 553 234 581 dine
248 554 331 582 vitam
349 562 489 592 peragunt.
509 557 577 585 Tum
590 559 777 594 unusquisque
791 559 879 593 bonis,
894 568 954 596 qua:

172 598 224 626 sibi
240 599 347 629 fortuna
370 602 491 636 indulsit,
515 603 625 638 fruitur,
642 612 729 640 neque
751 606 894 641 quisquam
915 606 953 634 illi

173 644 227 672 ulla
241 645 268 673 in
287 653 316 674 re
331 647 459 676 molestus
472 653 521 676 est.
533 648 583 682 Qui
601 657 665 678 vero
679 652 729 679 sub
749 650 877 679 Romanis
890 657 954 680 aeta-

172 692 226 716 tem
241 694 332 723 agunt,
355 690 433 719 facile
457 692 482 719 in
510 693 580 720 bello
603 698 726 728 pereunt.
753 694 809 723 Hos
833 696 906 723 enim
926 696 951 723 in

172 734 235 761 aliis
260 735 303 762 sui
325 738 502 765 conservandi
524 746 599 774 spem
622 740 755 768 collocare
776 748 885 769 necesse
900 747 952 775 est,

172 779 392 816 quandoquidem
416 790 464 817 per
485 788 615 818 tyrannos
639 785 752 813 minime
775 786 844 814 licet.
863 794 951 821 arma,

172 825 270 860 quibus
284 828 469 864 unusquisque
480 837 509 858 se
522 835 637 865 tueatur,
649 836 766 866 gestare.
782 833 871 868 Atque
884 834 952 862 adeo

172 871 225 906 his,
242 873 339 908 quibus
351 874 376 901 id
385 875 448 910 jure
456 875 528 908 licet,
541 876 619 904 valde
633 882 675 905 est
688 878 837 912 perniciosa
852 879 949 907 ducum

171 917 290 952 ignavia,
318 919 364 953 qui
382 919 481 948 bellum
501 922 613 949 minime
639 923 762 958 gnaviter
788 931 895 959 gerunt.
915 925 952 953 At

171 962 198 990 iu
213 970 280 998 pace
296 963 374 1000 longe
387 966 527 994 acerbiora
540 973 615 1001 sunt,
639 976 699 1004 quia
715 969 849 1002 accidunt,
870 977 950 1005 quam

171 1007 348 1043 calamitates,
367 1018 427 1045 quae
451 1018 484 1040 ex
507 1013 578 1040 bello
602 1014 764 1048 proveniunt
789 1019 816 1042 et
841 1020 951 1050 propter

170 1054 266 1082 duram
290 1056 458 1084 exactionem
483 1058 657 1092 tributorum,
674 1066 702 1087 et
722 1066 831 1095 propter
848 1054 951 1096 impro-

169 1099 264 1127 borum
278 1101 444 1135 vexationes,
457 1110 517 1130 cum
534 1104 606 1139 leges
619 1113 671 1132 non
685 1106 712 1132 in
724 1113 819 1134 onmes
834 1107 948 1135 valeant.

171 1145 199 1173 Si
216 1146 277 1181 quis
291 1147 366 1175 dives
389 1152 436 1175 aut
455 1154 550 1183 potens
573 1157 620 1178 cas
643 1150 679 1178 sit
697 1155 890 1187 transgressus,
907 1153 951 1180 ille

170 1191 280 1226 quidem
295 1193 445 1228 iniquitatis
459 1201 516 1223 suae
529 1203 624 1231 pcenas
641 1204 693 1225 non
709 1198 763 1225 luet
780 1198 842 1226 :sin
853 1198 950 1235 aliquis

171 1239 260 1274 inops,
277 1241 322 1275 qui
337 1242 442 1277 negotia
457 1250 550 1276 gerere
564 1245 678 1277 nesciat,
696 1246 765 1272 hunc
782 1253 859 1280 pana
879 1254 893 1273 a
911 1247 951 1274 le-

170 1285 248 1320 gibus
270 1290 370 1314 statuta
396 1292 489 1315 manet
509 1289 584 1317 :nisi
608 1289 677 1317 forte
702 1298 763 1318 eum
794 1292 950 1327 priusquam

170 1330 304 1358 sententia
321 1330 434 1364 feratur,
455 1332 535 1368 longo
553 1334 580 1361 in
605 1334 697 1362 litibus
713 1336 870 1365 continuato
885 1342 952 1365 tem-

171 1383 247 1410 pore,
262 1376 354 1405 multis
369 1383 497 1412 praalorea
511 1380 650 1407 exhaustis
661 1381 766 1415 opibus,
781 1382 834 1410 vita
847 1382 951 1411 defece-

172 1422 216 1450 rit.
235 1422 269 1449 At
286 1425 409 1452 mercede
429 1429 456 1452 et
475 1426 572 1460 pretio,
589 1427 659 1461 quod
680 1427 767 1462 legum
787 1432 813 1455 et
826 1428 896 1464 juris
909 1433 953 1457 est

170 1468 303 1502 obtinere,
324 1470 446 1497 omnium
463 1471 662 1505 iniquissimum
676 1477 728 1500 est.
754 1473 810 1501 Nec
824 1475 895 1502 enim
909 1475 953 1502 in-

1006 242 1081 277 βὰρῳ
1095 243 1211 279 δεσπότῃ
1227 243 1295 270 κατὰ
1306 243 1352 270 τὸν
1367 244 1443 279 παρὰ
1453 244 1571 276 Σκύθαις
1580 243 1661 279 νόμον
1673 243 1707 270 τὰ
1719 244 1789 271 κατὰ

1004 289 1050 316 τὸν
1064 288 1183 324 πόλεμον
1199 288 1273 324 αὑτῷ
1282 288 1426 323 κτηθέντα,
1443 288 1599 325 ἐλευθερίας
1615 290 1718 324 τυχεῖν.
1732 290 1788 316 Γυ-

1004 334 1086 360 ναῖκα
1100 333 1128 360 δὲ
1141 334 1283 368 γήμασθαι
1299 332 1444 369 βάρϐαρον,
1466 332 1535 361 εἶναί
1548 342 1577 361 τε
1591 334 1664 369 αὐτῷ
1679 335 1786 365 παῖδας·

1004 380 1053 406 καὶ
1076 379 1229 415 Ὀνηγησίῳ
1239 379 1379 415 τραπέζης
1395 379 1584 412 κοινωνοῦντα,
1597 380 1726 414 ἀμείνονα
1740 379 1787 406 τοῦ

1005 425 1137 460 προτέρου
1163 426 1208 451 τὸν
1234 425 1353 460 παρόντα
1377 425 1503 460 ἡγεῖσθαι
1524 426 1556 452 ³⁸.
1575 426 1644 456 Τοὺς
1661 425 1709 460 μὲν
1732 425 1788 460 γὰρ

1005 471 1081 506 παρᾲ
1097 471 1214 503 Σκύθαις
1230 472 1298 506 μετὰ
1323 471 1370 498 τὸν
1387 470 1505 506 πόλεμον
1530 471 1560 498 ὲν
1587 471 1786 506 ἀπραγμοσύνῃ

1003 517 1143 548 διατελείν,
1157 517 1272 544 ἑκάστου
1294 517 1348 543 τῶν
1374 516 1515 552 παρόντων
1539 516 1725 548 ἀπολαύοντας
1739 516 1785 543 καὶ

1004 562 1128 598 οὐδαμῶς
1141 562 1157 598 ἦ
1172 562 1251 596 ὀλίγα
1263 562 1471 598 ἐνοχλουμένους
1485 562 1519 578 ’θ’
1534 563 1595 593 τοὺς
1607 563 1696 597 μέντοι
1711 562 1786 597 παρὰ

1012 607 1158 643 Ῥωμαίοις
1173 608 1203 635 ὲν
1221 608 1270 643 μὲν
1289 608 1399 643 πολέμῳ
1414 609 1512 644 ῥᾳδίως
1526 608 1729 641 ἀναλίσκεσθαι,
1745 610 1786 641 είς

1004 654 1114 689 ἑτέρους
1126 653 1176 685 τὰς
1191 653 1241 689 τῆς
1255 653 1393 689 σωτηρίας
1407 654 1516 686 ἐλπίδας
1534 654 1654 689 ἔχοντας.
1670 654 1707 686 ὡς
1717 654 1785 681 πάν-

1003 708 1057 727 των
1075 700 1120 727 διὰ
1132 700 1196 731 τοὺς
1220 700 1368 736 τυράννους
1395 700 1433 736 μὴ
1451 700 1600 736 χρωμένων
1614 700 1715 731 ὅπλοις.
1731 700 1785 726 Καὶ

1002 745 1057 773 τῶν
1086 746 1233 781 χρωμένων
1261 745 1289 773 δὲ
1302 746 1498 781 σφαλερωτέρα
1512 747 1529 781 ἠ
1553 746 1607 773 τῶν
1625 746 1786 781 στρατηγῶν

1003 791 1098 825 κακία,
1115 792 1153 826 μὴ
1171 791 1360 826 ὑφισταμένων
1373 791 1417 818 τδν
1432 791 1561 826 πόλεμον.
1583 791 1627 818 Ἑν
1640 792 1669 818 δὲ
1688 792 1786 828 εἰρήνῃ

1002 837 1185 873 δδυνηρότερα
1208 836 1342 872 ὑπάρχειν
1359 836 1394 863 τὰ
1409 836 1592 872 συμϐαίνοντα
1612 836 1665 863 τῶν
1676 837 1704 863 ὲν
1729 838 1786 868 τοῖς

1002 883 1131 917 πολέμοις
1144 882 1238 909 κακῶν
1246 881 1289 909 διά
1301 890 1331 909 τε
1342 882 1392 917 τὴν
1405 880 1561 917 βαρυτάτην
1572 882 1716 918 εἴσπραξιν
1729 882 1787 908 τῶν

1001 926 1113 961 δασμῶν
1127 926 1174 953 καὶ
1190 926 1239 957 τὰς
1250 926 1282 952 ὲκ
1295 926 1349 953 τῶν
1361 925 1489 960 πονηρῶν
1507 925 1617 961 βλάϐας,
1630 925 1685 952 τῶν
1695 926 1786 960 νόμων

1000 972 1030 999 οὐ
1041 972 1113 999 κατὰ
1123 972 1230 1000 πάντων
1243 972 1387 1008 κειμένων,
1411 971 1475 999 ἀλλ’
1489 972 1513 998 ει
1525 972 1574 1006 μὲν
1584 973 1598 998 δ
1611 972 1787 1007 παραϐαίνων

999 1018 1046 1046 τὸν
1057 1018 1156 1054 θεσμὸν
1170 1018 1225 1046 τῶν
1237 1018 1426 1046 πλουτούντων
1437 1018 1491 1053 εἴη,
1507 1017 1564 1044 ἔστι
1577 1018 1598 1034 ³³
1612 1018 1662 1054 τῆς
1677 1018 1786 1051 ἀδικίας

1001 1064 1081 1092 αὐτὸν
1096 1064 1134 1100 μὴ
1148 1063 1247 1091 διδόναι
1273 1063 1349 1099 δίκας
1365 1071 1374 1079 ⁸
1389 1063 1414 1090 εί
1429 1062 1458 1090 δὲ
1486 1063 1570 1098 πένης
1592 1062 1646 1097 εῐη,
1662 1063 1712 1090 οὐκ
1725 1064 1787 1089 ἑπι-

1002 1110 1134 1146 σητάμενος
1150 1109 1266 1145 χρῆσθαι
1290 1109 1461 1145 πράγμασιν,
1488 1108 1617 1143 ὑπομένει
1629 1109 1651 1125 ³³
1667 1108 1717 1144 τὴν
1731 1109 1786 1135 ἀπὸ

1001 1156 1048 1183 τοῦ
1063 1156 1145 1191 νόμου
1171 1155 1283 1191 ζημίαν,
1303 1156 1381 1190 είπερ
1398 1155 1435 1190 μὴ
1450 1155 1504 1190 πρὸ
1518 1155 1567 1189 τῆς
1585 1154 1701 1190 κρίσεως
1717 1155 1784 1181 ἀπο-

1000 1200 1087 1228 λείποι
1099 1200 1144 1229 τὸν
1160 1199 1226 1236 βίον,
1243 1199 1348 1235 μακροῦ
1362 1199 1384 1216 ³³
1394 1199 1440 1226 ἐπὶ
1452 1200 1511 1230 ταις
1525 1199 1613 1230 δίκαις
1625 1206 1784 1234 παρατεινο·

1003 1247 1084 1282 μένου
1096 1247 1191 1282 χρόνου
1207 1246 1254 1273 καὶ
1275 1245 1410 1272 πλείστων
1428 1244 1662 1279 ἑκδαπανωμένων
1676 1244 1784 1279 χρημά-

1001 1300 1064 1319 των.
1086 1292 1175 1327 Ὅπερ
1202 1291 1256 1317 τῶν
1272 1290 1380 1317 πάντων
1409 1289 1594 1324 ἁνιαρὼτατον
1609 1289 1631 1305 ³⁸
1657 1289 1710 1322 εἴη,
1737 1288 1784 1314 ἐπὶ

1005 1337 1094 1373 μισθῷ
1106 1337 1162 1364 τῶν
1177 1337 1231 1363 ἀπὸ
1243 1336 1292 1363 τοῦ
1305 1336 1387 1371 νόμου
1404 1335 1557 1370 τυγχάνειν.
1583 1334 1651 1361 Οὐδὲ
1679 1334 1732 1367 γὰρ
1745 1333 1785 1368 τῷ

1002 1383 1171 1418 ἀδικουμένῳ
1192 1391 1233 1414 τις
1249 1382 1271 1399 ³³
1287 1382 1459 1416 δικαστήριον
1484 1380 1648 1416 παραδώσει,
1663 1379 1686 1405 εί
1702 1379 1739 1414 μή
1758 1387 1784 1405 τι

1003 1429 1135 1464 ἀργύριον
1149 1428 1188 1462 τῷ
1202 1435 1232 1454 τε
1258 1427 1281 1443 ³⁸
1305 1427 1418 1461 δικαστῇ
1440 1426 1487 1452 καὶ
1504 1426 1559 1456 τοϊς
1576 1425 1671 1458 ἐκείνῳ
1694 1424 1785 1450 διακο-
1839 1451 1842 1456 _

1004 1483 1049 1502 νου
1054 1474 1144 1509 μένοις
1155 1472 1310 1510 κατάθοιτο.
1319 1471 1437 1498 Τοιαῦτα
1448 1471 1495 1498 καὶ
1505 1471 1618 1497 πλεῖστα
1626 1470 1706 1505 ἕτερα
1719 1478 1786 1502 προ-

167 1515 240 1550 juria
254 1515 350 1543 aﬂ‘ecto
362 1516 504 1552 quisquam
519 1516 569 1545 fori
580 1518 715 1551 iudicialis
732 1525 895 1554 potestatem
911 1521 952 1549 fa-

1004 1519 1135 1551 τιθὲντος,
1151 1517 1294 1545 ὑπολαϐὼν
1311 1516 1430 1551 ἔφασκον
1446 1517 1540 1552 πράως
1555 1515 1635 1542 αὑτὸν
1651 1515 1696 1541 καὶ
1708 1515 1741 1541 τὰ
1756 1513 1786 1546 ἐξ

172 1561 235 1594 ciet,
252 1562 407 1596 priusquam
421 1565 563 1597 pecuniam
582 1564 681 1599 judicis
693 1570 721 1592 et
740 1566 798 1601 ejus
813 1567 951 1595 ministro-

171 1614 232 1633 rum
263 1608 405 1635 commodo
430 1616 570 1636 cessuram
601 1610 726 1645 deponat.
748 1621 758 1637 ι
789 1611 851 1640 Haec
873 1617 953 1647 atque

171 1652 326 1687 huiusmodi
356 1655 439 1681 multa
468 1662 528 1682 cum
553 1656 579 1683 in
606 1657 723 1684 medium
743 1657 884 1692 proferret,
904 1666 953 1693 ego

171 1703 309 1733 precatus,
335 1703 364 1727 ut
384 1700 455 1734 quod
468 1701 613 1736 (sentirem,
634 1703 768 1735 patienter
789 1707 818 1731 et
838 1703 954 1738 benigne

171 1744 297 1778 audiret,
320 1746 459 1781 respondi,
483 1747 637 1780 reipublicae
659 1747 786 1775 Roxnana:
818 1754 952 1782 auctores,

172 1791 308 1826 sapientes
329 1797 357 1819 et
372 1792 490 1826 optimos
513 1793 595 1823 viros,
619 1799 653 1820 ne
678 1793 823 1828 quidquam
854 1799 955 1822 temere

171 1840 307 1874 ageretur,
333 1839 401 1867 alios
415 1839 502 1874 legum
518 1840 644 1867 custodes
659 1840 766 1873 fecisse,
784 1840 844 1868 aliis
861 1848 953 1868 armo-

171 1891 232 1911 rum
253 1892 346 1912 curam
363 1885 543 1919 commisisse,
567 1891 606 1919 ut,
627 1887 660 1913 ad
675 1886 772 1913 nullam
795 1887 874 1913 aliam
897 1894 954 1914 rem

171 1930 280 1962 intenti,
296 1938 377 1965 quam
390 1935 420 1958 ut
441 1938 470 1959 se
485 1931 517 1958 ad
533 1939 648 1966 pugnam
670 1937 863 1967 praepararent,
885 1932 954 1959 mili-

173 1975 241 2002 taria
258 1982 339 2010 opera
357 1981 527 2008 exercerent,
543 1981 570 2003 et
586 1976 739 2010 propulsata
751 1983 801 2010 per
817 1977 953 2004 assiduam

172 2020 235 2048 belli
254 2021 454 2048 meditationem
472 2021 546 2049 omni
564 2021 719 2055 formidine,
739 2028 867 2050 consueta
886 2023 956 2049 mili-

172 2065 217 2093 tiae
234 2066 438 2099 exercitatione,
454 2067 552 2094 animis
565 2066 675 2100 firmati,
694 2068 720 2094 in
742 2063 826 2095 aciem
841 2068 954 2096 descen-

172 2112 278 2139 derent.
299 2121 308 2138 ι
331 2112 419 2146 Alios,
437 2113 557 2148 inquam,
570 2114 615 2148 qui
630 2115 702 2148 agris
713 2113 834 2141 colendis
852 2119 879 2141 et
898 2114 956 2141 cul-

1004 1564 1072 1599 ἐμοῦ
1096 1563 1222 1591 ἀκούειν’
1239 1562 1287 1589 καὶ
1303 1562 1334 1597 δὴ
1350 1561 1451 1595 ἔλεγον,
1476 1561 1514 1592 ὡς
1528 1562 1551 1587 oi
1573 1560 1622 1595 τῆς
1644 1559 1786 1594 Ῥωμαίων

1004 1609 1140 1641 πολιτείας
1153 1609 1262 1645 εὑρεταὶ
1278 1607 1354 1642 σοφοί
1370 1615 1398 1634 τε
1408 1607 1454 1633 καὶ
1467 1606 1563 1640 ἀγαθοὶ
1573 1605 1679 1640 ἄνδρες,
1691 1603 1785 1634 ῶστεξτ

1003 1656 1037 1683 τὰ
1061 1655 1211 1691 πράγματα
1231 1654 1370 1689 τηνάλλως
1392 1653 1415 1670 ³⁸
1441 1652 1580 1688 φέρεσθαι,
1592 1652 1655 1682 τοὺς
1672 1651 1720 1686 μὲν
1733 1650 1787 1676 τῶν

1004 1701 1094 1736 νόμων
1111 1699 1180 1728 εῖναι
1195 1700 1329 1735 φύλακας,
1346 1699 1408 1731 τοὺς
1422 1699 1451 1726 δὲ
1473 1698 1606 1725 ποιεῖσθαι
1627 1698 1678 1724 τῶν
1696 1697 1787 1723 ὃπλων

1004 1746 1163 1782 ἐπιμέλειαν
1175 1745 1271 1777 ἔταξαν
1284 1745 1330 1771 καὶ
1337 1745 1386 1777 τὰς
1395 1744 1544 1778 πολεμικὰς
1556 1743 1669 1778 μελέτας
1680 1742 1786 1773 ἀσκεῖν,

1004 1793 1072 1828 πρδς
1081 1792 1163 1827 μηδὲν
1177 1791 1268 1826 ἕτερον
1278 1790 1486 1826 ὲπαγομένουςῆ
1497 1789 1567 1816 ὥστε
1578 1787 1645 1815 εῖναι
1660 1787 1727 1822 πρὸς
1739 1787 1789 1821 μά-

1005 1847 1056 1873 χην
1073 1837 1195 1872 ἑτοίμους
1207 1837 1254 1863 καὶ
1269 1836 1305 1867 ὼς
1321 1836 1366 1862 ἐπὶ
1380 1836 1428 1870 τὴν
1442 1834 1543 1870 συνήθη
1555 1833 1707 1868 γυμνασίαν
1719 1833 1788 1868 θαῤ-

1007 1883 1120 1919 ῥοῦντας
1137 1883 1183 1909 επὶ
1201 1882 1246 1909 τὸν
1270 1881 1389 1916 πόλεμον
1416 1881 1494 1913 ἰέναι,
1514 1879 1750 1915 προαναλωθέντος
1764 1878 1787 1894 ³⁸

1005 1931 1094 1961 αὐτοῖς
1112 1929 1157 1956 διὰ
1181 1929 1231 1964 τῆς
1248 1929 1363 1964 μελέτης
1379 1927 1426 1954 τοῦ
1447 1928 1541 1962 φόϐου,
1570 1926 1632 1956 τοὺς
1659 1925 1687 1951 δὲ
1705 1933 1789 1960 προσ-

1006 1974 1147 2009 κειμένους
1164 1974 1186 1990 δ⁰
1202 1974 1235 2008 τῇ
1251 1972 1372 2008 γεωργίᾳ
1391 1972 1439 1999 καὶ
1454 1973 1486 2007 τῇ
1511 1970 1655 2005 ἐπιμελείᾳ
1665 1970 1714 2004 τῆς
1738 1969 1789 2004 γῆς

1007 2019 1120 2051 ἑαυτούς
1133 2027 1162 2045 τε
1180 2019 1227 2045 καὶ
1240 2019 1262 2034 ⁸¹
1286 2019 1348 2049 τοὺς
1373 2018 1442 2053 ὑπὲρ
1461 2017 1536 2052 σφῶν
1551 2016 1640 2043 αὐτῶν
1657 2014 1789 2049 ἀγωνιζο-

1009 2066 1105 2102 μένους
1118 2065 1228 2101 τρέφειν
1242 2063 1340 2097 ἔταξαν
1355 2064 1388 2096 “,
1401 2064 1432 2091 τὸ
1447 2063 1640 2099 στρατιωτικὸν
1657 2062 1790 2096 εἰσπρατ-

1006 2112 1136 2147 τομένους
1165 2110 1319 2146 σιτηρέσιον
1335 2118 1342 2125 ·
1365 2109 1460 2139 ἄλλους
1472 2109 1501 2136 δὲ
1527 2109 1581 2136 τῶν
1605 2107 1790 2141 ἀδικουμένων

173 2163 240 2184 tune
255 2161 334 2184 terra;
353 2164 462 2192 operam
487 2158 593 2190 darent,
617 2166 724 2185 annona
741 2159 850 2187 militari
864 2159 897 2186 ab
913 2158 953 2186 his

1009 2160 1143 2194 προνοεῖν,
1170 2159 1218 2185 καὶ
1246 2158 1309 2189 τοὺς
1333 2157 1382 2193 μὲν
1408 2156 1455 2183 τοῦ
1474 2155 1578 2182 δικαίου
1609 2152 1790 2189 προΐστασθαι

172 2208 286 2237 exacta;
303 2211 350 2232 eos
375 2203 447 2231 alere
476 2204 628 2236 voluerunt,
654 2211 708 2237 quo
731 2212 779 2237 pro
802 2212 849 2231 sua
867 2204 953 2234 Salute

1009 2190 1078 2239 ὑπὲρ
1093 2205 1147 2231 τῶν
1155 2204 1195 2231 δι’
1205 2190 1347 2231 ἀσθένειαν
1367 2202 1475 2238 φύσεως
1487 2201 1524 2237 μὴ
1538 2201 1601 2228 οἴων
1611 2208 1641 2227 τε
1657 2199 1740 2226 ὄντων
1757 2198 1791 2225 τὰ

173 2250 345 2278 dimicarent.
376 2248 583 2277 Coustitucruut
612 2257 741 2284 quoque,
777 2251 824 2285 qui
854 2250 952 2285 injuria

172 2295 277 2323 affectis
305 2294 500 2329 prospicerent,
515 2300 542 2322 et
564 2294 626 2329 jura
653 2302 757 2327 eorum,
779 2295 824 2330 qui
845 2300 955 2330 propter

173 2347 277 2370 natura;
303 2341 487 2369 inﬁmitatem
512 2341 562 2368 sibi
587 2341 637 2375 ipsi
655 2341 795 2369 consulere
813 2349 867 2368 non
884 2342 955 2369 vale-

173 2392 244 2420 rvnt,
275 2392 425 2419 tuerentur,
446 2387 546 2421 quique
569 2386 631 2418 jure
647 2387 771 2418 dicendo,
799 2395 860 2422 qua;
884 2387 956 2422 leges

172 2433 311 2468 juberent,
325 2437 477 2461 servarent.
501 2432 553 2468 61
568 2432 661 2468 Neque
671 2440 736 2459 vero
747 2440 795 2460 sua
813 2434 957 2468 providen-

172 2481 209 2513 tia
227 2479 370 2508 destitutos
387 2478 552 2514 reliquerunt
566 2485 624 2511 eos,
639 2478 684 2513 qui
699 2478 834 2512 iudicibus
847 2479 956 2511 adsunt,

174 2527 220 2554 sed
239 2527 334 2554 horum
349 2532 411 2553 esse
432 2529 522 2560 partes
545 2524 708 2559 prospicere,
727 2532 780 2559 qua
798 2525 900 2551 ratione
913 2525 957 2558 jus

175 2576 347 2606 assequatur,
368 2571 414 2607 qui
434 2570 567 2599 sententia
581 2569 702 2604 Iudicum
725 2569 851 2602 obtinuit,
867 2574 894 2596 et
917 2571 956 2596 in-

1008 2251 1125 2285 σφέτερα
1132 2249 1413 2285 προΐσχεσθαιδίκαια,
1423 2249 1485 2279 τοὺς
1494 2248 1521 2274 δὲ
1528 2247 1685 2278 δικάζοντας
1695 2245 1793 2280 φυλατ-

1007 2304 1064 2322 τειν
1078 2295 1149 2331 ἅπερ
1162 2296 1176 2321 ὁ
1186 2296 1266 2330 νόμος
1280 2294 1412 2330 βούλεται·
1428 2293 1465 2329 μὴ
1475 2292 1636 2328 ἐστερῆσθαι
1649 2292 1676 2318 δὲ
1685 2291 1792 2327 φροντί-

1007 2342 1052 2373 δος
1073 2341 1139 2377 μηδὲ
1153 2341 1206 2367 τῶν
1218 2341 1414 2375 παραστάντων
1427 2340 1482 2370 τοῖς
1495 2338 1634 2368 δικασταῖς
1645 2337 1713 2372 (15),
1726 2337 1794 2363 ἀλλὰ

1011 2388 1144 2415 κάκείνων
1168 2385 1237 2414 εἶναι
1261 2387 1324 2417 τοὺς
1347 2385 1475 2420 πρόνοιαν
1493 2383 1701 2418 ποιησομένους,
1718 2382 1792 2413 ὅπως

1010 2433 1057 2460 τοῦ
1069 2442 1099 2460 τε
1118 2433 1223 2460 δικαίου
1243 2431 1364 2465 τεύεοιτο
1377 2433 1391 2458 ὁ
1414 2431 1462 2466 τῆς
1481 2430 1536 2457 τῶν
1550 2428 1687 2455 δικαστῶν
1704 2426 1794 2462 τυχὼν

1011 2479 1138 2515 κρίσεως,
1156 2479 1203 2505 καὶ
1221 2479 1235 2505 ὁ
1254 2478 1356 2505 ἀδικεῖν
1368 2477 1391 2494 ⁸⁸
1406 2475 1544 2512 νομισθεὶς
1560 2475 1597 2510 μὴ
1615 2473 1793 2509 εἰσπραχθείη

1011 2524 1092 2551 πλέον
1106 2524 1177 2560 ἢπερ
1189 2525 1206 2559 ἡ
1216 2523 1359 2558 δικαστικὴ
1372 2522 1497 2558 βούλεται
1511 2521 1612 2556 ψῆφος.
1627 2519 1660 2546 El
1679 2519 1733 2554 γὰρ
1756 2517 1794 2552 μὴ

1011 2570 1133 2606 ὑπῆρχον
1157 2571 1180 2597 ot
1194 2569 1280 2596 ταῦτα
1296 2571 1324 2596 ὲν
1353 2568 1474 2605 φροντίδι
1503 2566 1670 2601 ποιούμενοι,
1691 2566 1723 2592 ὲκ
1743 2564 1794 2597 τῆς

810 2652 927 2679 νΑΒΙᾹΞ
956 2652 1159 2680 LECTIONES.

225 2715 392 2750 ¹⁹ήγεῖσθαι]
410 2715 466 2750 βίον
492 2715 552 2742 add.
576 2715 603 2740 Β.
643 2714 664 2729 ³⁰
693 2713 878 2750 ἀπολαύοντας
904 2718 932 2750 et
954 2713 1175 2750 ἐνοχλουμένους
1189 2713 1230 2745 Β.,
1246 2711 1431 2750 απολαύοντος
1443 2714 1472 2737 et
1497 2707 1605 2750 ἐνοχλου

176 2750 195 2765 ³¹
212 2742 321 2788 edulia,
337 2742 467 2788 é_1r‘tlvlulg.
482 2750 526 2788 __"
545 2749 666 2788 ὑπομένῃ
683 2749 773 2788 vulg.“
793 2749 815 2764 ³⁵
829 2742 1119 2788 μαξεροᾷμῌηᾝωίρὺν
1131 2742 1204 2788 νέμε.
1217 2742 1465 2788 ι’.³⁸.ὰνιεριὶρτατον
1483 2744 1558 2788 νηίδ-
1595 2742 1605 2788 ξ

1645 2714 1691 2732 νου
1718 2705 1792 2732 vuln.

1633 2749 1674 2772 τις
1695 2739 1739 2771 Ν..
1753 2739 1794 2773 εἷς

175 2775 248 2820 vulg.
482 2784 525 2816 H.,
540 2775 688 2820 τότένυίξ.
722 2775 744 2800 ἦ
757 2775 839 2820 ὥστεῖ
855 2775 911 2817 οἵγε
928 2775 1030 2820 ἰδόντες
1050 2775 1131 2820 conj,
1148 2775 1194 2820 li."
1216 2781 1242 2820 “_
1254 2782 1290 2816 μὴ
1305 2775 1414 2820 τηνάλλ.
1430 2779 1504 2820 conj:

175 2820 267 2852 θέντος
278 2819 323 2851 11..
341 2829 360 2845 π

379 2828 454 2846 οσαν.
472 2820 543 2854 vulg.
582 2819 604 2854 δέ
617 2818 764 2854 προσκειμ.
779 2818 822 2854 IL.
835 2827 962 2854 προκειμ.
986 2818 1058 2854 vulg.

175 2829 267 2852 υεντος
280 2829 323 2851 ΙΙ..
341 2829 360 2845 π
379 2829 454 2846 οσαν.
472 2829 543 2854 vutg.
583 2829 604 2835 "
617 2829 764 2854 προσκειμ.
779 2829 822 2847 Π..
835 2829 962 2853 προχειμ.
987 2829 1058 2854 vutg.
1114 2829 1133 2834 "
1148 2829 1260 2847 εαυτυυς
1279 2829 1309 2842 τε
1340 2829 1380 2842 και

175 2856 203 2882 δι
218 2856 263 2883 καὶ
276 2855 348 2888 τοὺς,
362 2829 406 2889 ᾗ,
423 2854 534 2885 ἑαυτοὺς
553 2853 620 2888 ὑπὲρ
642 2854 714 2888 vulg.
750 2854 772 2872 δ’
788 2852 852 2881 Post
865 2853 960 2886 ἔταξαν
987 2854 1071 2881 inscr.
1100 2853 1170 2887 vulg.
1199 2852 1226 2878 δὲ
1243 2851 1288 2878 καὶ
1309 2851 1380 2882 τούς.

1112 2818 1133 2834 δ’
1148 2810 1260 2847 ἑαυτούς
1279 2810 1309 2842 τε
1332 2810 1386 2842 ’καὶ
1401 2816 1463 2844 τοὺς
1482 2810 1571 2848 Ὅπερ,
1595 2810 1705 2838 omissis
1729 2817 1794 2839 mox

1112 2853 1170 2876 'ulg.
1199 2852 1226 2876 δὲ
1243 2851 1288 2876 καὶ
1309 2851 1380 2876 τούξ.
1419 2850 1441 2866 ⁸³
1452 2847 1555 2876 ἀδικῶν
1569 2845 1642 2876 vtilg.

1488 2856 1555 2876 ικων
1569 2856 1642 2881 vulg.
