1951 3074
118 194 173 225 729

498 195 546 225 DE
568 195 850 227 LEGATIONIBUS
871 199 1115 232 ROMANORUM
1134 203 1183 233 AD
1203 202 1363 233 GENTES.

1689 203 1742 235 730

120 249 205 283 αὐτῆς
220 249 309 281 αἰτίας
326 250 421 286 ἑτέρας
445 250 523 285 δίκης
551 252 656 286 ἐγίνετο
678 253 711 279 ἂν
724 253 871 288 πρόφασις,
887 255 903 290 ἦ

958 259 1042 293 inritis
1065 259 1213 294 judicatus,
1242 259 1268 286 id
1294 260 1392 292 solum,
1424 259 1494 294 quod
1508 258 1603 294 judicii
1621 259 1743 288 calculus

119 294 167 321 τοῦ
182 295 353 330 νενικηκότος
369 296 559 331 χαλεπώτερον
573 297 726 330 ἐπεξιόντος
741 319 749 330 ,
763 299 779 334 ἢ
799 301 831 334 τῇ
858 300 904 326 τοῦ

118 339 239 374 χείρονος
247 339 271 356 ⁸⁸
279 340 504 375 ἀπενεγκαμένου
512 343 544 376 τῇ
555 341 639 377 ἀδίκῳ
651 343 824 377 ἐπιμένοντος
835 345 904 378 γνώ-

121 393 169 421 μῃ.
191 384 266 412 Εῐναι
277 386 306 412 δὲ
320 387 367 413 καὶ
381 387 485 418 τούτοις
504 388 671 422 τεταγμένον
683 389 813 425 ἀργύριον
830 391 905 426 παρά

118 431 172 457 τῶν
185 430 234 461 τὰς
245 431 322 463 δίκας
335 432 554 467 ἀγωνιζομένων,
570 433 607 464 ὡς
619 433 694 468 παρὰ
706 434 760 460 τῶν
773 435 905 470 γεωργῶν

117 477 174 506 τοῖς
198 475 332 508 ὁπλίταις.
361 474 400 502 Ἦ
419 476 468 512 οὐχ
483 477 557 503 ὅσιον
569 478 614 503 τὸν
632 479 830 514 ἐπικουροῦντα
844 479 905 514 τρέ-

118 529 179 555 φειν
196 521 243 548 καὶ
261 521 312 554 τῆς
336 522 442 554 εὐνοίας
469 522 655 557 ἀμείϐεσθαι;
684 523 778 559 ὥσπερ
801 524 904 558 ἀγαθὸν

121 567 199 593 ίππεῐ
220 567 269 601 μὲν
294 566 372 603 ήτοῦ
393 568 476 594 ἵππου
491 568 600 603 κομιδὴ,
618 569 719 603 ἀγαθὸν
734 569 763 595 δὲ
786 569 904 606 βουκόλῳ

119 613 136 648 ὴ
153 612 207 639 τῶν
225 613 294 648 βοῶν
308 613 355 640 καὶ
365 613 469 649 θηρατῇ
483 615 499 649 ἠ
515 614 570 641 τῶν
584 614 672 641 κυνῶν
690 615 842 650 ἐπιμέλεια,
858 616 905 642 καὶ

118 658 173 685 τῶν
187 658 284 691 ἄλλων,
299 655 335 686 ὧν
350 659 420 694 πρὸς
435 660 569 694 σφετέραν
584 660 708 695 φυλακήν
727 669 756 686 τε
777 661 822 687 καὶ
832 660 904 695 ὠφὲο

120 703 194 730 λειαν
207 705 313 740 ἔχουσιν
330 704 477 740 ἄνθρωποι,
496 706 576 731 ὁπότε
592 705 641 740 τὴν
658 705 780 741 δαπάνην
795 707 844 740 τὴν
857 707 904 732 ἐπὶ

121 753 153 786 τῇ
168 751 231 788 δίκῃ
249 752 397 787 γενομένην
408 752 515 783 ἁλόντες
527 752 688 785 ἐκτίνουσιν,
706 752 903 784 ἀνατιθέντες⁸¹

121 796 213 832 ἀδικίᾳ
229 798 348 833 σφετέρᾳ
377 797 424 824 καὶ
444 797 493 832 οὐχ
511 797 595 832 ἑτέρῳ
615 797 664 832 τὴν
680 797 792 833 βλάϐην.
808 798 860 824 Τὸν
876 797 905 824 δὲ

122 842 169 869 ἐπὶ
184 844 243 874 ταῖς
257 842 344 874 δίκαις
362 843 539 878 μακρότερον,
554 843 587 868 ἂν
602 841 672 869 οὕτω
689 842 775 878 τύχοι,
798 843 903 878 χρόνον,

121 888 172 923 τῆς
181 888 228 914 τοῦ
254 888 357 914 δικαίου
381 888 509 922 προνοίας
524 887 645 921 γίνεσθαι
660 888 751 922 χάριν,
774 887 844 914 ὥστε
867 888 904 922 μὴ

959 305 1020 337 lert,
1037 310 1063 332 et
1076 305 1141 332 nihil
1155 309 1294 340 prteterea,
1309 305 1398 333 facere
1410 310 1533 339 cogatur.
1561 304 1589 332 Si
1602 305 1675 333 enim
1688 314 1743 334 non

958 355 1048 377 essent
1071 351 1133 378 huic
1159 351 1197 378 rei
1220 351 1367 386 praepositi,
1383 355 1431 378 aut
1455 352 1558 378 victore
1582 352 1744 380 insolentius

958 396 1123 430 insurgente,
1137 401 1182 424 aut
1196 405 1238 430 eo,
1253 398 1298 432 qui
1313 397 1453 424 adversam
1471 398 1634 424 sententiam
1649 406 1743 433 repor-

959 443 1036 474 tavit,
1052 443 1078 469 in
1095 451 1220 477 perversa
1241 446 1329 470 mente
1346 447 1493 477 perstante,
1512 450 1545 470 ex
1567 451 1619 470 una
1639 444 1687 471 lite
1705 444 1745 472 al-

957 490 1042 517 terius
1067 489 1122 516 litis
1145 493 1301 515 nasceretur
1328 488 1481 515 exordium.
1511 487 1559 515 Est
1583 493 1672 517 autem
1700 491 1744 518 his

957 534 1135 562 constitutum
1161 539 1301 568 argentum
1318 534 1352 560 ab
1370 534 1423 560 illis
1443 534 1488 568 qui
1510 533 1603 561 litibus
1625 538 1742 569 certant,

957 585 987 607 ut
1003 580 1131 607 militibus
1148 579 1181 607 ab
1198 579 1334 614 agricolis.
1356 578 1424 611 Quid
1440 579 1512 605 enim
1528 579 1644 613 aequius,
1661 587 1743 614 quam

957 634 1029 659 eum,
1047 625 1092 660 qui
1111 625 1259 659 opituletur
1272 630 1298 652 et
1319 624 1447 651 auxilium
1464 624 1542 658 t‘erat,
1556 624 1628 652 alere
1648 628 1676 652 et
1687 625 1744 652 olli-

958 672 1028 698 cimn
1065 675 1158 698 mutuo
1187 670 1276 698 ollicio
1314 669 1482 705 rependere?
1517 670 1744 704 quemadmodum

958 717 1041 750 equiti
1069 717 1252 744 emolumento
1270 719 1313 743 est
1335 715 1409 750 equi,
1434 715 1636 750 pastorivboum
1652 719 1680 742 et
1696 722 1744 743 ve-

958 762 1046 789 natori
1075 769 1173 788 canum
1202 768 1279 793 cura,
1303 765 1331 788 et
1358 760 1524 794 reliquorum
1553 759 1742 792 animantium,

958 815 1016 842 qnte
1031 807 1154 835 homines
1170 807 1299 835 custodiat
1310 810 1337 834 et
1347 805 1471 833 utilitatis
1488 812 1568 833 causa
1578 805 1661 832 alunt.
1675 804 1744 832 Cum

958 854 1028 880 cnim
1048 858 1174 888 sumptus
1188 853 1214 880 in
1230 853 1304 879 litem
1318 851 1403 879 factos
1417 851 1462 886 qui
1478 858 1559 878 causa
1573 850 1672 877 cadunt
1690 849 1744 877 sol-

959 903 1034 931 vant,
1055 898 1181 924 damnum
1206 896 1268 924 ttttlli
1292 896 1335 923 alii
1353 896 1402 928 rei,
1427 903 1507 930 quam
1527 894 1744 929 suminiquitatis

123 933 310 968 σχεδιάζοντας
317 934 378 965 τοὺς
388 933 515 965 δικαστὰς
525 933 574 968 τῆς
584 933 728 968 ἀκρισείας
739 933 905 968 διαμαρτεῖν,

959 943 1089 978 imputent
1106 947 1224 977 oportet.
1239 941 1315 974 Quod
1335 941 1368 967 ad
1384 940 1491 975 longum
1508 943 1614 973 tempus
1631 939 1740 969 attinet,

122 979 312 1015 λογιζομένους
335 981 445 1015 ἄμεινον
472 978 542 1007 εἷναι
569 980 618 1016 ὀψὲ
641 981 728 1016 πέρας
747 981 906 1015 ἐπιτεθῆναι

121 1026 226 1063 “xm-ﬂ
247 1026 446 1057 ἐσπουδακότας
471 1027 508 1061 μὴ
531 1027 612 1062 μόνον
628 1027 772 1062 ἄνθρωπον
791 1027 905 1060 ἀδικεῖν,

121 1072 190 1099 ἀλλά
201 1073 241 1105 είς
258 1072 303 1099 τὸν
322 1072 345 1088 ⁵⁸
363 1071 411 1098 τοῦ
436 1072 540 1099 δικαίου
557 1073 671 1108 εὑρετὴν
693 1072 760 1098 Θεὸν
777 1072 906 1107 πλημμε-

122 1116 190 1144 λεῖν.
204 1116 318 1144 Κεῖσοαι
347 1117 376 1143 δὲ
402 1117 465 1149 τοὺς
479 1117 578 1152 νόμους
598 1118 668 1144 κατὰ
694 1117 814 1150 πάντων,
836 1117 906 1144 ὥστε

123 1163 213 1194 αὐτοῖς
234 1163 282 1188 καὶ
305 1162 415 1196 βασιλέα
441 1162 594 1194 πείθεσθαι,
626 1162 672 1188 καὶ
697 1163 745 1197 οὐχ
770 1163 807 1194 ὡς
831 1163 853 1179 "
873 1164 906 1198 τῇ

123 1209 207 1236 αὑτοῦ
220 1209 308 1235 ἔνεστι
322 1208 486 1244 κατηγορίᾳ,
496 1209 537 1236 ὅτι
561 1217 592 1242 γε
617 1208 650 1244 δὴ
674 1209 698 1235 ot
720 1208 830 1244 εὔποροι
844 1210 908 1241 τοὺς

124 1257 243 1292 πένητας
257 1256 403 1288 ἀκινδύνως
416 1255 559 1291 βιάζοιντο,
579 1256 603 1282 εἱ
616 1256 653 1290 μή
671 1264 702 1289 γε
718 1256 851 1282 διαλαϐών
865 1265 908 1288 τις

123 1302 205 1336 φύγοι
220 1301 268 1337 τὴν
276 1301 364 1336 δίκην·
377 1301 445 1336 ὅπερ
455 1301 504 1327 οὐκ
513 1301 558 1327 ἐπὶ
567 1301 621 1327 τῶν
633 1301 847 1333 πλουσίων,ἀλλά
861 1302 908 1327 καὶ

123 1347 246 1381 πενήτων
255 1346 328 1382 εὕροι
338 1355 380 1378 τις
392 1346 434 1373 ἄν·
451 1346 673 1381 πλημμελοῦντες
684 1346 738 1381 γὰρ
750 1346 809 1372 οὐδὲ
831 1347 908 1373 αὐτοὶ

124 1393 225 1428 ἀπορίᾳ
239 1392 359 1427 ἐλέγχων
374 1392 443 1418 δοῖεν
458 1391 545 1423 δίκας.
557 1417 559 1420 ,
570 1392 626 1418 Καὶ
637 1391 716 1418 τοῦτο
734 1392 810 1427 παρά
824 1393 907 1424 πᾶσι,

123 1439 171 1465 καὶ
182 1440 212 1465 οὐ
226 1440 301 1472 παρὰ
323 1438 466 1472 Ῥωμαίοις
484 1438 564 1473 μόνον
576 1437 723 1472 συμϐαῖνόν
738 1439 807 1464 ἐστι,
820 1438 908 1472 Χάριν

124 1484 152 1511 δὲ
162 1483 301 1518 ὁμολογεῖ-ι
314 1485 347 1517 τῇ
364 1483 433 1518 τύχῃ
448 1484 493 1508 ἐπὶ
506 1485 538 1517 τῇ
551 1483 624 1517 αὑτῷ
637 1482 784 1519 ὑπαρξάσῃ
799 1483 906 1509 ἐλευθε-

126 1529 181 1564 ρία,
197 1529 244 1556 καὶ
265 1530 301 1563 μὴ
315 1529 353 1563 τῷ
368 1529 412 1554 ὲπί
425 1528 543 1562 πόλεμον
559 1529 682 1563 ὲξάγοντι
695 1529 824 1564 δεσπότῃ,
837 1528 907 1555 ὥστε

124 1573 206 1599 αὑτὸν
230 1572 271 1599 δι’
287 1572 414 1607 ἀπειρίαν
429 1572 445 1607 ἢ
461 1573 513 1598 ὑπὸ
528 1573 582 1599 τῶν
607 1573 744 1607 πολεμίων
760 1573 906 1607 ἀναιρεθῆο

958 989 1029 1024 quod
1044 989 1070 1016 itt
1084 989 1178 1016 litibus
1194 987 1372 1018 consumitur,
1389 986 1411 1013 si
1427 985 1534 1020 quando
1552 985 1577 1012 id
1597 985 1698 1016 evenit.
1716 984 1745 1012 id

956 1034 1027 1070 juris
1053 1034 1239 1069 providentius
1264 1032 1372 1060 dicendi
1397 1032 1484 1064 gratia
1510 1030 1551 1063 ﬁt,
1583 1037 1617 1057 ne
1637 1029 1744 1064 judices

957 1085 1135 1115 properantes
1163 1080 1197 1106 ab
1224 1081 1351 1106 accurata
1375 1076 1516 1111 judicaudi
1539 1076 1644 1102 ratione
1664 1075 1745 1102 aber-

958 1131 1028 1153 rent.
1044 1125 1089 1153 Sic
1105 1124 1322 1160 enimjudicant
1345 1122 1441 1150 ntelius
1455 1128 1526 1154 esse,
1543 1120 1648 1148 tardius
1664 1120 1745 1148 linem

958 1169 1051 1196 litibus
1067 1169 1215 1203 imponere,
1231 1175 1313 1202 quam
1330 1166 1491 1194 festinantes
1509 1172 1562 1192 non
1587 1165 1675 1192 solum
1694 1164 1746 1192 ini-

958 1222 1040 1248 quum
1062 1215 1106 1248 jus
1134 1215 1160 1241 itt
1178 1214 1312 1240 hominem
1338 1217 1468 1244 statuere,
1498 1218 1591 1238 Verum
1608 1211 1691 1238 etiam
1717 1209 1745 1237 in

959 1260 1054 1291 Deum,
1066 1259 1176 1294 iustitiae
1188 1259 1365 1290 inventorem,
1380 1264 1502 1292 peccare.
1519 1256 1604 1291 Leges
1615 1260 1703 1283 autem
1718 1254 1745 1282 in

959 1313 1052 1332 utuncs
1066 1305 1158 1339 positae
1174 1309 1247 1336 sunt,
1263 1308 1292 1329 ut
1303 1303 1354 1330 illis
1368 1303 1448 1330 etiam
1465 1303 1520 1337 ipse
1535 1303 1683 1335 imperator
1701 1307 1746 1334 pa-

961 1355 1027 1378 rcat.
1051 1350 1154 1384 Neque,
1179 1349 1204 1375 id
1225 1349 1304 1382 quod.
1317 1352 1361 1374 tua
1386 1347 1557 1374 accusatione
1578 1345 1745 1377 continetur,

960 1396 1125 1431 putctttiorcs
1147 1395 1168 1421 si
1192 1394 1360 1421 tenuioribus
1376 1393 1428 1420 vim
1446 1392 1572 1424 inferant,
1595 1391 1621 1418 id
1637 1390 1691 1418 illis
1705 1395 1747 1418 est

960 1443 1079 1476 Impune,
1105 1441 1156 1467 nisi
1187 1439 1249 1474 quis
1269 1439 1339 1466 forte
1367 1439 1454 1465 latens
1475 1445 1583 1472 poenam
1601 1436 1744 1472 eﬂ'ugerit;

958 1487 1030 1520 qttod
1046 1493 1097 1512 non
1118 1485 1204 1512 soluat
1222 1485 1361 1516 divitibus,
1378 1483 1425 1510 sed
1442 1483 1525 1510 etiam
1548 1483 1673 1516 inopibus
1689 1480 1746 1516 ple-

960 1538 1073 1564 rumque
1086 1538 1135 1558 usu
1149 1529 1222 1556 venit
1241 1538 1248 1556 :
1270 1535 1332 1556 nam
1355 1528 1382 1555 hi
1406 1535 1524 1562 quoque,
1546 1527 1568 1554 si
1584 1529 1745 1562 argumenta

960 1576 1100 1608 deﬁt'ittttl,
1128 1580 1303 1610 peccatorum
1331 1580 1425 1609 ρωπος
1452 1581 1504 1600 non
1531 1573 1649 1600 solvunt.
1667 1571 1745 1605 Quod

124 1617 210 1652 ναι,ῆ
232 1617 366 1651 φεύγοντα
390 1617 441 1642 ὑπὺ
457 1616 504 1643 τοῦ
535 1618 705 1652 κτησαμένου
732 1617 903 1649 κολάζεσθαιέ

960 1629 1012 1648 non
1029 1604 1114 1647 solum
1129 1604 1205 1654 'apud
1223 1604 1370 1650 Romanos,
1389 1618 1435 1645 sed
1457 1618 1540 1644 etiattt
1563 1617 1662 1651 ubique
1680 1604 1747 1650 gett-

126 1663 253 1697 ’Δμεινον
266 1662 294 1689 δὲ
317 1662 363 1688 καὶ
379 1663 432 1693 τοῖς
455 1663 572 1693 οἰκέταις
590 1663 740 1689 διατελοῦσι
775 1663 904 1698 Ῥωμαῖοι

125 1707 269 1742 χρώμενοι.
287 1707 416 1742 Πατέρων
429 1707 483 1742 γὰρ
497 1707 513 1742 ἢ
528 1707 697 1734 διδασκάλων
710 1709 736 1739 ὲς
748 1708 845 1737 αὐτοὺς
858 1708 904 1742 ἕρ-

125 1760 161 1786 γα
177 1752 374 1784 ἐπιδεικνύντες
386 1753 420 1784 ⁸³,
435 1753 468 1785 ἐφ
477 1752 483 1762 ’
494 1749 516 1785 ᾦ
531 1752 584 1778 τῶν
597 1753 706 1786 φαύλων
722 1753 905 1788 ἀπεχομένους

127 1799 248 1833 μετιέναι
262 1799 333 1836 ᾇπερ
345 1799 436 1830 αὐτοῖς
447 1800 516 1826 καλά
532 1800 699 1834 νενόμισται,
710 1800 906 1836 σωφρονίζουσι

126 1846 195 1879 σφᾶς
206 1845 252 1871 ἐπὶ
265 1847 320 1877 τοῖς
333 1845 535 1880 ἁμαρτήμασιν,
546 1845 638 1880 ὥσπερ
646 1846 707 1878 τοὺς
716 1846 830 1877 οἰκείους
844 1847 906 1872 παῖ-

125 1891 183 1922 δας.
197 1891 234 1917 Οὐ
245 1891 277 1926 δὴ
289 1891 343 1926 γὰρ
350 1891 410 1918 οὐδὲ
424 1892 514 1922 αὐτοῖς
529 1891 653 1922 θάνατον,
667 1892 760 1927 ὥσπερ
777 1892 905 1923 Σκύθαις,

125 1937 240 1971 ἐπάγειν
264 1937 354 1971 θέμις.
386 1936 555 1972 Ἐλευθερίας
571 1937 599 1963 δὲ
619 1937 715 1972 τρόποι
728 1937 793 1972 παρ’
815 1938 906 1969 αὐτοῖς

125 1980 255 2012 πλεῖστοι,
275 1981 307 2015 ἠν
316 1981 346 2006 οὐ
359 1981 437 2015 μόνον
457 1981 607 2016 περιόντες,
623 1982 690 2008 ἀλλά
704 1982 750 2008 καὶ
761 1982 907 2008 τελευτῶν-

125 2032 169 2056 τες
184 2025 351 2060 χαρίζονται,
374 2025 561 2057 διατάττοντες
573 2027 644 2053 κατὰ
665 2027 714 2062 τῆς
747 2028 907 2060 περιουσίας

125 2070 156 2097 ὃν
175 2070 314 2105 βούλονται
327 2071 438 2106 τρόπον.
462 2072 516 2098 Καὶ
529 2073 610 2107 νόμος
624 2073 696 2099 ἐστὶν
711 2073 779 2107 ὅπερ
793 2072 907 2104 ἕκαστος

124 2117 259 2144 τελευτῶν
273 2117 336 2152 περὶ
349 2117 402 2144 τῶν
417 2119 609 2153 προσηκόντων
621 2118 800 2154 βουλεύσοιτο.
817 2128 827 2145 )
851 2119 907 2145 Καὶ

125 2164 155 2196 ὃς
169 2163 305 2197 δακρύσας
323 2164 386 2198 ἔφη,
401 2164 438 2196 ὡς
450 2165 474 2190 ol
489 2164 539 2199 μὲν
565 2164 642 2198 νόμοι
667 2164 744 2191 καλοὶ
765 2164 812 2190 καὶ
827 2164 843 2198 ἡ
857 2172 906 2190 πο-

124 2211 211 2238 λιτεία
229 2210 236 2220 ¹
249 2210 382 2245 Ρωμαίων
403 2211 505 2246 ἀγαθὴ,
529 2211 553 2237 oi
570 2211 593 2238 δ’
609 2211 739 2246 ἄρχοντες
762 2212 811 2247 οὑχ
826 2212 907 2247 ὃμοια

122 2259 180 2289 τοῖς
201 2257 284 2284 πάλαι
305 2256 467 2292 φρονοῦντες
487 2257 571 2293 αὐτὴν
585 2257 816 2292 διαλυμαίνονται.

959 1667 1024 1694 tium
1037 1666 1143 1692 accidit.
1159 1665 1279 1692 Gratiam
1293 1671 1355 1691 vero
1370 1664 1512 1698 plurimam
1529 1663 1618 1697 ipsum
1635 1669 1685 1697 pro
1702 1668 1746 1688 re-

957 1718 1032 1747 cepta
1050 1712 1173 1738 libertate
1189 1710 1301 1737 fortunae
1316 1710 1423 1742 debere,
1445 1716 1532 1743 neque
1552 1714 1612 1735 eam
1630 1706 1746 1733 domino

959 1762 1096 1792 acceptam
1113 1756 1223 1784 referre.
1237 1756 1304 1784 Cum
1320 1756 1391 1783 enim
1407 1763 1469 1782 eum
1486 1755 1512 1781 itt
1526 1754 1628 1781 bellutn
1641 1753 1744 1780 eduxe-

959 1805 1004 1836 rit,
1021 1803 1142 1839 potuisse
1155 1803 1189 1829 ab
1200 1802 1322 1830 hostibus
1337 1806 1448 1836 propter
1461 1801 1498 1828 rei
1515 1799 1640 1827 militaris
1655 1800 1743 1832 impe-

958 1850 1047 1877 ritiam
1060 1849 1158 1881 occidi,
1175 1852 1222 1874 aut
1238 1849 1260 1875 si
1274 1847 1396 1882 fugisset,
1415 1847 1448 1874 ab
1459 1853 1502 1878 eo,
1517 1846 1545 1873 in
1562 1845 1639 1880 cujus
1657 1844 1745 1872 donti-

959 1895 1004 1922 nio
1018 1900 1087 1926 erat,
1116 1894 1216 1929 puniri.
1236 1893 1327 1927 Longe
1350 1897 1440 1920 autem
1465 1891 1583 1920 Romani
1602 1891 1747 1925 benignius

959 1941 1045 1968 servis
1060 1938 1265 1966 consuluerunt.
1278 1937 1387 1964 Patrum
1404 1935 1475 1964 enim
1490 1940 1536 1962 aut
1550 1937 1746 1969 praeceptorum

958 1985 1082 2013 aﬂectum
1109 1992 1170 2019 erga
1190 1991 1237 2011 eos
1262 1983 1400 2014 exltibent,
1429 1986 1457 2009 et
1478 1985 1509 2008 ttt
1530 1988 1546 2008 ο
1566 1979 1646 2006 malis
1660 1979 1748 2006 absti-

958 2034 1050 2061 neant,
1068 2033 1175 2059 curant,
1191 2032 1218 2055 et
1232 2035 1338 2060 eorum,
1356 2034 1416 2061 quae
1432 2026 1545 2053 honesta
1562 2026 1673 2055 ducunt,
1684 2031 1747 2058 par-

958 2073 1052 2106 ticipes
1067 2072 1194 2099 elllcittut.
1213 2071 1335 2105 Denique
1357 2070 1498 2104 corrigunt
1511 2077 1557 2096 eos
1572 2069 1598 2096 in
1615 2068 1669 2101 his,
1681 2076 1743 2103 quae

957 2119 1126 2152 delinquunt,
1143 2117 1213 2144 sicut
1237 2121 1264 2144 et
1280 2124 1345 2144 suos
1360 2116 1469 2143 liberos.
1486 2115 1542 2143 Nec
1561 2115 1633 2142 enim
1650 2121 1744 2142 servos

957 2169 1044 2191 morte
1060 2163 1176 2195 alIicere,
1194 2163 1265 2190 sicut
1278 2162 1348 2197 apud
1364 2162 1490 2197 Scythas,
1517 2160 1558 2188 las
1577 2165 1629 2188 est.
1651 2159 1747 2187 Liber-

959 2210 1023 2237 tatis
1036 2217 1099 2237 vero
1116 2208 1296 2243 adipiscenda!
1313 2207 1405 2243 plures
1423 2211 1486 2234 sunt
1499 2207 1583 2234 modi.
1600 2205 1658 2233 Non
1674 2205 1746 2233 enim

961 2257 1015 2293 62
1029 2256 1112 2283 solum
1128 2255 1174 2290 qui
1191 2255 1244 2282 vita
1261 2254 1397 2287 fruuntur,
1415 2254 1462 2282 sed
1481 2254 1564 2282 etiam
1583 2253 1629 2288 qui
1641 2259 1657 2279 e
1677 2251 1747 2279 vivis

123 2304 272 2335 excedunt,
302 2305 453 2331 libertatem
482 2304 599 2331 tribuere
627 2309 750 2339 possunt,
767 2312 827 2331 cum
860 2305 893 2331 de
925 2304 1001 2331 bonis
1030 2303 1108 2335 suis,
1132 2306 1158 2329 ut
1188 2302 1286 2337 cuique
1314 2302 1431 2336 placeat,
1455 2306 1575 2329 statuere
1601 2300 1692 2332 liceat,
1718 2299 1747 2327 ει

123 2351 299 2385 quodcunque
314 2350 375 2385 quis
396 2350 514 2378 moriens
543 2350 577 2378 de
593 2351 673 2377 rebus
688 2350 845 2378 domesticis
878 2350 1001 2383 jusserit,
1017 2349 1061 2376 lex
1077 2349 1123 2376 sit.
1146 2358 1155 2374 ι
1173 2347 1242 2375 Tum
1264 2347 1309 2375 ille
1325 2347 1435 2382 plorans
1463 2347 1562 2382 inquit,
1584 2346 1657 2381 leges
1675 2346 1746 2380 apud

123 2395 259 2424 ltomanos
282 2396 368 2424 bonas
394 2400 421 2423 et
435 2394 629 2431 rempublicam
655 2395 785 2430 praeclare
809 2396 983 2423 constitutam
999 2403 1071 2427 esse,
1095 2395 1142 2423 sed
1169 2394 1355 2430 magistratus,
1382 2394 1427 2428 qui
1446 2401 1500 2421 non
1523 2400 1598 2428 aeque
1617 2400 1649 2420 ac
1664 2390 1747 2428 prisci

123 2443 200 2476 probi
217 2447 244 2469 et
260 2443 406 2477 prudentes
421 2448 493 2477 aunt,
519 2451 580 2471 eum
603 2443 768 2471 labefactant
787 2448 816 2472 et
831 2449 1000 2479 pervertunt.

159 2487 252 2513 Ταῦτα
263 2487 459 2523 διαλεγομένων
483 2489 574 2524 ἡμῶν,
597 2489 752 2525 προσελθών
777 2497 820 2521 τις
849 2489 904 2516 τῶν

991 2489 1054 2517 llaec
1069 2489 1140 2517 inter
1155 2496 1204 2517 nos
1218 2488 1413 2516 disserentibus
1427 2487 1526 2522 aliquis
1538 2493 1571 2514 ex
1587 2484 1747 2513 domesticis

122 2531 230 2560 ἔνδοθεν
239 2532 342 2566 ἀνοίγει
357 2533 406 2564 τὰς
422 2534 507 2569 θύρας
526 2535 572 2561 τοῦ
597 2536 751 2570 περιϐόλου.
775 2534 846 2569 Ἐγὼ
876 2535 905 2562 δὲ

122 2578 306 2616 προσδραμὼν
333 2579 473 2615 ἐπυθόμην
499 2581 513 2608 ὃ
537 2590 563 2608 τι
586 2583 712 2617 πράττων
747 2583 908 2618 Ὀνηγήσιος

122 2626 269 2660 τυγχάνοι·
283 2625 451 2660 ἀπαγγεῖλαι
469 2627 524 2662 γὰρ
544 2628 616 2662 αὐτῷ
646 2637 679 2663 με
708 2629 850 2664 βούλεσθαί
880 2637 906 2655 τι

123 2672 199 2707 παρὰ
214 2671 237 2687 δ’
251 2671 299 2698 τοῦ
315 2671 459 2707 Ῥωμαίων
480 2673 593 2708 ἥκοντος
604 2674 780 2709 πρεσϐευτοῦ.
809 2675 856 2706 Ὃς
878 2675 906 2701 δὲ

123 2717 301 2753 ἀπεκρίνατο,
316 2717 391 2753 αὐτῷ
407 2727 452 2753 μοι
481 2719 651 2752 ἐντεύξεσθαι
669 2720 765 2756 μικρὸν
793 2721 906 2756 ἀναμεί-

957 2536 1081 2571 Onegesii
1099 2540 1236 2570 septorum
1255 2536 1351 2561 domus
1367 2533 1439 2560 fores
1450 2533 1565 2567 aperuit.
1586 2531 1641 2566 Ego
1652 2531 1744 2558 statim

957 2588 1102 2609 accurrere
1124 2584 1152 2608 et
1175 2585 1307 2614 quaerere,
1327 2586 1395 2613 quas
1410 2585 1454 2605 res
1470 2582 1564 2612 ageret
1575 2576 1742 2612 Onegesius;

957 2635 1000 2655 me
1017 2626 1089 2654 enim
1104 2626 1206 2653 habere
1225 2632 1240 2651 a
1256 2623 1414 2655 Maximino,
1428 2623 1473 2658 qui
1491 2622 1596 2657 legatus
1613 2629 1628 2648 a
1643 2621 1743 2648 Roma-

956 2674 999 2701 nis
1015 2673 1142 2704 venisset,
1157 2671 1228 2704 quod
1246 2670 1283 2697 illi
1297 2670 1425 2697 dicerem.
1441 2668 1487 2695 llle
1501 2675 1565 2695 vero
1580 2667 1743 2702 Onegesiutn

957 2717 1021 2745 tnihi
1037 2716 1077 2743 sui
1096 2716 1229 2742 lacturutn
1244 2713 1349 2748 copiam
1369 2711 1517 2746 respondit,
1531 2711 1553 2738 si
1574 2711 1680 2746 paulum
1693 2716 1742 2744 op-

762 2778 880 2806 V'ARME
899 2774 1099 2805 LECTIONES.

181 2831 204 2848 δ’
215 2832 231 2868 ἢ
244 2833 292 2870 τοῦ
305 2834 336 2861 τὸ
346 2835 437 2870 χεῖρον
448 2836 496 2862 ἀπ.
513 2835 543 2863 Ν.
581 2835 603 2852 ⁸⁸
614 2835 794 2863 ἀνατιθέντων
810 2834 867 2862 Val.
901 2834 924 2854 ⁸ο
939 2834 1053 2870 τδνλοιη.
1071 2830 1147 2870 vulg...
1177 2828 1198 2844 "
1215 2829 1253 2860 ὡς
1273 2828 1372 2870 Val-15
1387 2827 1476 2870 B-,_6€
1489 2828 1562 2870 νυίβ·
1595 2826 1740 2870 Ϋγέπιβξξζ

124 2862 235 2906 mimis
253 2868 305 2903 CL,
323 2862 619 2906 ὲπδιδέίκνυνταιννυίε.
657 2870 680 2887 ⁸³
693 2869 769 2905 παρὰ
796 2875 859 2898 ante
889 2868 1033 2904 Ῥωμαίων
1061 2862 1204 2898 excidisse,
1234 2868 1282 2891 aut.
1304 2862 1450 2899 τοῦ-παρὰ
1478 2862 1652 2893 scribendum
1678 2867 1742 2891 esse

123 2906 200 2937 putat
213 2902 241 2930 Β.
