1951 3074
222 184 274 218 731

696 181 896 214 ῈΧΟΕΒΡΤΑ
913 183 962 213 EX
983 182 1117 213 PRISCO
1136 183 1317 214 RHETORE

1789 186 1844 218 732

225 242 349 275 perirer;
366 240 502 268 exiturum
518 239 589 267 enim
604 246 674 268 esse.
705 240 762 268 Nec
780 241 864 268 multo
880 241 1007 276 temporis

1060 250 1134 268 ναντι
1146 250 1153 258 ο
1170 242 1277 276 μέλλειν
1290 242 1343 276 γὰρ
1358 242 1439 269 αὑτὸν
1455 241 1603 275 ὑπεξιέναι.
1617 243 1672 270 Καὶ
1682 243 1713 279 δὴ
1729 244 1759 270 οὐ
1776 248 1842 271 πολ-

173 321 177 327 ,
222 287 310 321 spatio
325 285 476 320 interjccto,
494 289 524 312 ut
537 285 626 320 ipsum
643 289 786 313 exeuntem
804 286 867 318 vidi,
881 293 1006 321 progres-

222 340 268 359 sus
288 332 343 359 dixi
359 340 366 359 :
387 341 397 371 ς
413 330 451 358 Te
462 331 644 358 Romanorum
657 331 761 366 legatus
775 331 885 364 salutat,
896 336 924 359 et
938 331 1006 358 dona

222 378 270 405 tibi
286 378 319 405 ab
336 378 395 412 ipso
410 385 462 404 una
479 384 539 404 cum
556 384 622 404 auro
637 378 671 404 ab
693 377 855 412 imperatore
870 377 952 405 tnisso
967 376 1008 404 af-

223 424 291 451 fero.
312 433 322 450 )
343 424 375 451 Et
391 431 452 450 cum
466 423 582 450 maxime
596 423 640 450 ille
654 431 714 450 eum
730 423 873 450 convenire
887 427 1006 458 cuperet,

226 469 270 496 ubi
285 474 311 496 et
323 469 430 503 quando
444 468 525 496 vellet
537 468 663 503 colloqui,
678 468 800 502 quzesivi.
820 468 865 496 llle
877 476 949 501 suos,
963 468 1007 502 qui

224 515 346 547 aderant,
368 514 450 549 jussit
473 521 568 540 aurum
589 519 617 540 et
632 521 743 540 munera
763 513 891 548 recipere,
915 518 1008 552 etlme

224 557 371 585 Maximino
386 558 554 590 renuntiare,
570 565 600 585 se
611 557 734 592 protinus
745 558 778 584 ad
792 565 852 584 eum
868 558 1007 586 accedere.

224 603 334 630 lleverti
350 603 433 638 igitur
446 603 479 630 ad
495 603 682 636 Maximinum,
705 607 732 630 et
747 603 908 640 repuntiavi,
934 603 1008 631 Onc-

225 650 327 683 gesium
353 649 385 676 ad
409 656 470 676 eum
486 656 629 676 venturum
645 655 722 675 esse:
741 656 790 676 nec
805 656 891 681 mora,
907 649 933 675 in
951 654 1008 675 ten-

226 696 322 722 toriuut
335 701 456 722 nostrum
470 694 588 727 advenit,
603 699 630 722 et
641 694 813 721 Maximinum
826 693 921 721 all'atus
930 694 1008 728 dixit,

223 748 253 767 se
267 740 421 774 imperatori
439 744 466 767 et
486 739 523 767 illi
546 747 595 774 pro
612 739 767 766 muneribus
787 739 1008 774 [gratias.agere,

223 790 250 812 et
265 790 454 820 percunctatus
470 789 522 818 est,
547 785 764 820 quandoquidem
786 793 814 812 se
839 785 1008 818 arcessisset,

223 833 288 866 quid
301 836 384 864 esset,
401 831 473 867 quod
491 832 565 859 illum
579 831 659 858 vellet
673 840 680 858 :
705 836 759 858 tum
774 831 947 863 Maximinus,
964 831 1009 858 in-

225 885 298 904 stare
322 883 438 912 tempus,
467 878 515 909 ait,
541 884 595 912 quo
629 881 720 911 posset
745 877 874 912 majorem
897 877 1008 911 gloriam

224 923 294 957 apud
307 908 436 950 homines
446 908 569 957 adipisci,
584 923 606 949 si
621 908 654 950 ad
667 908 854 957 imperatorem
870 908 1009 954 accedens,
1024 908 1047 938 Β

224 974 284 1000 quae
307 971 369 993 sunt
396 967 465 994 inter
486 966 624 994 Romanus
647 972 674 994 et
691 966 802 994 llunnos
827 971 1010 1003 controversa,

227 1020 274 1039 sua
290 1012 433 1047 prudentia
450 1017 638 1048 componeret,
660 1017 686 1040 et
703 1013 773 1040 inter
787 1018 928 1048 utramque
945 1022 1010 1048 gen-

224 1063 277 1084 tem
304 1057 474 1085 concordiam
497 1058 652 1085 stabiliret:
678 1065 737 1092 quze
758 1066 802 1086 res
837 1066 888 1086 non
913 1058 1009 1092 solum,

224 1103 333 1131 utilitati
343 1103 484 1138 utriusque
496 1104 582 1138 gentis
593 1108 666 1131 esset
678 1111 796 1136 cessura,
808 1106 855 1131 sed
864 1105 943 1131 etiam
952 1104 1010 1139 ejus

224 1147 313 1175 domui
331 1153 404 1174 tanta
422 1148 491 1175 bona
505 1149 662 1183 przebitura,
690 1153 718 1176 ut
733 1149 790 1184 ipse
810 1157 862 1177 una
878 1157 938 1177 cum
953 1150 1010 1177 suis

223 1193 317 1219 liberis
339 1193 366 1220 in
397 1198 532 1227 posterum
549 1193 703 1228 imperatori
720 1195 821 1228 totique
837 1194 1009 1229 imperatorio

223 1237 315 1272 generi
332 1238 357 1264 in
370 1243 526 1272 perpetuum
541 1238 681 1265 devinctus
693 1238 772 1266 foret.
786 1239 853 1266 Tum
861 1239 1009 1274 ()negesius

223 1284 302 1316 dixit,
314 1291 364 1318 qua
380 1285 404 1310 in
423 1292 451 1311 re
467 1284 665 1319 gratiﬁcaretur
685 1285 850 1318 imperatori,
878 1289 904 1312 et
920 1293 966 1320 per
980 1294 1009 1314 se

227 1329 416 1355 contentiones
431 1328 577 1355 dirimeret.
598 1327 760 1355 Maximinus
776 1328 923 1362 respondit,
942 1329 964 1355 si
980 1329 1007 1356 in

222 1381 278 1400 rem
296 1369 455 1408 praesentem
471 1373 649 1406 descendens,
670 1373 824 1408 imperatori
840 1374 952 1409 gratiam
967 1381 1009 1401 re-

220 1419 316 1453 ferret,
331 1425 358 1447 et
370 1419 541 1447 dissidiorum
560 1427 655 1447 causas
670 1420 762 1447 sedulo
780 1425 962 1454 perscrutans,
975 1421 1008 1448 de

222 1469 302 1496 rebus
317 1469 500 1497 controversis
515 1468 664 1495 secundum
681 1468 848 1496 conditiones
862 1468 1008 1497 lccdcribus

222 1514 357 1548 ascriptas
367 1514 498 1548 judicium
513 1521 591 1541 suum
607 1514 799 1548 interponeret.
820 1513 887 1541 Tum
901 1514 1007 1550 Oncge-

221 1559 279 1586 sius
297 1558 366 1586 dixit
380 1566 409 1586 se
423 1558 579 1592 imperatori
597 1562 624 1585 et
639 1558 682 1591 iis,
696 1558 741 1592 qui
752 1558 778 1585 ei
798 1566 814 1585 a
831 1559 950 1586 consiliis
964 1567 1008 1587 es-
1020 1570 1043 1602 ρ

221 1608 293 1636 sent,
315 1611 346 1631 ea
371 1603 506 1630 dicturum
523 1610 593 1635 esse,
622 1607 684 1637 qua?
695 1603 793 1630 Attilae
808 1604 859 1631 sibi
877 1605 1006 1640 praecipe-

223 1653 274 1676 ret.
296 1658 305 1675 ι
320 1648 360 1676 An
374 1647 489 1675 Romani
507 1648 674 1681 existimant,
701 1649 799 1683 inquit,
821 1656 851 1676 se
867 1649 928 1677 ullis
945 1657 1006 1685 pre-

222 1694 301 1721 cibus
319 1694 426 1721 exorari
443 1700 533 1728 posse,
549 1698 579 1720 ut
599 1694 695 1728 prodat
715 1694 853 1722 dominum
866 1703 954 1729 suum,
981 1700 1008 1723 et

224 1739 301 1766 nihili
317 1739 399 1766 faciat
413 1739 600 1767 educationem
621 1740 692 1774 apud
706 1739 831 1774 Scythas,
860 1748 958 1768 uxores
980 1746 1007 1768 et

222 1785 322 1812 liberos
334 1792 428 1817 -suos,
469 1792 557 1818 neque
587 1785 717 1820 potiorem
747 1785 827 1812 ducat
844 1785 912 1820 apud
937 1787 1007 1813 Atti-

222 1831 275 1858 lam
302 1831 478 1862 servitutem,
513 1838 592 1864 qnam
624 1830 693 1864 apud
720 1830 857 1858 Romanos
885 1831 1008 1866 ingentes

221 1876 307 1909 opes?
321 1885 330 1901 ι
351 1875 404 1910 63
435 1874 567 1902 Caeterum
581 1882 612 1902 se
627 1874 699 1902 domi
714 1879 896 1903 remanentem
911 1876 1007 1910 majori

221 1929 315 1948 eorum
330 1922 411 1948 rebus
424 1920 579 1955 adjumento
589 1920 720 1954 futurum,
734 1920 833 1956 quippe
847 1921 891 1956 qui
907 1921 1006 1949 domini

221 1967 289 1994 iram
306 1966 437 2001 placaret,
450 1965 473 1993 si
486 1966 583 2000 quibus
595 1966 621 1993 in
637 1966 718 1994 rebus
732 1965 860 1993 Romanis
876 1967 1006 1994 irascere-

221 2017 276 2046 tur,
293 2020 373 2047 quam
391 2013 414 2040 si
429 2012 462 2039 ad
482 2019 528 2039 cos
549 2012 681 2040 accedens
699 2012 880 2040 criminationi
895 2020 924 2040 se
940 2013 1007 2046 obji-

224 2062 309 2090 ceret,
334 2057 356 2085 si
374 2057 444 2084 forte
461 2057 525 2091 quid
551 2062 644 2085 contra
657 2065 736 2092 quam
754 2058 842 2085 Attilae
858 2058 1008 2086 rationibus

221 2103 391 2129 commodum
409 2102 548 2129 videretur
562 2102 674 2129 faceret.
696 2102 760 2135 Quae
776 2110 835 2130 cum
852 2103 964 2131 dixisset
979 2108 1008 2131 et

221 2147 285 2174 mihi
303 2147 407 2174 veniam
429 2147 555 2177 dedisset.
565 2155 627 2174 eum
645 2148 678 2175 de
694 2148 745 2179 bis,
766 2156 825 2182 quae
840 2155 873 2176 ex
890 2149 948 2183 ipso
964 2150 1008 2175 in-

222 2193 340 2226 telligere
365 2199 534 2228 cuperemus,
561 2193 676 2220 adeundi
698 2193 858 2228 (Maximino
881 2194 952 2220 enim
979 2194 1005 2221 in

1057 287 1103 314 λοῦ
1118 287 1307 323 διαγενομένου
1319 289 1426 324 χρόνου,
1443 289 1480 320 ὡς
1505 289 1633 323 προϊόντα
1661 288 1742 322 εἶδον,
1756 299 1843 325 προσ-

1057 332 1142 359 ελθὼν
1181 333 1291 368 ἔλεγον,
1315 334 1352 366 ὼς
1378 334 1393 360 ὁ
1422 334 1565 369 Ῥωμαίων
1591 335 1672 362 αὺτὸν
1693 336 1847 367 ἀσπάζεται

1058 379 1239 413 πρεσϐευτὴς,
1255 379 1302 406 καὶ
1313 379 1388 415 δῶρα
1399 379 1428 412 ἐξ
1444 380 1526 406 αὐτοῦ
1540 380 1601 415 ἥκω
1629 381 1720 416 φέρων
1735 382 1783 408 σὺν
1798 382 1846 408 καὶ

1058 424 1096 459 τῷ
1108 425 1184 460 παρὰ
1198 425 1332 461 βασιλέως
1349 426 1501 461 πεμφθέντι
1516 427 1629 462 χρυσίῳ.
1650 427 1845 455 Ἐσπουδακάιι

1057 469 1085 495 δὲ
1098 470 1127 501 ὲς
1140 469 1236 503 λόγους
1248 469 1336 497 ὲλθεῖν
1353 467 1376 504 ᾧ
1388 470 1412 487 ³⁸
1423 470 1469 497 καὶ
1486 471 1551 497 ποτε
1580 471 1704 506 βούλεται
1720 472 1846 506 διαλέγε-

1059 514 1132 541 σθαι.
1150 515 1205 541 Καὶ
1223 514 1250 547 ὃς
1263 515 1286 531 ⁸¹
1298 515 1328 542 τό
1350 524 1379 541 τε
1398 516 1519 551 χρυσίον,
1541 516 1575 543 τά
1590 525 1619 542 τε
1631 517 1706 552 δῶρα
1716 517 1845 545 ἐκέλευσε

1058 560 1120 590 τοῦς
1150 561 1337 595 προσήκοντας
1361 561 1504 594 δέξασθαι,
1535 563 1585 597 ἐμὲ
1605 562 1634 589 δὲ
1660 563 1844 598 ἀπαγγέλλειν

1060 606 1213 641 Μαξιμίνῳ,
1243 606 1279 638 ὡς
1305 606 1364 642 ἥξοι
1391 607 1489 634 αὐτίκα
1514 608 1684 643 παράὕτόν.
1713 610 1845 644 Ἐμήνυον

1060 651 1150 677 τοίνυν
1172 650 1338 682 ἐπανελθὼν,
1365 655 1411 678 τὸν
1429 652 1591 687 Ὀνηγὴσιον
1616 654 1816 688 παραγίνεσθαι
1835 663 1842 670 ·

1060 696 1107 722 καὶ
1134 696 1214 727 εὐθὺς
1238 694 1305 731 ἧκεν
1328 697 1356 728 ές
1378 697 1427 732 τὴν
1443 698 1557 732 σκηνήν.
1586 698 1743 733 Προσειπὼν
1755 700 1783 726 δὲ
1798 701 1844 726 τον

1059 741 1211 777 Μαξιμϊνον
1226 742 1328 776 ἔφασκε
1340 742 1419 777 χάριν
1432 743 1572 777 ὁμολογεῖν
1592 744 1662 778 ὑπὲρ
1681 744 1736 770 τῶν
1748 745 1844 780 δώρων

1060 788 1136 822 αὐτῷ
1150 796 1180 813 τε
1196 787 1243 814 καὶ
1258 788 1372 822 βασιλεῖ,
1392 790 1437 814 καὶ
1448 789 1577 824 ἀνηρώτα
1591 789 1605 815 ὃ
1625 797 1650 815 τι
1668 790 1756 823 λέγειν
1782 791 1844 825 βου-

1060 831 1170 867 λόμενος
1196 832 1276 859 αὐτὸν
1299 832 1502 867 μετεπέμψατο.
1522 833 1551 860 '0
1572 833 1600 860 δὲ
1621 833 1742 868 ἔφασκεν
1763 834 1844 869 ἥκειν

1061 878 1177 914 καιρὸν,
1210 878 1279 904 ὥστε
1314 878 1473 913 Ὀνηγήσιον
1506 878 1598 912 μεῖζον
1632 879 1661 905 ἐν
1690 880 1844 915 ἀνθρώποις

1061 924 1132 957 έξειν
1148 924 1171 940 ¹¹
1187 923 1275 954 κλέος,
1291 924 1371 958 εῐπερ
1386 923 1461 959 παρὰ
1484 923 1596 958 βασιλέα
1613 924 1697 951 ἐλθὼν
1723 925 1844 960 διευκριο

1062 970 1137 1004 νήσει
1150 969 1185 995 τὰ
1199 969 1336 1004 ἀμφίϐολα
1349 970 1381 1004 τῇ
1400 969 1517 1004 σφετέρᾳ
1531 969 1637 996 συνέσει
1660 970 1707 997 καὶ
1719 970 1845 1004 ὁμόνοιαν

1067 1014 1211 1050 Ῥωμαίοις
1241 1015 1289 1041 καὶ
1315 1014 1426 1046 Οῠννοις
1451 1015 1662 1050 καταστήσεται.
1689 1016 1844 1051 εΓενήσεται

1061 1060 1115 1096 γὰρ
1129 1060 1233 1087 ἐνθένδε
1244 1060 1274 1086 ού
1290 1060 1368 1095 μόνον
1385 1062 1442 1092 τοῖς
1456 1060 1560 1087 ἔθνεσιν
1590 1061 1756 1096 ἀμφοτέροις
1772 1070 1844 1096 συμ-

1062 1106 1144 1141 φέρον
1160 1114 1167 1120 ·
1185 1105 1254 1132 ἀλλὰ
1265 1107 1313 1133 καὶ
1325 1106 1363 1141 τῷ
1380 1106 1503 1141 σφετέρῳ
1529 1106 1596 1141 οἴκῳ
1612 1106 1704 1140 ἀγαθὰ
1731 1107 1844 1142 παρέξει

1061 1151 1156 1183 πολλὰ,
1167 1151 1317 1186 ἐπιτήδειος
1330 1152 1406 1178 ἐσαεὶ
1417 1152 1497 1183 αὑτός
1519 1160 1548 1177 τε
1572 1152 1618 1178 καὶ
1634 1153 1657 1178 οἱ
1672 1152 1754 1178 αὐτοῦ
1778 1155 1843 1179 παῖ-

1059 1197 1104 1229 δες
1116 1197 1220 1232 βασιλεῖ
1236 1206 1266 1224 τε
1281 1198 1328 1224 καὶ
1344 1197 1382 1232 τῷ
1396 1198 1501 1223 ἐκείνου
1520 1197 1646 1231 ἐσόμενοι
1662 1198 1685 1214 ⁵³
1708 1198 1790 1232 γένει.
1814 1199 1843 1226 '0

1059 1242 1088 1268 δὲ
1109 1242 1266 1278 Ὀνηγήσιος
1285 1242 1337 1278 ἔφη
1349 1251 1356 1258 ο
1372 1243 1427 1269 Καὶ
1440 1242 1466 1268 τί
1489 1242 1627 1274 ποιοῦντες
1639 1243 1842 1278 κεχαρισμένως

1061 1287 1176 1322 βασιλεῖ,
1190 1288 1207 1323 ἦ
1226 1289 1299 1320 ὅπως
1316 1288 1378 1324 παρ’
1393 1288 1475 1314 αὑτοῦ
1501 1289 1536 1314 τὰ
1556 1289 1695 1322 ἀμφίόολα
1726 1289 1817 1323 λυθείη
1833 1299 1842 1322 ;

1059 1333 1290 1369 ’Δποκριναμένου
1304 1334 1343 1366 δὲ,
1358 1334 1395 1365 ὡς
1409 1333 1504 1365 διαϐὰς
1518 1334 1567 1368 μὲν
1579 1335 1619 1365 είς
1632 1335 1682 1370 τὴν
1699 1334 1843 1370 Ῥωμαίων

1060 1379 1165 1414 βασιλεῖ
1189 1379 1237 1414 τὴν
1266 1380 1346 1414 χάριν
1363 1379 1523 1414 καταθήσει,
1551 1378 1731 1414 διευκρινήσει
1756 1380 1785 1406 δὲ
1809 1380 1843 1407 τὰ

1058 1424 1197 1459 ἀμφίὸολα
1211 1425 1261 1456 τὰς
1274 1425 1362 1456 αἰτίας
1373 1424 1519 1460 διιρευνῶν
1538 1425 1584 1451 καὶ
1597 1425 1698 1456 ταύτας
1708 1427 1777 1452 κατὰ
1793 1427 1844 1461 τῆς

1058 1469 1171 1505 εἰρήνης
1187 1470 1258 1497 λύων
1272 1469 1382 1504 θεσμὸν,
1396 1470 1516 1503 ἔφασκεν
1530 1471 1622 1497 ἐκεῖνα
1647 1471 1719 1505 ἐρεῖν
1737 1471 1845 1506 βασιλεί

1058 1522 1087 1539 τε
1099 1514 1146 1540 καὶ
1160 1514 1214 1545 τοῖς
1225 1513 1294 1548 ἀμφ’
1311 1514 1401 1547 αὑτὸν,
1414 1513 1486 1549 ἅπερ
1513 1514 1643 1549 Ἀττὴλας
1655 1515 1788 1550 βούλεται.
1807 1517 1842 1543 Ἦ

1058 1559 1161 1585 οἴεσθαι
1171 1558 1222 1593 ἔφη
1242 1558 1404 1593 Ῥωμαίους,
1422 1559 1548 1586 τοσοῦτον
1577 1559 1773 1595 ὲκλιπαρήσειν
1794 1561 1844 1587 αὺ-

1059 1605 1116 1636 τὸν,
1131 1604 1202 1630 ὥστε
1219 1604 1436 1639 καταπροδοῦναι
1460 1605 1592 1640 δεσπότην
1619 1606 1666 1632 καὶ
1687 1606 1843 1641 ἀνατροφῆς

1056 1650 1106 1685 τῆς
1123 1649 1198 1684 παρὰ
1211 1649 1329 1681 Σκύθαις
1343 1649 1389 1676 καὶ
1404 1650 1532 1684 γαμετῶν
1551 1652 1598 1677 καὶ
1614 1651 1716 1678 παίδων
1731 1652 1842 1678 κατολι-

1058 1696 1195 1731 γωρήσειν
1210 1695 1245 1727 ⁸⁸,
1258 1695 1295 1731 μὴ
1309 1695 1420 1730 μείζονα
1434 1696 1462 1723 δὲ
1478 1696 1602 1731 ἡγεῖσθαι
1627 1696 1678 1732 τὴν
1695 1698 1760 1733 παρ’
1784 1698 1843 1724 Ἀτ-

1057 1741 1126 1776 τήλςὶ
1145 1740 1267 1767 δουλείαν
1279 1739 1326 1766 τοῦ
1339 1741 1413 1776 παρά
1433 1741 1578 1776 Ῥωμαίοις
1601 1741 1734 1775 πλούτους
1751 1743 1842 1769 συνοί-

1060 1795 1118 1813 σειν
1134 1786 1162 1813 δὲ
1175 1786 1340 1821 ἐπιμένοντα
1350 1787 1384 1822 τῇ
1395 1786 1483 1821 οἰκείᾳ
1497 1786 1552 1819 (τὸν
1568 1785 1622 1819 γὰρ
1634 1786 1657 1802 ⁸⁵
1674 1786 1721 1813 τοῦ
1745 1787 1842 1813 δεσπό-

1056 1841 1104 1859 του
1116 1832 1319 1866 καταπραΰνειν
1331 1832 1427 1866 θυμὸν,
1440 1832 1482 1866 ἐφ’
1510 1830 1550 1863 οἷς
1577 1832 1658 1859 αὑτὸν
1682 1832 1842 1868 ὀργίζεσθαι

1058 1879 1128 1905 κατά
1151 1878 1294 1913 Ῥωμαίων
1311 1878 1480 1914 συμϐαίνει),
1497 1878 1514 1914 ἢ
1532 1879 1607 1914 παρὰ
1633 1880 1702 1913 σφᾶς
1729 1879 1843 1907 ἐλθόντα

1058 1924 1132 1960 αἰτίᾳ
1143 1924 1295 1959 ὑπάγεσθαι
1310 1924 1345 1956 ⁵⁸,
1372 1924 1453 1959 ἔτερα
1476 1924 1547 1960 ἥπερ
1568 1925 1665 1961 ἐκείνῳ
1687 1925 1761 1951 δοκεῖ
1782 1925 1842 1953 δια-

1057 1970 1240 2006 πραξάμενον.
1260 1969 1352 1996 Ταῦτα
1381 1969 1511 2005 εἰρηκὼς,
1541 1970 1613 2004 κάμὲ
1634 1971 1770 1997 ποιεῖσθαι
1792 1970 1841 2006 τὴν

1058 2016 1126 2051 πρὸς
1136 2015 1216 2042 αὑτὸν
1229 2015 1403 2050 ἡγησάμενος
1418 2014 1539 2047 ἔντευξιν
1554 2016 1619 2049 περὶ
1642 2011 1680 2041 ὧν
1707 2015 1843 2042 πυνθάνε-

1058 2061 1120 2088 σθαι
1139 2060 1222 2088 αὑτοῦ
1250 2060 1398 2095 βουλόμεθα
1427 2060 1468 2096 (οὐ
1496 2059 1550 2095 γὰρ
1562 2060 1600 2095 τῷ
1622 2060 1777 2095 Μαξιμίνῳ,
1803 2061 1842 2092 ὡς

1058 2107 1087 2133 ὲν
1102 2106 1164 2141 ἀξία
1177 2105 1308 2137 τελοῦντι,
1323 2105 1436 2140 συνεχὴς
1455 2105 1584 2140 πρόσοδος
1599 2103 1632 2142 ἦν
1646 2106 1785 2141 εὐπρεπὴς
1795 2106 1841 2141 ⁸⁷),

1059 2151 1200 2186 ἀνεχώρει.
1235 2151 1307 2185 Ἐγὼ
1323 2152 1354 2178 δὲ
1379 2153 1412 2186 τῇ
1439 2151 1572 2187 ὑστεραίᾳ
1599 2153 1639 2183 είς
1657 2152 1704 2178 τὸν
1724 2152 1842 2187 Ἀττήλα

1058 2198 1200 2233 περίϐολον
1212 2197 1388 2232 ἀφικνοῦμαι,
1405 2197 1479 2233 δῶρα
1493 2199 1525 2232 τῇ
1546 2197 1628 2224 αὑτοῦ
1656 2197 1776 2232 κομίζων
1789 2206 1842 2232 γα-

222 2238 353 2273 dignitate
366 2238 514 2265 constituto
529 2246 624 2273 parum
639 2239 755 2266 decorus
779 2244 838 2266 erat
861 2240 1004 2268 continuus

1059 2244 1126 2279 μετῇ
1145 2251 1151 2258 ·
1184 2243 1278 2279 Κρέκα
1301 2243 1330 2270 δὲ
1351 2243 1437 2277 ονομα
1452 2243 1532 2278 αὐτῇ,
1556 2242 1587 2274 ἐξ
1601 2240 1634 2278 ἧς
1652 2242 1727 2277 αὺτῷ
1746 2242 1842 2274 παῖδες

222 2284 405 2319 congressus),
426 2283 502 2310 abiit.
524 2283 658 2310 Postridie
672 2284 705 2310 ad
721 2284 816 2311 domus
828 2285 918 2312 Attilae
936 2285 1006 2313 inte-

222 2330 293 2356 riora
308 2333 383 2363 septa
401 2335 443 2355 me
459 2328 560 2355 contuli
576 2329 644 2355 dona
660 2328 749 2356 ferens
763 2330 821 2363 ejus
835 2331 922 2363 uxori,
945 2339 1005 2365 quae

219 2376 304 2403 Cerca
323 2374 479 2402 vocabatur.
510 2374 549 2402 Ex
569 2382 599 2402 ea
627 2379 682 2402 tres
707 2375 744 2402 illi
773 2376 861 2408 liberi,
888 2385 1004 2412 quorum

219 2421 353 2448 maximus
367 2426 431 2447 natu
446 2420 502 2454 jam
519 2424 574 2446 tum
587 2421 772 2448 Acatzirorum
789 2427 816 2450 et
838 2423 1003 2458 reliquarum

219 2469 353 2503 gentium,
381 2477 434 2504 qua
451 2468 562 2505 Scythia
586 2470 619 2497 ad
638 2469 752 2497 Pontum
778 2475 861 2505 patet,
892 2479 1003 2506 regnum

221 2515 340 2542 tenebat.
359 2514 432 2542 lntra
450 2515 494 2542 illa
509 2520 582 2550 septa
603 2520 680 2543 erant
697 2517 779 2544 multa
796 2517 918 2549 aedilicia,
944 2526 1006 2553 par-

221 2560 268 2587 tim
282 2567 315 2587 ex
332 2559 431 2588 tabulis
444 2560 557 2595 sculptis
572 2565 599 2588 et
611 2562 748 2596 eleganter
763 2563 920 2595 compactis,
945 2570 1006 2597 par-

221 2606 269 2632 tim
284 2613 316 2633 ex
339 2606 459 2634 trabibus
478 2613 559 2640 opere
575 2614 643 2641 puro
655 2612 681 2635 et
695 2608 721 2634 in
740 2607 927 2635 rectitudinem
944 2608 1005 2634 atru-

220 2653 268 2679 bre
283 2652 392 2688 dolatis,
417 2652 444 2680 in
460 2652 557 2687 quibus
571 2652 641 2687 ligna
656 2654 681 2681 in
697 2653 813 2681 circulos
827 2659 937 2681 curvata
954 2654 1004 2681 im-

1057 2289 1217 2323 ἐγεγόνεσαν
1246 2289 1342 2324 τρεῖς,
1371 2285 1409 2315 ὧν
1434 2289 1449 2315 ό
1480 2288 1666 2324 πρεσϐύτερος
1696 2286 1764 2323 ἦρχε
1788 2288 1843 2314 τῶν

1063 2334 1230 2370 Ἀκατζίρων
1247 2335 1294 2361 καὶ
1307 2334 1362 2361 τῶν
1376 2333 1478 2360 λοιπῶν
1494 2333 1579 2361 ἐθνῶν
1603 2333 1760 2369 νεμομένων
1792 2334 1845 2368 τὴν

1057 2380 1126 2415 προς
1141 2380 1187 2406 τὸν
1206 2380 1305 2406 Πόντον
1320 2379 1468 2415 Σκυθικήν.
1481 2379 1575 2406 Ἐνδον
1588 2379 1617 2406 δὲ
1631 2379 1679 2406 τοῦ
1696 2380 1841 2415 περιϐόλου

1057 2426 1173 2452 πλεῖστα
1194 2425 1340 2460 ἐτύγχανεν
1364 2425 1512 2460 οἰκήματα,
1538 2425 1572 2451 τὰ
1599 2425 1649 2460 μὲν
1668 2425 1700 2452 ὲκ
1729 2425 1843 2452 σανίδων

1058 2470 1200 2504 ὲγγλύςρων
1216 2471 1263 2496 καὶ
1276 2470 1459 2505 ἡρμοσμένων
1473 2471 1513 2502 είς
1530 2470 1708 2505 εὐπρέπειαν,
1721 2470 1756 2496 τὰ
1769 2469 1798 2496 δὲ
1809 2470 1841 2496 ἐν

1054 2517 1139 2544 δοκῶν
1152 2517 1175 2532 ⁸⁸
1186 2517 1400 2551 κεκαθαρμένων
1424 2517 1472 2543 καὶ
1492 2516 1561 2551 πρὸς
1587 2516 1723 2551 εὐθύτητα
1745 2517 1841 2549 ἐπεξε-

1055 2563 1171 2598 σμένων,
1187 2561 1398 2597 ὲμὸεὸλημένων
1411 2561 1439 2588 δὲ
1453 2561 1542 2595 ξύλοις
1563 2562 1586 2578 ⁵⁸
1602 2562 1792 2589 ἀποτελοῦσιν.
1809 2563 1841 2589 οι

1053 2608 1082 2635 δὲ
1098 2607 1192 2634 κύκλοι
1207 2608 1239 2633 ἐκ
1253 2606 1300 2632 τοῦ
1326 2606 1442 2640 ἐδάφους
1473 2606 1619 2641 ἀρχόμενοι
1645 2607 1675 2638 ἐς
1698 2606 1764 2641 ὕψος
1793 2607 1842 2634 ἀν-

1054 2653 1160 2681 έϐαινον
1176 2653 1306 2688 μετρίως.
1331 2651 1462 2679 Ἐνταῦθα
1474 2652 1523 2687 τῆς
1532 2652 1649 2687 ’Δττήλα
1666 2651 1843 2687 ὲνδιαιτωμέ-

884 2712 1001 2740 VARI/ﬂ
1018 2711 1220 2741 LECTlONES.

258 2770 280 2809 ξθ
344 2767 372 2797 οἴ
385 2770 461 2809 [³1η
473 2772 566 2809 ποῦαΒ.
603 2772 626 2788 ¹¹
642 2773 688 2809 καὶ
701 2772 730 2804 ὃς
743 2772 783 2804 Β,,
799 2771 828 2809 ὃς
845 2773 892 2799 καὶ
910 2773 982 2809 vulg.
1015 2773 1045 2809 κδ’
1060 2772 1194 2809 μεῖζοννέν
1210 2770 1290 2809 ἀνθρ.
1302 2771 1373 2803 ἕξειν
1387 2770 1436 2809 _ll.,
1455 2770 1568 2809 μείζονα
1585 2770 1663 2809 ἀνθρἒ
1683 2769 1752 2809 ἐξῆν.
1765 2770 1838 2809 vulg.

224 2804 438 2847 ⁵³¹ὲσόμενοι8η
455 2807 576 2846 ἔσο-μένῳ
604 2808 674 2847 vulg:
707 2808 730 2823 ”
744 2804 976 2847 anobtywpﬁeet;
992 2808 1034 2847 _H.
1048 2804 1067 2841 ,’
1088 2804 1325 2847 κατολὶι-γωρήσειε
1348 2807 1422 2847 νΗΙε.
1449 2804 1483 2847 ξδ’
1501 2805 1565 2847 γὰρ]
1593 2804 1670 2847 παρᾶ
1691 2804 1767 2847 cquj:
1795 2804 1839 2844 Ιξῖ,

223 2840 635 2877 ςγυὶιιοιο-ἰιιιοτβωωιῑωΙοωηβ
651 2840 705 2868 Ξὺν.
742 2842 765 2858 ⁵⁸
777 2840 859 2876 ὑπάγ.
883 2840 926 2874 ΒΣ,
949 2844 1030 2877 ὲπάγ.
1048 2840 1128 2877 ⁷νυ1ς.
1167 2842 1187 2857 ³⁷
1200 2840 1346 2877 εὔπρεπῶς
1362 2841 1382 2868 ll

1388 2839 1407 2875 ,ζ
1431 2839 1577 2876 εὐπρεπεῖς
1598 2841 1671 2876 vulg.
1717 2841 1741 2856 ⁵⁸
1753 2839 1840 2867 δοκῶν

224 2875 362 2907 Catttocl.,
372 2875 459 2909 λόγων
475 2876 549 2910 vulg.
586 2877 608 2892 "
623 2877 711 2909 ξύλοις
722 2875 1025 2909 κύκλουςαποτελοῦσίν
1040 2875 1114 2913 cond
1132 2878 1162 2904 Β.
