1951 3074
115 203 172 233 7.33

495 203 543 232 DE
564 201 845 232 LEGATIONlBUS
862 201 1106 233 ROMANORUM
1128 204 1178 234 AD
1198 203 1357 237 GENTES.

1682 208 1736 240 731Ε

116 265 167 290 vn;
182 257 314 291 γαμετῆς,
327 256 371 283 διὰ
382 256 434 283 τῶν
447 258 514 291 πρὶς
533 259 566 291 τῇ
582 257 652 292 θύρᾳ
672 257 825 292 Βαρϐάρων
837 257 899 283 ἔτυ-

954 258 1037 290 posita
1055 263 1143 285 erant.
1163 259 1262 286 Cireuli
1277 265 1366 287 autem
1382 267 1396 286 a
1415 259 1473 287 solo
1488 259 1644 294 incipientes
1668 271 1735 297 pau-

117 309 166 335 χον
178 302 290 333 εἰσόδου,
306 301 353 328 καὶ
365 302 449 337 αὐτὴν
463 302 507 328 ἐπὶ
522 301 681 336 στρώματος
697 301 820 336 μαλακοῦ
845 311 902 328 κει-

119 347 206 381 μένην
235 346 393 380 κατέλαϐον,
415 348 471 378 τοῖς
492 347 524 373 ὲκ
536 347 585 380 τῆς
614 347 696 380 ἐρέας
711 347 839 378 πιλωτοτς
853 347 900 373 τοῦ

118 391 233 425 ἐδάφους
247 391 423 425 σκεπομένου,
443 391 513 418 ὥστε
531 392 574 417 ἐπ’
603 393 692 418 αὐτῶν
704 391 830 427 βαδίζειν.
847 394 900 420 Πε-

119 438 209 472 ριεῐπε
237 436 266 462 δὲ,
296 436 381 471 αὐτὴν
410 436 582 472 θεραπόντων
600 437 701 472 πλῆθος
727 438 834 474 κύκλῳθ
853 440 901 466 καὶ

117 483 282 518 θεράπαιναι
293 483 339 509 ἐπὶ
354 482 401 509 τοῦ
413 483 527 518 ἐδάφους
543 484 656 519 ἀντικρὺ
677 485 763 520 αὐτῆς
779 485 900 520 καθήμε-

116 536 163 555 ναι
178 528 271 559 ὀθόνας
293 528 420 564 χρώμασι
435 528 621 562 διεποίκιλλον,
649 530 900 565 ὲπιϐληθησομένας

119 574 188 609 πρὸς
215 575 316 609 κόσμον
333 575 496 610 ἐσθημάτων
527 575 711 611 βαρϐαρικῶν.
738 577 900 612 Προσελοὼν

117 619 208 646 τοίνυν
223 620 318 647 καὶτὰ
332 621 407 655 δῶρα
432 621 500 656 μετὰ
515 622 560 647 τὸν
589 623 735 656 ἀσπασμὸν
762 623 824 654 δοὺς
848 624 898 649 im-

118 665 220 701 εξῄειν,
231 667 278 692 καὶ
292 666 340 692 ἐπὶ
350 666 385 692 τὰ
398 667 479 702 ἕτερα
502 667 624 699 ἐϐάδιζον
644 668 792 703 οἰκήματα,
818 669 846 694 ἐν
862 666 902 701 οἷς

117 711 269 746 διατρίϐειν
282 712 328 738 τὸν
363 712 494 747 Ἀττήλαν
522 712 683 748 ἐτύγχανεν,
717 713 902 749 ἀπεκδεχόμε-

119 765 164 788 νος
180 757 202 772 ⁸ο
215 756 296 783 ὁπότε
308 757 446 790 ἐπεξέλθοι
464 758 623 794 Ὀνηγήσιος
637 767 644 773 ”
656 758 706 794 ἤδη
715 759 769 793 γὰρ
782 759 836 785 ἀπὸ
847 759 901 786 τῶν

118 802 202 829 αὐτοῦ
217 803 375 837 οἰκημάτων
387 802 543 838 ἐξεληλύθει
560 804 609 831 καὶ
623 805 696 831 ἔνδον
717 802 760 840 ἦν.
791 805 901 838 Μεταξὺ

119 849 149 876 δὲ
169 850 216 876 τοῦ
231 850 330 881 παντὸς
342 850 486 885 ἱστάμενος
511 850 628 885 πλήθους
642 849 790 885 (γνώριμός
804 859 833 876 τε
849 851 903 887 γὰρ

118 897 158 924 ὢν
183 899 238 928 τοῖς
267 898 381 933 ’Λττῄλα
411 899 538 933 φρουροῖς
557 898 604 926 καὶ
630 899 685 930 τοῖς
701 899 901 933 παρεπομένοις

124 943 199 978 αὑτῷ
215 944 368 979 Βαρϐἀροις
391 944 438 970 ὑπ’
457 944 563 976 οὐδενὸς
588 944 803 979 διεκωλυόμην),
832 943 902 971 εἶδον

119 988 221 1023 πλῆθος
237 989 417 1023 πορευόμενον
431 990 479 1015 καὶ
495 989 575 1025 οροῦν
587 991 633 1016 καὶ
650 990 764 1025 θόρυϐον
778 991 842 1025 περὶ
857 990 902 1016 τὸν

81 1031 86 1037 ’
119 1034 202 1060 τόπον
235 1035 378 1068 γενόμενον
393 1035 425 1066 σί,
448 1035 486 1067 ὡς
514 1035 561 1061 τοῦ
591 1035 706 1071 ’Λττήλα
734 1035 900 1068 ὑπεξιόντος.

120 1079 219 1114 Προῄει
247 1080 276 1106 δὲ
299 1079 346 1107 τοι)
369 1081 517 1115 οἰκήματος
545 1081 660 1116 βαδίζων
687 1081 820 1116 σοϐαρῶς,
838 1081 902 1116 τῇδε

120 1126 201 1151 κάκεῖ
224 1126 466 1161 περιϐλεπόμενος.
502 1128 547 1158 Ὠς
576 1127 604 1153 δὲ
631 1126 784 1160 ὑπεξελθὼν
800 1127 847 1154 σὺν
864 1127 902 1162 τῷ

127 1172 282 1207 Ὀνηγησὶῳ
303 1169 367 1207 ἔστη
388 1174 441 1207 πρὸ
456 1173 502 1198 τοῦ
520 1173 679 1208 οἰκήματος,
708 1173 800 1200 πολλοὶ
811 1173 838 1200 δὲ
849 1174 902 1200 τῶν

119 1219 338 1252 ἁμφισϐηφήοεις
357 1217 424 1252 πρὸς
445 1218 576 1253 ἀλλήλους
605 1219 720 1254 ἑχόντων
748 1220 903 1254 προσῄεσαν

121 1263 227 1298 auiti-1v
241 1263 324 1289 αὑτοῦ
341 1263 430 1298 κρίσιν
443 1263 566 1298 ἐδέχοντο
580 1272 587 1279 ⁶
607 1263 667 1291 εἶτα
678 1265 792 1300 ἐπανῄει
814 1265 851 1297 ὡς
873 1266 903 1292 τὸ

120 1310 235 1343 οἴκημα,
253 1309 300 1335 κα)¹
315 1309 442 1343 πρέσϐεις
468 1309 534 1344 παρ’
555 1310 634 1337 αὑτὸν
655 1311 773 1346 ἥκοντας
795 1311 902 1346 Βαρϐἅσ

122 1363 186 1389 ρους
203 1354 318 1389 ἐδέχετο.

163 1400 239 1435 Ἐμοὶ
253 1400 281 1427 δὲ
296 1400 504 1435 ἀπεκδεχομένῳ
518 1400 562 1427 τὸν
586 1401 745 1436 Ὀνηγήσιον
766 1402 903 1437 Ῥωμύλος

121 1446 168 1473 καὶ
184 1446 339 1482 Προμοῦτος
352 1447 399 1473 καὶ
419 1447 557 1481 Ῥωμανδς
580 1448 605 1473 oi
622 1447 651 1479 ἐξ
672 1447 788 1480 Ἰταλιας
813 1449 904 1475 ὲλοόν-

120 1501 166 1524 τες
182 1493 255 1527 παρὰ
267 1493 312 1519 τὸν
332 1493 462 1528 ’Λττήλαν
479 1493 608 1528 πρέσϐεις
620 1493 676 1520 τῶν
694 1494 799 1529 φιαλῶν
820 1495 902 1522 ἕνεκα

121 1537 175 1564 τῶν
187 1537 306 1572 χρυσῶν,
320 1538 509 1573 συμπαρόντος
531 1540 622 1570 αὐτοῖς
650 1540 698 1565 καὶ
734 1540 902 1567 Ῥουστικίου

953 301 1026 328 latim
1041 303 1066 329 iu
1091 304 1172 330 altum
1196 305 1385 339 assurgebant.
1413 305 1461 333 llic
1478 306 1619 334 habitabat
1646 308 1736 334 Attilae

953 354 1029 379 uxor,
1055 348 1087 374 ad
1112 355 1193 383 quam
1209 357 1223 375 a
1240 349 1377 381 Barbaris,
1393 350 1437 384 qui
1454 351 1526 378 circa
1540 351 1635 385 januas
1647 358 1735 385 erant,

953 397 1046 420 nactus
1062 394 1174 426 aditum,
1198 395 1281 427 ipsam
1299 395 1462 430 deprehendi
1487 397 1514 422 in
1529 397 1601 423 molli
1617 397 1735 432 stragula

948 436 1092 471 jacentem.
1115 438 1178 464 Erat
1198 443 1287 466 autem
1303 439 1484 472 pavimentum
1501 439 1585 467 laneis
1602 442 1736 476 tapetibus

951 488 1076 515 Stratum,
1103 484 1129 510 in
1152 484 1249 519 quibus
1275 485 1456 512 constitimus.
1486 485 1550 512 Eam
1575 485 1734 512 famulorqu

952 529 1093 557 multitudo
1107 530 1134 557 iu
1149 530 1240 558 orbem
1255 531 1457 563 circumstabat,
1478 536 1506 558 et
1521 531 1626 558 ancillae
1641 539 1674 559 ex
1689 533 1736 558 ad-

950 583 1030 603 verso
1056 576 1128 603 humi
1153 578 1279 604 sedentes
1313 577 1380 604 telas
1404 577 1539 604 coloribus
1553 577 1735 612 variegabant,

951 630 1010 656 quae
1027 622 1145 650 vestibus
1156 622 1336 651 Barbarorum
1352 623 1384 649 ad
1397 627 1521 650 ornatum
1531 623 1736 657 superinjiciun-

952 673 1004 695 tur.
1025 669 1108 696 Cerea
1123 670 1249 701 salutata,
1263 673 1290 696 et
1305 669 1460 696 muneribus
1472 669 1589 700 traditis,
1600 676 1735 703 egressus,

952 719 1110 748 exspectans
1133 715 1196 742 dum
1219 715 1366 750 Oncgesius
1387 715 1458 749 regia
1476 714 1561 741 exiret
1585 714 1649 748 (iam
1665 715 1735 741 enim

952 768 967 787 e
981 761 1060 788 domo
1075 768 1123 788 sua
1139 761 1201 788 illuc
1217 761 1350 796 venerat),
1375 761 1408 788 ad
1424 760 1527 795 reliqua
1548 761 1671 790 .cdiiicia,
1690 760 1735 787 ubi

951 805 1049 832 Attilas
1064 807 1293 838 commorabatur,
1313 806 1444 840 processi.
1475 806 1524 833 ilic
1540 806 1603 833 dmn
1621 813 1670 841 ego
1683 811 1737 833 sta-

954 858 1008 877 rem
1028 859 1088 878 cum
1111 851 1213 887 reliqua
1237 851 1406 879 multitudine
1432 851 1507 886 (nec
1531 851 1602 878 enim
1621 859 1732 879 accessu

954 897 1034 924 utilius
1049 897 1099 924 ioci
1117 898 1288 932 prohibebar,
1306 898 1404 933 quippe
1419 898 1464 933 qui
1478 898 1567 926 Attila:
1584 899 1737 926 custodibus

954 949 980 970 et
998 943 1136 976 Barbaris,
1156 944 1201 979 qui
1224 952 1284 971 eum
1309 945 1521 974 assectabantur.
1546 951 1620 971 eram
1636 944 1737 979 notus),

954 990 1007 1016 vidi
1026 997 1150 1025 magnam
1167 990 1283 1022 turbam,
1299 997 1352 1024 qua
1367 990 1500 1024 prodibat,
1515 994 1678 1023 currentem,
1694 995 1737 1017 tu-

953 1035 1064 1062 multum
1079 1039 1105 1062 et
1117 1036 1257 1069 strepitum
1267 1035 1442 1062 cxcitantem.
1453 1035 1550 1062 Attilas
1560 1036 1639 1063 domo
1649 1043 1739 1071 egres-

952 1089 1008 1114 sus,
1025 1081 1099 1115 gravi
1113 1081 1196 1113 vultu,
1223 1081 1343 1108 omnium
1361 1081 1445 1109 oculis
1461 1089 1570 1117 quaqua
1595 1090 1689 1110 versus
1712 1083 1737 1109 in

953 1135 1013 1156 eum
1029 1128 1178 1160 conversis,
1197 1127 1326 1155 incedens
1342 1135 1403 1155 cum
1419 1127 1562 1163 Unegesio,
1581 1137 1630 1164 pro
1638 1129 1739 1157 aedibus

953 1173 1084 1201 substitit.
1103 1173 1152 1200 Hic
1167 1181 1226 1200 cum
1246 1174 1334 1206 multi,
1358 1173 1456 1208 quibus
1469 1180 1545 1201 erant
1567 1175 1637 1207 lites,
1664 1174 1739 1202 adic-

953 1224 1026 1251 ruut,
1049 1223 1077 1246 et
1091 1219 1148 1254 ejus
1164 1219 1292 1252 iudicium
1307 1224 1483 1254 exceperunt.
1511 1218 1612 1247 Deinde
1631 1220 1738 1247 domum

954 1264 1073 1298 repetiit,
1088 1270 1113 1292 et
1127 1265 1300 1292 barbararum
1315 1265 1435 1300 gentium
1454 1265 1565 1300 legatos,
1589 1265 1635 1300 qni
1658 1266 1692 1292 ad
1710 1272 1740 1293 se

955 1315 1094 1341 venerant,
1112 1311 1231 1338 admisit.

989 1400 1030 1427 Me
1044 1407 1118 1433 vero,
1131 1399 1194 1427 dum
1208 1399 1368 1435 Onegcsium
1386 1402 1586 1436 exspectabam,
1599 1401 1738 1438 Romulus,

955 1445 1099 1473 Promutus
1112 1449 1139 1472 et
1151 1444 1298 1478 Romanus,
1312 1445 1393 1480 legati
1405 1446 1438 1473 de
1453 1447 1524 1474 vasis
1538 1447 1627 1474 aureis
1639 1455 1671 1475 ex
1687 1447 1740 1475 ita-

955 1491 987 1518 lia
1002 1490 1034 1518 ad
1049 1490 1157 1517 Attilam
1174 1490 1258 1517 missi.
1269 1498 1319 1517 una
1336 1498 1395 1517 cum
1411 1490 1542 1524 Rnsticio,
1556 1492 1601 1526 qui
1618 1492 1644 1518 in
1658 1492 1742 1519 comi-

955 1541 1009 1563 tatu
1026 1536 1176 1564 Constantii
1200 1540 1267 1568 erat,
1294 1540 1321 1563 et
1347 1536 1531 1563 Coustantioln
1552 1544 1584 1564 ex
1611 1536 1738 1564 Paeonum

120 1585 168 1613 τοῦ
183 1586 254 1613 κατὰ
268 1586 468 1617 Κωνστὰντιον,
485 1586 532 1612 καὶ
555 1586 785 1619 Κωνσταντιόλου,
807 1587 902 1623 ἀνδρὸς

957 1582 1075 1616 regione,
1103 1589 1163 1616 qua:
1184 1582 1276 1609 Attila:
1301 1581 1431 1616 parebat,
1461 1589 1505 1609 me
1529 1587 1593 1611 sunt
1615 1590 1741 1612 sermone

121 1634 153 1659 ἐκ
165 1632 214 1667 τῆς
227 1633 347 1658 Παιόνων
365 1632 457 1667 χώρας
476 1631 527 1666 τῆς
554 1632 606 1659 ὑπὸ
633 1633 751 1668 Ἀττήλᾳ
774 1634 905 1668 ταττομέ-

121 1688 180 1714 νης,
199 1680 228 1710 ἐς
237 1678 333 1712 λόγους
351 1676 443 1714 ἦλθον,
456 1679 502 1705 καὶ
519 1678 666 1714 ἀνηρώτων
674 1679 787 1714 πότερον
801 1679 905 1714 διηφεί-

122 1725 218 1759 θημεν,
235 1723 251 1759 ἢ
269 1724 414 1758 ὑπομένειν
428 1724 652 1759 ἀναγκαζόμεθα.
678 1725 733 1750 Καὶ
762 1723 830 1759 ἐμοῦ
852 1725 904 1760 φή-

122 1778 226 1802 σαντος,
243 1770 280 1801 ὡς
292 1769 385 1796 τούτου
396 1771 474 1804 χάριν
488 1770 655 1804 πευσόμενος
676 1769 723 1795 τοῦ
743 1770 904 1805 Ὀνηγησίου

120 1818 174 1847 τοῖς
188 1816 344 1851 περιϐόλοις
356 1815 567 1851 προσκαρτερῶ,
594 1815 640 1842 καὶ
666 1815 902 1850 ἀντερωτήσαντος

122 1862 145 1888 εἰ
157 1861 178 1877 ⁸¹
195 1861 285 1892 αὐτοῖς
299 1862 313 1887 ὁ
334 1860 464 1895 ’Λττήλας
475 1860 579 1896 ἥμερόν
595 1868 622 1886 τι
645 1860 667 1876 ⁸⁸
680 1860 727 1887 καὶ
740 1861 826 1894 πρᾶον
840 1861 905 1896 περὶ

121 1907 268 1942 πρεσϐείας
280 1906 457 1941 ἁπεκρίνατο.
474 1906 566 1939 ἔλεγον
579 1905 711 1940 μηδαμῶς
730 1907 904 1941 μετατρέπε-

123 1953 185 1979 σῢαι
211 1953 258 1987 τῆς
284 1952 409 1986 γνώμης,
427 1952 494 1979 ἀλλὰ
508 1953 626 1987 πόλεμον
649 1953 857 1987 καταγγέλλειν,
880 1955 904 1981 ει

124 1998 161 2032 μή
186 2005 217 2030 γε
243 1997 318 2032 αὐτῷ
346 1997 507 2032 Σιλϐανδςῆ
531 1997 566 2023 τὰ
592 1997 743 2032 ἐκπώματα
754 1999 903 2034 πεμφθείη,

128 2042 390 2076 ’Λπιιθαιιμαζόντων
403 2042 430 2068 δὲ
447 2042 525 2077 ἡμῶν
545 2043 595 2077 τῆς
623 2044 752 2075 ἀπονοίας
768 2045 813 2070 τὸν
833 2045 905 2080 Bip-

122 2089 214 2123 ίαρον,
230 2088 371 2114 ὑπολαϐὼν
383 2089 397 2114 ὸ
416 2088 564 2122 Ῥωμύλος,
585 2089 758 2124 πρεσϐευτὴς
772 2090 842 2125 ἀνὴρ
858 2091 905 2116 καὶ

122 2134 225 2160 πολλῶν
249 2134 419 2168 πραγμάτων
446 2133 587 2168 ἔμπειρος,
605 2134 682 2167 ἔλεγε
699 2133 748 2169 τὴν
762 2135 843 2162 αὑτοῦ
857 2144 905 2170 με-

122 2180 217 2214 γίστην
231 2179 315 2214 τύχην
332 2180 378 2206 καὶ
392 2179 439 2214 τὴν
454 2179 486 2205 ὲκ
501 2180 550 2213 τῆς
561 2179 645 2214 τύχης
658 2179 772 2214 δύναμιν
785 2180 904 2216 ἐξαίρειν

121 2226 209 2258 αὕτὺν,
223 2225 293 2252 ὥστε
309 2225 346 2260 μὴ
362 2225 624 2260 ἀνέχεσθαιδικαίων
638 2225 736 2258 λόγων,
751 2227 774 2252 εἰ
787 2227 825 2261 μὴ
836 2227 904 2262 πρὸς

121 2271 201 2298 αὐτοῦ
216 2271 239 2287 ⁵⁸
254 2272 350 2306 νομίσῃ
365 2271 497 2306 ὑπάρχειν
511 2271 619 2302 αὐτούς.
633 2271 772 2298 Οὐδενὶθδ·
784 2272 837 2307 γὰρ
851 2273 904 2299 τῶν

122 2318 229 2344 πώποτε
246 2318 294 2352 τῆς
322 2316 486 2352 Σκυθικῆς-ἢ
508 2317 554 2343 καὶ
580 2317 676 2352 ἐτέρας
700 2317 838 2352 ἀρξάντων
854 2319 905 2353 γῆς

121 2362 238 2389 τοσαῦτα
257 2363 285 2390 ὲν
299 2362 380 2397 ὀλίγῳ
399 2362 627 2398 καταπεπρᾶχοαι
650 2363 684 2395 ⁸³,
701 2363 772 2390 ὥστε
790 2364 836 2390 καὶ
849 2364 903 2390 τῶν

121 2409 148 2434 ἐν
160 2408 197 2442 τῷ
208 2408 328 2443 Ὠκεανῷ
338 2408 428 2443 νήσων
441 2407 544 2443 ἄρχειν,
557 2408 604 2434 καὶ
617 2408 684 2443 πρὸς
705 2408 777 2444 πάσῃ
790 2411 822 2444 τῇ
834 2409 904 2436 Σκυο

121 2457 182 2492 οικῇ
195 2457 241 2482 καὶ
257 2456 407 2490 Ῥωμαίους
419 2456 490 2491 ἔχειν
503 2456 530 2486 ἐς
543 2456 626 2490 φόρου
634 2456 796 2492 ἀπαγωγήν.
809 2455 901 2491 Ἐφιέ-

125 2511 203 2537 μενον
219 2502 246 2528 δὲ
264 2501 329 2536 πρὸς
345 2503 401 2533 τοῖς
421 2502 537 2532 παροῦσι
569 2501 697 2528 πλειόνων
715 2503 761 2528 καὶ
776 2503 823 2529 ἐπὶ
847 2504 906 2536 μετ-

123 2547 169 2578 ζον
186 2546 302 2579 αὔξοντα
312 2547 360 2581 τὴν
375 2547 473 2581 ἀρχὴν,
489 2547 535 2572 καὶ
549 2546 577 2576 ὲς
591 2547 698 2581 Πέρσας
711 2547 822 2573 ἀπιέναι
842 2547 905 2582 βού-

122 2592 225 2619 λεσθαι.
242 2591 302 2618 Τῶν
314 2591 342 2618 δὲ
357 2593 385 2617 έν
402 2592 467 2626 ἡμῖν
493 2600 564 2623 τινος
581 2591 734 2626 πυθομένου
752 2593 830 2619 ποῖαν
847 2594 904 2620 ὁδον

121 2628 235 2674 τραπεὶς
254 2638 282 2668 ὲς
297 2637 404 2672 Πέρσας
420 2636 507 2663 ἐλθεῖν
523 2636 679 2671 δυνήσεται.
696 2637 790 2671 ἔλεγεν
805 2639 818 2664 ὁ
837 2637 904 2665 Ῥω-

124 2685 215 2720 μύλος,
235 2685 272 2719 μὴ
290 2683 379 2718 πολλῷ
395 2683 560 2717 διαστήματι
574 2683 622 2717 τὴν
637 2682 736 2717 Μήδων
753 2685 903 2717 ἀφεστάναι

954 1628 1052 1661 adorti,
1068 1632 1095 1656 et
1110 1629 1356 1662 interrogaverunt,
1372 1627 1427 1664 64
1454 1633 1543 1656 utrum
1563 1630 1677 1662 dimissi,
1706 1639 1739 1657 an

955 1681 1065 1701 manere
1086 1674 1172 1701 coacti
1195 1681 1327 1702 essemus.
1368 1684 1377 1700 ‹
1397 1674 1424 1702 id
1438 1675 1535 1709 ipsum,
1558 1676 1688 1711 inquam,
1712 1681 1742 1704 ut

954 1721 1037 1748 sciam
1051 1727 1084 1747 ex
1097 1720 1240 1754 Ouegesio,
1254 1720 1322 1747 intra
1335 1721 1385 1748 ista
1403 1726 1477 1754 septa
1491 1723 1626 1756 opperior.
1646 1732 1655 1748 ι
1673 1721 1740 1749 Tum

954 1774 1005 1801 ego
1020 1767 1080 1794 illos
1103 1767 1222 1794 vicissim
1241 1767 1422 1800 percunctari,
1440 1775 1473 1794 an
1490 1768 1596 1801 aliquod
1615 1769 1679 1795 mite
1697 1776 1741 1795 re—

956 1820 1084 1846 sponsum
1099 1813 1132 1838 ad
1148 1820 1190 1843 ea,
1213 1812 1246 1840 de
1261 1813 1359 1847 quibus
1376 1813 1454 1847 legati
1477 1818 1617 1845 venerant,
1643 1814 1676 1840 ab
1692 1814 1741 1840 At-

956 1858 1002 1885 tila
1022 1859 1157 1886 tulissent.
1176 1858 1351 1894 Nequaquam
1368 1860 1444 1886 aiunt
1458 1859 1530 1886 illum
1547 1860 1640 1887 deduci
1655 1868 1668 1886 a
1683 1868 1742 1887 scn-

957 1904 1052 1936 teutia,
1070 1905 1117 1931 sed
1134 1904 1231 1931 bellum
1251 1905 1348 1932 minari
1363 1910 1390 1932 et
1411 1905 1581 1938 denuntiare,
1601 1906 1628 1933 ni
1645 1906 1741 1941 Sylva-

955 1957 1006 1976 nus
1031 1954 1077 1976 aut
1101 1949 1196 1984 pocula
1222 1951 1364 1977 dedantur.
1397 1950 1450 1978 Nos
1468 1958 1533 1978 vero
1554 1959 1614 1978 cum
1630 1951 1741 1978 Barbari

957 1997 1118 2023 miraremur
1133 1997 1214 2023 animi
1228 1996 1430 2031 impotentiam,
1448 1997 1586 2029 Romulus,
1600 1998 1639 2024 vir
1653 1998 1743 2025 multis

957 2041 1241 2068 honoriﬁcentissimis
1270 2042 1447 2076 legationibus
1471 2042 1578 2070 functus
1603 2048 1630 2070 et
1658 2043 1742 2071 multo

958 2094 1045 2113 rerum
1062 2094 1109 2114 usu
1126 2086 1262 2119 praeditus,
1289 2087 1338 2119 ait,
1355 2088 1471 2114 secunda
1491 2087 1597 2114 fortuna
1613 2092 1639 2115 et
1653 2092 1744 2122 poten-

957 2133 992 2159 tia
1011 2132 1072 2159 inde
1088 2132 1198 2159 collecta
1217 2132 1284 2159 adeo
1300 2132 1374 2159 illum
1391 2132 1492 2164 efferri,
1510 2139 1540 2159 ut
1552 2133 1631 2167 justis
1645 2140 1745 2160 sermoz

956 2178 1034 2205 nibus
1049 2177 1149 2204 nullum
1166 2177 1235 2211 apud
1252 2184 1282 2204 se
1304 2176 1391 2204 locum
1415 2177 1589 2212 relinqueret,
1619 2179 1668 2206 nisi
1693 2186 1741 2207 eos

956 2231 990 2250 ει
1001 2231 1029 2250 re
1043 2230 1091 2250 sua
1108 2229 1168 2250 8558
1184 2226 1318 2250 censeret.
1339 2222 1422 2250 Nemo
1441 2231 1560 2258 unquam
1576 2231 1680 2257 eorum,

917 2255 944 2285 Β
958 2271 983 2298 in
1002 2270 1124 2305 Scythia,
1142 2269 1182 2297 vel
1195 2269 1258 2296 alibi
1271 2274 1428 2303 regnarunt,
1444 2273 1532 2296 tantas
1545 2277 1588 2296 res
1601 2276 1653 2296 tam
1669 2270 1742 2297 brevi

956 2324 1075 2353 tempore
1098 2317 1191 2352 gessit.
1227 2316 1321 2343 Totius
1355 2315 1472 2351 Scythiae
1497 2315 1664 2343 dominatum
1692 2315 1742 2342 sibi

954 2364 1131 2399 comparavit,
1156 2368 1183 2390 et
1198 2362 1230 2389 ad
1245 2361 1346 2389 Oceani
1366 2361 1468 2389 insulas
1493 2369 1578 2396 usque
1601 2361 1741 2396 imperiutn

952 2417 1029 2437 suum
1044 2407 1176 2441 extendit,
1195 2411 1224 2434 ut
1238 2408 1319 2434 etiam
1333 2414 1348 2433 a
1362 2406 1495 2434 Romanis
1521 2407 1618 2434 tributa
1642 2407 1741 2441 exigat.

952 2454 1006 2482 Nec
1021 2454 1062 2481 his
1076 2458 1228 2485 coulentus,
1256 2452 1288 2478 ad
1306 2451 1385 2486 longe
1403 2451 1505 2486 majora
1529 2451 1647 2477 aniunttn
1662 2451 1741 2484 adje-

957 2501 1004 2532 cit,
1026 2505 1054 2528 et
1068 2500 1150 2526 latius
1163 2499 1270 2533 imperii
1288 2498 1331 2526 sui
1347 2498 1414 2524 lines
1431 2497 1591 2532 protendere
1605 2503 1631 2523 et
1646 2494 1744 2523 Persas

957 2546 1025 2573 bello
1040 2545 1149 2580 aggredi
1167 2545 1278 2578 cogitat.
1306 2542 1366 2570 Uno
1381 2550 1413 2570 ex
1433 2543 1511 2570 nobis
1525 2547 1672 2576 qumreute,
1690 2549 1742 2576 qua

960 2591 1001 2617 via
1023 2597 1039 2618 e
1056 2589 1167 2624 Scythia
1189 2589 1216 2616 in
1230 2588 1328 2615 Persas
1352 2588 1462 2614 tendere
1484 2591 1585 2621 posset,
1611 2585 1743 2613 Romulus

955 2637 1033 2669 dixit,
1064 2643 1115 2662 non
1133 2635 1211 2670 longo
1226 2634 1348 2661 locorum
1365 2625 1507 2661 intervallo
1521 2632 1612 2659 Medos
1633 2632 1742 2658 dissitos

957 2690 1016 2711 esse
1031 2690 1045 2708 a
1062 2681 1180 2717 Scythis,
1203 2687 1290 2714 neque
1304 2679 1415 2706 llunuos
1440 2678 1510 2706 hanc
1531 2677 1601 2705 viam
1627 2677 1739 2709 nescire,

750 2761 866 2790 VAerE
887 2761 1085 2793 LECTlONES.

157 2833 179 2847 ⁶⁰
195 2832 350 2867 ἐτύγχανεν,
380 2830 598 2867 ἀπεκδεχόμενος
614 2830 659 2862 IL,
673 2830 834 2867 ἐτύγχανον,
851 2832 1061 2866 ἀπεκδεχόμενοι
1077 2829 1160 2867 vulg”
1175 2828 1340 2867 (ξυνέϐαινεν,
1355 2826 1451 2867 απεκδη
1466 2825 1502 2867 'B.

120 2868 188 2900 conj.
216 2867 243 2893 Β.
262 2865 304 2883 “⁶¹
325 2868 347 2893 εἰ
375 2866 436 2893 add.
453 2865 495 2897 Β..
520 2866 632 2900 πότερον
646 2865 708 2892 add.
727 2865 756 2892 Il.
795 2866 817 2881 "
832 2875 857 2892 τι
879 2868 923 2898 Ν.,
950 2865 979 2892 τε

322 2902 343 2917 ⁵⁵
358 2901 585 2936 καταπεπρᾱχοαι
599 2900 639 2934 Β.,
655 2900 830 2935 κατεπράχθη
848 2903 919 2937 vulg.

121 2901 192 2928 ιῦπω
211 2903 280 2938 ru'g.

1555 2826 1574 2841 ⁶¹
1595 2826 1739 2861 γινόμενον

1010 2866 1081 2900 vulg.
1121 2860 1144 2880 ῖδ
1160 2863 1242 2892 αὐτοῦ
1263 2863 1306 2895 Ν.,
1332 2863 1413 2889 αὑτὸν
1429 2862 1500 2896 vulg.
1541 2860 1574 2876 “'
1590 2860 1676 2888 οὐδενὶ
1692 2860 1736 2893 Ν..
