1951 3074
210 163 262 195 735

718 159 915 190 EXCERPTA
935 161 986 190 EX
1007 160 1141 191 PRISCO
1161 162 1344 193 RHETOBE

1779 167 1833 198 736

212 220 258 246 sed
269 219 345 250 olim,
362 218 433 245 fame
449 224 495 252 per
507 223 600 244 eorum
619 216 754 251 regionem
766 222 917 252 grassante,
933 224 993 244 cum

1050 218 1095 252 τῆς
1111 218 1260 253 Σκυθικῆς,
1271 219 1331 246 οὐδὲ
1352 219 1468 251 Οὕννους
1483 220 1613 255 ἀπείρους
1628 221 1678 255 τῆς
1692 222 1754 248 ὀδοῦ
1767 223 1835 249 ταύ-

211 263 326 290 Ποιηειηί
342 267 449 298 propter
462 262 573 293 bellum,
600 261 670 296 quod
686 268 749 289 tunc
774 263 902 296 temporis
918 270 995 298 gere—

211 310 286 342 bant,
310 309 421 336 minime
447 316 506 335 cmn
532 308 584 335 illis
608 308 701 342 prazlio
729 308 918 340 decertarent,
947 309 997 335 hac

210 354 352 388 irrupisse,
366 359 393 381 et
408 354 441 380 ad
452 353 544 380 Medos
556 361 641 387 usque
655 353 781 381 Bazicum
799 360 826 380 et.
841 354 995 386 Cursicum,

210 399 294 426 duces
316 399 454 434 ipsorum,
479 406 495 427 θ
515 399 596 434 regiis
614 399 723 435 Scythis
743 400 890 432 oriundos,
915 408 997 434 pene-

211 449 308 479 trasse,
324 445 368 479 qui
384 449 476 479 postea
492 451 552 472 cum
569 453 664 480 magna
678 446 815 472 hominum
828 446 998 472 multitudine

212 490 326 517 Romam
344 491 377 517 ad
395 490 607 518 contrahendam
624 498 759 517 armorum
775 491 932 518 societatem
951 497 998 517 ve-

212 537 324 564 rtissent.
353 535 407 563 llos
422 543 557 568 narrasse,
570 543 619 570 per
638 536 781 570 quamdam
806 537 940 564 desertam
955 543 998 563 re-

212 582 319 617 gionem
331 581 383 609 illis
396 582 446 609 iter
460 582 555 615 fuiSSe,
572 586 599 609 et
611 581 732 616 paludem
750 583 900 617 trajecisse,
916 590 997 616 quam

212 626 343 654 Romulus
354 627 526 654 existimabat
538 634 598 655 esse
618 626 768 654 Maeotidem
780 636 787 654 :
802 627 907 661 deinde,
920 627 999 661 quiu—

213 673 299 700 decim
320 672 416 700 diebus
429 672 538 707 elapsis,
567 680 614 707 per
635 677 740 700 montes
764 672 905 707 quosdam,
931 680 998 707 quos

212 723 397 750 superassent,
423 718 449 744 in
471 717 584 745 Mediam
615 717 795 745 descendisse.
826 717 868 745 lbi
892 720 998 752 praedas

213 763 357 798 agentibus
381 768 408 790 et
434 763 638 790 excursionibus
653 770 732 797 agros
754 764 920 790 vastantibus
932 763 998 791 Per-

212 809 296 836 sicum
320 817 415 844 agmen
444 809 636 844 superveniens
663 808 722 836 telis
747 815 810 835 aera
839 809 995 842 replevisse.

212 853 304 890 Itaque
318 855 482 882 imminentis
501 854 612 889 periculi
634 858 705 881 metu
730 859 803 882 retro
823 855 998 888 abscessisse,

212 905 237 927 et
255 907 302 935 per
318 905 422 927 montes
437 907 584 936 regressos,
599 900 745 934 pauxillum
759 901 853 935 prtcda:
865 901 996 935 abegisse.

211 945 333 981 Magnam
347 947 418 974 enim
431 951 532 982 partem
551 946 641 974 Medos
653 947 801 975 extorsisse
817 956 825 975 :
851 947 924 982 ipsos
947 955 997 974 au-

213 996 277 1024 tem,
293 997 323 1019 ut
337 993 553 1027 persequentium
571 993 687 1020 hostium
705 993 833 1026 impetum
850 993 995 1026 evitarent,

211 1037 246 1064 ad
263 1036 342 1064 aliam
358 1037 429 1064 viam
447 1036 598 1065 deﬂexisse.
620 1037 652 1064 Et
673 1045 721 1072 per
739 1037 810 1070 loca,
821 1037 865 1065 ubi
878 1045 911 1065 ex
922 1043 998 1072 petra

213 1082 349 1110 maritima
368 1082 477 1110 ﬂamma
493 1083 580 1115 ardet.
594 1083 668 1110 illinc
684 1083 828 1118 profectos,
893 1083 997 1111 dierum

213 1128 312 1155 itinere
325 1128 352 1155 in
372 1128 449 1156 sedes
464 1135 527 1156 suas
546 1128 702 1157 revertisse.
726 1129 813 1164 Atque
825 1137 858 1157 ex
876 1137 909 1157 eo
931 1130 998 1158 satis

213 1173 324 1206 vidisse,
339 1181 392 1200 non
405 1181 502 1209 magno
516 1174 657 1202 intervallo
673 1175 809 1210 Scythiam
825 1183 840 1202 a
856 1175 941 1203 Medis
956 1176 998 1203 di-

213 1224 295 1247 stare.
315 1218 496 1252 Quamobrem
516 1219 538 1247 si
553 1220 663 1247 Attilam
680 1220 776 1254 cupido
792 1221 894 1255 ceperit
907 1220 998 1249 Medos

213 1264 366 1298 invadendi,
384 1273 435 1293 non
451 1266 562 1293 multum
577 1273 665 1301 operm
676 1270 701 1293 et
717 1266 818 1294 laboris
834 1266 862 1293 in
885 1274 944 1294 eam
957 1267 998 1294 in-

211 1311 349 1339 vasionem
364 1311 418 1347 65
443 1316 675 1347 consumpturum,
692 1319 779 1347 neque
798 1313 902 1347 magnis
919 1313 997 1340 itine-

213 1358 289 1385 ribus
303 1357 477 1393 dcfatigatum
501 1358 546 1391 iri,
567 1363 596 1385 ut
609 1358 710 1392 Medos,
727 1358 842 1387 Parthos
861 1363 888 1386 et
903 1359 997 1387 Persas

211 1404 360 1439 adoriatur,
385 1409 412 1432 et
432 1409 510 1439 cogat
534 1405 626 1432 tributi
648 1405 760 1432 illationi
778 1412 807 1433 se
828 1405 996 1432 submittere.

212 1449 315 1477 Adesse
337 1450 408 1477 enim
433 1449 470 1476 illi
497 1457 609 1483 magnas
630 1450 731 1484 copias,
759 1457 826 1484 quas
843 1450 914 1476 nulla
934 1457 999 1484 gens

212 1495 347 1522 sustinere
367 1495 462 1530 possit.
481 1495 562 1522 Nobis
586 1503 649 1523 vero
673 1496 839 1530 optantibus,
863 1500 892 1522 ut
908 1495 998 1522 Persis

215 1547 291 1568 arma
310 1540 432 1573 inferret,
445 1545 472 1568 et
487 1548 502 1568 a
519 1541 596 1569 nobis
614 1541 640 1568 in
657 1541 716 1568 illos
732 1541 794 1568 belli
811 1541 907 1568 molem
922 1549 998 1568 aver-
1013 1556 1035 1585 α

217 1590 305 1613 teret:
340 1595 350 1612 ι
369 1586 516 1614 Verendum
539 1591 590 1618 est,
619 1587 705 1621 inquit
724 1586 934 1619 Constantiolus,
954 1595 997 1620 ne,

214 1630 306 1658 Persis
319 1631 397 1659 facile
411 1632 533 1663 devictis,
550 1639 602 1659 non
615 1631 669 1667 jam
689 1632 803 1666 amplius
821 1633 937 1665 amicus,
953 1633 999 1660 sed

215 1676 339 1711 dominus
355 1677 381 1704 in
398 1685 447 1705 nos
461 1682 619 1706 revertatur.
644 1687 653 1704 )
684 1678 761 1706 Nunc
776 1678 848 1706 enim
866 1685 932 1706 auro
952 1685 999 1706 ac-

215 1727 294 1758 cepto
314 1731 363 1758 pro
380 1724 510 1759 dignitate
537 1731 599 1751 eum
618 1728 772 1751 contentum
797 1730 866 1751 esse.
887 1723 962 1756 Quod
977 1724 1000 1751 si

214 1766 318 1801 Medos,
341 1768 455 1797 Parthos
475 1774 502 1797 et
519 1770 617 1797 Persas
640 1770 786 1802 domuerit,
807 1770 916 1797 minime
937 1777 999 1797 eum

215 1813 397 1842 Romanorum
412 1822 427 1842 a
439 1822 486 1843 suo
499 1816 650 1851 seiunctum
661 1823 772 1851 regnum
786 1823 938 1850 passurum,
953 1815 1000 1843 sed

215 1866 262 1887 eos
275 1860 416 1888 manifesto
431 1868 524 1888 servos
545 1868 611 1888 suos
625 1861 814 1896 |reputantem,
832 1861 923 1895 gravia
948 1861 1001 1888 illis

214 1909 243 1932 et
259 1905 437 1933 intolerabilia
454 1906 647 1940 imperaturum
661 1913 731 1934 esse.
760 1906 882 1941 Dignitas
898 1911 998 1940 autem,

214 1949 291 1984 cujus
308 1950 472 1978 mentionem
495 1950 698 1979 Constantiolus
723 1951 798 1983 fecit,
822 1956 882 1979 erat
899 1952 1001 1979 Romae

215 2002 310 2022 norum
325 1995 491 2022 exercituum
506 1995 592 2028 ducis,
615 2004 696 2031 quam
710 1996 807 2023 Attilas
828 1997 861 2023 ab
882 1997 1000 2031 impera.

215 2044 274 2068 tore
285 2046 436 2076 acceperat,
452 2047 480 2069 et
500 2042 631 2074 stipendia
646 2042 717 2077 ejus,
741 2043 786 2077 qui
801 2043 937 2070 exercitus
957 2050 1001 2070 re-

215 2085 305 2121 gebat,
326 2087 406 2115 missa
419 2088 469 2115 sibi
492 2096 544 2115 non
569 2090 721 2116 recusabat.
752 2089 884 2117 lnnuebat
909 2089 999 2124 igitur,

215 2131 336 2164 Attilam,
356 2132 450 2166 Medis,
465 2133 573 2161 Parthis
586 2139 613 2165 et
625 2134 715 2162 Persis
731 2135 863 2167 subactis,
884 2135 936 2163 hoc
951 2143 1001 2162 no-

217 2183 291 2209 men,
304 2184 356 2211 quo
368 2177 498 2205 Romanis
511 2178 584 2205 illutn
598 2186 694 2207 vocare
709 2179 782 2207 lubet
792 2186 819 2208 et
831 2180 999 2215 dignitatem,

217 2230 298 2258 quam
314 2223 350 2251 illi
365 2224 515 2250 ornamenti
532 2224 591 2252 loco
603 2232 663 2252 esse
684 2225 851 2257 existimant,
872 2225 998 2260 repudia-

219 2272 320 2300 turum,
332 2273 360 2296 et
374 2276 423 2303 pro
438 2269 506 2296 duce
520 2273 675 2296 coacturum
692 2277 738 2297 eos
757 2277 786 2297 se
800 2277 891 2305 regem
909 2270 1000 2304 appel-

218 2313 285 2342 lare.
303 2313 363 2342 Jam
380 2319 435 2341 tum
449 2314 521 2341 enim
536 2314 691 2350 indignatus
705 2315 820 2349 dicebat,
838 2315 891 2343 illis
907 2322 1001 2344 servos

217 2367 278 2387 esse
292 2359 458 2387 exercituum
474 2359 566 2392 duces,
590 2360 642 2387 sibi
659 2368 724 2387 vero
743 2361 814 2388 viros
830 2360 1001 2396 imperatori-

219 2404 271 2433 bus
286 2403 417 2432 Romanis
431 2397 561 2440 dignitate
575 2412 663 2441 pares.
684 2405 717 2432 Et
731 2406 804 2433 brevi
826 2407 933 2441 quidem
950 2407 1000 2435 sibi

219 2451 348 2485 potentiae
364 2451 546 2478 accessionem
567 2450 636 2484 fore,
663 2450 732 2485 quod
756 2455 783 2478 et.
805 2452 883 2485 deus,
907 2451 1002 2480 Martis

221 2503 288 2524 ense
303 2496 329 2524 in
344 2496 430 2524 lucem
445 2501 592 2531 protracto,
609 2497 786 2531 portenderit.
808 2497 856 2524 Hic
878 2503 1003 2532 tanquam

222 2549 300 2570 sacer
316 2547 343 2570 et
355 2543 406 2570 deo
419 2542 551 2570 bellorum
567 2543 672 2577 praesidi
688 2543 837 2575 dedicatus,
861 2551 876 2570 a
891 2543 1004 2578 Scytha-

222 2595 282 2615 rum
299 2588 408 2624 regibus
418 2588 481 2616 olirn
503 2586 654 2622 colebatur,
674 2592 701 2615 et
719 2589 810 2616 multis
823 2589 936 2622 :sazculis
951 2597 1003 2616 non

223 2633 308 2667 visus,
323 2633 399 2661 bovis
412 2633 561 2662 ministerio
579 2633 666 2661 fuerat
682 2639 744 2661 tunc
761 2635 887 2669 temporis
900 2639 1002 2662 erutus.

1046 273 1096 299 της
1113 263 1194 297 εἶναι,
1207 265 1273 292 ἀλλὰ
1294 265 1376 293 πάλαι
1398 266 1428 297 ἐς
1446 265 1530 301 αὐτὴν
1555 267 1765 302 ἐμϐεϐληκέναι,
1796 268 1836 294 λι-

1049 309 1099 344 μοῦ
1112 318 1142 336 τε
1158 310 1208 345 τὴν
1224 310 1316 345 χώραν
1333 306 1530 346 κρατήσαντος,
1555 312 1603 337 καὶ
1626 312 1769 346 Ῥωμαίων
1790 313 1835 339 διὰ

1047 355 1092 381 τὸν
1110 355 1171 381 τότε
1187 356 1382 390 συνιστάμενον
1405 356 1523 390 πόλεμον
1551 357 1588 391 μὴ
1614 357 1834 391 συμὸαλλόντων.

1047 395 1266 436 Παρεληλυθέναι
1288 401 1316 428 δὲ
1341 403 1369 433 ἐς
1385 402 1434 436 τὴν
1455 402 1554 437 Μήδων
1567 402 1613 428 τόν
1633 411 1662 429 τε
1688 403 1773 437 Βασὶχ
1789 406 1837 430 καὶ

1047 446 1170 481 Κουρσὶχ
1193 447 1255 477 τοὺς
1285 446 1398 481 ὕστερον
1415 447 1443 477 ἐς
1469 446 1518 481 τὴν
1540 446 1648 481 Ῥώμην
1672 447 1836 482 ἐληλυθότας

1048 493 1087 523 εἰς
1101 492 1263 527 ὁμαιχμίαν,
1284 492 1384 526 ἄνδρας
1410 491 1464 518 τῶν
1490 491 1633 526 βασιλείων
1650 492 1759 518 Σκυθῶν
1788 493 1836 519 καὶ

1049 538 1146 564 πολλοῦ
1159 538 1279 573 πλήθους
1307 537 1451 572 ἄρχοντας.
1481 538 1534 563 Καὶ
1549 538 1612 569 τοὺς
1638 538 1836 573 διαϐεϐηκότας

1048 583 1148 617 λέγειν,
1161 582 1198 615 ὡς
1213 583 1314 618 ἔρημον
1326 583 1493 613 ἐπελθόντες,
1505 582 1598 618 χώραν
1611 584 1655 609 καὶ
1667 584 1764 619 λίμνην
1775 585 1837 611 τινὰ

1049 627 1259 663 περαιωθέντες,
1286 627 1320 663 ἢν
1347 629 1361 654 ὁ
1382 628 1519 662 Ῥωμύλος
1542 627 1590 662 τὴν
1618 628 1740 654 Μαιῶτιν
1764 627 1837 656 εἶναι

1049 673 1128 709 ᾤετο,
1145 674 1224 700 πέντε
1238 673 1286 700 καὶ
1301 673 1368 700 δέκα
1385 673 1586 707 διαγενομένων
1600 673 1711 709 ἡμερῶν
1728 674 1779 709 ὅρη
1794 683 1837 700 τι-

1049 719 1082 746 νὰ
1097 719 1264 754 ὑπερὸάντες
1277 720 1306 751 ἐς
1323 719 1371 755 τὴν
1393 719 1518 754 Μηδικὴν
1537 719 1675 747 ἐσέϐαλον.
1701 721 1837 755 Ληῐζομέ-

1050 773 1105 797 νοις
1125 764 1153 791 δὲ
1167 765 1216 791 καὶ
1229 764 1279 800 τὴν
1295 764 1347 799 γῆν
1375 765 1574 800 κατατρέχουσι
1587 765 1688 800 πλῆθος
1702 766 1838 800 Περσικὸν

1048 809 1163 838 ἐπελθὸν
1177 810 1223 837 τὸν
1235 809 1310 844 σφῶν
1323 809 1519 844 ὑπερκείμενον
1536 809 1605 844 ἀέρα
1621 810 1722 843 πλῆσαι
1737 810 1836 845 βελῶν,

1049 856 1120 884 ὥστε
1131 856 1200 890 σφᾶς
1212 855 1267 882 δέει
1275 854 1321 881 τοῦ
1335 855 1514 889 κατασχόντος
1523 854 1647 880 κινδύνου
1659 855 1838 890 ἀναχωρῆσαι

1051 903 1091 934 είς
1103 902 1223 928 τούπίσω
1242 901 1289 928 καὶ
1304 901 1338 927 τὰ
1350 900 1401 935 ὅρη
1421 900 1588 932 ὑπεξελθεῖν.
1604 900 1701 935 ὀλίγην
1719 901 1838 934 ἄγοντας

1050 947 1177 982 λείαν·ή
1208 946 1262 981 γὰρ
1286 946 1399 982 πλείστη
1419 946 1471 973 ὑπὸ
1495 946 1549 972 τῶν
1576 946 1675 982 Μήδων
1700 946 1837 982 ἀφῄρητο.

1050 991 1272 1026 Εὐλαόουμένους
1285 991 1313 1018 δὲ
1326 991 1376 1027 τὴν
1390 991 1444 1018 τῶν
1471 991 1609 1027 πολεμίων
1632 992 1722 1024 δίωξιν
1741 993 1840 1027 ἑτέραν

1050 1038 1186 1074 τραπῆναι
1199 1037 1268 1070 ὁδὸν,
1286 1038 1334 1064 καὶ
1352 1037 1421 1073 μετά
1437 1037 1487 1073 τὴν
1501 1039 1534 1064 ἐκ
1548 1038 1596 1072 τῆς
1618 1038 1719 1072 ὑφάλου
1732 1038 1839 1073 πέτρας

1051 1084 1255 1119 ἀναφερομένην
1268 1084 1290 1099 ⁸⁸
1302 1083 1389 1118 φλόγα
1404 1084 1507 1110 ἐκεῖθεν
1526 1083 1752 1119 πορευθέντας-η.
1769 1084 1839 1118 ἡμε-

1052 1129 1107 1165 ρῶν
1122 1129 1181 1156 ὁδὸν
1204 1129 1232 1160 ὲς
1256 1129 1292 1156 τὰ
1317 1129 1403 1156 οἰκεῖα
1421 1129 1579 1163 ἀφικέσθαι,
1608 1132 1655 1156 καὶ
1677 1130 1789 1163 γνῶναι,
1806 1130 1837 1155 οὗ

1051 1174 1140 1210 πολλῷ
1154 1175 1319 1209 διαστήματι
1329 1174 1384 1201 τῶν
1399 1175 1498 1210 Μήδων
1513 1175 1662 1209 ἀφεστάναι
1673 1176 1723 1211 τὴν
1733 1176 1754 1192 "
1769 1177 1838 1202 Σκυ-

1052 1220 1142 1253 θικήν.
1169 1220 1220 1246 Τὸν
1238 1219 1284 1246 οὖν
1306 1219 1436 1254 Ἀττήλαν
1449 1219 1492 1246 ἐπ’
1515 1220 1599 1256 αὐτὴν
1614 1221 1636 1237 ⁸⁸
1664 1221 1731 1248 ἰέναι
1746 1221 1838 1256 βουλό-

1052 1274 1131 1301 μενον
1145 1266 1175 1292 ού
1189 1267 1319 1300 πονήσειν
1338 1266 1433 1299 πολλὰ,
1445 1265 1507 1292 οὗτε
1524 1266 1632 1301 μακρὰν
1645 1267 1755 1294 ἀνύσειν
1765 1267 1837 1297 ὁδὸν.

1051 1311 1121 1338 ὥστε
1138 1313 1185 1339 καὶ
1214 1313 1322 1347 Μήδους
1339 1312 1386 1338 καὶ
1410 1313 1534 1348 Πάρθους
1559 1314 1606 1340 καὶ
1625 1314 1732 1349 Πέρσας
1748 1322 1840 1349 παρα-

1052 1358 1199 1392 στήσεσθαι
1222 1357 1244 1373 ⁶⁹
1263 1358 1310 1383 καὶ
1327 1358 1494 1391 ἀναγκάσειν
1521 1358 1607 1384 ἐλθεῖν
1629 1359 1657 1390 ἐς
1679 1359 1762 1394 φόρου
1782 1359 1838 1385 ἀπ-

1052 1404 1163 1439 αγωγήν
1177 1412 1185 1419 ·
1200 1404 1326 1438 παρεῖναι
1345 1403 1399 1438 γὰρ
1414 1403 1487 1438 αὺτῷ
1502 1404 1620 1439 μάχιμον
1650 1404 1778 1438 δύναμιν,
1801 1403 1837 1440 ήν

1052 1449 1127 1475 οὐδὲν
1151 1449 1226 1480 ἔθνος
1245 1449 1439 1483 ὑποστήσεται.
1473 1449 1566 1484 Ἡμῶν
1581 1450 1609 1476 δὲ
1633 1450 1703 1476 κατά
1723 1450 1838 1485 Περσῶν

1053 1494 1139 1520 ἐλθεῖν
1154 1494 1235 1520 αὑτὸν
1259 1494 1453 1530 ὲπευξαμένων
1468 1495 1517 1522 καὶ
1540 1495 1583 1521 ἐπ’
1597 1495 1717 1526 ἐκείνους
1738 1495 1838 1530 τρέψαι

1052 1539 1097 1567 τὸν
1109 1540 1236 1574 πόλεμον,
1247 1540 1261 1566 ὁ
1270 1539 1580 1575 Κωνσταντίολοςξέλεγε
1595 1540 1709 1567 δεδιέναι
1723 1541 1759 1576 μή
1771 1549 1837 1567 ποτε

1051 1586 1099 1612 καὶ
1114 1585 1222 1621 Πέρσας
1238 1586 1336 1620 ῥᾳδίως
1353 1586 1598 1621 παραστησάμενος
1616 1586 1676 1612 ἀντὶ
1689 1586 1767 1620 φίλου
1794 1585 1836 1612 δε-

1052 1630 1152 1665 σπότης
1165 1629 1306 1664 ἐπανήξει.
1318 1629 1374 1656 Νῦν
1389 1630 1438 1664 μὲν
1450 1630 1504 1665 γὰρ
1515 1630 1545 1657 τὸ
1559 1630 1668 1665 χρυσίον
1676 1629 1836 1664 κομίζεσθαι

1051 1676 1115 1711 παρ’
1134 1675 1222 1702 αὐτῶν
1239 1676 1261 1691 ⁷⁰
1276 1677 1325 1710 τῆς
1344 1677 1423 1709 ἀξίας
1443 1677 1525 1704 ἕνεκα
1539 1685 1547 1692 ·
1563 1677 1587 1703 εί
1601 1676 1630 1703 δὲ
1644 1677 1690 1703 καὶ
1713 1675 1838 1711 Πάρθους

1051 1722 1097 1748 καὶ
1113 1722 1220 1757 Μήδους
1237 1722 1283 1749 καὶ
1297 1723 1403 1758 Πέρσας
1422 1723 1637 1758 παραστήσοιτο,
1660 1723 1751 1749 οὐκέτι
1771 1722 1838 1748 Ῥω⁹

1052 1767 1140 1802 μαίων
1165 1767 1308 1800 ἀνέξεσθαι
1324 1768 1374 1804 τὴν
1405 1768 1486 1794 αὑτοῦ
1511 1768 1711 1803 νοσφιζομένων
1737 1767 1837 1802 ἀρχὴν,

1050 1814 1118 1840 ἀλλὰ
1135 1813 1304 1848 θεράποντας
1334 1814 1491 1848 περιφανῶς
1515 1814 1688 1848 ἡγησάμενον
1712 1813 1839 1848 χαλεπώ-

1050 1867 1116 1893 τερα
1129 1858 1267 1891 ἐπιτάξειν
1283 1858 1330 1884 καὶ
1345 1859 1395 1884 οὐκ
1407 1858 1508 1884 ἀνεκτὰ
1523 1858 1637 1889 ἐκείνοις
1652 1858 1837 1892 ἐπιτάγματα.

1050 1902 1104 1931 Ἦν
1115 1904 1143 1931 δὲ
1159 1905 1232 1937 ἀξία,
1246 1902 1280 1940 ἧς
1295 1905 1310 1930 ό
1327 1904 1543 1934 Κωνσταντίολος
1553 1904 1723 1939 ἐπεμνήσθη.
1738 1912 1837 1938 στρατ-

1051 1950 1118 1985 ηγοῦ
1149 1950 1292 1985 Ῥωμαίων
1306 1969 1314 1982 ,
1343 1948 1378 1985 ἧς
1403 1950 1482 1985 χάριν
1498 1950 1512 1976 ὁ
1527 1949 1657 1984 ’Δττήλας
1669 1949 1742 1983 παρὰ
1762 1949 1839 1983 βασι-

1051 1995 1118 2027 λέως
1141 1996 1262 2022 ὲδέδεκτο
1287 1995 1334 2022 τοῦ
1348 1995 1370 2012 ⁷³
1381 1996 1436 2026 τοῖς
1454 1996 1616 2030 στρατηγοῖς
1634 1994 1837 2029 χορηγουμένου

1051 2043 1099 2075 τὰς
1122 2041 1262 2075 συντάξεις
1278 2042 1479 2077 ἐκπέμπεσθαι.
1502 2042 1613 2076 Ἔλεγεν
1625 2039 1671 2068 οὖν
1690 2042 1759 2076 μετά
1773 2041 1839 2076 Μή-

1050 2091 1110 2122 δους
1124 2091 1171 2117 καὶ
1186 2090 1309 2125 Πάρθους
1323 2090 1370 2116 καὶ
1385 2089 1494 2123 Πέρσας
1517 2088 1596 2115 τοῦτο
1610 2087 1753 2122 τίνδνομα,
1768 2088 1839 2123 ὅπερ

1051 2134 1132 2161 αὑτὸν
1149 2133 1287 2168 βούλονται
1313 2132 1444 2167 Ῥωμαῖοι
1473 2131 1576 2164 καλεῖν,
1602 2131 1649 2158 καὶ
1675 2131 1724 2166 τὴν
1748 2130 1838 2163 ἀξίαν,

1051 2175 1069 2215 ᾖ
1081 2179 1160 2206 αὑτὸν
1170 2177 1345 2212 τετιμηκέναι
1353 2176 1520 2210 νομίζουσιν.
1532 2175 1748 2210 ἀποσεισάμενον
1757 2175 1839 2208 ἀναγ-

1015 2221 1037 2250 D
1051 2224 1146 2250 κάσειν
1159 2223 1181 2239 ⁷¹
1213 2223 1282 2257 σφᾶς
1297 2222 1358 2249 ἀντὶ
1386 2221 1541 2257 στρατηγοῦ
1567 2221 1681 2257 βασιλέα
1700 2228 1840 2256 προσαγο-

1053 2269 1151 2305 ρεύειν.
1169 2269 1239 2304 Ἤδη
1255 2268 1309 2303 γὰρ
1324 2270 1372 2295 καὶ¹
1387 2267 1587 2303 χαλεπαίνοντα
1598 2268 1695 2299 εἰπεῖν,
1712 2266 1750 2298 ὡς
1763 2265 1839 2293 ὲκεί-

1051 2324 1090 2351 νῳ
1106 2316 1155 2350 μὲν
1180 2315 1206 2341 οῑ
1219 2314 1301 2341 αὑτοῦ
1325 2314 1490 2349 θεράποντές
1516 2314 1568 2340 εισι
1587 2313 1746 2348 στρατηγοὶ,
1764 2311 1840 2347 αὐτῷ

1051 2360 1080 2387 δὲ
1096 2361 1121 2387 οἱ
1135 2362 1190 2391 τοῖς
1200 2360 1222 2376 ⁷³
1236 2359 1407 2395 βασιλεύουσι
1433 2359 1440 2368 ¹
1453 2359 1588 2394 Ρωμαίων
1603 2358 1739 2393 ὁμότιμοι.
1758 2357 1840 2383 Ἐσε-

1054 2406 1117 2433 σθαι
1135 2406 1164 2432 δὲ
1184 2405 1234 2431 οὐκ
1249 2406 1287 2436 είς
1311 2404 1420 2440 μακρὰν
1438 2405 1486 2439 τῆς
1520 2404 1660 2439 παρούσης
1673 2403 1747 2438 αὐτῷ
1761 2403 1843 2430 δυνά-

1055 2461 1125 2487 μεως
1141 2451 1253 2487 αὔξησιν
1269 2459 1274 2466 ·
1291 2451 1433 2487 σημαίνειν
1446 2451 1469 2466 ⁷⁵
1487 2451 1534 2478 καὶ
1547 2451 1568 2467 ⁷⁵
1580 2450 1659 2477 τοῦτο
1673 2450 1720 2477 τὸν
1732 2449 1798 2476 Θεὸν
1810 2450 1842 2476 τὸ

1052 2498 1098 2524 τοῦ
1119 2497 1215 2533 Ἀρεος
1231 2498 1407 2532 ἀναφήναντα
1425 2497 1510 2531 ξίφος,
1543 2497 1611 2532 ὅπερ
1636 2496 1666 2523 δν
1693 2496 1765 2530 ἱερὸν
1794 2496 1842 2522 καὶ

1055 2543 1130 2579 παρὰ
1144 2544 1197 2570 τῶν
1212 2543 1353 2570 Σκυθικῶν
1375 2543 1508 2578 βασιλέων
1520 2542 1685 2578 τιμώμενον,
1699 2539 1744 2568 οἶα
1757 2541 1788 2576 δὴ
1802 2541 1843 2576 τῷ

1054 2590 1144 2624 ἑφόρῳ
1168 2589 1223 2616 τῶν
1247 2589 1372 2623 πολέμων
1401 2588 1591 2623 ἀνακείμενον,
1616 2589 1645 2614 ὲν
1669 2589 1725 2619 τοῖς
1756 2587 1842 2614 πάλαι

1054 2634 1235 2669 ἀφανισθῆναι
1248 2634 1363 2669 χρόνοις,
1377 2632 1436 2661 εἶτα
1463 2634 1508 2660 διὰ
1531 2634 1591 2669 βοὸς
1607 2633 1764 2670 εὑρεθῆναι.

870 2699 987 2728 VARI/ﬁ
1006 2700 1209 2728 LEGTlONES.

256 2761 278 2777 “
294 2761 407 2796 ἀναφερ.
418 2760 463 2793 Ν.,
478 2761 609 2795 ἀναφλεγ.
630 2761 714 2822 vulgi.
728 2760 868 2795 ἀναπεμπ.
882 2760 914 2787 H.
951 2761 972 2776 "
987 2769 998 2787 1

256 2796 411 2822 στήσασθαι
427 2796 500 2822 νυΙιι.
536 2796 558 2812 ⁷⁰
575 2796 662 2821 αὐτῶν
707 2796 811 2822 ..αὐτῶ
824 2797 895 2822 νιιια.
929 2796 951 2812 ⁷¹
965 2797 998 2822 tol

1052 2761 1090 2787 M.
1104 2775 1138 2780 ——
1149 2761 1197 2800 τῆς
1212 2760 1346 2793 Σκυθικῆς
1372 2759 1445 2794 conj.
1462 2758 1495 2786 N.
1517 2759 1538 2775 ⁸⁸
1553 2760 1651 2790 αὐτοὺς
1677 2759 1731 2786 vel.
1752 2760 1773 2776 θ’
1791 2767 1844 2785 πα-

1052 2816 1070 2822 ..
1091 2796 1121 2821 τὸ
1145 2805 1190 2821 του
1206 2796 1277 2822 vulg.
1316 2796 1338 2810 ⁷¹
1349 2794 1516 2822 ἀναγκάσειν
1533 2794 1576 2822 Ν..
1597 2795 1755 2822 ἀναγκάσας
1772 2794 1843 2822 Vulg.

225 2796 411 2830 ραστήσασθαι
427 2796 500 2831 vulg.
536 2796 558 2812 ⁷⁰
575 2796 662 2831 αὐτῶν

719 2794 895 2830 ,αὐτῷννιιιθ
929 2796 951 2812 ⁷¹
965 2796 1011 2822 τοῦ
1025 2794 1070 2828 Ν.,
1091 2796 1121 2821 τὸ
1145 2794 1190 2821 τοῦ
1206 2796 1277 2829 vulg.

1178 2782 1193 2821 δ’
1206 2796 1277 2828 vulg.
1316 2782 1516 2827 ττάναγῖιάσειν
1533 2794 1576 2826 Ν.,
1597 2782 1755 2827 ἀναγκάσας
1772 2794 1843 2828 Vulg.

224 2829 247 2866 Ϊλ
263 2831 287 2857 οἱ
301 2829 357 2862 τοῖς
371 2831 432 2864 βασ.
449 2829 492 2862 BI,
508 2831 538 2866 ού
558 2831 613 2861 τοῖς
628 2830 688 2865 βασ.
712 2831 782 2865 vulg.
798 2829 802 2830 ν
822 2832 844 2847 ⁷⁵
861 2829 1003 2866 σημαίνειν
1018 2845 1051 2851 ——
1069 2832 1249 2866 d‘la?ﬁvav‘.1
1268 2830 1296 2857 ll.
1308 2851 1314 2863 ,
1337 2830 1497 2864 συμὸαίνειν
1516 2845 1550 2849 -
1566 2829 1751 2864 ἀναφήναντος
1772 2829 1843 2864 vulg.

223 2865 245 2883 "
255 2865 283 2893 δὲ
297 2873 345 2901 pro
362 2866 407 2891 mi.
422 2866 493 2899 conj.
513 2864 545 2890 Ν.
