1951 3074
138 130 192 162 ’137

514 128 563 158 DE
584 127 866 159 LEGATIONIBUS
883 126 1128 158 ROMANORUM
1148 128 1197 158 AD
1216 128 1374 159 GENTES.

1705 129 1759 160 738

176 185 229 212 Καὶ
251 184 366 212 ἑκάστου
382 183 471 217 λέγειν
484 178 589 218 τίπερὶ
601 183 654 210 τῶν
669 183 847 209 καθεστώτων
864 182 925 216 βου,

1007 183 1081 210 'Dum
1097 183 1133 211 ita
1152 184 1185 212 de
1202 185 1326 219 praesenti
1344 192 1432 212 rerum
1454 189 1525 212 statu
1543 185 1759 220 confabulamur,

138 230 264 265 λομένου,
281 229 441 263 Ὀνηγησίου
458 227 661 260 ὐπεξελθόντος,
676 228 749 263 παρ’
764 228 845 255 αὑτὸν
874 229 922 263 ήλ-

140 275 233 310 θομεν,
257 275 303 301 καὶ
320 273 497 309 ἐπειρώμεθα
521 274 585 309 περὶ
609 273 663 300 τῶν
693 274 924 309 ἐσπουδασμένων

142 320 298 356 μανθάνειν.
308 319 336 346 Ὀ
345 319 373 346 δέ
386 328 439 346 τισι
455 320 586 355 πρότερον
599 319 751 355 [ϐαρϐάροις
761 320 922 355 διαλεχθεὶς,

139 365 271 392 πυθέσθαι
290 374 323 400 με
336 366 412 401 παρὰ
425 365 577 400 Μαξιμίνου
597 367 731 401 ἐπέτρεπε
760 366 820 392 τίνα
859 367 926 393 Ῥω-

141 412 217 445 μαῖοι
247 411 331 446 ἄνδρα
345 411 399 437 τῶν
430 411 571 438 ὑπατικῶν
600 412 676 446 παρὰ
700 411 745 438 τὸν
785 411 923 446 Ἀττήλαν

140 456 356 492 πρεσϐευόμενον
369 456 530 483 στέλλουσιν.
547 456 590 488 Ὠς
608 456 636 483 δὲ
659 456 800 494 παρελθὼν
814 458 854 488 εἰς
875 457 925 492 τὴν

141 503 242 538 σκηνὴν
265 502 395 538 ἔφραζον,
432 501 502 538 ἅπερ
535 502 627 538 εἰρητὸ
658 511 714 537 μοι,
741 503 813 530 καὶό
841 512 867 530 τι
886 503 926 530 δεῖ

139 547 229 582 λέγειν
251 544 288 574 ὧν
315 548 396 583 χάριν
424 549 438 574 ὁ
457 548 598 583 Βάρὸαρος
620 548 700 584 ἡμῶν
729 548 845 575 ἐπύθετο
867 549 926 584 ἅμα

138 593 177 627 τῷ
204 593 350 628 Μαξιμίνῳ
390 593 603 628 βουλευσάμενος
632 593 782 628 ἐπανῆλθον
818 594 855 625 ὼς
880 594 925 620 τὸν

145 640 314 674 Ὀνηγήσιον,
337 639 434 673 λέγων,
451 639 489 671 ὡς
509 639 630 666 ἐθέλουσι
655 640 704 674 μὲν
731 640 860 675 Ῥωμαῖοι
877 640 926 667 αὒ-

139 685 185 711 τέιν
213 685 236 700 ⁷⁸
252 686 327 720 παρα
350 685 420 719 σφᾶς
443 685 553 711 ἐλθόντα
584 685 638 711 τῶν
664 685 822 720 ἀμφιϐόλων
845 685 925 712 ἕνεκα

138 729 320 764 διαλέγεσθαι,
345 730 369 756 εἰ
394 729 422 756 δέ
438 729 534 756 τούτου
560 730 747 765 διαμάρτοιεν,
773 731 927 766 ἐκπέμψειν

140 775 252 811 βασιλέα
260 776 288 801 ὃν
302 775 424 811 βούλεται
441 775 685 810 πρεσϐευσάμενον.
697 776 752 803 Καὶ
764 775 844 807 εὐθὺς
861 785 926 811 μετ-

142 822 212 848 ιέναι
236 821 322 855 μετὸν
346 821 498 856 Μαξιμῖνον
521 821 750 856 παρεκελεύσατο,
765 822 811 848 καὶ
825 822 926 856 ἥκοντα

976 228 1125 264 Onegesius
1136 229 1208 257 l‘oras
1223 231 1332 263 prodiit,
1347 231 1380 256 ad
1393 238 1484 264 quem,
1499 234 1528 258 ut
1542 237 1574 258 ex
1593 238 1626 258 eo
1641 230 1760 258 discere-

976 283 1044 307 mus,
1060 282 1119 309 qure
1134 279 1234 302 nostra:
1253 283 1324 303 cura:
1342 277 1485 303 commissa
1500 276 1620 308 fuerant,
1643 278 1762 304 accessi-

976 327 1045 347 mus.
1067 319 1113 348 lllo
1135 328 1200 347 vero
1222 321 1296 355 prius
1318 328 1378 348 cum
1402 323 1492 348 nescio
1514 322 1614 356 quibus
1630 321 1760 350 Barbaris

975 365 1132 397 collocutus,
1157 373 1277 400 quaerere
1298 374 1339 392 me
1360 373 1393 392 ex
1410 366 1556 394 Maximino
1572 367 1663 402 jussit,
1680 375 1760 402 quem

975 408 1088 436 Romani
1102 417 1134 436 ex
1148 410 1336 437 consularibus
1353 411 1468 446 legatum
1488 412 1520 438 ad
1536 412 1646 439 Attilam
1668 417 1761 440 essent

975 455 1096 482 missuri.
1119 455 1151 483 Ut
1174 456 1200 483 in
1223 456 1368 483 tentoriqu
1392 456 1462 490 veni,
1479 461 1506 484 et
1521 457 1678 491 Maximino,
1701 466 1761 493 qua:

975 500 1040 527 mihi
1055 500 1204 535 Ottegesius
1225 501 1340 535 dixerat,
1364 502 1453 534 retuli,
1467 502 1559 529 habita
1577 504 1610 530 de
1624 510 1668 536 eo,
1689 504 1762 538 quod

975 546 1101 573 Barbaris
1118 546 1334 581 respondendum
1351 553 1433 581 esset,
1452 548 1655 580 deliberatione,
1681 549 1761 582 redii,

975 592 1084 627 dixique
1097 591 1240 627 Onegesio,
1257 592 1394 621 Romanos
1411 601 1573 628 magnopere
1594 593 1761 626 desiderare,

974 637 1050 664 illum
1066 645 1176 664 suarum
1192 645 1252 665 cum
1268 638 1349 664 Attila
1364 639 1611 665 controversiarum
1627 639 1762 673 discepta-

977 688 1061 710 torem
1082 683 1115 710 ad
1129 690 1159 710 se
1173 683 1311 710 accedere.
1332 682 1390 716 Qua
1409 690 1458 717 spe
1484 684 1506 709 si
1522 682 1684 714 exciderint,
1708 683 1760 714 ita-

976 730 1139 760 peratorem,
1155 733 1234 761 quem
1250 727 1301 754 sibi
1323 727 1441 760 libuerit,
1464 727 1578 762 legatum
1603 727 1759 763 missurum.

976 771 1118 806 Extemplo
1144 778 1186 800 me
1207 772 1379 800 Maximinum
1393 780 1530 801 arcessere
1548 773 1639 808 jussit,
1667 781 1759 808 quem,

977 822 1007 844 ut
1021 817 1103 849 venit,
1118 818 1150 844 ad
1166 818 1276 845 Attilam
1296 819 1416 846 deduxit.
1438 819 1513 846 Unde
1533 827 1585 846 non
1601 819 1686 846 multo
1700 825 1762 854 post

141 867 222 893 αὑτὸν
241 865 292 902 ἦγε
317 866 391 902 παρὰ
414 867 459 893 τὸν
492 866 702 902 ’Δττήλαν.Καὶ
729 867 826 902 μικρὸν
842 867 920 894 ὓστε-

978 863 1137 890 lllaximinus
1148 871 1283 896 reversus,
1296 864 1427 896 narravit,
1434 864 1580 893 Barbarum
1589 866 1665 898 velle,
1677 866 1763 901 impe-

123 914 127 916 ’
141 922 187 950 ρον
197 914 349 946 ὑπεξελθὼν
357 915 370 940 ὁ
380 913 529 949 Μαειμϊνος
537 914 640 948 ἔλεγεν,
655 914 757 940 ἐθέλειν
768 915 811 940 τὸν
821 914 927 949 Βάρὸαι

141 968 186 994 ρον
197 960 286 994 Νόμον
299 960 314 994 ἢ
333 959 482 986 ’Δνατόλιον
493 960 653 996 ἢΣενάτορα
661 959 870 995 πρεσϐεύεσθαι·
889 960 926 995 μὴ

139 1005 192 1041 γὰρ
205 1005 237 1031 ἂν
248 1005 325 1032 ἄλλον
340 1006 415 1042 παρὰ
425 1006 486 1037 τοὺς
502 1005 661 1041 εἰρημένους
675 1005 799 1038 δέξεσθαι
823 1006 856 1032 ⁷⁷.
873 1006 928 1032 Καὶ

138 1050 175 1081 ὡς
190 1050 271 1076 αὑτοῦ
287 1051 503 1086 ἀποκριναμένου
529 1051 566 1086 μὴ
594 1051 692 1086 χρῆναι
709 1051 755 1077 ἐπὶ
781 1051 831 1085 τὴν
859 1059 927 1086 πρε-

141 1095 234 1123 σϐείαν
243 1096 302 1127 τοὺς
312 1097 411 1132 ἄνδρας
421 1096 556 1122 καλοῦντα
566 1096 702 1128 ὑπόπτους
710 1097 840 1133 καθιστᾷν
850 1097 927 1132 βασι-

140 1140 194 1172 λεῖ,
210 1141 350 1175 εἰρηκέναι
366 1141 411 1167 τὸν
425 1141 569 1175 ’Δττήλαν,
585 1141 610 1167 εἰ
627 1141 664 1176 μὴ
679 1142 780 1168 ἕλοιντο
792 1144 891 1175 ποιεῖν,
908 1143 926 1170 ἃ

142 1187 275 1222 βούλεται,
284 1187 376 1219 ὅπλοις
384 1187 418 1213 τὰ
431 1187 567 1222 ἀμφίϐολα
581 1187 816 1223 διακριθήσεσθαι.
830 1189 928 1215 Ἐπαν-

140 1234 271 1260 ελθόντων
300 1233 327 1259 δὲ
345 1234 424 1269 ἡμῶν
450 1236 478 1266 ἐς
502 1234 550 1268 τὴν
569 1234 706 1270 σκηνὴν,ό
720 1234 766 1260 τοῦ
798 1235 927 1268 Ὀρέστου

141 1280 233 1316 πατὴρ
261 1277 311 1315 ἧκε
326 1280 423 1314 λέγων,
443 1280 480 1312 ὡς
500 1280 682 1315 Ἀμφοτέρους
697 1281 769 1316 ὑμᾶς
793 1281 816 1296 ⁷⁸
833 1281 928 1316 Ἀττή-

141 1326 190 1357 λας
217 1326 263 1352 ἐπὶ
287 1326 316 1352 τὸ
345 1327 494 1362 συμπόσιον
520 1326 871 1362 παρακαλεῖνγενήσεσθαι
900 1327 928 1353 δὲ

142 1373 209 1399 αὐτὸ
234 1372 294 1408 περῒ
319 1372 341 1399 θ’
355 1373 404 1408 τῆς
426 1373 546 1408 ἡμέρας.
582 1372 626 1404 Ὠς
642 1372 670 1400 δὲ
680 1372 726 1399 τὸν
738 1373 834 1407 καιρὸν
862 1374 928 1407 ἐφυ-

141 1417 261 1452 λάξαμεν
291 1418 339 1444 καὶ
362 1418 408 1444 ἐπὶ
435 1418 465 1444 τὸ
493 1418 598 1444 δεῖπνον
625 1417 769 1452 κληθέντες
803 1425 924 1452 παρεγει-

141 1461 243 1496 νόμεθα
254 1463 333 1497 ἡμεῖς
355 1470 385 1488 τε
414 1462 458 1489 καὶ
489 1463 514 1488 οἰ
542 1462 595 1489 ἀπὸ
615 1462 668 1489 τῶν
693 1462 827 1497 ἐσπερῖων
864 1463 927 1488 Ῥω-

143 1507 230 1542 μαίων
259 1507 398 1542 πρέσϐεις,
429 1508 547 1542 ἔστημεν
588 1508 634 1534 ἐπὶ
661 1507 708 1534 τοῦ
741 1507 819 1534 οὐδοῦ
848 1508 963 1551 ἀντίας

141 1553 265 1589 ’Δττήλα.
296 1553 351 1580 Καὶ
370 1554 467 1581 κύλικα
490 1555 512 1570 ⁷⁹
535 1555 560 1581 οἰ
575 1555 688 1589 οἰνοχόοι
721 1554 791 1580 κατὰ
815 1554 846 1580 τὸ
864 1555 924 1580 ἑπι-

142 1599 241 1634 χὼριον
266 1599 397 1626 ἐπέδοσαν
414 1599 483 1632 ἔθος,
502 1600 539 1631 ὡς
553 1600 600 1626 καὶ
621 1600 695 1634 ἡμᾶς
710 1599 764 1634 πρὸ
777 1599 825 1633 τῆς
846 1599 927 1634 ἕδρας

141 1645 317 1679 ἐπεύξασθαι.
331 1643 369 1673 Ob
385 1646 416 1681 δὴ
436 1645 596 1681 γενομένου,
609 1646 660 1680 τῆς
676 1645 786 1676 κύλικος
802 1646 922 1678 ἀπογευ-

142 1692 252 1726 σάμενοι
264 1692 310 1718 ἐπὶ
323 1691 385 1723 τοὺς
398 1692 507 1727 θρόνους
521 1692 647 1727 ἤλθομεν,
667 1688 698 1716 οὗ
711 1691 763 1717 ἔδει
780 1690 927 1716 καθεσθέν-

141 1744 189 1768 uc
198 1737 328 1764 δειπνεῖν.
341 1738 411 1772 Πρὸς
422 1738 449 1764 δέ
459 1739 515 1768 τοῖς
527 1737 625 1772 τοίχοις
634 1737 680 1763 τοῦ
688 1737 837 1771 οἰκήματος
855 1736 925 1762 πάν-

140 1791 186 1814 τες
214 1783 337 1818 ὑπῆρχον
366 1783 391 1809 οἱ
418 1783 508 1819 δίφροι
527 1782 558 1815 ἐξ
576 1783 710 1817 ἑκατέρας
730 1782 861 1816 πλευρᾶς.
883 1781 927 1807 Ἐν

144 1830 294 1865 μισωτάτῳ
326 1829 354 1856 δέ
367 1827 434 1865 ἦστο
459 1829 505 1855 ἐπὶ
530 1828 624 1864 κλίνης
649 1828 816 1862 ὁἈττήλας,
832 1826 929 1862 ἐτέρας

142 1874 285 1906 ἐξόπισθεν
301 1875 394 1907 κλίνης
408 1875 584 1910 ὑπαρχούσης
595 1873 679 1909 αὐτῷ,
689 1873 739 1908 μεθ
748 1873 754 1883 “
767 1873 800 1907 ἢν
829 1871 928 1907 βαθμοί

142 1928 213 1952 τινες
222 1921 268 1947 ἐπὶ
284 1921 333 1956 τὴν
341 1921 422 1947 αὑτοῦ
432 1921 532 1955 ἀνῆγον
543 1920 634 1954 εὐνὴν,
650 1918 859 1952 καλυπτομένην
871 1916 929 1943 ὀθό-

145 1975 205 1997 ναις
223 1967 270 1992 καί.
301 1966 432 1997 ποικίλοις
453 1965 684 2000 παραπετάσμασι
715 1964 816 1998 κόσμου
838 1963 927 1997 χάριν,

145 2012 270 2047 καθάπερ
288 2012 333 2038 ἐπὶ
355 2012 408 2038 τῶν
420 2011 579 2047 γαμούντων
593 2009 721 2044 Ἔλληνές
750 2017 780 2035 τε
796 2009 842 2034 καὶ
861 2008 929 2034 Ῥω-

145 2061 219 2094 μαῖοι
238 2058 484 2091 κατασκευάζουσι.
519 2059 573 2085 Καὶ
595 2058 705 2093 πρώτην
727 2057 776 2092 μέν
804 2055 929 2090 ἐνόμιζον

143 2106 197 2133 τῶν
223 2106 403 2133 δειπνούντων
426 2105 503 2137 τάξιν
529 2105 578 2140 τὴν
591 2105 620 2131 ἐν
649 2103 724 2138 δεξιᾷ
739 2102 785 2129 τοῦ
801 2102 927 2136 Ἀττὴλα,

145 2153 275 2188 δευτέραν
295 2153 323 2179 δὲ
335 2152 384 2188 τὴν
400 2151 549 2187 εὐώνυμον,
561 2152 591 2178 ἐν
640 2149 825 2184 ἐτυγχάνομεν
840 2147 928 2178 ὄντες,

978 913 1095 936 ratorem
1113 909 1146 936 ad
1159 916 1188 937 se
1199 909 1306 937 mittere
1317 910 1420 945 legatos
1430 916 1477 938 aut
1489 911 1616 945 Nomum,
1628 917 1673 938 aut
1686 913 1760 939 Aua-

979 955 1083 987 tolium,
1099 960 1146 982 aut
1155 954 1327 989 Senatorem,
1342 964 1429 991 neque
1443 957 1512 985 ullos
1525 957 1592 985 alios
1605 963 1702 993 praeter
1712 959 1762 986 bos

978 1001 1168 1028 admissurum.
1203 1001 1236 1028 Et
1257 1009 1318 1029 cum
1343 1001 1504 1030 Maximinus
1543 1003 1599 1039 66
1620 1003 1761 1038 objiceret,

977 1046 1089 1074 minime
1113 1047 1259 1074 convenire
1288 1047 1400 1083 legatos,
1423 1049 1469 1083 qui
1493 1049 1526 1076 ad
1546 1057 1576 1077 se
1606 1050 1760 1084 mittantur,

978 1092 1144 1127 designanda
1165 1098 1304 1128 suspectos
1319 1094 1473 1128 imperatori
1501 1096 1623 1129 reddere,
1649 1096 1760 1124 Attilam

979 1139 1160 1172 respondisse,
1174 1138 1196 1165 si
1212 1139 1267 1166 haec
1284 1139 1437 1172 abnuerint,
1460 1142 1543 1168 armis
1559 1149 1588 1169 se
1603 1148 1760 1170 controver-

978 1184 1032 1210 sias
1057 1184 1279 1219 disceptaturum.
1310 1185 1436 1213 Reversis
1455 1186 1533 1213 nobis
1548 1187 1574 1214 in
1603 1188 1760 1221 tentorium,

978 1237 1041 1257 ccce
1055 1231 1087 1256 ad
1106 1238 1156 1257 nos
1172 1230 1275 1259 Orestis
1287 1236 1381 1265 pater:
1409 1241 1418 1258 ι
1435 1232 1486 1259 Vos
1498 1233 1602 1266 ambos,
1616 1234 1712 1268 inquit,
1727 1235 1761 1261 ad

979 1277 1130 1303 convivium
1146 1277 1241 1304 invitat
1256 1278 1363 1310 Attilas,
1384 1278 1429 1306 iiet
1447 1286 1508 1306 vero
1529 1279 1593 1306 illud
1608 1281 1640 1307 ad
1663 1288 1761 1308 nonam

980 1322 1030 1349 diei
1048 1323 1153 1360 horam.
1167 1331 1176 1348 ι
1202 1323 1332 1357 Tempore
1349 1324 1474 1352 condicto
1488 1326 1641 1357 observato,
1665 1331 1694 1353 ut
1716 1334 1763 1354 ve-

980 1369 1078 1399 nimus,
1103 1373 1129 1395 et
1145 1376 1198 1396 una
1220 1376 1327 1404 quoque
1348 1369 1531 1398 Romanorum
1548 1372 1762 1400 Occidentalium

979 1413 1070 1447 legati,
1095 1415 1220 1441 stctiuius
1246 1416 1273 1441 in
1294 1415 1386 1443 limine
1411 1417 1542 1444 cmnacuh'
1566 1425 1656 1445 coram
1669 1419 1760 1447 Attila.

979 1460 1028 1487 ilic
1044 1462 1187 1495 piuccnnc,
1211 1467 1239 1488 ut
1259 1470 1318 1490 mos
1333 1468 1375 1490 est
1390 1465 1416 1491 iu
1433 1465 1487 1492 illis
1504 1466 1670 1500 regionibus,
1697 1466 1764 1494 caii—

981 1515 1037 1534 cem
1053 1508 1229 1540 tradiderunt,
1242 1513 1271 1535 ut
1283 1514 1346 1536 ante
1360 1511 1512 1538 accubitum
1528 1518 1588 1539 vota
1601 1512 1762 1540 faceremus.

979 1553 1037 1586 Quo
1053 1553 1135 1586 facto,
1152 1560 1179 1581 et
1193 1555 1278 1582 calice
1296 1556 1448 1591 degustato,
1463 1558 1518 1592 ipsa
1533 1558 1611 1591 solia,
1625 1560 1651 1586 in
1666 1560 1765 1593 quibus

978 1608 1027 1626 nos
1040 1602 1165 1628 sedentes
1179 1609 1290 1629 cenare
1305 1603 1455 1637 oportebat,
1472 1605 1653 1633 ascendimus.
1666 1605 1762 1633 Omnia

977 1645 1072 1673 sedilia
1086 1647 1155 1674 circa
1169 1647 1287 1682 parietes
1298 1649 1413 1676 cubiculi
1426 1650 1458 1677 ab
1477 1655 1589 1685 utraque
1607 1656 1682 1686 parte
1706 1652 1764 1680 dis—

978 1692 1064 1724 posita
1076 1697 1152 1719 erant
1165 1701 1172 1718 :
1193 1693 1297 1720 medius
1308 1693 1336 1720 in
1349 1694 1417 1721 lecto
1430 1696 1542 1722 sedebat
1554 1697 1664 1729 Attilas,
1676 1698 1763 1725 altero

978 1736 1047 1764 lecto
1063 1744 1076 1762 a
1096 1741 1172 1771 tergo
1188 1742 1286 1770 strato,
1299 1745 1368 1773 pone
1379 1746 1457 1773 quem
1477 1745 1554 1766 erant
1571 1742 1679 1775 quidam
1700 1750 1762 1778 gra-

978 1781 1039 1814 dus,
1055 1783 1100 1817 qui
1119 1782 1153 1809 ad
1169 1783 1225 1816 ejus
1244 1784 1332 1810 cubile
1344 1783 1477 1818 ferebant,
1489 1785 1578 1814 linteis
1594 1788 1717 1815 candidis
1736 1794 1764 1817 et

979 1827 1061 1854 variis
1083 1828 1218 1862 tapetibus
1241 1835 1355 1857 ornatus
1371 1831 1458 1865 gratia
1483 1836 1647 1866 contectum,
1673 1834 1764 1862 sin-ile

979 1873 1122 1906 cubilibus,
1146 1882 1206 1909 qua
1224 1875 1336 1903 Romani
1351 1881 1378 1903 et
1391 1876 1476 1905 Graeci
1493 1879 1661 1907 nubentibus
1681 1881 1763 1908 ador-

980 1926 1045 1945 nare
1061 1927 1110 1953 pro
1124 1927 1200 1947 more
1224 1920 1335 1948 habent.
1367 1921 1399 1949 Et
1415 1923 1530 1957 primum
1546 1924 1653 1959 quidem
1669 1925 1762 1953 convi-

979 1971 1073 1991 varum
1087 1965 1174 1992 locum
1192 1965 1250 2000 ejus
1269 1967 1414 2000 habebant,
1429 1969 1473 2002 qui
1489 1969 1523 1996 ad
1537 1970 1626 1998 Attila:
1641 1971 1764 1999 dextram

979 2011 1100 2043 sedebat,
1117 2013 1264 2040 secundum
1279 2014 1350 2048 ejus,
1363 2014 1409 2048 qui
1425 2016 1456 2041 ad
1472 2015 1565 2042 laevam
1579 2024 1587 2043 :
1600 2017 1627 2044 in
1643 2025 1695 2052 quo
1711 2025 1762 2047 nos

979 2062 1006 2084 et
1022 2057 1161 2092 Beriehus,
1177 2059 1217 2085 vir
1230 2060 1299 2094 apud
1312 2059 1427 2095 Scythas
1441 2062 1549 2095 nobilis,
1571 2063 1618 2090 sed
1632 2063 1764 2094 Berichus

979 2103 1120 2136 superiore
1135 2104 1204 2132 loco.
1222 2104 1290 2131 Nam
1306 2105 1455 2140 Onegesius
1473 2107 1499 2134 in
1515 2108 1580 2135 sella
1596 2109 1628 2136 ad
1640 2109 1763 2137 dextram

981 2150 1046 2183 regii
1073 2150 1137 2183 tori,
1149 2155 1178 2178 et
1197 2158 1213 2177 e
1228 2151 1338 2186 regione
1350 2152 1475 2187 Onegesii
1491 2154 1543 2181 duo
1554 2162 1585 2182 ex
1599 2155 1688 2182 Attilae
1701 2155 1765 2184 ﬁliis

145 2198 377 2234 προκαθεσθέντος
409 2198 487 2233 ἡμῶν
507 2196 630 2232 Βερίχου,
653 2196 729 2230 παρὰ
754 2193 871 2224 Σκύθαις
899 2191 926 2219 εὗ

981 2196 1121 2223 sedebant.
1141 2197 1238 2225 Senior
1250 2198 1320 2225 enim
1335 2198 1360 2225 in
1373 2200 1541 2235 eodem,quo
1557 2205 1641 2235 pater,
1655 2201 1762 2235 throno,

142 2245 284 2280 γεγονότος
308 2245 413 2280 ἀνδρὸς·
444 2245 458 2270 ὸ
483 2244 537 2278 γὰρ
562 2243 722 2278 Ὀνηγήσιος
750 2241 796 2267 ἐπὶ
825 2239 922 2274 δίφρου

142 2289 209 2327 ἧστο
224 2292 252 2317 ὲν
273 2291 349 2326 δεξιᾷ
371 2290 420 2325 τῆς
444 2289 491 2316 τοῦ
517 2289 650 2324 βασιλέως
678 2287 782 2322 κλίνης.
800 2284 927 2320 Ἀντικρὺ

142 2337 171 2365 δὲ
187 2338 233 2364 τοῦ
247 2337 409 2373 Ὀνηγησίου
438 2336 484 2362 ἐπὶ
512 2336 608 2371 δίφρου
624 2333 786 2365 ἐκαθέζοντο
808 2331 855 2358 δύο
874 2331 928 2357 τῶν

142 2383 258 2419 ’Δττήλα
279 2384 392 2411 παίδωνο
408 2384 422 2410 ὁ
446 2383 500 2418 γὰρ
525 2381 711 2418 πρεσϐύτερος
733 2380 781 2406 ἐπὶ
794 2379 843 2413 τῆς
859 2377 929 2404 ἐκεί-

143 2438 188 2457 νου
202 2428 268 2466 ἦστο
292 2430 395 2464 κλίνης,
425 2430 474 2455 οὐκ
494 2429 588 2462 ἐγγὺς,
600 2428 657 2455 ἀλλ’
672 2427 723 2454 ἐπ’
735 2425 835 2460 ἄκρου,
859 2423 930 2449 αίδοῖ

142 2476 190 2503 τοῦ
216 2476 317 2511 πατρὸς
337 2475 441 2511 βλέπων
469 2477 498 2506 ἐς
514 2475 577 2510 γῆν.
600 2474 712 2500 Πάντων
736 2472 764 2498 δὲ
789 2472 818 2497 ἐν
835 2469 930 2503 κόσμῳ

143 2520 332 2552 καθεστώτων,
359 2519 502 2555 παρελθὼν
516 2519 634 2554 οἰνοχόος
659 2517 697 2553 τῷ
724 2515 842 2550 Ἀττήλᾳ
857 2513 929 2539 οἴνου

144 2567 284 2594 κισσύϐιον
310 2565 458 2592 ἐπιδίδωσι.
490 2565 640 2600 Δεξάμενος
664 2564 693 2591 δέ
718 2563 764 2590 τὸν
785 2563 820 2597 τῇ
853 2559 930 2591 τάξει

144 2613 251 2648 πρῶτον
279 2611 427 2647 ἠσπάζετο.
459 2611 488 2638 '0
509 2611 537 2637 δὲ
568 2611 606 2645 τῷ
629 2609 767 2645 ἀσπασμῷ
800 2607 927 2643 τιμηθεὶς

143 2658 313 2686 διανίστατο·
332 2658 378 2685 καὶ
394 2659 425 2684 οὐ
446 2657 578 2693 πρότερον
597 2656 688 2690 ίζῆσαι
707 2656 785 2690 θέμις
801 2653 844 2690 ἦν,
862 2654 927 2690 πρὶν

143 2703 161 2740 ἢ
173 2703 212 2740 τῷ
232 2704 343 2740 οἰνοχόῳ
358 2703 579 2738 ἀπογευσάμενος
593 2702 608 2738 ἢ
625 2703 671 2728 καὶ
688 2701 790 2728 ἐκπιὼν
803 2702 927 2728 ἀπέδωκε

983 2251 1034 2270 non
1051 2251 1144 2278 prope,
1170 2244 1216 2272 sed
1240 2244 1352 2271 multum
1377 2245 1444 2271 inl'ra
1470 2247 1656 2280 accumbebat,
1679 2247 1763 2276 oculis

982 2295 1036 2322 pra:
1057 2289 1158 2322 pudore
1174 2294 1285 2324 propter
1307 2290 1391 2323 patris
1412 2291 1581 2324 praesentiant
1607 2299 1713 2327 semper
1735 2293 1764 2320 in

983 2339 1083 2362 terram
1101 2336 1241 2370 conjectis.
1268 2335 1399 2364 Omnibus
1415 2338 1509 2365 ordine
1527 2338 1692 2371 sedentibus,
1717 2339 1764 2373 qui

980 2378 1070 2406 Attila:
1083 2384 1141 2407 erat
1156 2387 1171 2407 a
1185 2380 1288 2415 poculis
1302 2380 1454 2416 ingrediens
1467 2387 1587 2416 pateram
1600 2383 1655 2410 vini
1672 2384 1764 2413 tradit.

980 2423 1054 2451 Hanc
1072 2425 1115 2452 ubi
1131 2425 1262 2460 suscepit,
1284 2426 1435 2460 proximum
1449 2427 1543 2454 ordine
1559 2427 1697 2460 salutavit,
1718 2429 1765 2463 qui

977 2469 1143 2497 salutatione
1168 2470 1315 2498 honoratus
1338 2471 1470 2505 surrexit,
1501 2479 1588 2507 neque
1611 2473 1686 2507 prius
1703 2480 1765 2500 eum

979 2517 1073 2544 sedere
1085 2515 1127 2544 fas
1145 2522 1214 2550 erat,
1230 2525 1310 2552 quam
1326 2525 1428 2545 merum
1445 2517 1601 2552 degustans,
1622 2523 1668 2545 aut
1682 2519 1765 2546 etiam

979 2563 1102 2595 ebibens,
1115 2563 1239 2598 poculum
1251 2563 1398 2598 pocillatori
1410 2564 1543 2591 redderet.
1555 2564 1665 2591 Sedenli
1674 2569 1766 2592 autem

980 2610 1070 2637 Attilae
1084 2610 1180 2637 eodem
1195 2608 1284 2642 modo,
1297 2609 1343 2644 qui
1357 2609 1481 2636 convivio
1494 2609 1656 2643 intererant,
1668 2610 1765 2645 pocula

981 2656 1160 2690 suscipientes
1179 2659 1206 2688 et
1228 2659 1288 2689 post
1304 2654 1493 2682 salutationem
1513 2656 1694 2691 degustantes,
1717 2657 1766 2683 bo-

981 2709 1074 2729 norem
1091 2700 1265 2728 exhibebant.
1292 2700 1445 2735 Unicuique
1460 2707 1525 2729 vero
1539 2709 1607 2730 unus
1624 2701 1766 2738 pocillator

786 2769 902 2798 VARle
921 2769 1122 2798 LECTlONES.

184 2835 207 2851 "
217 2835 298 2862 aut)”
316 2834 360 2867 N.,
375 2833 419 2860 τὴν
438 2832 509 2867 vulg.
547 2832 568 2847 '”
581 2830 707 2864 δέξασθαι
725 2830 798 2865 vulg.
837 2830 858 2846 ⁷⁸
875 2831 947 2865 ἡμᾶς
961 2830 1033 2865 conj.
1051 2829 1080 2856 Β.
1119 2829 1141 2845 ⁷⁹
1153 2827 1251 2855 κύλικα
1266 2827 1311 2861 ιι,
1328 2827 1446 2854 ἐπύλικα
1459 2827 1531 2863 vulg.
