1951 3074
213 127 269 159 739

719 106 914 153 EXCERP’I‘A
932 122 982 152 ex
1003 122 1138 152 PRISCO
1158 121 1338 152 RHETORE

1783 121 1838 153 ’ἴω

214 187 318 213 aderat.
336 191 427 218 quem,
446 191 506 209 cum
533 183 658 217 pincerna
670 181 759 208 Attila:
771 182 866 212 exiret,
890 181 1002 208 introire

1059 181 1084 207 τὸ
1109 179 1258 206 κισσύϐιον.
1276 178 1450 205 Καθεσθέντα
1460 178 1488 205 δὲ
1497 177 1577 205 αὑτὸν
1598 177 1637 213 τῷ
1652 179 1746 214 τρόπῳ
1774 179 1799 196 ⁸·
1813 181 1839 206 οι

213 238 263 258 suo
281 229 375 257 ordine
389 228 518 264 oportuit.
538 227 670 255 ’Secundo
690 231 717 254 et
741 227 854 261 reliquis
872 226 999 260 deinceps

217 277 250 302 ad
269 276 339 301 lnmc
354 275 461 300 modum
482 274 582 300 honore
598 272 712 306 allectis,
742 272 840 299 Attilas
861 279 911 298 nos
931 279 1000 306 quo-

213 328 265 355 que
283 320 376 346 eodem
403 319 482 346 modo
498 319 626 346 salutavit
643 318 792 345 secundum
812 317 933 344 ordinem
948 317 1001 344 sel-

215 367 312 394 larum.
340 365 408 392 Tum
433 365 559 393 omnibus
581 365 750 392 salutationis
774 364 876 391 hOnore
899 363 998 396 delato,

214 413 350 446 piucermn
378 416 560 439 recesserunt.
601 410 700 438 Mensa:
722 418 786 437 vero
813 410 888 444 juxta
912 410 1002 437 Attila:

214 464 334 484 mensam
349 462 428 484 erant
440 462 547 487 erectae,
560 456 726 491 exvipiendis
738 456 823 483 tribus
836 461 862 482 et
875 460 1000 490 quatuor,

214 503 353 530 autetiam
373 503 494 537 pluribus
510 504 632 530 convivis
648 504 761 534 idoucm,
783 511 897 537 quorum
918 511 1002 530 unus-

215 549 330 584 quisque
347 554 452 583 puterat
466 549 578 576 minime
600 554 786 583 transgressus
801 549 905 576 sedium
928 549 1002 576 ordi-

216 602 264 622 nes
280 602 312 621 οι
337 594 457 628 ferculis,
473 594 544 629 quod
561 594 612 622 sibi
632 594 738 622 libitum
755 599 823 626 erat,
848 595 1000 622 desumere.

216 637 318 666 Deinde
333 639 437 673 primus
452 638 479 666 in
496 639 614 666 medium
631 640 747 667 accessit
760 639 850 666 Attilae
866 639 1002 671 minister,

217 684 337 719 patinam
356 684 483 712 carnibus
503 683 608 719 plenam
631 684 731 713 ferens.
761 685 824 712 Post
846 686 931 720 ipsum
957 686 1002 720 qui

217 738 313 765 panem
333 730 523 757 ministrabant
548 730 601 765 67
620 735 647 757 et
668 731 779 758 obsonia
802 732 902 759 mensis
919 739 1002 766 appo-

217 780 338 802 sueruut.
365 775 416 802 Sed
431 775 536 802 ceteris
551 776 658 809 quidem
674 775 800 803 Barbaris
815 782 842 804 et
856 776 932 804 nobis
948 777 1004 803 lau-

218 821 322 848 tissima
343 828 419 848 ccena
438 825 590 855 praeparata
605 825 663 848 erat
684 825 711 847 et
728 821 754 848 in
771 821 853 849 discis
868 822 1003 856 argenteis

219 866 345 901 reposita,
369 866 459 894 Attila:
473 867 499 893 in
520 866 621 900 quadra
643 866 741 900 lignea,
774 863 802 894 et
822 867 888 894 nibil
908 872 1005 902 praeter

217 919 326 939 carnes.
346 912 511 950 Moderatum
527 912 629 946 pariter
643 912 668 938 in
682 911 792 947 reliquis
806 913 929 940 omnibus
946 920 1006 940 sese

220 957 367 992 przcbebat.
390 957 516 984 Convivis
529 964 611 987 aurea
633 961 660 985 et
677 962 804 992 argentea
827 958 922 992 pocula
941 966 1005 993 sup-

218 1003 420 1037 peditabantur,
432 1003 522 1030 Attilte
533 1003 656 1037 poculum
669 1007 728 1031 erat
742 1003 869 1039 ligneum.
887 1003 1006 1039 Simplex

219 1049 364 1076 admodum
383 1049 455 1076 illius
470 1049 559 1082 _vestis
580 1049 651 1076 nulla
668 1056 707 1083 re,
728 1049 779 1076 nisi
799 1050 937 1082 munditie,
962 1058 1008 1077 or-

220 1101 283 1122 nata
300 1100 368 1123 erat.
392 1094 486 1130 Neque
500 1094 558 1130 ejus
571 1095 655 1128 ensis,
671 1103 758 1131 neqtte
776 1095 929 1123 calceorqu
945 1097 1006 1122 bar-

219 1142 347 1168 harorum
372 1140 512 1175 ligamina,
533 1148 620 1175 neque
631 1141 690 1176 ejus
704 1141 766 1176 equi
789 1141 877 1174 frena,
902 1141 1007 1168 utreli-

217 1194 333 1222 quorum
361 1186 534 1221 Scytharum,
563 1193 630 1213 auro
653 1190 699 1213 aut
726 1186 859 1220 lapidibus
884 1191 930 1213 aut
954 1186 1006 1214 alia

218 1238 380 1266 quacunque
405 1239 435 1258 re
457 1231 574 1267 pretiosa
597 1237 676 1259 erant
696 1236 803 1259 ornata.
837 1230 872 1259 Ut
896 1231 1006 1259 obsonia

218 1278 368 1314 primorum
394 1276 556 1305 ferculorum
586 1276 661 1304 fuere
681 1278 861 1312 :consumpta,
884 1277 1006 1305 surrexi-

219 1330 296 1353 mus,
325 1329 412 1357 neque
439 1322 514 1356 prius
539 1322 682 1357 quisquam
709 1326 833 1350 nostrum
856 1320 889 1348 ad
913 1321 1005 1349 sedem

219 1376 299 1396 suam
323 1372 365 1395 est
390 1375 525 1400 reversus,
551 1376 631 1402 quam
655 1367 706 1395 sibi
732 1367 858 1394 traditam
884 1373 1005 1402 pateram

218 1414 272 1441 vini
287 1413 405 1449 plenam,
434 1419 543 1441 servato
571 1414 662 1449 priore
687 1413 793 1446 ordine,
816 1412 926 1440 Attilam
949 1414 1005 1440 sal-

218 1467 280 1486 vum
292 1465 320 1486 et
332 1459 493 1486 incolumem
508 1464 645 1493 precatus,
660 1458 800 1486 ebibisset.
831 1458 869 1486 Eo
884 1459 918 1487 ad
935 1461 1005 1487 hunc

1052 227 1183 262 παρόντες
1194 226 1305 260 Ξτίμων,
1332 225 1472 260 δεχόμενοι
1502 225 1551 257 τὰς
1577 225 1694 257 κύλικας
1709 227 1756 252 καὶ
1768 227 1839 261 μετὰ

1053 273 1099 299 τον
1128 271 1274 306 ἀστασμδν
1297 271 1506 306 ἀπογενόμενοι.
1537 271 1664 306 Ἐκάστῳ
1686 271 1715 298 δὲ
1732 268 1772 303 εἷς
1796 273 1839 298 οἱ-

1052 318 1144 353 νοχόος
1167 318 1270 352 παρῆν,
1295 317 1324 343 ὃν
1348 316 1400 343 ἔδει
1417 317 1488 344 κατὰ
1522 318 1627 352 στοῖχον
1649 317 1775 350 εἰσιέναι,
1790 317 1839 344 τοῦ

1057 364 1171 399 ’Λττήλα
1187 363 1305 398 οἰνοχόου
1322 363 1486 396 ὑπεξιόντος.
1499 363 1667 398 Τιμηθέντος
1681 363 1709 389 δὲ
1725 363 1773 390 καὶ
1790 363 1838 390 τοῦ

1051 410 1177 446 δευτέρου
1201 409 1248 435 καὶ
1274 409 1329 435 τῶν
1350 409 1422 444 ἑξῆς,
1450 408 1496 435 καὶ
1509 409 1582 444 ἡμᾶς
1594 410 1649 440 τοῖς
1664 409 1756 440 ἴσοιςὸ
1777 409 1841 435 Ἀτ-

1052 457 1135 491 τήλας
1165 455 1324 487 ἐδεξιώσατο
1349 455 1420 481 κατὰ
1435 455 1483 489 τὴν
1499 454 1553 481 τῶν
1579 454 1670 481 θάκων
1691 455 1713 470 δ’
1742 454 1834 486 τάξιν.

1051 500 1088 537 ’ᾮ
1100 502 1131 536 δὴ
1148 500 1284 536 ἀσπασμῷ
1299 500 1406 526 πάντων
1418 500 1598 535 τιμηθέντων,
1616 500 1769 535 ὑπεξῄεσαν
1786 500 1837 535 μὲν

1052 548 1077 574 οἱ
1104 547 1227 582 οἰνοχόοι,
1261 546 1396 581 τράπεζαι
1425 545 1453 572 δὲ
1483 545 1551 579 μετὰ
1571 545 1621 581 τὴν
1647 546 1694 572 τοῦ
1722 545 1842 580 Ἀττήλα

1054 591 1232 627 παρετίθεντο
1243 591 1312 618 κατὰ
1339 593 1412 626 τρεῖς
1431 591 1476 617 καὶ
1496 591 1629 626 τέτταρας
1641 592 1741 625 ἄνδρας
1757 591 1773 626 ἢ
1790 592 1848 618 καὶ

1054 637 1173 668 πλείους
1203 637 1263 663 ὅθεν
1284 637 1398 668 ἕκαστος
1422 634 1479 668 οἷός
1507 646 1536 663 τε
1549 635 1583 673 ἦν
1610 638 1711 673 τῶντῇ
1742 637 1840 672 μαγίδι

1057 683 1125 719 [eoat
1147 682 1181 718 ἰ¹]
1197 682 1391 717 ἐπιτιθεμένων
1409 683 1570 718 μεταλαϐεῖν
1587 683 1624 718 μὴ
1648 682 1767 716 ὑπεξιὼν
1788 683 1841 716 τῆς

1052 728 1106 755 τῶν
1133 728 1234 761 θρόνων
1247 728 1358 761 τάξεως.
1384 729 1440 755 Καὶ
1452 728 1559 764 πρῶτος
1573 729 1658 764 εἰσῄει
1683 729 1697 755 ὁ
1712 728 1759 755 τοῦ
1778 728 1842 756 Ἀτ-

1053 775 1123 809 τήλα
1150 775 1300 810 ὑπηρέτης,
1330 774 1421 809 κρεῶν
1437 774 1526 810 πλήρη
1552 775 1655 801 πίνακα
1677 775 1780 809 φέρων,
1793 774 1841 801 καὶ

1054 821 1079 847 οἱ
1106 821 1174 847 πᾶσι
1193 819 1396 855 διακονούμενοι
1423 820 1482 855 μετ’
1499 821 1581 847 αὐτὸν
1613 822 1685 847 σῖτον
1715 821 1762 848 καὶ
1787 821 1842 855 ὄψα

1055 868 1115 898 ταῖς
1122 867 1271 902 τραπέζαις
1287 867 1434 895 ἐπέθεσαν.
1449 867 1530 894 Ἀλλὰ
1543 869 1598 898 τοῖς
1610 867 1659 902 μὲν
1675 867 1764 899 ἄλλοις
1776 867 1842 902 βαρ-

1055 913 1149 948 ϐάροις
1170 914 1216 940 καὶ
1235 914 1301 948 ἡμῖν
1323 913 1456 948 πολυτελῆ
1472 914 1566 940 δεῖπνα
1588 914 1610 930 ⁸⁸
1627 913 1840 945 κατεσκεύαστο,

1056 959 1167 990 κύκλοις
1193 959 1354 994 ἐπικείμενα
1377 960 1518 994 ἀργυροῖςθ
1532 959 1583 995 ,τῷ
1606 959 1634 986 δὲ
1653 959 1772 995 ’Δττήλᾳ
1796 960 1843 985 ἐπὶ

1056 1005 1102 1031 τοῦ
1129 1005 1234 1038 ξυλίνου
1262 1005 1376 1037 πίνακος
1405 1003 1439 1041 ἦν
1458 1005 1536 1032 οὐδὲν
1564 1005 1644 1031 πλέον
1668 1005 1768 1039 κρεῶν.
1784 1005 1843 1032 Mi-

1058 1059 1133 1086 τριον
1163 1051 1191 1077 δὲ
1208 1051 1303 1078 ἑαυτὸν
1317 1051 1364 1078 καὶ
1379 1052 1408 1078 ὲν
1435 1052 1491 1082 τοῖς
1509 1050 1598 1082 ἄλλοις
1614 1051 1714 1078 ἅπασιν
1728 1050 1842 1077 ἐδείκνυ.

1056 1097 1120 1128 Τοῖς
1131 1096 1192 1132 ἶγὰρ
1212 1097 1262 1131 τῆς
1281 1097 1397 1132 εὐωχίας
1421 1097 1533 1132 ἀνδράσι
1553 1096 1662 1128 κύλικες
1687 1098 1787 1132 χρυσαῖ
1813 1106 1843 1124 τε

1061 1141 1109 1169 καὶ
1141 1142 1260 1176 ἀργυραῖ
1273 1141 1436 1173 ἑπεδίδοντο,
1458 1141 1488 1168 τὸ
1514 1141 1542 1168 δὲ
1558 1141 1640 1168 αὑτοῦ
1667 1141 1783 1176 ἔκπωμα
1798 1141 1844 1174 ξύ-

1056 1187 1126 1215 λινον
1141 1185 1184 1224 ἦν.
1198 1187 1265 1222 Λιτὴ
1277 1187 1305 1213 δὲ
1322 1187 1396 1222 αὐτῷ
1412 1187 1458 1213 καὶ
1472 1188 1488 1222 ἠ
1504 1187 1586 1222 ἐσθὴς
1604 1187 1751 1222 ἐτύγχανεν
1765 1184 1842 1218 οὖσα,

1059 1234 1143 1271 μηδὲν
1179 1233 1233 1260 τῶν
1261 1233 1348 1261 ἄλλων
1381 1233 1451 1268 πλὴν
1466 1233 1513 1260 τοῦ
1526 1233 1633 1268 καθαρὰ
1660 1231 1730 1260 εἶναι
1746 1233 1842 1268 διαφυ-

1055 1280 1259 1309 λάττουσα-καὶ
1276 1279 1337 1307 οὒτε
1359 1279 1390 1315 τὸ
1402 1279 1619 1315 παρῃωρημένον
1646 1279 1721 1315 αὐτῷ
1755 1278 1842 1313 ξίφος,

1055 1327 1117 1354 οὔτε
1138 1328 1162 1354 oi
1173 1328 1228 1353 τῶν
1259 1313 1636 1361 βαρϐαρίικῶνγύποοημάτων
1662 1313 1765 1360 δεσμοὶ,
1781 1325 1843 1352 οὗτε

1057 1373 1105 1400 τοῦ
1133 1373 1218 1399 ῑππου
1245 1372 1260 1398 ὸ
1277 1371 1394 1407 χαλινὸς,
1409 1370 1503 1406 ὥσπερ
1525 1370 1579 1397 τῶν
1604 1371 1691 1398 ἄλλων
1721 1371 1843 1403 Σκυθῶν,

1055 1418 1175 1454 χρυσῷἦ
1188 1417 1271 1449 λίθοις
1285 1417 1302 1452 τι
1313 1425 1365 1443 τινι
1379 1416 1432 1443 τῶν
1445 1416 1542 1451 τιμίων
1559 1416 1711 1451 ἐκοσμεῖτο.
1727 1416 1788 1442 Τῶν
1815 1416 1843 1443 δὲ

1055 1463 1128 1498 θψων
1141 1462 1194 1489 τῶν
1209 1463 1238 1488 ὲν
1252 1462 1308 1493 τοῖς
1322 1461 1440 1496 πρώτοις
1454 1460 1560 1493 πίναξιν
1575 1460 1755 1487 ὲπιτεθέντων
1779 1461 1845 1486 ἀνα-

220 1504 329 1532 modum
350 1504 453 1532 honore
469 1504 552 1536 culto,
568 1504 699 1532 sedimus.
731 1503 800 1531 Tum
818 1511 886 1532 nova
904 1504 1004 1532 fercula

1059 1508 1206 1538 λωθέντων.
1222 1507 1324 1538 πάντες
1344 1506 1531 1541 διανέστημεν,
1546 1505 1592 1532 καὶ
1602 1506 1631 1532 οὑ
1647 1505 1779 1540 πρότερον
1800 1506 1846 1532 ἐπὶ

219 1551 317 1585 cuique
342 1557 441 1577 mensae
466 1555 528 1576 sunt
553 1549 625 1576 illata
640 1569 647 1581 ,
674 1557 733 1584 qua!
758 1549 809 1577 alia
833 1551 1007 1578 continebant

219 1596 369 1627 esculenta,
387 1603 419 1623 ex
433 1595 532 1630 quibus
545 1594 590 1622 ubi
605 1602 710 1627 omnes,
727 1595 814 1630 quoad
837 1596 904 1623 satis
925 1601 1006 1629 esset,

219 1641 418 1674 comedissent,
441 1641 535 1668 eodem
561 1643 639 1668 modo
668 1641 853 1673 surreximus.
877 1645 904 1668 et
928 1647 1007 1676 epoto

221 1687 305 1714 calice
325 1694 418 1714 rursus
435 1686 617 1714 comedimus.
637 1686 803 1714 Adveniente
822 1693 944 1721 vespere,
969 1687 1008 1714 la-

220 1732 353 1766 cibusque
375 1732 509 1766 accensis,
538 1732 592 1759 duo
606 1731 712 1767 Scythae
727 1739 818 1759 coram
841 1732 924 1759 Attila
946 1740 1008 1767 pro-

221 1777 341 1811 dierunt,
360 1782 387 1804 et
407 1784 503 1804 versus
515 1784 528 1803 a
546 1783 575 1804 se
591 1776 688 1810 factos,
703 1776 800 1811 quibus
812 1776 870 1811 ejus
882 1777 1009 1804 victorias

220 1827 249 1850 et
265 1822 376 1850 bellicas
402 1822 515 1849 virtutes
537 1822 681 1854 canebant,
706 1823 865 1848 recitarunt.
898 1821 926 1848 In
941 1829 1009 1856 quos

221 1868 341 1895 convivae
357 1867 450 1895 oculos
464 1867 636 1900 dellxeruut;
658 1871 686 1894 et
697 1867 742 1894 alii
756 1867 865 1902 quidem
883 1868 1009 1895 versibus

222 1912 448 1945 delectabantur,
479 1912 540 1940 aliis
563 1912 697 1940 bellorum
727 1912 878 1940 recordatio
901 1913 1009 1941 animos

225 1958 374 1990 excitabat.
392 1957 452 1985 aliis
467 1958 612 1985 manabant
631 1958 769 1993 lacrymse,
784 1965 897 1992 quorum
913 1965 1010 1993 corpus

220 2007 300 2030 aetate
322 2002 495 2030 debilitatum
510 2007 581 2035 erat,
614 2006 642 2030 et
661 2003 737 2037 vigor
759 2003 842 2030 animi
871 2004 1010 2038 quiescere

221 2048 382 2083 cogebatur,
412 2048 477 2076 Post
497 2052 593 2076 cantus
609 2052 637 2075 et
657 2048 777 2075 carmina
796 2048 895 2084 Scytha
919 2050 1010 2077 nescio

221 2093 283 2128 quis
304 2099 394 2121 mente
408 2098 504 2128 captus
521 2093 637 2120 absurda
651 2097 678 2120 et
693 2093 781 2128 inepta
798 2101 847 2121 nec
861 2094 920 2121 sani
933 2095 1012 2129 quid-

221 2147 302 2173 quam
317 2139 442 2166 habentia
459 2139 599 2166 ell'undens
613 2139 697 2166 risum
712 2139 836 2167 omnibus
853 2141 1009 2168 commovit.

1061 1554 1107 1581 τὺν
1126 1554 1222 1589 δίφρον
1238 1553 1356 1584 ἀναστὰς
1370 1550 1446 1588 ἦλθε,
1461 1552 1524 1587 πρὶν
1546 1552 1562 1586 ἢ
1591 1551 1661 1578 κατὰ
1690 1551 1738 1586 τὴν
1747 1552 1846 1586 προτὲ‹

1062 1608 1112 1634 ραν
1141 1599 1164 1615 ⁸⁸
1191 1599 1267 1632 τάξιν
1295 1598 1408 1629 ἕκαστος
1436 1597 1484 1632 τὴν
1512 1596 1700 1632 ὲπιδιδομένην
1725 1597 1798 1631 αὐτῷ
1808 1597 1847 1623 οῐ-

1061 1654 1107 1671 νου
1135 1645 1226 1679 πλήρη
1242 1644 1333 1677 ἐξέπιε
1360 1643 1470 1675 κύλικα,
1486 1643 1531 1670 τὸν
1553 1643 1685 1678 Ἀττήλαν
1711 1642 1765 1669 σῶν
1777 1641 1846 1669 εἶναι

1061 1688 1256 1723 ἐπευξάμενος.
1299 1688 1354 1714 Καὶ
1383 1687 1476 1714 τοῦτον
1507 1678 1668 1721 τιμηθέντος
1691 1687 1773 1713 αὑτοῦ
1802 1687 1846 1713 τὶν

1064 1735 1165 1770 τρόπον
1192 1734 1387 1769 ὲκαθέσθημεν,
1404 1734 1450 1760 καὶ
1472 1733 1597 1768 δεύτερος
1609 1733 1711 1768 ἑκάστῃ
1726 1732 1848 1768 τραπέζῃ

1062 1780 1202 1807 ἐπετίθετο
1222 1779 1303 1812 πίναξ
1324 1779 1407 1815 ἔτερα
1438 1778 1506 1814 ἔχων
1527 1778 1654 1814 ἐδώδιμα.
1687 1779 1731 1810 Ὠς
1749 1779 1777 1805 δὲ
1801 1779 1850 1805 καὶ

1063 1826 1144 1852 αὑτοῦ
1167 1826 1190 1852 οἱ
1213 1826 1313 1857 πάντες
1338 1825 1495 1860 μετέλαϐον,
1517 1825 1563 1851 καὶ
1583 1824 1622 1859 τῷ
1643 1824 1718 1859 αὐτῷ
1742 1823 1842 1856 ἐξανα-

1064 1872 1175 1903 στάντες
1186 1871 1289 1906 τρόπῳ,
1307 1869 1385 1901 αὖθις
1395 1871 1541 1902 ἐκπιόντες
1551 1870 1749 1905 ὲκαθέσθημεν.
1770 1871 1848 1896 Ἐπι-

1063 1917 1216 1951 γενομένης
1245 1915 1273 1942 δὲ
1304 1916 1424 1950 ἑσπέρας
1450 1915 1529 1950 δᾷδες
1559 1914 1729 1949 ἀνήφθησαν,
1747 1915 1794 1941 δύο
1821 1915 1849 1941 δὲ

1063 1961 1176 1995 ἀντικρὺ
1194 1960 1241 1987 τοῦ
1268 1960 1386 1993 ’Λττήλα
1398 1960 1577 1995 παρελθόντες
1591 1959 1722 1994 βάρϐαροι
1740 1959 1849 1995 ᾄσματα

1064 2007 1236 2041 πεποιημένα
1270 2006 1373 2040 ἔλεγον,
1407 2005 1486 2037 νίκας
1519 2005 1601 2032 αὑτοῦ
1627 2006 1674 2032 καὶ
1699 2005 1750 2036 τὰς
1779 2005 1851 2032 κατὰ

1064 2052 1181 2084 πόλεμον
1211 2051 1318 2081 ἆδοντες
1347 2050 1456 2085 ἀρετάς·
1475 2051 1503 2081 ὲς
1521 2049 1567 2082 οὓς
1592 2050 1615 2076 oi
1644 2050 1694 2084 τῆς
1734 2050 1851 2085 εὐωχίας

1064 2098 1227 2129 ἀπέϐλεπον,
1261 2097 1308 2123 καὶ
1325 2096 1350 2122 οἱ
1382 2096 1432 2131 μὲν
1446 2096 1541 2131 ἥδοντο
1559 2097 1615 2127 τοῖς
1645 2096 1806 2130 ποιήμασιν,
1825 2097 1849 2122 οἱ

1063 2142 1092 2169 δὲ
1107 2142 1161 2169 τῶν
1177 2141 1301 2176 ¹πολέμων
1314 2141 1583 2176 ἀναμιμνησκόμενοι
1597 2140 1769 2175 διηγείροντο
1794 2142 1851 2172 τοῖς

222 2184 365 2212 Postremo
377 2183 483 2212 Zercon
496 2183 650 2211 Maurusios
663 2184 796 2212 introivit.
817 2184 923 2212 Edecou
939 2185 1007 2212 enim

1064 2188 1243 2223 φρονήμασιν.
1269 2186 1341 2213 ἄλλοι
1357 2186 1386 2212 δὲ
1410 2185 1530 2221 ἐχώρουν
1546 2187 1575 2217 ἐς
1591 2186 1707 2221 δάκρυα,
1736 2182 1773 2213 ῶν
1798 2186 1851 2212 ὑπὸ

223 2230 260 2257 illi
277 2234 462 2264 persuaserat,
485 2234 513 2256 ut
530 2229 563 2257 ad
579 2230 691 2257 Attilam
707 2231 822 2263 veniret,
836 2238 943 2258 onmem
954 2239 1018 2266 ope-

223 2283 281 2303 ram
301 2279 328 2302 et
353 2275 473 2302 studium
497 2275 644 2310 pollicitus,
659 2283 712 2309 quo
738 2283 850 2303 uxorem
874 2284 1017 2310 recupera-

223 2325 276 2349 ret.
305 2321 382 2348 Hanc
407 2320 489 2353 enim,
513 2327 574 2347 cum
592 2320 628 2347 illi
644 2320 725 2347 Bleda
743 2319 855 2352 faveret,
874 2320 899 2347 in
914 2320 1016 2348 Barba-

224 2375 317 2395 rorum
343 2365 453 2401 regione
479 2370 631 2400 acceperat,
656 2373 770 2400 eamque
794 2367 818 2393 in
836 2367 958 2402 Scythia,
983 2368 1017 2395 ab

223 2413 305 2440 Attila
334 2413 367 2439 ad
401 2407 508 2440 Aetium
533 2413 604 2439 dono
632 2413 746 2444 missus,
779 2412 933 2447 reliquerat.
964 2413 1017 2440 Sed

224 2458 275 2486 hac
292 2466 341 2493 spe
357 2457 508 2485 frustratus
530 2462 581 2490 est,
598 2458 660 2493 quia
675 2457 772 2485 Attilas
792 2457 830 2485 illi
851 2459 1017 2490 succensuit,

224 2505 296 2540 quod
313 2505 346 2532 ad
362 2512 410 2532 sua
431 2504 615 2539 remigrasset.
635 2504 729 2538 Itaque
741 2508 804 2530 tunc
819 2509 925 2538 arrepta
940 2504 1015 2532 l'esti-

224 2551 315 2579 vitatis
351 2551 493 2578 occasione
526 2557 694 2586 progressus,
721 2553 748 2577 et
774 2549 859 2577 forma
879 2556 906 2578 et
920 2551 1012 2578 habitu

223 2601 251 2624 et
262 2597 482 2631 pronuntiatione
493 2602 522 2625 et
542 2597 638 2630 ,verbls
656 2596 769 2624 confuse
793 2596 828 2623 ab
842 2604 874 2624 eo
889 2597 1011 2631 prolatis,

225 2641 354 2670 Romanae
370 2642 526 2672 Hunnorum
543 2647 571 2670 et
589 2641 737 2670 Gothorum
753 2642 869 2676 linguam
889 2643 1008 2669 intermi-

225 2694 315 2722 scens,
332 2696 428 2717 omnes
443 2689 535 2717 laetitia
550 2688 670 2723 implevit
685 2693 712 2715 et
728 2687 828 2720 eﬂoclt,
842 2693 870 2714 ut
886 2688 912 2715 in
927 2689 1008 2716 velte-

1066 2233 1113 2260 τοῦ
1136 2233 1231 2268 χρόνου
1260 2232 1367 2266 ἠσθένει
1390 2232 1420 2258 τδ
1440 2231 1520 2266 σῶμα
1546 2232 1593 2258 καὶ
1610 2232 1782 2267 ήσυχὰζεινό
1799 2232 1847 2258 θυ-

1067 2279 1117 2314 μὸς
1148 2278 1328 2313 ἠναγκάζετο.
1351 2278 1428 2305 Μετὰ
1450 2278 1479 2304 δὲ
1494 2278 1528 2304 τὰ
1554 2278 1663 2313 ᾄσματα
1689 2278 1795 2311 Σκύθης
1810 2286 1852 2309 τις

1071 2324 1214 2359 παρελθὼν
1229 2323 1425 2359 φρενοϐλαϐὴς,
1434 2323 1563 2349 ἀλλόκοτα
1577 2323 1623 2349 καὶ
1637 2323 1791 2358 παράσημα
1804 2323 1852 2349 καὶ⁸

1065 2370 1142 2396 οὐδὲν
1167 2369 1245 2403 ὑγιὲς
1271 2367 1468 2403 φθεγγόμενος,
1494 2369 1522 2399 Ec
1542 2368 1649 2401 γέλωτα
1662 2368 1766 2398 πάντας
1783 2376 1852 2401 παρ-

1066 2413 1198 2440 εσκεύασε
1225 2412 1380 2448 παρελθεῖν.
1399 2412 1467 2439 Μεθ’
1482 2412 1511 2438 ὃν
1535 2412 1558 2428 ⁸⁸
1577 2411 1725 2447 ὑπεισῆλθε
1741 2412 1852 2446 Ζέρκων

1065 2461 1079 2486 ὁ
1099 2458 1272 2494 Μαυρούσιος
1295 2458 1371 2493 (16)”
1399 2458 1413 2484 ὸ
1440 2458 1494 2492 γὰρ
1524 2457 1641 2484 Ἐδέκων
1668 2457 1748 2484 αὑτὸν
1777 2456 1854 2492 παρὰ

1065 2506 1110 2532 τῆν
1140 2504 1270 2537 Ἀττήλαν
1301 2503 1388 2529 ἐλθεῖν
1414 2505 1590 2539 παρέπεισεν,
1621 2505 1659 2535 ὡς
1683 2505 1716 2539 τῇ
1746 2503 1852 2529 ἐκείνου

1067 2551 1168 2585 σπουδῇ
1192 2550 1242 2584 τὴν
1255 2549 1380 2584 γαμετὴν
1398 2549 1617 2584 ἀποληψόμενον,
1641 2549 1674 2584 ἦν
1702 2549 1774 2574 κατὰ
1802 2548 1853 2582 τὴν

1064 2597 1118 2622 τῶν
1130 2595 1280 2631 Βαρϐάρων
1296 2594 1401 2629 εἰλήφει
1427 2595 1530 2630 χώραν,
1555 2595 1594 2629 τῷ
1604 2595 1690 2630 Βλήδᾳ
1702 2603 1733 2620 πε
1740 2593 1853 2628 ρισπού‹

1064 2642 1160 2673 δαστος
1190 2641 1237 2668 ὢν.
1258 2640 1447 2668 Ἀπελελοίπει
1473 2640 1501 2666 δὲ
1526 2640 1612 2674 αὐτὴν
1637 2640 1666 2665 ὲν
1685 2638 1852 2674 τῇΣκυθιγῇ

1063 2689 1138 2723 παρὰ
1154 2687 1201 2714 τοῦ
1215 2687 1331 2722 Ἀττήλα
1365 2686 1452 2722 δῶρον
1469 2686 1567 2722 Ἀετίῳ
1598 2685 1745 2720 πεμφθείς.
1773 2683 1854 2710 Ἀλλὰ

868 2745 982 2774 VARl/E
999 2745 1201 2774 LECTIONES.

270 2793 294 2810 ³⁸
308 2794 346 2828 τῷ
367 2794 442 2830 αὐτῷ
458 2803 501 2830 τρ.
514 2795 587 2830 conj.
610 2795 640 2823 Β.
673 2795 694 2811 ἰ
710 2795 801 2822 θάκων
826 2793 897 2826 ναι..
909 2794 1025 2830 Θρᾳκῶν
1046 2795 1119 2829 vulg.

270 2829 364 2856 'chwov
378 2829 452 2856 vula.
489 2830 512 2846 ”
523 2830 656 2856 ποοτέοου
685 2831 757 2856 νιιΙει.
809 2830 831 2846 ⁸⁵
847 2829 875 2856 ὃν
895 2829 935 2856 Β..
966 2827 1003 2856 ὧν
1019 2830 1092 2856 vuls.

863 2839 875 2856 ν
895 2838 935 2863 1).,
966 2838 1003 2857 ων
1019 2838 1092 2865 vutg.

227 2827 250 2843 ³³
259 2827 364 2857 δεῖπνον
378 2827 452 2865 νυιᾲ.
476 2827 512 2846 ⁷⁸⁸
523 2827 656 2865 προτέρου
685 2831 757 2866 vulg.

1165 2793 1187 2809 ⁸¹
1205 2792 1327 2820 Litteras
1348 2791 1403 2819 τνιδι
1434 2791 1513 2819 uncis
1534 2789 1705 2823 inclusimus,
1724 2789 1777 2825 ἰδίᾳ
1795 2787 1854 2817 Val.
