1951 3074
135 137 182 169 741

509 136 557 167 DE
580 135 861 166 LEGATIONIBUS
880 133 1122 164 ROMANORUM
1143 134 1192 163 AD
1207 133 1364 164 GEN'I‘ES.

1703 134 1755 165 712

131 193 182 227 τῆς
211 192 260 227 μὲν
281 190 409 225 τοιαύτης
422 189 571 224 διήμαρτεν
588 188 708 223 ἐλπίδος,
727 188 776 215 τοῦ
799 188 918 223 ’Λττήλα

974 192 1089 215 mentem
1116 187 1200 214 risum
1223 192 1439 222 prorumperent.
1469 187 1522 215 Sed
1539 186 1636 214 Allilas
1650 194 1755 223 semper

136 237 346 274 χαλεπήναντος,
360 236 400 262 ὃτι
415 243 446 269 γε
468 235 500 270 δὴ
523 236 551 266 ἐς
574 234 623 269 τὴν
654 233 737 260 αὑτοῦ
770 234 918 269 ἐπανῆλθε.

137 283 200 308 Γότε
226 282 254 309 δὲ
283 282 326 308 διὰ
348 282 393 308 τδν
412 281 461 315 τῆς
475 280 591 315 εὐωχίας
607 280 703 315 καιρὸν
722 279 867 315 παρελθὼν
880 280 919 315 τῷ

134 335 164 354 τε
183 327 247 354 εἴδει
276 328 322 354 καὶ
348 327 404 357 τοῖς
427 326 563 361 ἐσθήμασι
590 326 638 353 καὶ
651 327 684 361 τῇ
708 327 783 360 φωνῇ
803 325 920 357 καὶτοῖς

136 372 344 406 συγκεχυμένως
361 371 426 406 παρ’
456 371 539 397 αὐτοῦ
563 371 777 407 προφερομένοις
805 372 920 406 ῥήμασι·

134 418 167 452 τῇ
185 417 239 452 γὰρ
265 416 402 443 Αύσονίων
428 415 476 452 τὴν
504 417 558 443 τῶν
587 416 696 444 Οὔννων
722 418 770 444 καὶ
789 418 839 452 τὴν
866 417 921 444 τῶν

137 461 241 487 Γότθων
257 461 431 496 παραμιγνὺς
446 460 568 494 γλῶτταν
584 461 687 493 πάντας
710 461 813 496 διέχεεν
831 462 877 488 καὶ
891 462 921 493 ἐς

136 506 266 533 ἄσϐεστον
280 506 398 540 ὁρμῆσαι
414 505 521 539 γέλωτα
533 506 733 541 παρεσκεύασε,
762 506 830 542 πλὴν
861 507 920 533 ’Δτ-

102 558 105 561 ·
135 551 214 586 τήλα.
232 551 318 581 Αὐτὸς
348 551 403 585 γὰρ
429 551 526 586 ἐμενεν
550 551 692 587 ἀστεμφής
720 552 767 579 καὶ
791 553 822 579 τδ
851 550 920 584 εἶδος

136 596 353 632 ἀμετάτρεπτος,
381 597 428 622 καὶ
455 596 531 623 οὐδὲν
542 596 603 624 οὔτε
623 597 719 632 λέγων,
750 597 812 624 οὔτε
836 599 920 624 ποιῶν

136 641 253 675 γέλωτος
282 641 413 676 ἐχόμενον
423 641 558 676 ἐφαίνετο,
576 642 645 677 πλὴν
661 642 702 669 ὅτι
726 642 773 669 τὸν
787 643 921 671 νεώτατον

137 685 190 712 τῶν
212 686 313 712 παίδων
329 686 445 720 (Ἠρνᾶς
459 686 487 712 δέ
513 686 597 721 δνομα
616 687 843 722 τούτῳλείσιόντα
875 689 921 716 καὶ

137 731 299 766 παρεστῶτα
313 729 387 758 εἷλκε
403 731 452 766 τῆς
467 732 592 766 παρειᾶς,
607 729 733 768 γαληνοῖς
759 733 922 761 ἀποϐλέπων

137 776 244 811 ὖμμασι
279 776 348 810 πρὸς
380 775 472 803 αὐτόν.
488 775 572 811 Ἐμοῦ
588 776 615 803 δὲ
643 777 828 812 θαυμάζοντος
846 779 921 810 ὅπως

136 821 192 848 τῶν
221 821 270 856 μὲν
297 821 384 848 ἄλλων
410 821 511 848 παίδων
532 821 689 857 δλιγωροίη,
711 822 780 858 πρὸς
796 823 824 850 δὲ
840 824 918 850 ἐκεῖ-

970 232 1065 260 eodem
1077 232 1162 264 vultu,
1174 232 1230 267 68
1248 233 1337 260 omnis
1355 233 1514 260 mutationis
1528 240 1634 268 expers,
1656 239 1682 260 et
1703 234 1754 261 im-

971 283 1060 305 motus
1072 279 1229 312 permansit,
1241 286 1327 313 neque
1340 279 1488 313 quidquam
1498 280 1601 312 lacere,
1616 284 1659 306 aut
1681 281 1755 307 dice-

971 332 1017 357 re,
1042 325 1114 359 quod
1136 324 1239 358 jocum,
1264 330 1311 351 aut
1340 325 1507 352 hilaritatem
1530 333 1585 360 prae
1610 333 1640 353 se
1661 325 1754 357 ferret,

970 374 1131 404 conspectus
1155 373 1196 395 est
1215 378 1221 396 :
1252 375 1350 403 praeter
1373 377 1452 404 quam
1474 372 1545 404 quod
1563 370 1697 404 juuiorem
1721 379 1755 398 ex

971 414 1033 441 ﬁliis
1049 415 1227 442 introeuntem
1247 420 1275 442 et
1296 415 1497 447 adventantem,
1522 416 1630 442 nomine
1647 415 1754 447 lrnach,

971 459 1083 495 placidis
1105 465 1132 486 et
1149 460 1217 487 la-tis
1238 460 1325 487 oculis
1348 465 1389 487 est
1412 461 1536 492 intuitus,
1562 465 1662 488 etcum
1687 468 1755 496 gena

971 506 1065 532 traxit.
1087 505 1143 540 Ego
1163 513 1227 533 vero
1250 513 1312 533 cum
1332 506 1493 538 admirarer,
1509 506 1620 533 Attilam
1638 507 1756 541 reliquos

971 558 1034 578 suos
1053 550 1152 578 liberos
1167 550 1242 586 parvi
1259 550 1358 583 facere,
1383 552 1416 578 ad
1439 551 1510 578 httuc
1529 551 1614 578 solum
1636 552 1755 579 animum

972 596 1102 631 adjicere,
1126 603 1195 623 unus
1212 604 1244 624 ex
1262 596 1399 629 Barbaris,
1425 597 1469 631 qui
1483 604 1567 631 prope
1584 603 1626 623 me
1647 597 1757 624 sedebat

970 648 996 671 et
1015 643 1115 670 Latina:
1132 643 1230 677 lingua!
1244 651 1320 670 usum
1337 643 1464 676 habebat,
1480 643 1531 670 tlde
1547 643 1622 678 prius
1633 649 1755 676 accepta,

972 696 1014 716 me
1037 689 1102 716 nihil
1128 696 1238 720 eorum,
1272 696 1332 723 quae
1355 689 1529 721 dicerentur,
1555 689 1754 723 evulgaturum,

971 734 1050 766 dixit,
1075 738 1149 760 vates
1169 734 1259 761 Attilae
1289 734 1451 761 vaticinalos
1478 741 1547 766 esse,
1572 733 1631 767 ejus
1660 741 1755 768 genus,

972 779 1042 814 quod
1069 779 1189 814 alioquin
1212 779 1383 806 interiturum
1397 783 1467 812 erat,
1493 779 1527 806 ab
1542 779 1593 806 hoc
1606 786 1691 814 puero
1712 787 1757 806 re-

975 829 1125 852 stauratum
1154 825 1199 852 iri.
1219 825 1255 852 Ut
1274 833 1338 853 vero
1360 826 1511 853 convivium
1526 825 1560 852 ad
1573 825 1684 852 multam
1706 833 1756 852 no-

137 876 182 894 vov
204 867 261 902 ἐχοι
291 867 337 894 τὸν
366 867 440 900 νοῦν,
468 868 482 894 ὸ
506 867 734 902 παρακαθήμενος
766 868 919 904 Βάρϐαρος,

974 876 1042 898 ειοιη
1061 875 1261 904 protraxerunt,
1282 879 1335 898 non
1353 871 1454 898 diutius
1474 870 1550 898 nobis
1564 871 1757 906 compotatioui

138 913 240 944 συνιεὶς
269 913 319 948 τῆς
332 912 469 939 Αὐσονίων
495 913 588 946 φωνῆς
618 913 732 940 καὶτῶν
763 914 919 949 παράὑτοῦ

975 916 1165 952 indulgendum
1183 924 1243 944 esse
1255 917 1306 944 rati
1323 917 1466 944 exivimur.

138 966 184 993 μοι
206 957 398 992 ῥηθησομένων
428 957 509 993 μηδὲν
540 957 662 992 ἐκλέγειν
684 959 834 993 προειπὼν,
868 960 972 995 ἔφασκε
1001 963 1063 993 τοὺς
1095 962 1207 996 μάντεις
1238 961 1277 996 τῷ
1306 961 1423 997 ’Δττήλᾳ
1456 961 1701 997 προηγορευκέναι,
1728 961 1758 988 τὸ

138 1003 198 1046 pe;
217 1003 298 1030 αὑτοῦ
316 1003 457 1030 πεσεῖσθαι
470 1003 558 1037 γένος,
574 1004 626 1031 ὑπὸ
649 1005 677 1031 δὲ
704 1005 751 1031 τοῦ
787 1006 883 1037 παιδὸς
906 1007 1107 1043 ἀναστήσεσθαι
1124 1008 1242 1044 ,τούτοιὴ
1274 1008 1317 1040 Ὧς
1344 1008 1373 1034 δὲ
1398 1009 1427 1034 ἐν
1437 1009 1475 1043 τῷ
1501 1009 1643 1044 συμποσίῳ
1668 1005 1758 1035 εἷλκον

135 1049 186 1084 τὴν
213 1047 307 1080 νύκτα,
319 1048 515 1083 ὑπεξήλθομεν,
530 1048 576 1074 ἐπὶ
590 1049 657 1076 πολὺ
677 1049 715 1084 μὴ
741 1049 920 1084 βουληθέντες
934 1052 973 1087 τῷ
989 1053 1064 1088 πότῳ
1077 1054 1304 1088 προσκαρτερεῖν.

177 1094 302 1130 Ἡμέρας
322 1094 350 1120 δὲ
366 1094 516 1129 γενομένης
541 1095 588 1121 ἐπὶ
608 1095 653 1121 τὸν
684 1095 842 1131 Ὀνηγήσιον
873 1097 922 1132 ήλ-

137 1139 230 1174 θομεν,
256 1140 356 1174 χρῆναι
379 1139 452 1174 ἡμᾶς
469 1139 630 1174 διαιρεθῆναι
645 1139 771 1174 λέγοντες
806 1141 854 1168 καὶ
883 1142 921 1176 μὴ

136 1185 274 1220 τηνάλλως
294 1185 396 1220 τρίϐειν
417 1185 462 1212 τὸν
479 1186 585 1220 χρόνον.
607 1186 661 1212 Καὶ
683 1185 712 1217 ὃς
732 1186 786 1220 ἐφη
818 1186 923 1214 ἐθέλειν

138 1230 247 1256 καὶτὸν
263 1230 397 1266 Ἀττήλαν
424 1231 600 1266 ἀποπέμπειν
634 1232 720 1266 ἡμᾶς.
744 1231 800 1258 Καὶ
825 1232 923 1267 μικρὸν

137 1275 269 1302 διαλιπὼν
300 1275 357 1309 ἅμα
384 1276 440 1307 τοῖς
467 1275 581 1309 λογάσιν
605 1275 762 1302 ἐϐουλεύετο
787 1276 852 1311 περὶ
869 1276 923 1303 τῶν

139 1321 258 1357 Ἀττήλᾳ
288 1321 469 1356 δεδογμένων,
497 1321 593 1348 καὶτὰ
626 1321 729 1356 βασιλεῖ
759 1321 924 1357 ἀποδοθησόο

139 1361 210 1402 μένα
226 1365 369 1392 συνέταττε
387 1365 548 1401 γράμματα,
566 1364 747 1399 ὐπογραφέων
763 1365 838 1400 αὑτῷ
856 1374 926 1400 παρ-

137 1412 221 1438 όντων
245 1412 291 1438 καὶ
311 1412 489 1444 Ῥουστικίου,
506 1411 602 1446 ἀνδρὸς
632 1410 793 1446 ὁρμωμένου
817 1410 868 1446 μὲν
893 1413 926 1437 ἐκ

136 1457 187 1490 τῆς
202 1457 258 1484 ἄνω
288 1457 405 1490 Μυσίας,
434 1457 544 1488 ἁλόντος
571 1456 599 1482 δὲ
614 1456 643 1482 ἐν
665 1455 705 1491 τῷ
731 1455 853 1491 πολέμῳ,
879 1456 926 1483 καὶ

137 1502 181 1528 διὰ
197 1502 283 1536 λόγων
304 1502 407 1538 ἀρετὴν
425 1502 464 1538 τῷ
480 1501 615 1537 Βαρϐάρῳ
640 1501 687 1528 ἐπὶ
703 1503 736 1536 τῇ
755 1501 810 1527 τῶν
835 1509 925 1536 γραμ-

139 1550 232 1584 μάτων
252 1548 460 1584 διαπονουμένου
487 1548 624 1582 συντάξει.
644 1548 688 1580 Ὠς
700 1547 729 1574 δέ
746 1549 779 1574 ἐκ
795 1548 844 1583 τῆς
858 1556 923 1574 συν·
936 1539 958 1571 C

138 1596 197 1622 όδου
227 1595 364 1630 διανέστη,
392 1595 543 1630 ἐδεήθημεν
563 1593 646 1621 αὑτοῦ
660 1593 725 1629 περὶ
752 1593 855 1626 λύσεως
873 1593 923 1628 τῆς

139 1641 237 1668 Σύλλου
259 1641 384 1676 γαμετῆς
411 1641 458 1667 καὶ
483 1640 537 1667 τῶν
560 1639 668 1674 ἐκείνης
691 1639 806 1671 παίδων,
835 1639 865 1665 ἐν
889 1640 922 1674 τῇ

144 1688 299 1723 Ῥατιαρίας
340 1686 606 1722 ἀνδραποδισθέντων
631 1685 743 1712 ἁλώσει.
773 1685 828 1711 Kal.
854 1685 923 1720 πρὸς

144 1737 194 1770 μέν
212 1735 261 1770 τήν
277 1734 366 1762 αὐτῶν
382 1735 435 1760 οὑκ
463 1733 637 1768 ἀπηγόρευσε
651 1732 738 1764 λύσιν,
757 1732 802 1758 ἐπὶ
817 1731 924 1762 πολλοῖς

137 1779 167 1805 δέ
187 1780 255 1812 σφᾶς
285 1778 410 1805 ἐϐούλετο
424 1778 563 1813 χρήμασιν
582 1777 754 1812 ἀπεμπολᾷν.
787 1775 879 1810 Ἦμῶν
895 1775 924 1802 δὲ

138 1824 223 1851 ἐλεεῖν
238 1824 335 1856 αὐτοὺς
357 1825 406 1859 τῆς
419 1823 503 1858 τύχης
531 1823 740 1854 ἱκετευσάντων,
757 1822 808 1857 τὴν
824 1821 923 1857 προτέ-

139 1879 189 1905 ραν
205 1870 378 1905 εὐδαιμονίαν
392 1869 579 1903 λογιζόμενον,
595 1868 670 1904 διέϐη
681 1877 710 1895 τε
725 1867 791 1903 πρὸς
806 1867 851 1894 τὸν
863 1867 923 1894 Ἀτ-

137 1915 231 1950 τήλαν,
261 1916 307 1941 καὶ
330 1915 378 1950 τὴν
408 1915 456 1950 μὲν
472 1915 589 1949 γυναῖκα
606 1914 652 1940 ἐπὶ
675 1913 863 1944 πεντακοσίοις
884 1913 925 1939 δι-

139 1963 228 1996 αφῆκε
252 1962 372 1996 χρυσοῖς,
395 1960 459 1991 τοὺς
489 1959 516 1986 δὲ
538 1960 636 1991 παῖδας
650 1959 736 1994 δῶρον
752 1958 858 1993 ἔπεμπε
874 1958 924 1993 βα-

140 2006 217 2032 σιλεῖ.
239 2006 282 2032 Ἐν
291 2005 377 2041 τούτῳ
391 2005 420 2032 δὲ
435 2004 484 2032 καὶ
509 2005 527 2040 ἡ
551 2004 648 2031 Ῥέκαν
668 2004 695 2037 ⁸⁸,
716 2005 733 2038 ἡ
748 2003 794 2030 τοῦ
809 2003 924 2038 ’Λττήλα

139 2051 246 2086 γαμετὴ
273 2051 348 2086 παρὰ
367 2050 478 2086 ’Δδάμει
499 2050 553 2077 τῶν
576 2050 661 2085 αὐτῆς
687 2049 857 2084 πραγμάτων
875 2048 923 2084 τὴν

138 2096 289 2133 ἐπιτροπὴν
315 2097 402 2132 ἔχοντι
434 2096 551 2123 δειπνεῖν
580 2096 654 2131 ἡμᾶς
681 2094 841 2130 παρεκάλει.
868 2094 923 2120 Καὶ

139 2143 204 2177 παρ’
219 2143 299 2169 αὐτὸν
335 2141 458 2173 ἐλθόντες
483 2142 542 2177 ἅμα
557 2141 614 2168 τισὶ
637 2139 692 2167 τῶν
717 2140 749 2166 ἐκ
760 2140 806 2166 τοῦ
831 2139 924 2171 ἔθνους

137 2187 259 2221 λογάδων
299 2187 498 2223 φιλοφροσύνης
535 2186 677 2222 ἐτύχομεν.
718 2184 869 2218 Ἐδεξιοῦτο
896 2185 923 2211 δέ

137 2234 211 2269 ἡμᾶς
223 2233 363 2269 μειλιχίοις
375 2242 404 2260 τε
413 2233 503 2267 λόγοις
515 2233 562 2260 καὶ
572 2234 606 2268 τῇ
617 2231 671 2258 τῶν
685 2231 822 2266 ἐδωδίμων
835 2239 924 2266 παρα-

138 2281 233 2313 σκευῇ.
250 2278 305 2305 Καὶ
333 2278 448 2309 ἕκαστος
463 2277 518 2304 τῶν
535 2277 679 2313 παρόντων
695 2276 819 2312 Σκυθικῇ
849 2275 924 2310 φιλο-

135 2323 215 2358 τιμίᾳ
247 2323 345 2350 κύλικα
378 2323 444 2358 ἡμῖν
471 2322 563 2358 πλήρη
591 2321 795 2356 διανιστάμενος
824 2319 922 2353 ἐδίδου,

136 2368 184 2394 καὶ
209 2367 255 2394 τὸν
278 2367 409 2394 ἐκπιόντα
438 2365 595 2402 περιϐαλὼν
612 2366 660 2393 καὶ
684 2365 800 2400 φιλήσας
820 2364 922 2399 ταύτην

136 2412 254 2447 ἐδέχετο.
279 2413 357 2440 Μετὰ
384 2412 412 2439 δὲ
446 2411 477 2438 τὺ
512 2412 620 2439 δεῖπνον
661 2412 707 2438 ἐπὶ
733 2411 782 2446 τὴν
821 2410 923 2446 σκηνὴν

136 2457 260 2489 ἐλθόντες
284 2459 313 2490 ἐς
338 2458 420 2485 ὕπνον
436 2458 605 2494 ἐτράπημεν.
621 2457 660 2493 Τῇ
675 2457 703 2483 δὲ
740 2456 925 2493 ὑστεραίᾳέπὶ

138 2505 286 2540 συμπόσιον
316 2504 394 2536 αὖθις
423 2505 497 2539 ἡμᾶς
523 2503 655 2539 ’Δττήλας
684 2502 786 2536 ἐκάλει,
812 2504 859 2529 καὶ
885 2501 924 2538 τῷ

136 2550 262 2586 προτέρῳ
284 2551 376 2585 τρόπῳ
399 2550 476 2585 παρά
490 2558 521 2576 τε
544 2549 624 2576 αὑτὸν
641 2548 804 2583 εἰσήλθομεν
833 2549 879 2574 καὶ
897 2549 926 2579 ἐς

135 2598 184 2633 τὴν
223 2595 340 2630 εὐωχίαν
368 2595 539 2631 ἐτράπημεν.
568 2594 714 2622 Συνέϐαινε
746 2594 775 2621 δὲ
806 2595 853 2621 ἐπὶ
875 2594 925 2627 τῆς

136 2643 230 2678 κλίνης
253 2642 311 2676 ἅμα
332 2641 406 2676 αὐτῷ
435 2642 473 2676 μὴ
488 2642 535 2668 τὸν
567 2640 756 2676 πρεσϐύτερον
785 2640 839 2666 τῶν
860 2639 924 2665 παί-

135 2689 186 2715 δων
212 2685 306 2723 ἧσθαι,
317 2687 385 2714 ἀλλὰ
412 2687 466 2722 γὰρ
482 2686 656 2722 Ὤηϐάρσιον,
672 2685 744 2712 θεῖον
760 2684 834 2720 αὐτῷ
860 2693 926 2719 τυγ-

134 2735 250 2776 χάνοντα
280 2733 347 2768 πρὸς
367 2732 482 2768 πατρός.
506 2733 586 2767 Παρὰ
612 2732 668 2758 πᾶν
683 2731 711 2757 δέ
732 2730 762 2757 τὸ
775 2730 925 2776 συγμπδσιον

1010 1097 1057 1125 Die
1072 1102 1178 1131 exorto,
1194 1097 1358 1133 Onegesium
1381 1098 1527 1131 adlvimus,
1559 1098 1679 1126 dicentes
1709 1106 1759 1126 nos

975 1143 1075 1170 dimitti
1105 1148 1241 1178 oportere,
1271 1150 1359 1178 neque
1394 1143 1473 1170 nobis
1511 1143 1613 1170 diutius
1652 1148 1757 1178 tempus

976 1188 1116 1215 terendum
1131 1195 1202 1215 esse.
1220 1187 1278 1219 llle,
1302 1187 1414 1214 Attilam
1447 1194 1553 1221 quoque
1581 1187 1608 1214 in
1637 1194 1668 1214 ea
1697 1194 1759 1214 esse

976 1233 1124 1266 voluntate,
1140 1237 1168 1261 et
1192 1241 1241 1261 nos
1253 1233 1390 1260 dimittere
1403 1233 1589 1265 constituisse,
1611 1233 1758 1268 respondit.

976 1278 1070 1314 Itaque
1085 1287 1139 1306 non
1157 1279 1242 1307 multo
1255 1283 1317 1313 post
1331 1278 1475 1306 consilium
1492 1285 1634 1313 procerum
1652 1279 1684 1305 de
1705 1278 1757 1311 his,

975 1331 1035 1359 quae
1069 1324 1224 1359 imperatori
1265 1324 1454 1356 redderentur,
1489 1323 1609 1358 digessit.
1640 1323 1760 1351 Aderam

975 1378 1093 1406 quoque,
1119 1378 1233 1406 quorum
1251 1378 1323 1398 cura:
1356 1371 1484 1405 epistolas
1509 1370 1627 1398 scribere
1655 1370 1760 1397 incum-

976 1416 1065 1448 bebat,
1081 1418 1152 1444 tuter
1165 1423 1233 1450 quos
1249 1421 1307 1443 erat
1331 1416 1479 1449 Rustic-ius,
1512 1416 1552 1442 vir
1581 1423 1596 1442 e
1620 1416 1759 1450 superiore

976 1461 1061 1496 Mysia
1087 1466 1174 1493 artus,
1197 1461 1242 1495 qui
1256 1461 1290 1488 ab
1305 1461 1430 1488 hostibus
1448 1466 1554 1494 captus,
1571 1468 1631 1487 cum
1654 1460 1759 1488 dicendi

976 1505 1103 1533 facultate
1114 1505 1228 1537 valeret,
1243 1505 1362 1533 Barbare
1377 1513 1486 1540 operam
1509 1507 1534 1532 in
1554 1505 1759 1532 conscribendis

974 1551 1099 1585 epistolis
1118 1551 1244 1579 navabat.
1267 1551 1383 1578 Dimisso
1407 1551 1531 1584 consilio,
1562 1551 1596 1578 ab
1626 1550 1759 1586 Ouegcsiu

975 1598 1100 1633 precibus
1125 1597 1325 1629 contendimus,
1372 1602 1401 1624 ut
1426 1597 1506 1633 Syllae
1539 1597 1616 1624 uxori
1645 1603 1674 1624 et
1699 1597 1760 1632 ejus

975 1644 1077 1676 liberis,
1101 1644 1147 1678 qui
1171 1643 1197 1670 in
1226 1644 1427 1678 expugnatione
1453 1644 1528 1671 urbis
1551 1643 1679 1671 Ratiaria:
1707 1651 1759 1670 una

973 1696 1034 1716 cum
1055 1693 1141 1716 matre
1158 1688 1183 1715 iu
1196 1689 1354 1716 servitutem
1369 1689 1472 1716 redacti
1491 1693 1580 1722 erant,
1607 1688 1758 1716 libertatem

974 1737 1138 1764 restitueret.
1151 1735 1183 1762 Et
1194 1742 1257 1762 vero
1280 1735 1314 1761 ab
1343 1734 1385 1761 his
1409 1734 1557 1761 liberaudis
1577 1733 1690 1760 minime
1709 1734 1758 1759 ab-

974 1781 1111 1813 horrebat,
1142 1780 1188 1808 sed
1214 1779 1476 1808 corumlihertatem
1506 1786 1604 1813 magna
1636 1778 1757 1813 pecuniae

974 1833 1108 1853 summaa
1133 1825 1211 1852 nobis
1230 1830 1348 1860 emptam
1381 1824 1498 1851 volebat.
1520 1822 1614 1858 Itaque
1627 1830 1676 1850 nos
1695 1830 1757 1850 eutn

973 1870 1107 1904 supplices
1134 1878 1213 1898 orare
1245 1874 1273 1898 et
1308 1869 1448 1901 obtestari,
1476 1873 1516 1902 ut,
1546 1868 1636 1896 habita
1664 1875 1758 1895 eorum

973 1916 1095 1951 pristina;
1133 1916 1248 1944 fortuna:
1274 1916 1391 1947 ratione,
1419 1914 1559 1949 praesentis
1597 1913 1759 1940 calamitatis

973 1961 1212 1989 commiseratione
1235 1965 1400 1988 maveretur.
1423 1960 1481 1992 llle,
1497 1963 1527 1986 ut
1543 1958 1653 1986 Attilam
1681 1958 1757 1990 adiit,

974 2008 1114 2035 mulierem
1132 2015 1180 2042 pro
1198 2007 1354 2042 quingentis
1368 2006 1457 2033 aureis
1471 2005 1582 2032 liberam
1603 2004 1716 2036 dimisit,
1731 2008 1759 2030 ει

974 2052 1033 2087 ejus
1062 2053 1133 2079 ﬁlios
1162 2053 1233 2079 dono
1256 2052 1290 2079 ad
1329 2052 1520 2086 imperatorem
1555 2049 1638 2076 misit.
1654 2048 1757 2076 Interea

975 2098 1080 2129 Reean,
1096 2097 1186 2124 Attila:
1205 2104 1285 2129 uxor,
1299 2097 1325 2124 in
1342 2096 1415 2124 aedes
1427 2095 1553 2126 Adamis,
1569 2095 1614 2129 qui
1637 2095 1696 2128 eius
1715 2103 1757 2122 res

974 2142 1137 2171 domesticas
1150 2142 1273 2174 curabat,
1290 2148 1339 2168 nos
1361 2141 1395 2168 ad
1428 2147 1534 2167 coenam
1562 2140 1692 2168 invitavit.
1718 2142 1758 2166 At.

976 2195 1010 2216 eo
1027 2195 1078 2214 una
1108 2195 1169 2214 eum
1182 2187 1305 2222 pluribus
1328 2186 1446 2221 Scythiae
1461 2185 1632 2220 principibus
1643 2185 1758 2212 comiter

977 2232 1082 2267 excepti
1098 2238 1191 2259 sumus
1207 2231 1368 2266 etjucundis
1387 2230 1557 2258 sermonibus
1573 2234 1600 2257 et
1615 2229 1759 2265 magniﬂu

977 2277 1118 2312 epularum
1134 2281 1275 2312 apparatu.
1292 2275 1361 2304 Tum
1380 2276 1566 2311 unusquisque
1585 2282 1691 2307 eorum,
1712 2276 1757 2308 qui

976 2323 1098 2354 aderant,
1138 2329 1263 2357 surgens,
1308 2322 1436 2358 Scythica
1477 2321 1603 2348 comitate
1632 2320 1757 2356 poculum

976 2368 1053 2395 nobis
1064 2368 1193 2402 porrexit,
1205 2372 1231 2395 et
1242 2375 1314 2400 eum,
1328 2368 1446 2402 quiante
1456 2374 1485 2394 se
1495 2367 1609 2399 biberat,
1622 2365 1759 2400 amplexus

975 2418 1002 2440 et
1015 2413 1198 2445 exosculatus,
1211 2412 1274 2440 illud
1292 2412 1408 2447 excepit.
1429 2412 1451 2439 Α
1467 2418 1544 2439 ctena
1558 2417 1608 2438 nos
1627 2410 1654 2438 in
1671 2414 1759 2437 tento-

976 2460 1045 2487 rium
1085 2465 1207 2487 nostrum
1245 2458 1418 2493 recipientes,
1456 2463 1579 2485 somnum
1626 2455 1756 2490 cepimus.

977 2503 1112 2532 Postridie
1138 2504 1236 2531 iterum
1262 2510 1313 2531 nos
1328 2503 1426 2530 Attilae
1448 2502 1481 2529 ad
1499 2509 1605 2529 cenam
1622 2501 1758 2533 invitavit,

975 2554 1002 2578 et
1016 2551 1120 2582 eodem,
1149 2557 1204 2585 quo
1236 2550 1320 2584 prius,
1338 2549 1388 2576 ritu
1409 2548 1442 2575 ad
1459 2556 1520 2575 eum
1545 2547 1708 2574 accessimus
1731 2551 1758 2573 et

973 2597 1007 2624 ad
1023 2596 1190 2624 hilaritatem
1206 2603 1256 2623 nos
1273 2595 1466 2622 convertimus.
1490 2593 1558 2620 Tum
1592 2597 1682 2620 autem
1701 2600 1755 2619 non

973 2640 1134 2676 seniores
1150 2647 1182 2668 ex
1205 2640 1267 2667 llliis
1291 2639 1380 2667 Attilae
1405 2639 1433 2666 in
1447 2638 1506 2673 ejus
1537 2642 1595 2665 toro
1621 2645 1672 2665 uua
1696 2645 1757 2665 cum

974 2685 1034 2720 ipso
1062 2685 1251 2719 accumbebat,
1281 2684 1329 2712 sed
1356 2683 1516 2715 Oebarsius,
1546 2682 1605 2717 ejus
1635 2686 1755 2717 patruus.

974 2729 1026 2756 Per
1040 2734 1126 2758 totum
1141 2730 1259 2758 convivii
1277 2734 1382 2765 tempus
1410 2736 1459 2758 nos
1470 2728 1576 2757 blandis
1589 2728 1758 2757 sermonibus

754 2775 872 2803 VARle
900 2775 1097 2804 LECTIONES.

173 2831 196 2846 "
213 2831 309 2858 Ῥέκαν
335 2837 416 2864 supra
436 2828 490 2857 col.
506 2827 557 2855 732
569 2828 589 2855 D
601 2825 696 2861 Κρέκα
717 2824 855 2852 nominata
872 2828 923 2852 est.
