1951 3074
235 112 288 145 743

710 115 907 145 EXCERPTA
926 115 978 144 EX
996 114 1130 146 PRISCO
1150 116 1331 148 RHETORE

1808 122 1863 154 744

236 168 377 204 appellans
390 169 547 204 imperatori
562 169 653 197 dicere
675 169 767 204 jussit,
799 174 828 197 ut
854 169 1010 198 Constantio

1073 171 1162 206 λόγοις
1179 172 1422 208 φιλοφρονούμενος
1447 174 1562 210 φράζειν
1584 177 1658 211 ἡμᾶς
1674 177 1780 212 βασιλεῖ
1790 187 1863 216 παρ-

235 220 315 247 quem
333 213 365 239 ad
380 219 441 240 eum
456 213 561 246 Aelius,
578 217 609 240 ut
627 213 661 240 ab
683 213 803 248 epistolis
815 219 896 248 esset,
909 214 1021 242 miserat

235 265 347 284 uxorem
365 259 441 285 daret
451 265 522 291 eam,
537 267 618 294 quam
648 260 685 287 illi
707 261 885 295 promisisset.
900 261 1017 294 Etenim,

234 301 411 330 Constantius
423 310 474 329 una
492 310 554 330 cum
571 303 661 331 Attil:e
678 303 774 339 legatis
790 305 823 332 ad
839 305 1018 333 Theodosium

233 351 354 379 venerat,
382 353 410 375 et
442 355 472 376 se
497 356 607 384 operam
641 350 779 382 daturum,
814 355 843 378 ut
869 359 919 386 pax
941 351 1019 386 longo

235 395 356 426 tempore
393 392 464 420 inter
489 393 628 422 Romanos
660 399 687 422 et
718 394 829 423 llunnos
851 401 1017 429 servaretur,

233 435 348 471 dixerat,
371 438 450 466 modo
465 439 517 466 sibi
532 447 644 467 uxorem
661 440 822 475 locupletem
846 442 1032 477 matrimonio,

232 482 382 516 copularet.
419 482 489 512 Huic
505 485 626 519 petitioni
659 486 804 521 imperator
830 493 972 522 anmteral,
991 493 1019 516 et

234 525 373 553 Saturnini
389 527 481 562 ﬁliani,
498 529 550 555 viri
572 534 598 556 et
611 530 707 564 opibus
736 536 762 558 et
784 539 883 566 genere
910 533 974 560 clari
990 538 1018 561 et

235 573 337 605 ornati,
353 573 432 600 seilli
448 576 540 609 nuptui
569 575 693 603 daturum
719 578 892 612 promiserat.
923 579 1018 606 Satur-

234 619 329 646 ninum
357 624 445 646 autem
473 620 651 649 interemerat
676 623 808 650 Athenais
830 631 876 651 seu
899 625 1016 652 Eudocia

233 661 361 697 (utroque
389 665 461 691 enim
489 666 596 692 nomine
624 667 794 702 vocabatur),
823 676 911 703 neque
937 670 1018 705 impe-

233 707 319 734 ratori
346 709 378 736 ad
395 710 498 736 exitum
516 711 673 745 perducere,
689 714 760 747 quod
776 715 949 748 promiserat,
970 723 1018 750 per

233 752 381 786 Zenonem,
397 755 486 782 virum
504 757 686 791 consularem,
708 759 793 787 licuit.
815 760 840 788 ls
856 762 928 788 enim
951 762 1015 789 olim

232 807 330 835 magna
345 802 498 830 lsaurormn
511 803 684 832 multitudine
708 806 835 841 stipatus,
864 808 923 835 urbi
943 807 1016 835 Con-

1071 217 1212 244 εκελεύετο
1224 219 1263 254 τῷ
1287 219 1479 254 Κωνσταντίῳ,
1493 220 1523 252 ὃς
1547 221 1623 256 αὐτῷ
1639 223 1712 258 παρὰ
1751 225 1860 253 ’Δετίου

1070 263 1225 290 ἀπέσταλτο
1241 264 1420 299 ὑπογραφέως
1437 265 1527 300 χάριν.
1548 266 1648 294 διδόναι
1671 269 1705 303 ἢν
1717 269 1793 304 αὐτῷ
1807 279 1860 304 γυ-

1069 309 1150 334 ναῖκα
1181 308 1229 335 καί
1250 308 1393 344 ὑπέσχετο.
1412 310 1491 345 Παρὰ
1516 311 1571 346 γάρ
1595 312 1640 339 τὸν
1668 313 1782 348 βασιλέα
1805 315 1859 342 Θε-

1069 353 1170 380 οδόσιον
1198 354 1256 388 ἅμα
1276 357 1333 386 τοῖς
1363 355 1482 383 σταλεῖσι
1500 357 1575 391 παρὰ
1601 358 1648 384 τοῦ
1664 359 1781 395 ’Δττήλα
1791 362 1860 396 πρέ.

1070 399 1161 426 σὸεσιν
1189 400 1351 435 ἀφικόμενος
1365 400 1380 427 6
1395 402 1582 435 Κωνστάντιος
1598 404 1648 439 τὴν
1660 405 1773 441 εἰρήνην
1792 407 1860 433 Ῥω-

1070 446 1160 480 μαίοις
1175 447 1221 473 καὶ¹
1249 446 1366 478 Σκύθαις
1379 447 1462 482 ἔφησε
1478 449 1524 475 ἐπὶ
1542 450 1646 485 μακρὸν
1672 451 1859 485 φυλάττεσθαι

1068 491 1163 526 χρόνον
1177 493 1398 527 παρασκευάσειν
1417 493 1452 526 ⁸⁷,
1479 493 1512 520 ἃν
1535 494 1609 529 αὑτῷ
1636 497 1754 528 γυναῖκα
1775 497 1857 523 elim-

1070 545 1115 572 ρον
1139 537 1207 572 δοίη.
1223 538 1277 565 Καὶ
1304 538 1372 573 πρὸς
1392 538 1470 565 τοῦτο
1499 539 1632 567 ἐπένευσε
1651 541 1790 576 βασιλεὺς,
1808 542 1858 570 καὶ

1069 584 1232 618 Σατορνίλου
1257 585 1406 620 περιουσίᾳ
1428 586 1475 612 καὶ
1499 586 1573 620 γένει
1601 589 1789 623 κοσμουμένου
1805 590 1855 616 θυ-

1069 629 1174 664 γατέρα
1200 630 1306 665 εἰρήκει
1316 630 1422 658 δώσειν.
1439 630 1490 658 Τὸν
1503 632 1532 658 δὲ
1543 632 1704 668 Σατορνίλον
1718 635 1854 670 ἀνῃρήκει

1068 673 1195 709 Ἀθηνατς
1224 675 1241 709 ἡ
1273 675 1321 701 καὶ
1353 675 1479 702 Εὑδοκία’
1509 676 1674 712 ἀμφοτέροις
1702 678 1756 713 γὰρ
1785 679 1853 706 ἑκα-

1067 718 1138 746 λείτο
1168 720 1226 750 τοῖς
1255 719 1396 754 ὀνόμασιν.
1422 720 1467 752 Ἐς
1485 721 1566 756 ἔργον
1588 721 1618 747 δὲ
1632 722 1681 757 τὴν
1707 723 1789 750 αὐτοῦ
1818 724 1852 750 οὐ

1068 763 1260 800 συνεχώρησεν
1287 765 1404 800 ἀχθῆναι
1432 766 1580 801 ὑπόσχεσιν
1595 768 1698 802 Ζήνων,
1713 769 1849 802 ὑπατικὸς

1067 809 1136 845 ἀνὴρ
1163 811 1210 837 καὶ
1243 810 1344 846 πολλὴν
1361 811 1436 846 ἀμφ’
1456 813 1539 839 αὐτὸν
1568 812 1637 848 ἔχων
1656 814 1786 849 Ἰσαύρων
1805 815 1853 842 δύ-

231 846 419 880 stantinopoli,
429 854 487 882 qua:
502 848 573 876 bello
585 851 771 884 premebatur,
781 851 905 886 prasidio
916 852 1010 880 fuerat.

1068 843 1160 891 ναμιν,
1185 856 1244 891 μεθ’
1259 853 1294 892 ἧς
1322 843 1448 892 καὶ-τὴν
1474 843 1679 885 Κωνσταντίνου
1709 843 1779 887 κατὰ
1804 861 1853 887 τὸν

231 889 281 922 Qui
321 898 381 918 cum
421 893 595 920 Orientalium
638 896 806 923 exercituum
838 897 893 924 dux
923 903 1014 932 esset,

230 937 347 970 puellam
381 939 502 965 custodia
517 940 621 971 eduxit,
636 945 664 968 et
685 940 757 970 Rufo
781 943 899 977 cuidam,
922 945 966 972 uni
982 953 1016 973 ex

230 981 288 1008 suis
306 982 477 1015 neoCSsariis,
491 984 642 1018 despondit.
657 985 712 1012 Hac
736 987 822 1021 puella
838 988 889 1015 sibi
906 990 1015 1016 subtra-

231 1033 285 1059 cta,
301 1028 474 1057 Constantius
502 1030 649 1059 Barbarum
671 1034 777 1066 orabat,
798 1041 832 1061 ne
849 1035 899 1062 sibi
915 1035 1014 1064 factam

232 1073 422 1100 contumeliam
438 1074 598 1110 negligeret,
608 1076 655 1103 sed
670 1078 823 1111 perﬁceret,
840 1083 869 1105 ut
880 1079 932 1107 sibi
947 1088 1015 1109 uxor

232 1117 353 1152 daretur,
368 1125 414 1146 aut
425 1127 467 1153 ea,
477 1129 536 1155 qua
552 1123 679 1157 subrepta
696 1123 794 1155 fuerat.
805 1126 940 1154 autetiam
950 1127 1013 1161 alia,

229 1172 288 1198 quae
305 1165 393 1193 dotem
409 1165 528 1194 all'erret.
546 1167 728 1201 Quamobrem
738 1177 788 1203 per
803 1178 890 1199 coena:
907 1176 1013 1207 tempus

230 1209 370 1238 Barbarus
407 1211 579 1239 Maximinum
611 1213 767 1249 imperatori
799 1217 890 1245 dicere
921 1218 1011 1253 jussit,

230 1264 283 1283 non
296 1262 421 1291 oportere
432 1257 620 1286 Constantium
636 1268 683 1296 spe
700 1262 733 1289 ab
747 1262 806 1296 ipso
817 1264 934 1291 excitata
944 1265 1011 1299 ialli,

232 1308 259 1330 et
273 1303 307 1330 ab
324 1303 494 1338 imperatoris
523 1305 655 1340 dignitate
686 1307 803 1336 alienum
829 1309 926 1342 videri,
941 1319 1013 1339 men-

228 1349 320 1376 dacem
358 1357 428 1377 esse.
463 1350 527 1378 Haec
555 1352 652 1380 Attilas
686 1353 833 1382 ltlaximino
861 1356 1010 1390 mandarit,

228 1401 368 1429 propterea
383 1396 453 1431 quod
473 1395 649 1426 Constantius
677 1399 715 1426 illi
738 1400 873 1434 ingentem
892 1403 1012 1435 pecuniae

227 1449 360 1469 summam
392 1442 526 1476 pollicitus
555 1449 625 1478 erat,
654 1446 677 1473 si
698 1453 811 1474 uxorem
837 1454 852 1474 e
881 1447 1011 1476 Romanis

226 1488 324 1522 puellis
348 1488 506 1523 locupletem
525 1490 646 1518 duceret.
676 1490 731 1519 Sub
746 1497 824 1520 nocte
834 1500 849 1520 a
864 1501 941 1521 ctena
955 1495 1010 1522 dis-

227 1534 370 1561 cessimus.

262 1578 361 1609 Tribus
390 1580 485 1609 deinde
495 1581 591 1609 diebus
617 1581 726 1617 elapsis,
744 1584 902 1613 muneribus
918 1586 1010 1614 donati

228 1624 332 1652 dimissi
353 1633 458 1653 sumus.
483 1627 580 1655 Attilas
594 1636 703 1663 quoque
720 1630 875 1664 Berichum,
892 1632 980 1659 virum
995 1641 1011 1661 e

228 1670 345 1706 Scythia
362 1672 537 1707 primoribus,
560 1675 705 1702 multorum
719 1676 838 1704 vicorum
853 1677 879 1704 in
898 1678 1008 1714 Scythia

227 1717 373 1749 dominum,
406 1723 433 1745 et
463 1719 507 1753 qui
539 1720 563 1746 in
581 1720 705 1748 convivio
732 1723 870 1757 superiore
892 1724 952 1752 loco
966 1733 1010 1752 se-

225 1763 313 1797 derat,
331 1764 469 1792 nohiscum
493 1766 609 1801 legatum
640 1768 893 1802 adimperatorem
921 1771 1006 1799 misit.

226 1809 302 1837 Hunc
316 1810 387 1838 enim
401 1815 431 1838 et
453 1812 520 1840 alias
538 1813 653 1840 Romani
668 1821 716 1849 pro
729 1815 817 1850 legato
830 1816 1007 1846 admiserant.

225 1855 307 1883 Nobis
330 1862 421 1884 autem
439 1857 491 1885 iter
507 1859 717 1888 conﬁcientihus
729 1865 756 1888 et
781 1862 806 1889 in
822 1862 881 1890 vico
891 1864 1006 1898 quodam

224 1905 464 1938 commorantibus,
497 1911 592 1941 captus
630 1911 672 1934 est
707 1908 750 1936 vir
780 1907 891 1946 Scytha,
919 1911 964 1945 qui
991 1918 1006 1938 a

223 1947 352 1976 Romanis
369 1949 526 1983 explorandi
551 1951 637 1986 gratia
654 1952 682 1979 in
699 1953 844 1980 barbaram
869 1956 1006 1990 regionem

227 1994 419 2027 descenderat,
431 2002 511 2030 quem
530 1997 620 2024 crucis
644 1998 778 2032 supplicio
803 1999 875 2027 allici
908 2000 1006 2028 Attilas

222 2040 360 2073 praecepit.
380 2039 516 2069 Postridie
526 2043 608 2070 etiam
625 2044 687 2071 dum
705 2052 753 2079 per
766 2045 833 2073 alios
849 2047 922 2074 vicos
942 2054 1006 2081 pro-

222 2085 482 2121 grederemur,duo,
512 2090 558 2124 qui
593 2091 662 2125 apud
694 2091 809 2128 Scythas
839 2094 1004 2126 serviebant,

222 2131 346 2159 manibus
362 2133 444 2160 vincti
459 2139 519 2169 post
534 2139 608 2171 terga
640 2137 827 2170 trahebantur,
855 2140 928 2174 quod
952 2141 1002 2173 his,

1067 901 1112 928 τοῦ
1121 901 1239 937 πολέμου
1251 902 1346 937 καιρὸν
1363 902 1508 937 φυλάττειν
1522 903 1718 939 ἐπετέτραπτο.
1736 905 1802 932 Τότε
1816 906 1852 942 δὴ

1065 947 1120 974 τῶν
1134 948 1163 974 ὲν
1182 949 1215 983 τῇ
1232 947 1290 983 Ἐῳ
1305 949 1509 982 στρατιωτικῶν
1527 949 1618 985 ἄρχων
1633 951 1781 986 ταγμάτων
1798 951 1852 978 ὁπ-

1067 992 1157 1026 εξάγει
1175 993 1221 1019 τοῦ
1243 994 1372 1028 φρουρίου
1387 994 1436 1029 τὴν
1457 994 1551 1029 κόρην,
1570 994 1617 1020 καὶ
1642 995 1749 1031 Ῥούφῳ
1783 997 1850 1030 τινὶ,

1068 1036 1108 1062 ἑνὶ
1137 1036 1192 1063 τῶν
1213 1037 1384 1072 ἐπιτηδείων,
1402 1039 1552 1073 κατεγγυᾷ.
1573 1039 1681 1075 Ταύτης
1694 1041 1723 1068 δὲ
1738 1042 1850 1077 ἀφῃρη-

1066 1081 1166 1116 μένης,
1193 1083 1207 1108 ὸ
1225 1083 1414 1114 Κωνστάντιος
1442 1084 1526 1110 ἐδεῖτο
1551 1084 1598 1111 τοῦ
1625 1084 1784 1121 Βαρϐάρου,
1807 1089 1850 1114 ὲν-

1065 1127 1226 1162 υδρισμένον
1238 1128 1319 1154 αὐτὸν
1338 1129 1376 1164 μὴ
1393 1130 1579 1164 περιορᾶσθαι,
1593 1131 1650 1158 ἀλλ’
1675 1132 1692 1168 ἢ
1709 1133 1849 1168 τὴνάφαι-

1067 1173 1192 1208 ρεθείσαν
1219 1173 1236 1208 ἢ
1264 1175 1311 1200 καὶ
1319 1174 1401 1210 ἄλλην
1418 1175 1492 1210 αὺτῷ
1510 1176 1628 1203 δίδοσθαι
1643 1177 1767 1213 γαμετὴν
1779 1187 1848 1214 φερ-

1063 1217 1112 1254 νὴν
1125 1218 1304 1247 είσοίσουσαν.
1331 1220 1410 1255 Παρὰ
1434 1220 1481 1247 τὸν
1495 1221 1541 1247 τοῦ
1560 1221 1668 1249 δείπνου
1681 1224 1771 1250 τοίνυν
1784 1233 1846 1251 και-

1065 1264 1111 1299 ρὸν
1139 1265 1152 1291 ὁ
1169 1265 1311 1300 Βάρσαρος
1337 1265 1428 1300 λέγειν
1451 1266 1490 1302 τῷ
1521 1267 1688 1302 βασιλεύοντι
1698 1271 1743 1297 τὸν
1760 1272 1848 1305 Μάξι-

1064 1311 1140 1345 μῖνον
1153 1311 1274 1344 ἐκέλευε,
1302 1313 1339 1347 μὴ
1362 1313 1460 1348 χρῆναι
1482 1313 1531 1348 τῆς
1545 1314 1576 1346 ἐξ
1589 1315 1672 1342 αὑτοῦ
1702 1316 1747 1343 τὸν
1770 1317 1848 1344 Κων-

1063 1357 1185 1383 στάντιον
1207 1357 1313 1389 ἐλπίδος
1341 1358 1511 1394 διαμαρτεῖν·
1544 1359 1606 1387 οὔτε
1623 1362 1676 1397 γάρ
1701 1362 1805 1397 βασιλεῖ
1822 1364 1846 1380 ⁸⁸

1061 1401 1091 1428 τὸ
1106 1402 1252 1436 ψεύδεσθαι
1272 1403 1305 1431 θ’.
1321 1404 1412 1431 Ταῦτα
1436 1404 1464 1431 δὲ
1487 1406 1502 1432 ὸ
1524 1406 1653 1442 Ἀττήλας
1682 1409 1844 1444 ἐνετέλλετο,

1063 1447 1249 1483 ὑποσχομένου
1270 1449 1463 1486 Ιςωνσταντίου
1489 1451 1617 1486 χρήματα
1634 1452 1740 1485 δώσειν,
1751 1454 1775 1480 εί
1791 1455 1846 1481 τῶν

1062 1492 1221 1524 ζαπλούτων
1259 1482 1333 1529 αι’ἶτῴ
1371 1494 1447 1530 παρὰ
1467 1482 1614 1530 ⁹ιίωμαὶοις
1644 1482 1845 1535 κατεγχυηθείη

1061 1538 1142 1572 γυνή.

1094 1584 1147 1610 Τοῦ
1167 1583 1196 1610 δὲ
1211 1585 1361 1619 συμποσίου
1387 1586 1588 1619 ὑπεξελθόντες,
1609 1588 1678 1622 μετὰ
1698 1588 1747 1624 τὴν
1759 1589 1843 1616 νύκτα

1059 1629 1171 1665 ἡμερῶν
1189 1630 1389 1666 διαγενομένων
1416 1633 1512 1668 τριῶν,
1540 1633 1721 1669 διηφείθημεν
1747 1635 1844 1670 δώροις

1059 1676 1115 1706 τοῖς
1140 1677 1307 1711 προσήκουσι
1333 1678 1504 1713 τιμηθέντες·
1529 1679 1636 1713 ἔπεμπε
1669 1680 1698 1707 δὲ
1719 1681 1843 1717 δ’Δττή-

1058 1721 1107 1752 λας
1124 1722 1171 1748 καὶ
1189 1722 1299 1758 Βὲριχον
1314 1723 1360 1750 τὸν
1384 1724 1462 1759 ἡμῶν
1478 1725 1507 1751 ὲν
1518 1725 1556 1760 τῷ
1568 1726 1709 1762 συμποσίῳ
1722 1728 1844 1762 προκαθ-

1059 1767 1193 1800 εσθέντα,
1219 1768 1302 1804 ἄνδρα
1333 1769 1388 1796 τῶν
1415 1770 1534 1804 λογάδων
1559 1771 1607 1798 καὶ
1633 1772 1738 1799 πολλῶν
1755 1774 1785 1800 ἐν
1807 1775 1842 1809 τῇ

1059 1813 1178 1849 Σκυθικῇ
1208 1815 1310 1849 κωμῶν
1334 1816 1463 1850 ἄρχοντα,
1478 1817 1553 1853 παρὰ
1581 1817 1693 1852 βασιλέα
1707 1819 1843 1855 πρεσδευο

1059 1860 1182 1894 σόμενον,
1204 1861 1291 1892 ἄλλως
1307 1870 1337 1887 τε
1360 1863 1406 1888 καὶ
1432 1863 1512 1889 αὑτὸν
1528 1860 1571 1889 οἷα
1586 1863 1617 1899 δὴ
1633 1864 1755 1898 "pec-6w
1766 1867 1843 1900 παρὰ

1063 1905 1207 1940 Ῥωμαίων
1226 1907 1362 1940 δέξασθαι.
1394 1909 1566 1943 Ποιουμὲνων
1576 1910 1604 1936 δὲ
1629 1910 1707 1945 ἡμῶν
1726 1911 1776 1947 τὴν
1791 1920 1842 1938 πο-

1060 1952 1136 1985 ρείαν
1148 1953 1196 1979 καὶ
1220 1954 1288 1988 πρὸς
1303 1954 1382 1990 κώμῃ
1400 1956 1609 1982 καταλυσάντων
1621 1957 1685 1988 τινὶ,
1700 1957 1758 1992 ἥλω
1772 1957 1843 1984 Σκύ-

1057 1997 1106 2031 θης
1133 1998 1203 2033 ἀνὴρ
1223 1999 1399 2033 κατασκοπῆς
1419 2000 1500 2026 ἕνεκα
1515 2001 1549 2027 ἐκ
1567 2001 1616 2036 τῆς
1652 2000 1798 2036 Ῥωμαίων
1812 2004 1842 2035 ἐς

1057 2045 1104 2079 τὴν
1124 2044 1260 2080 βάρϐαρον
1289 2045 1458 2080 διαϐεϐηκὼς
1485 2046 1586 2082 χώραν·
1615 2048 1661 2073 καὶ
1681 2047 1763 2074 αὐτὸν
1784 2048 1842 2075 Ἀτ-

1056 2090 1139 2124 τήλας
1156 2090 1420 2126 ἀνασκολοπισθῆναι
1440 2092 1671 2127 παρεκελεύσατο.
1685 2093 1723 2128 Τῇ
1737 2094 1766 2120 δὲ
1778 2094 1840 2121 ἑπι-

1056 2135 1122 2171 ούσῃ
1137 2136 1171 2162 δι’
1194 2136 1294 2170 ἑτέρων
1324 2136 1425 2170 κωμῶν
1453 2138 1647 2173 πορευομένων
1675 2139 1767 2174 ⁴ἡμῶν,
1790 2139 1840 2166 ἄν·

221 2183 289 2209 quos
299 2176 360 2203 belli
373 2185 452 2205 casus
463 2179 588 2207 dominos
600 2180 718 2214 fecisset,
733 2183 815 2210 vitam
826 2184 1000 2218 eripuissent.

1062 2183 1114 2216 ἰρες
1138 2181 1186 2208 δύο
1206 2182 1260 2208 τῶν
1286 2182 1360 2217 παρὰ
1384 2183 1500 2214 Σκύθαις
1520 2183 1699 2210 δουλευόντων
1730 2185 1838 2220 ἧγοντο,

218 2219 286 2253 ﬂos,
308 2221 437 2249 immissis
451 2223 520 2250 inter
535 2224 587 2251 duo
607 2225 678 2259 ligna
707 2228 783 2255 uncis
809 2229 920 2262 praedita
948 2231 1004 2266 70

167 2282 170 2284 -
219 2267 363 2302 capitibus,
378 2268 404 2295 in
420 2276 502 2296 cruce
514 2276 657 2298 necarunt.
673 2271 805 2301 Berichus
820 2282 894 2308 vero,
917 2284 1005 2311 quan-

220 2312 264 2339 diu
283 2313 419 2348 Scythiam
443 2317 662 2350 peragravimus,
679 2318 773 2345 eadem
796 2320 837 2346 via
864 2321 1003 2350 nobiscum

219 2357 316 2392 iverat,
332 2360 489 2394 atplacidus
508 2366 535 2388 et
550 2362 654 2389 amicus
672 2364 744 2391 visus
759 2369 827 2392 erat.
855 2366 891 2394 Ut
905 2366 1003 2396 Istrum

218 2404 385 2439 traiecimus,
426 2410 535 2440 propter
578 2408 708 2442 quasdam
746 2417 831 2438 vanas
847 2419 954 2447 causas,
985 2422 999 2441 a

218 2450 304 2478 servis
332 2456 417 2485 ortas,
443 2460 493 2480 nos
527 2452 700 2481 inimicorum
734 2455 794 2484 loco
832 2457 935 2486 habuit.
967 2460 1002 2488 Et

218 2496 335 2530 primum
366 2497 475 2532 quidem
502 2506 612 2534 equum,
643 2508 725 2535 quem
756 2501 901 2531 Maximino
930 2506 1001 2533 dono

217 2543 337 2576 dederat,
368 2544 402 2571 ad
425 2551 454 2571 se
481 2545 626 2573 revocavit.
655 2546 759 2574 Etenim
787 2548 885 2575 Attilas
903 2556 999 2578 omnes

217 2588 337 2625 Scythiae
352 2589 497 2625 principes,
515 2591 561 2625 qui
590 2591 617 2618 in
643 2592 730 2626 ipsius
757 2593 885 2621 comitatu
907 2601 996 2630 erant,

217 2632 295 2660 donis
310 2631 486 2661 Maximinum
504 2642 602 2663 ornare
627 2636 757 2671 jusserat,
772 2642 799 2665 et
814 2640 998 2675 unusquisque

216 2679 341 2714 certatim
354 2678 391 2706 illi
403 2687 501 2715 equum
515 2681 636 2716 miserat,
652 2682 722 2711 inter
734 2691 802 2719 quos
815 2689 842 2712 et
853 2685 996 2715 Berichus.

1053 2228 1140 2254 ὀπίσω
1153 2227 1193 2254 τὼ
1219 2228 1292 2263 χεῖρε
1311 2228 1457 2263 δεδεμένοι,
1478 2230 1516 2261 ὡς
1540 2230 1605 2261 τοὺς
1622 2231 1692 2257 κατὰ
1721 2232 1840 2266 πόλεμον

1054 2273 1195 2305 ἀνελόντες
1223 2274 1368 2305 δεσπότας·
1396 2274 1442 2301 καὶ
1459 2275 1504 2301 ἐπὶ
1517 2274 1604 2307 ξύλων
1622 2275 1695 2303 δυοῖν
1723 2278 1840 2312 κεραίας

1054 2319 1169 2353 ἑχόντων
1185 2319 1285 2354 ἀμφοῖν
1307 2320 1358 2351 τὰς
1389 2321 1510 2354 κεφαλὰς
1525 2321 1689 2355 ἐμϐαλόντες
1707 2322 1839 2350 ἀνεσταύ-

1055 2373 1155 2398 ρωσαν.
1174 2364 1224 2399 Ἐφ
1243 2365 1304 2391 ὅσον
1331 2365 1360 2391 δὲ
1391 2365 1442 2400 τὴν
1464 2365 1601 2401 Σκυθικὴν
1633 2366 1795 2402 διεξῄειμεν,
1825 2369 1840 2394 ὸ

1053 2409 1163 2445 Βέριχος
1191 2410 1326 2436 ἐκοινώνει
1351 2412 1390 2443 τεῖ
1405 2411 1471 2445 ἡμῖν
1500 2412 1549 2446 τῆς
1569 2411 1641 2444 ὁδοῦ,
1663 2411 1710 2438 καὶ
1738 2413 1839 2447 ἥσυχός

1053 2464 1094 2486 τις
1114 2456 1161 2482 καὶ
1185 2456 1338 2491 ἐπιτήδειος
1361 2456 1510 2492 ἐνομίζετο.
1539 2457 1583 2488 Ὠς
1613 2457 1642 2484 δὲ
1656 2457 1702 2484 τὸν
1733 2458 1840 2493 Ἴστρον

1053 2501 1275 2536 ἐπεραιώθημεν,
1297 2502 1326 2528 ὲν
1341 2502 1441 2537 ὲχθροῦ
1465 2503 1532 2537 ἡμῖν
1555 2503 1663 2536 ἐγένετο
1681 2503 1764 2539 μοίρᾳ
1794 2504 1840 2530 διά

1052 2556 1129 2579 τινας
1156 2547 1257 2579 ἑώλους
1272 2548 1424 2582 ιροφὰσεις
1450 2549 1482 2574 ὲκ
1498 2548 1552 2574 τῶν
1580 2549 1754 2584 θεραπόντων
1773 2558 1839 2576 συν-

1052 2593 1220 2628 ενεχθεῖσας.
1237 2594 1292 2620 Καὶ
1310 2594 1443 2629 πρότερον
1467 2594 1517 2628 μὲν
1542 2595 1588 2621 τὸν
1605 2595 1687 2622 ἵππον
1698 2596 1836 2629 ἀφείλετο,

1052 2637 1074 2675 ᾧ
1102 2640 1148 2668 τὸν
1175 2640 1329 2675 Μαξιμῖνον
1354 2640 1547 2675 δωρησάμενος
1583 2638 1626 2676 ἧν,
1649 2641 1678 2668 ὀ
1699 2642 1754 2677 γὰρ
1777 2642 1838 2668 Ἀτ-

1052 2688 1137 2722 τήλας
1161 2687 1265 2718 πάντας
1287 2687 1360 2722 τοὺς)
1380 2687 1448 2722 ἀμφ’
1466 2687 1548 2715 αὑτὸν
1578 2687 1695 2722 λογάδας
1717 2696 1838 2724 παρεκε-

857 2741 974 2770 νΑιιιιΕ
994 2742 1196 2772 LECTIONES.

252 2781 518 2825 ξζπαρασκευάσειν,
549 2785 582 2814 ἂν
597 2786 643 2819 Η.,
661 2789 898 2822 παρασκευάσειεν
918 2789 951 2816 ἂν
982 2789 1056 2825 vulg.

215 2814 370 2849 ψεύδεσθαι.

1106 2790 1129 2806 ⁸⁸
1146 2788 1283 2825 βασιλικὸν
1299 2788 1372 2824 conj.
1400 2788 1431 2816 Β.
1450 2788 1473 2805 ⁸⁹
1487 2788 1602 2826 πρέπειν
1628 2790 1691 2818 add.
1716 2789 1748 2818 N.
1773 2795 1836 2818 onst
