1951 3074
206 126 261 159 747

710 121 906 152 EXCERPTA
927 121 977 151 EX
997 121 1130 152 PRISCO
1151 121 1333 152 RHETORE

1777 126 1841 158 '758

209 182 375 212 clandestina
390 180 513 212 consilia,
531 186 589 213 qua:
618 185 632 205 ιι
661 184 701 210 se.
726 177 760 204 ab
794 176 935 208 Etleeoue,
964 176 993 203 al

1054 176 1173 211 συνεχῶς
1184 177 1219 203 -δὲ
1233 177 1261 208 ἐς
1277 177 1381 204 ἱκεσίαν
1407 178 1586 213 τρεπόμενος,
1604 178 1674 206 ὥστε
1694 179 1776 207 αὑτὸν
1790 183 1842 216 μὲν

208 229 335 258 eunucho
349 232 375 255 et
389 227 553 261 imperatore
573 225 599 252 in
624 224 734 251 Attilam
761 223 910 257 composita
938 222 996 249 fue-

203 279 282 307 rant,
300 272 415 308 aperuit.
449 276 477 299 et
503 270 536 298 ad
563 277 658 306 preces
683 270 836 305 prolapsus,
864 275 944 296 orare
967 271 996 295 et

199 319 350 352 «obtestari,
367 323 396 346 ut
408 325 439 345 se
455 317 602 348 occideret,
616 321 643 343 et
663 315 748 342 lilium
766 314 833 341 nihil
859 313 992 348 promeri-

209 374 264 396 Ium
288 366 427 393 liberaret.
449 363 516 391 Cum
544 367 634 389 antem
656 361 752 388 Attilas
785 367 818 387 ex
850 360 904 391 his,
932 365 992 393 qua:

201 413 315 441 ‘Edccon
343 411 397 438 sibi
425 410 576 441 detexerat,
602 407 715 443 Bigilam
753 405 819 433 nihil
849 404 990 432 mentitum

208 461 384 496 perspiceret,
403 457 429 485 in
445 455 550 484 vincula
565 454 626 482 duci
639 453 776 489 praecepit,
793 459 808 480 ε
822 451 922 486 quibus
937 457 990 478 non

207 506 284 542 prius
297 511 359 533 eum
384 502 572 531 exsolnlnrum
597 500 717 528 minatus
751 503 804 531 est,
825 504 906 532 quam
933 496 993 531 ejus

208 541 281 579 iilius
293 551 320 578 in
340 557 399 577 eam
417 557 474 577 rem
491 547 619 575 dimissus
635 545 704 573 alias
716 544 914 580 quinquaginta
932 541 994 572 auri

208 598 292 626 libras
317 604 367 632 pro
391 595 533 631 utriusque
568 592 729 620 liberatione
761 592 934 623 exsolvisset.
965 595 993 619 et

207 645 309 680 Bigilas
335 642 444 678 quidem
476 641 504 668 in
529 639 634 667 vincula
660 642 702 666 est
738 637 888 672 conjectus,
923 637 994 664 illius

1049 221 1237 257 ἀναιρεθῆναι,
1255 222 1417 257 διαφεθῆναι
1443 224 1470 250 δὲ
1492 224 1538 251 τὸν
1554 225 1647 252 παῖδα.
1670 225 1755 258 Γνοὺς
1775 226 1805 254 δὲ
1827 229 1842 254 ὁ

1048 267 1177 302 Ἀττήλας
1193 267 1246 294 ἀπὸ
1266 268 1320 294 τῶν
1340 269 1467 296 Ἐδέκωνι
1493 271 1650 305 εἰρημένων
1690 271 1774 307 μηδὲν
1800 273 1843 299 δι‹

1045 312 1229 347 εψεῦσθαιτδν
1247 314 1369 348 Βιγίλαν,
1379 315 1407 341 ὲν
1419 315 1529 350 animi;
1543 314 1615 343 εἶναι
1644 317 1842 352 προσέταττεν,

1044 357 1074 385 οὐ
1091 358 1225 394 πρότερον
1252 359 1344 386 λύσειν
1369 361 1524 396 ἀπειλήσας
1555 362 1620 397 πρὶν
1645 363 1662 398 ῆ
1691 364 1737 389 τὸν
1754 364 1842 391 παῖδα

1044 403 1189 438 ἐκπέμψας
1216 404 1315 440 ἑτέρας
1332 406 1408 441 αὐτῷ
1424 408 1595 443 πεντήκοντα
1610 408 1724 443 χρυσίου
1744 409 1842 445 λίτρας

1045 449 1115 484 ὑπὲρ
1128 450 1182 476 τῶν
1202 451 1340 486 σφετέρων
1356 452 1465 487 κομίσαι
1478 453 1593 489 λύτρων.
1614 455 1669 481 Καὶ
1685 455 1699 481 ό
1715 455 1765 490 μὲν
1781 455 1842 482 ὲδέο

1044 494 1115 527 δετο,
1137 496 1151 522 ὁ
1181 495 1209 522 δὲ
1239 497 1269 528 ἐς
1284 497 1334 532 τὴν
1354 498 1499 532 Ῥωμαίων
1522 499 1646 535 ἐπανῄει.
1663 500 1792 535 Ἔπεμπε
1809 500 1841 526 δὲ

1048 541 1095 568 καὶ
1110 542 1240 577 Ὀρέστην
1262 544 1310 570 καὶ
1326 543 1431 571 Ἥσλαν
1446 544 1461 571 ό
1476 545 1608 582 ’Δττήλας
1637 547 1667 579 ἐς
1685 545 1735 582 τὴν
1758 547 1839 573 Κων-

1048 587 1188 613 σταντίνου

211 696 301 718 autem
330 688 363 716 ad
398 686 535 714 Romanos
561 684 650 712 rediit.
679 683 752 711 Misit
784 683 865 711 etiam
892 682 988 709 Attilas
1005 684 1126 712 Orestem
1138 690 1164 713 et
1179 686 1268 714 Eslam
1284 686 1556 724 Constantinopolim.

247 736 276 763 4.
289 734 332 771 (Α.
347 733 378 761 C.
394 732 457 764 M9,
474 731 531 758 ind.
549 729 581 757 il.
598 728 701 757 Theod.
712 727 776 763 '42.)
798 728 869 755 ﬂlnc
894 727 1002 755 Attilasp

211 781 290 810 illinc
305 780 378 808 Zeno
392 776 590 813 Chrysaphium
603 775 637 802 ad
666 781 774 809 poenam
805 773 997 808 deposcebant.

211 827 339 856 Omnium
354 829 443 853 autem
461 824 488 850 in
513 829 573 850 eum
587 821 685 848 animis
696 824 722 848 et
739 819 836 847 studiis
849 818 997 852 inclinatis,

209 875 296 900 visum
313 874 355 899 est
371 870 404 897 ad
420 868 532 896 Attilam
556 867 660 902 legatos
675 865 783 893 mittere
800 864 956 892 Anatolium
970 869 998 892 et

207 918 323 946 Nomum
341 926 347 945 :
367 914 523 943 Anatolium
554 913 663 949 quidem
695 911 853 946 magistrum
882 910 997 938 militum

207 962 407 1000 praesentalem,
443 965 470 989 et
496 960 543 995 qui
570 959 644 994 pacis
675 959 737 986 eum
776 958 897 985 Barbare
924 958 997 984 lnitae

207 1009 380 1037 conditiones
404 1009 603 1043 proposuerat:
638 1003 753 1031 Nomum
780 1010 844 1030 vero
874 1002 996 1037 magistri

207 1055 366 1090 dignitatem
386 1057 534 1088 gerentem,
552 1055 579 1078 et
592 1050 618 1077 iu
642 1056 785 1076 numerum
815 1049 996 1084 patriciorum

209 1111 261 1130 una
280 1109 341 1129 cum
367 1098 495 1127 Anatolio
522 1097 662 1127 allectum,
677 1103 736 1130 qua:
757 1094 876 1129 dignitas
891 1096 997 1122 exteris

209 1148 335 1176 omnibus
352 1144 499 1173 antecellit.
512 1143 609 1170 Missus
627 1148 700 1176 ,νει-ο
725 1145 766 1168 est
780 1148 841 1168 cum
869 1140 996 1168 Anatolio

209 1193 312 1220 Nonius
325 1198 380 1219 non
398 1189 484 1217 solum
502 1192 612 1223 propter
624 1187 763 1222 dignitatis
779 1185 995 1220 amplitudinem,

208 1240 347 1269 sed‘etiam
357 1237 418 1273 quia
431 1239 489 1264 erat
498 1233 631 1263 benevolo
643 1233 670 1261 in
683 1232 880 1268 Chrysaphium
894 1232 995 1264 animo,

208 1293 237 1315 et
259 1285 330 1321 apud
351 1283 498 1311 Barbarum
515 1281 600 1317 gratia
616 1284 644 1307 et
671 1279 833 1307 auctoritate
851 1278 995 1313 plurimum

207 1332 324 1360 valebat.
343 1329 410 1357 Nam
423 1328 446 1357 si
459 1327 522 1363 quid
536 1326 726 1362 perficiendum
739 1325 791 1352 sibi
807 1328 993 1359 proposuerat,

207 1377 320 1405 minime
334 1373 456 1410 pecuniis
475 1371 639 1408 parcendum
658 1376 719 1398 esse
733 1369 874 1397 censebat.
889 1368 922 1395 Et
957 1367 994 1395 illi

209 1423 318 1459 quidem
334 1420 523 1451 mittebantur,
536 1424 589 1452 quo
599 1415 710 1443 Attilam
724 1414 758 1442 ab
770 1414 810 1441 ira
826 1414 996 1441 dimoverent

209 1458 236 1497 et
248 1468 324 1504 pacis
340 1466 510 1494 conditiones
536 1462 683 1490 observare
695 1460 900 1494 persuaderent,
930 1458 996 1486 illud

209 1520 317 1550 quoque
353 1510 461 1544 dicturi,
498 1506 657 1535 Constantio
695 1510 808 1539 nuptum
849 1504 941 1531 datum
958 1504 991 1531 iri

209 1549 328 1596 puellam
361 1557 474 1584 minime
493 1552 633 1581 Saturnini
656 1551 717 1578 lilia:
732 1557 832 1585 genere
848 1553 876 1576 et
899 1549 994 1584 opibus

209 1595 466 1634 inferioremJllam
480 1599 552 1627 enim
582 1596 694 1624 minime
716 1600 821 1628 gratum
840 1595 993 1631 hujnsmodi

184 1679 190 1682 _
211 1649 414 1678 matrimoaium
439 1644 585 1673 habuisse:
613 1643 704 1678 itaque
728 1641 875 1669 secundum
909 1640 993 1676 legero

210 1696 289 1724 alteri
305 1694 439 1728 nupsisse.
456 1689 511 1717 Nec
528 1688 599 1716 enim
617 1686 688 1722 apud
709 1686 846 1714 Romanos
873 1685 914 1713 fas
935 1692 995 1713 esse

211 1743 265 1781 72
294 1741 433 1770 mulierem
468 1738 580 1766 invitam
611 1737 668 1764 viro
696 1735 840 1765 collocare.
869 1733 942 1760 Misit
968 1737 994 1760 et

210 1779 353 1819 eunuchus
380 1792 476 1813 aurum
499 1783 532 1811 ad
563 1782 721 1814 Barbarum,
749 1788 803 1816 quo
817 1780 936 1807 mollitus
960 1779 994 1805 ab

209 1837 249 1863 ira
265 1835 455 1862 deduceretur.

246 1881 273 1908 5.
303 1878 446 1906 Anatolius
476 1881 504 1903 et
530 1874 643 1906 Nonnus,
670 1873 739 1901 lstro
764 1871 936 1903 transmisso,
960 1870 995 1898 ad

209 1927 378 1955 Drenconem
392 1923 502 1950 [luvium
528 1927 613 1955 usque
633 1919 684 1955 (sic
699 1918 770 1946 enim
789 1916 935 1952 appellant)
965 1916 992 1943 in

209 1971 349 2008 Scythiam
376 1970 562 2004 penetrarunt.
604 1965 663 1993 Illic
705 1963 804 1991 Attilas
841 1962 993 1989 reverentia

209 2005 348 2045 tantorum
365 2014 485 2041 virorum
503 2016 602 2043 motus,
617 2016 650 2037 ne
665 2007 832 2042 longioribus
848 2005 994 2033 itineribus

208 2063 435 2098 defatigarenlur,
461 2065 523 2086 cum
542 2056 595 2084 illis
613 2055 751 2083 convenit.
781 2053 860 2081 initio
884 2052 993 2088 quidem

208 2110 292 2138 multa
328 2108 442 2143 superbe
474 2110 502 2133 et
527 2103 677 2132 insolenter
702 2101 850 2135 disserens,
883 2099 994 2127 tandem

208 2142 394 2192 magnitudine
414 2159 557 2181 munerum
575 2150 677 2185 arquior
688 2142 775 2175 factus
789 2151 842 2179 est.
855 2151 880 2174 el
895 2145 992 2173 blanda

1013 855 1033 883 Β

1010 1529 1032 1560 C

1086 731 1118 759 δ’.
1134 732 1194 758 Ὀτι
1212 732 1259 759 ὕπ’
1275 733 1439 769 ἀμφοτέρων
1457 734 1526 771 (39),
1541 736 1656 771 Ἀττηλα
1671 745 1700 763 τε
1714 738 1761 764 καὶ
1785 738 1841 773 Ζή-

1051 784 1145 808 νωνος,
1158 776 1318 812 αἰτούμενος
1330 779 1344 805 ὀ
1363 779 1520 814 Χρυσάφιος
1534 781 1563 808 ὲν
1579 782 1684 817 ἀγωνίᾳ
1703 783 1840 819 καθεστὴ-

1051 829 1103 848 κει.
1114 822 1224 849 Πάντων
1237 823 1265 850 δὲ
1279 824 1353 859 αὐτῷ
1365 824 1472 853 εὔνοιάν
1483 834 1513 853 τε
1526 827 1575 855 καὶ
1590 829 1710 864 σπουδὴν
1727 838 1838 856 συνεισ-

1049 867 1196 902 φερόντων,
1213 868 1300 896 ἐδόκει
1314 870 1390 905 παρὰ
1413 871 1460 898 τὸν
1477 871 1610 908 ’Δττήλαν
1635 874 1840 909 πρεσϐεύεσθαι

1053 912 1206 940 Ἀνατόλιον
1226 914 1274 941 καὶ
1289 915 1392 951 Νόμον,
1406 916 1452 943 τὸν
1469 917 1518 952 μὲν
1536 919 1689 945 Ἀνατύλιον
1710 920 1766 954 (Si)
1781 921 1838 947 τῶν

1047 957 1119 992 ἀμφὶ
1135 957 1247 993 βασιλέα
1260 959 1381 996 ἄρχοντα
1392 961 1479 989 τελῶν
1494 963 1542 990 καὶ
1559 963 1609 995 τὰς
1631 965 1771 1000 συνθήκας
1785 967 1838 1000 τῆς

1047 1003 1153 1031 ἐκείνου
1179 1006 1291 1042 εἰρήνης
1305 1007 1486 1043 προθέμενον,
1512 1009 1559 1036 τὸν
1573 1010 1600 1037 δὲ
1617 1011 1710 1046 Νόμον
1723 1012 1773 1048 τὴν
1785 1012 1838 1039 τοῦ

1049 1051 1200 1085 μαγίστρου
1219 1053 1302 1088 τιμὴν
1314 1054 1337 1070 ’⁴
1352 1054 1473 1090 ἄρξαντα
1500 1056 1547 1082 καὶ
1562 1057 1590 1083 ὲν
1605 1058 1660 1089 τοῖς
1680 1059 1837 1093 πατρικίοις

1047 1098 1096 1123 σιν
1109 1097 1205 1133 ἐκείνῳ
1217 1099 1448 1135 καταλεγόμενον,
1466 1101 1491 1128 οἳ
1507 1100 1540 1138 δὴ
1567 1102 1616 1134 τὰς
1629 1103 1716 1138 ἀρχὰς
1735 1104 1838 1131 ἀναϐε-

1048 1142 1147 1178 ϐήκασι
1159 1144 1256 1176 πάσας,
1273 1145 1467 1181 Συνεπέμπετο
1483 1147 1510 1174 δὲ
1529 1148 1674 1184 ’Δνςιτολίῳ
1687 1150 1778 1185 Νόμος
1804 1151 1838 1177 οὐ

1046 1187 1091 1215 διὰ
1101 1189 1216 1223 μέγεθος
1236 1190 1284 1225 τῆς
1300 1190 1386 1227 τύχης
1403 1192 1496 1227 μόνον,
1509 1193 1577 1220 ἀλλὰ
1595 1194 1633 1226 ὡς
1649 1195 1744 1231 καὶτῷ
1758 1196 1835 1232 Χρυ-

1048 1235 1138 1270 σαφίῳ
1151 1234 1245 1267 εὔνους
1258 1235 1296 1262 ὢν
1307 1237 1355 1263 καὶ
1365 1237 1508 1274 φιλοτιμίᾳ
1522 1239 1569 1265 τοῦ
1588 1240 1733 1276 Βαρϐἀρου
1756 1250 1837 1276 περι-

1050 1280 1197 1313 εσόμενος·
1209 1281 1251 1308 ὅτι
1269 1282 1324 1317 γὰρ
1338 1282 1456 1318 μάλιστα
1473 1285 1578 1319 προσῆν
1590 1285 1664 1320 αὐτῷ
1678 1286 1708 1313 τὸ
1721 1286 1759 1322 μὴ
1772 1287 1837 1321 φεί-

1047 1324 1140 1352 δεσθαι
1157 1327 1320 1361 χρημάτων,
1335 1327 1365 1354 τὸ
1387 1328 1476 1363 παρὸν
1492 1329 1624 1357 διαθεῖναι
1645 1332 1835 1360 ἐσπουδακότι

1047 1371 1103 1398 Καὶ
1120 1369 1193 1398 οὗτοι
1221 1372 1270 1407 μὲν
1285 1373 1443 1401 ἐστέλλοντο
1468 1375 1514 1402 τὸν
1536 1375 1667 1412 Ἀττήλαν
1680 1377 1834 1411 ἀπάξοντες

1047 1416 1096 1452 τῆς
1112 1417 1196 1454 ὀργῆς
1215 1419 1263 1446 καὶ
1280 1419 1330 1454 τὴν
1345 1420 1457 1455 εἰρήνην
1479 1420 1527 1448 ἐπὶ
1538 1424 1601 1454 ταῖς
1616 1423 1760 1455 συντάξεσι
1777 1424 1836 1451 δια-

1048 1462 1194 1496 φυλάττειν
1214 1464 1366 1499 πείσοντες,
1382 1465 1506 1498 λέξοντες
1525 1467 1552 1494 δὲ
1570 1467 1628 1498 καὶ,
1648 1468 1684 1500 ὼς
1703 1469 1742 1504 τῷ
1753 1470 1836 1496 Κων-

1049 1509 1166 1545 σταντίῳ
1180 1511 1434 1547 κατεγγυηθήσεται
1447 1513 1516 1548 γυνὴ
1531 1513 1562 1540 οὑ
1573 1514 1656 1548 μείων
1667 1515 1715 1550 τῆς
1732 1516 1835 1552 Σατορ-

1047 1554 1119 1581 νί).ου
1143 1555 1216 1589 γένει
1242 1564 1272 1583 τε
1300 1559 1347 1583 καὶ
1375 1559 1530 1595 περιουσίᾳ.
1565 1559 1687 1595 Ἐκείνην
1710 1562 1764 1596 γὰρ
1794 1563 1833 1597 μὴ

1047 1599 1235 1636 βεϐουλῆσθαι,
1250 1602 1311 1629 ἀλλ’
1330 1603 1417 1639 ἑτέρῳ
1442 1605 1513 1632 κατὰ
1527 1605 1608 1641 νόμον
1623 1607 1765 1642 γήμασθαι
1777 1614 1785 1623 '
1801 1609 1833 1635 οὐ

1045 1646 1100 1681 γὰρ
1114 1646 1193 1682 θέμις
1207 1648 1281 1683 παρὰ
1299 1647 1446 1683 Ῥωμαίοις
1457 1650 1578 1678 ἄκουσαν
1593 1653 1710 1685 γυναῖκα
1728 1661 1831 1684 κατεγ-

1045 1692 1162 1725 γυᾶσθαι
1180 1693 1266 1728 ἀνδρί.
1285 1694 1414 1728 Ἐπεμπε
1429 1695 1458 1721 δὲ
1474 1695 1521 1722 καὶ
1536 1696 1549 1722 ὀ
1564 1696 1690 1732 εὐνοῦχος
1701 1697 1739 1732 τῷ
1756 1699 1828 1733 Βαρ-

1045 1737 1252 1809 ἓάρῳὲχρυσίον,
1262 1738 1331 1766 ὥστε
1342 1740 1423 1767 αὑτὸν
1433 1739 1606 1777 μειλιχθὲντα
1616 1743 1771 1779 ἀπαχθῆναι
1782 1745 1831 1771 cui

1063 1792 1142 1809 υμου.

1063 1792 1142 1818 υμου.

1082 1877 1112 1902 ε’.
1130 1875 1192 1902 Ὅτι
1221 1876 1246 1902 οἱ
1263 1876 1335 1911 ἀμφὶ
1351 1877 1396 1904 τὸν
1415 1877 1568 1905 Ἀνατόλιον
1592 1879 1639 1906 καὶ
1668 1880 1759 1916 Νόμον
1782 1880 1830 1908 τᾶν

1047 1921 1152 1956 Ἴστρον
1172 1922 1370 1956 περαιωθέντες
1384 1923 1464 1959 ἄχρις
1475 1924 1522 1951 τοῦ
1538 1925 1696 1960 Δρέγχωνος
1714 1926 1828 1962 λεγομέ-

1044 1975 1089 1994 νου
1109 1966 1230 2001 ποταμοῦ
1247 1968 1275 1999 ὲς
1290 1967 1339 2003 τὴν
1367 1968 1503 2005 Σκυθικὴν
1529 1970 1675 2004 διέϐησαν⁸
1691 1972 1760 1999 αἰδοῖ
1774 1972 1829 2008 γὰρ

1044 2011 1098 2038 τῶν
1112 2012 1217 2046 ἀνδρῶν
1232 2013 1246 2038 ό
1267 2012 1408 2048 Ἀττήλας,
1432 2013 1502 2040 ὥστε
1519 2015 1556 2050 μὴ
1573 2015 1610 2050 τῷ
1623 2017 1672 2051 τῆς
1692 2016 1752 2043 ὀδοῦ
1768 2018 1828 2043 ἑπι-

1043 2058 1183 2094 τρὶϐεσθαι
1206 2058 1383 2094 διαστήματι.
1405 2060 1435 2087 ἐν
1457 2061 1553 2097 ἐκείνῳ
1574 2062 1613 2096 τῷ
1636 2062 1728 2098 χωρίῳ
1759 2063 1828 2096 πρὸς

1044 2104 1142 2136 αὐτοὺς
1153 2105 1300 2139 ἐποιήσατο
1315 2104 1442 2137 ἔντευξιν.
1462 2107 1516 2133 Καὶ
1537 2107 1645 2142 πρῶτον
1660 2108 1708 2142 μὲν
1723 2108 1826 2144 ὑπερη-

1044 2151 1136 2185 φάνως
1162 2150 1313 2186 διαλεχθεὶς
1337 2151 1445 2187 ὑπήχθη
1474 2152 1517 2188 τῷ
1531 2153 1629 2188 πλήθει
1648 2154 1701 2181 τῶν
1718 2154 1825 2189 δώρων,

207 2203 358 2238 legatorum
375 2199 498 2227 oratione
515 2195 656 2228 delinitns,
672 2202 701 2222 se
713 2201 806 2229 pacem
821 2196 990 2220 servaturum

1047 2197 1091 2223 καὶ
1104 2197 1192 2231 λόγοις
1209 2197 1357 2232 προσηνέσι
1371 2197 1519 2233 μαλαχθεὶς
1535 2199 1679 2232 φυλάττειν
1689 2200 1738 2235 τὴν
1751 2201 1826 2236 εἰρή-

207 2237 357 2278 secundum
371 2245 574 2277 conventiones,
587 2242 709 2277 iuravit;
726 2248 755 2268 se
781 2246 887 2274 quoque
917 2237 991 2265 omni

207 2295 318 2331 regione
337 2298 411 2321 trans
429 2290 541 2323 Istrum,
572 2293 698 2323 tanquam
728 2286 910 2314 Romanorum
924 2284 993 2319 juris

208 2340 372 2374 ditionisque
399 2337 506 2369 cedere,
537 2340 626 2369 neque
655 2340 736 2368 porro
769 2331 926 2367 imperatori
958 2331 992 2358 de

206 2386 329 2423 profugis
362 2382 506 2412 reddendis
551 2380 694 2408 molestum
739 2377 869 2410 futurum,
912 2377 991 2404 modo

207 2432 322 2460 Romani
347 2430 375 2459 in
405 2433 544 2465 posterum
586 2434 601 2453 a
642 2423 788 2460 transfugis
818 2423 991 2451 admittendis

207 2481 400 2514 temperarent.
440 2473 578 2502 Liberavit
614 2475 642 2499 et
682 2471 809 2505 Bigilam.
840 2470 991 2497 numeratis

205 2523 402 2559 quinquaginta
429 2520 488 2548 auri
516 2519 604 2551 libris,
633 2523 700 2552 quas
730 2515 822 2550 Bigilae
842 2515 912 2541 titius
928 2522 989 2542 cum

206 2569 303 2605 legatis
329 2570 356 2596 in
385 2565 525 2602 Scythiam
547 2563 659 2591 veniens
685 2561 823 2589 attulerat.
854 2559 924 2587 Tum
963 2565 990 2588 et

205 2615 331 2643 Anatolio
363 2618 392 2641 et
432 2611 517 2640 Nonio
557 2609 734 2645 gratiﬁcans,
774 2607 987 2642 quamplurimos

205 2660 327 2694 captivos
338 2659 392 2686 illis
408 2655 467 2685 sine
489 2657 544 2685 ullo
563 2655 649 2690 pretio
666 2654 810 2682 concessit.
844 2653 987 2680 Postremo

207 2705 319 2733 donatos
328 2705 405 2739 equis
418 2708 445 2731 et
467 2702 585 2731 ferarum
601 2700 724 2737 pellibus,
752 2700 850 2735 quibus
880 2698 986 2735 Scytlue

1043 2251 1091 2278 νην
1107 2242 1154 2269 ἐπὶ
1168 2243 1229 2274 ταῖς
1254 2242 1350 2274 αὑταῖς
1368 2242 1513 2278 ἐπώμνυτο
1543 2243 1702 2279 συνθήκαις,
1719 2246 1827 2280 ἀναχω-

1043 2290 1100 2323 ρεῖν
1114 2288 1143 2315 δὲ
1159 2288 1206 2316 καὶ
1218 2288 1267 2323 τῆς
1277 2288 1316 2323 τῷ
1330 2288 1428 2324 Ἴστρῳ
1441 2289 1602 2324 ὁριζομένης
1620 2289 1760 2325 Ῥωμαίων
1774 2291 1826 2326 γῆς

1042 2335 1090 2361 καὶ
1102 2334 1149 2361 τοῦ
1164 2334 1315 2369 πράγματα
1326 2333 1366 2360 ἔτι
1379 2333 1509 2369 παρέχειν
1526 2334 1592 2370 περὶ
1606 2335 1733 2369 φυγάδων
1748 2336 1826 2371 βασι-

1041 2379 1094 2413 λεῖ,
1112 2381 1136 2407 εἰ
1155 2380 1192 2415 μή
1209 2388 1242 2413 γε
1263 2380 1398 2415 Ῥωμαῖοι
1415 2378 1492 2412 αὖθις
1511 2381 1620 2416 ἐτέρους
1639 2383 1823 2417 καταφεύγον-

1041 2434 1091 2458 τας
1106 2427 1170 2460 παρ’
1181 2426 1263 2453 αὐτοῦ
1276 2425 1403 2459 δέξοιντο.
1425 2426 1515 2460 Ἦιριει
1527 2426 1555 2453 δὲ
1572 2428 1620 2454 καὶ
1639 2428 1758 2462 Βιγίλαν,
1775 2430 1825 2461 τὰς

1041 2473 1211 2508 πεντήκοντα
1227 2471 1273 2499 τοῦ
1295 2471 1397 2507 χρυσοῦ
1414 2472 1508 2508 λίτρας
1539 2472 1685 2509 δεξάμενος
1712 2475 1825 2509 (ταύτας

1040 2518 1096 2554 γὰρ
1113 2517 1187 2553 αὐτῷ
1199 2519 1357 2553 ἐκεκομίκει
1373 2519 1387 2545 ὁ
1412 2518 1477 2550 παῖς
1492 2519 1541 2545 σὺν
1557 2521 1613 2551 τοῖς
1628 2520 1776 2554 πρέσϐεσιν
1796 2522 1825 2553 ἐς
1874 2536 1883 2544 ο

1039 2564 1087 2600 τὴν
1100 2563 1236 2600 Σκυθικὴν
1246 2564 1272 2580 ’⁸
1286 2563 1408 2599 διαϐὰς),
1426 2564 1473 2590 καὶ
1485 2565 1677 2600 αἰχμαλώτους
1697 2566 1761 2593 ἄνευ
1775 2567 1824 2594 λύ-

1039 2618 1111 2645 τρων
1127 2610 1216 2644 ἀφῆκε
1243 2610 1397 2642 πλείστους,
1425 2609 1570 2646 Ἀνατολῐῳ
1587 2612 1634 2638 καὶ
1662 2612 1747 2648 Νόμῳ
1775 2622 1826 2648 χα-

1042 2656 1192 2691 ριζόμενος.
1208 2656 1405 2691 Δωρησάμενος
1427 2656 1456 2683 δὲ
1477 2657 1525 2683 καὶ
1547 2657 1649 2689 ἵππους
1669 2658 1761 2690 αὐτοῖς
1776 2660 1824 2686 καὶ

1041 2700 1144 2737 θηρίων
1157 2701 1250 2738 δορὰς,
1265 2698 1309 2734 αἷς
1319 2703 1343 2729 οἱ
1363 2701 1493 2737 βασίλειοι
1520 2702 1686 2738 κοσμοῦνται
1709 2703 1825 2737 Σκύθαι1

838 2770 953 2798 νΑιιιλΕ
970 2770 1171 2800 LECTIONES.

240 2830 264 2848 “
276 2829 470 2866 τιμὴνὶὰρχὴν
483 2835 568 2864 marg.
582 2828 615 2856 H.
653 2829 676 2846 "
693 2828 827 2864 Σκυθικὴν
839 2827 912 2863 νει,
929 2829 1064 2865 συνθήκην
1081 2829 1153 2866 vnlg.
