1951 3074
134 157 189 188 τω

518 157 565 187 DE
583 156 868 188 LEGATIONIBUS
888 157 1133 188 RONIANORUM
1156 157 1206 187 AD
1225 158 1383 190 GENTES.

1707 160 1761 192 τεο

136 214 298 249 ἀπέπεμπε,
319 213 484 249 συμπέμψας
513 215 562 241 καλ⁹
580 214 625 241 τὸν
641 214 832 241 Κωνστάντιον
853 213 924 240 ὥστε

979 213 1045 250 regii
1065 214 1099 241 ad
1118 219 1243 242 ornatum
1265 219 1389 247 utuntur,
1418 213 1528 242 dimisit.
1562 214 1694 244 Comitem
1710 215 1764 246 illis

136 261 216 296 αὐτῷ
234 260 347 296 βασιλέα
363 260 403 292 εἰς
418 261 498 296 ἔργον
515 253 630 295 ἇγαγεϊν
643 260 693 296 τὴν
705 260 864 295 ὑπόσχεσιν.
880 259 925 291 Ὠς

135 308 167 334 δὲ
192 307 343 342 ἐπανῆλθον
365 307 390 333 οἱ
405 307 545 342 πρέσόεις,
570 307 617 334 καὶ
630 307 738 334 ἅπαντα
758 307 792 333 τά
812 315 841 332 τε
859 307 924 342 παρ’

137 354 240 385 αὐτῶν,
254 353 288 379 τά
303 362 332 379 τε
350 353 425 387 παρᾶ
440 353 487 378 τοῦ
502 352 647 388 Βαρδάρου
658 352 808 386 διεξῆλθον,
824 359 925 386 κατεγ-

137 400 238 434 γυᾶται
266 398 305 433 τῷ
333 398 516 433 Κωνσταντιῳ
527 397 597 433 γυνὴ
613 397 721 434 γαμετὴ
744 397 891 433 ’Δρματιου
901 398 925 414 ’⁸

137 443 284 478 γενομένη,
297 443 391 474 παιδὸς
403 442 516 469 Πλινθου
525 442 572 469 τοῦ
583 443 659 478 παρὰ
670 442 818 477 Ῥωμαίοις
827 450 926 477 στρατ-

135 491 291 525 ηγήσαντος
320 490 367 516 καὶ
386 489 549 524 τὴνθπατον
569 490 657 524 ἀρχὴν
681 489 823 525 ἄρξαντος.
855 490 924 516 Συν-

136 535 266 571 εόεὸήκει
279 535 308 561 δέ
329 535 375 562 τὸν
393 535 546 569 Ἀρμάτιον
566 535 594 566 ἐς
609 535 658 570 τὴν
674 535 781 562 Λιδὺων
794 535 925 562 διαϐάντα

135 582 184 607 ἐπὶ
198 582 231 615 τῇ
252 580 320 616 πρὸς
342 580 527 616 Δὺσοριανοὺς
553 581 628 616 μάχῃ
639 580 813 616 εὐημερῆσαι
833 580 882 615 μὲν
896 581 925 608 ἐν

134 625 175 660 τῷ
189 625 257 660 πρὸς
268 625 390 657 ἐκείνους
416 625 539 661 πολέμῳ,
552 626 707 662 νοσήσαντα
723 627 751 653 δὲ
766 627 926 661 τελευτῆσαι

134 672 182 698 τὸν
198 671 264 707 βίον.
286 668 323 699 Οὗ
337 671 369 707 δὴ
392 672 441 708 τὴν
457 673 592 709 γαμετὴν,
608 673 655 700 καὶ
668 672 741 707 γένει
755 672 803 699 καὶ
815 680 926 709 περιου-

136 718 184 753 σίᾳ
202 718 417 753 διαπρέπουσαν,
435 717 545 744 ἔπεισεν
557 719 571 745 δ
583 718 710 753 βασιλεὺς
724 717 764 753 τῷ
778 718 926 745 Κωνσταν-

135 764 188 798 τίῳ
201 763 353 798 γήμασθαι.
367 762 445 790 οὓτω
457 764 504 790 καὶ
518 763 573 790 τῶν
593 763 662 799 προς
683 764 815 798 Ἀττήλαν
831 763 926 790 λυθέν-

137 819 192 837 των
216 810 364 847 διαφορῶν,
389 811 403 838 δ
425 811 564 843 θεοδόειος
589 811 696 844 ἐδεδίει,
735 811 843 847 μήποτε
880 810 927 837 καὶ

136 858 231 893 Ζήνων
240 857 376 893 τυραννίδι
392 857 556 891 ἐπιθήσεται
570 857 638 892 (32).

977 258 1082 286 addidit
1095 259 1295 292 Constantium,
1315 263 1345 287 ut
1359 260 1509 295 imperator
1522 260 1574 296 ipsi
1597 268 1628 289 re
1654 262 1763 290 contir-

977 309 1074 338 maret,
1090 312 1150 340 qua:
1162 305 1254 333 verbis
1277 305 1449 340 promiserat.
1464 305 1502 334 Ut
1516 306 1597 342 legati
1611 307 1761 342 redierunt,

977 354 1079 378 etcum
1099 351 1182 379 Attila
1199 351 1271 379 ultro
1287 351 1411 387 citroque
1429 356 1489 380 acta
1508 353 1668 388 retulerunt,
1682 353 1764 382 Cou-

978 397 1079 424 stantio
1099 398 1193 432 nuptui
1219 398 1299 426 datur
1322 398 1456 433 quondam
1470 406 1538 427 uxor
1561 400 1687 434 Armatii,
1714 401 1763 429 ﬁlii

977 441 1101 475 Plintha‘,
1116 443 1162 476 qui
1178 443 1248 478 apud
1265 443 1402 472 Romanos
1415 445 1584 472 exercituum
1601 446 1653 473 dua
1675 445 1764 474 fuerat

977 493 1005 516 et
1016 489 1185 516 consulatum
1200 489 1309 516 inierat.
1326 489 1373 517 Ille
1389 491 1414 517 in
1428 490 1541 526 Libyam
1556 491 1695 526 profectus
1704 493 1764 521 acie

976 541 1038 561 cum
1053 534 1213 562 Ansorianis
1226 535 1417 563 decertaverat
1434 540 1460 563 et
1470 543 1600 571 prospere
1618 543 1762 572 pugnam:

978 587 1041 607 mox
1064 581 1158 608 morbo
1178 586 1321 616 correptus
1343 581 1429 609 vitam
1452 582 1570 610 finierat.
1595 582 1662 618 Ejus
1673 584 1761 618 uxori,

976 633 1075 660 genere
1088 631 1116 654 et
1127 626 1237 662 :divitiis
1262 628 1426 662 conspicute,
1455 632 1517 663 post
1543 628 1635 656 mariti
1658 629 1762 657 obitum

976 672 1125 707 imperator
1152 673 1253 701 nubere
1281 673 1442 702 Constantio
1485 678 1669 709 persuaserat.
1710 675 1763 703 Sed

976 719 1072 754 sopitis
1089 720 1214 747 omnibus
1225 720 1258 747 ad
1275 720 1347 748 hunc
1364 721 1471 748 modum
1485 729 1490 734 ·
1503 728 1563 748 cum
1595 720 1678 748 Attila
1702 728 1764 749 eon-

978 763 1129 796 troversiis,
1145 764 1326 792 Theodosium
1351 773 1437 793 novus
1457 766 1538 794 timor
1549 766 1702 801 occupavit,
1729 774 1763 794 ne

975 809 1050 837 leno
1066 811 1233 845 tyrannidem
1247 812 1397 840 invaderet.

176 901 214 934 ς’.
227 884 290 929 ’Ὃς-ι
315 902 362 930 τοῦ
384 884 501 938 ’Δττήλα
514 884 579 938 (55)*
590 884 636 929 τόν
650 902 672 918 ’⁷
691 901 767 937 παρὰ
783 900 923 928 Θεοδοσίου

1013 900 1040 928 6.
1055 900 1095 935 (P.
1109 901 1141 928 A.
1155 901 1187 929 C.
1202 902 1254 930 450
1265 902 1322 930 Ind.
1341 903 1357 931 5
1370 903 1453 932 Marc.
1465 905 1502 940 i.)
1519 904 1587 932 Cum
1603 905 1701 933 Attilae
1715 906 1766 932 tri-

134 948 303 983 τεταγμένον
319 948 402 984 φόρον
415 947 561 982 ζητοῦντος
573 947 590 983 ἢ
601 947 721 982 πόλεμον
738 946 923 979 ἀπειλοῦντος,

134 994 191 1021 τῶν
213 994 356 1029 Ῥωμαίων
372 994 493 1021 στέλλειν
517 994 582 1029 παρ’
596 993 678 1021 αὑτὸν
702 993 832 1028 πρέσϐεις
856 994 924 1019 ἁπο-

135 1042 318 1076 κριναμένων,
337 1040 513 1072 ’Δπολλώνιος
528 1040 680 1075 ἐπέμπετο,
694 1035 781 1075 οὗπερ
791 1039 924 1073 όάδελφὸς

135 1088 185 1123 τὴν
197 1088 357 1123 Σατορνιλου
371 1088 528 1123 γεγαμήκει
544 1087 693 1123 θυγατέρα,
708 1087 741 1122 ἢν
753 1087 767 1113 ό
778 1085 924 1116 Θεοδόσιος

132 1134 260 1161 ἐϐούλετο
277 1133 458 1169 Κωνσταντίῳ
477 1134 644 1168 κατεγγυᾷν,
662 1133 756 1168 Ζήνων
772 1132 800 1159 δέ
818 1132 924 1167 Ῥούφῳ

136 1182 261 1208 ἐδεδώκει
272 1181 339 1216 πρὸς
347 1181 451 1215 γάμον·
467 1180 528 1207 τότε
540 1180 569 1207 δὲ
581 1179 611 1212 ἐξ
625 1179 777 1214 ἀνθρώπων
790 1179 923 1213 ἐγεγόνει.

137 1228 191 1255 Τοῦ
222 1229 344 1263 Ζήνωνος
372 1226 419 1254 οὖν
444 1227 500 1254 τῶν
519 1226 680 1262 ἐπιτηδείων
704 1227 718 1253 ὁ
745 1225 924 1258 ’Δπολλώνιος

136 1275 257 1309 γεγονὼς
268 1275 313 1301 καὶ
327 1273 376 1309 τήν
391 1273 559 1309 στρατηγίδα
571 1273 663 1309 λαχὼν
674 1273 774 1309 ἀρχὴν,
790 1272 867 1308 παρὰ
879 1273 925 1299 τὸν

143 1322 275 1357 Ἀττήλαν
292 1322 430 1356 ἐπέμπετο
445 1321 696 1356 πρεσϐευσάμενος.
728 1320 783 1348 Καὶ
808 1320 854 1348 τὸν
876 1319 925 1356 μὲν

138 1369 245 1403 Ἴστρον
256 1367 428 1403 ἐπεραιοῦτο,
443 1368 493 1394 οὐκ
506 1366 583 1402 ἔτυχε
595 1367 624 1394 δὲ
644 1367 693 1402 τῆς
710 1366 780 1402 πρὸς
795 1366 841 1393 τὸν
851 1366 926 1402 Βάρε

136 1414 221 1450 ὄαρον
233 1413 365 1449 προσόδου
373 1413 407 1440 ’⁸.
426 1413 471 1440 Ἐν
486 1413 556 1449 ὀργῇ
570 1413 624 1448 γὰρ
642 1413 747 1444 ἐκεῖνος
763 1414 925 1447 ποιούμενος

135 1461 167 1486 τὸ
177 1460 215 1495 μὴ
226 1459 390 1494 κεκομίσθαι
398 1459 462 1490 τοὺς
471 1460 582 1494 φόρους,
592 1458 637 1491 οὓς
650 1458 744 1493 ἔλεγεν
760 1458 834 1494 αὐτῷ
848 1458 925 1494 παρὰ

136 1506 191 1532 τῶν
208 1505 354 1541 βελτιόνων
380 1506 428 1532 καὶ
443 1504 670 1541 βασιλικωτέρων
694 1504 834 1541 τετάχθαι,
864 1504 925 1531 οὐδὲ

978 945 1072 974 butum
1089 954 1151 974 cum
1163 948 1315 978 Theodosio
1332 955 1495 978 conventum
1513 955 1627 986 peteret,
1643 956 1691 979 aut
1702 951 1762 979 bel-

978 991 1034 1019 lum
1055 993 1214 1027 minaretur,
1225 999 1252 1023 et
1263 994 1376 1023 Romani
1392 1003 1422 1024 se
1434 995 1473 1023 illi
1493 1002 1542 1031 per
1556 996 1665 1032 legatos
1681 997 1764 1025 satis-

978 1036 1098 1066 facturos
1119 1040 1336 1075 respondissent,
1353 1042 1452 1070 missus
1471 1046 1514 1071 est
1530 1042 1699 1078 Apollonius.
1714 1042 1767 1071 Hie

976 1089 1038 1113 erat
1056 1085 1142 1114 frater
1158 1086 1226 1123 ejus,
1241 1087 1286 1123 qui
1306 1088 1446 1117 Saturnini
1467 1089 1547 1118 tiliam
1569 1090 1683 1118 duxerat
1698 1098 1765 1118 uxo-

977 1139 1045 1165 rem,
1058 1129 1139 1168 quam
1156 1132 1322 1162 Theodosius
1332 1134 1490 1163 Constantio
1505 1135 1676 1171 promiserat,
1691 1135 1765 1164 Zeno

978 1186 1043 1206 vero
1057 1178 1128 1207 Rufo
1145 1179 1301 1214 collocarat,
1322 1180 1367 1215 qui
1389 1185 1451 1210 tunc
1466 1180 1495 1209 in
1516 1181 1584 1210 vivis
1597 1189 1660 1210 esse
1676 1182 1765 1210 desie-

979 1229 1030 1252 rat.
1052 1224 1146 1260 ltaque
1163 1225 1322 1261 Apollonius
1336 1227 1406 1255 inter
1422 1226 1570 1256 familiares
1589 1227 1715 1261 Zenonis,
1736 1234 1765 1256 et

979 1271 1054 1298 ducis
1067 1269 1197 1305 dignitate
1213 1275 1321 1305 auctus,
1334 1271 1470 1307 legatione
1487 1272 1629 1301 functurus
1645 1273 1679 1301 ad
1694 1274 1765 1302 Atti-

979 1316 1032 1344 lam
1047 1317 1144 1345 missus
1159 1323 1227 1345 erat.
1244 1317 1297 1346 Sed
1311 1319 1470 1347 transmisso
1482 1319 1561 1353 Istro,
1575 1321 1686 1349 minime
1705 1322 1765 1350 adi-

981 1366 1036 1389 tum
1049 1363 1082 1390 ad
1107 1362 1217 1391 Attilam
1240 1369 1336 1392 nactus
1351 1369 1402 1392 est.
1420 1364 1526 1393 Etenim
1548 1366 1645 1394 Attilas
1662 1368 1701 1395 ira
1713 1375 1765 1396 aes-

981 1411 1071 1440 tuans,
1088 1409 1159 1444 quod
1173 1409 1224 1437 sibi
1239 1410 1383 1444 tributum,
1393 1411 1464 1446 quod
1479 1411 1514 1439 ab
1527 1413 1636 1447 optimis
1647 1417 1674 1440 et
1689 1413 1766 1442 nobi-

979 1454 1089 1482 lissimis
1105 1455 1170 1483 viris
1181 1456 1232 1483 sibi
1250 1456 1426 1485 constitutum
1437 1465 1498 1486 esse
1513 1458 1592 1492 dixit,
1609 1467 1662 1488 non
1677 1459 1765 1488 solve-

979 1506 1064 1534 retur,
1072 1501 1125 1537 73
1134 1502 1249 1537 legatum
1259 1502 1371 1531 minime
1379 1503 1497 1539 admisit,
1513 1510 1667 1542 contemptu
1676 1500 1763 1541 ejus'a

136 1552 183 1578 τδν
196 1550 436 1586 πρεσδευσὰμενον
467 1550 584 1586 ἐδέχετο,
599 1550 646 1578 τοῦ
670 1550 830 1586 πέμψαντος
858 1559 924 1578 κατ-

978 1553 1032 1582 quo
1047 1549 1145 1576 missus
1153 1552 1219 1576 erat.
1232 1549 1291 1582 Quo
1301 1555 1423 1585 tempore
1432 1551 1590 1587 Apollonius
1599 1553 1766 1588 magnanimi

141 1596 297 1632 ολιγωρῶν.
311 1596 342 1622 ⁴Ο
356 1596 384 1623 δέ
392 1595 571 1628 Ἀπολλώνιος
586 1596 682 1632 ἀνδρὸς
695 1596 775 1631 ἔργον
784 1595 855 1623 κατὰ
863 1596 924 1623 τοῦ-

137 1651 182 1669 τον
197 1644 242 1669 τὸν
273 1641 370 1677 καιρὸν
386 1642 513 1677 φαίνεται
539 1641 771 1678 διαπραξάμενος.
795 1642 849 1669 Τοῦ
869 1643 924 1678 γὰρ

141 1687 259 1723 Ἀττήλα
286 1688 323 1723 μὴ
345 1687 528 1723 προσιεμένου
541 1687 564 1703 ”
585 1687 636 1723 τὴν
659 1686 742 1714 αὐτοῦ
764 1687 924 1723 πρεσδείαν,

135 1733 207 1769 μηδέ
230 1735 259 1765 ἐς
278 1734 374 1768 λόγους
401 1733 476 1769 αὑτῷ
495 1733 583 1760 ἐλθεῖν
609 1733 785 1769 βουλομένου,
801 1742 926 1770 παρακε-

137 1780 283 1815 λευομένου
300 1780 328 1806 δὲ
343 1780 462 1815 πέμπειν
480 1779 553 1815 ἅπερ
563 1779 637 1816 αὐτῷ
662 1780 695 1806 ἐκ
707 1779 840 1815 βασιλέως
851 1779 925 1815 δῶρα

138 1826 260 1862 ἐκόμιζε,
275 1827 323 1853 καὶ
335 1825 451 1853 θάνατον
467 1825 654 1859 ἀπειλοῦντος,
675 1826 699 1853 ει
714 1826 753 1862 μὴ
773 1826 842 1861 δοίη,
859 1825 926 1862 ἔφη·

139 1881 199 1900 σεν-
218 1882 228 1899 (
253 1873 312 1900 Οὐκ
335 1872 420 1899 αἰτεῖν
449 1873 572 1908 προσῆκε
598 1871 716 1903 Σκύθαις
746 1872 818 1907 ἅπερ
834 1871 926 1903 αὐτοῖς

138 1919 242 1951 ἔξεστιν
257 1918 274 1954 ἢ
292 1918 389 1953 δῶραῆ
411 1919 498 1946 σκῦλα
512 1918 621 1945 λαϐεῖν·
642 1927 652 1943 ι
674 1917 839 1953 παραδηλῶν
852 1918 926 1953 δῶρα

141 1964 191 1998 μὲν
208 1963 299 1994 αὐτοῖς
314 1962 488 1998 δοθήσεσθαι,
502 1963 530 1990 εἰ
545 1963 628 1990 αὑτὸν
640 1962 831 1999 προσδέξοιντο
857 1972 926 1998 πρε-

140 2009 314 2044 αΰευόμενον,
331 2008 417 2035 σκῦλα
430 2009 470 2040 δέ,
481 2010 505 2036 ει
522 2009 662 2040 ἀνελόντες
680 2008 832 2044 ἀφέλοιντο.
848 2008 927 2036 Οὕτω

138 2056 191 2091 μὲν
204 2053 252 2082 οὖν
265 2054 406 2090 ἄπρακτος
417 2053 531 2090 ἐπανῄει
542 2053 610 2089 (24).

175 2100 209 2133 ζ’.
226 2100 289 2126 Ὀτι
301 2099 445 2135 Γεζερίχου
461 2099 511 2135 τὴν
530 2099 638 2134 Ῥώμην
662 2099 859 2135 πορθήσαντος,
879 2100 928 2127 καὶ

138 2146 329 2183 βασιλεύοντος
343 2146 464 2179 Ἀὁίτου,
474 2145 633 2181 Μαρκιανὸς
642 2145 717 2173 ὁτῶν
728 2146 777 2181 τῆς
784 2146 842 2173 "Em
859 2146 928 2173 Ῥω-

139 2194 227 2230 μαίων
244 2192 371 2228 βασιλεὺς
385 2193 461 2228 παρὰ
475 2192 521 2219 τὸν
533 2192 677 2227 Γεζέριχον
690 2191 736 2219 τὸν
749 2192 804 2220 τῶν
821 2192 923 2228 Βανδή-

138 2227 192 2267 λων
214 2227 332 2276 ἄρχοντα
351 2227 483 2274 πρέσϐεις
498 2238 635 2271 ἔστελλεν,
655 2238 726 2265 ὥστε
741 2239 791 2273 τῆς
814 2227 923 2266 Ἰταλῶν
937 2227 964 2257 Β

139 2285 289 2321 ἀπέχεσθαι
306 2284 358 2320 γῆς
369 2284 416 2311 καὶ
431 2284 480 2316 τὰς
493 2283 646 2319 βασιλείους
661 2284 815 2319 ἐκπέμπειν
827 2285 924 2319 γυναῖ-

140 2339 190 2362 κας
206 2328 396 2366 αἰχμαλώτους
420 2328 570 2364 ἀγομένας,
596 2329 647 2364 τήν
667 2337 698 2355 τε
718 2327 923 2356 Βαλεντινιανοῦ

139 2377 263 2412 γαμετὴν
275 2375 323 2402 καὶ
339 2375 389 2407 τὰς
404 2375 490 2410 αὐτῆς
505 2374 673 2411 θυγατέρας.
689 2375 744 2403 Καὶ
757 2375 782 2402 oi
795 2375 925 2411 πρὲσδεις

142 2425 169 2454 ἐς
185 2422 234 2458 τήν
252 2422 310 2449 Ἕω
326 2422 465 2458 ἄπρακτοι
483 2421 655 2457 ἐπανῄεσαν
672 2421 760 2448 οὐδενὶ
787 2421 842 2457 γὰρ
870 2422 925 2448 τῶν

141 2467 350 2502 ἐπεσταλμένων
364 2468 373 2483 ¹
389 2467 466 2503 παρὰ
492 2465 540 2494 τοῦ
559 2465 722 2502 Μαρκιανοῦ
748 2467 762 2493 ὁ
781 2466 925 2502 Γεζέριχος

142 2513 306 2548 ὑπήκουσεν,
317 2512 378 2539 οὐδὲ
391 2512 444 2548 μὴν
460 2512 535 2539 λύειν
542 2512 592 2544 τὰς
605 2513 737 2546 γυναῖκας
751 2512 925 2539 Modiam/0

141 2559 167 2586 δὲ
184 2557 342 2594 Μαρκιανὸς
351 2557 433 2592 ἕτερα
447 2557 515 2593 πρὸς
525 2557 606 2584 αὑτὸν
619 2557 754 2592 διέπεμπε
773 2558 926 2594 γράμματα

142 2606 187 2632 καὶ
201 2605 248 2631 τὸν
272 2603 510 2639 πρεσδευσόμενον
537 2603 659 2638 Βλήδαν·
687 2601 721 2638 ἦν
747 2603 776 2629 δὲ
796 2604 846 2639 τῆς
878 2603 925 2631 τοῦ

141 2650 285 2686 Γεζεριχου
311 2649 443 2685 αἱρέσεως
460 2649 623 2680 ἐπίσκοπος·
638 2648 687 2683 τῆς
709 2650 764 2684 γὰρ
780 2650 834 2676 τῶν
857 2650 925 2685 Χρι‹

142 2697 258 2725 σειανῶν
268 2696 418 2732 θρησκείας
435 2695 483 2722 καὶ
512 2694 573 2726 τοὺς
592 2694 742 2730 Βανδήλους
759 2692 830 2722 εἶναι
857 2705 926 2732 συμ-

976 1593 1026 1620 viri
1049 1593 1155 1622 facinus
1180 1601 1263 1622 ausus
1285 1602 1346 1623 esse
1369 1596 1479 1624 dicitur.
1500 1597 1623 1630 Etenim,
1641 1600 1765 1633 quamvis

974 1637 1073 1666 Atti‘as
1082 1638 1194 1667 minime
1206 1643 1291 1667 ratatn
1303 1639 1416 1669 habere!
1427 1641 1485 1677 ejus
1495 1642 1765 1678 legationemmeque

975 1685 1017 1712 sui
1029 1684 1207 1712 conveniendi
1219 1690 1382 1721 potestatem
1403 1687 1494 1715 facere
1510 1688 1600 1720 vellet,
1616 1688 1702 1717 nihilo
1718 1697 1763 1717 se-

974 1730 1035 1758 cius
1052 1730 1134 1764 dona,
1156 1738 1217 1765 quae
1233 1732 1267 1759 ad
1289 1739 1351 1760 eum
1374 1734 1409 1761 ab
1428 1733 1590 1770 imperatore
1607 1735 1764 1771 Apollonius

975 1776 1114 1810 attulerat,
1135 1776 1188 1805 sibi
1211 1778 1281 1806 tradi
1303 1779 1478 1814 postulabat,
1491 1779 1518 1807 ni
1543 1781 1629 1814 daret,
1650 1786 1764 1810 mortem

977 1823 1114 1850 illaturnm
1137 1824 1301 1852 minabatur.
1319 1825 1480 1860 Apollonius
1499 1831 1590 1854 autem
1613 1828 1762 1863 respondit,

976 1876 1032 1896 non
1049 1869 1145 1897 decere
1160 1869 1276 1906 Scythas
1296 1878 1327 1898 ea
1342 1871 1467 1906 precibus
1484 1877 1624 1908 expetere,
1643 1879 1703 1908 quae
1718 1879 1765 1901 aut

975 1921 1027 1949 pro
1043 1915 1122 1943 donis
1135 1920 1183 1943 aut
1206 1921 1332 1952 tanquam
1346 1917 1432 1952 spolia
1454 1917 1505 1945 sibi
1523 1925 1631 1946 sumere
1646 1919 1740 1947 liceret
1755 1928 1762 1946 :

978 1960 1102 1989 indicans
1126 1962 1196 1989 dona
1221 1962 1254 1990 iis
1278 1970 1400 1995 cessura,
1416 1963 1439 1990 si
1459 1970 1488 1991 se
1505 1959 1636 1998 tanquam
1648 1965 1766 2001 legatum

977 2005 1165 2039 admitterent,
1181 2007 1277 2042 spolia,
1295 2009 1317 2035 si
1335 2007 1479 2036 interfecto
1499 2008 1551 2037 sibi
1570 2009 1716 2045 eriperent.
1733 2010 1766 2039 Et

978 2051 1018 2079 sic
1037 2052 1138 2080 infecta
1152 2061 1182 2081 re
1198 2053 1288 2081 rediit.

1015 2097 1040 2124 7.
1057 2097 1142 2131 (A.C.
1156 2097 1291 2130 456,1nd.
1302 2098 1416 2132 9,Mart.
1434 2099 1471 2135 7.)
1485 2099 1643 2136 Martialius,
1660 2100 1762 2130 Roma-

980 2151 1076 2170 norum
1090 2143 1263 2171 orientalium
1281 2144 1440 2180 imperator,
1459 2146 1493 2173 ad
1513 2145 1689 2175 Gensericnm
1706 2153 1766 2183 post

980 2188 1093 2217 Romam
1113 2189 1147 2217 ab
1166 2197 1210 2223 eo,
1236 2190 1316 2219 Avito
1341 2190 1503 2226 imperante,
1525 2191 1642 2219 dirutam
1663 2193 1765 2228 legatos

978 2236 1063 2268 misit,
1083 2236 1129 2270 qui
1144 2235 1273 2270 juberent
1291 2244 1354 2264 cum
1370 2237 1404 2264 ab
1431 2237 1509 2265 italia
1525 2237 1658 2266 vastanda
1679 2238 1765 2267 absti—

977 2288 1053 2314 nere,
1077 2285 1104 2309 et
1117 2289 1230 2310 uxorem
1242 2281 1422 2310 Valentiniani
1435 2287 1463 2310 et
1480 2283 1539 2318 ejus
1552 2282 1621 2311 ﬁlias
1634 2283 1661 2311 in
1677 2283 1765 2318 capti-

979 2328 1090 2356 vitatem
1108 2328 1239 2357 abductas
1253 2328 1372 2356 libertati
1390 2329 1546 2357 restituere.
1567 2329 1621 2358 Sed
1633 2329 1724 2364 legati,
1737 2338 1767 2357 re

979 2374 1090 2408 infecta,
1104 2375 1131 2402 in
1142 2375 1280 2406 Orientem
1295 2375 1397 2404 reversi
1411 2381 1484 2404 sunt.
1498 2375 1564 2404 Nam
1581 2376 1648 2404 nihil
1657 2383 1763 2408 eorum,

979 2428 1039 2456 quae
1065 2428 1079 2447 a
1106 2420 1241 2449 Martiano
1259 2421 1391 2456 imperata
1412 2421 1532 2454 fuerant,
1559 2421 1660 2454 facere,
1679 2428 1767 2456 neque

978 2467 1095 2495 liberare
1127 2468 1255 2496 mulieres
1284 2467 1379 2495 voluit.
1407 2467 1589 2501 Quamobrem
1616 2466 1766 2494 Martiantts

979 2514 1076 2541 iterum
1092 2513 1198 2541 litteras
1217 2514 1251 2541 ad
1265 2513 1442 2541 Geusericum
1459 2513 1569 2549 scripsit
1590 2520 1637 2548 per
1656 2512 1766 2540 Bledam

979 2561 1108 2595 legatum.
1135 2559 1203 2587 Erat
1228 2564 1320 2588 autem
1346 2559 1428 2587 Bleda
1458 2560 1601 2595 episcopus
1630 2560 1766 2587 haereseos

979 2607 1129 2635 Geuserici.
1151 2605 1264 2634 Vandali
1288 2606 1359 2633 enim
1380 2605 1602 2635 Christianorum
1615 2605 1715 2632 cultum
1740 2609 1767 2632 et

980 2653 1137 2687 religionem
1152 2651 1269 2687 amplexi
1288 2651 1405 2679 fuerant.
1415 2649 1464 2678 ilic
1482 2651 1525 2678 ubi
1538 2651 1570 2678 ad
1588 2650 1765 2678 Genseriuum
1799 2659 1805 2662 ·

980 2699 1106 2732 accessit,
1129 2702 1211 2732 atque
1231 2696 1351 2724 alienum
1367 2703 1383 2722 a
1405 2703 1454 2723 sua
1470 2695 1603 2730 legatione
1619 2695 1765 2731 perspexit,

777 2766 894 2796 νΑιυΑς
913 2769 1116 2798 LECTIONES.

174 2828 198 2844 ³⁸
216 2827 354 2863 Ἀρμᾲτου
369 2825 495 2863 conj._li._
541 2825 707 2863 "jbaadd.

142 2863 214 2899 vnlg.
249 2860 330 2889 Γτών
340 2860 550 2895 ἐπεσταλμένων
566 2860 609 2894 Νη
626 2860 839 2896 ἀπεσταλμένων
853 2860 924 2897 vulg.

807 2825 830 2841 "
843 2826 977 2863 προσόδου
995 2828 1040 2861 Η.,
1057 2827 1169 2862 προόδου
1182 2826 1256 2863 vulg.

1309 2827 1330 2843 ³⁸
1342 2825 1523 2862 προσιεμένου
1542 2824 1564 2853 II
1579 2846 1588 2859 ,
1602 2824 1765 2861 προϊεμένου
