1951 3074
201 138 254 172 ’⁵261

707 134 903 164 ΕΧΟΕΒΡΤΑ
923 134 971 164 EX
994 132 1127 163 PRISCO
1150 133 1329 163 RHETORE

1783 134 1837 165 ’ἵν-2

200 197 235 225 in
250 195 332 224 verba
344 191 503 228 superbiora
513 190 614 226 erupit.
628 189 686 218 Non
706 189 774 218 bene
788 197 928 217 cessurum
946 189 994 221 illi,

1049 189 1146 216 ϐαίνει.
1163 190 1211 220 '0;
1226 188 1319 224 ἐπειδὴ
1337 189 1402 224 παρ’
1417 188 1498 215 αὐτον
1514 187 1630 223 ἀφίκετο
1649 190 1696 216 καὶ
1713 189 1785 224 ἔγνω
1801 193 1835 226 τῇ

205 241 230 268 si
247 241 273 267 in
290 238 433 274 pnesentia
454 237 537 264 rebus
559 235 688 263 secundis
703 235 793 262 elatus
815 235 916 262 bellum
935 242 995 261 cum

206 284 381 313 orientalium
394 289 502 317 quoque
516 281 700 310 Romanorum
714 282 879 316 imperatore
891 286 997 309 comra-

207 331 295 361 heret,
309 329 394 364 regiis
414 328 574 356 mulieribus
593 335 645 355 non
665 329 690 355 in
707 328 860 355 libertatem
883 328 996 355 restitn—

206 377 251 405 tis.
270 375 324 403 Sed
340 382 427 409 neque
441 375 494 401 ulla
512 374 655 402 verborum
671 374 769 402 lenitas
785 374 861 407 prius
880 382 894 401 a
908 374 997 408 legato

206 425 360 456 usurpata,
390 426 477 454 neque
514 419 640 446 incussus
677 419 760 446 timor
783 419 856 446 illum
897 420 930 446 ad
955 419 997 446 ul-

206 468 259 494 lam
274 467 355 493 animi
367 465 580 493 moderationem
592 464 749 499 pertrahere
761 469 916 500 potuerunt.
930 466 995 492 Nam

207 512 318 540 Bledam
343 511 418 539 irrita
435 511 569 545 legatione
584 511 697 544 dimisit,
715 515 743 538 et
769 519 863 538 rursus
883 511 909 538 in
927 510 997 538 Sici-

207 558 272 585 liam
290 561 318 584 et
340 557 464 592 proxima
481 555 564 582 Italiae
583 554 640 582 loca
661 556 811 583 exercitum
836 555 996 588 imminens,

206 610 314 631 onmem
327 603 466 638 regionem
480 602 608 628 vastavit.
624 601 719 628 Avitus
731 608 849 635 quoque,
860 601 996 628 Romano-

207 655 268 675 rum
288 646 495 675 occidentalium
514 646 672 680 imperator,
690 645 723 672 ad
738 653 801 673 eum
828 646 928 680 legatos
948 646 998 673 mi-

206 694 254 725 sit.
267 693 312 728 qui
328 697 481 725 monerent,
496 696 526 719 ut
544 692 676 718 l'mderum
691 692 794 726 pridem
810 699 870 718 eum
886 692 931 719 illo
946 692 998 719 ini-

208 743 295 766 torum
327 738 509 769 meminisset,
537 737 578 764 sin
609 737 708 768 minus,
738 744 778 769 se,
802 741 829 764 et
852 737 999 765 domestico

207 784 340 817 exercitu,
353 788 380 810 et
395 782 547 810 auxiliariis
562 782 646 816 copiis
668 781 778 815 fretum,
802 782 902 810 bellum
922 791 1000 817 para-

207 834 308 857 turum.
330 828 364 856 Et
390 828 463 855 misit
489 834 554 855 sane
575 827 747 856 Recimerum
769 829 911 864 patricium
934 836 995 857 cum

205 876 326 903 exercitu
348 875 373 902 in
388 874 518 902 Siciliam.

241 1008 269 1035 8.
288 1007 400 1035 Romani
417 1008 442 1035 in
455 1009 612 1036 Colchidem
636 1010 750 1044 profecti
771 1010 842 1038 bello
864 1011 996 1039 adversus

205 1052 289 1081 Laxos
304 1054 453 1086 decertant,
470 1062 520 1082 nec
537 1055 621 1082 multo
635 1060 697 1090 post
716 1057 899 1084 Romanorum
915 1064 993 1084 exerr

205 1101 276 1127 citus
289 1100 323 1127 ad
343 1107 392 1127 sua
417 1100 507 1127 rediit.
520 1099 586 1128 Cum
610 1105 699 1128 autent
726 1101 876 1137 imperator
908 1103 996 1130 denuo

205 1145 303 1173 bellum
319 1151 441 1181 repetere
459 1151 641 1181 praepararet,
664 1147 811 1175 consilium
831 1148 944 1182 habuit,
961 1155 995 1176 an

206 1193 300 1219 eadem
321 1192 363 1219 via
389 1192 530 1224 insistens,
551 1200 584 1220 an
608 1200 657 1227 per
679 1193 834 1221 Armeniam
851 1193 994 1222 Persarum

205 1244 289 1273 regno
301 1238 450 1271 conﬁnem,
473 1239 524 1266 [ide
544 1239 619 1273 prius
638 1239 672 1266 ab
688 1238 847 1267 Parthorum
871 1247 934 1274 rege
948 1248 994 1268 ac-

167 1302 170 1305 ν
206 1290 294 1320 cepta,
310 1284 407 1312 bellum
430 1283 553 1312 inferret.
578 1284 633 1321 ⁵14
649 1285 756 1313 Etenim
773 1294 835 1313 cum
857 1287 995 1314 Colchidis

206 1336 254 1356 ora
268 1334 341 1357 esset
353 1329 533 1365 importuosa,
550 1337 638 1365 neque
653 1331 713 1358 loca
729 1332 828 1359 vadosa
849 1337 996 1367 praeterna-

205 1374 296 1409 Vigare
310 1380 411 1410 posset,
427 1383 500 1402 mare
514 1375 566 1402 sibi
590 1376 770 1412 undequinque
794 1376 922 1405 infestum
935 1379 994 1405 exi-

205 1418 345 1447 stimabat.
358 1419 481 1447 Gobues
493 1427 602 1456 quoque
622 1421 726 1456 legatos
740 1421 812 1449 misit
834 1423 866 1450 ad
883 1422 995 1451 Parthos

204 1468 233 1492 et
248 1465 281 1492 ad
296 1465 486 1500 imperatorem
502 1466 696 1494 Romanorum.
713 1468 745 1494 lit
760 1467 922 1496 Parthorum
936 1470 995 1503 qui-

206 1510 267 1536 dem
288 1518 334 1538 rex
346 1532 354 1544 ,
374 1512 436 1546 quia
464 1511 562 1539 bellum
584 1511 620 1538 illi
638 1517 697 1540 erat
716 1521 777 1540 cum
794 1513 906 1544 Hunnis.
924 1523 993 1549 quos

205 1555 342 1584 Cidaritas
353 1557 494 1589 vocabant,
504 1556 587 1584 Lazos
599 1557 632 1584 ad
645 1564 674 1585 se
685 1557 871 1593 confugientes
885 1559 990 1594 rcjecit.

1048 235 1130 261 αὐτοῦ
1145 236 1183 270 μὴ
1194 235 1365 262 ὑπακούοντα
1376 234 1520 270 πρεσϐείᾳ,
1533 235 1740 270 αὐθαδεστέρων
1749 236 1838 270 λόγων

1047 281 1161 316 ἥπτετο,
1180 281 1228 308 καὶ
1247 281 1350 316 ἔφημὴ
1368 279 1501 306 συνοίσειν
1513 280 1599 315 αὐτῷ,
1621 281 1700 317 εἴπερ
1714 281 1767 308 ὑπὸ
1788 283 1839 316 τῆς

1048 326 1189 362 παρούσης
1207 327 1360 362 εὐημερίας
1379 326 1475 360 ἀρθεὶς
1497 327 1544 353 καὶ
1560 327 1614 353 τῶν
1627 328 1697 354 κατὰ
1715 329 1763 363 τὴν
1778 329 1838 355 Ἕω

1053 371 1197 406 Ῥωμαίων
1212 371 1326 406 βασιλέα
1355 371 1424 406 πρὸς
1447 371 1566 406 πόλεμον
1587 372 1662 407 αὐτῷ
1686 373 1838 407 ἀναστῆναι

1048 416 1264 451 παρασκευάσω.
1289 415 1339 447 τὰς
1366 415 1521 451 βασιλείους
1543 417 1581 451 μὴ
1603 417 1675 443 λύων
1692 417 1836 452 γυναῖκας.

1054 461 1123 488 Ἀλλ’
1144 462 1205 488 οὔτε
1231 462 1284 488 τῶν
1309 461 1548 497 προηγησαμένων
1574 463 1620 489 ἐπὶ
1642 464 1674 498 τῇ
1704 463 1838 500 πρεσϐείᾳ

1050 506 1181 542 ῥημάτων
1197 506 1343 540 ἐπιείκεια,
1359 507 1422 533 οὔτε
1451 507 1609 542 ἁπειληθεὶς
1625 508 1706 542 φόϐος
1737 510 1837 545 μέτρια

1048 554 1094 579 τὶν
1112 553 1258 587 Γεξέριχον
1288 554 1397 588 φρονεῖν
1425 553 1598 588 ἠνάγκασεν·
1619 554 1761 588 ἄπρακτον
1781 555 1838 589 γὰρ

1048 598 1096 625 καὶ
1110 598 1155 625 τὸν
1168 598 1271 634 Βλήδιν
1284 599 1444 633 ἀπέπεμπε,
1463 601 1509 626 καὶ
1523 601 1551 631 ἐς
1560 600 1609 635 τὴν
1621 601 1746 626 Σικελίαν
1757 600 1838 632 αὖθις

1051 645 1098 671 καὶ
1112 645 1141 676 ἐς
1155 645 1203 680 τὴν
1216 645 1361 681 πρόσοικον
1373 645 1441 680 αὐτῇ
1461 645 1577 673 Ἰταλίαν
1591 645 1706 681 δύναμιν
1716 647 1837 682 διαπεμο

1047 682 1168 724 ψάμενος
1193 691 1284 717 πᾶσαν
1304 690 1394 726 ἐδῄου.
1414 691 1444 718 'O
1466 691 1494 717 δὲ
1516 691 1625 723 Ἀῦιτος
1639 691 1653 717 ὁ
1671 691 1726 717 τῶν
1752 692 1837 718 ἑσπε-

1052 735 1116 771 ρίων
1145 736 1288 771 Ῥωμαίων
1322 736 1447 771 βασιλεὺς
1474 736 1658 772 ἐπρεσϐεύετο
1682 737 1730 763 καὶ
1755 737 1837 769 αὐτὸς

1050 781 1126 816 παρὰ
1135 782 1180 808 τὸν
1192 781 1346 818 Γεζέριχον,
1359 782 1413 808 τῶν
1427 782 1510 808 πάλαι
1523 782 1604 809 αὐτὸν
1619 783 1837 819 ὑπομιμνήσκων

1052 827 1183 859 σπονδῶν,
1197 827 1230 858 ἃς
1247 827 1272 853 εἰ
1287 827 1324 863 μὴ
1336 827 1482 860 φυλάττειν
1499 828 1597 860 ἕλοιτο,
1609 828 1656 855 καὶ
1681 829 1762 856 αὑτὸν
1780 837 1838 856 πα-

1047 872 1279 908 ρασκευάσασθαι,
1307 873 1406 907 πλήθει
1425 881 1455 899 τε
1471 873 1563 908 οἰκείῳ
1590 874 1704 901 πίσυνον
1729 876 1777 901 καὶ
1801 877 1835 910 τῇ

1046 919 1101 947 τῶν
1119 919 1434 955 συμμάχωνὲπικουρίᾳ.
1452 920 1580 955 Ἔπεμπε
1598 920 1625 947 δὲ
1651 921 1699 947 καὶ
1717 922 1763 948 τὸν
1778 930 1834 948 πα.-

1046 966 1150 1000 τρίκιον
1163 965 1174 980 ¹
1190 965 1319 1000 Ῥεκιμερ
1329 966 1356 996 ἐς
1369 965 1417 1000 τὴν
1431 965 1556 992 Σικελίαν
1571 965 1618 992 σὺν
1637 966 1757 1002 στρατῷ.

1082 1010 1118 1046 η’.
1138 1011 1199 1038 Ὅτι
1213 1011 1267 1037 τῶν
1287 1010 1432 1046 Ῥωμαίων
1455 1011 1484 1042 ἐς
1501 1011 1621 1046 Κόλχους
1637 1011 1768 1038 ἐλθόντων
1787 1013 1838 1040 καὶ

1048 1056 1240 1092 συμϐαλόντων
1252 1056 1263 1072 ³
1277 1056 1395 1091 πόλεμον
1408 1057 1475 1091 πρδς
1488 1055 1604 1090 Λαξοὺς,
1618 1057 1632 1083 ὁ
1650 1057 1699 1092 μὲν
1715 1057 1837 1092 Ῥωμαῇ

1047 1101 1093 1134 κδς
1114 1102 1228 1138 στρατὸς
1243 1102 1270 1134 ὲς
1282 1102 1316 1128 τὰ
1330 1102 1450 1137 σφέτερα
1461 1102 1651 1135 ὲπανέζευξεν,
1668 1103 1715 1130 καὶ
1727 1104 1752 1130 oi
1763 1104 1836 1139 ἀμφὶ

1046 1149 1080 1175 τὰ
1096 1148 1217 1184 βασίλεια
1228 1148 1296 1184 πρὸς
1310 1149 1359 1184 τὴν
1375 1148 1473 1184 ἑτέραν
1484 1149 1574 1184 μάχην
1586 1150 1834 1184 παρεσκευάζοντο,

1047 1194 1236 1230 βουλευόμενοι
1251 1195 1364 1230 πότερον
1381 1194 1431 1229 τὴν
1443 1195 1528 1230 αὐτὴν
1542 1195 1558 1229 ἢ
1573 1196 1621 1229 τὴν
1635 1195 1669 1222 δι’
1690 1196 1834 1231 Ἀρμενίας

1045 1241 1094 1276 τῆς
1111 1240 1226 1276 Περσῶν
1241 1239 1334 1275 χώρας
1361 1240 1509 1276 προσοίκου
1523 1241 1703 1276 πορευθέντες
1716 1241 1774 1268 ὁδὸν
1789 1241 1835 1267 τὶν

1046 1287 1164 1321 πόλεμον
1177 1285 1318 1318 ἐπάξουσι,
1333 1287 1467 1321 πρότερον
1488 1286 1623 1322 πρεσϐείᾳ
1639 1286 1684 1313 τὸν
1700 1286 1834 1322 μόναρχον

1045 1332 1099 1359 τῶν
1130 1331 1292 1367 Παρθυαίων
1316 1333 1476 1364 πείσαντες·
1509 1332 1581 1359 κατὰ
1614 1333 1668 1367 γὰρ
1694 1333 1831 1360 θάλατταν

1045 1378 1146 1414 ἄπορος
1160 1379 1250 1409 αὐτοῖς
1263 1379 1317 1404 πᾶν
1326 1378 1335 1393 ⁸
1352 1377 1494 1412 ἐνομίζετο
1513 1378 1561 1410 τὰς
1572 1378 1726 1413 δυσχωρίας
1745 1387 1836 1414 παρα-

1046 1423 1134 1456 πλεῖν,
1150 1423 1279 1457 ἀλιμένου
1295 1422 1343 1457 τῆς
1355 1422 1459 1457 Κόλχου
1472 1422 1667 1457 τυγχανούσης.
1687 1422 1716 1448 '0
1729 1422 1759 1449 δὲ
1776 1423 1835 1448 Γω-

1046 1470 1131 1504 ϐἀζης
1147 1468 1329 1504 ὲπρεσϐεύετο
1345 1469 1394 1503 μὲν
1409 1468 1457 1495 καὶ
1484 1469 1565 1500 αὐτὸς
1582 1468 1657 1504 παρὰ
1672 1469 1735 1499 τοὺς
1760 1469 1836 1503 Παρ-

1046 1515 1168 1547 θυαίους,
1197 1513 1381 1550 ἐπρεσϐεὑετο
1408 1513 1437 1540 δὲ
1467 1513 1515 1540 καὶ
1543 1514 1619 1549 παρὰ
1646 1513 1691 1540 τὸν
1721 1513 1834 1548 βασιλέα

1053 1561 1210 1595 Ῥωμαίων.
1235 1560 1292 1587 Καὶ
1307 1561 1321 1586 ὁ
1350 1559 1400 1594 μὲν
1430 1559 1484 1586 τῶν
1504 1559 1620 1594 Πάρθων
1635 1559 1782 1594 μόναρχος,
1793 1557 1834 1589 ὡς

207 1601 324 1636 πολέμου
349 1600 424 1635 αὑτῷ
453 1601 650 1636 συνισταμένου
678 1602 746 1638 πρὸς
777 1603 895 1636 Οὖννους
922 1606 984 1638 τοὺς
1003 1606 1153 1643 Κιδαρίτας
1179 1604 1376 1640 καλουμένους,
1405 1603 1572 1630 ἀπεσείσατο
1598 1604 1664 1640 παρ’
1678 1604 1760 1631 αὐτὸν
1771 1605 1834 1636 τοὺς

205 1646 312 1678 Λαζοὺς
327 1646 560 1681 καταφεύγοντας.

242 1692 270 1720 9.
286 1692 327 1727 (Ρ.
342 1692 374 1719 Δ.
386 1691 417 1719 C.
429 1692 493 1720 456.
509 1691 592 1720 Leon.
604 1693 771 1730 ,imp.‘init.)
786 1694 853 1722 Cum
871 1695 994 1724 Balame-

206 1745 256 1767 rus
274 1737 373 1774 Scytha
393 1737 495 1766 hedera
510 1738 656 1768 violaretet
671 1740 853 1769 Romanorum
871 1743 994 1778 regiones

207 1785 425 1820 depopularetur,
445 1789 472 1812 et
497 1785 596 1813 multas
619 1787 700 1814 urbes
715 1792 861 1821 everteret,
879 1787 993 1816 Romani

207 1831 240 1857 ad
252 1838 312 1858 eum
326 1830 428 1865 legatos
440 1830 584 1864 miserunt,
599 1831 645 1866 qui
660 1831 693 1859 de
707 1839 772 1866 pace
785 1832 881 1860 violata
893 1841 993 1868 quere-

209 1879 315 1904 rentur.
331 1875 364 1903 Et
380 1880 408 1902 ut
421 1876 548 1911 deinceps
561 1884 575 1904 a
589 1878 710 1905 vexanda
726 1878 923 1907 incursionibus
939 1879 994 1906 Ro-

208 1928 349 1948 manorum
366 1921 475 1956 regione
492 1922 653 1955 abstineret,
679 1927 814 1950 trecentas
834 1925 893 1951 auri
914 1924 995 1952 libras

207 1967 244 1994 illi
258 1967 402 2002 quotannis
416 1967 483 1995 solvi
499 1969 708 1997 constituerunt.
727 1968 836 1996 Dicebat
852 1971 923 1997 enim
938 1978 994 1998 sua:

207 2013 297 2046 gentis
309 2012 507 2041 multitudinem
523 2021 612 2041 rerum
626 2015 839 2042 necessariarum
857 2016 944 2050 inopia
961 2015 995 2042 ad

207 2058 305 2085 bellum
321 2065 349 2085 se
362 2059 538 2086 convertisse.

245 2103 286 2131 IO.
303 2103 343 2139 (C.
359 2104 436 2131 AA].
457 2105 518 2137 565,
536 2105 593 2132 Ind.
615 2105 642 2140 3,
664 2105 748 2134 Leon.
765 2106 804 2140 9.)
821 2105 994 2139 Geusericus,

207 2157 269 2177 cum
286 2157 338 2177 non
355 2150 469 2185 amplius
494 2149 642 2178 foederibus
658 2159 717 2179 cum
741 2151 889 2186 Majoriano
909 2153 995 2187 pactis

207 2199 282 2222 stare
311 2195 515 2228 constituisset,
540 2195 720 2223 Vandalornm
747 2201 775 2224 et
798 2196 994 2224 Maurusiorum

208 2235 407 2267 multitudinem
425 2241 458 2267 ad
480 2241 655 2268 vastationem
672 2242 754 2269 Italia:
775 2247 801 2269 et
822 2241 922 2270 Siciliae
944 2243 994 2269 im-

209 2285 293 2313 misit.
308 2285 480 2313 Marcellinus
497 2286 580 2320 enim,
599 2287 655 2321 jam
677 2292 740 2314 ante
762 2287 848 2314 insula
866 2293 994 2319 cesserat,

1080 1695 1113 1722 θ¹.
1135 1695 1198 1721 Ὀτι
1214 1693 1261 1720 τοῦ
1277 1692 1435 1728 Βαλάμερος
1449 1691 1496 1719 τοῦ
1517 1691 1622 1718 Σκύθου
1638 1693 1833 1727 παρασπονδή-

1045 1749 1141 1773 σαντος
1154 1741 1202 1768 καὶ
1226 1739 1325 1770 πολλὰς
1344 1738 1437 1769 πόλεις
1460 1737 1638 1773 δῃωσαμένου
1664 1738 1711 1764 καὶ
1738 1738 1832 1773 χώρας

1049 1786 1218 1822 Ῥωμαϊκὰς,
1235 1785 1359 1820 ἔπεμπον
1383 1784 1448 1819 παρ’
1464 1784 1546 1810 αὐτὸν
1567 1784 1591 1810 oi
1617 1783 1747 1818 Ῥωμαῖοι
1768 1785 1834 1819 πιέ-

1045 1833 1131 1865 σϐεις,
1146 1833 1171 1859 οἳ
1185 1832 1259 1867 αὐτῷ
1271 1831 1318 1857 τιῦ
1334 1829 1519 1865 νεωτερισμοῦ
1537 1829 1754 1865 κατεμέμφοντο,
1772 1832 1832 1863 καὶ,

1044 1879 1115 1906 ὥστε
1133 1879 1170 1914 μὴ
1187 1875 1266 1909 αὖθις
1283 1878 1333 1912 τὴν
1347 1877 1439 1913 χώραν
1453 1877 1652 1912 καταδραμεῖν,
1670 1877 1832 1911 τριακοσίας

1044 1926 1139 1961 λίτρας
1153 1925 1247 1961 φέρειν
1274 1924 1347 1959 αὐτῷ
1364 1924 1482 1950 ἑκάστου
1509 1923 1585 1955 ἔτους
1601 1923 1713 1955 ἔταξαν·
1729 1924 1828 1950 σπάνει

1045 1971 1100 2006 γὰρ
1114 1970 1169 1997 τῶν
1179 1969 1337 2004 ἀναγκαίων
1354 1968 1456 2004 ἔφραζε
1473 1968 1542 2004 πρὸς
1554 1968 1673 2003 πόλεμον
1687 1968 1717 1995 τὸ
1731 1969 1832 1995 οἰκεῖον

1044 2015 1220 2048 διαναστῆναι
1231 2014 1344 2050 πλῆθος.

1082 2104 1108 2132 ι’.
1125 2104 1185 2131 Ὅτι
1198 2104 1212 2130 ὸ
1226 2103 1372 2139 Γεξέριχος
1389 2101 1480 2128 οὐκέτι
1495 2102 1555 2133 ταῖς
1569 2101 1637 2137 πρὸς
1663 2101 1832 2136 Μαίοριανὶν

1045 2150 1181 2182 τεθείσαις
1199 2149 1325 2181 σπονδαῖς
1339 2149 1466 2184 ἐμμένων
1481 2147 1624 2183 Βανδήλων
1637 2147 1684 2174 καὶ
1699 2147 1830 2181 Μαυρου-

1047 2199 1112 2225 σίων
1126 2197 1228 2232 πλῆθος
1249 2197 1295 2223 ἐπὶ
1320 2195 1419 2232 δῃώσει
1436 2197 1485 2231 τῆς
1504 2194 1618 2226 Ἰταλίας
1635 2195 1682 2234 at“.
1706 2194 1832 2226 Σικελίας

1046 2244 1165 2280 ἔπεμπε,
1181 2241 1366 2278 Μαρκελλίνου
1381 2241 1431 2276 ἤδη
1455 2240 1588 2276 πρότερον
1605 2240 1654 2274 τῆς
1667 2241 1750 2275 νήσου
1766 2240 1833 2266 ἀνα-

1047 2288 1222 2324 χωρήσαντος
1237 2287 1282 2313 διὰ
1295 2286 1326 2312 τὸ
1342 2285 1492 2320 Ῥεκίμερα
1505 2283 1670 2319 παρελέσθαι
1687 2284 1767 2310 αὑτὸν
1781 2284 1832 2317 τῆς

209 2337 353 2366 propterea
368 2333 438 2367 quod
450 2332 619 2364 Recimerus,
633 2333 678 2368 qui
693 2334 752 2368 ejus
768 2334 910 2368 imperium
927 2335 952 2361 in
965 2342 994 2362 se

1049 2335 1186 2368 δυνάμεως
1212 2332 1399 2368 ἐθελήσαντα,
1430 2329 1493 2362 τοὺς
1516 2329 1724 2365 παρεπομένους
1756 2329 1832 2363 αὑτῇ

211 2378 319 2404 trahere
341 2378 484 2412 studebat,
505 2378 636 2406 militibus
655 2379 715 2414 ejus
735 2379 863 2414 pecunias
882 2379 993 2415 largitus

207 2429 278 2456 erat,
292 2424 382 2460 (erant
397 2429 485 2451 autent
510 2424 567 2452 fere
588 2432 682 2452 omnes
704 2425 834 2461 Scythae)
860 2434 914 2460 quo
941 2426 994 2454 illis

208 2470 384 2504 persuaderet
403 2477 418 2497 a
433 2469 588 2498 Marcellino
606 2470 731 2498 deiicere.
756 2470 848 2506 itaque
861 2470 994 2499 Marcelli-

208 2522 260 2542 nus
271 2514 364 2542 Sicilia
377 2519 543 2549 excesserat,
559 2516 659 2544 veritus
676 2516 796 2549 insidias,
815 2517 877 2551 quia
897 2518 994 2552 opibus

208 2568 270 2588 cum
291 2560 434 2590 Recimero
454 2562 564 2589 minime
581 2567 687 2590 certare
710 2567 825 2597 poterat.
847 2562 927 2590 MiSSa
954 2567 996 2590 est

210 2607 290 2642 igitur
309 2607 342 2634 ad
361 2607 538 2636 Gensericum
555 2608 653 2644 legatio
669 2616 676 2635 :
693 2613 749 2636 tum
762 2616 776 2636 a
792 2608 944 2641 Recimero,
963 2617 996 2636 ne

208 2652 310 2681 fmdera
325 2653 455 2681 violaret:
478 2659 532 2682 tum
550 2655 583 2682 ab
602 2662 644 2688 eo,
661 2655 705 2690 qui
722 2656 792 2690 apud
807 2655 944 2683 Ramnes
961 2656 988 2682 in

1047 2381 1153 2412 Σκζθας
1170 2378 1249 2415 (ἦσαν
1267 2379 1295 2406 δὲ
1310 2380 1338 2405 ὲν
1354 2378 1490 2408 πλείστοις
1507 2377 1630 2411 ἀνδράσι)
1649 2375 1832 2411 παραπείθειν

1047 2427 1196 2461 χρήμασιν,
1209 2425 1280 2451 ὥστε
1292 2424 1395 2450 ἐκεῖνον
1409 2422 1459 2458 μὲν
1469 2422 1621 2454 ἀπολιπεῖν,
1630 2420 1832 2456 ἁφικέσθαι¹...

1046 2471 1231 2505 εὐλαϐηθέντα
1248 2470 1298 2505 τὴν
1318 2469 1464 2503 ἐπιϐουλὴν
1479 2469 1520 2505 (οὺ
1546 2468 1600 2503 γὰρ
1617 2467 1832 2502 ἀντιφιλοτιμεῖ-

1048 2516 1110 2543 σθαι
1125 2516 1163 2551 τῷ
1179 2515 1340 2550 Ῥεκίμερος
1356 2514 1468 2541 ἐδύνατο
1493 2514 1610 2548 πλούτῳ)
1625 2513 1675 2548 τῆς
1704 2512 1832 2545 Σικελίας

1045 2561 1239 2596 ὑπονοστῆσαι.
1256 2561 1409 2588 Ἐστέλλετο
1417 2559 1464 2588 οὖν
1477 2561 1524 2587 καὶ
1540 2559 1615 2595 παρὰ
1625 2560 1671 2586 τὸν
1686 2558 1832 2594 Γεζέριχον

1045 2607 1188 2642 πρεσϐεία,
1201 2606 1281 2632 τοῦτο
1297 2606 1346 2641 μὲν
1374 2606 1447 2641 παρὰ
1474 2604 1521 2632 τοῦ
1539 2605 1696 2640 Ῥεκίμερο;
1708 2625 1716 2636 ,
1733 2605 1770 2635 ὡς
1799 2604 1830 2630 οὗ

1044 2654 1084 2681 δεῖ
1098 2653 1292 2689 κατολιγωρεῖν
1304 2653 1384 2680 αὑτὸν
1397 2653 1407 2668 ⁸
1427 2653 1482 2679 τῶν
1504 2652 1637 2686 σπονδῶν,
1650 2651 1730 2678 τοῦτο
1739 2651 1767 2678 δὲ
1782 2651 1832 2678 καὶ

848 2713 966 2740 νΑιιιΑε
995 2711 1199 2739 LECTIONES.

245 2769 312 2796 ’τδν
327 2769 471 2806 πατρίκιον
495 2770 541 2806 Νη,
568 2769 642 2806 παρὰ
665 2770 710 2797 τὸν
735 2771 807 2806 vulg.

208 2801 278 2831 εἶναι
306 2801 390 2839 ιτοιιί.⁷
410 2804 444 2831 Ν.

209 2840 298 2868 αὶτῶν
323 2841 394 2877 vulg.

862 2771 872 2786 ³
899 2770 1107 2806 συμϐαλλόντων
1134 2770 1206 2805 vulg.

496 2805 506 2820 ⁵
523 2803 669 2840 ἀφικέσθαι
692 2806 721 2833 δὲ
751 2803 820 2841 πρὸς
845 2803 940 2833 αὐτόν.’
967 2806 1039 2833 τοῦτ’
1059 2805 1171 2841 ἐποίησε
1184 2803 1239 2830 ’τὸν
1263 2805 1450 2839 Μαρκελλῖνον
1469 2803 1562 2831 εὐλαϐ.
1578 2803 1611 2830 Ν.

1612 2769 1714 2801 ἄπορον
1738 2768 1832 2800 αὐτοῖς

1256 2769 1267 2785 ⁵
1282 2769 1384 2803 ἄπορος
1406 2769 1498 2800 αὐτοῖς
1521 2769 1600 2830 πᾶνξ
1612 2769 1714 2801 ἄπορον
1738 2769 1806 2794 αὐτο

1263 2805 1450 2830 Μαρκελλῖνον
1469 2803 1562 2830 εὐλαϐ.
1579 2816 1588 2830 ι
1604 2823 1611 2830 .
1663 2804 1674 2820 ⁸
1687 2803 1768 2830 αὑτὸν
1783 2804 1806 2830 Η

1687 2811 1768 2830 αυτον
1783 2811 1815 2830 ιι.
1822 2822 1830 2835 ,
