1951 3074
105 178 158 210 753

107 231 182 267 rupi
195 231 241 258 τοῦ
256 230 418 267 κρατοῦντος
427 230 481 257 τῶν
491 231 521 257 ἐν
534 232 567 266 τῇ
582 231 638 266 Ἔῳ
655 231 811 266 Ῥωμαίων,
821 232 854 265 ἐφ
868 227 890 265 ᾧ

105 277 155 310 τῆς
173 276 296 306 Σικελίας
317 276 365 302 καὶ
379 275 433 310 ξτῆς
458 275 574 307 Ἰταλίας
599 275 750 311 ἀπέχεσθαι
773 277 821 303 καὶ⁵
842 276 893 308 τὰς

109 320 258 356 βασιλείους
266 320 418 355 ἐκπέμπειν
428 321 572 354 γυναῖκας.
588 321 779 356 Γεζέριχοςιδὲ,
788 321 893 348 πολλῶν

109 367 177 401 πρὺς
193 366 272 392 αὑτὸν
295 365 473 400 πρεσϐευτῶν
488 367 558 393 κατὰ
580 366 726 401 διαφόρους
740 366 893 394 σταλέντων

111 412 222 447 χρόνους
234 412 256 442 ⁷,
288 411 338 443 τὰς
353 412 484 445 γυναῖκας
501 412 531 438 οὺ
550 412 682 448 πρότερον
697 413 815 448 διαφῆκε
828 413 894 449 πρὶν

109 458 190 493 ἢτὴν
217 457 406 492 πρεσὸυτέραν
422 457 477 484 τῶν
503 458 707 485 Βαλεντινιανοῦ
735 459 892 495 θυγατέρων

111 503 237 538 (Εὺῖοκῐα
249 503 276 529 δὲ
288 501 322 538 ἦν
334 502 420 538 δνομα
434 503 513 538 αὐτῇ)
522 503 652 539 Ὀνορίχῳ
667 504 809 540 τῴὲαυτοῦ
819 505 894 531 παιδὶ

111 549 323 583 κατενεγγύησε.
334 549 401 575 Τότε
411 548 465 584 γὰρ
475 549 521 576 καὶ
541 549 590 584 τὴν
604 550 732 582 Εὑδοξίαν
740 550 789 584 τὴν
804 551 895 577 Θεοδο-

111 594 168 620 σίου
182 594 319 629 θυγατέρα
332 594 482 629 ἀπέπεμπε
495 595 543 621 σὺν
557 594 690 630 Πλακιδίᾳ
700 596 732 630 τῇ
749 595 830 630 ἑτέρᾳ
844 596 895 622 αὖ-

109 639 160 673 τῆς
178 639 304 675 θυγατρὶ.
318 640 352 675 ἢν
366 641 535 674 ἐγεγαμήκει
552 640 701 676 Ὀλύὸριος.
730 641 782 667 Τοῦ
798 641 826 668 δὲ
847 641 896 673 τὰς

117 683 234 715 Ἰταλίας
245 686 292 711 καὶ
302 685 426 711 Σικελίαν
443 684 522 721 δῃοῦν
532 685 546 710 ό
563 684 706 721 Γεζὲριχος
714 685 764 712 οὐκ
778 686 896 721 ἀπέστη,

112 730 180 757 ἀλλὰ
193 731 292 765 μᾶλλον
307 730 393 762 αὐτὰς
416 730 568 766 ἐξεπόρθει,
584 731 653 766 μετὰ
667 731 712 758 τὸν
730 731 896 767 Μαῖοριανδν

113 775 253 810 βουληθεὶς
269 775 422 810 βασιλεύειν
437 776 491 802 τῶν
508 777 536 802 ὲν
550 777 583 811 τῇ
601 776 726 812 Ἐσπέρῳ
749 777 894 812 Ῥωμαίων

119 819 258 854 Ὀλὺϐριον
272 820 283 835 ⁸
298 820 342 846 διὰ
352 819 402 855 τὴν
414 819 444 852 ὲξ
456 821 606 855 ἐπιγαμίας
617 822 790 855 συγγένειαν.

150 863 195 891 ια’.
212 865 273 890 Ὅτι
290 865 334 890 ἐπὶ
350 866 463 895 Λέοντος
481 865 613 900 βασιλέως
649 866 792 902 Ῥωμαίων
814 867 898 903 ὲπρε-

113 910 226 937 σϐεύετο
242 911 316 946 παρὰ
327 911 376 946 μὲν
388 897 540 945 Βανδήλους
556 911 625 946 ὑπὲρ
634 897 741 939 ἰταλιῦν
757 897 896 946 Τατιανιὸς,
914 897 935 924 Β

113 957 143 982 ὲν
162 958 194 991 τῇ
206 956 258 983 τῶν
272 957 424 991 πατρικίων
447 956 510 991 ἀξίᾳ
526 956 753 992 καταλεγόμενος,
770 958 846 993 παρὰ
870 959 899 985 δὲ

112 1003 223 1038 Πέρσας
238 1004 435 1036 Κωνστάντιος,
467 1004 558 1038 τρίτον
585 1004 634 1038 μὲν
651 1004 700 1039 τὴν
711 1005 722 1021 ⁸
744 1003 864 1039 ἔπαρχον
876 1004 898 1019 ¹⁰

113 1048 203 1074 λαϐὼν
214 1048 310 1083 ἀρχὴν,
326 1047 393 1083 πρὸς
405 1048 433 1074 δὲ
449 1049 482 1084 τῇ
500 1048 619 1083 ὕπατικῇ
637 1047 700 1083 ἀξίᾳ.
714 1049 761 1074 καὶ
778 1049 828 1083 τῆς
844 1056 898 1074 πα-

113 1094 282 1128 τρικιότητος
297 1093 398 1128 τυχών.
422 1094 475 1120 Καὶ
489 1093 620 1125 Τατιανὺς
638 1093 687 1129 μὲν
706 1094 738 1120 ὲκ
759 1093 899 1128 Βανδή).ων

115 1139 195 1170 εὐθὺς
210 1140 349 1173 ἄπρακτος
365 1138 534 1174 ἀνεχώρησε,
548 1139 602 1165 τῶν
620 1139 701 1166 αὑτοῦ
716 1140 768 1166 ὑπὸ
787 1140 835 1166 τοῦ
850 1140 901 1166 Γε-

115 1182 223 1218 ζερίιου
240 1185 279 1219 μὴ
297 1183 521 1219 παραδεχοέντων
546 1183 653 1218 λόγων·
679 1185 693 1211 ό
710 1184 739 1211 δὲ
760 1184 900 1211 Κωνστάν-

115 1237 171 1260 τιος
187 1230 218 1264 τῇ
236 1229 359 1266 Ἐδέσσῃ,
380 1229 522 1264 Ῥωμαϊκῇ
542 1229 630 1261 πόλει,
651 1229 790 1266 προσοίκῳ
804 1230 830 1257 δὶ
852 1231 901 1265 τῆς

117 1275 228 1309 Περσῶν
243 1275 346 1310 χώρας,
361 1275 568 1309 ὲγκατέμεινεν,
582 1274 743 1307 ἐσδέξασθαι
757 1275 839 1302 αὑτὸν
855 1276 902 1302 ἐπὶ

117 1321 185 1347 πολὺ
204 1320 447 1356 διαναὸαλ).ομὲνου
462 1321 509 1347 τοῦ
530 1320 684 1356 Παρθυαίου
701 1320 848 1356 μονάρχου.

154 1366 197 1401 ιβ’.
210 1367 271 1393 Ὅτι
280 1366 325 1393 τὸν
337 1367 525 1394 Κωνστὰντιον
536 1366 582 1393 τὸν
598 1365 768 1401 πρεσϐευτὴν
779 1368 806 1393 ὲν
817 1368 850 1402 τῇ
858 1368 903 1395 Ἐ-

117 1411 199 1447 δέσσῃ
207 1411 301 1446 χρόνον
312 1412 501 1447 ἐπιμείναντα,
513 1413 551 1443 ὡς
562 1411 670 1447 εἴρηταί
684 1420 743 1447 μοι,
768 1414 818 1447 τῆς
836 1421 904 1448 πρε-

119 1455 212 1486 σῆείας
226 1456 301 1491 πέρι,
315 1456 376 1483 τότε
394 1456 502 1489 ἐδέξατο
513 1457 526 1483 ὁ
541 1456 652 1491 Περσῶν
669 1456 801 1492 μόναρχος
813 1458 841 1489 ὲς
855 1457 904 1494 τὴν

120 1501 310 1535 σφετέρανμαὶ
318 1501 382 1535 παρ’
393 1501 474 1528 αὐτὸν
482 1501 865 1537 ἁφικέσθαιπροσέταξεν,οὑκ
876 1504 904 1530 ὲν

118 1547 177 1576 ταῖς
187 1546 305 1579 πόλεσιν,
317 1547 384 1574 ἀλλὰ
394 1547 448 1582 γὰρ
459 1549 487 1574 ὲν
496 1549 552 1579 τοῖς
562 1547 699 1584 μεθορίοις
713 1548 803 1574 αὐτῶν
815 1557 844 1575 τε
855 1549 902 1576 καὶ

119 1590 228 1618 Οῧννων
234 1591 287 1618 τῶν
297 1593 450 1628 Κιδαριτῶν
459 1593 506 1624 τὰς
515 1593 656 1628 διατριϐὰς
668 1593 828 1628 ποιούμενος
838 1594 858 1609 ¹¹

120 1636 195 1671 αὖτῷ
209 1637 349 1665 συνίστατο
369 1638 460 1665 αἰτίαν
472 1638 552 1673 ἔχων,
570 1639 607 1670 ὡς
630 1639 694 1671 τοὺς
722 1639 820 1675 φόρους
849 1640 903 1667 τῶν

121 1683 230 1710 (Ιῦννων
243 1684 279 1718 μὴ
294 1683 491 1720 κομιζομένων,
508 1684 554 1717 οὓς
564 1685 589 1711 ot
600 1685 684 1712 πάλαι
702 1685 752 1720 μὲν
768 1685 821 1712 τῶν
833 1686 904 1721 Περ-

121 1727 175 1754 σῷν
189 1729 235 1754 καὶ
259 1728 373 1763 Πάρθων
388 1724 590 1764 βασιλεύοντες
603 1729 705 1756 ἔθεντο.
718 1727 768 1757 Ὧν
783 1731 796 1757 ὁ
812 1730 904 1766 πατὴρ

121 1772 183 1808 [τὴν
196 1773 242 1800 τοῦ
260 1773 355 1810 φόρου]
366 1775 595 1810 ἀπαρνησάμενος
625 1775 778 1811 ἀπαγωγὴν
796 1776 841 1802 τὸν
857 1776 905 1803 πό-

121 1818 204 1853 λεμον
233 1819 390 1853 ὑπεδέξατο,
424 1820 573 1847 καὶτοῦτον
597 1821 666 1855 μετὰ
693 1823 740 1856 τῆς
769 1822 905 1857 βασιλείας

122 1865 286 1901 παρέπεμψε
298 1866 336 1901 τῷ
353 1866 441 1898 παιδὶ,
457 1865 529 1892 ὥστε
554 1868 615 1897 ταῖς
648 1867 748 1902 μάχαις
767 1869 906 1903 ἐπιτριϐο-

125 1911 222 1945 μένους
239 1912 302 1944 τοὺς
320 1912 427 1947 Πέρσας
444 1912 538 1948 ἀπάτῃ
566 1912 693 1948 ἐθελῆσαι
712 1914 761 1948 τὴν
775 1914 829 1940 τῶν
839 1913 906 1941 Οὕν-

122 1965 175 1983 νων
202 1957 281 1984 λῦσαι
305 1958 446 1992 διαφοραῖν,
462 1958 508 1984 καὶ
530 1957 598 1992 δῆτα
627 1957 834 1993 διαπέμψασθαι
860 1959 906 1986 τὶν

123 2002 264 2037 Πειρώζην
282 2003 371 2037 (τοῦτο
381 2003 434 2038 γὰρ
448 2001 481 2038 ἦν
497 2002 581 2038 δνομα
595 2003 633 2038 τῷ
651 2004 712 2031 τότε
729 2004 843 2039 Περσῶν
857 2004 906 2039 βα-

124 2048 268 2084 σιλεύοντι)
284 2049 351 2084 πρὸς
363 2049 408 2076 τὸν
428 2050 555 2084 Κούγχαν
565 2050 610 2076 τὸν
621 2049 729 2076 Οὕννων
743 2050 906 2085 ἡγούμενον,

123 2095 161 2126 ὡς
190 2095 239 2130 τὴν
266 2096 335 2131 πρὸς
363 2096 443 2122 αὑτὸν
461 2097 481 2112 ¹¹
497 2096 652 2131 ἀσμενίζων
674 2096 786 2131 είρήνην
805 2096 851 2122 ὲπί
877 2105 907 2123 τε

125 2141 268 2176 συμμαχία
283 2141 442 2168 σπένδεσθαι
468 2141 599 2176 βούλοιτο,
628 2142 675 2168 καὶ
689 2141 739 2176 τὴν
753 2140 836 2167 αὑτοῦ
850 2149 910 2169 κατ·

123 2187 211 2222 εγγυᾷ
244 2187 372 2222 ἀδελφήν.
401 2186 544 2213 Νεώτατον
567 2187 621 2222 γὰρ
647 2187 729 2213 αὐτὸν
745 2184 815 2213 εἶναι
848 2195 909 2214 συνι

486 177 534 207 DE
555 177 835 208 LEGATIONIBUS
853 177 1097 210 ROMANORUM
1118 179 1167 209 AD
1186 179 1343 210 GENTES.

1677 175 1733 208 75!

906 231 1052 275 «Oriente
1066 239 1156 261 retum
1178 233 1340 267 potiebatur,
1359 236 1388 260 ut
1405 233 1439 261 ab
1454 232 1532 261 Italia
1543 238 1570 261 et
1582 233 1673 261 Sicilia
1688 234 1732 261 ab-

943 279 1057 307 stineret
1082 283 1109 306 et
1135 280 1224 314 regias
1251 279 1378 307 mulieres
1406 279 1539 307 redderet.
1568 279 1732 308 Gensericus

943 331 1019 357 vero,
1044 324 1135 352 multis
1155 325 1189 352 ad
1210 332 1271 352 eum
1297 332 1330 352 ex
1352 324 1467 352 diversis
1490 325 1612 358 partibus
1639 324 1733 359 legatis

943 371 1046 403 missis,
1061 368 1120 398 non’
1128 375 1192 398 ante
1206 370 1333 398 mulieres
1350 369 1485 402 liberavit,
1499 377 1580 404 quam
1600 370 1732 404 majorem

944 420 1007 443 natu
1025 415 1139 442 filiarum
1155 415 1355 448 Valentiniani,
1373 415 1518 442 Eudociam
1539 414 1659 448 nomine,
1678 415 1734 443 llo-

944 461 1057 489 noricho
1075 461 1130 488 ﬁlio
1144 461 1334 496 desponderet.
1358 460 1435 488 Tune
1467 461 1539 488 enim
1562 459 1709 488 Eudoxiam
1723 481 1732 494 ,

945 506 1088 534 Theodosii
1098 507 1194 540 ﬁliam,
1210 507 1314 534 remisit
1330 514 1391 534 cum
1411 504 1543 537 Placidia,
1558 505 1616 539 ejus
1629 513 1731 535 sorore.

945 561 1024 588 quam
1037 553 1113 580 duxit
1124 552 1260 588 Olybrius.
1278 553 1370 587 Neque
1387 559 1419 580 eo
1430 551 1519 579 secius
1529 551 1632 578 Italiam
1648 556 1674 578 et
1689 551 1734 578 Si-

945 598 1033 626 ciliain
1051 599 1214 627 Genscricus
1230 604 1335 626 vastare
1351 597 1466 629 destitit,
1481 597 1529 625 sed
1545 596 1628 624 multo
1644 598 1745 632 magis

946 645 1073 671 steviebat
1089 649 1148 679 post
1165 650 1279 672 mortem
1293 644 1445 678 Maioriani,
1467 650 1528 670 cum
1545 642 1684 678 Olybrium
1699 643 1733 669 ad

948 688 1089 722 imperium
1111 688 1266 716 Occidentis
1283 689 1434 724 provehere
1453 692 1562 723 propter
1577 685 1748 714 alllnitatem,

947 742 980 762 ex
993 734 1096 770 nuptiis
1109 735 1251 770 cogitaret.

984 865 1028 892 ll.
1046 864 1102 892 Sub
1119 863 1220 896 Leone,
1238 864 1421 892 Romanorum
1438 864 1611 899 imperatore,
1629 864 1749 899 legatus.

950 918 997 945 pro
1020 910 1092 937 Italis
1115 910 1148 937 ad
1167 909 1300 937 Vandalus
1326 909 1464 944 profectus
1483 914 1525 938 est
1546 909 1686 941 Tatianus,
1708 909 1746 936 in.

949 956 1125 990 patriciorum
1145 963 1287 983 numerum
1299 956 1481 990 conscriptus,
1502 956 1535 982 ad
1553 956 1651 983 Persas
1671 961 1753 982 vero.

948 1001 1133 1034 Constantius,
1147 1002 1257 1028 tertium
1276 1001 1430 1036 przefectus.
1447 1006 1475 1029 et
1489 1009 1540 1028 una
1561 1009 1623 1029 cum
1637 1008 1736 1028 consu-

948 1047 1004 1075 latu
1029 1047 1188 1082 patriciatus
1215 1047 1374 1082 dignitatem
1402 1048 1524 1076 sortitus.
1551 1047 1584 1074 Et
1608 1046 1737 1074 Tatianus

949 1093 1057 1127 quidem
1071 1100 1085 1120 a
1105 1092 1231 1120 Vandalis
1254 1093 1324 1120 intra
1343 1094 1423 1121 breve
1441 1098 1556 1128 tempus,
1580 1101 1608 1121 re
1626 1093 1735 1123 infecta.

950 1146 1075 1166 reversus
1087 1143 1128 1166 est
1142 1139 1289 1173 repudiatis
1302 1145 1316 1166 a
1329 1138 1478 1166 Genserico
1487 1138 1562 1173 pacis
1574 1137 1737 1166 conditioni-

951 1185 1011 1211 bus.
1023 1184 1197 1212 Constantius
1213 1190 1277 1211 vero
1293 1183 1413 1215 Edessa,
1431 1191 1492 1218 qua:
1505 1184 1569 1210 urbs
1580 1188 1622 1211 est
1638 1183 1664 1210 in
1680 1183 1736 1210 Ro-

952 1237 1091 1257 tnanorunt
1115 1229 1217 1257 ditione
1229 1230 1314 1265 posita
1329 1234 1356 1256 et
1369 1229 1458 1257 Persis
1475 1229 1657 1261 contermina,
1673 1228 1737 1256 sub-

953 1275 1032 1308 stitit,
1053 1275 1079 1302 in
1096 1282 1149 1309 qua
1173 1274 1254 1310 longo
1269 1279 1390 1309 tempore
1407 1279 1590 1302 commoratus
1604 1278 1656 1307 est,
1676 1282 1737 1302 cum

953 1321 997 1348 diu
1011 1328 1073 1348 eum
1093 1320 1146 1356 ’15
1161 1320 1304 1347 admittere
1317 1320 1477 1348 Parthorum
1496 1328 1541 1348 rex
1555 1320 1685 1348 dill'errel.

991 1366 1034 1393 l2.
1051 1366 1171 1398 Tandem
1183 1366 1325 1394 Persarum
1344 1373 1389 1392 rex
1405 1365 1592 1393 Constantium
1610 1366 1755 1401 legatum...

954 1413 1000 1447 qui
1012 1412 1091 1447 longo
1125 1417 1255 1447 tempore,
1283 1416 1313 1439 ut
1343 1412 1472 1444 diximus,
1498 1411 1641 1446 legationis
1658 1418 1761 1438 causa.

954 1457 1064 1486 Edessa:
1077 1458 1244 1490 substiterat,
1256 1457 1283 1484 in
1298 1465 1374 1484 suam
1386 1458 1524 1492 regionem
1542 1457 1651 1484 admisit
1661 1461 1688 1483 et
1705 1456 1739 1482 ad

955 1511 984 1531 se
996 1502 1087 1530 venire
1096 1502 1186 1536 jussit.
1202 1501 1235 1529 Et
1247 1509 1292 1529 rex
1307 1502 1417 1537 quidetn
1429 1507 1493 1530 tunc
1503 1501 1633 1536 temporis
1646 1508 1700 1528 non
1712 1499 1754 1527 in-

956 1550 1077 1582 urbibus,
1093 1549 1142 1577 sed
1156 1549 1183 1576 in
1198 1548 1323 1576 c0nllniis
1339 1547 1457 1582 regionis
1471 1555 1525 1574 sum
1536 1552 1564 1575 et
1577 1546 1748 1577 llunnorntn_

953 1594 1134 1622 Cidaritarum
1157 1598 1277 1622 moratus
1291 1601 1352 1620 cum
1373 1592 1530 1620 Hunnorum
1555 1599 1618 1625 rege
1640 1591 1738 1619 bellum

953 1641 1072 1675 gerebat.
1084 1643 1225 1676 propterea
1239 1640 1310 1675 qttod
1327 1638 1416 1666 Hunni
1431 1638 1541 1666 minime
1554 1637 1683 1664 tribututn
1700 1637 1741 1664 itt-

954 1687 1088 1718 l’ercbant.
1103 1686 1174 1720 quod
1199 1685 1251 1712 illis
1272 1685 1336 1712 olitn
1357 1684 1501 1712 Persarum
1523 1688 1550 1711 et
1579 1683 1742 1710 Parthorum

955 1741 1031 1767 rcges
1041 1733 1234 1766 imposuerant.
1245 1731 1278 1759 Et
1286 1730 1532 1766 regileunnorutn
1550 1734 1628 1764 pater
1647 1729 1741 1756 tribuli

955 1778 1100 1805 illationetn
1122 1783 1246 1808 renuens,
1258 1775 1355 1803 bellum
1373 1778 1525 1809 exceperat,
1537 1772 1609 1808 quod
1633 1772 1742 1806 quidem

956 1832 1007 1850 ttna
1018 1831 1077 1850 cunt
1091 1830 1172 1857 regno
1190 1822 1223 1849 ad
1235 1822 1319 1848 lilium
1335 1821 1542 1848 transmiserat:
1555 1818 1640 1846 donec
1653 1817 1743 1845 Persis

956 1870 1068 1905 longiori
1090 1869 1160 1897 bello
1178 1868 1332 1903 defatigatis
1357 1867 1431 1895 venit
1453 1867 1480 1894 in
1500 1870 1618 1894 mentem
1643 1864 1742 1892 bellum

957 1924 1017 1942 cum
1035 1915 1138 1942 Ilunn‘ts
1159 1914 1252 1942 fraude
1268 1914 1356 1941 linire.
1371 1913 1464 1947 Itaque
1477 1913 1590 1939 Peroses
1603 1911 1653 1945 (sic
1668 1909 1740 1936 enint

957 1962 1098 1988 Pt-rsarum
1115 1967 1159 1986 rex
1181 1958 1336 1991 vocabatur)
1360 1958 1393 1985 atl
1409 1958 1559 1990 Concbam,
1583 1955 1742 1983 llunnorunt

957 2015 1057 2041 regem,
1075 2005 1158 2036 tnisit,
1176 2009 1302 2039 tanquam
1324 2003 1403 2031 vellet
1426 2010 1487 2030 cum
1508 2002 1561 2029 illis
1585 2007 1677 2037 paceni
1698 1999 1745 2027 ατ-

958 2059 1032 2079 mare
1051 2056 1079 2079 et
1096 2057 1232 2078 armorum
1249 2049 1407 2076 societatem
1423 2048 1539 2083 jungere
1560 2052 1586 2075 et
1609 2047 1648 2074 illi
1667 2053 1743 2073 suam
1762 2071 1765 2073 ,

959 2105 1078 2125 sororem
1096 2097 1160 2124 dare
1173 2102 1296 2123 uxorem.
1314 2094 1359 2121 llle
1381 2094 1453 2121 enim
1467 2098 1524 2121 erat
1540 2097 1596 2120 tum
1613 2092 1682 2120 forte
1696 2092 1744 2119 ad-

960 2145 1012 2172 ltttc
1026 2143 1129 2181 junior,
1142 2141 1300 2176 nequedum
1315 2140 1415 2167 liberos
1430 2139 1497 2166 ullos
1511 2138 1665 2166 sustulerat.
1679 2137 1746 2171 Qui-

960 2190 1010 2217 bus
1024 2188 1196 2217 sermonibus
1220 2194 1280 2214 cum
1298 2185 1423 2213 Conchas
1440 2189 1514 2212 esset
1532 2190 1669 2215 assensus.
1692 2190 1744 2210 non

124 2232 228 2264 ἐσαινε,
246 2233 293 2259 καὶ
313 2232 426 2267 μηδέπω
450 2233 554 2259 παίδων
578 2231 648 2259 εἶναι
664 2232 779 2268 πατέρα.
805 2233 856 2260 Τὸν
880 2233 901 2259 δὲ

963 2241 1051 2262 tamen
1068 2232 1177 2262 Perosis
1192 2238 1312 2259 sororem
1328 2230 1355 2257 in
1372 2229 1576 2257 matrimonium
1596 2228 1682 2259 duxit.
1699 2227 1746 2255 sed
1760 2245 1762 2247 ι

124 2277 341 2312 προσδεξάμενον
362 2278 425 2309 τοὺς
443 2278 538 2312 λόγους
558 2278 701 2313 γήμασθαι
715 2279 746 2305 οὐ
776 2278 823 2305 τοῦ
847 2279 910 2305 Πει-

126 2324 213 2358 pd;on
242 2324 369 2360 ἀδελφὴν,
394 2324 451 2350 ἀλλ’
480 2324 578 2359 ἑτέραν
608 2325 726 2358 γυναῖκα
762 2324 909 2359 βασιλικῶς

123 2369 363 2406 διακοσμηθεῖσαν,
378 2370 412 2406 ἣν
436 2371 450 2397 ὸ
464 2369 575 2405 Περσῶν
599 2369 733 2405 μόναρχος
750 2369 905 2405 ἐξέπεμψε,

126 2417 330 2451 παρεγγυήσας,
357 2416 395 2448 ὡς
422 2416 498 2443 οὐδὲν
529 2415 578 2450 μὲν
601 2415 828 2442 ἀνακαλύπτουσα
856 2415 909 2443 τῶν

125 2461 368 2496 ἐσχηματισμένων
380 2461 517 2496 βασιλείας
534 2461 580 2487 καὶ
596 2460 770 2496 εὐδαιμονίας
789 2460 909 2496 μεθέξει,

126 2507 276 2540 ὲκλέγουσα
293 2507 321 2533 δὲ
341 2507 390 2542 τὴν
407 2507 553 2542 ὑπόκρισιν
577 2506 693 2534 θάνατον
714 2506 770 2538 ἕξει
789 2505 908 2541 ζημίαν·

127 2552 157 2578 οὔ
173 2552 227 2588 γὰρ
245 2551 385 2585 ἀνέξεσθαι
401 2552 422 2568 ¹³
446 2552 492 2578 τδν
514 2552 668 2587 Κιδαριτῶν
696 2552 814 2587 ἄρχοντα
829 2552 910 2588 θερά-

128 2606 227 2624 παιναν
235 2596 307 2632 ἔχειν
322 2597 445 2632 γαμετὴν
461 2597 521 2623 ἀντὶ
535 2597 583 2631 τῆς
595 2594 624 2623 εὖ
643 2597 800 2631 γενομένης.
810 2597 911 2624 Τούτου

127 2642 207 2677 χάριν
224 2642 404 2676 σπεισάμενος
419 2643 433 2668 ὁ
448 2640 589 2675 Πειρώζης
601 2641 670 2676 πρὸς
681 2641 727 2667 τὸν
741 2641 794 2668 τῶν
804 2640 913 2668 οὖννων

128 2687 280 2723 ἡγούμενον
293 2687 343 2713 οὐκ
357 2687 403 2713 ἐπὶ
417 2686 483 2713 πολὺ
494 2687 544 2722 τῆς
566 2686 674 2721 ἀπάτης
700 2686 844 2713 ἀπώνατο·
865 2687 910 2713 εὑ-

962 2281 1043 2308 aliam
1059 2279 1198 2306 mulierem
1211 2277 1284 2311 regio
1294 2276 1370 2304 cultu
1384 2275 1555 2303 adornatam.
1571 2273 1644 2302 llanc
1655 2278 1759 2301 autem-

962 2326 1106 2354 Persarum
1124 2331 1171 2351 rex
1187 2322 1271 2355 misit,
1283 2325 1322 2355 ut,
1339 2321 1362 2349 si
1380 2320 1450 2348 nihil
1471 2327 1564 2348 eorutn
1587 2327 1644 2351 quae
1661 2318 1746 2353 [inge-

963 2372 1073 2402 batttur,
1086 2368 1252 2401 enuntiaret,
1272 2367 1353 2403 regite
1374 2366 1511 2394 felicitatis
1529 2365 1688 2401 participem
1703 2364 1747 2390 fu-

963 2419 1075 2441 turam:
1092 2412 1133 2439 sin
1155 2411 1254 2444 minus,
1279 2415 1306 2438 et
1330 2410 1458 2437 simulata
1481 2409 1628 2444 detegeret,
1652 2408 1746 2444 mortis

963 2458 1123 2493 supplicium
1140 2457 1301 2484 subituram.
1319 2455 1378 2482 Non
1389 2455 1460 2483 enim
1479 2462 1620 2489 passurum
1639 2453 1746 2481 Cidari-

964 2510 1051 2532 tarutn
1066 2510 1167 2538 regem,
1181 2510 1291 2530 uxorem
1308 2509 1337 2529 se
1353 2501 1453 2528 habere
1471 2500 1579 2528 servilis
1586 2499 1746 2527 conditionis

963 2558 1011 2585 pro
1031 2550 1146 2585 ingenua
1161 2553 1189 2576 et
1209 2548 1302 2575 nobili.
1314 2547 1380 2574 Cum
1398 2547 1479 2582 igitur
1491 2546 1534 2574 his
1547 2544 1746 2576 conditionibus

961 2595 1077 2622 Peroses
1090 2600 1183 2628 pacem
1201 2600 1262 2620 cuin
1279 2592 1435 2619 Hunnorum
1451 2597 1513 2625 rege
1527 2589 1673 2622 sanxisset,
1692 2595 1752 2616 non-

962 2641 1001 2668 illi
1019 2641 1063 2667 diu
1088 2647 1136 2666 sua
1157 2639 1231 2666 fraus
1253 2637 1361 2664 tttililati
1384 2642 1411 2664 et
1436 2636 1534 2663 fructui
1567 2635 1627 2664 fuit.
1655 2635 1748 2662 Mulier

961 2687 1046 2714 enim.
1065 2685 1164 2712 timens
1179 2692 1213 2712 ne
1231 2683 1254 2711 si
1267 2683 1335 2710 forte
1349 2689 1397 2718 per
1410 2682 1477 2710 alios
1485 2682 1519 2709 de
1529 2689 1577 2709 sua
1593 2681 1747 2711 conditione

785 2742 902 2770 VARIA‘I
930 2741 1133 2770 LECTIONES.

183 2800 193 2816 '
218 2802 332 2846 κρὲνινν.
347 2802 420 2846 νωι-
467 2801 693 2846 ’.Ῑολέσριογκμ-
706 2802 761 2846 3,]:

130 2838 204 2872 vulg.
219 2836 262 2873 '1‘"
282 2836 425 2873 «96906;
457 2836 586 2873 πόλεμος
601 2836 675 2873 αὺτῷ
702 2836 774 2864 coni.
796 2836 829 2863 Ν.

131 2871 202 2909 VnIg.
233 2871 321 2906 ἔξεστι
346 2871 379 2901 H.

467 2803 478 2818 ⁸
498 2801 637 2837 Ὁλύδριον
660 2801 693 2828 Ν.
709 2821 717 2834 ,
748 2801 888 2837 Ὀλύσριος
913 2802 986 2837 vulg.
1037 2803 1047 2818 ’
1062 2802 1112 2835 τὴν
1139 2807 1195 2827 om.
1225 2801 1287 2834 vulg

467 2837 574 2869 πόλεμος
601 2836 675 2869 αὺτῷ
702 2836 774 2864 coni.
796 2836 829 2863 Ν.
885 2836 905 2853 ³³
921 2837 1002 2864 αὑτὸν
1027 2837 1072 2869 H.,
1103 2834 1193 2863 αὐτῶν
1224 2834 1287 2869 vulg

1055 2855 1072 2870 ,³
1103 2852 1193 2863 “vna!
1228 2852 1297 2869 vuln.

1037 2803 1047 2818 '
1062 2802 1112 2835 τὴν
1139 2807 1195 2827 οιη-
1225 2799 1298 2835 vuls—
1354 2798 1376 2835 .‘1’
1395 2797 1514 2835 ξπμρκιξν
1542 2796 1611 2835 "ala
1639 2795 1748 2835 Ρέταξον

1352 2833 1374 2849 ³³
1393 2830 1534 2865 ἀνέξεσθαι
1566 2831 1611 2866 Ν.,
1639 2830 1759 2865 ἕξεσθαι,
