1951 3074
219 110 272 142 743

693 107 891 138 ΕΧΟΕΒΡΤΑ
910 106 961 136 EX
979 105 1113 136 PRISCO
1133 105 1314 137 RHETORE

1790 106 1844 138 744

220 165 360 201 appellans
374 164 531 199 imperatori
546 163 637 191 dicere
659 163 751 198 jussit,
783 167 812 190 ut
837 161 1004 193 Constantio,

1057 161 1145 196 λόγοις
1162 162 1406 197 φιλοφρονούμενος
1431 161 1546 197 φράζειν
1568 163 1642 197 ἡμᾶς
1658 162 1763 198 βασιλεῖ
1773 172 1846 200 παρ-

219 217 299 244 quem
317 209 349 236 ad
364 215 425 236 eum
441 208 545 241 Aelius,
562 212 594 234 ut
611 207 645 234 ab
667 207 788 242 epistolis
799 212 880 240 esset,
893 206 1005 233 miserat

220 261 331 282 uxorem
349 255 426 282 daret
436 261 507 287 eam,
522 261 603 289 quam
633 253 669 281 illi
691 253 870 288 promisisset.
884 252 1002 285 Etenim,

219 298 396 326 Constantius
408 305 460 325 una
477 305 539 325 cum
556 297 646 325 Attilze
663 297 759 333 legatis
775 298 808 325 ad
824 297 1003 325 Theodosium

218 347 339 376 venerat,
368 349 396 372 et
427 351 457 372 se
483 351 592 379 operam
626 344 764 375 daturum,
799 348 829 370 ut
854 351 904 378 pax
926 343 1004 377 longo

220 392 342 423 tempore
379 388 450 416 inter
475 389 614 416 Romanos
645 393 673 416 et
704 388 814 416 llunnos
837 392 1003 420 servaretur,

219 433 335 467 dixerat,
356 434 436 462 modo
450 434 503 462 sibi
518 442 630 462 uxorem
647 434 808 469 locupletent
832 433 1018 467 matrimonio.

219 479 369 514 copularet.
405 479 475 507 Huic
491 479 613 514 petitioni
645 480 790 515 imperator
816 485 959 514 annuerat,
977 485 1005 507 et

221 522 360 550 Saturnini
375 523 469 558 ﬁliam,
485 524 537 551 viri
559 528 585 551 et
598 524 694 558 opibus
722 529 748 552 et
770 532 870 559 genere
897 525 960 552 clari
977 529 1004 552 et

223 569 324 602 ornati,
340 577 369 596 se
383 569 418 596 illi
435 571 527 604 nuptui
556 570 680 598 daturum
706 571 879 605 promiserat.
910 571 1005 598 Satur-

221 615 316 642 ninum
344 620 432 643 autent
460 615 638 643 interemerat
664 616 796 644 Athenais
817 624 863 644 seu
887 617 1003 644 Eudocia

221 658 348 694 (utroque
377 660 449 687 enim
476 661 584 687 nomine
612 660 782 695 vocabatur),
811 669 898 696 neque
925 662 1006 696 impe-

221 704 307 730 ratori
334 705 366 732 ad
383 706 486 732 exitum
504 706 662 740 perducere,
678 707 748 740 quod
765 707 937 741 promiserat,
958 714 1006 742 per

221 749 370 783 Zenonem,
386 751 475 778 virum
493 752 675 785 consularem,
696 752 782 780 licuit.
803 753 829 781 Is
845 754 916 781 enim
940 754 1004 781 olim

221 804 319 832 magna
334 798 486 838 Isaurorum
499 798 673 826 multitudine
697 799 823 834 stipatus,
853 800 912 827 urbi
932 799 1005 827 Con-

221 835 477 877 stantinopoli,quaa
491 843 562 870 bello
575 844 894 879 premebatur.pr:esidio
905 844 1003 872 fuerat.
1021 834 1042 862 Β

220 886 270 919 Qui
310 895 371 914 cum
410 888 585 914 Orientalium
628 889 796 916 exercituum
827 889 882 917 dux
912 895 1003 922 esset,

221 933 337 967 puellam
371 934 492 960 custodia
507 935 611 966 eduxit,
626 939 653 962 et
675 934 746 963 Rufo
771 935 889 970 cuidam,
912 937 956 963 uni
972 944 1006 964 ex

221 978 278 1004 suis
296 978 468 1011 necessariis,
481 979 632 1013 despondit.
647 978 703 1006 Hac
726 980 812 1014 puella
828 980 879 1007 sibi
896 981 1006 1008 subtra-

222 1029 276 1056 cta,
292 1024 465 1052 Constantius
493 1025 640 1054 Barbarum
662 1028 768 1060 orabat,
788 1034 823 1054 ne
839 1027 889 1055 sibi
906 1027 1004 1056 factam

223 1069 413 1096 contumeliam
430 1069 646 1105 negligeret,sed
661 1071 814 1105 perliceret,
832 1076 860 1098 ut
870 1071 923 1099 sibi
937 1079 1006 1101 uxor

223 1115 344 1148 daretur,
359 1121 405 1143 aut
416 1123 459 1149 ea,
469 1124 528 1150 quae
544 1117 670 1151 subrepta
687 1116 785 1148 fuerat,
796 1118 931 1145 autetiam
942 1119 1004 1152 alia,

221 1169 280 1195 qua:
296 1161 385 1189 dotem
401 1161 520 1189 allerret.
538 1162 719 1196 Quamobrem
730 1170 780 1197 per
795 1170 882 1191 ctente
898 1168 1005 1198 tempus

223 1207 362 1235 Barbarus
399 1207 572 1234 Maximinum
603 1207 760 1243 imperatori
791 1209 882 1237 dicere
913 1209 1003 1244 jussit,

223 1261 276 1280 non
289 1258 414 1288 oportere
425 1253 612 1281 Constantium
628 1262 676 1290 spe
692 1255 726 1282 ab
740 1255 798 1290 ipso
810 1256 926 1283 excitata
936 1256 1004 1290 lalli,

225 1299 300 1327 etab
318 1300 488 1334 imperatoris
516 1300 648 1335 dignitate
679 1301 796 1328 alienum
822 1302 919 1333 videri.
935 1310 1006 1330 nien-

221 1346 314 1373 dacem
351 1353 421 1373 esse.
457 1345 520 1373 Haec
548 1346 646 1374 Attilas
680 1347 827 1374 Maximino
855 1347 1004 1381 mandavit,

222 1398 362 1427 propterea
376 1391 447 1426 quod
467 1391 643 1420 Constantius
671 1393 708 1420 illi
731 1393 866 1427 ingentem
885 1394 1005 1427 pecniiite

221 1446 354 1465 summam
386 1438 520 1472 pollicitus
549 1443 619 1472 erat,
649 1439 671 1466 si
692 1447 805 1466 uxorem
831 1447 846 1467 e
875 1439 1004 1467 Ruinanis

221 1484 319 1519 puellis
343 1484 500 1519 locupletem
518 1485 641 1513 duceret.
670 1484 726 1512 Sub
740 1490 818 1513 nocte
829 1493 843 1512 a
858 1493 936 1513 ctena
949 1487 1004 1513 dis—
1016 1505 1041 1538 ο
1056 1484 1125 1514 ζαπλ

222 1531 365 1558 cessimus.
1018 1535 1021 1538 “
1056 1528 1125 1562 γυνή

1018 1535 1040 1538 ·“
1056 1535 1137 1563 γυνη.

222 1531 365 1558 cessimus.

257 1575 357 1605 Tribus
385 1576 480 1605 deinde
490 1577 586 1604 diebus
612 1575 721 1611 elapsis,
739 1577 897 1605 muneribus
913 1578 1005 1606 donati

224 1621 328 1649 dimissi
348 1629 454 1649 sumus.
478 1622 576 1650 Attilas
590 1630 699 1657 quoque
716 1623 870 1657 Berichum,
887 1624 975 1650 virum
990 1632 1006 1652 e

224 1667 341 1702 Scythia:
358 1668 533 1702 primoribus,
556 1669 701 1696 multorum
714 1670 833 1696 vicorum
849 1670 875 1697 iu
893 1670 1004 1705 Scythia

223 1713 369 1745 dominum,
402 1718 430 1741 et
459 1715 504 1748 qui
535 1714 560 1741 in
577 1714 702 1742 convivio
729 1716 867 1750 superiore
889 1716 947 1744 loco
961 1724 1006 1744 se-

222 1761 309 1793 derat,
327 1760 466 1788 nobiscum
489 1761 605 1796 legatum
636 1762 669 1788 ad
683 1762 889 1796 .imperatorem
917 1763 1003 1790 misit.

223 1806 299 1833 Hunc
313 1807 384 1834 enim
399 1811 428 1834 et
450 1807 517 1835 alias
535 1807 650 1835 Romani
665 1815 713 1842 pro
725 1808 813 1843 legato
826 1808 1004 1836 admiserant.

222 1852 305 1880 Nobis
328 1858 418 1880 autem
436 1853 488 1881 iter
504 1854 714 1881 conﬁcientibus
727 1859 754 1882 et
779 1855 804 1882 in
819 1855 878 1882 vico
889 1855 1004 1889 quodam

222 1900 462 1934 commorantibus,
495 1905 590 1936 captus
628 1905 669 1928 est
705 1901 748 1929 vir
777 1900 889 1938 Scytha,
916 1903 962 1937 qui
989 1909 1004 1929 a

221 1945 350 1972 Romanis
366 1945 524 1979 explorandi
549 1945 635 1981 gratia
652 1946 679 1973 in
697 1946 842 1973 barbaram
867 1947 1005 1981 regionem

225 1990 509 2026 descenderat,quem
528 1991 618 2018 crucis
643 1991 776 2026 supplicio
802 1991 874 2019 allici
907 1992 1005 2019 Attilas

221 2037 358 2070 praecepit.
378 2035 515 2064 Postridie
525 2037 607 2064 etiam
624 2038 686 2064 dum
703 2045 752 2072 per
765 2038 832 2066 alios
847 2039 921 2065 vicos
941 2045 1005 2072 pro-

221 2082 481 2117 grederemur,duo,
512 2084 557 2118 qui
592 2084 662 2119 apud
693 2085 808 2121 Scythas
838 2085 1003 2118 serviebant,

221 2128 345 2156 manibus
361 2128 444 2156 vincti
458 2134 519 2164 post
534 2134 608 2165 terga
639 2130 827 2162 trahebantur,
855 2132 927 2166 quod
950 2133 1002 2165 his,

1055 207 1196 234 εκελιύετο
1208 208 1247 242 τῷ
1271 207 1464 242 Κωνσταντίῳ,
1477 207 1507 239 ὃς
1531 208 1607 243 αὺτῷ
1623 208 1696 243 παρὰ
1734 209 1843 236 ’Δετίου

1055 253 1210 281 ἀπέσταλτο
1225 253 1405 287 ὑπογραφέως
1422 253 1511 288 χάριν,
1532 253 1632 280 διδόναι
1655 254 1690 288 ἢν
1701 254 1777 289 αὐτῷ
1791 263 1843 288 γυ-

1054 299 1134 325 ναῖκα
1166 298 1214 324 καὶ
1235 297 1378 332 ὑπέσχετο.
1396 298 1476 332 Παρά
1500 298 1555 333 γὰρ
1579 298 1625 324 τὸν
1653 298 1766 333 βασιλέα
1789 299 1842 326 Θε-

1054 343 1155 371 οδόσιον
1183 343 1241 378 ἃμα
1261 345 1318 375 τοῖς
1348 343 1468 370 σταλεῖσι
1485 343 1560 378 παρά
1586 344 1633 370 τοῦ
1649 345 1766 380 ’Δττήλα
1776 346 1844 380 πρέ-

1055 390 1147 416 σϐεσιν
1174 389 1336 424 ἀφικόμενος
1350 388 1366 415 ὁ
1381 390 1567 421 Κωνστάντιος
1584 390 1633 425 τὴν
1646 391 1759 426 είρήνην
1777 391 1846 418 Ῥω-

1056 436 1146 471 μαίοις
1161 437 1207 463 καὶ
1235 435 1352 467 Σκύθαις
1365 435 1448 470 ἔφησε
1464 436 1510 462 ἐπὶ
1527 436 1632 471 μακρὸν
1658 437 1844 471 φυλάττεσθαι

1055 482 1149 517 χρόνον
1164 481 1384 516 παρασκευάσειν
1403 481 1438 513 ⁸⁷,
1465 481 1498 507 ἂν
1521 481 1595 515 αὺτῷ
1622 483 1740 514 γυναῖκα
1761 481 1843 508 εὔπο-

1057 536 1102 563 ρον
1125 527 1194 562 δοίη.
1210 527 1264 554 Καὶ
1290 527 1359 562 πρὸς
1378 526 1456 553 τοῦτο
1486 526 1618 553 ἐπένευσε
1638 526 1776 561 βασιλεὺς,
1794 526 1845 554 κα).¹

1056 573 1218 609 Σατορνίλου
1244 573 1393 608 περιουσίᾳ
1414 573 1462 600 καὶ
1486 573 1560 607 γένει
1588 574 1776 608 κοσμουμένην
1792 574 1842 600 θυ-

1056 620 1162 654 γατέρα
1187 619 1293 654 εἰρήκει
1303 619 1410 646 δώσειν.
1425 618 1478 645 Τὸν
1491 618 1520 645 δὲ
1531 618 1692 654 Σατορνίλον
1705 619 1841 655 ἀνῃρήκει

1056 663 1183 699 Ἀθηνατς
1212 664 1229 698 ἡ
1261 664 1309 690 καὶ
1340 663 1466 690 Εὺδοκία·
1497 663 1662 698 ἀμφοτέροις
1690 663 1744 698 γὰρ
1773 664 1840 690 ἑκα-

1055 709 1127 736 λεῐτο
1156 709 1214 740 τοῖς
1243 708 1384 743 ὀνόμασιν.
1410 707 1455 739 Ἐς
1473 708 1554 743 ἔργον
1576 707 1606 733 δὲ
1620 708 1668 743 τὴν
1695 708 1777 734 αὐτοῦ
1807 708 1839 734 οὺ

1056 753 1249 790 συνεχώρησεν
1275 753 1392 788 ἀχθῆναι
1421 753 1568 788 ὑπόσχεσιν
1584 754 1686 788 Ζήνων,
1701 754 1837 785 ὑπατικὸς

1056 800 1125 835 ἀνὴρ
1152 801 1200 827 καὶ
1232 799 1333 834 πολλὴν
1349 799 1425 835 ἀμφ’
1445 800 1528 826 αὑτὸν
1556 799 1626 834 ἔχων
1645 800 1774 834 Ἰσαύρων
1794 799 1841 827 δύ-

1057 855 1149 881 ναμιν,
1174 846 1233 881 μεθ’
1249 842 1284 881 ἦς
1315 845 1362 872 καὶ
1388 844 1436 880 τὴν
1463 844 1668 871 Κωνσταντίνου
1698 845 1769 872 κατὰ
1793 845 1842 871 τὸν

1056 891 1102 918 τοῦ
1110 891 1228 926 πολέμου
1240 891 1336 926 καιρὸν
1353 891 1497 925 φυλάττειν
1511 891 1707 925 ἐπετέτραπτο.
1725 890 1792 916 Τότε
1806 891 1842 926 δὴ

1056 938 1109 964 τῶν
1124 938 1153 964 ἐν
1172 939 1205 973 τῇ
1222 937 1280 972 Ἕῳ
1295 936 1498 970 στρατιωτικῶν
1517 936 1609 971 ἄρχων
1623 936 1771 971 ταγμάτων
1788 935 1842 962 ὐπ-

1057 983 1147 1017 εξάγει
1165 983 1212 1009 τοῦ
1233 982 1363 1017 φρουρίου
1377 982 1427 1016 τὴν
1447 982 1541 1016 κόρην,
1560 981 1608 1007 καὶ
1633 981 1739 1017 Ῥούφῳ
1773 981 1841 1014 τινὶ,

1059 1027 1099 1053 ἐν).
1128 1026 1182 1053 τῶν
1204 1026 1375 1061 ἐπιτηδείων,
1392 1026 1543 1060 κατεγγυᾷ..
1563 1025 1671 1060 Ταύτης
1685 1026 1714 1053 δὲ
1729 1027 1842 1062 ἀφῃρη-

1058 1072 1157 1107 μένης,
1184 1072 1198 1097 ὸ
1216 1072 1405 1102 Κωνστάντιος
1433 1071 1517 1097 ἐδεῖτο
1542 1070 1589 1098 τοῦ
1616 1070 1776 1106 Βαρϐάρου,
1799 1073 1842 1098 ἐν-

1057 1117 1218 1152 υϐρισμένον
1230 1117 1310 1143 αὑτὸν
1329 1117 1367 1152 μὴ
1384 1117 1570 1152 περιορᾶσθαι,
1585 1117 1642 1144 ἀλλ’
1666 1118 1683 1154 ἢ
1700 1117 1841 1153 τὴνάφαι-

1058 1163 1184 1198 ρεθεῖσαν
1211 1163 1228 1198 ἢ
1256 1163 1303 1189 καὶ
1311 1163 1393 1198 ἄλλην
1410 1162 1483 1197 αὺτῷ
1501 1162 1619 1189 δίδοσθαι
1635 1162 1759 1198 γαμετὴν
1771 1171 1841 1198 φερ-

1055 1208 1104 1244 νὴν
1118 1208 1296 1236 είσοίσουσαν.
1323 1208 1402 1243 Παρά
1427 1207 1473 1234 τὸν
1487 1207 1533 1235 τοῦ
1552 1208 1660 1235 δείπνου
1674 1209 1763 1235 τοίνυν
1775 1218 1839 1236 και-

1058 1255 1103 1290 ρὸν
1131 1255 1145 1281 ὁ
1162 1254 1302 1290 Βέρσαρος
1330 1253 1420 1288 λέγειν
1443 1254 1483 1290 τῷ
1513 1254 1680 1289 βασιλεύοντι
1691 1256 1736 1282 τὸν
1752 1257 1840 1289 Mai-.-

1057 1302 1133 1336 μῖνον
1146 1300 1266 1333 ἐκέλευε,
1295 1300 1332 1335 μὴ
1355 1300 1452 1336 χρῆναι
1475 1301 1523 1336 τῆς
1538 1300 1568 1333 ἐξ
1582 1301 1665 1327 αὑτοῦ
1695 1301 1740 1328 τὸν
1763 1302 1841 1328 Κων-

1056 1347 1178 1373 στάντιον
1200 1346 1306 1378 ἐλπίδος
1334 1347 1504 1382 διαμαρτεῖν·
1537 1346 1599 1373 οὒτε
1616 1347 1670 1383 γὰρ
1694 1347 1798 1382 βασιλεῖ
1815 1348 1840 1364 ⁸³

1055 1392 1085 1419 τὸ
1099 1392 1245 1426 ψεύδεσθαι
1265 1392 1298 1419 ⁵⁸.
1315 1392 1406 1419 Ταῦτα
1430 1392 1458 1419 δὲ
1481 1393 1496 1419 ό
1518 1393 1647 1428 Ἀττήλας
1676 1394 1838 1428 ἐνετέλλετο,

1057 1437 1243 1472 ὑποσχομένου
1265 1437 1457 1473 Κωνσταντίου
1483 1438 1612 1473 χρήματα
1628 1438 1734 1470 δώσειν,
1745 1439 1770 1465 ει
1785 1439 1840 1465 τῶν

1056 1471 1215 1514 ζαπλούτων
1253 1471 1327 1518 αδτῷ
1366 1482 1442 1518 παρὰ
1462 1471 1609 1517 Ῥωμαίοις
1639 1483 1840 1519 κατεγγυηθείη

1089 1574 1142 1600 Τοῦ
1163 1573 1191 1600 δὲ
1206 1574 1356 1608 συμποσίου
1382 1574 1583 1607 ὑπεξελθόντες,
1604 1574 1674 1608 μετά
1693 1574 1742 1610 τὴν
1753 1573 1840 1601 νύκτα

1055 1619 1166 1656 ἡμερῶν
1184 1619 1384 1655 διαγενομένων
1411 1620 1507 1656 τριῶν,
1535 1619 1716 1655 διηφείθημεν
1742 1620 1841 1655 δώροις

1055 1666 1111 1697 τοῖς
1136 1666 1303 1700 προσήκουσι
1329 1666 1500 1701 τιμηθέντες·
1524 1666 1631 1700 ἔπεμπε
1665 1666 1694 1692 δὲ
1714 1666 1840 1702 όἏττή-

1054 1711 1103 1742 λας
1121 1712 1167 1738 καὶ
1185 1712 1295 1747 Βὲριχον
1311 1711 1356 1738 τὸν
1380 1712 1458 1747 ἡμῶν
1474 1713 1503 1738 ἐν
1514 1712 1552 1747 τῷ
1564 1712 1705 1747 συμποσίῳ
1718 1713 1841 1747 προκαθ-

1055 1757 1168 1784 εσθέντα
1182 1777 1189 1790 ,
1215 1758 1299 1792 ἄνδρα
1330 1757 1384 1784 τῶν
1411 1757 1530 1791 λογάδων
1556 1757 1603 1784 καὶ
1629 1757 1734 1784 πολλῶν
1751 1759 1781 1784 ἐν
1804 1759 1840 1794 τῇ

1055 1804 1174 1839 Σκυθικῇ
1205 1804 1307 1838 κωμῶν
1330 1804 1460 1839 ἄρχοντα,
1474 1804 1550 1840 παρά
1578 1803 1690 1838 βασιλέα
1704 1804 1841 1841 πρεσϐευ-

1056 1851 1180 1884 σόμενον.
1201 1850 1287 1881 ἄλλως
1304 1859 1334 1876 τε
1357 1851 1404 1876 καὶ
1429 1850 1510 1876 αὑτὸν
1525 1847 1569 1876 οἷα
1583 1850 1615 1885 δὴ
1631 1850 1753 1884 πρέσϐυν
1763 1852 1842 1885 παρὰ

1061 1896 1204 1929 Ῥωμαίων
1223 1896 1360 1929 δέξασθαι.
1392 1896 1564 1931 Ποιουμένων
1573 1896 1601 1922 δὲ
1626 1896 1705 1931 ἡμῶν
1723 1896 1773 1932 τὴν
1788 1905 1841 1923 πο-

1057 1942 1133 1976 ρείαν
1146 1942 1194 1968 καὶ
1218 1942 1286 1977 πρὸς
1300 1942 1380 1978 κώμῃ
1398 1943 1607 1969 καταλυσάντων
1619 1942 1684 1974 τινὶ,
1698 1943 1756 1977 ἥλω
1770 1942 1842 1969 Σκύ-

1056 1987 1105 2021 θης
1131 1987 1202 2022 ἀνὴρ
1222 1987 1397 2022 κατασκοπῆς
1417 1987 1498 2014 ἓνεκα
1514 1988 1547 2014 ὲκ
1565 1987 1615 2022 τῆς
1650 1986 1797 2022 Ῥωμαίων
1811 1989 1841 2020 ἐς

1055 2035 1103 2069 τὴν
1123 2034 1259 2069 βάρὸαρον
1287 2033 1457 2068 διαϐεϐηκὼς
1484 2033 1585 2069 χώραν’
1614 2033 1660 2060 καὶ
1680 2032 1761 2060 αὐτὸν
1782 2033 1843 2060 Ἀτ-

1055 2080 1138 2115 τήλας
1155 2079 1420 2114 ἀνασκολοπισθῆναι
1439 2079 1670 2114 παρεκελεύσατο.
1684 2079 1722 2113 Τῇ
1735 2079 1764 2106 δὲ
1776 2079 1841 2106 ἐπι·

1056 2126 1122 2162 ούσῃ
1137 2125 1170 2152 δι’
1194 2125 1294 2160 ἑτέρων
1324 2124 1424 2159 κωμῶν
1453 2125 1646 2160 πορευομένων
1675 2125 1766 2160 ἡμῶν,
1789 2124 1840 2152 ἂν·

220 2179 289 2206 quos
299 2172 360 2200 belli
373 2181 452 2201 casus
463 2174 588 2201 dominos
600 2174 718 2208 fecisset,
733 2177 815 2202 vitam
826 2177 999 2210 eripuissent.

1056 2172 1114 2206 δρες
1136 2171 1185 2198 δύο
1206 2171 1260 2197 τῶν
1286 2170 1360 2206 παρά
1383 2170 1500 2201 Σκύθαις
1520 2171 1698 2197 δουλευόντων
1730 2171 1839 2205 ῆγοντο,

218 2217 286 2250 llos,
308 2218 521 2245 immissisinter
535 2219 587 2246 duo
607 2219 678 2253 ligna
708 2221 783 2248 uncis
809 2222 920 2255 praedita
948 2222 1005 2257 7o

167 2280 170 2282 ν
220 2263 364 2298 capitibus,
378 2264 404 2290 in
421 2271 503 2291 cruce
515 2270 658 2292 necarunt.
674 2265 806 2294 Berichus
820 2275 895 2300 vero,
918 2276 1005 2303 quan-

220 2309 265 2336 diu
284 2309 420 2345 Scythiam
444 2311 662 2344 peragravimus,
680 2311 774 2338 eadem
797 2312 838 2338 via
865 2313 1004 2341 nobiscum

221 2355 317 2388 iveral,
333 2360 360 2382 at
371 2355 490 2390 placidus
510 2361 536 2383 et
551 2357 656 2383 atnicns
673 2357 746 2384 visus
761 2362 829 2385 erat.
856 2358 893 2386 Ut
907 2358 1004 2387 Istrum

220 2401 386 2436 traiecimus.
427 2405 537 2436 propter
580 2403 710 2436 quaedam
747 2410 834 2430 vanas
849 2411 955 2438 causas,
986 2413 1001 2432 a

219 2447 306 2474 servis
333 2452 419 2481 ortas,
445 2455 494 2475 nos
529 2448 702 2476 inimicorum
736 2448 795 2476 loco
834 2449 938 2477 habuit.
969 2451 1004 2478 Et

220 2493 337 2528 primum
367 2493 477 2528 quidem
505 2501 615 2529 equum,
646 2501 728 2529 quem
759 2495 904 2523 Maximino
933 2497 1003 2524 dono

219 2540 340 2572 dederat,
371 2539 405 2567 ad
427 2546 457 2567 se
484 2540 629 2567 revocavit.
658 2539 762 2567 Etenim
790 2540 888 2567 Attilas
906 2547 1002 2569 omnes

221 2585 340 2621 Scythis
355 2585 500 2620 principes,
518 2586 565 2620 qui
593 2586 620 2612 in
647 2585 733 2620 ipsius
759 2586 888 2613 comitatu
911 2592 999 2621 erant,

220 2629 298 2657 donis
314 2628 490 2656 Maximinum
507 2637 606 2658 ornare
631 2630 760 2665 iusserat,
776 2634 803 2658 et
817 2632 1002 2667 unusquisque

220 2675 345 2710 certatim
357 2674 394 2702 illi
407 2682 505 2710 equum
519 2676 640 2710 miserat,
656 2676 726 2704 inter
737 2684 806 2712 quos
819 2681 846 2705 et
857 2677 1000 2706 Berichus.

1053 2218 1140 2244 ὀπίσω
1154 2216 1194 2244 τὼ
1219 2217 1292 2252 χεῖρε
1311 2216 1458 2251 δεδεμένοι,
1478 2217 1516 2248 ὡς
1540 2217 1605 2248 τοὺς
1622 2217 1693 2243 κατά
1722 2217 1841 2252 πόλεμον

1054 2263 1196 2294 ἀνελόντες
1224 2263 1369 2294 δεσπότας
1396 2262 1443 2289 καὶ
1460 2262 1504 2288 ἐπὶ
1518 2262 1604 2294 ξύλων
1623 2262 1696 2288 δυοῖν
1723 2263 1842 2297 κεραίας

1055 2309 1170 2344 ἐχόντων
1185 2309 1286 2343 ἀμφοῖν
1308 2308 1359 2339 τὰς
1389 2307 1511 2342 κεφαλὰς
1526 2307 1691 2342 ἐμϐαλόντες
1709 2308 1841 2335 ἀνεσταύ-

1056 2363 1157 2389 ρωσαν.
1176 2354 1226 2388 Ἐφ
1244 2354 1306 2380 ὅσον
1333 2353 1361 2380 δὲ
1392 2353 1444 2388 τὴν
1466 2352 1603 2387 Σκυθικὴν
1635 2352 1796 2388 διεξῄειμεν,
1826 2353 1842 2379 ὸ

1055 2400 1166 2435 Βέριχος
1193 2398 1328 2425 ἐκοινώνει
1353 2399 1473 2432 τεζὴμῐν
1501 2399 1550 2433 τῆς
1571 2397 1643 2430 ὀδοῦ,
1665 2397 1711 2424 καὶ
1739 2398 1841 2432 ἥσυχός

1055 2454 1097 2477 τις
1117 2445 1163 2472 καὶ
1187 2445 1340 2480 ἐπιτήδειος
1363 2443 1512 2480 ἐνομίζετο.
1541 2443 1585 2475 Ὠς
1615 2443 1644 2470 δὲ
1659 2443 1704 2470 τὸν
1734 2443 1842 2478 Ἴστρον

1055 2490 1278 2527 ἐπεραιώθημεν,
1299 2491 1329 2517 ὲν
1343 2490 1444 2525 ἐχθροῦ
1467 2491 1534 2524 ἡμῖν
1557 2489 1665 2523 ἐγένετο
1683 2489 1767 2524 μοίρᾳ
1795 2489 1843 2515 διὰ

1055 2546 1131 2569 τινας
1159 2537 1260 2568 ἑώλους
1275 2536 1427 2571 ιροφάσεις
1453 2536 1485 2562 ἐκ
1501 2535 1555 2561 τῶν
1583 2535 1757 2570 θεραπόντων
1776 2543 1841 2560 συν-

1055 2583 1224 2619 ενεχθείσας.
1241 2583 1295 2609 Καὶ
1313 2582 1447 2618 πρότερον
1470 2581 1520 2616 μὲν
1545 2581 1591 2608 τὸν
1608 2581 1690 2608 ἵππον
1701 2581 1839 2615 ἀφείλετο,

1055 2628 1078 2665 ᾧ
1106 2631 1152 2658 τὸν
1179 2629 1332 2664 Μαξιμῖνον
1357 2628 1551 2663 δωρησάμενος
1586 2625 1630 2663 ἧν.
1652 2627 1681 2654 '0
1702 2627 1758 2662 γὰρ
1780 2627 1840 2653 Ἀτ-

1055 2678 1141 2713 τὴλας
1165 2676 1269 2707 πάντας
1291 2675 1364 2710 τοὺς)
1384 2674 1452 2710 ἀμφ’
1470 2674 1552 2701 αὑτὸν
1583 2674 1698 2709 λογάδας
1721 2681 1841 2709 παρεκε-

861 2733 979 2762 VARUE
999 2732 1201 2763 LECTIONES.

256 2778 283 2816 ‘1
291 2778 523 2816 παρασκευάσειν,
553 2779 587 2808 ἃν
602 2780 648 2814 H.,
666 2781 902 2816 παρασκευάσειεν
922 2781 956 2808 ἂν
986 2781 1061 2816 vulg.

219 2812 375 2847 ψεύδεσθαι.

1111 2780 1134 2796 ⁸⁸
1151 2777 1288 2815 βασιλικὸν
1304 2776 1377 2812 conj.
1405 2776 1436 2804 B.
1455 2776 1478 2793 "
1492 2776 1608 2813 πρέπειν
1633 2776 1696 2804 add.
1720 2775 1753 2804 Ν.
1778 2779 1840 2809 post
