1951 3074
199 132 254 166 τὲἰῚ

703 126 899 157 EXCERPTA
919 125 969 155 EX
989 125 1122 155 PRISCO
1144 124 1325 155 RHETORE

1778 128 1834 159 ἨΒ

202 187 368 218 clandestina
383 185 506 217 consilia,
524 191 582 218 qua:
611 190 624 210 a
654 189 694 214 se,
718 181 752 209 ab
787 181 928 212 Edecone,
957 180 990 206 ah

1047 179 1166 215 συνεχῶς
1177 180 1212 206 -δὲ
1226 180 1254 211 ἐς
1269 180 1374 207 ἱκεσὲαν
1399 180 1579 215 τρεπόμενος,
1596 180 1667 207 ὥστε
1686 181 1768 208 αὑτὸν
1783 185 1835 218 μὲν

201 236 327 265 eunucho
342 238 368 261 et
382 233 546 267 imperatore
567 230 592 257 iu
616 228 727 256 Attilam
754 228 903 261 composita
931 226 988 253 fue-

196 285 275 313 Tant,
293 278 408 314 aperuit,
442 281 470 304 et
496 276 529 304 ad
556 282 651 311 preces
676 274 829 309 prolapsus,
857 279 936 300 orare
961 275 988 298 et

192 325 343 358 (obtestari,
360 329 390 351 ut
402 331 432 351 se
449 322 595 354 occideret,
609 326 636 348 et
657 320 741 348 lilium
759 319 826 346 nihil
853 317 985 353 promeri-

202 380 258 402 tuut
281 372 421 399 liberaret.
443 369 510 397 Cum
537 372 627 395 autent
650 366 745 393 Attilas
778 371 811 391 ett
844 364 897 396 his,
926 369 986 397 qua:

195 420 309 447 ‘Edecon
336 416 390 444 sibi
419 416 570 446 detexerat,
595 411 708 448 Bigilam
746 409 813 438 nihil
842 408 984 436 mentitutn

202 466 377 502 perspiceret,
397 463 423 490 in
438 460 543 489 vincula
559 459 619 487 duci
632 457 770 494 prmcepit,
786 463 802 484 e
815 456 916 491 quibus
931 461 983 482 non

201 499 277 548 prius
291 517 353 539 eum
378 508 566 537 exsolutnrnm
591 505 711 532 minatus
745 507 797 536 est,
819 508 899 537 quam
927 499 986 535 ejus

202 545 274 586 lilius
287 557 314 584 in
333 563 393 583 eam
411 562 468 582 rem
485 552 613 580 dimissus
629 551 697 578 alias
710 548 908 584 quinquaginta
926 545 988 576 auri

202 605 286 632 libras
311 609 361 638 pro
386 601 526 637 utriusque
562 596 723 625 liberatione
755 595 928 627 exsolvisset,
959 599 986 623 et

201 651 303 687 Bigilas
329 648 438 684 quidem
470 646 498 673 in
522 644 629 672 vincula
654 647 696 671 est
732 642 881 677 conjectus,
918 641 987 668 ﬁlius

1041 224 1230 261 ἀναιρεθῆναι,
1247 225 1409 260 διαιρεθῆναι
1435 226 1463 252 δὲ
1484 226 1531 253 τὸν
1547 227 1640 254 παῖδα.
1663 227 1747 259 Γνοὺς
1767 227 1797 254 δὲ
1819 230 1835 254 6

1041 270 1170 305 Ἀττήλας
1186 271 1239 297 ἀπὸ
1259 271 1313 297 τῶν
1333 271 1460 298 Ὲδέκωνι
1485 272 1643 307 εἰρημένων
1683 273 1766 308 μηδὲν
1793 274 1836 300 ὄις

1039 316 1222 350 εψεῦσοαιτδν
1241 316 1400 350 Βιγίλαν,ἐν
1412 317 1522 352 aestui;
1536 316 1608 345 εἶναι
1638 319 1836 353 προσέταττεν,

1037 361 1068 388 οὑ
1084 361 1218 397 πρότερον
1245 361 1337 388 λύσειν
1363 363 1516 398 ἀπειλήσας
1548 364 1612 399 πρὶν
1639 364 1655 400 ἢ
1684 365 1730 391 τὸν
1747 365 1835 391 παῖδα

1038 406 1182 442 ἐκπέμψας
1209 407 1308 443 ἑτέρας
1326 408 1401 444 αὐτῷ
1417 410 1589 444 πεντήκοντα
1604 409 1717 444 χρυσίου
1737 410 1835 446 λίτρας

1038 452 1108 488 ὑπὲρ
1122 453 1176 479 τῶν
1195 454 1334 488 σφετέρων
1349 455 1458 489 κομίσαι
1471 455 1587 491 λύτρων.
1608 456 1662 482 Καὶ
1679 457 1692 482 6
1708 456 1758 491 μὲν
1774 456 1835 482 ἑδέσ

1038 497 1108 530 δετο,
1131 499 1145 525 6
1175 498 1203 525 δὲ
1233 499 1262 530 ές
1277 500 1328 534 τὴν
1347 500 1493 535 Ῥωμαίων
1516 501 1640 536 ἐπανῄει.
1657 501 1786 536 Ἐπεμπε
1803 501 1835 527 δὲ

1042 545 1088 571 καὶ
1104 545 1233 581 Ὀρέστην
1256 547 1304 573 καὶ
1320 546 1424 573 Ἦσλαν
1440 546 1455 574 ὁ
1470 547 1601 583 Ἀττήλας
1630 547 1660 580 ἐς
1678 546 1728 584 τὴν
1752 548 1832 574 Κων-

1042 590 1182 617 σταντίνου
1195 590 1264 626 (29).

206 686 295 725 autem
324 694 358 722 ad
392 692 529 720 Romanos
555 689 644 717 rediit.
673 687 746 716 Misit
778 687 860 715 etiam
886 686 983 713 Attilas
999 688 1120 716 Orestem
1132 693 1157 716 et
1174 689 1263 717 Eslam
1278 689 1550 726 Constantinopolim.

241 742 270 769 4.
283 740 326 777 (Α.
341 738 373 767 C.
388 737 451 770 449,
468 736 526 764 ind.
544 735 575 763 ll.
592 733 695 762 Tlteod.
707 732 770 768 ιε.)
793 733 863 760 Hinc
889 731 996 759 Atlilas.

206 776 373 816 illichZeno
387 781 585 819 Chrysaphium
598 779 631 807 ad
661 785 769 814 panum
799 776 991 812 deposcebant.

207 833 334 862 Omnium
349 835 438 859 autem
456 829 483 856 in
507 834 568 855 eum
582 825 680 853 animis
691 828 717 852 et
733 823 831 851 studiis
843 822 991 855 inclinatis,

1081 734 1113 762 δ’.
1128 735 1188 761 Ὀτι
1207 735 1254 762 ὑπ’
1269 736 1433 771 ἀμφοτέρων
1451 736 1520 773 (59),
1535 738 1650 773 Ἀττηλα
1664 747 1694 765 τε
1708 739 1756 765 καὶ
1779 739 1835 774 Ζή-

1046 787 1140 811 νωνος,
1153 780 1312 815 αἰτούμενος
1325 781 1339 807 ό
1357 781 1514 816 Χρυσάφιος
1529 783 1558 810 ἐν
1573 783 1678 818 ἀγωνίᾳ
1697 784 1833 820 καθεστή-

1045 833 1098 851 κει.
1108 825 1219 852 Πάντων
1231 826 1260 853 δὲ
1274 827 1348 862 αὐτῷ
1360 826 1467 855 εὔνοιάν
1477 837 1507 855 τε
1520 829 1570 856 καὶ
1584 830 1704 865 σπουδὴν
1722 839 1831 857 συνεισ-

204 881 292 906 visum
308 880 350 905 est
366 875 399 903 ad
415 873 527 901 Attilam
551 872 655 907 legatos
670 870 777 898 mittere
795 868 950 896 Anatolium
965 873 990 896 et

1043 870 1191 905 φερόντων,
1208 871 1295 898 ἐδόκει
1309 859 1385 908 παρά
1408 873 1454 900 τὸν
1472 873 1605 910 Ἀττήλαν
1630 859 1832 911 πρεσϐεύεσθαι

203 924 318 953 Nomum
336 932 342 951 :
363 919 518 948 Anatolium
549 918 658 954 quidem
690 915 848 951 magistrum
876 914 992 942 militum

203 968 402 1006 prmentalem,
438 971 465 994 et
492 965 538 1000 qui
565 964 639 999 pacis
670 964 732 991 cum
771 962 892 989 Barbara
919 961 993 988 Inita:

203 1014 375 1043 conditiones
400 1014 598 1048 proposuerat:
634 1008 748 1036 Nomum
775 1014 839 1035 vero
869 1006 991 1041 magistri

203 1061 362 1096 dignitatem
382 1062 530 1093 gerentem,
548 1055 613 1083 etin
638 1061 780 1081 numerum
810 1053 992 1088 patriciorum

205 1116 257 1136 una
276 1114 336 1134 cuin
363 1103 490 1132 Anatolio
518 1102 658 1132 allectum.
672 1107 732 1135 quze
753 1098 871 1133 dignitas
887 1099 993 1125 caeteris

205 1154 331 1182 ontnibus
348 1149 495 1178 antecellit.
508 1148 605 1175 Missus
623 1153 696 1181 _vcro
721 1150 762 1172 est
775 1153 837 1172 cum
865 1143 992 1171 Anatolio

205 1199 308 1226 Nonius
321 1204 376 1224 non
394 1194 480 1222 solum
498 1196 608 1228 propter
620 1191 758 1226 dignitatis
775 1189 991 1224 amplitudinem,

205 1246 342 1274 sed'etiam
353 1243 414 1278 quia
427 1245 485 1269 erat
495 1238 627 1268 benevolo
640 1239 666 1266 in
679 1237 876 1272 Cltrysapltium
890 1235 991 1267 animo,

205 1298 234 1321 et
256 1291 326 1327 apud
348 1289 494 1317 Barbarum
511 1286 597 1322 gratia
612 1289 640 1312 et
667 1283 829 1311 auctoritate
847 1282 992 1317 plurinmtn

203 1338 321 1366 valebat.
339 1335 406 1363 Nam
419 1333 442 1362 si
454 1332 519 1369 quid
532 1330 723 1367 perliciendum
736 1329 787 1357 sibi
803 1332 990 1364 proposuerat,

204 1383 317 1411 minime
331 1378 453 1416 pecuniis
471 1375 635 1413 parcendutn
655 1381 716 1402 esse
730 1372 870 1401 censebat.
885 1371 919 1399 Et
953 1371 991 1398 illi

206 1429 315 1466 quidem
331 1425 520 1456 mittebantur,
532 1429 586 1457 quo
595 1420 706 1448 Attilam
721 1419 755 1447 ab
767 1418 806 1446 ira
823 1417 993 1445 dimoverent

205 1462 233 1503 et
245 1474 321 1510 pacis
336 1471 507 1500 conditiones
533 1467 680 1495 observare
692 1464 897 1499 persuaderent,
927 1462 993 1489 illud

206 1508 314 1557 quoque
349 1516 458 1549 dicturi,
494 1511 654 1540 Constantio
692 1514 805 1544 nuptum
846 1508 938 1535 datum
954 1508 988 1535 iri

206 1553 325 1602 puellam
358 1562 471 1590 minime
490 1557 630 1586 Saturnini
653 1555 715 1583 tilia:
729 1561 829 1589 genere
845 1557 873 1580 et
896 1553 992 1588 opibus

206 1599 549 1640 inferioremJllameuim
579 1601 691 1629 minime
713 1604 818 1632 gratum
838 1599 990 1634 huiusmodi

182 1684 188 1689 ,
208 1655 412 1685 matrimonium
437 1649 582 1678 habuisse:
611 1648 701 1682 itaque
726 1645 872 1673 secundum
906 1645 990 1680 legem

208 1702 286 1730 alteri
302 1699 437 1734 nupsisse.
454 1695 509 1722 Nec
525 1693 596 1721 enitn
614 1690 685 1727 apud
706 1691 844 1718 Romanos
870 1689 911 1717 fas
932 1696 992 1717 esse

208 1749 263 1786 72
291 1747 431 1776 mulierem
465 1743 577 1771 invitam
609 1742 666 1768 viro
694 1739 838 1769 collocare.
867 1737 939 1764 Misit
965 1740 992 1763 et

208 1783 350 1825 eunuchus
378 1797 474 1818 aurum
497 1788 530 1816 ad
561 1787 718 1818 Barbarum,
747 1792 801 1820 quo
816 1784 934 1811 mollitus
958 1783 992 1809 ab

207 1843 247 1869 ira
263 1840 454 1868 deduceretur.
806 1843 809 1846 μ

244 1886 271 1914 5.
302 1883 444 1912 Anatolius
474 1886 502 1908 et
528 1879 641 1911 Nomas,
668 1878 737 1905 Istro
762 1875 933 1907 transmisso,
958 1873 993 1901 ad

207 1933 376 1960 Drenconem
391 1928 500 1955 ﬂuvium
527 1932 611 1960 usque
632 1923 682 1959 (sic
697 1923 768 1950 enim
786 1920 934 1956 appellant)
963 1920 990 1946 in

208 1977 348 2013 Scythiam
374 1975 561 2010 penetrarunt.
603 1970 661 1997 illic
703 1967 802 1995 Attilas
839 1965 991 1994 reverentia

208 2009 348 2051 tantorum
363 2009 484 2046 \iirorum
501 2021 601 2048 motus,
616 2021 649 2041 ne
664 2011 830 2047 longioribus
846 2009 992 2037 ititteribus

207 2069 434 2103 deintigareutur,
460 2070 522 2091 cum
541 2061 594 2089 illis
612 2059 749 2088 convenit.
779 2057 859 2085 Initio
883 2056 991 2091 quidem

207 2102 303 2144 multa,
327 2113 442 2148 superbe
473 2114 501 2138 et
527 2108 676 2136 insolenter
701 2105 849 2138 disserens,
881 2102 993 2130 tandem

207 2160 393 2197 magnitudine
413 2163 556 2185 munerum
574 2154 676 2189 a'quior
688 2152 775 2179 factus
788 2155 841 2182 est,
854 2154 879 2177 et
894 2149 991 2176 blanda

1048 915 1201 943 Ἀνατόλιον
1221 918 1269 944 καὶ
1284 917 1386 954 Νόμον,
1401 918 1447 945 τδν
1463 919 1512 954 μὲν
1531 920 1684 947 Ἀνατόλιον
1705 921 1762 956 (δι)
1775 921 1832 947 τῶν

1042 961 1114 996 ἀμφὶ
1130 960 1242 996 βασιλέα
1255 962 1375 998 ἄρχοντα
1388 963 1474 992 τελῶν
1489 965 1537 992 καὶ
1553 965 1604 997 τὰς
1626 966 1766 1002 συνθήκας
1780 968 1831 1002 τῆς

1043 1007 1148 1034 ἐκείνου
1174 1009 1286 1044 εἰρήνης
1301 1010 1482 1045 προθέμενον,
1507 1012 1554 1038 τὸν
1567 1012 1595 1039 δὲ
1612 1012 1705 1047 Νόμον
1718 1013 1768 1049 τὴν
1781 1013 1832 1040 τοῦ

1044 1054 1196 1089 μαγίστρου
1215 1055 1298 1091 τιμὴν
1309 1056 1332 1072 ’⁸
1348 1056 1468 1092 ἄρξαντα
1495 1058 1542 1084 καὶ
1557 1058 1585 1084 ἐν
1600 1060 1655 1090 τοῖς
1675 1060 1831 1094 πατρικίοις

1043 1101 1091 1126 σιν
1105 1100 1200 1135 ἐκείνῳ
1213 1101 1443 1137 καταλεγόμενον,
1462 1102 1487 1130 οἶ
1502 1102 1536 1139 δὴ
1562 1104 1611 1136 τὰς
1624 1104 1712 1140 ἀρχὰς
1730 1105 1832 1132 ἀναϐε-

1043 1145 1142 1181 ϐήκασι
1154 1147 1252 1179 πάσας.
1268 1147 1463 1184 Συνεπέμπετο
1478 1149 1506 1176 δὲ
1525 1149 1670 1186 ’Δνατολῐῳ
1683 1151 1774 1186 Νόμος
1799 1152 1833 1178 οὐ

1042 1191 1087 1218 διὰ
1098 1191 1212 1226 μέγεθος
1231 1193 1279 1227 τῆς
1296 1193 1382 1229 τύχης
1399 1195 1492 1229 μόνον,
1505 1195 1573 1222 ἀλλὰ
1590 1195 1628 1227 ὡς
1645 1197 1740 1232 καὶτῷ
1754 1197 1831 1232 Χρυ-

1044 1238 1134 1273 σαφίῳ
1146 1237 1241 1269 εὔνους
1254 1238 1292 1265 ὣν
1303 1240 1350 1266 καί¹
1361 1239 1504 1276 φιλοτιμίᾳ
1519 1240 1565 1267 τοῦ
1583 1241 1728 1278 Βαρϐἀρου
1752 1251 1831 1277 περι-

1047 1283 1193 1317 εσόμενος·
1205 1283 1248 1310 ὅτι
1265 1285 1320 1319 γὰρ
1334 1285 1452 1320 μάλιστα
1469 1286 1573 1321 προσῆν
1585 1286 1660 1322 αὑτῷ
1673 1287 1704 1314 τὸ
1717 1288 1755 1324 μὴ
1768 1289 1831 1322 φεί-

1043 1328 1137 1355 δεσθαι
1154 1329 1316 1364 χρημάτων,
1332 1330 1361 1357 τὸ
1384 1331 1472 1366 παρὸν
1488 1331 1620 1359 διαθεῖναι
1641 1333 1830 1361 ἐσπουδακότι,

1043 1375 1099 1401 Καὶ
1117 1371 1190 1402 οὗτοι
1217 1375 1267 1410 μὲν
1282 1376 1439 1403 ἐστέλλοντο
1464 1377 1511 1404 τὸν
1532 1377 1663 1414 Ἀττήλαν
1677 1379 1830 1412 ἀπάξοντες

1043 1420 1092 1455 τῆς
1108 1420 1192 1456 ὀργῆς
1212 1422 1260 1448 καὶ
1276 1421 1327 1457 τὴν
1341 1423 1453 1458 εἰρήνην
1476 1422 1524 1450 ἐπὶ
1535 1425 1598 1455 ταῖς
1613 1424 1756 1456 συντάξεσι
1774 1425 1831 1452 δια-

1044 1465 1190 1499 φυλάττειν
1210 1467 1362 1501 πείσοντες,
1379 1467 1502 1500 λέξοντες
1521 1469 1549 1496 δὲ
1567 1469 1625 1499 καὶ.
1645 1470 1682 1502 ὡς
1700 1471 1738 1505 τῷ
1751 1472 1830 1497 Κων-

1007 1532 1029 1563 c
1046 1513 1432 1563 ciavﬂqt-xateyfuneﬁaetat
1444 1515 1513 1550 γυνὴ
1527 1515 1558 1541 οὺ
1570 1516 1654 1550 μείων
1664 1516 1713 1551 τῆς
1729 1517 1831 1552 Σατορ-

1044 1558 1116 1584 νίλου
1140 1559 1213 1591 γένει
1239 1567 1269 1585 τε
1297 1562 1344 1586 καὶ
1371 1561 1528 1596 περιουσίᾳ.
1562 1561 1684 1596 Ἑκείνην
1707 1563 1761 1597 γὰρ
1791 1563 1829 1598 μὴ

1044 1603 1232 1639 βεϐουλῆσθαι,
1248 1605 1307 1631 ἀλλ’
1327 1605 1414 1641 ἑτέρῳ
1439 1607 1510 1633 κατὰ
1524 1607 1605 1642 νόμον
1620 1608 1762 1643 γήμασθαι
1774 1616 1782 1624 ’
1798 1609 1829 1636 οὐ

1042 1649 1097 1684 γὰρ
1112 1649 1190 1684 θέμις
1205 1650 1279 1686 παρὰ
1296 1650 1443 1685 Ῥωμαίοις
1455 1652 1575 1679 ἄκουσαν
1590 1654 1707 1686 γυναῖκα
1725 1662 1828 1685 κατεγ-

1042 1695 1159 1729 γυᾶσθαι
1178 1695 1263 1730 ἀνδρί.
1283 1696 1411 1730 Ἐπεμπε
1426 1696 1455 1723 δὲ
1471 1697 1519 1723 καὶ
1533 1698 1547 1724 6
1561 1697 1687 1733 εὐνοῦχος
1698 1698 1736 1733 τῷ
1753 1699 1824 1734 Βαρ-

1043 1741 1249 1812 εάρῳξχρυσίον,
1259 1741 1329 1768 ὥστε
1339 1742 1421 1769 αὑτὸν
1431 1740 1603 1779 μειλιχθεντα
1614 1745 1769 1780 ἀπαχθῆναι
1780 1745 1829 1772 τιιῦ

1061 1795 1140 1812 υιιου.

1061 1795 1140 1822 υμου.

1079 1880 1110 1905 ε’.
1128 1878 1190 1905 ¹Ὀτι
1219 1879 1244 1905 οἰ
1261 1878 1333 1913 ἀμφὶ
1349 1879 1394 1905 τὸν
1413 1879 1565 1906 Ἀνατόλιον
1590 1881 1638 1907 καὶ
1666 1880 1757 1916 Νόμον
1780 1881 1829 1909 τὴν

1045 1924 1150 1959 Ἴστρον
1170 1924 1368 1959 περαιωθέντες
1382 1925 1462 1960 ἄχρις
1473 1925 1520 1952 τοῦ
1536 1926 1694 1960 Δρέγκωνος
1712 1927 1827 1962 λεγομέ-

1043 1978 1088 1998 νου
1107 1969 1229 2004 ποταμοῦ
1245 1971 1274 2002 ὲς
1288 1969 1337 2005 τὴν
1365 1970 1501 2006 Σκυθικὴν
1527 1971 1674 2004 διέϐησαν⁸
1689 1973 1758 1999 αἰδοῖ
1772 1973 1827 2008 γὰρ

1042 2015 1096 2042 τῶν
1110 2014 1215 2049 ἀνδρῶν
1231 2015 1244 2041 6
1266 2014 1407 2050 Ἀττήλας,
1431 2015 1501 2042 ὥστε
1517 2016 1554 2052 μὴ
1571 2016 1609 2051 τῷ
1622 2018 1671 2052 τῆς
1691 2017 1750 2044 ὁδοῦ
1766 2018 1828 2044 ἑπι-

1042 2060 1181 2096 τρὶὁεσθαι
1205 2061 1382 2096 διαστήματι,
1403 2062 1433 2088 ὲν
1455 2062 1551 2098 ἐκείνῳ
1573 2063 1611 2097 τῷ
1635 2063 1727 2099 χωρίῳ
1758 2064 1828 2097 πρὸς

1043 2107 1140 2138 αὐτοὺς
1152 2107 1299 2142 ἐποιήσατο
1313 2106 1441 2139 ἔντευξιν.
1460 2108 1514 2134 Καὶ
1535 2108 1644 2144 πρῶτον
1658 2109 1707 2144 μὲν
1722 2109 1826 2146 ὑπερη-

1043 2153 1135 2188 φάνως
1161 2153 1311 2189 διαλεχθεὶς
1336 2153 1443 2189 ὑπήχθη
1473 2154 1516 2190 τῷ
1530 2154 1627 2189 πλήθει
1646 2155 1700 2182 τῶν
1717 2155 1825 2190 δώρων,

206 2208 358 2243 legatorum
375 2203 498 2232 oratione
515 2200 655 2232 delinitus,
671 2206 700 2226 se
712 2205 805 2233 pacem
820 2200 989 2223 servaturum

1043 2200 1090 2226 καὶ
1103 2199 1191 2234 λόγοις
1208 2199 1356 2235 προσηνέσι
1370 2199 1518 2235 μαλαχθεὶς
1534 2200 1678 2234 φυλάττειν
1688 2201 1738 2237 τὴν
1750 2202 1827 2237 εἰρή-

207 2254 357 2284 secundum
370 2249 573 2282 conventiones,
586 2246 709 2282 iuravit;
726 2252 755 2272 se
780 2249 887 2278 quoque
916 2240 990 2268 omni

207 2301 319 2336 regione
337 2303 411 2326 trans
429 2296 540 2327 Istrum,
571 2297 698 2327 tanquam
727 2290 909 2317 Romanorum
924 2287 992 2322 juris

208 2334 373 2379 ditionisque
399 2342 506 2373 cedere,
537 2345 625 2373 neque
655 2343 736 2372 porro
769 2335 926 2371 imperatori
958 2334 991 2361 de

206 2391 330 2429 profugis
363 2387 506 2417 reddendis
551 2385 694 2412 molestum
739 2381 870 2414 futurum,
912 2381 991 2408 modo

207 2427 322 2466 immani
347 2436 375 2464 in
405 2437 544 2470 posterum
586 2438 601 2457 a
642 2427 788 2464 transfugis
818 2427 991 2454 admittendis

207 2486 400 2520 temperarent.
441 2477 578 2507 Liberavit
615 2479 642 2504 et
682 2474 809 2509 Bigilam,
840 2473 991 2501 numeratis

206 2519 402 2565 quinquaginta
430 2524 488 2552 auri
516 2523 605 2555 libris,
633 2528 700 2556 quas
730 2519 822 2554 Bigilte
842 2519 912 2545 illius
929 2525 990 2545 cum

207 2563 304 2611 legatis
330 2575 357 2600 in
385 2569 526 2607 Scythiam
547 2567 659 2595 veniens
685 2565 824 2593 attulerat.
855 2563 924 2591 Tum
963 2569 991 2591 et

206 2610 332 2649 Anatolio
364 2623 393 2646 et
433 2616 518 2644 Nonio
558 2613 736 2650 gratiﬁcans,
774 2610 988 2646 quamplurimos

206 2665 328 2700 captivos
339 2663 392 2691 illis
409 2661 468 2690 sine
490 2661 546 2689 ullo
564 2659 650 2694 pretio
667 2657 811 2686 ccttcessit.
846 2657 987 2683 Postremo

208 2710 320 2738 donatos
329 2709 406 2744 equis
419 2713 446 2736 et
467 2706 586 2735 ferarum
602 2704 725 2741 pellibus,
753 2703 852 2738 quibus
881 2701 987 2738 Scythae

1042 2254 1091 2280 νην
1106 2245 1153 2271 ἐπὶ
1167 2246 1228 2277 ταῖς
1254 2244 1349 2276 αὐταῖς
1367 2244 1512 2280 ἐπώμνυτο
1542 2245 1701 2280 συνθήκαις,
1718 2247 1828 2280 ἀναχω-

1043 2292 1100 2326 ρεῖν
1113 2291 1142 2317 δὲ
1158 2291 1204 2318 καὶ
1218 2291 1266 2325 τῆς
1277 2290 1315 2325 τῷ
1329 2290 1427 2326 Ἴστρῳ
1440 2290 1601 2325 ὁριζομένης
1619 2290 1760 2326 Ῥωμαίων
1773 2292 1826 2327 γῆς

1041 2336 1149 2364 καὶτοῦ
1164 2336 1315 2372 πράγματα
1325 2335 1366 2362 ἔτι
1379 2335 1509 2371 παρέχειν
1526 2336 1591 2371 περὶ
1606 2337 1733 2370 φυγάδων
1747 2337 1826 2372 βασι-

1041 2383 1093 2416 λεῖ,
1112 2384 1136 2410 εἰ
1155 2382 1192 2418 μή
1209 2391 1242 2416 γε
1263 2382 1398 2417 Ῥωμαῖοι
1414 2380 1492 2414 αὖθις
1510 2382 1619 2418 ἑτέρους
1638 2383 1824 2418 καταφεύγον-

1041 2437 1091 2461 τας
1106 2429 1170 2463 παρ’
1181 2428 1262 2455 αὐτοῦ
1276 2428 1403 2461 δέξοιντο.
1424 2428 1515 2463 Ἠφίει
1527 2428 1554 2455 δὲ
1572 2429 1620 2455 καὶ
1638 2429 1758 2463 Βιγίλαν,
1775 2431 1826 2462 τὰς

1042 2476 1211 2511 πεντήκοντα
1228 2474 1274 2501 τοῦ
1295 2473 1397 2509 χρυσοῦ
1414 2474 1508 2509 λίτρας
1539 2474 1685 2510 δεξάμενος
1712 2476 1825 2509 (ταύτας

1040 2521 1096 2556 γὰρ
1113 2520 1187 2556 αὐτῷ
1199 2521 1357 2555 ἐκεκομίκει
1373 2521 1387 2547 6
1412 2521 1476 2552 παῖς
1493 2521 1541 2547 σὺν
1557 2522 1612 2552 τοῖς
1628 2521 1776 2556 πρέσϐεσιν
1796 2523 1825 2554 ἐς
1876 2537 1885 2545 υ

1040 2567 1087 2602 τὴν
1101 2565 1236 2602 Σκυθικὴν
1246 2566 1272 2582 ⁸⁸
1287 2566 1408 2602 διαϐὰς),
1426 2566 1474 2592 καὶ
1486 2567 1677 2601 αἰχμαλώτους
1697 2568 1762 2594 άνευ
1776 2568 1824 2594 λύ-

1039 2621 1112 2648 τρων
1127 2612 1217 2647 ἀφῆκε
1244 2611 1398 2644 πλείστους,
1425 2611 1571 2647 Ἀνατολίῳ
1587 2614 1634 2640 καὶ
1663 2613 1747 2649 Νόμῳ
1776 2623 1826 2650 χα-

1043 2658 1193 2694 ριζόμενος.
1209 2658 1406 2693 Δωρησάμενος
1428 2658 1457 2685 δὲ
1478 2658 1526 2685 καὶ
1547 2658 1649 2691 ἰππους
1669 2659 1761 2691 αὐτοῖς
1777 2661 1825 2687 καὶ

1041 2703 1145 2739 θηριων
1158 2703 1250 2740 δορὰς,
1266 2701 1310 2736 αἷς
1319 2704 1344 2731 οἱ
1364 2703 1494 2738 βασίλειοι
1520 2703 1687 2740 κοσμοῦνται
1709 2704 1825 2738 Σκύθαι,

839 2773 954 2801 νΑιιιιλΕ
971 2773 1173 2802 LECTIONES.

242 2835 266 2854 “
278 2835 375 2871 τιμὴν]
385 2833 472 2869 ἀρχὴν
485 2839 570 2868 marg.
584 2832 617 2860 H.
655 2833 678 2849 ”
694 2831 828 2867 Σκυθικὴν
840 2830 913 2866 ναι,
930 2831 1066 2868 συνθήκην
1082 2832 1154 2868 vnlg.
