1951 3074
144 160 198 191 ’ἴω

527 160 575 190 DE
593 159 877 190 LEGATIONIBUS
897 159 1143 190 ROMANORUM
1166 160 1215 190 AD
1234 161 1393 193 GENTES.

1717 163 1770 194 750

145 217 306 252 ἀπέπεμπε,
327 217 493 252 συμπέμψας
522 217 571 243 καὶ
590 217 634 243 τὸν
650 217 841 244 Κωνστάντιον
862 216 933 243 ὥστε

989 216 1055 252 regii
1075 216 1108 244 ad
1128 221 1252 244 ornatum
1275 221 1398 250 utuntur.
1428 216 1538 245 dimisit.
1572 217 1704 247 Comitem
1720 218 1773 248 illis

145 264 223 299 αὐτῷ
241 263 355 299 βασιλέα
371 263 411 295 sl;
427 263 507 299 ἔργον
524 255 639 297 ἆγαγεῖν
653 262 702 298 τὴν
715 262 874 297 ὑπόσχεσιν.
890 262 934 294 Ὠς

144 311 175 337 δὲ
198 310 351 344 ἐπανῆλθον
373 310 398 335 οί
414 309 555 345 πρέσϐεις,
579 309 626 336 καὶ
640 309 748 336 ἃπαντα
768 309 801 336 τά
821 317 850 335 τε
869 309 933 344 παρ’

147 357 247 387 αὐτῶν,
262 356 296 382 τά-
311 364 340 382 τε
358 355 434 390 παρὰ
449 355 497 382 τοῦ
512 354 656 390 Βαρδάρου
667 354 818 389 διεξῆλθον,
833 362 935 388 κατεγ-

147 403 247 437 γυᾶται
274 401 313 436 τῷ
341 401 525 436 Κωνσταντίῳ
537 399 607 435 γυνὴ
623 399 730 436 γαμετὴ
753 400 900 436 ’Λρματίου
911 400 935 416 ’⁵

147 447 293 482 γενομένη,
306 446 400 477 παιδὸς
412 445 526 472 Πλινῡου
534 444 582 471 τοῦ
593 445 668 480 παρὰ
680 445 827 480 Ῥωμαίοις
837 453 935 480 στρατ-

145 495 300 528 ηγήσαντος
329 492 376 519 καὶ
395 491 559 527 τὴνῦπατον
579 492 666 527 ἀρχὴν
691 491 832 527 ἄρξαντος.
865 492 934 518 Συν-

147 539 276 574 εὕεδήκει
288 538 318 564 δὲ
338 538 384 564 τὸν
402 537 555 571 Ἁρμάτιον
575 538 604 568 ὲς
619 537 668 572 τὴν
683 537 790 564 Λιϐύων
804 537 934 564 διαϐάντα

146 585 192 611 ἐπὶ
207 585 240 618 τῇ
261 583 330 619 πρὸς
351 583 537 619 Ᾱὺσοριανοὺς
563 583 637 618 μάχῃ
649 583 823 618 εὐημερῆσαι
842 582 891 618 μὲν
905 583 935 610 ὲν

145 628 185 663 τῷ
198 629 266 663 πρὸς
277 629 399 659 ἐκείνους
425 628 548 664 πολέμῳ,
562 629 717 664 νοσήσαντα
732 629 761 655 δὲ
775 629 935 664 τελευτῆσαι

145 675 191 701 τὸν
206 675 273 709 βίον.
294 672 332 702 Οὗ
346 674 378 710 δὴ
400 675 449 710 τὴν
466 675 601 711 γαμετὴν,
617 675 664 702 καὶ
677 675 750 709 γένει
764 675 813 701 καὶ
825 683 935 711 περιου-

146 721 193 756 σίᾳ
211 721 425 756 διαπρέπουσαν,
443 720 553 747 ἔπεισεν
566 722 580 747 ὁ
592 720 719 756 βασιλεὺς
734 720 773 755 τῷ
787 721 935 748 Κωνστανο

145 767 197 802 τὶῳ
210 766 362 802 γήμασθαι.
375 765 454 793 οὕτω
466 767 513 793 καὶ
527 766 582 793 τῶν
602 766 670 802 προς
692 767 824 801 Ἀττήλαν
840 766 935 793 λυθένο

148 822 201 840 των
226 813 374 850 διαφορῶν,
398 814 412 840 ὁ
435 814 572 846 Θεοδόσιος
598 814 704 846 ἐδεδίει,
745 814 851 850 μήποτε
888 813 935 840 καὶ

147 861 241 896 Ζήνων
249 860 387 896 τυραννίδι
402 860 565 894 ἐπιθήσεται
579 860 647 894 (52).

987 261 1091 289 addidit
1105 261 1304 295 Constantium,
1325 266 1355 290 ut
1369 262 1518 298 imperator
1532 262 1584 298 ipsi
1607 270 1638 292 re
1663 265 1772 292 contir-

987 312 1084 340 maret,
1099 315 1159 342 qute
1172 307 1263 336 verbis
1287 308 1459 343 promiserat.
1474 308 1511 337 Ut
1525 309 1606 344 legati
1621 310 1770 344 redierunt,

986 356 1013 380 et
1027 360 1089 380 eum
1109 353 1192 381 Attila
1208 354 1281 382 ultro
1297 354 1420 389 citroque
1438 359 1498 383 acta
1517 355 1678 390 retulerunt,
1692 355 1773 384 Con-

987 399 1089 426 stantio
1108 400 1202 434 nuptui
1228 400 1308 428 datur
1331 401 1466 436 quondam
1479 409 1548 430 uxor
1570 402 1696 436 Armatii,
1723 403 1773 431 lilii

986 443 1111 477 Plintbte,
1126 445 1171 479 qui
1188 445 1257 480 apud
1274 445 1411 474 Romanos
1425 447 1594 474 exercituum
1611 448 1664 476 dux
1684 448 1774 477 fuerat

986 495 1015 518 et
1026 491 1195 519 consulatum
1210 491 1318 519 inierat.
1335 491 1382 520 ille
1398 493 1423 519 in
1438 492 1550 529 Libyam
1566 493 1705 529 protectus
1714 495 1774 523 acie

986 543 1048 564 cum
1063 536 1223 564 Ausorianis
1236 537 1428 565 deeertaverat
1444 542 1470 566 et
1480 545 1609 573 prospere
1628 546 1772 575 pugnarat:

988 589 1050 610 mox
1073 583 1168 610 tnorbo
1188 588 1331 618 correptus
1353 584 1438 612 vitam
1461 585 1579 613 fmierat.
1604 584 1672 620 Ejus
1683 586 1771 620 uxori,

986 635 1085 662 genere
1098 629 1247 664 et1divitiis
1272 630 1435 664 conspicuas,
1464 634 1527 666 post
1552 630 1643 658 mariti
1668 631 1772 659 obitum

985 674 1135 710 imperator
1161 675 1262 704 nubere
1291 675 1452 703 Constantio
1495 681 1678 711 persuaserat.
1719 677 1773 705 Sed

986 721 1082 756 sopitis
1098 722 1223 749 omnibus
1235 722 1268 749 ad
1285 722 1356 750 hunc
1373 723 1481 750 modum
1495 731 1500 736 ’
1512 729 1573 750 cum
1605 722 1688 750 Attila
1712 730 1774 751 con-

987 766 1138 798 troversiis,
1154 766 1335 794 Theodosium
1360 775 1447 795 novus
1466 768 1548 796 timor
1559 768 1712 803 occupavit,
1738 775 1773 795 ne

984 812 1060 840 Zeno
1075 814 1242 848 tyrannidem
1256 813 1406 842 invaderet.

185 905 224 938 ς’.
237 887 300 932 Ὀτιι
325 905 372 932 τοῦ
394 887 510 941 ’Δττήλα
524 887 588 941 (55f
599 887 645 932 τδν
658 905 681 921 ’⁷
700 903 776 940 παρὰ
791 903 932 931 Θεοδοσίου

1021 903 1049 931 6.
1064 902 1104 938 (P.
1119 904 1150 931 Α.
1165 903 1196 932 C.
1211 904 1263 932 450
1274 905 1332 933 lnd.
1350 906 1366 933 5
1379 905 1462 934 Marc.
1474 907 1512 942 l.)
1529 906 1596 934 Cum
1612 906 1711 935 Attilas
1724 908 1775 934 tri-

144 951 314 986 τεταγμένον
330 951 412 987 φόρον
425 950 571 985 ζητοῦντος
582 949 599 985 ἢ
611 949 730 985 πόλεμον
747 948 932 982 ἀπειλοῦντος,

145 997 200 1024 τῶν
223 997 366 1032 Ῥωμαίων
381 996 503 1024 στέλλειν
526 997 592 1032 παρ’
605 996 687 1024 αὐτὸν
711 996 841 1031 πρέσδεις
866 997 933 1023 ἁπο-

145 1045 328 1080 κριναμένων,
347 1043 523 1075 Ἀπολλώνιος
538 1042 690 1078 ἐπέμπετο,
703 1038 790 1078 οὗπερ
800 1041 933 1076 δάδελφὺς

145 1092 195 1127 τὴν
207 1091 367 1127 Σατορνίλου
381 1091 538 1126 γεγαμήκει
554 1090 702 1126 Θυγατέρα,
717 1090 750 1124 ἡν
763 1090 777 1116 ὁ
788 1088 933 1120 Θεοδόσιος

143 1137 270 1164 ὲδυύλετο
286 1136 468 1172 Κωνσταντίῳ
487 1136 654 1171 κατεγγυᾷν,
672 1135 766 1171 Ζήνων
782 1135 810 1162 δὲ
828 1135 933 1170 Ῥούφῳ

147 1185 270 1212 ἐδεδώκει
282 1184 348 1220 πρὸς,
357 1184 461 1219 γάμον·
476 1183 537 1210 τότε
549 1183 578 1210 δὲ
591 1182 620 1215 ἐξ
635 1182 787 1218 ἀνθρώπων
800 1182 932 1216 ἐγεγόνει.

147 1232 201 1258 Τοῦ
231 1232 353 1266 Ζήνωνος
381 1229 428 1258 οὗν
453 1230 509 1257 τῶν
528 1229 689 1265 ἐπιτηδείων
714 1230 728 1256 ὁ
755 1228 934 1260 ’Δπολλὼνιος

146 1278 266 1313 γεγονὼς
276 1279 322 1304 καὶ
336 1277 385 1313 τὴν
400 1276 568 1313 στρατηγίδα
580 1276 672 1312 λαχὼν
684 1276 783 1312 ἀρχὴν,
800 1275 876 1311 παρὰ
888 1275 934 1302 τὸν

153 1326 284 1361 Ἀττήλαν
301 1326 440 1360 ἐπέμπετο
454 1324 705 1360 πρεσϐευσάμενος.
737 1324 793 1351 Καὶ
817 1323 864 1350 τὸν
885 1322 935 1358 μὲν

147 1373 254 1407 Ἴστρον
265 1370 437 1406 ἐπεραιοῦτο,
452 1371 503 1397 οὐκ
515 1369 592 1405 ἔτυχε
604 1371 633 1397 δὲ
653 1370 702 1405 τῆς
719 1369 789 1406 πρὸς
804 1369 850 1396 τὸν
861 1369 935 1405 Βάρνς

146 1418 230 1454 εαρον
243 1417 374 1453 προσόδου
383 1417 416 1444 ’⁸.
436 1417 480 1443 Ἐν
496 1417 565 1452 ὀργῇ
579 1416 633 1452 γὰρ
651 1417 756 1448 ἐκεῖνος
772 1417 935 1450 ποιούμενος

146 1465 177 1490 τὸ
187 1464 224 1499 μὴ
236 1463 472 1498 κεκομίσθαιτοῦς
481 1463 592 1498 φόρους,
601 1462 647 1494 οὓς
659 1462 753 1497 ἔλεγεν
769 1461 844 1498 αὐτῷ
858 1461 935 1497 παρὰ

146 1510 201 1536 τῶν
219 1509 364 1545 βελτιόνων
390 1510 438 1536 καὶ
454 1508 679 1545 βασιλικωτέρων
703 1508 844 1544 τετάχθαι,
873 1508 935 1535 οὐδὲ

987 949 1081 977 butum
1098 957 1160 978 cum
1171 951 1325 980 Theodosio
1341 957 1504 980 conventum
1522 957 1636 988 peteret,
1653 958 1700 981 aut
1712 953 1772 982 bel-

987 995 1043 1022 lum
1063 996 1223 1030 minaretur,
1233 1002 1261 1025 et
1271 997 1386 1025 Romani
1401 1005 1431 1026 se
1444 997 1482 1026 illi
1502 1004 1551 1034 per
1565 998 1675 1035 legatos
1691 999 1774 1027 satis-

987 1039 1107 1069 facturos
1128 1043 1344 1078 respondissent.
1362 1044 1462 1072 missus
1481 1049 1523 1073 est
1539 1045 1708 1081 Apollonius.
1723 1044 1777 1073 Hie

985 1091 1047 1116 erat
1065 1088 1151 1117 frater
1167 1089 1235 1125 ejus,
1250 1090 1295 1126 qui
1315 1091 1455 1119 Saturnini
1476 1091 1557 1120 tiliam
1578 1092 1692 1121 duxerat
1707 1100 1775 1120 uxo-

987 1142 1054 1167 rem,
1068 1131 1148 1170 quam
1165 1135 1331 1164 Theodosius
1341 1136 1500 1165 Constantio
1515 1138 1686 1173 promiserat,
1701 1137 1774 1166 Zeno

987 1188 1052 1210 vero
1066 1181 1138 1210 Rul‘o
1154 1182 1310 1216 collocarat,
1331 1183 1376 1218 qui
1399 1188 1460 1212 tunc
1476 1183 1505 1211 in
1526 1183 1594 1212 vivis
1607 1191 1670 1213 esse
1686 1184 1774 1212 desie-

988 1231 1040 1255 rat.
1061 1227 1155 1262 Itaque
1173 1228 1331 1264 Apollonius
1345 1229 1415 1257 inter
1431 1229 1580 1258 familiares
1598 1229 1725 1263 Zenonis,
1745 1235 1775 1257 et

988 1274 1064 1301 ducis
1076 1272 1206 1308 dignitate
1222 1278 1330 1307 auctus,
1343 1273 1480 1309 legatione
1497 1275 1638 1304 iuncturus
1655 1275 1689 1304 ad
1704 1276 1775 1304 Atti-

988 1319 1042 1346 lam
1056 1319 1153 1347 missus
1168 1325 1236 1348 erat.
1254 1320 1306 1348 Sed
1320 1321 1479 1349 transmisso
1491 1321 1570 1355 Istro,
1585 1323 1696 1351 minime
1715 1324 1775 1352 adi-

990 1369 1045 1392 tum
1058 1366 1092 1392 ad
1116 1365 1226 1394 Attilam
1249 1372 1345 1394 nactus
1360 1372 1412 1395 est.
1429 1367 1536 1395 Etenim
1558 1369 1655 1396 Attilas
1671 1370 1711 1397 ira
1723 1378 1775 1397 a25-

989 1414 1081 1443 tuans,
1097 1413 1169 1447 quod
1182 1411 1234 1440 sibi
1248 1413 1392 1447 tributum,
1402 1414 1474 1448 quod
1489 1414 1523 1442 ab
1537 1415 1646 1449 optimis
1656 1420 1684 1443 et
1699 1415 1775 1444 nobi-

989 1457 1099 1485 lissimis
1115 1458 1180 1486 viris
1191 1459 1241 1487 sibi
1260 1459 1436 1488 constitutum
1447 1468 1508 1488 esse
1522 1461 1601 1495 dixit,
1619 1470 1671 1490 non
1687 1462 1776 1490 solve-

989 1509 1074 1537 retur,
1082 1504 1135 1540 73
1144 1504 1259 1540 legatum
1269 1505 1381 1534 minime
1388 1506 1507 1542 admisit,
1523 1513 1677 1544 contemptu
1686 1502 1773 1544 ejus'a

146 1556 192 1582 τὸν
205 1555 446 1590 πρεσὸευσάμενον
476 1554 594 1589 ἐδέχετο,
609 1554 656 1581 τοῦ
679 1554 839 1590 πέμψαντος
868 1563 934 1581 κατ-

988 1557 1042 1585 qtto
1057 1551 1155 1579 missus
1162 1555 1229 1579 erat.
1241 1552 1300 1585 Quo
1311 1558 1433 1588 tempore
1442 1554 1600 1590 Apollonius
1609 1556 1776 1591 magnanimi

151 1600 308 1636 ολιγωρῶν.
322 1601 352 1627 '0
367 1600 395 1627 δὲ
403 1599 581 1631 Ἀπολλώνιος
596 1599 691 1636 ἀνδρὸς
705 1599 785 1635 ἔργον
794 1599 865 1627 κατὰ
873 1599 934 1626 τοῦ·

146 1655 192 1673 τον
207 1648 253 1673 τὸν
284 1645 380 1682 καιρὸν
397 1645 524 1681 φαίνεται
549 1645 781 1681 διαπραξάμενος.
805 1646 859 1673 Τοῦ
879 1646 934 1682 γὰρ

151 1692 270 1727 ’Δττήλα
296 1691 334 1727 μὴ
356 1691 538 1727 προσιεμένου
551 1691 574 1706 ⁹⁹
596 1690 646 1727 τὴν
669 1690 752 1718 αὑτοῦ
773 1691 934 1727 πρεσϐείαν,

146 1738 217 1774 μηδὲ
241 1739 269 1770 ὲς
288 1738 385 1772 λόγους
411 1736 486 1773 αὑτῷ
505 1737 593 1764 ἐλθεῖν
619 1736 795 1772 βουλομένου,
811 1745 936 1773 παρακε-

147 1783 294 1819 λευομένου
311 1783 339 1810 δὲ
353 1784 473 1819 πέμπειν
491 1783 563 1819 ἅπερ
573 1783 647 1820 αὺτῷ
673 1784 705 1810 lx
717 1783 850 1819 βασιλέως
861 1783 935 1819 δῶρα

148 1830 271 1866 ἐκόμιζε,
286 1831 334 1857 καὶ
346 1830 461 1857 θάνατον
477 1829 664 1862 ἀπειλοῦντος,
685 1830 710 1856 εί
725 1829 763 1866 μὴ
783 1829 853 1865 δοίη,
869 1829 936 1865 ἐφη-

149 1885 210 1904 σεν·
229 1886 238 1903 ι
264 1877 322 1904 Οὐκ
345 1876 431 1903 αἰτεῖν
459 1877 582 1913 προσῆκε
608 1875 726 1907 Σκύθαις
756 1876 828 1911 ἆπερ
844 1875 936 1907 αὐτοῖς

148 1923 253 1957 ἔξεστιν
268 1922 285 1958 ἢ
303 1922 399 1958 δῶραῆ
421 1923 508 1950 σκῦλα
522 1922 631 1949 λαϐεῖν·
653 1932 662 1948 ›
685 1920 850 1957 παραδηλῶν
862 1921 937 1957 δῶρα

151 1969 201 2003 μὲν
218 1968 310 1999 αὐτοῖς
324 1967 498 2003 δοθήσεσθαι,
513 1967 540 1994 εί
555 1967 638 1994 αὐτὸν
650 1966 841 2003 προσδέξοιντο
868 1975 937 2002 πρε-

150 2013 324 2049 σὸευὸμενον,
341 2013 426 2040 σκῦλα
440 2013 479 2045 δὲ,
491 2014 515 2040 εἰ
532 2013 672 2045 ἀνελόντες
691 2013 842 2047 ἀφέλοιντο,
859 2012 938 2040 Οὕτω

150 2061 201 2096 μὲν
215 2058 262 2087 οὖν
275 2059 415 2095 ἄπρακτος
427 2058 542 2094 ἐπανῄει
553 2057 621 2094 (24).

186 2105 219 2138 ζ’.
237 2104 299 2131 Ὀτι
311 2104 455 2140 Γεζερίχου
470 2104 521 2139 τὴν
540 2103 648 2139 Ῥώμην
672 2103 870 2139 πορθήσαντος,
889 2104 938 2130 καὶ

147 2151 340 2187 βασιλεύοντος
353 2151 474 2183 Ἀϐίτω,
484 2149 643 2186 Μαρκιανὸς
653 2149 728 2177 ὁτῶν
739 2150 788 2185 τῆς
794 2150 852 2177 Ἕω
870 2150 938 2177 Ῥω-

149 2199 238 2234 μαίων
255 2197 380 2232 βασιλεὺς
395 2197 472 2233 παρὰ
485 2197 531 2224 τὸν
543 2196 687 2232 Γεζέριχον
701 2195 747 2223 τὸν
760 2196 814 2224 τῶν
831 2195 933 2232 Βανδὴ-

148 2230 203 2271 λων
225 2230 343 2280 ἄρχοντα
362 2230 494 2279 πρέαδεις
509 2230 737 2275 ἔστελλενξῶστε
752 2243 802 2276 τῆς
825 2230 934 2269 Ἰταλῶν
947 2230 974 2261 Ῑ)

149 2289 300 2325 ἀπέχεσθαι
317 2288 369 2324 γῆς
380 2288 427 2315 καὶ
441 2288 491 2320 τὰς
504 2287 657 2323 βασιλείους
671 2288 826 2323 ἐκπέμπειν
837 2289 934 2322 γυναῖ-

149 2343 201 2367 κας
217 2333 407 2370 αἰχμαλώτους
432 2332 581 2368 ἀγομένας,
607 2333 658 2368 τήν
679 2340 709 2359 τε
729 2330 934 2359 Βαλεντινιανοῦ

149 2381 274 2416 γαμετὴν
287 2380 335 2407 καὶ
351 2379 400 2412 τὰς
415 2379 501 2414 αὐτῆς
516 2378 685 2415 θυγατέρας.
701 2378 755 2406 Καὶ
769 2378 794 2405 ol.
806 2379 936 2414 πρέσδεις

151 2429 180 2459 ἐς
197 2426 245 2462 τὴν
264 2426 322 2453 Ἕω
338 2426 476 2462 ἄπρακτοι
495 2425 666 2461 ἐπανῄεσαν·
683 2424 772 2452 οὐδενὶ
799 2424 853 2461 γὰρ
881 2425 937 2452 τῶν

150 2471 362 2506 ἐπεσταλμένων
376 2472 385 2487 ¹
400 2471 477 2506 παρὰ
503 2470 551 2498 τοῦ
570 2469 734 2506 Μαρκιανοῦ
760 2470 774 2496 ὁ
792 2470 937 2506 Γεζέριχος

152 2517 318 2552 ὑπήκουσεν,
330 2516 390 2543 οὐδὲ
404 2515 456 2552 μὴν
472 2516 547 2542 λύειν
555 2516 603 2548 τὰς
617 2517 749 2551 γυναῖκας
763 2515 898 2543 ὲὸούλετο.
907 2515 937 2542 '0

151 2563 179 2589 δὲ
196 2562 355 2598 Μαρκιανὸς
364 2561 445 2596 ἔτερα
459 2561 527 2597 πρὸς
537 2561 618 2588 αὐτὸν
631 2562 766 2596 διέπεμπε
785 2561 938 2597 γράμματα

152 2609 260 2635 καὶτὸν
285 2607 522 2643 πρεσδευσόμενον
549 2607 671 2642 Βλήδαν·
699 2605 733 2643 ἦν
758 2607 787 2634 δὲ
808 2607 859 2642 τῆς
890 2607 937 2634 τοῦ

151 2654 297 2690 Γεζερίχου
324 2653 455 2688 αἱρέσεως
472 2653 636 2683 ἐπίσκοπος·
650 2653 699 2687 τῆς
722 2654 775 2688 γὰρ
791 2653 846 2679 τῶν
869 2653 938 2688 Χρι-

151 2701 271 2730 στιανῶν
280 2699 431 2737 Θρησκείας
448 2698 496 2726 καὶ
524 2698 586 2730 τοὺς
606 2698 754 2733 Βανδήλους
771 2696 841 2726 εἶναι
870 2707 939 2735 συμ-

985 1596 1036 1624 viri
1059 1596 1165 1624 facinus
1190 1605 1273 1626 ausus
1295 1605 1355 1627 esse
1379 1599 1489 1627 dicitur.
1510 1599 1633 1632 Etenim.
1651 1602 1775 1635 quamvis

984 1640 1083 1669 Atti‘as
1092 1641 1204 1670 minime
1216 1646 1301 1670 ratatn
1313 1643 1426 1672 haberet
1437 1644 1495 1680 ejus
1505 1644 1775 1680 legationemmeque

985 1688 1027 1716 sui
1039 1688 1217 1716 conveniendi
1229 1693 1393 1724 potestatem
1414 1689 1504 1718 facere
1521 1691 1610 1723 vellet,
1626 1690 1712 1719 nihilo
1729 1699 1773 1719 se-

984 1733 1045 1762 cius
1063 1733 1144 1767 dona,
1166 1741 1227 1769 quae
1243 1735 1277 1762 ad
1299 1742 1361 1763 eum
1384 1737 1419 1764 ab
1438 1737 1600 1772 imperatore
1617 1737 1774 1774 Apollonius

986 1779 1124 1814 attulerat,
1146 1779 1198 1808 sibi
1221 1781 1291 1809 tradi
1313 1782 1528 1817 postulabat,ni
1553 1784 1639 1817 daret,
1660 1789 1774 1812 mortem

987 1826 1125 1854 illaturum
1147 1827 1310 1855 minabatur.
1329 1827 1490 1863 Apollonius
1509 1834 1600 1857 autem
1624 1831 1772 1866 respondit,

987 1879 1042 1899 non
1059 1873 1156 1900 decere
1170 1872 1286 1909 Scythas
1306 1881 1337 1901 ea
1352 1874 1477 1909 precibus
1495 1880 1634 1910 expetere,
1653 1883 1713 1911 quia
1728 1881 1775 1904 aut

986 1925 1037 1953 pro
1053 1918 1132 1946 donis
1146 1924 1193 1945 aut
1216 1924 1342 1954 tanquam
1356 1919 1443 1955 spolia
1464 1920 1516 1948 sibi
1534 1927 1642 1948 sumere
1656 1921 1751 1949 liceret
1765 1931 1773 1948 :

989 1963 1113 1992 indicans
1137 1964 1207 1992 dona
1231 1965 1264 1993 iis
1288 1973 1411 1998 cessura,
1426 1966 1450 1993 si
1469 1973 1498 1994 se
1515 1961 1647 2001 tanquam
1658 1967 1776 2003 legatum

988 2009 1175 2042 admitterent,
1191 2010 1288 2045 spolia,
1305 2011 1327 2038 si
1346 2010 1489 2040 interfecto
1510 2011 1561 2040 sibi
1581 2013 1727 2047 eriperent.
1743 2013 1776 2042 Et

988 2054 1029 2082 sic
1048 2055 1148 2082 infecta
1163 2063 1192 2083 re
1208 2057 1298 2084 rediit.

1025 2101 1051 2127 7.
1067 2099 1153 2134 (ΑΛ).
1166 2100 1301 2133 456,1nd.
1312 2101 1426 2134 9,5lart.
1444 2102 1482 2138 7.)
1496 2102 1654 2138 lilartianus,
1671 2103 1773 2133 Roma-

990 2154 1086 2173 norum
1101 2146 1273 2174 orientalium
1292 2146 1450 2183 imperator,
1469 2148 1503 2175 ad
1524 2149 1700 2177 Gensericum
1716 2155 1777 2185 post

991 2192 1103 2220 Romam
1123 2192 1157 2220 ab
1176 2199 1221 2226 eo,
1247 2193 1327 2221 Avito
1351 2193 1514 2228 imperante,
1536 2194 1653 2222 dirutam
1673 2195 1776 2230 legatos

989 2239 1074 2272 misit,
1094 2239 1139 2273 qui
1155 2238 1284 2273 juberent
1302 2247 1364 2267 eum
1381 2239 1416 2267 ab
1442 2239 1520 2268 ltalia
1537 2240 1669 2268 vastanda
1690 2241 1776 2269 absti-

988 2291 1064 2317 nere,
1087 2288 1114 2312 et
1127 2291 1240 2313 uxorem
1253 2283 1433 2313 Valentiniani
1447 2290 1474 2313 et
1492 2286 1550 2320 ejus
1563 2284 1632 2313 tilias
1645 2285 1672 2313 in
1688 2285 1777 2320 capti-

990 2331 1100 2359 vitatem
1118 2331 1250 2360 abductas
1264 2331 1384 2359 libertati
1402 2332 1557 2359 restituere.
1578 2331 1632 2360 Sed
1644 2331 1735 2367 legati,
1748 2340 1778 2359 re

991 2377 1102 2411 infecta,
1115 2378 1142 2406 in
1152 2378 1292 2409 Orientem
1307 2377 1409 2406 reversi
1423 2384 1496 2406 sunt.
1509 2378 1576 2406 Nam
1593 2378 1659 2406 nihil
1668 2385 1774 2410 eorum.

990 2431 1051 2460 quae
1076 2431 1090 2450 a
1118 2423 1252 2452 Martiano
1271 2424 1403 2460 imperata
1424 2423 1543 2456 fuerant,
1571 2423 1672 2456 facere,
1691 2430 1779 2458 neque

989 2471 1106 2499 liberare
1138 2471 1266 2499 mulieres
1296 2470 1390 2498 voluit.
1419 2469 1601 2503 Quamobrem
1628 2467 1779 2496 Martiantts

991 2517 1088 2544 iterum
1103 2517 1209 2544 litteras
1228 2517 1262 2544 ad
1276 2516 1454 2545 Gensericum
1471 2515 1581 2550 scripsit
1602 2522 1649 2550 per
1668 2513 1778 2542 Biedam

991 2564 1120 2598 legatum.
1147 2563 1214 2590 Erat
1240 2567 1331 2590 autem
1357 2561 1440 2590 Bleda
1469 2562 1613 2597 episcopus
1643 2561 1778 2588 haereseos

991 2609 1141 2638 Genseriei.
1163 2608 1275 2636 Vandali
1299 2609 1371 2635 enim
1391 2607 1614 2638 Christianorum
1627 2607 1728 2634 cultum
1752 2611 1780 2634 et

993 2656 1149 2690 religionem
1163 2654 1280 2689 amplexi
1299 2651 1476 2681 fuerattt.llie
1493 2653 1537 2680 ubi
1550 2653 1582 2679 ad
1600 2651 1778 2680 Gensericum
1812 2660 1818 2664 -

993 2702 1118 2734 accessit,
1141 2705 1223 2734 atque
1243 2699 1362 2727 alienant
1379 2705 1395 2725 a
1417 2705 1465 2725 sua
1482 2697 1615 2732 legatione
1632 2697 1778 2732 perspexit,

789 2769 906 2799 VARUE
926 2771 1128 2802 LECTIONES.

186 2833 210 2849 “
228 2831 366 2868 ’Δρμᾴτου
382 2828 508 2868 conjs“:
554 2828 720 2868 "_*_tbv_add.

152 2868 226 2904 vulg.
262 2863 342 2894 ἱ’τῶν
353 2863 563 2899 ἐπεσταλμένων
578 2863 622 2897 Ν..
639 2863 851 2900 ἀπεσταλμένων
865 2863 937 2901 vulg.

820 2828 842 2844 ”
855 2829 989 2864 προσόδου
1007 2831 1052 2864 Η.,
1069 2829 1181 2865 προόδου
1195 2828 1268 2864 vulg.

1320 2829 1342 2845 ”
1354 2828 1534 2863 προσιεμένου
1554 2827 1576 2854 ll
1591 2848 1600 2861 ,
1615 2825 1778 2862 προῑεμένου
