1951 3074
201 146 250 179 761

703 140 898 171 EXCERPTA
918 139 966 169 EX
989 138 1122 168 PRISCO
1146 138 1325 168 RIIETORE

1779 137 1834 169 ’ἵνὲ

195 205 231 232 in
245 202 328 231 verba
340 199 499 235 superbiora
509 197 610 232 erupit.
623 196 682 224 Non
701 196 770 224 bene
784 203 924 224 cessurum
943 195 992 227 illi,

1048 194 1142 222 ϐαίνει.
1159 195 1206 225 Ὃς
1223 194 1315 229 ἐπειδὴ
1333 193 1398 228 παρ’
1412 192 1494 220 αὒτδν
1511 192 1626 227 ἀφίκετο
1645 194 1692 220 καὶ
1709 193 1781 228 ἔγνω
1798 197 1832 230 τῇ

201 248 225 276 si
243 249 269 274 in
285 244 429 281 priesentia
450 244 532 270 rebus
555 241 683 270 secundis
699 241 789 268 elatus
812 241 912 268 bellum
931 248 991 267 cum

202 291 377 320 orientalium
390 296 498 324 quoque
513 289 696 316 Romanorum
710 288 875 323 imperatore
888 291 993 315 coritra-

203 338 290 369 hercl,
305 336 390 371 regiis
410 335 570 362 mulieribus
589 342 641 362 non
661 335 686 362 in
703 334 857 362 libertatem
879 334 993 361 restitu-

202 384 247 412 tis.
267 382 321 410 Sed
336 389 423 416 neque
437 382 491 408 ulla
508 381 652 408 verborum
667 381 765 408 lenitas
781 380 856 413 prius
876 388 890 407 a
904 380 993 414 legan

203 432 356 464 usurpata,
386 433 474 461 neque
510 426 636 452 incussus
674 425 756 452 timor
780 425 853 452 illum
894 425 927 452 ad
952 425 994 451 ul-

202 475 255 502 lam
271 474 351 501 auimi
363 472 577 500 moderationem
589 471 746 505 pertrahere
757 476 912 506 potuerunt.
926 472 992 498 Nam

203 520 314 548 Bledam
339 519 415 546 irrita
431 517 565 552 legatione
581 517 694 550 dimisit,
711 521 739 544 et
765 525 860 544 rursus
879 517 905 544 in
923 516 993 544 Sici-

203 566 268 593 liam
287 569 314 592 et
336 564 460 599 proxima
477 562 560 589 Italiae
579 561 636 589 loca
658 561 808 589 exercitqu
833 562 992 593 immittens,

203 618 310 638 onmem
324 609 462 645 regionem
476 608 605 635 vastavit.
621 607 716 634 Avitus
728 615 846 641 quoque,
857 607 993 634 Romano-

203 663 264 682 rum
284 653 491 682 occidentalium
511 652 668 687 imperator,
687 651 720 679 ad
735 659 798 679 eum
825 653 926 687 legatos
945 652 995 679 mi-

204 701 250 733 sit,
263 701 308 736 qui
325 703 478 732 monerent,
493 703 524 726 ut
541 699 674 725 foederum
688 698 791 732 pridem
807 705 868 724 cum
884 698 929 724 illo
943 698 995 724 ini-

205 751 292 773 torum
324 745 505 776 meminisset,
534 744 575 771 sin
607 743 705 774 minus,
736 750 775 775 se,
799 748 827 770 et
849 743 997 770 domestico

204 791 337 824 exercitu,
350 795 376 817 et
393 789 544 817 auxiliariis
559 788 644 822 copiis
666 788 776 821 fretum,
800 788 899 816 bellum
920 796 997 823 para-

204 842 305 864 turum.
327 835 361 863 Et
387 835 460 862 misit
486 841 551 862 sane
573 834 745 862 Recimerum
766 835 908 870 patricium
932 843 992 863 cum

202 883 323 910 exercitu
345 882 371 909 in
385 881 515 910 Siciliam.

239 1016 266 1042 8.
285 1014 397 1042 Romani
414 1015 440 1042 in
453 1015 609 1043 Colehidem
634 1017 748 1051 profecti
769 1016 839 1044 bello
862 1017 994 1045 adversus

203 1060 287 1088 Lazos
301 1061 451 1094 decertant,
468 1069 518 1089 nec
535 1062 619 1089 multo
633 1067 694 1097 post
714 1063 896 1090 Romanorum
913 1069 990 1089 exer—

203 1108 273 1135 citus
287 1107 320 1134 ad
341 1114 390 1135 sua
415 1107 505 1135 rediit.
518 1107 584 1135 Cum
609 1112 698 1135 autem
724 1107 874 1143 imperator
907 1109 993 1135 denuo

203 1153 301 1180 bellum
317 1158 439 1188 repetere
457 1158 640 1188 praepararet,
662 1154 809 1181 consilium
829 1154 942 1188 habuit,
960 1161 993 1181 an

204 1201 298 1227 eadem
319 1200 361 1226 via
387 1199 527 1231 insistens,
549 1207 582 1226 an
607 1206 656 1234 per
677 1200 833 1227 Armeniam
849 1199 993 1228 Persarum

203 1252 287 1280 regno
300 1245 448 1279 conﬁnem,
471 1246 522 1272 lide
542 1245 617 1280 prius
637 1245 670 1272 ab
687 1244 845 1273 Parthorum
869 1253 932 1279 rege
946 1253 993 1273 ac-

165 1311 167 1313 -
204 1297 292 1327 cepta,
308 1291 405 1319 bellum
428 1290 552 1319 inferret.
577 1291 631 1327 74
648 1291 755 1319 Etenim
772 1300 833 1319 cum
856 1292 994 1320 Colchidis

205 1343 252 1363 ora
266 1341 339 1364 esset
351 1337 531 1372 importuosa,
548 1344 636 1372 neque
652 1337 711 1364 loca
727 1338 826 1365 vadosa
848 1343 994 1372 praeterna-

204 1382 295 1417 vigare
309 1386 410 1417 posset,
425 1390 498 1409 mare
512 1382 564 1409 sibi
588 1383 769 1418 undequaque
793 1382 921 1410 infestum
934 1384 993 1410 exi-

204 1425 343 1454 stimabat.
356 1426 479 1455 Gobszes
492 1434 601 1462 quoque
621 1427 724 1463 legatos
739 1427 811 1455 misit
833 1429 865 1455 ad
881 1428 994 1457 Parthos

203 1475 232 1499 et
247 1472 280 1500 ad
295 1472 484 1507 imperatorem
500 1473 694 1500 Romanorum.
711 1474 744 1500 Et
759 1473 867 1501 Partho:
877 1483 921 1501 um
935 1476 994 1509 qui-

205 1517 266 1544 dem
288 1525 352 1552 rex,
373 1519 435 1553 quia
462 1519 561 1546 bellum
583 1518 618 1545 illi
637 1523 696 1546 erat
715 1527 776 1546 cum
792 1519 905 1550 llunuis.
923 1528 992 1555 quos

205 1562 341 1591 Cidaritas
351 1563 493 1596 vocabant,
502 1562 586 1590 Lazos
597 1563 631 1590 ad
644 1571 673 1591 se
684 1564 870 1599 confugientes
884 1565 989 1600 rcjecit.

1044 240 1126 267 αὐτοῦ
1141 241 1179 275 μὴ
1190 239 1361 267 ὑπακούοντα
1373 239 1516 275 πρεσϐείᾳ,
1529 239 1736 274 αὐθαδεστέρων
1745 240 1835 274 λόγων

1043 287 1158 322 ἥπτετο,
1176 286 1224 313 καὶ
1243 286 1294 320 ἔφη
1302 285 1346 321 -μὴ
1364 285 1497 312 συνοίσειν
1509 285 1595 319 αὐτῷ,
1617 285 1696 320 εἰπερ
1710 285 1763 312 ὑπὸ
1784 287 1836 320 τῆς

1044 332 1185 368 παρούσης
1203 332 1357 367 εὐημερίας
1376 331 1472 366 ἀρθεὶς
1493 332 1541 357 καὶ
1556 332 1610 357 τῶν
1623 332 1693 358 κατά
1710 333 1759 367 τὴν
1775 332 1835 358 ’Ἕω

1049 376 1194 411 Ῥωμαίων
1209 376 1322 411 βασιλέα
1352 376 1420 412 πρὸς
1443 375 1562 411 πόλεμον
1584 376 1657 411 αὐτῷ
1681 377 1835 411 ἀναστῆναι

1044 422 1262 457 παρασκευάσοι,
1286 421 1336 453 τὰς
1363 420 1517 456 βασιλείους
1540 421 1577 456 μὴ
1600 420 1671 447 λύων
1688 421 1833 455 γυναῖκας.

1051 467 1120 493 Ἀλλ’
1140 466 1202 493 οὔτε
1228 467 1281 493 τῶν
1305 466 1545 502 προηγησαμένων
1570 467 1617 493 ἐπὶ
1638 468 1670 502 τῇ
1700 467 1836 503 πρεσϐείᾳ

1047 512 1177 548 ῥημάτων
1195 511 1340 545 ἐπιείκεια,
1355 512 1418 538 οὗτε
1447 511 1605 547 ἀπειληθεὶς
1621 512 1702 546 φόϐος
1733 513 1834 548 μέτρια

1045 559 1091 584 τὶν
1109 559 1255 593 Γεςέριχον
1285 559 1394 593 φρονεῖν
1422 558 1595 593 ἠνάγκασεν
1615 558 1757 592 ἄπρακτον
1778 559 1834 592 γὰρ

1045 603 1093 630 καὶ
1107 603 1151 630 τὸν
1165 604 1268 639 Βλήδαν
1281 604 1441 639 ἀπέπεμπε,
1459 605 1506 630 καὶ
1520 605 1548 636 ἐς
1557 604 1606 639 τὴν
1617 604 1742 630 Σικελίαν
1754 604 1834 636 αὖθις

1047 650 1095 676 καὶ
1109 651 1138 681 ἐς
1152 650 1201 686 τὴν
1213 650 1358 686 πρόσοικον
1370 650 1438 684 αὐτῇ
1457 650 1573 677 Ἰταλίαν
1588 650 1703 685 δύναμιν
1713 651 1834 686 διαπεμ-

1044 687 1165 730 ψάμενος
1190 696 1281 722 πᾶσαν
1301 695 1391 731 ἐδῄου.
1411 696 1440 722 '0
1463 695 1491 722 δὲ
1513 695 1622 727 Ἀϐιτος
1636 695 1650 721 ὁ
1667 695 1723 721 τῶν
1749 696 1834 722 Eone-

1049 741 1114 776 ρίων
1141 742 1286 776 Ῥωμαίων
1319 741 1444 776 βασιλεὺς
1471 740 1655 776 ἐπρεσϐεύετο
1679 741 1727 767 καὶ
1752 741 1834 773 αὐτὸς

1048 786 1123 821 παρὰ
1132 787 1177 814 τὸν
1189 787 1343 823 Γεζέριχον,
1356 787 1410 813 τῶν
1424 786 1507 813 πάλαι
1520 787 1601 813 αὑτὸν
1616 787 1834 823 ὑπομιμνήσκων

1049 832 1180 864 σπονδῶν,
1194 832 1227 864 ἃς
1245 833 1269 858 εί
1285 832 1322 868 μὴ
1334 832 1480 865 φυλάττειν
1497 832 1594 865 ἕλοιτο⁷
1607 833 1653 859 καὶ
1679 833 1760 860 αὐτὸν
1778 841 1834 860 πα-

1045 877 1277 913 ρασκευάσασθαι,
1304 878 1402 912 πλήθει
1422 886 1452 904 τε
1468 877 1561 912 οἰκείῳ
1588 878 1700 905 πίσυνον
1727 879 1775 905 καὶ
1798 880 1833 914 τῇ

1044 925 1098 952 τῶν
1116 925 1268 960 συμμάχων
1276 924 1432 960 ἐπικουρίᾳ.
1450 925 1578 960 Ἔπεμπε
1595 924 1623 951 δέ
1649 925 1696 951 καὶ
1714 926 1760 952 τὸν
1776 934 1832 952 πα-

1044 971 1148 1005 τρίκιον
1161 971 1171 986 ³
1188 970 1354 1005 Ῥεκίμερὲς
1366 970 1415 1005 τὴν
1429 969 1554 997 Σικελίαν
1568 970 1616 996 σὺν
1634 970 1755 1005 στρατῷ.

1080 1016 1115 1052 η’.
1135 1017 1197 1043 Ὅτι
1211 1016 1265 1043 τῶν
1285 1015 1429 1051 Ῥωμαίων
1453 1015 1482 1047 ἐς
1498 1015 1618 1050 Κόλχους
1635 1015 1766 1042 ἐλθόντων
1785 1016 1836 1043 καὶ

1045 1061 1237 1097 συμϐαλόντων
1250 1061 1260 1077 ³
1275 1061 1392 1096 πόλεμον
1406 1061 1473 1096 πρδς
1487 1059 1601 1095 Λαζοὺς,
1616 1061 1630 1087 ὁ
1648 1061 1696 1096 μὲν
1712 1061 1836 1095 Ῥωμαῖ-

1045 1107 1091 1139 κδς
1112 1107 1227 1143 στρατὸς
1241 1108 1268 1139 ἐς
1280 1107 1313 1133 τὰ
1328 1107 1448 1142 σφέτερα
1459 1106 1649 1139 ἐπανέςευξεν,
1666 1107 1713 1134 καὶ
1726 1108 1750 1133 οῖ
1762 1108 1835 1142 ἀμφὶ

1044 1154 1078 1181 τὰ
1094 1154 1216 1190 βασίλεια
1226 1154 1294 1189 πρὸς
1308 1153 1357 1190 τὴν
1373 1153 1471 1189 ἑτέραν
1482 1153 1571 1189 μάχην
1584 1154 1833 1189 παρεσκευάζοντο,

1045 1199 1234 1236 βουλευόμενοι
1248 1200 1362 1235 πότερον
1379 1198 1428 1234 τὴν
1442 1199 1526 1234 αὐτὴν
1540 1199 1556 1234 ἢ
1570 1201 1619 1233 τὴν
1633 1199 1667 1226 δι’
1688 1200 1834 1235 Ἀρμενίας

1043 1246 1092 1281 τῆς
1110 1245 1224 1281 Περσῶν
1240 1244 1332 1280 χώρας
1360 1244 1507 1280 προσοίκου
1522 1245 1702 1280 πορευθέντες
1714 1245 1773 1272 ὁδὸν
1788 1245 1834 1271 τὶν

1044 1292 1162 1326 πόλεμον
1176 1290 1316 1324 ἐπάξουσι,
1332 1291 1465 1325 πρότερον
1487 1290 1621 1326 πρεσϐείᾳ
1637 1291 1682 1317 τὸν
1699 1290 1834 1326 μόναρχον

1044 1337 1097 1364 ’τῶν
1129 1336 1290 1372 Παρθυαίων
1315 1338 1474 1368 πείσαντες·
1508 1336 1579 1363 κατά
1612 1337 1667 1371 γὰρ
1692 1337 1831 1363 θάλατταν

1045 1383 1145 1419 ἄπορος
1158 1384 1250 1414 αὐτοῖς
1261 1384 1315 1409 πᾶν
1325 1383 1334 1398 ι
1350 1382 1492 1417 ἐνομίζετο
1512 1382 1559 1414 τάς
1570 1382 1725 1417 δυσχωρίας
1744 1391 1837 1417 παρα-

1045 1429 1132 1462 πλεῖν,
1149 1428 1278 1462 ἀλιμένου
1293 1427 1341 1462 τῆς
1353 1426 1458 1462 Κόλχου
1471 1426 1666 1461 τυγχανούσης,
1686 1426 1715 1452 '0
1729 1426 1758 1452 δὲ
1776 1427 1836 1452 Γω-

1045 1475 1131 1509 ϐἀζης
1146 1473 1328 1509 ὲπρεσϐεύετο
1344 1474 1393 1508 μὲν
1408 1473 1456 1500 καὶ
1483 1473 1563 1504 αὐτὸς
1581 1472 1656 1508 παρὰ
1671 1473 1734 1502 τοὺς
1759 1473 1837 1506 Παρ-

1045 1521 1166 1552 Ουαίους,
1196 1519 1379 1555 ἐπρεσϐεὐετο
1407 1518 1436 1544 δέ
1466 1517 1514 1544 καὶ
1542 1518 1618 1553 παρὰ
1645 1517 1690 1543 τὸν
1719 1516 1836 1552 βασιλέα

1052 1566 1209 1601 Ῥωμαίων.
1234 1565 1290 1591 Καὶ
1306 1565 1320 1591 ὁ
1349 1563 1399 1599 μὲν
1429 1563 1483 1590 τῶν
1503 1563 1619 1597 Παροων
1634 1561 1835 1598 μόναρχος,ὡ;

206 1608 323 1643 πολέμου
348 1607 423 1642 αὔτῷ
452 1608 650 1643 συνισταμένου
677 1608 746 1644 πρὸς
777 1609 894 1642 Οὖννους
921 1611 983 1644 τοὺς
1002 1611 1153 1649 Κιδαρίτας
1179 1609 1375 1645 καλουμένους,
1404 1607 1571 1635 ἀπεσείσατο
1597 1608 1663 1643 παρ’
1677 1607 1759 1634 αὑτὸν
1770 1608 1835 1639 τοὺς

205 1652 311 1685 Λαζοὺς
326 1653 559 1688 καταφεύγοντας.

241 1699 269 1727 9.
286 1699 326 1734 (P.
342 1699 373 1726 A.
385 1698 417 1726 C.
428 1699 492 1727 456.
508 1698 591 1727 Leon.
603 1699 770 1736 ,imp.'init.)
785 1700 852 1728 Cum
871 1701 993 1730 Balame—

206 1753 256 1774 rus
274 1744 373 1781 Scytha
393 1744 494 1773 foedera
509 1745 656 1774 \‘iolaretet
670 1747 852 1775 Romanorum
871 1748 993 1783 regiones

207 1792 425 1827 depopularetur,
445 1796 472 1819 et
497 1791 596 1820 multas
619 1793 700 1820 urbes
714 1798 860 1826 everteret,
878 1794 993 1822 Romani

206 1838 240 1864 ad
252 1845 312 1864 cum
326 1837 427 1872 legatos
440 1837 584 1870 miserunt,
599 1838 645 1872 qui
660 1838 693 1865 de
707 1845 772 1872 pace
784 1838 880 1866 violata
893 1846 993 1873 quere-

209 1886 315 1910 rentur.
331 1882 364 1910 Et
380 1887 407 1910 ut
421 1883 548 1917 deinceps
561 1891 575 1910 a
588 1884 710 1911 vexantia
726 1884 923 1912 incursionibus
938 1884 994 1912 Ro-

207 1935 349 1956 manorum
366 1928 475 1963 regione
492 1928 652 1961 abstineret,
679 1933 814 1956 trecentas
834 1930 893 1957 auri
914 1929 995 1957 libras

207 1974 245 2002 illi
258 1975 402 2009 quotannis
416 1974 483 2002 solvi
499 1975 708 2002 constituerunt.
728 1974 836 2002 Dicebat
852 1977 923 2003 enim
938 1983 994 2003 suae

207 2020 297 2054 gentis
309 2019 507 2047 nmltitudinem
523 2027 612 2047 rerum
627 2020 839 2048 necessariarum
857 2021 944 2056 inopia
961 2020 995 2048 ad

207 2065 305 2092 bellum
321 2072 350 2092 se
363 2066 538 2093 convertisse.

246 2110 287 2138 10.
303 2110 344 2146 (C.
360 2110 436 2138 A.-C.
457 2111 519 2143 565,
537 2111 593 2139 Ind.
615 2111 642 2146 ὅ,
665 2111 748 2140 Leon.
766 2111 804 2146 9.)
821 2112 994 2144 Gensericus,

208 2163 270 2184 cum
287 2164 338 2184 non
355 2157 469 2191 amplius
494 2156 641 2185 foederibus
659 2165 718 2185 eum
742 2157 889 2192 Majoriano
909 2158 996 2193 pactis

208 2206 282 2229 stare
311 2202 515 2234 constituisset,
540 2201 721 2230 Vandalornm
748 2207 775 2230 et
798 2202 995 2229 Maurusiorum

209 2242 407 2274 multitudinem
425 2248 458 2274 ad
481 2248 656 2275 vastationem
673 2248 755 2275 Italia:
775 2252 802 2275 et
823 2247 922 2276 Siciliae
945 2248 995 2275 im-

210 2293 294 2320 misit.
309 2292 481 2320 Marcellinus
498 2292 581 2326 enim,
600 2293 656 2327 jam
677 2298 740 2320 ante
763 2293 848 2320 insula
867 2298 995 2324 cesserat,

1079 1701 1113 1727 δ’.
1135 1700 1197 1726 Ὀτι
1213 1697 1261 1725 τοῦ
1277 1697 1434 1732 Βαλάμερος
1449 1696 1496 1723 τοῦ
1516 1695 1621 1722 Σκύθου
1638 1696 1834 1731 παρασπονδή-

1044 1754 1140 1778 σαντος
1153 1745 1201 1772 καὶ
1225 1743 1324 1774 πολλὰς
1343 1742 1436 1774 πόλεις
1459 1742 1637 1776 δῃωσαμένου
1663 1741 1710 1768 καὶ
1737 1741 1833 1777 χώρας

1049 1791 1217 1827 Ῥωμαϊκὰς,
1234 1790 1358 1824 ἔπεμπον
1383 1788 1447 1823 παρ’
1463 1788 1546 1814 αὑτὸν
1566 1787 1591 1813 οἱ
1617 1787 1747 1822 Ῥωμαῖοι
1767 1788 1836 1822 πρέ-

1045 1839 1130 1870 σϐεις,
1145 1838 1170 1864 οἳ
1184 1836 1259 1872 αὐτῷ
1271 1835 1317 1862 τῑῦ
1334 1833 1518 1869 νεωτερισμοῦ
1536 1833 1753 1868 κατεμέμφοντο,
1772 1835 1833 1867 καὶ,

1044 1884 1115 1911 ὥστε
1133 1884 1170 1919 μὴ
1187 1880 1266 1914 αὖθις
1283 1883 1333 1917 τὴν
1347 1881 1439 1917 χώραν
1453 1880 1652 1915 καταδραμεῖν,
1670 1881 1833 1915 τριακοσίας

1044 1931 1139 1966 λίτρας
1153 1931 1247 1965 φέρειν
1273 1928 1346 1964 αὐτῷ
1364 1928 1481 1954 ἑκάστου
1509 1927 1584 1958 έτους
1601 1926 1713 1959 ἔταξαν·
1729 1927 1829 1954 σπάνει

1045 1976 1100 2011 γὰρ
1115 1975 1169 2002 τῶν
1179 1973 1337 2008 ἀναγκαίων
1354 1972 1456 2008 ἔφραζε
1473 1971 1542 2007 πρὸς
1554 1971 1673 2007 πόλεμον
1688 1971 1718 1998 τὸ
1731 1972 1833 1999 οίκείον

1044 2020 1220 2054 διαναστῆναι
1231 2018 1344 2054 πλῆθος.

1082 2109 1108 2136 ι’.
1125 2109 1213 2135 Ὄτιό
1226 2107 1371 2143 Γεζέριχος
1389 2105 1480 2133 οὐκέτι
1495 2105 1555 2137 ταῖς
1569 2104 1638 2140 πρὸς
1663 2105 1833 2139 Μαῖοριανὸν

1046 2155 1182 2186 τεθείσαις
1199 2153 1324 2185 σπονδαῖς
1339 2153 1466 2188 ἐμμένων
1481 2151 1624 2186 Βανδήλων
1638 2151 1685 2177 καὶ
1699 2151 1831 2185 Μαυρου-

1048 2204 1113 2230 σίων
1127 2202 1228 2237 πλῆθος
1250 2202 1295 2227 ἐπὶ
1321 2199 1420 2236 δῃώσει
1437 2200 1486 2234 τῆς
1504 2197 1619 2230 Ἰταλίας
1635 2198 1683 2237 at“.
1707 2198 1833 2229 Σικελίας

1047 2250 1165 2285 ἔπεμπε,
1181 2246 1366 2283 Μαρκελλίνου
1381 2245 1431 2280 ἤδη
1455 2244 1588 2280 πρότερον
1605 2244 1655 2278 τῆς
1667 2244 1750 2278 νήσου
1767 2243 1834 2269 ἀνα-

1048 2293 1223 2329 χωρήσαντος
1238 2291 1282 2318 διᾶι
1296 2290 1326 2316 τδ
1343 2289 1492 2324 Ῥεκίμερα
1505 2287 1670 2323 παρελέσθαι
1687 2287 1768 2313 αὑτὸν
1782 2288 1834 2321 τῆς

209 2344 354 2374 propterea
369 2340 439 2374 quod
451 2338 619 2371 Recimerus.
634 2339 679 2374 qui
694 2340 753 2374 ejus
768 2340 911 2374 imperium
928 2340 953 2367 in
966 2348 993 2368 se

1048 2339 1186 2373 δυνάμεως
1213 2336 1400 2372 ἐθελήσαντα,
1431 2333 1494 2366 τοὺς
1516 2333 1724 2369 παρεπομένους
1757 2332 1833 2367 αὐτῇ

212 2385 320 2411 trahere
343 2385 484 2419 studebat,
506 2385 637 2412 militibus
657 2385 715 2420 ejus
736 2385 863 2420 pecunias
883 2385 994 2420 largitus

208 2435 278 2463 erat,
293 2431 383 2466 (erant
398 2435 486 2458 autem
510 2430 567 2458 fere
589 2439 683 2458 omnes
705 2431 834 2467 Scytltze,)
861 2439 915 2466 quo
943 2432 995 2459 illis

209 2477 385 2511 persuaderet
404 2484 419 2503 a
434 2476 589 2504 Marcellino
608 2477 732 2504 deﬁcere.
757 2476 849 2512 Itaque
862 2476 995 2504 Marcelli-

209 2529 260 2549 nus
273 2521 365 2550 Sicilia
379 2526 544 2555 excesserat,
560 2523 661 2550 veritus
677 2522 797 2555 insidias,
816 2523 878 2557 quia
899 2523 995 2558 opibus

210 2575 271 2594 cum
290 2567 435 2595 Recimero
456 2568 565 2596 minime
583 2573 688 2596 certare
711 2573 827 2602 poterat.
848 2567 928 2595 Missa
956 2572 998 2596 est

211 2613 291 2648 igitur
310 2614 343 2640 ad
363 2613 540 2642 Gcnsericum
557 2614 654 2650 legatio
671 2623 678 2641 :
695 2619 750 2642 tum
764 2622 778 2641 a
794 2614 946 2647 Recimero,
964 2622 997 2642 ne

210 2658 311 2688 fmdera
326 2660 457 2687 violaret:
480 2665 534 2688 tum
552 2661 585 2689 ab
604 2668 646 2695 eo,
662 2661 707 2696 qui
724 2661 793 2696 apud
809 2660 946 2688 Romanos
963 2661 990 2687 in

1048 2386 1153 2417 Σκὶθας
1170 2383 1249 2420 (ἦσαν
1267 2384 1295 2410 δὲ
1311 2384 1339 2410 ἐν
1354 2381 1490 2412 πλείστοις
1508 2380 1630 2414 ἀνδράσι)
1650 2378 1834 2414 παραπείθειν

1047 2432 1196 2466 χρήμασιν,
1209 2430 1280 2456 ὥστε
1292 2428 1395 2455 ἐκεῖνον
1410 2427 1459 2462 μὲν
1469 2426 1621 2458 ἀπολιπεῖν,
1631 2424 1775 2460 ἀφικέσθαι
1783 2423 1833 2451 ³...

1047 2475 1232 2510 εὐλαϐηθέντα
1249 2475 1298 2509 τὴν
1318 2473 1465 2508 ἐπιϐουλὴν
1480 2472 1521 2509 (οὐ
1547 2472 1601 2507 γὰρ
1619 2471 1834 2506 ἀντιφιλοτιμεῖ-

1050 2521 1111 2548 σοαι
1125 2520 1164 2556 τῷ
1180 2520 1340 2555 Ῥεκίμερος
1357 2518 1469 2545 ἐδύνατο
1493 2518 1611 2552 πλούτῳ)
1626 2517 1676 2552 τῆς
1705 2516 1833 2548 Σικελίας

1046 2566 1240 2601 ὑπονοστῆσαι.
1257 2565 1410 2592 Ἐστέλλετο
1418 2563 1464 2591 οὖν
1478 2565 1525 2590 καὶ
1541 2563 1615 2598 παρὰ
1626 2563 1672 2589 τὸν
1687 2562 1833 2598 Γεζέριχον

1046 2612 1190 2648 πρεσϐεία,
1203 2610 1282 2637 τοῦτο
1298 2611 1347 2645 μὲν
1375 2610 1448 2645 παρὰ
1475 2609 1522 2636 τοῦ
1540 2608 1698 2643 Ῥεκίμερος
1710 2628 1716 2639 ,
1734 2608 1771 2639 ὠς
1801 2608 1831 2633 οὺ

1045 2659 1085 2686 δεῖ
1099 2658 1293 2694 κατολιγωρεῖν
1305 2657 1385 2684 αὑτὸν
1398 2657 1408 2672 ⁸
1428 2656 1482 2684 τῶν
1505 2655 1638 2689 σπονδῶν,
1652 2654 1731 2682 τοῦτο
1741 2655 1769 2681 δὲ
1783 2655 1833 2681 καὶ

849 2718 968 2746 VARle
997 2716 1201 2745 LECTIONES.

247 2776 314 2802 ’τὸν
329 2775 473 2811 πατρίκιον
497 2776 544 2807 Ν.,
570 2776 644 2811 παρά
667 2776 712 2803 τὸν
737 2776 810 2811 vulg.

210 2807 280 2838 ιῗναι
307 2807 391 2845 οοη].’
412 2810 446 2837 Ν.

211 2845 299 2874 αὐτῶν
324 2847 396 2884 vulg.

864 2777 874 2792 ³
901 2785 932 2802 συ
937 2776 1120 2811 μϐαλλρντωνν
1136 2775 1208 2809 vulg.

498 2811 508 2826 ⁵
525 2807 671 2846 ἀφικέσθαι
694 2811 724 2839 δὲ
753 2807 822 2846 πᾷὸς
847 2807 942 2838 αὑτόνί
969 2811 1041 2838 τοῦτ’
1061 2810 1172 2845 ἐποίησε
1184 2807 1240 2835 ’τὸν
1265 2808 1451 2843 Μαρκελλῖνον
1471 2807 1564 2835 εὐλαϐ.
1580 2807 1612 2834 Ν.

1614 2772 1715 2805 ἄπορον
1740 2771 1834 2803 αὐτοῖς

1257 2773 1268 2789 ⁸
1283 2773 1385 2807 ἄπορος
1407 2773 1499 2804 αὐτοῖς
1522 2771 1588 2807 πᾶν]
1614 2772 1715 2805 ἄπορον
1740 2771 1808 2798 αὐτο

1265 2808 1451 2833 Μαρκελλῖνον
1471 2807 1564 2833 εὐλαϐ.
1580 2807 1612 2833 Ν.
1665 2808 1675 2823 ⁶
1689 2807 1770 2833 αὐτὸν
1786 2807 1808 2833 H

1689 2815 1770 2834 αυτον
1786 2815 1832 2838 τι..
