1951 3074
110 177 164 209 753

112 231 187 266 πα.ρᾶ
200 230 246 256 τοῦ
261 229 424 266 κρατοῦντος
433 229 487 256 τῶν
497 230 526 256 ἓν
540 231 573 265 τῇ
588 231 645 265 Ἔῳ
661 230 817 266 Ῥωμαίων,
827 232 860 266 ἐφ
874 227 896 266 ᾧ

110 276 160 309 τῆς
177 275 301 305 Σικελίας
323 274 438 309 καὶξτῆς
463 274 580 306 Ἰταλίας
605 275 756 310 ἀπέχεσθαι
779 277 827 303 καὶ
849 276 899 308 τὰς

114 319 263 355 βασιλείους
271 319 424 354 ἐκπέμπειν
435 320 578 353 γυναῖκας.
594 320 785 356 Γεζέριχοςιδὲ,
794 321 899 349 πολλῶν

114 365 182 400 πρὸς
198 365 277 391 αὑτὸν
301 364 479 400 πρεσϐευτῶν
494 366 564 392 κατὰ
586 365 732 401 διαφόρους
746 366 899 394 σταλέντων

116 412 227 447 χρόνους
240 411 262 442 ⁷,
294 411 343 442 τὰς
359 411 490 445 γυναῖκας
507 411 537 437 οὐ
556 411 688 447 πρότερον
704 412 821 447 διαφῆκε
835 413 900 448 πρὶν

115 458 132 493 ἢ
148 458 196 491 τὴν
222 456 412 491 πρεσϐυτέραν
428 457 483 484 τῶν
509 457 714 484 Βαλεντινιανοῦ
741 458 898 494 θυγατέρων

117 502 243 538 (Ιίὺῖοκία
255 503 283 528 δὲ
294 500 328 537 ἦν
341 502 425 537 ὃνομα
439 502 520 537 αὐτῇ)
528 502 659 538 Ὀνορίχῳ
673 503 713 539 τῷ
720 503 815 530 ἑαυτοῦ
826 505 901 531 παιδὶ

117 548 328 582 κατενεγγύησε.
339 548 407 574 Τότε
417 548 471 583 γὰρ
481 548 527 574 καὶ
547 548 596 584 τὴν
610 549 737 582 Εὑδοξίαν
746 550 795 584 τὴν
809 550 902 576 Θεοδο-

116 594 174 620 σίου
188 593 325 628 θυγατέρα
337 593 487 628 ἀπέπεμπε
500 593 549 620 σὺν
563 593 696 629 Πλακιδίᾳ
706 596 738 630 τῇ
755 595 836 630 ἑτέρᾳ
849 595 901 622 αὖ·

115 639 166 673 τῆς
184 639 310 674 θυγατρὶ,
324 639 357 675 ἣν
371 640 540 674 ἐγεγαμήκει
558 640 706 675 Ὀλύῦριος.
735 641 788 667 Τοῦ
804 641 832 668 δὲ
852 641 902 673 τὰς

123 683 239 715 Ἰταλίας
251 685 297 710 καὶ
307 684 432 711 Σικελίαν
448 683 527 720 δῃοῦν
537 684 551 710 ὁ
568 684 711 720 Γεζέριχος
719 685 769 712 οὐκ
783 686 901 721 ἀπέστη,

117 730 186 757 ἀλλὰ
199 730 296 765 μᾶλλον
312 730 398 761 αὑτὰς
420 729 572 765 ἐξεπόρθει,
589 731 658 765 μετὰ
672 730 717 758 τὸν
735 731 901 767 Μαῖοριανὸν

119 775 258 810 βουληθεὶς
274 775 426 809 βασιλεύειν
441 775 495 801 τῶν
511 776 541 802 ὲν
555 776 587 810 τῇ
606 775 731 812 Ἑσπέρῳ
753 776 899 812 Ῥωμαίων

125 819 264 854 Ὀλύδριον
278 819 288 834 ⁸
303 819 348 845 διὰ
357 819 406 854 τὴν
419 819 448 852 ἐξ
461 820 611 854 ἐπιγαμίας
622 821 794 855 συγγένειαν.

156 863 200 891 ια’.
217 864 279 890 Ὀτι
295 865 340 890 ἐπὶ
355 865 467 895 Λέοντος
485 865 617 900 βασιλέως
653 866 796 901 Ῥωμαίων
819 868 902 903 ὲπρεο

119 910 232 937 σῦεύετο
247 911 321 946 παρὰ
332 911 381 946 μὲν
393 897 544 945 Βανδήλους
560 897 746 946 ὑπὲρἹταλιῦν
761 897 901 946 Τατιανὺς,
919 897 940 924 Β

119 957 148 983 ἐν
168 958 199 991 τῇ
211 956 264 983 τῶν
277 957 428 991 πατρικίων
452 956 515 991 ἀξία
531 956 757 992 καταλεγόμενος,
775 959 850 994 παρά
875 959 903 985 δὲ

119 1003 228 1038 Πέρσας
243 1004 441 1036 Κωνστάντιος,
472 1004 563 1039 τρίτον
590 1004 639 1038 μὲν
656 1004 727 1039 τῆν’
749 1004 869 1040 ἔπαρχον
881 1004 903 1020 ¹⁹

118 1047 208 1074 λαϐὼν
219 1048 315 1083 ἀρχὴν,
331 1048 398 1083 πρὸς
410 1048 438 1075 δὲ
454 1049 487 1084 τῇ
505 1048 624 1084 ὑπατικῇ
642 1047 705 1084 ἀξίᾳ
720 1049 766 1075 καὶ
783 1049 833 1083 τῆς
849 1057 903 1075 πα·

119 1094 287 1128 τρικιότητος
302 1093 403 1128 τυχών.
427 1094 480 1120 Καὶ
493 1094 625 1126 Τατιανὸς
642 1094 692 1129 μὲν
711 1095 743 1121 ὲκ
764 1094 904 1129 Βανδή).ων

120 1139 200 1169 milia;
215 1139 353 1173 ἄπρακτος
369 1139 538 1175 ἀνεχώρησε,
553 1139 607 1166 τῶν
625 1139 706 1166 αὐτοῦ
721 1140 772 1167 ὑπὸ
792 1140 840 1167 τοῦ
854 1141 906 1167 Γε-

121 1182 228 1218 ζερίχου
245 1184 284 1219 μὴ
302 1184 525 1219 παραδεχοέντων
551 1184 639 1218 λόγων
652 1193 658 1200 ·
683 1186 697 1211 ὁ
714 1184 743 1211 δὲ
765 1185 906 1211 Κωνστάν-

120 1237 176 1260 τιος
191 1230 223 1264 τῇ
241 1229 362 1266 Ἐδέσσῃ,
385 1229 526 1265 Ῥωμαϊκῇ
546 1229 634 1262 πόλει,
655 1230 794 1266 προσοίκῳ
808 1231 835 1258 δὲ
856 1231 906 1266 τῆς

122 1275 233 1309 Περσῶν
248 1275 350 1310 χώρας,
365 1275 571 1309 ὲγκατέμεινεν,
586 1275 747 1308 ἐσδέξασθαι
762 1276 844 1303 αὑτὸν
860 1277 907 1303 ἐπὶ

123 1321 189 1347 πολὺ
208 1321 451 1356 διαναϐαλλομένου
466 1321 513 1347 τοῦ
534 1321 688 1356 Παρθυαῖον
705 1321 852 1356 μονάρχου.

158 1366 202 1401 ιβ’.
215 1367 275 1393 Ὀτι
284 1367 329 1393 τὸν
341 1367 529 1394 Κωνστάντιον
540 1367 586 1393 τὸν
602 1367 772 1402 πρεσόευτὴν
783 1369 811 1394 ὲν
821 1369 854 1403 τῇ
862 1368 907 1396 Ἑ-

122 1411 204 1447 δέσσῃ
212 1411 305 1446 χρόνον
316 1412 505 1447 ἐπιμείναντα,
517 1413 554 1444 ὡς
566 1412 674 1448 εἴρηταί
688 1421 747 1448 μοι,
772 1414 822 1448 τῆς
840 1422 908 1449 πρε-

125 1455 217 1486 σϐείας
231 1457 306 1492 πέρι,
320 1456 380 1483 τότε
398 1457 506 1489 ἐδέξατο
517 1458 530 1484 ὁ
544 1457 656 1492 Περσῶν
672 1457 805 1492 μόναρχος
817 1459 845 1490 ἐς
859 1458 909 1494 τὴν

125 1501 314 1535 σφετέρανμαὶ
322 1502 386 1536 παρ’
397 1502 478 1529 αὑτὸν
487 1502 633 1537 ἀφικέσθαι
641 1502 870 1537 προσέταξεν,οὺκ
880 1505 909 1531 ιν

123 1547 182 1576 ταῖς
192 1546 310 1580 πόλισιν,
322 1547 389 1574 ἀλλὰ
399 1547 453 1583 γὰρ
464 1549 492 1574 ὲν
501 1549 556 1580 τοῖς
566 1548 703 1584 μεθορίοις
718 1549 807 1576 αὐτῶν
819 1557 849 1576 τε
860 1550 907 1577 καὶ
921 1565 943 1597 c

124 1591 292 1619 Οΰννωντῶν
302 1593 455 1628 Κιδαριτῶν
464 1593 512 1625 τὰς
520 1593 660 1629 διατριϐὰς
673 1594 832 1629 ποιούμενος
842 1595 863 1610 ¹¹
873 1613 905 1622 ...

125 1637 200 1672 αὖτῷ
214 1637 354 1665 συνίστατο
374 1639 465 1666 αἰτίαν
477 1639 557 1673 ἔχων,
575 1639 612 1671 ὠς
635 1640 698 1671 τοὺς
726 1640 824 1675 φόρους
853 1641 907 1668 τῶν

125 1683 235 1711 Οΰννων
248 1685 284 1719 μὴ
299 1684 496 1720 κομιζομένων,
513 1685 559 1717 οὓς
569 1686 594 1712 οἱ
605 1685 688 1712 πάλαι
706 1685 756 1721 μὲν
772 1687 825 1712 τῶν
838 1687 908 1722 Περ-

126 1728 180 1754 σῶν
194 1730 240 1755 καὶ
265 1729 378 1764 Πάρθων
393 1725 595 1764 βασιλεύοντες
608 1730 710 1757 ἔθεντο.
722 1727 773 1757 Ὧν
787 1731 801 1757 ό
816 1731 908 1767 πατὴρ

125 1773 188 1809 [τὴν
201 1774 247 1801 τοῦ
265 1775 359 1810 φόρου]
372 1775 599 1810 ἁπαρνησάμενος
630 1776 783 1812 ἀπαγωγὴν
801 1777 846 1803 τδν
862 1777 909 1803 πό-

125 1819 208 1854 λεμον
237 1820 395 1854 ὑπεδέξατο,
428 1820 577 1848 καὶτοῦτον
602 1822 670 1856 μετὰ
697 1824 745 1858 τῆς
773 1823 909 1858 βασιλείας

127 1866 291 1901 παρέπεμψε
303 1867 341 1902 τῷ
358 1867 445 1899 παιδὶ,
462 1866 533 1893 ὥστε
558 1869 619 1898 ταῖς
652 1868 753 1903 μάχαις
771 1869 911 1904 ἐπιτριϐο-

129 1912 226 1946 μένους
243 1913 306 1944 τοὺς
324 1913 431 1948 Πέρσας
449 1913 543 1949 ἀπάτῃ
570 1913 697 1948 ἐθελῆσαι
716 1914 765 1950 τὴν
779 1915 833 1941 τῶν
844 1914 911 1942 05v-

127 1966 179 1984 νων
206 1958 285 1985 λῦσαι
309 1959 450 1994 διαφορὶν,
466 1960 512 1985 καὶ
534 1958 602 1993 δῆτα
631 1959 838 1994 διαπέμψασθαι
865 1960 910 1987 τὶν

128 2003 268 2038 Πειρώζην
286 2004 375 2038 (τοῦτο
385 2005 438 2039 γὰρ
453 2002 485 2040 ἦν
500 2004 584 2039 ὄνομα
599 2004 637 2040 τῷ
655 2005 716 2032 τότε
733 2005 847 2040 Περσῶν
861 2005 910 2040 βα-

129 2049 272 2084 σιλεύοντι)
287 2050 355 2086 πρὸς
367 2051 413 2077 τὸν
433 2051 559 2086 Κούγχαν
568 2051 614 2078 τὸν
625 2050 733 2077 Οὓννων
747 2052 910 2086 ἡγούμενον,

127 2096 165 2127 ὡς
195 2096 243 2131 τὴν
270 2097 338 2133 πρὸς
367 2097 447 2124 αὑτὸν
464 2098 485 2113 ¹¹
501 2097 656 2132 ὰσμενίζων
678 2097 790 2132 εἰρήνην
810 2097 855 2123 ὲπί
881 2106 911 2124 τε

129 2142 272 2177 συμμαχίᾳ
286 2142 446 2169 σπένδεσθαι
472 2142 603 2177 βούλοιτο,
632 2143 680 2170 καὶ
694 2142 743 2177 τὴν
757 2141 840 2168 αὑτοῦ
853 2150 914 2170 κατ-

128 2188 215 2223 εγγυᾷ
248 2188 376 2224 ἀδελφήν.
404 2188 548 2215 Νεώτατον
571 2188 626 2223 γὰρ
652 2188 733 2214 αὐτὸν
749 2185 819 2214 εἰναι
852 2196 913 2214 συν-

492 176 540 206 DE
561 176 841 207 LEGATIONIBUS
860 177 1104 210 ROMANORUM
1125 180 1174 210 AD
1193 180 1350 211 GENTES.

1684 176 1740 210 πει

912 232 1059 275 «Oriente
1073 240 1163 262 rerum
1184 233 1347 268 potiebatur,
1365 237 1395 261 ut
1412 233 1446 261 ab
1461 233 1539 262 Italia
1549 238 1577 262 et
1588 234 1680 262 Sicilia
1695 235 1739 263 ab-

949 279 1063 307 stineret
1088 284 1116 306 et
1142 281 1230 315 regias
1257 280 1384 308 mulieres
1412 280 1546 308 redderet.
1575 280 1739 309 Gensericus

949 331 1026 358 vero,
1050 325 1142 353 multis
1162 326 1196 352 ad
1217 333 1278 353 eum
1303 333 1336 352 ex
1358 325 1474 352 diversis
1496 326 1618 360 partibus
1645 325 1740 360 legatis

949 371 1052 403 missis,
1067 367 1127 398 non’
1135 375 1199 398 ante
1212 371 1340 398 mulieres
1356 370 1491 403 liberavit,
1506 378 1586 405 quam
1607 371 1738 405 majorem

950 420 1014 443 natu
1031 415 1145 442 filiarum
1161 415 1361 449 Valentiniani,
1380 415 1525 443 Eudociam
1545 415 1666 448 nomine,
1684 415 1740 443 Ho-

951 461 1064 488 noricho
1081 461 1136 488 tilio
1151 461 1340 496 desponderet.
1365 461 1441 488 Tunc
1473 462 1545 488 enim
1568 460 1716 489 Eudoxiam
1730 482 1738 494 ,

951 506 1094 534 Theodosii
1104 506 1200 540 ﬁliam,
1216 507 1320 535 remisit
1337 514 1397 534 cum
1417 505 1549 538 Placidia,
1564 506 1622 540 ejus
1635 514 1738 536 sorore.

951 560 1030 587 quam
1043 552 1119 579 duxit
1131 552 1266 587 Olybrius.
1284 553 1376 587 Neque
1393 560 1426 580 eo
1436 552 1524 579 secius
1535 552 1637 578 italiam
1654 557 1680 579 et
1696 551 1740 579 Si-

951 598 1039 626 ciliam
1057 598 1221 626 Geusericus
1236 604 1341 626 vastare
1357 598 1472 630 destitit,
1488 598 1535 625 sed
1551 597 1634 624 multo
1650 598 1752 632 magis,

951 644 1078 671 saeviebat
1095 648 1154 679 post
1172 649 1285 672 mortem
1299 643 1452 678 Maioriani,
1473 651 1534 671 cum
1552 643 1690 679 Olybrium
1706 644 1739 670 ad

953 688 1095 722 imperium
1116 688 1272 716 Occidentis
1289 689 1440 724 provehere
1459 692 1568 723 propter
1583 686 1755 715 afﬁnitatem,

952 741 985 762 ex
998 734 1100 770 nuptiis
1115 735 1256 770 cogitaret.

989 865 1033 893 ll.
1051 864 1107 892 Sub
1124 864 1225 897 Leone,
1243 864 1427 893 Romanorum
1444 865 1617 900 imperatore,
1635 865 1754 900 legatus.

955 918 1001 946 pro
1026 910 1097 938 ltalis
1120 910 1152 938 ad
1172 910 1306 938 Vaudalos
1331 910 1470 945 profectus
1489 915 1531 938 est
1552 910 1692 942 Tatianus.
1714 911 1741 938 in

954 956 1130 991 patriciorum
1150 964 1292 984 numerum
1305 957 1487 991 conscriptus,
1508 957 1541 983 ad
1559 957 1656 984 Persas
1677 963 1758 983 vero.

953 1001 1138 1034 Constantius,
1151 1003 1262 1029 tertium
1281 1001 1435 1037 przefectus,
1453 1007 1481 1029 et
1494 1010 1546 1029 una
1567 1010 1628 1030 cum
1643 1009 1742 1029 consu-

953 1047 1010 1076 latu
1034 1048 1193 1082 patriciatus
1220 1048 1379 1082 dignitatem
1407 1049 1529 1076 sortitus.
1556 1047 1589 1075 Et
1614 1047 1742 1075 Tatianus

954 1093 1062 1128 quidem
1075 1102 1090 1122 a
1109 1093 1236 1121 Vaudalis
1259 1093 1330 1121 intra
1349 1094 1430 1122 breve
1447 1098 1562 1129 tempus,
1586 1102 1614 1121 re
1631 1094 1740 1124 infecta.

956 1147 1080 1167 reversus
1092 1144 1133 1167 est
1147 1139 1295 1174 repudiatis
1307 1146 1322 1166 a
1335 1138 1484 1167 Genserico
1493 1139 1568 1174 pacis
1579 1138 1743 1167 conditioni.

955 1185 1016 1212 bus.
1027 1185 1202 1213 Constantius
1218 1191 1282 1212 vero
1298 1184 1418 1216 Edessa,
1436 1191 1498 1219 quze
1510 1184 1574 1211 urbs
1586 1188 1628 1211 est
1643 1184 1670 1210 in
1686 1183 1742 1211 Ro-

957 1238 1096 1258 manorum
1120 1230 1221 1257 ditione
1233 1230 1318 1266 posita
1334 1235 1361 1257 et
1374 1229 1464 1258 Persis
1480 1230 1662 1261 contermina,
1678 1229 1743 1256 sub-

957 1276 1037 1309 stitit,
1058 1276 1084 1302 in
1101 1283 1154 1310 qua
1177 1275 1258 1310 longo
1274 1280 1395 1310 tempore
1412 1280 1595 1303 commoratus
1609 1279 1661 1308 est,
1681 1282 1743 1302 cum

958 1321 1002 1348 diu
1016 1329 1077 1348 eum
1098 1321 1150 1356 75
1166 1321 1308 1348 admittere
1323 1321 1483 1349 Parthorum
1501 1329 1546 1349 rex
1560 1321 1690 1348 differret.

995 1367 1038 1394 12.
1056 1366 1175 1395 Tandem
1187 1366 1329 1394 Persarum
1349 1373 1394 1394 rex
1410 1366 1597 1394 Constantium
1615 1366 1760 1401 legatum,._

958 1413 1004 1448 qui
1016 1413 1096 1448 longo
1129 1418 1259 1448 tempore,
1288 1417 1317 1440 ut
1348 1413 1476 1445 diximus,
1503 1412 1646 1447 legationis
1662 1419 1765 1438 causa.

959 1458 1068 1486 Edessa:
1081 1458 1249 1492 substiterat,
1261 1458 1287 1485 in
1303 1465 1379 1485 suam
1391 1459 1529 1492 regionem
1546 1457 1693 1485 admisitet
1710 1457 1744 1483 ad

959 1512 988 1532 se
1001 1502 1190 1537 venircjussit.
1207 1503 1239 1530 Et
1252 1509 1298 1530 rex
1313 1503 1422 1538 quidem
1434 1507 1498 1530 tunc
1509 1501 1638 1536 temporis
1651 1509 1705 1529 non
1717 1500 1759 1528 in~

960 1550 1082 1583 urbibus,
1099 1549 1146 1578 sed
1161 1549 1188 1577 in
1203 1549 1328 1577 confiniis
1344 1548 1462 1583 regionis
1476 1555 1530 1575 sua:
1541 1553 1569 1576 et
1582 1547 1753 1577 Hunnorum.

957 1595 1138 1623 Cidaritarum
1162 1599 1282 1622 moratus
1296 1602 1356 1622 cum
1378 1593 1535 1621 Hunnorum
1560 1600 1623 1626 rege
1645 1592 1743 1619 bellum

958 1642 1076 1676 gerebat.
1089 1644 1230 1677 propterea
1244 1641 1315 1676 quod
1332 1639 1421 1667 Hunni
1436 1639 1546 1667 minime
1559 1638 1688 1666 tributum
1705 1638 1746 1664 in-

959 1687 1093 1719 ferebant,
1108 1687 1179 1721 quod
1204 1686 1256 1713 illis
1277 1686 1341 1713 olim
1363 1685 1506 1713 Persarum
1528 1689 1555 1712 et
1584 1683 1746 1712 Parthorum

960 1733 1238 1768 rcgesimposuerant.
1250 1732 1283 1760 Et
1291 1731 1536 1767 regileunnorum
1555 1735 1633 1765 pater
1652 1729 1746 1756 tributi

959 1779 1105 1806 illationem
1126 1784 1251 1809 renuens,
1263 1777 1359 1804 bellum
1378 1779 1530 1810 exceperat,
1543 1773 1614 1809 quod
1638 1773 1762 1807 quidem,

961 1832 1012 1852 una
1023 1831 1082 1851 cum
1095 1831 1177 1858 regno
1195 1823 1228 1850 ad
1240 1822 1324 1849 lilium
1340 1821 1528 1849 transmiserat
1540 1828 1547 1846 :
1559 1819 1645 1847 donec
1658 1818 1748 1846 Persis

960 1870 1072 1906 longiori
1095 1870 1165 1898 bello
1182 1868 1337 1903 defatigatis
1362 1868 1435 1896 venit
1458 1867 1484 1894 in
1505 1871 1623 1894 mentem
1648 1865 1747 1892 bellum

961 1925 1021 1944 cum
1039 1916 1142 1943 llunnis
1163 1915 1257 1942 fraude
1273 1914 1361 1942 nuire.
1376 1914 1469 1948 Itaque
1482 1914 1594 1940 Peroses
1607 1912 1658 1946 (sic
1673 1910 1745 1938 enim

962 1962 1102 1990 Persarum
1119 1968 1163 1988 rex
1186 1959 1341 1992 vocabatur)
1365 1959 1398 1986 ad
1414 1958 1563 1990 Concbam,
1587 1956 1747 1984 Hunnorum

962 2016 1061 2042 regem,
1079 2006 1162 2038 ntisit,
1180 2010 1307 2040 tanquam
1329 2004 1407 2032 vellet
1431 2011 1491 2031 cum
1513 2003 1565 2030 illis
1589 2009 1682 2038 pacem
1703 2000 1749 2028 flr-

963 2060 1037 2080 tnare
1056 2057 1083 2080 et
1100 2058 1236 2078 armorum
1254 2051 1412 2078 societatem
1428 2049 1543 2084 jungere
1564 2052 1591 2076 et
1614 2047 1653 2074 illi
1672 2054 1748 2074 suam
1766 2072 1769 2074 .

963 2106 1083 2126 sororem
1100 2097 1164 2125 dare
1178 2103 1301 2124 uxorem.
1318 2095 1364 2122 Ille
1385 2095 1457 2122 enim
1471 2099 1528 2122 erat
1544 2098 1601 2121 tum
1618 2093 1686 2121 forte
1700 2092 1749 2120 ad-

964 2146 1016 2172 huc
1031 2144 1134 2181 junior,
1147 2150 1232 2178 neque
1241 2142 1305 2169 dum
1320 2141 1420 2168 liberos
1434 2140 1501 2167 ullos
1515 2139 1670 2167 sustulerat.
1684 2139 1750 2172 Qui-
1765 2160 1768 2161 ν

964 2191 1014 2218 bus
1028 2189 1200 2217 sermonibus
1225 2195 1285 2215 cum
1303 2185 1428 2214 Conchas
1444 2189 1518 2212 esset
1536 2191 1673 2216 assensus,
1697 2191 1748 2211 non

128 2232 233 2266 ἐῆαινε,
250 2234 297 2260 καὶ
317 2233 431 2269 μηδέπω
454 2234 558 2260 παίδων
582 2232 652 2260 εἶναι
669 2233 784 2269 πατέρα.
809 2234 860 2260 Τὸν
884 2233 906 2260 δὲ

968 2242 1056 2263 tamen
1073 2233 1183 2263 Perosis
1197 2239 1317 2260 sororem
1333 2231 1359 2258 in
1377 2230 1581 2258 matrimonium
1601 2229 1686 2260 duxit,
1703 2229 1750 2256 sed

128 2278 346 2314 προσδεξάμενον
366 2280 430 2311 τοὺς
447 2279 543 2314 λόγους
562 2279 751 2314 γήμασθαιοὺ
781 2279 828 2305 τοῦ
851 2279 914 2306 Πει-

130 2325 219 2359 ρώζον
247 2325 373 2362 ἀδελφὴν,
398 2325 456 2352 ἀλλ’
484 2326 582 2360 ἑτέραν
612 2326 731 2359 γυναῖκα
767 2324 914 2360 βασιλικῶς

127 2370 368 2406 διακοσμηθεῖσαν,
383 2372 416 2407 ἠν
441 2372 455 2398 ὁ
468 2371 580 2406 Περσῶν
604 2371 739 2406 μόναρχος
755 2370 909 2406 ἐξέπεμψε,

130 2418 335 2452 παρεγγυήσας,
362 2418 400 2449 ὡς
426 2418 503 2444 οὐδὲν
534 2417 583 2452 μὲν
605 2416 833 2444 ἀνακαλύπτουσα
860 2416 914 2444 τῶν

129 2462 374 2497 ἑσχηματισμένων
385 2463 522 2497 βασιλείας
540 2462 585 2489 καὶ
601 2462 775 2497 εὐδαιμονίας
794 2461 913 2497 μεθέξει,

130 2507 281 2540 ὲκλέγουσα
298 2507 327 2534 δὲ
346 2508 395 2542 τὴν
413 2508 559 2543 ὑπόκρισιν
582 2508 697 2535 θάνατον
719 2507 774 2540 ἕξει
793 2507 912 2543 ζημίαν·

130 2553 161 2579 οὗ
178 2552 232 2588 γὰρ
250 2552 391 2584 ἀνέξεσθαι
406 2553 427 2569 ¹³
452 2553 498 2579 τδν
520 2553 673 2588 Κιδαριτῶν
700 2554 819 2588 ἄρχοντα
834 2553 914 2589 θερά-

131 2607 232 2624 παιναν
240 2597 313 2632 ἔχειν
327 2597 451 2633 γαμετὴν
467 2597 526 2624 ἀντὶ
540 2597 588 2631 τῆς
601 2595 630 2624 εὖ
648 2598 806 2632 γενομένης.
815 2598 916 2625 Τούτου

131 2643 212 2678 χάριν
229 2643 410 2677 σπεισάμενος
425 2643 439 2668 ὀ
454 2641 594 2676 Πειρώξης
607 2642 675 2676 πρὸς
686 2642 733 2668 τὸν
746 2642 798 2669 τῶν
809 2642 917 2669 Οὕννων

131 2687 285 2723 ἡγούμενον
298 2688 348 2714 οὐκ
363 2688 408 2714 ἐπὶ
422 2687 489 2714 πολὺ
500 2688 550 2722 τῆς
572 2687 679 2722 ἀπάτης
705 2687 849 2714 ἀπώνατο·
870 2689 915 2714 εὑ-

967 2283 1048 2309 aliam
1063 2280 1202 2307 mulierem
1215 2278 1289 2312 regio
1299 2277 1375 2305 cultu
1389 2276 1560 2304 adornatam.
1575 2275 1648 2302 Hanc
1660 2279 1764 2302 autem»

967 2327 1111 2355 Persarum
1129 2332 1177 2352 rex
1193 2323 1276 2356 misit,
1287 2327 1327 2356 ut,
1344 2322 1366 2350 si
1385 2321 1454 2349 nihil
1475 2328 1570 2349 eorum
1592 2327 1649 2352 qua:
1666 2319 1751 2354 linge-

967 2373 1077 2404 bantur,
1091 2370 1257 2402 enuntiaret,
1277 2368 1358 2404 regiae
1378 2367 1516 2395 felicitatis
1533 2365 1692 2402 participem
1708 2365 1751 2391 fu-

968 2419 1080 2442 turam:
1097 2413 1138 2440 sin
1161 2413 1259 2445 minus,
1283 2416 1310 2439 et
1335 2411 1463 2438 simulata
1486 2410 1633 2445 detegeret,
1657 2409 1751 2446 monis

967 2459 1128 2494 supplicium
1146 2458 1306 2485 subituram.
1324 2457 1383 2484 Non
1393 2457 1465 2484 enim
1484 2463 1625 2490 passurum
1644 2454 1750 2482 Cidari-

969 2511 1056 2534 tarum
1071 2511 1172 2539 regem,
1187 2511 1296 2531 uxorem
1313 2510 1342 2530 se
1357 2502 1457 2530 habere
1476 2501 1583 2529 servilis
1590 2499 1751 2528 conditionis

967 2559 1016 2587 pro
1035 2551 1151 2586 ingenua
1167 2554 1194 2577 et
1213 2549 1307 2576 nobili.
1319 2548 1385 2576 Ctun
1403 2548 1484 2583 igitur
1495 2547 1538 2574 bis
1552 2544 1751 2577 conditionibus

966 2596 1081 2624 Peroses
1095 2601 1188 2629 pacem
1206 2600 1267 2620 cum
1284 2592 1440 2619 Hunnorum
1456 2598 1518 2626 rege
1532 2590 1677 2622 sanxisset,
1697 2596 1760 2617 non-7

967 2642 1005 2670 illi
1025 2641 1068 2668 diu
1093 2648 1141 2667 sua
1162 2639 1236 2666 fraus
1258 2638 1365 2664 utilitati
1388 2642 1415 2664 et
1441 2637 1539 2664 fructui
1572 2636 1631 2664 fuit.
1659 2635 1752 2663 Mulier

966 2688 1050 2715 enim.
1070 2686 1169 2713 timens
1184 2693 1218 2714 ne
1236 2684 1259 2712 si
1272 2684 1340 2710 forte
1354 2690 1402 2718 per
1414 2682 1482 2710 alios
1490 2682 1523 2710 de
1534 2689 1582 2710 sua
1598 2681 1752 2711 conditione

790 2743 907 2771 VARIE
935 2742 1138 2771 LECTIONES.

187 2801 197 2817 '
222 2803 326 2838 χρόνων
353 2803 426 2838 vulg.

133 2837 227 2873 vulg.’
246 2839 267 2873 ξ’
287 2837 430 2873 πρὸς-οὖς
462 2838 580 2873 πόλεμος
607 2837 680 2872 αὐτῷ
707 2837 779 2865 coni.
801 2837 834 2864 N.

134 2872 206 2910 vulg.
238 2872 326 2908 ἔξεστι
352 2873 384 2902 Π.

473 2803 483 2819 ⁸
503 2802 643 2837 Ὀλύϐριον
666 2802 699 2829 Ν.
715 2821 723 2834 ,
753 2802 892 2838 Ὀλύεριος
918 2803 991 2838 vulg.
1042 2802 1117 2836 ’τὴν
1144 2808 1200 2828 om.
1230 2802 1292 2835 vulg

473 2838 580 2870 πόλεμος
607 2837 680 2870 αὐτῷ
707 2837 779 2865 coni.
801 2837 834 2864 N.
889 2837 910 2853 "
926 2838 1006 2864 αὑτὸν
1031 2837 1077 2870 IL,
1109 2835 1198 2863 αὐτῶν
1230 2835 1292 2870 vulg

1059 2856 1077 2870 ,ι
1109 2853 1197 2863 mnu"
1233 2853 1302 2870 uno.

1360 2799 1381 2814 ³ο
1400 2798 1519 2832 ἔπαρχον
1547 2797 1616 2829 γαί..
1649 2796 1752 2832 ὕπατον

1042 2802 1117 2836 ’τὴν
1144 2808 1200 2828 om.
1230 2799 1303 2835 vulg.
1360 2799 1381 2814 ³⁸
1400 2799 1452 2824 ἐπα
1473 2805 1519 2832 χον
1547 2799 1616 2829 Val.,
1649 2799 1752 2824 ὕπατον

1043 2837 1077 2866 1..
1109 2835 1198 2863 αὐτῶν
1230 2835 1302 2866 vulg.
1357 2833 1378 2850 ¹³
1397 2806 1539 2866 ἀνέξὲσθαι
1571 2832 1616 2866 Ν,,
1644 2831 1763 2866 ἕξεσθαι
