  <div class='ocr_page' id='page_1' title='image "/cluster/home/n/w/nwhite01/storage/ocr_20150623/113/njp.32101077772968/436.png"; bbox 0 0 1951 3074; ppageno 0'>
   <div class='ocr_carea' id='block_1_1' title="bbox 103 142 164 173">
    <p class='ocr_par' dir='ltr' id='par_1_1' title="bbox 103 142 164 173">
     <span class='ocr_line' id='line_1_1' title="bbox 103 142 164 173; baseline -0.033 0"><span class='ocrx_word' id='word_1_1' title='bbox 103 142 164 173; x_wconf 73' lang='grc' dir='ltr'>’ῖΰὸ</span> 
     </span>
    </p>
   </div>
   <div class='ocr_carea' id='block_1_2' title="bbox 493 137 1366 171">
    <p class='ocr_par' dir='ltr' id='par_1_2' title="bbox 493 137 1366 171">
     <span class='ocr_line' id='line_1_2' title="bbox 493 137 1366 171; baseline 0.002 -3"><span class='ocrx_word' id='word_1_2' title='bbox 493 139 542 168; x_wconf 85' lang='lat' dir='ltr'>DE</span> <span class='ocrx_word' id='word_1_3' title='bbox 563 137 849 169; x_wconf 72' lang='lat' dir='ltr'>LEGATIONIBUS</span> <span class='ocrx_word' id='word_1_4' title='bbox 874 139 1116 169; x_wconf 79' lang='lat' dir='ltr'>ROMANORUM</span> <span class='ocrx_word' id='word_1_5' title='bbox 1136 140 1186 169; x_wconf 82' lang='lat' dir='ltr'>AD</span> <span class='ocrx_word' id='word_1_6' title='bbox 1207 139 1366 171; x_wconf 69' lang='lat' dir='ltr'>GENTES.</span> 
     </span>
    </p>
   </div>
   <div class='ocr_carea' id='block_1_3' title="bbox 1683 137 1736 170">
    <p class='ocr_par' dir='ltr' id='par_1_3' title="bbox 1683 137 1736 170">
     <span class='ocr_line' id='line_1_3' title="bbox 1683 137 1736 170; baseline -0.038 0"><span class='ocrx_word' id='word_1_7' title='bbox 1683 137 1736 170; x_wconf 77' lang='lat' dir='ltr'>7C6</span> 
     </span>
    </p>
   </div>
   <div class='ocr_carea' id='block_1_4' title="bbox 108 192 907 232">
    <p class='ocr_par' dir='ltr' id='par_1_4' title="bbox 108 193 899 232">
     <span class='ocr_line' id='line_1_4' title="bbox 108 193 899 232; baseline -0.005 -8"><span class='ocrx_word' id='word_1_8' title='bbox 108 196 294 232; x_wconf 82' lang='grc' dir='ltr'>’Λδαμάντιος</span> <span class='ocrx_word' id='word_1_9' title='bbox 319 195 348 222; x_wconf 76' lang='grc' dir='ltr'>δὲ</span> <span class='ocrx_word' id='word_1_10' title='bbox 375 194 467 228; x_wconf 80' lang='grc' dir='ltr'>κύκλῳ</span> <span class='ocrx_word' id='word_1_11' title='bbox 494 194 560 229; x_wconf 76' lang='grc' dir='ltr'>περὶ</span> <span class='ocrx_word' id='word_1_12' title='bbox 588 194 608 210; x_wconf 84' lang='grc'>⁸¹</span> <span class='ocrx_word' id='word_1_13' title='bbox 629 193 674 220; x_wconf 72' lang='grc' dir='ltr'>τὸν</span> <span class='ocrx_word' id='word_1_14' title='bbox 701 193 782 228; x_wconf 72' lang='grc' dir='ltr'>λόφον</span> <span class='ocrx_word' id='word_1_15' title='bbox 815 194 899 226; x_wconf 74' lang='grc' dir='ltr'>τάξας</span> 
     </span>
    </p>
   </div>
   <div class='ocr_carea' id='block_1_5' title="bbox 959 192 1735 232">
    <p class='ocr_par' dir='ltr' id='par_1_5' title="bbox 959 192 1735 229">
     <span class='ocr_line' id='line_1_5' title="bbox 959 192 1735 229; baseline 0 -9"><span class='ocrx_word' id='word_1_16' title='bbox 959 202 965 220; x_wconf 95' lang='lat' dir='ltr'>l</span> <span class='ocrx_word' id='word_1_17' title='bbox 983 201 1057 229; x_wconf 75' lang='lat' dir='ltr'><strong>tergo</strong></span> <span class='ocrx_word' id='word_1_18' title='bbox 1073 200 1170 221; x_wconf 74' lang='lat' dir='ltr'><strong>ctrtcro</strong></span> <span class='ocrx_word' id='word_1_19' title='bbox 1186 194 1336 225; x_wconf 72' lang='lat' dir='ltr'><strong>excercitu,</strong></span> <span class='ocrx_word' id='word_1_20' title='bbox 1363 201 1423 220; x_wconf 82' lang='lat' dir='ltr'><strong>cum</strong></span> <span class='ocrx_word' id='word_1_21' title='bbox 1444 193 1537 227; x_wconf 83' lang='lat' dir='ltr'><strong>paucis</strong></span> <span class='ocrx_word' id='word_1_22' title='bbox 1550 192 1685 227; x_wconf 76' lang='lat' dir='ltr'><strong>equitibus</strong></span> <span class='ocrx_word' id='word_1_23' title='bbox 1701 194 1735 220; x_wconf 82' lang='lat' dir='ltr'>ad</span> 
     </span>
    </p>
   </div>
   <div class='ocr_carea' id='block_1_6' title="bbox 104 239 896 277">
    <p class='ocr_par' dir='ltr' id='par_1_6' title="bbox 104 239 896 277">
     <span class='ocr_line' id='line_1_6' title="bbox 104 239 896 277; baseline -0.004 -10"><span class='ocrx_word' id='word_1_24' title='bbox 104 241 294 277; x_wconf 72' lang='grc' dir='ltr'>στρατιώτας,</span> <span class='ocrx_word' id='word_1_25' title='bbox 318 240 392 270; x_wconf 78' lang='grc' dir='ltr'>ὃπως</span> <span class='ocrx_word' id='word_1_26' title='bbox 410 239 448 275; x_wconf 87' lang='grc' dir='ltr'>μὴ</span> <span class='ocrx_word' id='word_1_27' title='bbox 461 239 598 270; x_wconf 79' lang='grc' dir='ltr'>κύκλωσις</span> <span class='ocrx_word' id='word_1_28' title='bbox 614 240 679 273; x_wconf 75' lang='grc' dir='ltr'>παρ’</span> <span class='ocrx_word' id='word_1_29' title='bbox 697 239 802 265; x_wconf 77' lang='grc' dir='ltr'>ἐκείνου</span> <span class='ocrx_word' id='word_1_30' title='bbox 814 239 896 274; x_wconf 82' lang='grc' dir='ltr'>γένη-</span> 
     </span>
    </p>
   </div>
   <div class='ocr_carea' id='block_1_7' title="bbox 105 282 894 320">
    <p class='ocr_par' dir='ltr' id='par_1_7' title="bbox 105 282 894 320">
     <span class='ocr_line' id='line_1_7' title="bbox 105 282 894 320; baseline -0.005 -6"><span class='ocrx_word' id='word_1_31' title='bbox 105 296 168 318; x_wconf 84' lang='grc' dir='ltr'>ται,</span> <span class='ocrx_word' id='word_1_32' title='bbox 195 286 369 316; x_wconf 74' lang='grc' dir='ltr'>ὑποκαταϐὰς</span> <span class='ocrx_word' id='word_1_33' title='bbox 389 286 428 316; x_wconf 76' lang='lat' dir='ltr'>ei;</span> <span class='ocrx_word' id='word_1_34' title='bbox 444 285 558 319; x_wconf 77' lang='grc' dir='ltr'>πέτραν,</span> <span class='ocrx_word' id='word_1_35' title='bbox 584 284 631 319; x_wconf 71' lang='grc' dir='ltr'>ἀφ’</span> <span class='ocrx_word' id='word_1_36' title='bbox 648 282 681 319; x_wconf 73' lang='grc' dir='ltr'>ἧς</span> <span class='ocrx_word' id='word_1_37' title='bbox 695 282 729 320; x_wconf 77' lang='grc' dir='ltr'>ἦν</span> <span class='ocrx_word' id='word_1_38' title='bbox 751 285 894 318; x_wconf 69' lang='grc' dir='ltr'>ἀκουστὸν,</span> 
     </span>
    </p>
   </div>
   <div class='ocr_carea' id='block_1_8' title="bbox 106 329 898 365">
    <p class='ocr_par' dir='ltr' id='par_1_8' title="bbox 106 329 898 365">
     <span class='ocr_line' id='line_1_8' title="bbox 106 329 898 365; baseline -0.006 -5"><span class='ocrx_word' id='word_1_39' title='bbox 106 333 160 360; x_wconf 69' lang='grc' dir='ltr'>καὶ</span> <span class='ocrx_word' id='word_1_40' title='bbox 182 332 312 363; x_wconf 81' lang='grc' dir='ltr'>κελεύσας</span> <span class='ocrx_word' id='word_1_41' title='bbox 327 330 444 365; x_wconf 72' lang='grc' dir='ltr'>κάκείνῳ</span> <span class='ocrx_word' id='word_1_42' title='bbox 470 331 532 362; x_wconf 77' lang='grc' dir='ltr'>τοὺς</span> <span class='ocrx_word' id='word_1_43' title='bbox 549 329 646 361; x_wconf 73' lang='grc' dir='ltr'>ἄλλως</span> <span class='ocrx_word' id='word_1_44' title='bbox 662 330 833 365; x_wconf 76' lang='grc' dir='ltr'>ἀποπέμψαι,</span> <span class='ocrx_word' id='word_1_45' title='bbox 849 330 898 365; x_wconf 81' lang='grc' dir='ltr'>μό-</span> 
     </span>
    </p>
   </div>
   <div class='ocr_carea' id='block_1_9' title="bbox 106 375 900 412">
    <p class='ocr_par' dir='ltr' id='par_1_9' title="bbox 106 375 900 412">
     <span class='ocr_line' id='line_1_9' title="bbox 106 375 900 412; baseline -0.005 -7"><span class='ocrx_word' id='word_1_46' title='bbox 106 387 155 410; x_wconf 64' lang='grc' dir='ltr'>νος</span> <span class='ocrx_word' id='word_1_47' title='bbox 186 377 322 411; x_wconf 78' lang='grc' dir='ltr'>διελέγετο</span> <span class='ocrx_word' id='word_1_48' title='bbox 344 377 426 412; x_wconf 81' lang='grc' dir='ltr'>μόνῳ.</span> <span class='ocrx_word' id='word_1_49' title='bbox 455 376 511 403; x_wconf 84' lang='grc' dir='ltr'>Καὶ</span> <span class='ocrx_word' id='word_1_50' title='bbox 535 376 674 407; x_wconf 81' lang='grc' dir='ltr'>καταστὰς</span> <span class='ocrx_word' id='word_1_51' title='bbox 697 377 710 402; x_wconf 82' lang='grc' dir='ltr'><strong>ὁ</strong></span> <span class='ocrx_word' id='word_1_52' title='bbox 741 375 900 410; x_wconf 80' lang='grc' dir='ltr'>Θευδέριχος</span> 
     </span>
    </p>
   </div>
   <div class='ocr_carea' id='block_1_10' title="bbox 108 420 898 458">
    <p class='ocr_par' dir='ltr' id='par_1_10' title="bbox 108 420 898 458">
     <span class='ocr_line' id='line_1_10' title="bbox 108 420 898 458; baseline -0.005 -8"><span class='ocrx_word' id='word_1_53' title='bbox 108 423 261 458; x_wconf 77' lang='grc' dir='ltr'>κατηγόρει</span> <span class='ocrx_word' id='word_1_54' title='bbox 281 422 433 457; x_wconf 85' lang='grc' dir='ltr'>Ῥωμαίων,</span> <span class='ocrx_word' id='word_1_55' title='bbox 450 421 487 453; x_wconf 82' lang='grc' dir='ltr'>ὡς</span> <span class='ocrx_word' id='word_1_56' title='bbox 502 421 599 451; x_wconf 76' lang='grc' dir='ltr'>ἐδόκει,</span> <span class='ocrx_word' id='word_1_57' title='bbox 615 421 719 452; x_wconf 79' lang='grc' dir='ltr'>δίκαια,</span> <span class='ocrx_word' id='word_1_58' title='bbox 735 420 833 454; x_wconf 76' lang='grc' dir='ltr'>λέγων,</span> <span class='ocrx_word' id='word_1_59' title='bbox 857 421 898 447; x_wconf 51' lang='lat' dir='ltr'><strong>ﬁt</strong></span> 
     </span>
    </p>
   </div>
   <div class='ocr_carea' id='block_1_11' title="bbox 112 465 902 503">
    <p class='ocr_par' dir='ltr' id='par_1_11' title="bbox 112 465 902 503">
     <span class='ocr_line' id='line_1_11' title="bbox 112 465 902 503; baseline -0.004 -8"><span class='ocrx_word' id='word_1_60' title='bbox 112 479 122 495; x_wconf 87' lang='grc' dir='ltr'>ι</span> <span class='ocrx_word' id='word_1_61' title='bbox 144 468 216 503; x_wconf 85' lang='grc' dir='ltr'>Ἐγὼ</span> <span class='ocrx_word' id='word_1_62' title='bbox 236 468 285 503; x_wconf 82' lang='grc' dir='ltr'>μὲν</span> <span class='ocrx_word' id='word_1_63' title='bbox 300 467 352 500; x_wconf 77' lang='grc' dir='ltr'>ἐξω</span> <span class='ocrx_word' id='word_1_64' title='bbox 367 469 417 503; x_wconf 79' lang='grc' dir='ltr'>τῆς</span> <span class='ocrx_word' id='word_1_65' title='bbox 434 467 498 502; x_wconf 81' lang='grc' dir='ltr'>ὅλης</span> <span class='ocrx_word' id='word_1_66' title='bbox 522 467 633 502; x_wconf 78' lang='grc' dir='ltr'>Θρᾴκης</span> <span class='ocrx_word' id='word_1_67' title='bbox 653 466 802 501; x_wconf 76' lang='grc' dir='ltr'>διατρίϐειν</span> <span class='ocrx_word' id='word_1_68' title='bbox 819 465 902 501; x_wconf 71' lang='grc' dir='ltr'>ᾑρού-</span> 
     </span>
    </p>
   </div>
   <div class='ocr_carea' id='block_1_12' title="bbox 110 510 895 548">
    <p class='ocr_par' dir='ltr' id='par_1_12' title="bbox 110 510 895 548">
     <span class='ocr_line' id='line_1_12' title="bbox 110 510 895 548; baseline 0 -11"><span class='ocrx_word' id='word_1_69' title='bbox 110 522 180 548; x_wconf 77' lang='grc' dir='ltr'>μην,</span> <span class='ocrx_word' id='word_1_70' title='bbox 211 513 305 548; x_wconf 73' lang='grc' dir='ltr'>πόρῤω</span> <span class='ocrx_word' id='word_1_71' title='bbox 325 512 393 548; x_wconf 65' lang='grc' dir='ltr'>πρὸς</span> <span class='ocrx_word' id='word_1_72' title='bbox 418 511 467 547; x_wconf 79' lang='grc' dir='ltr'>τὴν</span> <span class='ocrx_word' id='word_1_73' title='bbox 484 511 613 543; x_wconf 75' lang='grc' dir='ltr'>Σκυθίαν,</span> <span class='ocrx_word' id='word_1_74' title='bbox 631 512 698 538; x_wconf 80' lang='grc' dir='ltr'>ὅπου</span> <span class='ocrx_word' id='word_1_75' title='bbox 725 511 813 546; x_wconf 83' lang='grc' dir='ltr'>μένων</span> <span class='ocrx_word' id='word_1_76' title='bbox 832 510 895 537; x_wconf 77' lang='grc' dir='ltr'>οὕτε</span> 
     </span>
    </p>
   </div>
   <div class='ocr_carea' id='block_1_13' title="bbox 109 557 903 594">
    <p class='ocr_par' dir='ltr' id='par_1_13' title="bbox 109 557 903 594">
     <span class='ocr_line' id='line_1_13' title="bbox 109 557 903 594; baseline -0.003 -9"><span class='ocrx_word' id='word_1_77' title='bbox 109 559 231 594; x_wconf 75' lang='grc' dir='ltr'>ἐνοχλεῖν</span> <span class='ocrx_word' id='word_1_78' title='bbox 255 558 380 593; x_wconf 70' lang='grc' dir='ltr'>ἐνόμιζον</span> <span class='ocrx_word' id='word_1_79' title='bbox 398 557 504 590; x_wconf 85' lang='grc' dir='ltr'>οὐδένα,</span> <span class='ocrx_word' id='word_1_80' title='bbox 529 557 646 592; x_wconf 77' lang='grc' dir='ltr'>ἑτοίμως</span> <span class='ocrx_word' id='word_1_81' title='bbox 663 557 695 584; x_wconf 60' lang='grc' dir='ltr'>’δὲ</span> <span class='ocrx_word' id='word_1_82' title='bbox 721 557 825 592; x_wconf 80' lang='grc' dir='ltr'>βασιλεῖ</span> <span class='ocrx_word' id='word_1_83' title='bbox 852 557 903 583; x_wconf 81' lang='grc' dir='ltr'>ὑπ-</span> 
     </span>
    </p>
   </div>
   <div class='ocr_carea' id='block_1_14' title="bbox 110 603 902 638">
    <p class='ocr_par' dir='ltr' id='par_1_14' title="bbox 110 603 902 638">
     <span class='ocr_line' id='line_1_14' title="bbox 110 603 902 638; baseline -0.003 -7"><span class='ocrx_word' id='word_1_84' title='bbox 110 604 278 632; x_wconf 80' lang='grc' dir='ltr'>ακούσεσθαι</span> <span class='ocrx_word' id='word_1_85' title='bbox 288 603 413 631; x_wconf 77' lang='grc' dir='ltr'>ἐντεῦθεν</span> <span class='ocrx_word' id='word_1_86' title='bbox 426 605 454 635; x_wconf 83' lang='grc' dir='ltr'>ἐς</span> <span class='ocrx_word' id='word_1_87' title='bbox 477 603 491 629; x_wconf 82' lang='grc' dir='ltr'><strong><em>ὃ</em></strong></span> <span class='ocrx_word' id='word_1_88' title='bbox 507 612 533 629; x_wconf 84' lang='grc' dir='ltr'>τι</span> <span class='ocrx_word' id='word_1_89' title='bbox 548 603 734 638; x_wconf 75' lang='grc' dir='ltr'>προστάξειεν.</span> <span class='ocrx_word' id='word_1_90' title='bbox 761 603 854 636; x_wconf 83' lang='grc' dir='ltr'>Ὑμεῖς</span> <span class='ocrx_word' id='word_1_91' title='bbox 874 603 902 630; x_wconf 87' lang='grc' dir='ltr'>δέ</span> 
     </span>
    </p>
   </div>
   <div class='ocr_carea' id='block_1_15' title="bbox 111 649 902 685">
    <p class='ocr_par' dir='ltr' id='par_1_15' title="bbox 111 649 902 685">
     <span class='ocr_line' id='line_1_15' title="bbox 111 649 902 685; baseline -0.004 -7"><span class='ocrx_word' id='word_1_92' title='bbox 111 652 278 682; x_wconf 79' lang='grc' dir='ltr'>καλέσαντες</span> <span class='ocrx_word' id='word_1_93' title='bbox 289 651 327 682; x_wconf 88' lang='grc' dir='ltr'>ὼς</span> <span class='ocrx_word' id='word_1_94' title='bbox 345 651 392 677; x_wconf 78' lang='grc' dir='ltr'>ἐπὶ</span> <span class='ocrx_word' id='word_1_95' title='bbox 406 650 452 677; x_wconf 76' lang='grc' dir='ltr'>τὸν</span> <span class='ocrx_word' id='word_1_96' title='bbox 461 650 578 685; x_wconf 79' lang='grc' dir='ltr'>πόλεμον</span> <span class='ocrx_word' id='word_1_97' title='bbox 589 649 634 676; x_wconf 82' lang='grc' dir='ltr'>τὸν</span> <span class='ocrx_word' id='word_1_98' title='bbox 650 649 716 684; x_wconf 82' lang='grc' dir='ltr'>πρὸς</span> <span class='ocrx_word' id='word_1_99' title='bbox 731 649 902 685; x_wconf 77' lang='grc' dir='ltr'>Θευδέριχον,</span> 
     </span>
    </p>
   </div>
   <div class='ocr_carea' id='block_1_16' title="bbox 111 694 902 734">
    <p class='ocr_par' dir='ltr' id='par_1_16' title="bbox 111 694 902 734">
     <span class='ocr_line' id='line_1_16' title="bbox 111 694 902 734; baseline -0.005 -10"><span class='ocrx_word' id='word_1_100' title='bbox 111 698 221 734; x_wconf 77' lang='grc' dir='ltr'>πρῶτον</span> <span class='ocrx_word' id='word_1_101' title='bbox 234 696 283 732; x_wconf 87' lang='grc' dir='ltr'>μέν</span> <span class='ocrx_word' id='word_1_102' title='bbox 299 695 449 732; x_wconf 81' lang='grc' dir='ltr'>ὑπέσχεσθε</span> <span class='ocrx_word' id='word_1_103' title='bbox 465 695 511 722; x_wconf 77' lang='grc' dir='ltr'>τὸν</span> <span class='ocrx_word' id='word_1_104' title='bbox 541 695 592 730; x_wconf 81' lang='grc' dir='ltr'>τῆς</span> <span class='ocrx_word' id='word_1_105' title='bbox 617 694 728 730; x_wconf 73' lang='grc' dir='ltr'>Θρᾴκης</span> <span class='ocrx_word' id='word_1_106' title='bbox 748 694 902 729; x_wconf 76' lang='grc' dir='ltr'>στρατηγὸν</span> 
     </span>
    </p>
   </div>
   <div class='ocr_carea' id='block_1_17' title="bbox 115 740 906 779">
    <p class='ocr_par' dir='ltr' id='par_1_17' title="bbox 115 740 906 779">
     <span class='ocr_line' id='line_1_17' title="bbox 115 740 906 779; baseline -0.004 -8"><span class='ocrx_word' id='word_1_107' title='bbox 115 744 188 779; x_wconf 75' lang='grc' dir='ltr'>μετὰ</span> <span class='ocrx_word' id='word_1_108' title='bbox 209 743 258 777; x_wconf 79' lang='grc' dir='ltr'>τῆς</span> <span class='ocrx_word' id='word_1_109' title='bbox 271 743 412 778; x_wconf 82' lang='grc' dir='ltr'>δυνάμεως</span> <span class='ocrx_word' id='word_1_110' title='bbox 427 741 507 774; x_wconf 80' lang='grc' dir='ltr'>εὐθύς</span> <span class='ocrx_word' id='word_1_111' title='bbox 528 749 573 777; x_wconf 82' lang='grc' dir='ltr'>μοι</span> <span class='ocrx_word' id='word_1_112' title='bbox 587 741 765 777; x_wconf 73' lang='grc' dir='ltr'>παρέσεσθαι,</span> <span class='ocrx_word' id='word_1_113' title='bbox 779 741 807 772; x_wconf 84' lang='grc' dir='ltr'>ὃς</span> <span class='ocrx_word' id='word_1_114' title='bbox 827 740 906 768; x_wconf 71' lang='grc' dir='ltr'>οὐδα-</span> 
     </span>
    </p>
   </div>
   <div class='ocr_carea' id='block_1_18' title="bbox 115 786 905 824">
    <p class='ocr_par' dir='ltr' id='par_1_18' title="bbox 115 786 905 824">
     <span class='ocr_line' id='line_1_18' title="bbox 115 786 905 824; baseline -0.005 -8"><span class='ocrx_word' id='word_1_115' title='bbox 115 791 169 824; x_wconf 82' lang='grc' dir='ltr'>μοῦ</span> <span class='ocrx_word' id='word_1_116' title='bbox 192 789 290 824; x_wconf 78' lang='grc' dir='ltr'>ἐφάνη,</span> <span class='ocrx_word' id='word_1_117' title='bbox 305 788 402 815; x_wconf 75' lang='grc' dir='ltr'>ἔπειτα</span> <span class='ocrx_word' id='word_1_118' title='bbox 429 788 475 815; x_wconf 78' lang='grc' dir='ltr'>καὶ</span> <span class='ocrx_word' id='word_1_119' title='bbox 492 787 624 815; x_wconf 78' lang='grc' dir='ltr'>Κλαύδιον</span> <span class='ocrx_word' id='word_1_120' title='bbox 642 787 688 814; x_wconf 69' lang='grc' dir='ltr'>τὶν</span> <span class='ocrx_word' id='word_1_121' title='bbox 713 786 761 813; x_wconf 80' lang='grc' dir='ltr'>τοῦ</span> <span class='ocrx_word' id='word_1_122' title='bbox 776 786 905 813; x_wconf 83' lang='grc' dir='ltr'>Γοτθικοῦ</span> 
     </span>
    </p>
   </div>
   <div class='ocr_carea' id='block_1_19' title="bbox 113 829 904 869">
    <p class='ocr_par' dir='ltr' id='par_1_19' title="bbox 113 829 904 869">
     <span class='ocr_line' id='line_1_19' title="bbox 113 829 904 869; baseline -0.004 -8"><span class='ocrx_word' id='word_1_123' title='bbox 113 835 218 869; x_wconf 78' lang='grc' dir='ltr'>ταμίαν</span> <span class='ocrx_word' id='word_1_124' title='bbox 238 833 287 861; x_wconf 80' lang='grc' dir='ltr'>σὺν</span> <span class='ocrx_word' id='word_1_125' title='bbox 312 833 351 869; x_wconf 83' lang='grc' dir='ltr'>τῷ</span> <span class='ocrx_word' id='word_1_126' title='bbox 372 833 470 869; x_wconf 79' lang='grc' dir='ltr'>ξενικῷ</span> <span class='ocrx_word' id='word_1_127' title='bbox 499 834 587 868; x_wconf 73' lang='grc' dir='ltr'>ἥξειν,</span> <span class='ocrx_word' id='word_1_128' title='bbox 600 833 629 860; x_wconf 75' lang='grc' dir='ltr'>δν</span> <span class='ocrx_word' id='word_1_129' title='bbox 653 833 715 860; x_wconf 76' lang='grc' dir='ltr'>οὐδὲ</span> <span class='ocrx_word' id='word_1_130' title='bbox 728 832 809 860; x_wconf 78' lang='grc' dir='ltr'>αὐτὸν</span> <span class='ocrx_word' id='word_1_131' title='bbox 824 829 904 863; x_wconf 82' lang='grc' dir='ltr'>εἶδον,</span> 
     </span>
    </p>
   </div>
   <div class='ocr_carea' id='block_1_20' title="bbox 952 239 1737 271">
    <p class='ocr_par' dir='ltr' id='par_1_20' title="bbox 952 239 1737 271">
     <span class='ocr_line' id='line_1_20' title="bbox 952 239 1737 271; baseline -0.001 -4"><span class='ocrx_word' id='word_1_132' title='bbox 952 240 1062 267; x_wconf 80' lang='lat' dir='ltr'><strong>ﬂuvium</strong></span> <span class='ocrx_word' id='word_1_133' title='bbox 1077 240 1201 267; x_wconf 82' lang='lat' dir='ltr'><strong>accessit.</strong></span> <span class='ocrx_word' id='word_1_134' title='bbox 1220 239 1396 266; x_wconf 82' lang='lat' dir='ltr'><strong>Adamantius</strong></span> <span class='ocrx_word' id='word_1_135' title='bbox 1413 245 1513 271; x_wconf 85' lang='lat' dir='ltr'><strong>autent,</strong></span> <span class='ocrx_word' id='word_1_136' title='bbox 1531 247 1563 266; x_wconf 83' lang='lat' dir='ltr'><strong>ne</strong></span> <span class='ocrx_word' id='word_1_137' title='bbox 1587 239 1647 266; x_wconf 71' lang='lat' dir='ltr'><strong>ulla:</strong></span> <span class='ocrx_word' id='word_1_138' title='bbox 1670 240 1737 267; x_wconf 85' lang='lat' dir='ltr'><strong>insi-</strong></span> 
     </span>
    </p>
   </div>
   <div class='ocr_carea' id='block_1_21' title="bbox 949 285 1737 319">
    <p class='ocr_par' dir='ltr' id='par_1_21' title="bbox 949 285 1737 319">
     <span class='ocr_line' id='line_1_21' title="bbox 949 285 1737 319; baseline -0.001 -6"><span class='ocrx_word' id='word_1_139' title='bbox 949 287 1000 314; x_wconf 64' lang='lat' dir='ltr'><strong>diae</strong></span> <span class='ocrx_word' id='word_1_140' title='bbox 1015 290 1192 317; x_wconf 85' lang='lat' dir='ltr'><strong>tentarcnlur,</strong></span> <span class='ocrx_word' id='word_1_141' title='bbox 1209 285 1329 319; x_wconf 83' lang='lat' dir='ltr'>undique</span> <span class='ocrx_word' id='word_1_142' title='bbox 1343 285 1369 311; x_wconf 88' lang='lat' dir='ltr'><strong>itt</strong></span> <span class='ocrx_word' id='word_1_143' title='bbox 1385 285 1478 312; x_wconf 86' lang='lat' dir='ltr'><strong>orbem</strong></span> <span class='ocrx_word' id='word_1_144' title='bbox 1490 286 1560 313; x_wconf 89' lang='lat' dir='ltr'><strong>circa</strong></span> <span class='ocrx_word' id='word_1_145' title='bbox 1577 285 1673 312; x_wconf 85' lang='lat' dir='ltr'><strong>collem</strong></span> <span class='ocrx_word' id='word_1_146' title='bbox 1686 287 1737 312; x_wconf 90' lang='lat' dir='ltr'><strong>nti-</strong></span> 
     </span>
    </p>
   </div>
   <div class='ocr_carea' id='block_1_22' title="bbox 949 330 1738 364">
    <p class='ocr_par' dir='ltr' id='par_1_22' title="bbox 949 330 1738 364">
     <span class='ocr_line' id='line_1_22' title="bbox 949 330 1738 364; baseline -0.003 -4"><span class='ocrx_word' id='word_1_147' title='bbox 949 332 1010 360; x_wconf 88' lang='lat' dir='ltr'><strong>litcs</strong></span> <span class='ocrx_word' id='word_1_148' title='bbox 1027 331 1176 362; x_wconf 80' lang='lat' dir='ltr'><strong>collocavit,</strong></span> <span class='ocrx_word' id='word_1_149' title='bbox 1191 330 1393 358; x_wconf 81' lang='lat' dir='ltr'><strong>etdcsccndcns</strong></span> <span class='ocrx_word' id='word_1_150' title='bbox 1407 331 1433 358; x_wconf 94' lang='lat' dir='ltr'>in</span> <span class='ocrx_word' id='word_1_151' title='bbox 1451 339 1556 364; x_wconf 65' lang='lat' dir='ltr'><strong>saxum,</strong></span> <span class='ocrx_word' id='word_1_152' title='bbox 1569 332 1640 358; x_wconf 89' lang='lat' dir='ltr'><strong>unde</strong></span> <span class='ocrx_word' id='word_1_153' title='bbox 1652 339 1738 358; x_wconf 65' lang='lat' dir='ltr'><strong>eum</strong></span> 
     </span>
    </p>
   </div>
   <div class='ocr_carea' id='block_1_23' title="bbox 949 377 1739 413">
    <p class='ocr_par' dir='ltr' id='par_1_23' title="bbox 949 377 1739 413">
     <span class='ocr_line' id='line_1_23' title="bbox 949 377 1739 413; baseline 0 -8"><span class='ocrx_word' id='word_1_154' title='bbox 949 378 1001 405; x_wconf 90' lang='lat' dir='ltr'><strong>diri</strong></span> <span class='ocrx_word' id='word_1_155' title='bbox 1018 383 1119 413; x_wconf 76' lang='lat' dir='ltr'><strong>posset,</strong></span> <span class='ocrx_word' id='word_1_156' title='bbox 1138 377 1276 411; x_wconf 79' lang='lat' dir='ltr'><strong>etjubens</strong></span> <span class='ocrx_word' id='word_1_157' title='bbox 1290 377 1437 404; x_wconf 80' lang='lat' dir='ltr'><strong>Barbarum</strong></span> <span class='ocrx_word' id='word_1_158' title='bbox 1457 385 1552 404; x_wconf 86' lang='lat' dir='ltr'><strong>omnes</strong></span> <span class='ocrx_word' id='word_1_159' title='bbox 1561 377 1629 404; x_wconf 86' lang='lat' dir='ltr'><strong>alios</strong></span> <span class='ocrx_word' id='word_1_160' title='bbox 1646 377 1739 405; x_wconf 89' lang='lat' dir='ltr'><strong>dimit-</strong></span> 
     </span>
    </p>
   </div>
   <div class='ocr_carea' id='block_1_24' title="bbox 951 422 1734 457">
    <p class='ocr_par' dir='ltr' id='par_1_24' title="bbox 951 422 1734 457">
     <span class='ocr_line' id='line_1_24' title="bbox 951 422 1734 457; baseline -0.001 -7"><span class='ocrx_word' id='word_1_161' title='bbox 951 427 1018 457; x_wconf 82' lang='lat' dir='ltr'><strong>tere,</strong></span> <span class='ocrx_word' id='word_1_162' title='bbox 1038 424 1110 451; x_wconf 90' lang='lat' dir='ltr'><strong>solus</strong></span> <span class='ocrx_word' id='word_1_163' title='bbox 1123 431 1184 451; x_wconf 88' lang='lat' dir='ltr'><strong>eum</strong></span> <span class='ocrx_word' id='word_1_164' title='bbox 1202 424 1260 450; x_wconf 89' lang='lat' dir='ltr'><strong>solo</strong></span> <span class='ocrx_word' id='word_1_165' title='bbox 1270 429 1311 451; x_wconf 92' lang='lat' dir='ltr'>est</span> <span class='ocrx_word' id='word_1_166' title='bbox 1328 424 1488 450; x_wconf 63' lang='lat' dir='ltr'><strong>collocutus.</strong></span> <span class='ocrx_word' id='word_1_167' title='bbox 1501 422 1550 450; x_wconf 86' lang='lat' dir='ltr'><strong>llic</strong></span> <span class='ocrx_word' id='word_1_168' title='bbox 1569 431 1631 451; x_wconf 90' lang='lat' dir='ltr'><strong>cum</strong></span> <span class='ocrx_word' id='word_1_169' title='bbox 1642 422 1734 451; x_wconf 84' lang='lat' dir='ltr'><strong>Theu-</strong></span> 
     </span>
    </p>
   </div>
   <div class='ocr_carea' id='block_1_25' title="bbox 950 468 1737 502">
    <p class='ocr_par' dir='ltr' id='par_1_25' title="bbox 950 468 1737 502">
     <span class='ocr_line' id='line_1_25' title="bbox 950 468 1737 502; baseline 0 -6"><span class='ocrx_word' id='word_1_170' title='bbox 950 470 1075 497; x_wconf 85' lang='lat' dir='ltr'><strong>derichns</strong></span> <span class='ocrx_word' id='word_1_171' title='bbox 1100 470 1279 502; x_wconf 75' lang='lat' dir='ltr'><strong>constitisset,</strong></span> <span class='ocrx_word' id='word_1_172' title='bbox 1296 469 1433 497; x_wconf 79' lang='lat' dir='ltr'><strong>Romanos</strong></span> <span class='ocrx_word' id='word_1_173' title='bbox 1455 468 1528 502; x_wconf 85' lang='lat' dir='ltr'>jure,</span> <span class='ocrx_word' id='word_1_174' title='bbox 1541 474 1569 496; x_wconf 92' lang='lat' dir='ltr'><strong>ut</strong></span> <span class='ocrx_word' id='word_1_175' title='bbox 1583 469 1737 501; x_wconf 79' lang='lat' dir='ltr'><strong>videbatur,</strong></span> 
     </span>
    </p>
   </div>
   <div class='ocr_carea' id='block_1_26' title="bbox 952 513 1742 550">
    <p class='ocr_par' dir='ltr' id='par_1_26' title="bbox 952 513 1742 550">
     <span class='ocr_line' id='line_1_26' title="bbox 952 513 1742 550; baseline 0 -8"><span class='ocrx_word' id='word_1_176' title='bbox 952 519 1070 542; x_wconf 85' lang='lat' dir='ltr'><strong>accusat.</strong></span> <span class='ocrx_word' id='word_1_177' title='bbox 1091 524 1100 541; x_wconf 79' lang='grc' dir='ltr'>ι</span> <span class='ocrx_word' id='word_1_178' title='bbox 1123 515 1181 550; x_wconf 77' lang='lat' dir='ltr'>Ego</span> <span class='ocrx_word' id='word_1_179' title='bbox 1204 515 1324 549; x_wconf 81' lang='lat' dir='ltr'><strong>quidem,</strong></span> <span class='ocrx_word' id='word_1_180' title='bbox 1349 524 1358 540; x_wconf 71' lang='grc' dir='ltr'>ι</span> <span class='ocrx_word' id='word_1_181' title='bbox 1382 515 1479 548; x_wconf 79' lang='lat' dir='ltr'><strong>inquit,</strong></span> <span class='ocrx_word' id='word_1_182' title='bbox 1499 522 1509 539; x_wconf 79' lang='lat' dir='ltr'>v</span> <span class='ocrx_word' id='word_1_183' title='bbox 1525 518 1602 541; x_wconf 74' lang='lat' dir='ltr'><strong>extra</strong></span> <span class='ocrx_word' id='word_1_184' title='bbox 1616 513 1742 542; x_wconf 62' lang='lat' dir='ltr'><strong>Thracia!</strong></span> 
     </span>
    </p>
   </div>
   <div class='ocr_carea' id='block_1_27' title="bbox 952 558 1740 594">
    <p class='ocr_par' dir='ltr' id='par_1_27' title="bbox 952 558 1740 594">
     <span class='ocr_line' id='line_1_27' title="bbox 952 558 1740 594; baseline -0.005 -7"><span class='ocrx_word' id='word_1_185' title='bbox 952 560 1020 587; x_wconf 87' lang='lat' dir='ltr'><strong>ﬁnes</strong></span> <span class='ocrx_word' id='word_1_186' title='bbox 1035 559 1171 594; x_wconf 63' lang='lat' dir='ltr'><strong>Svythiatn</strong></span> <span class='ocrx_word' id='word_1_187' title='bbox 1190 566 1284 586; x_wconf 85' lang='lat' dir='ltr'><strong>versus</strong></span> <span class='ocrx_word' id='word_1_188' title='bbox 1305 559 1395 585; x_wconf 75' lang='lat' dir='ltr'><strong>vitam“</strong></span> <span class='ocrx_word' id='word_1_189' title='bbox 1411 564 1562 591; x_wconf 70' lang='lat' dir='ltr'><strong>transigere</strong></span> <span class='ocrx_word' id='word_1_190' title='bbox 1589 558 1740 586; x_wconf 86' lang='lat' dir='ltr'><strong>constitue-</strong></span> 
     </span>
    </p>
   </div>
   <div class='ocr_carea' id='block_1_28' title="bbox 952 604 1742 638">
    <p class='ocr_par' dir='ltr' id='par_1_28' title="bbox 952 604 1742 638">
     <span class='ocr_line' id='line_1_28' title="bbox 952 604 1742 638; baseline -0.003 -6"><span class='ocrx_word' id='word_1_191' title='bbox 952 613 1022 632; x_wconf 86' lang='lat' dir='ltr'><strong>rant.</strong></span> <span class='ocrx_word' id='word_1_192' title='bbox 1050 604 1099 632; x_wconf 80' lang='lat' dir='ltr'>Hic</span> <span class='ocrx_word' id='word_1_193' title='bbox 1125 605 1191 632; x_wconf 86' lang='lat' dir='ltr'><strong>mihi</strong></span> <span class='ocrx_word' id='word_1_194' title='bbox 1220 604 1337 632; x_wconf 83' lang='lat' dir='ltr'><strong>manenti</strong></span> <span class='ocrx_word' id='word_1_195' title='bbox 1353 609 1379 631; x_wconf 91' lang='lat' dir='ltr'><strong>et</strong></span> <span class='ocrx_word' id='word_1_196' title='bbox 1399 604 1555 638; x_wconf 79' lang='lat' dir='ltr'>imperatori</span> <span class='ocrx_word' id='word_1_197' title='bbox 1571 604 1597 631; x_wconf 93' lang='lat' dir='ltr'><strong>in</strong></span> <span class='ocrx_word' id='word_1_198' title='bbox 1616 604 1742 631; x_wconf 76' lang='lat' dir='ltr'><strong>omnibus</strong></span> 
     </span>
    </p>
   </div>
   <div class='ocr_carea' id='block_1_29' title="bbox 953 650 1739 687">
    <p class='ocr_par' dir='ltr' id='par_1_29' title="bbox 953 650 1739 687">
     <span class='ocr_line' id='line_1_29' title="bbox 953 650 1739 687; baseline -0.003 -8"><span class='ocrx_word' id='word_1_199' title='bbox 953 652 1142 687; x_wconf 83' lang='lat' dir='ltr'><strong>obtemperare</strong></span> <span class='ocrx_word' id='word_1_200' title='bbox 1158 656 1254 686; x_wconf 85' lang='lat' dir='ltr'><strong>parato</strong></span> <span class='ocrx_word' id='word_1_201' title='bbox 1281 651 1416 678; x_wconf 87' lang='lat' dir='ltr'><strong>neminem</strong></span> <span class='ocrx_word' id='word_1_202' title='bbox 1447 658 1547 678; x_wconf 79' lang='lat' dir='ltr'>vexare</span> <span class='ocrx_word' id='word_1_203' title='bbox 1571 650 1599 677; x_wconf 91' lang='lat' dir='ltr'><strong>in</strong></span> <span class='ocrx_word' id='word_1_204' title='bbox 1622 655 1739 677; x_wconf 85' lang='lat' dir='ltr'><strong>mentem</strong></span> 
     </span>
    </p>
   </div>
   <div class='ocr_carea' id='block_1_30' title="bbox 954 696 1741 729">
    <p class='ocr_par' dir='ltr' id='par_1_30' title="bbox 954 696 1741 729">
     <span class='ocr_line' id='line_1_30' title="bbox 954 696 1741 729; baseline -0.004 -4"><span class='ocrx_word' id='word_1_205' title='bbox 954 697 1089 725; x_wconf 87' lang='lat' dir='ltr'><strong>veuichat.</strong></span> <span class='ocrx_word' id='word_1_206' title='bbox 1119 697 1173 725; x_wconf 80' lang='lat' dir='ltr'>Vos</span> <span class='ocrx_word' id='word_1_207' title='bbox 1189 704 1233 725; x_wconf 87' lang='lat' dir='ltr'>me</span> <span class='ocrx_word' id='word_1_208' title='bbox 1246 698 1281 724; x_wconf 91' lang='lat' dir='ltr'>ad</span> <span class='ocrx_word' id='word_1_209' title='bbox 1295 697 1393 724; x_wconf 90' lang='lat' dir='ltr'><strong>bellum</strong></span> <span class='ocrx_word' id='word_1_210' title='bbox 1419 701 1512 724; x_wconf 84' lang='lat' dir='ltr'><strong>contra</strong></span> <span class='ocrx_word' id='word_1_211' title='bbox 1528 696 1741 729; x_wconf 78' lang='lat' dir='ltr'><strong>&#39;l&#39;hcudcricum,</strong></span> 
     </span>
    </p>
   </div>
   <div class='ocr_carea' id='block_1_31' title="bbox 954 742 1742 779">
    <p class='ocr_par' dir='ltr' id='par_1_31' title="bbox 954 742 1742 779">
     <span class='ocr_line' id='line_1_31' title="bbox 954 742 1742 779; baseline 0 -8"><span class='ocrx_word' id='word_1_212' title='bbox 954 743 1052 771; x_wconf 79' lang='lat' dir='ltr'><strong>Triarii</strong></span> <span class='ocrx_word' id='word_1_213' title='bbox 1065 743 1160 775; x_wconf 87' lang='lat' dir='ltr'><strong>lilium,</strong></span> <span class='ocrx_word' id='word_1_214' title='bbox 1173 742 1321 776; x_wconf 86' lang='lat' dir='ltr'><strong>evocastis,</strong></span> <span class='ocrx_word' id='word_1_215' title='bbox 1333 747 1360 771; x_wconf 91' lang='lat' dir='ltr'><strong>et</strong></span> <span class='ocrx_word' id='word_1_216' title='bbox 1371 743 1489 779; x_wconf 85' lang='lat' dir='ltr'><strong>primum</strong></span> <span class='ocrx_word' id='word_1_217' title='bbox 1500 743 1608 778; x_wconf 84' lang='lat' dir='ltr'><strong>quidem</strong></span> <span class='ocrx_word' id='word_1_218' title='bbox 1619 743 1742 771; x_wconf 73' lang='lat' dir='ltr'><strong>Thracia:</strong></span> 
     </span>
    </p>
   </div>
   <div class='ocr_carea' id='block_1_32' title="bbox 955 789 1744 824">
    <p class='ocr_par' dir='ltr' id='par_1_32' title="bbox 955 789 1744 824">
     <span class='ocr_line' id='line_1_32' title="bbox 955 789 1744 824; baseline -0.003 -7"><span class='ocrx_word' id='word_1_219' title='bbox 955 791 1049 817; x_wconf 88' lang='lat' dir='ltr'><strong>ducem</strong></span> <span class='ocrx_word' id='word_1_220' title='bbox 1063 797 1124 817; x_wconf 93' lang='lat' dir='ltr'><strong>cum</strong></span> <span class='ocrx_word' id='word_1_221' title='bbox 1136 789 1257 817; x_wconf 75' lang='lat' dir='ltr'><strong>exercitu</strong></span> <span class='ocrx_word' id='word_1_222' title='bbox 1271 789 1337 816; x_wconf 82' lang='lat' dir='ltr'><strong>mihi</strong></span> <span class='ocrx_word' id='word_1_223' title='bbox 1355 793 1455 824; x_wconf 61' lang='lat' dir='ltr'><strong>priesto</strong></span> <span class='ocrx_word' id='word_1_224' title='bbox 1470 789 1587 816; x_wconf 80' lang='lat' dir='ltr'><strong>futurum</strong></span> <span class='ocrx_word' id='word_1_225' title='bbox 1615 789 1744 824; x_wconf 85' lang='lat' dir='ltr'><strong>promisi-</strong></span> 
     </span>
    </p>
   </div>
   <div class='ocr_carea' id='block_1_33' title="bbox 955 834 1746 871">
    <p class='ocr_par' dir='ltr' id='par_1_33' title="bbox 955 834 1746 871">
     <span class='ocr_line' id='line_1_33' title="bbox 955 834 1746 871; baseline -0.004 -7"><span class='ocrx_word' id='word_1_226' title='bbox 955 836 1005 864; x_wconf 83' lang='lat' dir='ltr'><strong>stis</strong></span> <span class='ocrx_word' id='word_1_227' title='bbox 1021 835 1063 864; x_wconf 88' lang='lat' dir='ltr'>:is</span> <span class='ocrx_word' id='word_1_228' title='bbox 1082 835 1174 863; x_wconf 87' lang='lat' dir='ltr'><strong>nullibi</strong></span> <span class='ocrx_word' id='word_1_229' title='bbox 1185 835 1303 871; x_wconf 72' lang='lat' dir='ltr'><strong>gentium</strong></span> <span class='ocrx_word' id='word_1_230' title='bbox 1315 835 1440 870; x_wconf 76' lang='lat' dir='ltr'><strong>apparuit</strong></span> <span class='ocrx_word' id='word_1_231' title='bbox 1454 843 1461 862; x_wconf 72' lang='grc' dir='ltr'><em>τ</em></span> <span class='ocrx_word' id='word_1_232' title='bbox 1477 835 1573 862; x_wconf 87' lang='lat' dir='ltr'><strong>deinde</strong></span> <span class='ocrx_word' id='word_1_233' title='bbox 1588 834 1746 868; x_wconf 86' lang='lat' dir='ltr'><strong>Claudium,</strong></span> 
     </span>
    </p>
   </div>
   <div class='ocr_carea' id='block_1_34' title="bbox 113 869 907 918">
    <p class='ocr_par' dir='ltr' id='par_1_34' title="bbox 113 877 900 914">
     <span class='ocr_line' id='line_1_34' title="bbox 113 877 900 914; baseline 0 -10"><span class='ocrx_word' id='word_1_234' title='bbox 113 878 208 913; x_wconf 78' lang='grc' dir='ltr'>τρίτον</span> <span class='ocrx_word' id='word_1_235' title='bbox 228 877 276 905; x_wconf 70' lang='grc' dir='ltr'>καὶ</span> <span class='ocrx_word' id='word_1_236' title='bbox 291 877 427 913; x_wconf 77' lang='grc' dir='ltr'>ἡγεμόνας</span> <span class='ocrx_word' id='word_1_237' title='bbox 444 877 511 904; x_wconf 85' lang='grc' dir='ltr'>ὀδῶν</span> <span class='ocrx_word' id='word_1_238' title='bbox 531 886 577 914; x_wconf 90' lang='grc' dir='ltr'>μοι</span> <span class='ocrx_word' id='word_1_239' title='bbox 589 877 734 910; x_wconf 82' lang='grc' dir='ltr'>δεδώκατε,</span> <span class='ocrx_word' id='word_1_240' title='bbox 749 877 773 904; x_wconf 84' lang='grc' dir='ltr'>οἳ</span> <span class='ocrx_word' id='word_1_241' title='bbox 791 877 841 909; x_wconf 85' lang='grc' dir='ltr'>τὰς</span> <span class='ocrx_word' id='word_1_242' title='bbox 854 877 900 904; x_wconf 78' lang='grc' dir='ltr'>εὖ·</span> 
     </span>
    </p>
   </div>
   <div class='ocr_carea' id='block_1_35' title="bbox 959 869 1743 918">
    <p class='ocr_par' dir='ltr' id='par_1_35' title="bbox 959 869 1743 918">
     <span class='ocr_line' id='line_1_35' title="bbox 959 869 1743 918; baseline -0.003 -8"><span class='ocrx_word' id='word_1_243' title='bbox 959 886 1156 918; x_wconf 84' lang='lat' dir='ltr'><strong>procuratorem</strong></span> <span class='ocrx_word' id='word_1_244' title='bbox 1182 869 1310 916; x_wconf 84' lang='lat' dir='ltr'><strong>stipendii</strong></span> <span class='ocrx_word' id='word_1_245' title='bbox 1333 869 1456 914; x_wconf 65' lang='lat' dir='ltr'><strong>Cothici,</strong></span> <span class='ocrx_word' id='word_1_246' title='bbox 1473 888 1534 907; x_wconf 89' lang='lat' dir='ltr'>cum</span> <span class='ocrx_word' id='word_1_247' title='bbox 1550 885 1643 908; x_wconf 81' lang='lat' dir='ltr'><strong>extero</strong></span> <span class='ocrx_word' id='word_1_248' title='bbox 1658 880 1743 908; x_wconf 83' lang='lat' dir='ltr'><strong>milite</strong></span> 
     </span>
    </p>
   </div>
   <div class='ocr_carea' id='block_1_36' title="bbox 115 922 905 959">
    <p class='ocr_par' dir='ltr' id='par_1_36' title="bbox 115 922 905 959">
     <span class='ocr_line' id='line_1_36' title="bbox 115 922 905 959; baseline -0.001 -9"><span class='ocrx_word' id='word_1_249' title='bbox 115 924 278 959; x_wconf 80' lang='grc' dir='ltr'>πορωτέρας</span> <span class='ocrx_word' id='word_1_250' title='bbox 296 923 351 950; x_wconf 80' lang='grc' dir='ltr'>τῶν</span> <span class='ocrx_word' id='word_1_251' title='bbox 365 922 432 950; x_wconf 70' lang='grc' dir='ltr'>ὁδῶν</span> <span class='ocrx_word' id='word_1_252' title='bbox 443 923 573 955; x_wconf 82' lang='grc' dir='ltr'>ἐάσαντες</span> <span class='ocrx_word' id='word_1_253' title='bbox 587 924 637 955; x_wconf 73' lang='grc' dir='ltr'>τὰς</span> <span class='ocrx_word' id='word_1_254' title='bbox 653 923 692 950; x_wconf 83' lang='lat' dir='ltr'>el:</span> <span class='ocrx_word' id='word_1_255' title='bbox 706 923 769 955; x_wconf 81' lang='grc' dir='ltr'>τοὺς</span> <span class='ocrx_word' id='word_1_256' title='bbox 793 922 905 958; x_wconf 71' lang='grc' dir='ltr'>πολεμί-</span> 
     </span>
    </p>
   </div>
   <div class='ocr_carea' id='block_1_37' title="bbox 115 967 905 1004">
    <p class='ocr_par' dir='ltr' id='par_1_37' title="bbox 115 967 905 1004">
     <span class='ocr_line' id='line_1_37' title="bbox 115 967 905 1004; baseline -0.001 -8"><span class='ocrx_word' id='word_1_257' title='bbox 115 976 163 1000; x_wconf 73' lang='grc' dir='ltr'>ους</span> <span class='ocrx_word' id='word_1_258' title='bbox 190 968 327 1003; x_wconf 78' lang='grc' dir='ltr'>φερούσας</span> <span class='ocrx_word' id='word_1_259' title='bbox 350 968 494 1004; x_wconf 82' lang='grc' dir='ltr'>ἀπήγαγον</span> <span class='ocrx_word' id='word_1_260' title='bbox 519 967 552 995; x_wconf 81' lang='grc' dir='ltr'>δι’</span> <span class='ocrx_word' id='word_1_261' title='bbox 578 968 673 1004; x_wconf 81' lang='grc' dir='ltr'>ὀρθίας</span> <span class='ocrx_word' id='word_1_262' title='bbox 699 967 823 1004; x_wconf 75' lang='grc' dir='ltr'>ἀτραποῦ</span> <span class='ocrx_word' id='word_1_263' title='bbox 856 968 905 995; x_wconf 79' lang='grc' dir='ltr'>καὶ</span> 
     </span>
    </p>
   </div>
   <div class='ocr_carea' id='block_1_38' title="bbox 116 1012 904 1050">
    <p class='ocr_par' dir='ltr' id='par_1_38' title="bbox 116 1012 904 1050">
     <span class='ocr_line' id='line_1_38' title="bbox 116 1012 904 1050; baseline 0.001 -10"><span class='ocrx_word' id='word_1_264' title='bbox 116 1015 250 1048; x_wconf 69' lang='grc' dir='ltr'>κρημνῶν</span> <span class='ocrx_word' id='word_1_265' title='bbox 277 1014 471 1049; x_wconf 73' lang='grc' dir='ltr'>ἀμφιρρόπων,</span> <span class='ocrx_word' id='word_1_266' title='bbox 489 1014 517 1040; x_wconf 90' lang='grc' dir='ltr'>ἐν</span> <span class='ocrx_word' id='word_1_267' title='bbox 532 1012 572 1045; x_wconf 79' lang='grc' dir='ltr'>οἷς</span> <span class='ocrx_word' id='word_1_268' title='bbox 599 1014 677 1050; x_wconf 81' lang='grc' dir='ltr'>παρὰ</span> <span class='ocrx_word' id='word_1_269' title='bbox 691 1015 790 1050; x_wconf 77' lang='grc' dir='ltr'>μικρὸν</span> <span class='ocrx_word' id='word_1_270' title='bbox 811 1012 904 1050; x_wconf 82' lang='grc' dir='ltr'>ἦλθον,</span> 
     </span>
    </p>
   </div>
   <div class='ocr_carea' id='block_1_39' title="bbox 118 1059 907 1096">
    <p class='ocr_par' dir='ltr' id='par_1_39' title="bbox 118 1059 907 1096">
     <span class='ocr_line' id='line_1_39' title="bbox 118 1059 907 1096; baseline 0.003 -11"><span class='ocrx_word' id='word_1_271' title='bbox 118 1060 168 1086; x_wconf 75' lang='grc' dir='ltr'>σὺν</span> <span class='ocrx_word' id='word_1_272' title='bbox 186 1059 299 1086; x_wconf 77' lang='grc' dir='ltr'>ἱππεῦσί</span> <span class='ocrx_word' id='word_1_273' title='bbox 318 1068 348 1086; x_wconf 81' lang='grc' dir='ltr'>τι</span> <span class='ocrx_word' id='word_1_274' title='bbox 379 1059 425 1086; x_wconf 83' lang='grc' dir='ltr'>ίὼν</span> <span class='ocrx_word' id='word_1_275' title='bbox 447 1060 482 1092; x_wconf 84' lang='grc'>⁸²,</span> <span class='ocrx_word' id='word_1_276' title='bbox 495 1060 533 1091; x_wconf 85' lang='grc' dir='ltr'>ὡς</span> <span class='ocrx_word' id='word_1_277' title='bbox 560 1060 644 1094; x_wconf 68' lang='grc' dir='ltr'>εἰκὸς,</span> <span class='ocrx_word' id='word_1_278' title='bbox 657 1061 703 1087; x_wconf 80' lang='grc' dir='ltr'>καὶ</span> <span class='ocrx_word' id='word_1_279' title='bbox 723 1060 841 1096; x_wconf 79' lang='grc' dir='ltr'>ἁμάξαις</span> <span class='ocrx_word' id='word_1_280' title='bbox 860 1060 907 1088; x_wconf 70' lang='grc' dir='ltr'>καὶ</span> 
     </span>
    </p>
   </div>
   <div class='ocr_carea' id='block_1_40' title="bbox 118 1105 908 1142">
    <p class='ocr_par' dir='ltr' id='par_1_40' title="bbox 118 1105 908 1142">
     <span class='ocr_line' id='line_1_40' title="bbox 118 1105 908 1142; baseline 0.001 -10"><span class='ocrx_word' id='word_1_281' title='bbox 118 1105 305 1142; x_wconf 71' lang='grc' dir='ltr'>στρατοπέδων</span> <span class='ocrx_word' id='word_1_282' title='bbox 321 1107 491 1140; x_wconf 77' lang='grc' dir='ltr'>κατασκευῇ,</span> <span class='ocrx_word' id='word_1_283' title='bbox 507 1106 678 1141; x_wconf 75' lang='grc' dir='ltr'>ἐπιθεμένων</span> <span class='ocrx_word' id='word_1_284' title='bbox 691 1107 756 1141; x_wconf 76' lang='grc' dir='ltr'>ἡμῖν</span> <span class='ocrx_word' id='word_1_285' title='bbox 764 1106 840 1141; x_wconf 72' lang='grc' dir='ltr'>ἄφνω</span> <span class='ocrx_word' id='word_1_286' title='bbox 852 1106 908 1133; x_wconf 80' lang='grc' dir='ltr'>τῶν</span> 
     </span>
    </p>
   </div>
   <div class='ocr_carea' id='block_1_41' title="bbox 118 1151 908 1187">
    <p class='ocr_par' dir='ltr' id='par_1_41' title="bbox 118 1151 908 1187">
     <span class='ocr_line' id='line_1_41' title="bbox 118 1151 908 1187; baseline 0.001 -9"><span class='ocrx_word' id='word_1_287' title='bbox 118 1151 259 1187; x_wconf 84' lang='grc' dir='ltr'>πολεμίων</span> <span class='ocrx_word' id='word_1_288' title='bbox 285 1152 343 1187; x_wconf 79' lang='grc' dir='ltr'>ἅμα</span> <span class='ocrx_word' id='word_1_289' title='bbox 371 1151 410 1187; x_wconf 85' lang='grc' dir='ltr'>τῷ</span> <span class='ocrx_word' id='word_1_290' title='bbox 439 1151 500 1187; x_wconf 82' lang='grc' dir='ltr'>ἐμῷ</span> <span class='ocrx_word' id='word_1_291' title='bbox 524 1151 622 1187; x_wconf 82' lang='grc' dir='ltr'>πλήθει</span> <span class='ocrx_word' id='word_1_292' title='bbox 654 1153 736 1179; x_wconf 77' lang='grc' dir='ltr'>παντὶ</span> <span class='ocrx_word' id='word_1_293' title='bbox 760 1152 908 1179; x_wconf 78' lang='grc' dir='ltr'>ἀπολέσθαι</span> 
     </span>
    </p>
   </div>
   <div class='ocr_carea' id='block_1_42' title="bbox 119 1197 908 1233">
    <p class='ocr_par' dir='ltr' id='par_1_42' title="bbox 119 1197 908 1233">
     <span class='ocr_line' id='line_1_42' title="bbox 119 1197 908 1233; baseline 0 -9"><span class='ocrx_word' id='word_1_294' title='bbox 119 1197 258 1230; x_wconf 78' lang='grc' dir='ltr'>καθάπαξ.</span> <span class='ocrx_word' id='word_1_295' title='bbox 283 1197 415 1224; x_wconf 81' lang='grc' dir='ltr'>Ἐνταῦθα</span> <span class='ocrx_word' id='word_1_296' title='bbox 437 1197 591 1232; x_wconf 78' lang='grc' dir='ltr'>ἀναγκαίαν</span> <span class='ocrx_word' id='word_1_297' title='bbox 612 1198 742 1233; x_wconf 78' lang='grc' dir='ltr'>ἐϐιάσθην</span> <span class='ocrx_word' id='word_1_298' title='bbox 771 1197 908 1233; x_wconf 81' lang='grc' dir='ltr'>σύμϐασιν</span> 
     </span>
    </p>
   </div>
   <div class='ocr_carea' id='block_1_43' title="bbox 119 1241 907 1279">
    <p class='ocr_par' dir='ltr' id='par_1_43' title="bbox 119 1241 907 1279">
     <span class='ocr_line' id='line_1_43' title="bbox 119 1241 907 1279; baseline 0.001 -9"><span class='ocrx_word' id='word_1_299' title='bbox 119 1243 188 1278; x_wconf 78' lang='grc' dir='ltr'>πρὸς</span> <span class='ocrx_word' id='word_1_300' title='bbox 200 1243 297 1275; x_wconf 77' lang='grc' dir='ltr'>αὐτοὺς</span> <span class='ocrx_word' id='word_1_301' title='bbox 308 1243 487 1279; x_wconf 83' lang='grc' dir='ltr'>ποιήσασθαι·</span> <span class='ocrx_word' id='word_1_302' title='bbox 501 1241 542 1275; x_wconf 70' lang='grc' dir='ltr'>οἷς</span> <span class='ocrx_word' id='word_1_303' title='bbox 551 1243 604 1279; x_wconf 83' lang='grc' dir='ltr'>χρὴ</span> <span class='ocrx_word' id='word_1_304' title='bbox 619 1243 719 1279; x_wconf 82' lang='grc' dir='ltr'>πολλὴν</span> <span class='ocrx_word' id='word_1_305' title='bbox 729 1244 810 1279; x_wconf 85' lang='grc' dir='ltr'>χάριν</span> <span class='ocrx_word' id='word_1_306' title='bbox 825 1244 907 1279; x_wconf 76' lang='grc' dir='ltr'>ἔχειν,</span> 
     </span>
    </p>
   </div>
   <div class='ocr_carea' id='block_1_44' title="bbox 119 1288 909 1325">
    <p class='ocr_par' dir='ltr' id='par_1_44' title="bbox 119 1288 909 1325">
     <span class='ocr_line' id='line_1_44' title="bbox 119 1288 909 1325; baseline 0.001 -10"><span class='ocrx_word' id='word_1_307' title='bbox 119 1289 160 1315; x_wconf 73' lang='grc' dir='ltr'>ὅτι</span> <span class='ocrx_word' id='word_1_308' title='bbox 174 1288 219 1322; x_wconf 79' lang='grc' dir='ltr'>ὑφ’</span> <span class='ocrx_word' id='word_1_309' title='bbox 239 1288 315 1323; x_wconf 84' lang='grc' dir='ltr'>ὑμῶν</span> <span class='ocrx_word' id='word_1_310' title='bbox 333 1288 500 1325; x_wconf 76' lang='grc' dir='ltr'>προδοθέντα</span> <span class='ocrx_word' id='word_1_311' title='bbox 526 1289 669 1324; x_wconf 77' lang='grc' dir='ltr'>δυνὰμενοι</span> <span class='ocrx_word' id='word_1_312' title='bbox 683 1290 730 1316; x_wconf 73' lang='grc' dir='ltr'>καὶ</span> <span class='ocrx_word' id='word_1_313' title='bbox 752 1289 909 1325; x_wconf 80' lang='grc' dir='ltr'>διαφθεῖραι</span> 
     </span>
    </p>
   </div>
   <div class='ocr_carea' id='block_1_45' title="bbox 118 1332 907 1369">
    <p class='ocr_par' dir='ltr' id='par_1_45' title="bbox 118 1332 907 1369">
     <span class='ocr_line' id='line_1_45' title="bbox 118 1332 907 1369; baseline 0.001 -10"><span class='ocrx_word' id='word_1_314' title='bbox 118 1332 250 1360; x_wconf 83' lang='grc' dir='ltr'>διέσωσάν</span> <span class='ocrx_word' id='word_1_315' title='bbox 263 1341 294 1367; x_wconf 83' lang='grc' dir='ltr'>γε</span> <span class='ocrx_word' id='word_1_316' title='bbox 305 1333 390 1368; x_wconf 74' lang='grc' dir='ltr'>ὅμως.</span> <span class='ocrx_word' id='word_1_317' title='bbox 409 1343 419 1360; x_wconf 72' lang='grc' dir='ltr'>ι</span> <span class='ocrx_word' id='word_1_318' title='bbox 443 1333 621 1368; x_wconf 78' lang='grc' dir='ltr'>’Δδαμάντιος</span> <span class='ocrx_word' id='word_1_319' title='bbox 632 1333 660 1360; x_wconf 81' lang='grc' dir='ltr'>δέ</span> <span class='ocrx_word' id='word_1_320' title='bbox 673 1334 726 1360; x_wconf 82' lang='grc' dir='ltr'>τῶν</span> <span class='ocrx_word' id='word_1_321' title='bbox 742 1342 772 1360; x_wconf 78' lang='grc' dir='ltr'>τε</span> <span class='ocrx_word' id='word_1_322' title='bbox 792 1334 839 1361; x_wconf 75' lang='grc' dir='ltr'>τοῦ</span> <span class='ocrx_word' id='word_1_323' title='bbox 856 1334 907 1369; x_wconf 83' lang='grc' dir='ltr'>βα-</span> 
     </span>
    </p>
   </div>
   <div class='ocr_carea' id='block_1_46' title="bbox 121 1378 910 1416">
    <p class='ocr_par' dir='ltr' id='par_1_46' title="bbox 121 1378 910 1416">
     <span class='ocr_line' id='line_1_46' title="bbox 121 1378 910 1416; baseline 0.001 -11"><span class='ocrx_word' id='word_1_324' title='bbox 121 1378 215 1411; x_wconf 69' lang='grc' dir='ltr'>σιλέως</span> <span class='ocrx_word' id='word_1_325' title='bbox 229 1378 317 1414; x_wconf 87' lang='grc' dir='ltr'>τιμῶν</span> <span class='ocrx_word' id='word_1_326' title='bbox 329 1379 410 1406; x_wconf 79' lang='grc' dir='ltr'>αὐτὸν</span> <span class='ocrx_word' id='word_1_327' title='bbox 427 1379 614 1415; x_wconf 76' lang='grc' dir='ltr'>ἀνεμίμνησκε</span> <span class='ocrx_word' id='word_1_328' title='bbox 626 1399 634 1412; x_wconf 86' lang='lat'>,</span> <span class='ocrx_word' id='word_1_329' title='bbox 654 1380 701 1407; x_wconf 70' lang='grc' dir='ltr'>καὶ</span> <span class='ocrx_word' id='word_1_330' title='bbox 715 1381 755 1407; x_wconf 80' lang='grc' dir='ltr'>ὃτι</span> <span class='ocrx_word' id='word_1_331' title='bbox 768 1380 910 1416; x_wconf 82' lang='grc' dir='ltr'>πατρίκιον</span> 
     </span>
    </p>
   </div>
   <div class='ocr_carea' id='block_1_47' title="bbox 121 1418 910 1462">
    <p class='ocr_par' dir='ltr' id='par_1_47' title="bbox 121 1418 910 1462">
     <span class='ocr_line' id='line_1_47' title="bbox 121 1418 910 1462; baseline 0.001 -10"><span class='ocrx_word' id='word_1_332' title='bbox 121 1425 167 1452; x_wconf 75' lang='grc' dir='ltr'>καὶ</span> <span class='ocrx_word' id='word_1_333' title='bbox 200 1426 353 1461; x_wconf 85' lang='grc' dir='ltr'>στρατηγὸν</span> <span class='ocrx_word' id='word_1_334' title='bbox 378 1426 505 1462; x_wconf 78' lang='grc' dir='ltr'>ποιήσας,</span> <span class='ocrx_word' id='word_1_335' title='bbox 522 1426 540 1453; x_wconf 75' lang='grc' dir='ltr'>ἃ.</span> <span class='ocrx_word' id='word_1_336' title='bbox 554 1428 609 1458; x_wconf 85' lang='grc' dir='ltr'>τοῖς</span> <span class='ocrx_word' id='word_1_337' title='bbox 640 1427 754 1454; x_wconf 81' lang='grc' dir='ltr'>πλεῖστα</span> <span class='ocrx_word' id='word_1_338' title='bbox 789 1418 910 1462; x_wconf 70' lang='grc' dir='ltr'>καμοῦσέ</span> 
     </span>
    </p>
   </div>
   <div class='ocr_carea' id='block_1_48' title="bbox 120 1470 910 1508">
    <p class='ocr_par' dir='ltr' id='par_1_48' title="bbox 120 1470 910 1508">
     <span class='ocr_line' id='line_1_48' title="bbox 120 1470 910 1508; baseline 0.003 -11"><span class='ocrx_word' id='word_1_339' title='bbox 120 1470 197 1508; x_wconf 72' lang='grc' dir='ltr'>παρὰ</span> <span class='ocrx_word' id='word_1_340' title='bbox 221 1471 368 1506; x_wconf 80' lang='grc' dir='ltr'>Ῥωμαίοις</span> <span class='ocrx_word' id='word_1_341' title='bbox 382 1471 451 1506; x_wconf 83' lang='grc' dir='ltr'>γέρα</span> <span class='ocrx_word' id='word_1_342' title='bbox 471 1472 540 1503; x_wconf 79' lang='grc' dir='ltr'>ἐστὶ,</span> <span class='ocrx_word' id='word_1_343' title='bbox 556 1472 604 1498; x_wconf 80' lang='grc' dir='ltr'>καὶ</span> <span class='ocrx_word' id='word_1_344' title='bbox 622 1472 676 1498; x_wconf 82' lang='grc' dir='ltr'>τῶν</span> <span class='ocrx_word' id='word_1_345' title='bbox 693 1472 781 1500; x_wconf 72' lang='grc' dir='ltr'>ἄλλων</span> <span class='ocrx_word' id='word_1_346' title='bbox 801 1472 910 1508; x_wconf 78' lang='grc' dir='ltr'>δωρεῶν</span> 
     </span>
    </p>
   </div>
   <div class='ocr_carea' id='block_1_49' title="bbox 956 926 1747 962">
    <p class='ocr_par' dir='ltr' id='par_1_49' title="bbox 956 926 1747 962">
     <span class='ocr_line' id='line_1_49' title="bbox 956 926 1747 962; baseline -0.004 -7"><span class='ocrx_word' id='word_1_347' title='bbox 956 929 1145 960; x_wconf 78' lang='lat' dir='ltr'><strong>adventorum,</strong></span> <span class='ocrx_word' id='word_1_348' title='bbox 1172 935 1252 962; x_wconf 84' lang='lat' dir='ltr'><strong>quem</strong></span> <span class='ocrx_word' id='word_1_349' title='bbox 1277 934 1383 962; x_wconf 91' lang='lat' dir='ltr'><strong>quoque</strong></span> <span class='ocrx_word' id='word_1_350' title='bbox 1406 934 1538 961; x_wconf 76' lang='lat' dir='ltr'><strong>nusquam</strong></span> <span class='ocrx_word' id='word_1_351' title='bbox 1566 926 1631 953; x_wconf 83' lang='lat' dir='ltr'><strong>vidi.</strong></span> <span class='ocrx_word' id='word_1_352' title='bbox 1652 926 1747 953; x_wconf 84' lang='lat' dir='ltr'><strong>Tertio</strong></span> 
     </span>
    </p>
   </div>
   <div class='ocr_carea' id='block_1_50' title="bbox 956 971 1742 1007">
    <p class='ocr_par' dir='ltr' id='par_1_50' title="bbox 956 971 1742 1007">
     <span class='ocr_line' id='line_1_50' title="bbox 956 971 1742 1007; baseline -0.005 -5"><span class='ocrx_word' id='word_1_353' title='bbox 956 974 1022 1002; x_wconf 90' lang='lat' dir='ltr'><strong>mihi</strong></span> <span class='ocrx_word' id='word_1_354' title='bbox 1040 973 1144 1001; x_wconf 79' lang='lat' dir='ltr'><strong>viarum</strong></span> <span class='ocrx_word' id='word_1_355' title='bbox 1162 972 1245 1001; x_wconf 86' lang='lat' dir='ltr'><strong>duces</strong></span> <span class='ocrx_word' id='word_1_356' title='bbox 1266 972 1389 1005; x_wconf 76' lang='lat' dir='ltr'>dedistis,</span> <span class='ocrx_word' id='word_1_357' title='bbox 1405 972 1463 1007; x_wconf 86' lang='lat' dir='ltr'><strong>qui,</strong></span> <span class='ocrx_word' id='word_1_358' title='bbox 1478 973 1543 999; x_wconf 88' lang='lat' dir='ltr'><strong>tutis</strong></span> <span class='ocrx_word' id='word_1_359' title='bbox 1560 977 1587 999; x_wconf 90' lang='lat' dir='ltr'>et</span> <span class='ocrx_word' id='word_1_360' title='bbox 1605 971 1742 1005; x_wconf 68' lang='lat' dir='ltr'><strong>expeditis</strong></span> 
     </span>
    </p>
   </div>
   <div class='ocr_carea' id='block_1_51' title="bbox 956 1017 1745 1053">
    <p class='ocr_par' dir='ltr' id='par_1_51' title="bbox 956 1017 1745 1053">
     <span class='ocr_line' id='line_1_51' title="bbox 956 1017 1745 1053; baseline -0.004 -6"><span class='ocrx_word' id='word_1_361' title='bbox 956 1019 1076 1052; x_wconf 85' lang='lat' dir='ltr'><strong>omissis,</strong></span> <span class='ocrx_word' id='word_1_362' title='bbox 1091 1026 1140 1053; x_wconf 91' lang='lat' dir='ltr'><strong>per</strong></span> <span class='ocrx_word' id='word_1_363' title='bbox 1152 1025 1209 1051; x_wconf 83' lang='lat' dir='ltr'><strong>eas,</strong></span> <span class='ocrx_word' id='word_1_364' title='bbox 1221 1025 1281 1053; x_wconf 63' lang='lat' dir='ltr'><strong>quae</strong></span> <span class='ocrx_word' id='word_1_365' title='bbox 1297 1018 1330 1045; x_wconf 88' lang='lat' dir='ltr'>ad</span> <span class='ocrx_word' id='word_1_366' title='bbox 1342 1017 1447 1045; x_wconf 85' lang='lat' dir='ltr'><strong>hostem</strong></span> <span class='ocrx_word' id='word_1_367' title='bbox 1463 1017 1596 1051; x_wconf 78' lang='lat' dir='ltr'><strong>ferebant,</strong></span> <span class='ocrx_word' id='word_1_368' title='bbox 1611 1025 1661 1052; x_wconf 88' lang='lat' dir='ltr'><strong>per</strong></span> <span class='ocrx_word' id='word_1_369' title='bbox 1675 1024 1745 1051; x_wconf 64' lang='lat' dir='ltr'><strong>prato</strong></span> 
     </span>
    </p>
   </div>
   <div class='ocr_carea' id='block_1_52' title="bbox 957 1061 1745 1099">
    <p class='ocr_par' dir='ltr' id='par_1_52' title="bbox 957 1061 1745 1099">
     <span class='ocr_line' id='line_1_52' title="bbox 957 1061 1745 1099; baseline -0.004 -8"><span class='ocrx_word' id='word_1_370' title='bbox 957 1068 1037 1099; x_wconf 88' lang='lat' dir='ltr'><strong>rttpla</strong></span> <span class='ocrx_word' id='word_1_371' title='bbox 1051 1069 1078 1091; x_wconf 91' lang='lat' dir='ltr'><strong>et</strong></span> <span class='ocrx_word' id='word_1_372' title='bbox 1096 1063 1243 1098; x_wconf 58' lang='lat' dir='ltr'><strong>praecipitia</strong></span> <span class='ocrx_word' id='word_1_373' title='bbox 1259 1061 1319 1090; x_wconf 90' lang='lat' dir='ltr'><strong>loca</strong></span> <span class='ocrx_word' id='word_1_374' title='bbox 1335 1069 1377 1089; x_wconf 89' lang='lat' dir='ltr'>me</span> <span class='ocrx_word' id='word_1_375' title='bbox 1393 1061 1575 1093; x_wconf 82' lang='lat' dir='ltr'><strong>deduxerunt,</strong></span> <span class='ocrx_word' id='word_1_376' title='bbox 1598 1062 1626 1088; x_wconf 91' lang='lat' dir='ltr'>in</span> <span class='ocrx_word' id='word_1_377' title='bbox 1647 1062 1745 1095; x_wconf 81' lang='lat' dir='ltr'><strong>quibus</strong></span> 
     </span>
    </p>
   </div>
   <div class='ocr_carea' id='block_1_53' title="bbox 957 1107 1748 1146">
    <p class='ocr_par' dir='ltr' id='par_1_53' title="bbox 957 1107 1748 1146">
     <span class='ocr_line' id='line_1_53' title="bbox 957 1107 1748 1146; baseline -0.005 -9"><span class='ocrx_word' id='word_1_378' title='bbox 957 1118 1051 1146; x_wconf 88' lang='lat' dir='ltr'><strong>parum</strong></span> <span class='ocrx_word' id='word_1_379' title='bbox 1065 1109 1161 1142; x_wconf 82' lang='lat' dir='ltr'><strong>abfuit,</strong></span> <span class='ocrx_word' id='word_1_380' title='bbox 1174 1117 1234 1136; x_wconf 91' lang='lat' dir='ltr'>cum</span> <span class='ocrx_word' id='word_1_381' title='bbox 1251 1108 1387 1143; x_wconf 86' lang='lat' dir='ltr'><strong>equitibus</strong></span> <span class='ocrx_word' id='word_1_382' title='bbox 1406 1113 1433 1135; x_wconf 88' lang='lat' dir='ltr'><strong>et</strong></span> <span class='ocrx_word' id='word_1_383' title='bbox 1448 1108 1573 1135; x_wconf 88' lang='lat' dir='ltr'><strong>curribus</strong></span> <span class='ocrx_word' id='word_1_384' title='bbox 1588 1112 1614 1135; x_wconf 89' lang='lat' dir='ltr'>et</span> <span class='ocrx_word' id='word_1_385' title='bbox 1625 1107 1678 1134; x_wconf 87' lang='lat' dir='ltr'><strong>alio</strong></span> <span class='ocrx_word' id='word_1_386' title='bbox 1687 1115 1748 1134; x_wconf 80' lang='lat' dir='ltr'><strong>cas-</strong></span> 
     </span>
    </p>
   </div>
   <div class='ocr_carea' id='block_1_54' title="bbox 958 1153 1747 1190">
    <p class='ocr_par' dir='ltr' id='par_1_54' title="bbox 958 1153 1747 1190">
     <span class='ocr_line' id='line_1_54' title="bbox 958 1153 1747 1190; baseline -0.004 -7"><span class='ocrx_word' id='word_1_387' title='bbox 958 1160 1063 1183; x_wconf 90' lang='lat' dir='ltr'><strong>trorntn</strong></span> <span class='ocrx_word' id='word_1_388' title='bbox 1082 1159 1212 1190; x_wconf 83' lang='lat' dir='ltr'><strong>apparatu</strong></span> <span class='ocrx_word' id='word_1_389' title='bbox 1225 1154 1369 1189; x_wconf 87' lang='lat' dir='ltr'><strong>impeditus</strong></span> <span class='ocrx_word' id='word_1_390' title='bbox 1384 1153 1433 1181; x_wconf 85' lang='lat' dir='ltr'><strong>iter</strong></span> <span class='ocrx_word' id='word_1_391' title='bbox 1449 1154 1564 1180; x_wconf 80' lang='lat' dir='ltr'><strong>facerem</strong></span> <span class='ocrx_word' id='word_1_392' title='bbox 1576 1158 1603 1180; x_wconf 92' lang='lat' dir='ltr'>ct</span> <span class='ocrx_word' id='word_1_393' title='bbox 1616 1153 1707 1181; x_wconf 86' lang='lat' dir='ltr'><strong>hostes</strong></span> <span class='ocrx_word' id='word_1_394' title='bbox 1718 1153 1747 1180; x_wconf 92' lang='lat' dir='ltr'><strong>in</strong></span> 
     </span>
    </p>
   </div>
   <div class='ocr_carea' id='block_1_55' title="bbox 960 1197 1748 1234">
    <p class='ocr_par' dir='ltr' id='par_1_55' title="bbox 960 1197 1748 1234">
     <span class='ocr_line' id='line_1_55' title="bbox 960 1197 1748 1234; baseline -0.006 -7"><span class='ocrx_word' id='word_1_395' title='bbox 960 1207 1002 1227; x_wconf 91' lang='lat' dir='ltr'>me</span> <span class='ocrx_word' id='word_1_396' title='bbox 1014 1200 1160 1234; x_wconf 89' lang='lat' dir='ltr'><strong>derepente</strong></span> <span class='ocrx_word' id='word_1_397' title='bbox 1172 1199 1319 1231; x_wconf 82' lang='lat' dir='ltr'><strong>irruerent,</strong></span> <span class='ocrx_word' id='word_1_398' title='bbox 1332 1198 1396 1233; x_wconf 91' lang='lat' dir='ltr'><strong>qttin</strong></span> <span class='ocrx_word' id='word_1_399' title='bbox 1414 1205 1475 1225; x_wconf 90' lang='lat' dir='ltr'>cum</span> <span class='ocrx_word' id='word_1_400' title='bbox 1493 1202 1548 1225; x_wconf 89' lang='lat' dir='ltr'><strong>toto</strong></span> <span class='ocrx_word' id='word_1_401' title='bbox 1556 1197 1677 1225; x_wconf 83' lang='lat' dir='ltr'><strong>exercitu</strong></span> <span class='ocrx_word' id='word_1_402' title='bbox 1688 1204 1748 1224; x_wconf 85' lang='lat' dir='ltr'><strong>meo</strong></span> 
     </span>
    </p>
   </div>
   <div class='ocr_carea' id='block_1_56' title="bbox 960 1242 1748 1278">
    <p class='ocr_par' dir='ltr' id='par_1_56' title="bbox 960 1242 1748 1278">
     <span class='ocr_line' id='line_1_56' title="bbox 960 1242 1748 1278; baseline -0.004 -6"><span class='ocrx_word' id='word_1_403' title='bbox 960 1245 1081 1272; x_wconf 81' lang='lat' dir='ltr'><strong>funditus</strong></span> <span class='ocrx_word' id='word_1_404' title='bbox 1103 1243 1254 1271; x_wconf 88' lang='lat' dir='ltr'><strong>iuterirem.</strong></span> <span class='ocrx_word' id='word_1_405' title='bbox 1278 1242 1317 1270; x_wconf 75' lang='lat' dir='ltr'><strong>Ex</strong></span> <span class='ocrx_word' id='word_1_406' title='bbox 1334 1250 1387 1278; x_wconf 90' lang='lat' dir='ltr'><strong>qtto</strong></span> <span class='ocrx_word' id='word_1_407' title='bbox 1407 1243 1590 1270; x_wconf 83' lang='lat' dir='ltr'><strong>necessariam</strong></span> <span class='ocrx_word' id='word_1_408' title='bbox 1607 1250 1669 1270; x_wconf 89' lang='lat' dir='ltr'><strong>eum</strong></span> <span class='ocrx_word' id='word_1_409' title='bbox 1694 1242 1748 1269; x_wconf 88' lang='lat' dir='ltr'><strong>iliis</strong></span> 
     </span>
    </p>
   </div>
   <div class='ocr_carea' id='block_1_57' title="bbox 959 1288 1748 1326">
    <p class='ocr_par' dir='ltr' id='par_1_57' title="bbox 959 1288 1748 1326">
     <span class='ocr_line' id='line_1_57' title="bbox 959 1288 1748 1326; baseline -0.004 -9"><span class='ocrx_word' id='word_1_410' title='bbox 959 1290 1112 1326; x_wconf 83' lang='lat' dir='ltr'><strong>pactionem</strong></span> <span class='ocrx_word' id='word_1_411' title='bbox 1125 1288 1213 1316; x_wconf 83' lang='lat' dir='ltr'><strong>facere</strong></span> <span class='ocrx_word' id='word_1_412' title='bbox 1222 1296 1280 1316; x_wconf 88' lang='lat' dir='ltr'><strong>sttm</strong></span> <span class='ocrx_word' id='word_1_413' title='bbox 1291 1294 1413 1321; x_wconf 86' lang='lat' dir='ltr'><strong>coactus,</strong></span> <span class='ocrx_word' id='word_1_414' title='bbox 1431 1288 1530 1323; x_wconf 81' lang='lat' dir='ltr'><strong>quibus</strong></span> <span class='ocrx_word' id='word_1_415' title='bbox 1547 1295 1670 1323; x_wconf 74' lang='lat' dir='ltr'><strong>magnam</strong></span> <span class='ocrx_word' id='word_1_416' title='bbox 1686 1295 1748 1323; x_wconf 79' lang='lat' dir='ltr'><strong>gra-</strong></span> 
     </span>
    </p>
   </div>
   <div class='ocr_carea' id='block_1_58' title="bbox 961 1333 1748 1370">
    <p class='ocr_par' dir='ltr' id='par_1_58' title="bbox 961 1333 1748 1370">
     <span class='ocr_line' id='line_1_58' title="bbox 961 1333 1748 1370; baseline -0.006 -6"><span class='ocrx_word' id='word_1_417' title='bbox 961 1338 1024 1364; x_wconf 82' lang='lat' dir='ltr'><strong>tiam</strong></span> <span class='ocrx_word' id='word_1_418' title='bbox 1052 1335 1154 1363; x_wconf 88' lang='lat' dir='ltr'><strong>habere</strong></span> <span class='ocrx_word' id='word_1_419' title='bbox 1177 1338 1294 1370; x_wconf 79' lang='lat' dir='ltr'><strong>oportet,</strong></span> <span class='ocrx_word' id='word_1_420' title='bbox 1307 1333 1379 1369; x_wconf 88' lang='lat' dir='ltr'><strong>quod</strong></span> <span class='ocrx_word' id='word_1_421' title='bbox 1401 1341 1454 1368; x_wconf 84' lang='lat' dir='ltr'>me,</span> <span class='ocrx_word' id='word_1_422' title='bbox 1469 1342 1483 1360; x_wconf 91' lang='lat' dir='ltr'>a</span> <span class='ocrx_word' id='word_1_423' title='bbox 1501 1334 1577 1361; x_wconf 85' lang='lat' dir='ltr'><strong>vobis</strong></span> <span class='ocrx_word' id='word_1_424' title='bbox 1601 1333 1748 1369; x_wconf 79' lang='lat' dir='ltr'><strong>proditum,</strong></span> 
     </span>
    </p>
   </div>
   <div class='ocr_carea' id='block_1_59' title="bbox 960 1380 1749 1416">
    <p class='ocr_par' dir='ltr' id='par_1_59' title="bbox 960 1380 1749 1416">
     <span class='ocr_line' id='line_1_59' title="bbox 960 1380 1749 1416; baseline -0.001 -7"><span class='ocrx_word' id='word_1_425' title='bbox 960 1389 1021 1410; x_wconf 88' lang='lat' dir='ltr'>cum</span> <span class='ocrx_word' id='word_1_426' title='bbox 1041 1381 1167 1409; x_wconf 83' lang='lat' dir='ltr'><strong>occidere</strong></span> <span class='ocrx_word' id='word_1_427' title='bbox 1184 1386 1305 1416; x_wconf 78' lang='lat' dir='ltr'><strong>possent,</strong></span> <span class='ocrx_word' id='word_1_428' title='bbox 1325 1385 1414 1408; x_wconf 84' lang='lat' dir='ltr'><strong>tamen</strong></span> <span class='ocrx_word' id='word_1_429' title='bbox 1437 1385 1593 1408; x_wconf 86' lang='lat' dir='ltr'><strong>servarunt.</strong></span> <span class='ocrx_word' id='word_1_430' title='bbox 1609 1389 1618 1406; x_wconf 74' lang='grc' dir='ltr'>ι</span> <span class='ocrx_word' id='word_1_431' title='bbox 1633 1380 1673 1407; x_wconf 86' lang='lat' dir='ltr'>Ad</span> <span class='ocrx_word' id='word_1_432' title='bbox 1690 1380 1749 1408; x_wconf 68' lang='lat' dir='ltr'>haec</span> 
     </span>
    </p>
   </div>
   <div class='ocr_carea' id='block_1_60' title="bbox 960 1426 1750 1461">
    <p class='ocr_par' dir='ltr' id='par_1_60' title="bbox 960 1426 1750 1461">
     <span class='ocr_line' id='line_1_60' title="bbox 960 1426 1750 1461; baseline -0.005 -5"><span class='ocrx_word' id='word_1_433' title='bbox 960 1428 1137 1456; x_wconf 72' lang='lat' dir='ltr'><strong>Adamantius</strong></span> <span class='ocrx_word' id='word_1_434' title='bbox 1150 1428 1187 1456; x_wconf 87' lang='lat' dir='ltr'><strong>illi</strong></span> <span class='ocrx_word' id='word_1_435' title='bbox 1203 1427 1228 1455; x_wconf 90' lang='lat' dir='ltr'><strong>in</strong></span> <span class='ocrx_word' id='word_1_436' title='bbox 1240 1426 1408 1461; x_wconf 58' lang='lat' dir='ltr'><strong>Intemoriam</strong></span> <span class='ocrx_word' id='word_1_437' title='bbox 1430 1426 1576 1459; x_wconf 78' lang='lat' dir='ltr'><strong>revocavit,</strong></span> <span class='ocrx_word' id='word_1_438' title='bbox 1604 1427 1701 1461; x_wconf 88' lang='lat' dir='ltr'><strong>quibus</strong></span> <span class='ocrx_word' id='word_1_439' title='bbox 1716 1427 1750 1453; x_wconf 87' lang='lat' dir='ltr'><strong>il-</strong></span> 
     </span>
    </p>
   </div>
   <div class='ocr_carea' id='block_1_61' title="bbox 960 1472 1750 1509">
    <p class='ocr_par' dir='ltr' id='par_1_61' title="bbox 960 1472 1750 1509">
     <span class='ocr_line' id='line_1_61' title="bbox 960 1472 1750 1509; baseline -0.001 -8"><span class='ocrx_word' id='word_1_440' title='bbox 960 1475 1015 1502; x_wconf 87' lang='lat' dir='ltr'>lum</span> <span class='ocrx_word' id='word_1_441' title='bbox 1035 1474 1182 1509; x_wconf 79' lang='lat' dir='ltr'><strong>imperator</strong></span> <span class='ocrx_word' id='word_1_442' title='bbox 1194 1473 1344 1501; x_wconf 83' lang='lat' dir='ltr'><strong>honoribus</strong></span> <span class='ocrx_word' id='word_1_443' title='bbox 1360 1472 1546 1505; x_wconf 82' lang='lat' dir='ltr'><strong>aﬂ&#39;ecisset,ut</strong></span> <span class='ocrx_word' id='word_1_444' title='bbox 1564 1473 1707 1508; x_wconf 78' lang='lat' dir='ltr'><strong>patricium</strong></span> <span class='ocrx_word' id='word_1_445' title='bbox 1722 1477 1750 1500; x_wconf 82' lang='lat' dir='ltr'>ct</span> 
     </span>
    </p>
   </div>
   <div class='ocr_carea' id='block_1_62' title="bbox 121 1514 907 1569">
    <p class='ocr_par' dir='ltr' id='par_1_62' title="bbox 121 1514 907 1554">
     <span class='ocr_line' id='line_1_62' title="bbox 121 1514 907 1554; baseline 0.003 -11"><span class='ocrx_word' id='word_1_446' title='bbox 121 1517 168 1543; x_wconf 77' lang='grc' dir='ltr'>καὶ</span> <span class='ocrx_word' id='word_1_447' title='bbox 187 1516 303 1543; x_wconf 83' lang='grc' dir='ltr'>πλούτου</span> <span class='ocrx_word' id='word_1_448' title='bbox 323 1517 483 1553; x_wconf 72' lang='grc' dir='ltr'>ἐνέπλησεν,</span> <span class='ocrx_word' id='word_1_449' title='bbox 495 1517 553 1544; x_wconf 79' lang='grc' dir='ltr'>ἀνθ’</span> <span class='ocrx_word' id='word_1_450' title='bbox 570 1514 607 1544; x_wconf 81' lang='grc' dir='ltr'>ὧν</span> <span class='ocrx_word' id='word_1_451' title='bbox 621 1517 674 1544; x_wconf 79' lang='grc' dir='ltr'>ἔδει</span> <span class='ocrx_word' id='word_1_452' title='bbox 692 1518 827 1554; x_wconf 77' lang='grc' dir='ltr'>μηδέποτε</span> <span class='ocrx_word' id='word_1_453' title='bbox 840 1519 907 1554; x_wconf 62' lang='grc' dir='ltr'>πρὸς</span> 
     </span>
    </p>
   </div>
   <div class='ocr_carea' id='block_1_63' title="bbox 959 1514 1747 1569">
    <p class='ocr_par' dir='ltr' id='par_1_63' title="bbox 962 1518 1747 1555">
     <span class='ocr_line' id='line_1_63' title="bbox 962 1518 1747 1555; baseline -0.004 -7"><span class='ocrx_word' id='word_1_454' title='bbox 962 1521 1056 1548; x_wconf 87' lang='lat' dir='ltr'><strong>ducem</strong></span> <span class='ocrx_word' id='word_1_455' title='bbox 1072 1525 1203 1553; x_wconf 84' lang='lat' dir='ltr'><strong>creasset,</strong></span> <span class='ocrx_word' id='word_1_456' title='bbox 1218 1527 1277 1555; x_wconf 74' lang='lat' dir='ltr'><strong>qua:</strong></span> <span class='ocrx_word' id='word_1_457' title='bbox 1292 1524 1382 1548; x_wconf 79' lang='lat' dir='ltr'><strong>essent</strong></span> <span class='ocrx_word' id='word_1_458' title='bbox 1392 1520 1462 1554; x_wconf 87' lang='lat' dir='ltr'><strong>apud</strong></span> <span class='ocrx_word' id='word_1_459' title='bbox 1482 1519 1619 1547; x_wconf 73' lang='lat' dir='ltr'><strong>llomanos</strong></span> <span class='ocrx_word' id='word_1_460' title='bbox 1636 1518 1747 1554; x_wconf 68' lang='lat' dir='ltr'><strong>pratmia</strong></span> 
     </span>
    </p>
   </div>
   <div class='ocr_carea' id='block_1_64' title="bbox 124 1561 907 1601">
    <p class='ocr_par' dir='ltr' id='par_1_64' title="bbox 124 1561 907 1599">
     <span class='ocr_line' id='line_1_64' title="bbox 124 1561 907 1599; baseline 0.005 -11"><span class='ocrx_word' id='word_1_461' title='bbox 124 1561 206 1589; x_wconf 75' lang='grc' dir='ltr'>αὑτὸν</span> <span class='ocrx_word' id='word_1_462' title='bbox 237 1561 323 1594; x_wconf 71' lang='grc' dir='ltr'>ἄλλως</span> <span class='ocrx_word' id='word_1_463' title='bbox 347 1562 371 1578; x_wconf 85' lang='grc'><strong><em>⁵⁸</em></strong></span> <span class='ocrx_word' id='word_1_464' title='bbox 397 1571 455 1594; x_wconf 83' lang='grc' dir='ltr'>πως</span> <span class='ocrx_word' id='word_1_465' title='bbox 478 1563 494 1598; x_wconf 86' lang='grc' dir='ltr'><strong>ἢ</strong></span> <span class='ocrx_word' id='word_1_466' title='bbox 522 1563 591 1598; x_wconf 68' lang='grc' dir='ltr'>πρὸς</span> <span class='ocrx_word' id='word_1_467' title='bbox 613 1563 719 1599; x_wconf 78' lang='grc' dir='ltr'>πατέρα</span> <span class='ocrx_word' id='word_1_468' title='bbox 743 1565 852 1599; x_wconf 77' lang='grc' dir='ltr'>φρονεῖν</span> <span class='ocrx_word' id='word_1_469' title='bbox 877 1573 907 1592; x_wconf 79' lang='grc' dir='ltr'>τε</span> 
     </span>
    </p>
   </div>
   <div class='ocr_carea' id='block_1_65' title="bbox 959 1561 1748 1601">
    <p class='ocr_par' dir='ltr' id='par_1_65' title="bbox 962 1563 1748 1601">
     <span class='ocr_line' id='line_1_65' title="bbox 962 1563 1748 1601; baseline -0.005 -7"><span class='ocrx_word' id='word_1_470' title='bbox 962 1567 1015 1600; x_wconf 82' lang='lat' dir='ltr'><strong>his,</strong></span> <span class='ocrx_word' id='word_1_471' title='bbox 1042 1566 1088 1601; x_wconf 90' lang='lat' dir='ltr'>qui</span> <span class='ocrx_word' id='word_1_472' title='bbox 1111 1570 1250 1594; x_wconf 87' lang='lat' dir='ltr'><strong>strenuam</strong></span> <span class='ocrx_word' id='word_1_473' title='bbox 1279 1564 1434 1600; x_wconf 71' lang='lat' dir='ltr'><strong>reipublicw</strong></span> <span class='ocrx_word' id='word_1_474' title='bbox 1452 1563 1610 1591; x_wconf 79' lang='lat' dir='ltr'><strong>navaverint</strong></span> <span class='ocrx_word' id='word_1_475' title='bbox 1626 1571 1748 1598; x_wconf 78' lang='lat' dir='ltr'><strong>operam,</strong></span> 
     </span>
    </p>
   </div>
   <div class='ocr_carea' id='block_1_66' title="bbox 121 1608 912 1647">
    <p class='ocr_par' dir='ltr' id='par_1_66' title="bbox 121 1608 912 1647">
     <span class='ocr_line' id='line_1_66' title="bbox 121 1608 912 1647; baseline 0.004 -12"><span class='ocrx_word' id='word_1_476' title='bbox 121 1609 169 1636; x_wconf 81' lang='grc' dir='ltr'>καὶ</span> <span class='ocrx_word' id='word_1_477' title='bbox 181 1608 359 1636; x_wconf 78' lang='grc' dir='ltr'>διατίθεσθαι.</span> <span class='ocrx_word' id='word_1_478' title='bbox 381 1609 436 1636; x_wconf 78' lang='grc' dir='ltr'>Καὶ</span> <span class='ocrx_word' id='word_1_479' title='bbox 450 1610 484 1636; x_wconf 77' lang='grc' dir='ltr'>τὰ</span> <span class='ocrx_word' id='word_1_480' title='bbox 498 1610 553 1636; x_wconf 84' lang='grc' dir='ltr'>τῶν</span> <span class='ocrx_word' id='word_1_481' title='bbox 566 1610 631 1645; x_wconf 76' lang='grc' dir='ltr'>παρ’</span> <span class='ocrx_word' id='word_1_482' title='bbox 650 1610 732 1637; x_wconf 79' lang='grc' dir='ltr'>αὑτοῦ</span> <span class='ocrx_word' id='word_1_483' title='bbox 755 1611 912 1647; x_wconf 80' lang='grc' dir='ltr'>ἐγκλήσεων</span> 
     </span>
    </p>
   </div>
   <div class='ocr_carea' id='block_1_67' title="bbox 123 1652 911 1692">
    <p class='ocr_par' dir='ltr' id='par_1_67' title="bbox 123 1652 911 1692">
     <span class='ocr_line' id='line_1_67' title="bbox 123 1652 911 1692; baseline 0.005 -12"><span class='ocrx_word' id='word_1_484' title='bbox 123 1652 168 1690; x_wconf 82' lang='grc' dir='ltr'>(ἦν</span> <span class='ocrx_word' id='word_1_485' title='bbox 194 1655 248 1689; x_wconf 78' lang='grc' dir='ltr'>γὰρ</span> <span class='ocrx_word' id='word_1_486' title='bbox 264 1652 341 1690; x_wconf 76' lang='grc' dir='ltr'>οἶμαι</span> <span class='ocrx_word' id='word_1_487' title='bbox 369 1655 468 1690; x_wconf 75' lang='grc' dir='ltr'>ἀληθῆ)</span> <span class='ocrx_word' id='word_1_488' title='bbox 482 1655 674 1691; x_wconf 75' lang='grc' dir='ltr'>διακρούεσθαι</span> <span class='ocrx_word' id='word_1_489' title='bbox 693 1657 833 1692; x_wconf 71' lang='grc' dir='ltr'>ἐπειρᾶτο.</span> <span class='ocrx_word' id='word_1_490' title='bbox 856 1657 911 1684; x_wconf 78' lang='grc' dir='ltr'>Καὶ</span> 
     </span>
    </p>
   </div>
   <div class='ocr_carea' id='block_1_68' title="bbox 121 1700 913 1738">
    <p class='ocr_par' dir='ltr' id='par_1_68' title="bbox 121 1700 913 1738">
     <span class='ocr_line' id='line_1_68' title="bbox 121 1700 913 1738; baseline 0.005 -12"><span class='ocrx_word' id='word_1_491' title='bbox 121 1700 163 1726; x_wconf 79' lang='grc' dir='ltr'>ὅτι</span> <span class='ocrx_word' id='word_1_492' title='bbox 176 1700 226 1727; x_wconf 76' lang='grc' dir='ltr'>οὐκ</span> <span class='ocrx_word' id='word_1_493' title='bbox 238 1700 342 1727; x_wconf 80' lang='grc' dir='ltr'>ἀνεκτὰ</span> <span class='ocrx_word' id='word_1_494' title='bbox 356 1701 494 1736; x_wconf 77' lang='grc' dir='ltr'>ποιήσειεν</span> <span class='ocrx_word' id='word_1_495' title='bbox 508 1702 538 1728; x_wconf 85' lang='grc' dir='ltr'>ἐν</span> <span class='ocrx_word' id='word_1_496' title='bbox 562 1702 710 1738; x_wconf 83' lang='grc' dir='ltr'>πρεσϐείας</span> <span class='ocrx_word' id='word_1_497' title='bbox 725 1703 812 1730; x_wconf 74' lang='grc' dir='ltr'>ἐλπίδι</span> <span class='ocrx_word' id='word_1_498' title='bbox 828 1711 913 1730; x_wconf 79' lang='grc' dir='ltr'>κατα-</span> 
     </span>
    </p>
   </div>
   <div class='ocr_carea' id='block_1_69' title="bbox 123 1745 912 1783">
    <p class='ocr_par' dir='ltr' id='par_1_69' title="bbox 123 1745 912 1783">
     <span class='ocr_line' id='line_1_69' title="bbox 123 1745 912 1783; baseline 0.005 -12"><span class='ocrx_word' id='word_1_499' title='bbox 123 1745 212 1772; x_wconf 84' lang='grc' dir='ltr'>λαϐὼν</span> <span class='ocrx_word' id='word_1_500' title='bbox 247 1746 270 1762; x_wconf 76' lang='grc'>⁵⁸</span> <span class='ocrx_word' id='word_1_501' title='bbox 295 1746 330 1773; x_wconf 81' lang='grc' dir='ltr'>τὰ</span> <span class='ocrx_word' id='word_1_502' title='bbox 353 1746 510 1781; x_wconf 81' lang='grc' dir='ltr'>Ῥωμαίων,</span> <span class='ocrx_word' id='word_1_503' title='bbox 539 1747 563 1774; x_wconf 81' lang='grc' dir='ltr'>οῖ</span> <span class='ocrx_word' id='word_1_504' title='bbox 589 1748 638 1775; x_wconf 79' lang='grc' dir='ltr'>καὶ</span> <span class='ocrx_word' id='word_1_505' title='bbox 659 1749 912 1783; x_wconf 63' lang='grc' dir='ltr'>ἀποκεκλεισμένοι)</span> 
     </span>
    </p>
   </div>
   <div class='ocr_carea' id='block_1_70' title="bbox 123 1791 910 1830">
    <p class='ocr_par' dir='ltr' id='par_1_70' title="bbox 123 1791 910 1830">
     <span class='ocr_line' id='line_1_70' title="bbox 123 1791 910 1830; baseline 0.005 -13"><span class='ocrx_word' id='word_1_506' title='bbox 123 1791 151 1817; x_wconf 73' lang='grc' dir='ltr'>ἐν</span> <span class='ocrx_word' id='word_1_507' title='bbox 170 1791 264 1828; x_wconf 79' lang='grc' dir='ltr'>Θρᾴκῃ</span> <span class='ocrx_word' id='word_1_508' title='bbox 279 1791 386 1827; x_wconf 74' lang='grc' dir='ltr'>ἔχοντες</span> <span class='ocrx_word' id='word_1_509' title='bbox 408 1792 484 1827; x_wconf 68' lang='grc' dir='ltr'>δρεσι</span> <span class='ocrx_word' id='word_1_510' title='bbox 497 1792 544 1819; x_wconf 70' lang='grc' dir='ltr'>καὶ</span> <span class='ocrx_word' id='word_1_511' title='bbox 561 1794 693 1828; x_wconf 79' lang='grc' dir='ltr'>ποταμοῖς</span> <span class='ocrx_word' id='word_1_512' title='bbox 709 1793 756 1820; x_wconf 75' lang='grc' dir='ltr'>καὶ</span> <span class='ocrx_word' id='word_1_513' title='bbox 773 1793 910 1830; x_wconf 83' lang='grc' dir='ltr'>περιϐολῇ</span> 
     </span>
    </p>
   </div>
   <div class='ocr_carea' id='block_1_71' title="bbox 125 1838 910 1875">
    <p class='ocr_par' dir='ltr' id='par_1_71' title="bbox 125 1838 910 1875">
     <span class='ocr_line' id='line_1_71' title="bbox 125 1838 910 1875; baseline 0.004 -11"><span class='ocrx_word' id='word_1_514' title='bbox 125 1838 321 1873; x_wconf 80' lang='grc' dir='ltr'>στρατοπέδων,</span> <span class='ocrx_word' id='word_1_515' title='bbox 331 1838 406 1873; x_wconf 83' lang='grc' dir='ltr'>ὅμως</span> <span class='ocrx_word' id='word_1_516' title='bbox 421 1838 613 1874; x_wconf 82' lang='grc' dir='ltr'>συνεχώρησαν</span> <span class='ocrx_word' id='word_1_517' title='bbox 628 1839 735 1871; x_wconf 75' lang='grc' dir='ltr'>ἑκόντες</span> <span class='ocrx_word' id='word_1_518' title='bbox 754 1839 910 1875; x_wconf 70' lang='grc' dir='ltr'>διεξελθεῖν·</span> 
     </span>
    </p>
   </div>
   <div class='ocr_carea' id='block_1_72' title="bbox 124 1883 912 1922">
    <p class='ocr_par' dir='ltr' id='par_1_72' title="bbox 124 1883 912 1922">
     <span class='ocr_line' id='line_1_72' title="bbox 124 1883 912 1922; baseline 0.005 -13"><span class='ocrx_word' id='word_1_519' title='bbox 124 1883 154 1909; x_wconf 76' lang='grc' dir='ltr'>οὐ</span> <span class='ocrx_word' id='word_1_520' title='bbox 169 1884 224 1918; x_wconf 82' lang='grc' dir='ltr'>γὰρ</span> <span class='ocrx_word' id='word_1_521' title='bbox 238 1883 271 1911; x_wconf 70' lang='grc' dir='ltr'>ἂν</span> <span class='ocrx_word' id='word_1_522' title='bbox 287 1884 325 1919; x_wconf 80' lang='grc' dir='ltr'>μὴ</span> <span class='ocrx_word' id='word_1_523' title='bbox 339 1883 509 1919; x_wconf 80' lang='grc' dir='ltr'>βουλομένων</span> <span class='ocrx_word' id='word_1_524' title='bbox 528 1885 609 1912; x_wconf 80' lang='grc' dir='ltr'>αὑτὸν</span> <span class='ocrx_word' id='word_1_525' title='bbox 625 1886 732 1912; x_wconf 83' lang='grc' dir='ltr'>ἐκεῖθεν</span> <span class='ocrx_word' id='word_1_526' title='bbox 755 1886 912 1922; x_wconf 76' lang='grc' dir='ltr'>κινηθῆναι,</span> 
     </span>
    </p>
   </div>
   <div class='ocr_carea' id='block_1_73' title="bbox 124 1928 914 1968">
    <p class='ocr_par' dir='ltr' id='par_1_73' title="bbox 124 1928 914 1968">
     <span class='ocr_line' id='line_1_73' title="bbox 124 1928 914 1968; baseline 0.006 -13"><span class='ocrx_word' id='word_1_527' title='bbox 124 1929 184 1956; x_wconf 76' lang='grc' dir='ltr'>οὐδὲ</span> <span class='ocrx_word' id='word_1_528' title='bbox 193 1929 217 1956; x_wconf 81' lang='grc' dir='ltr'>εί</span> <span class='ocrx_word' id='word_1_529' title='bbox 231 1929 415 1956; x_wconf 84' lang='grc' dir='ltr'>δεκαπλασίαν</span> <span class='ocrx_word' id='word_1_530' title='bbox 424 1928 480 1965; x_wconf 72' lang='grc' dir='ltr'>εἶχε</span> <span class='ocrx_word' id='word_1_531' title='bbox 492 1930 606 1966; x_wconf 84' lang='grc' dir='ltr'>δύναμιν</span> <span class='ocrx_word' id='word_1_532' title='bbox 622 1931 672 1966; x_wconf 83' lang='grc' dir='ltr'>τῆς</span> <span class='ocrx_word' id='word_1_533' title='bbox 692 1931 844 1968; x_wconf 78' lang='grc' dir='ltr'>παρούσης.</span> <span class='ocrx_word' id='word_1_534' title='bbox 857 1932 914 1960; x_wconf 79' lang='grc' dir='ltr'>Νῦν</span> 
     </span>
    </p>
   </div>
   <div class='ocr_carea' id='block_1_74' title="bbox 124 1975 916 2014">
    <p class='ocr_par' dir='ltr' id='par_1_74' title="bbox 124 1975 916 2014">
     <span class='ocr_line' id='line_1_74' title="bbox 124 1975 916 2014; baseline 0.004 -12"><span class='ocrx_word' id='word_1_535' title='bbox 124 1984 154 2002; x_wconf 79' lang='grc' dir='ltr'>τε</span> <span class='ocrx_word' id='word_1_536' title='bbox 184 1975 378 2011; x_wconf 86' lang='grc' dir='ltr'>συμϐουλεύειν</span> <span class='ocrx_word' id='word_1_537' title='bbox 397 1977 471 2012; x_wconf 78' lang='grc' dir='ltr'>αὐτῷ</span> <span class='ocrx_word' id='word_1_538' title='bbox 498 1977 680 2014; x_wconf 83' lang='grc' dir='ltr'>μετριώτερον</span> <span class='ocrx_word' id='word_1_539' title='bbox 698 1978 794 2004; x_wconf 76' lang='grc' dir='ltr'>ἑαυτὸν</span> <span class='ocrx_word' id='word_1_540' title='bbox 807 1978 846 2013; x_wconf 81' lang='grc' dir='ltr'>τῷ</span> <span class='ocrx_word' id='word_1_541' title='bbox 867 1977 916 2013; x_wconf 82' lang='grc' dir='ltr'>βα-</span> 
     </span>
    </p>
   </div>
   <div class='ocr_carea' id='block_1_75' title="bbox 127 2022 914 2059">
    <p class='ocr_par' dir='ltr' id='par_1_75' title="bbox 127 2022 914 2059">
     <span class='ocr_line' id='line_1_75' title="bbox 127 2022 914 2059; baseline 0.003 -11"><span class='ocrx_word' id='word_1_542' title='bbox 127 2023 194 2049; x_wconf 81' lang='grc' dir='ltr'>σιλεῖ</span> <span class='ocrx_word' id='word_1_543' title='bbox 205 2022 346 2058; x_wconf 83' lang='grc' dir='ltr'>παρέχειν·</span> <span class='ocrx_word' id='word_1_544' title='bbox 362 2023 392 2050; x_wconf 79' lang='grc' dir='ltr'>οὐ</span> <span class='ocrx_word' id='word_1_545' title='bbox 405 2023 459 2059; x_wconf 82' lang='grc' dir='ltr'>γὰρ</span> <span class='ocrx_word' id='word_1_546' title='bbox 473 2022 505 2050; x_wconf 81' lang='grc' dir='ltr'>ἂν</span> <span class='ocrx_word' id='word_1_547' title='bbox 527 2023 676 2059; x_wconf 85' lang='grc' dir='ltr'>δυνηθῆναι</span> <span class='ocrx_word' id='word_1_548' title='bbox 692 2024 742 2059; x_wconf 83' lang='grc' dir='ltr'>τὴν</span> <span class='ocrx_word' id='word_1_549' title='bbox 769 2023 914 2059; x_wconf 86' lang='grc' dir='ltr'>Ῥωμαίων</span> 
     </span>
    </p>
   </div>
   <div class='ocr_carea' id='block_1_76' title="bbox 126 2068 915 2105">
    <p class='ocr_par' dir='ltr' id='par_1_76' title="bbox 126 2068 915 2105">
     <span class='ocr_line' id='line_1_76' title="bbox 126 2068 915 2105; baseline 0.003 -11"><span class='ocrx_word' id='word_1_550' title='bbox 126 2069 165 2100; x_wconf 77' lang='grc' dir='ltr'>εἰς</span> <span class='ocrx_word' id='word_1_551' title='bbox 181 2068 256 2100; x_wconf 82' lang='grc' dir='ltr'>τέλος</span> <span class='ocrx_word' id='word_1_552' title='bbox 273 2068 454 2104; x_wconf 78' lang='grc' dir='ltr'>ὑπερϐάλλειν</span> <span class='ocrx_word' id='word_1_553' title='bbox 474 2070 552 2105; x_wconf 83' lang='grc' dir='ltr'>χεῖρα</span> <span class='ocrx_word' id='word_1_554' title='bbox 569 2069 738 2105; x_wconf 82' lang='grc' dir='ltr'>πανταχόθεν</span> <span class='ocrx_word' id='word_1_555' title='bbox 767 2069 915 2104; x_wconf 82' lang='grc' dir='ltr'>ἐφεστηκό-</span> 
     </span>
    </p>
   </div>
   <div class='ocr_carea' id='block_1_77' title="bbox 125 2111 913 2150">
    <p class='ocr_par' dir='ltr' id='par_1_77' title="bbox 125 2111 913 2150">
     <span class='ocr_line' id='line_1_77' title="bbox 125 2111 913 2150; baseline 0.001 -10"><span class='ocrx_word' id='word_1_556' title='bbox 125 2122 189 2140; x_wconf 81' lang='grc' dir='ltr'>των.</span> <span class='ocrx_word' id='word_1_557' title='bbox 206 2114 265 2140; x_wconf 85' lang='grc' dir='ltr'>Διῖν</span> <span class='ocrx_word' id='word_1_558' title='bbox 280 2111 337 2146; x_wconf 75' lang='grc' dir='ltr'>οὖν,</span> <span class='ocrx_word' id='word_1_559' title='bbox 364 2114 388 2140; x_wconf 82' lang='lat' dir='ltr'><strong>el</strong></span> <span class='ocrx_word' id='word_1_560' title='bbox 405 2114 481 2150; x_wconf 78' lang='grc' dir='ltr'>αὐτῷ</span> <span class='ocrx_word' id='word_1_561' title='bbox 509 2114 640 2147; x_wconf 81' lang='grc' dir='ltr'>πείθοιτο,</span> <span class='ocrx_word' id='word_1_562' title='bbox 661 2114 784 2141; x_wconf 75' lang='grc' dir='ltr'>ἐκλιπεῖν</span> <span class='ocrx_word' id='word_1_563' title='bbox 800 2113 850 2149; x_wconf 80' lang='grc' dir='ltr'>μὲν</span> <span class='ocrx_word' id='word_1_564' title='bbox 862 2114 913 2148; x_wconf 79' lang='grc' dir='ltr'>τὴν</span> 
     </span>
    </p>
   </div>
   <div class='ocr_carea' id='block_1_78' title="bbox 129 2158 910 2197">
    <p class='ocr_par' dir='ltr' id='par_1_78' title="bbox 129 2158 910 2197">
     <span class='ocr_line' id='line_1_78' title="bbox 129 2158 910 2197; baseline 0.003 -11"><span class='ocrx_word' id='word_1_565' title='bbox 129 2160 262 2195; x_wconf 82' lang='grc' dir='ltr'>Ἤπειρον</span> <span class='ocrx_word' id='word_1_566' title='bbox 290 2161 338 2187; x_wconf 54' lang='grc' dir='ltr'>καὶ¹</span> <span class='ocrx_word' id='word_1_567' title='bbox 359 2160 409 2192; x_wconf 81' lang='grc' dir='ltr'>τὰς</span> <span class='ocrx_word' id='word_1_568' title='bbox 435 2159 529 2188; x_wconf 74' lang='grc' dir='ltr'>αὐτόοι</span> <span class='ocrx_word' id='word_1_569' title='bbox 545 2161 637 2193; x_wconf 84' lang='grc' dir='ltr'>πόλεις</span> <span class='ocrx_word' id='word_1_570' title='bbox 661 2160 761 2197; x_wconf 77' lang='grc' dir='ltr'>(οὐδενὶ</span> <span class='ocrx_word' id='word_1_571' title='bbox 774 2160 828 2197; x_wconf 74' lang='grc' dir='ltr'>γὰρ</span> <span class='ocrx_word' id='word_1_572' title='bbox 839 2158 910 2188; x_wconf 79' lang='grc' dir='ltr'>εἷναι</span> 
     </span>
    </p>
   </div>
   <div class='ocr_carea' id='block_1_79' title="bbox 961 1608 1751 1646">
    <p class='ocr_par' dir='ltr' id='par_1_79' title="bbox 961 1608 1751 1646">
     <span class='ocr_line' id='line_1_79' title="bbox 961 1608 1751 1646; baseline -0.005 -7"><span class='ocrx_word' id='word_1_573' title='bbox 961 1612 1109 1640; x_wconf 77' lang='lat' dir='ltr'><strong>constituta</strong></span> <span class='ocrx_word' id='word_1_574' title='bbox 1121 1610 1298 1646; x_wconf 83' lang='lat' dir='ltr'><strong>amplissima,</strong></span> <span class='ocrx_word' id='word_1_575' title='bbox 1311 1616 1342 1637; x_wconf 88' lang='lat' dir='ltr'>ttt</span> <span class='ocrx_word' id='word_1_576' title='bbox 1352 1618 1413 1637; x_wconf 89' lang='lat' dir='ltr'>cum</span> <span class='ocrx_word' id='word_1_577' title='bbox 1429 1609 1520 1637; x_wconf 88' lang='lat' dir='ltr'><strong>tnttltis</strong></span> <span class='ocrx_word' id='word_1_578' title='bbox 1535 1608 1612 1636; x_wconf 88' lang='lat' dir='ltr'><strong>donis</strong></span> <span class='ocrx_word' id='word_1_579' title='bbox 1623 1613 1649 1636; x_wconf 90' lang='lat' dir='ltr'><strong>et</strong></span> <span class='ocrx_word' id='word_1_580' title='bbox 1659 1615 1751 1636; x_wconf 78' lang='lat' dir='ltr'><strong>mune-</strong></span> 
     </span>
    </p>
   </div>
   <div class='ocr_carea' id='block_1_80' title="bbox 962 1655 1748 1692">
    <p class='ocr_par' dir='ltr' id='par_1_80' title="bbox 962 1655 1748 1692">
     <span class='ocr_line' id='line_1_80' title="bbox 962 1655 1748 1692; baseline -0.008 -6"><span class='ocrx_word' id='word_1_581' title='bbox 962 1659 1036 1686; x_wconf 87' lang='lat' dir='ltr'><strong>ribus</strong></span> <span class='ocrx_word' id='word_1_582' title='bbox 1048 1659 1224 1688; x_wconf 84' lang='lat' dir='ltr'><strong>cumulasset.</strong></span> <span class='ocrx_word' id='word_1_583' title='bbox 1241 1663 1291 1690; x_wconf 89' lang='lat' dir='ltr'><strong>pro</strong></span> <span class='ocrx_word' id='word_1_584' title='bbox 1305 1656 1541 1692; x_wconf 82' lang='lat' dir='ltr'><strong>quibusdecuerat</strong></span> <span class='ocrx_word' id='word_1_585' title='bbox 1558 1655 1748 1689; x_wconf 81' lang='lat' dir='ltr'><strong>imperatorem</strong></span> 
     </span>
    </p>
   </div>
   <div class='ocr_carea' id='block_1_81' title="bbox 962 1700 1750 1738">
    <p class='ocr_par' dir='ltr' id='par_1_81' title="bbox 962 1700 1750 1738">
     <span class='ocr_line' id='line_1_81' title="bbox 962 1700 1750 1738; baseline -0.005 -7"><span class='ocrx_word' id='word_1_586' title='bbox 962 1704 1034 1731; x_wconf 84' lang='lat' dir='ltr'><strong>haud</strong></span> <span class='ocrx_word' id='word_1_587' title='bbox 1049 1710 1138 1735; x_wconf 85' lang='lat' dir='ltr'><strong>secus,</strong></span> <span class='ocrx_word' id='word_1_588' title='bbox 1156 1710 1238 1738; x_wconf 92' lang='lat' dir='ltr'><strong>quam</strong></span> <span class='ocrx_word' id='word_1_589' title='bbox 1263 1707 1379 1738; x_wconf 87' lang='lat' dir='ltr'><strong>patrem,</strong></span> <span class='ocrx_word' id='word_1_590' title='bbox 1397 1702 1486 1729; x_wconf 87' lang='lat' dir='ltr'><strong>colere</strong></span> <span class='ocrx_word' id='word_1_591' title='bbox 1503 1708 1528 1728; x_wconf 90' lang='lat' dir='ltr'><strong>et</strong></span> <span class='ocrx_word' id='word_1_592' title='bbox 1542 1701 1669 1729; x_wconf 84' lang='lat' dir='ltr'><strong>revereri.</strong></span> <span class='ocrx_word' id='word_1_593' title='bbox 1689 1700 1750 1728; x_wconf 67' lang='lat' dir='ltr'>Ca2-</span> 
     </span>
    </p>
   </div>
   <div class='ocr_carea' id='block_1_82' title="bbox 963 1745 1752 1782">
    <p class='ocr_par' dir='ltr' id='par_1_82' title="bbox 963 1745 1752 1782">
     <span class='ocr_line' id='line_1_82' title="bbox 963 1745 1752 1782; baseline -0.004 -7"><span class='ocrx_word' id='word_1_594' title='bbox 963 1751 1051 1775; x_wconf 86' lang='lat' dir='ltr'><strong>terum</strong></span> <span class='ocrx_word' id='word_1_595' title='bbox 1066 1754 1095 1774; x_wconf 89' lang='lat' dir='ltr'><strong>ea</strong></span> <span class='ocrx_word' id='word_1_596' title='bbox 1112 1748 1144 1775; x_wconf 91' lang='lat' dir='ltr'><strong>de</strong></span> <span class='ocrx_word' id='word_1_597' title='bbox 1160 1747 1259 1782; x_wconf 82' lang='lat' dir='ltr'><strong>quibus</strong></span> <span class='ocrx_word' id='word_1_598' title='bbox 1284 1747 1475 1782; x_wconf 81' lang='lat' dir='ltr'><strong>imperatorem</strong></span> <span class='ocrx_word' id='word_1_599' title='bbox 1500 1745 1685 1777; x_wconf 84' lang='lat' dir='ltr'><strong>insimulabat,</strong></span> <span class='ocrx_word' id='word_1_600' title='bbox 1703 1745 1752 1781; x_wconf 83' lang='lat' dir='ltr'>(et</span> 
     </span>
    </p>
   </div>
   <div class='ocr_carea' id='block_1_83' title="bbox 963 1789 1748 1826">
    <p class='ocr_par' dir='ltr' id='par_1_83' title="bbox 963 1789 1748 1826">
     <span class='ocr_line' id='line_1_83' title="bbox 963 1789 1748 1826; baseline -0.001 -8"><span class='ocrx_word' id='word_1_601' title='bbox 963 1796 1041 1819; x_wconf 85' lang='lat' dir='ltr'><strong>erant</strong></span> <span class='ocrx_word' id='word_1_602' title='bbox 1054 1791 1152 1826; x_wconf 90' lang='lat' dir='ltr'><strong>opinor</strong></span> <span class='ocrx_word' id='word_1_603' title='bbox 1167 1791 1253 1826; x_wconf 77' lang='lat' dir='ltr'><strong>\&#39;era,)</strong></span> <span class='ocrx_word' id='word_1_604' title='bbox 1271 1790 1374 1818; x_wconf 82' lang='lat' dir='ltr'><strong>diluere</strong></span> <span class='ocrx_word' id='word_1_605' title='bbox 1390 1795 1417 1817; x_wconf 88' lang='lat' dir='ltr'>et</span> <span class='ocrx_word' id='word_1_606' title='bbox 1436 1789 1554 1818; x_wconf 81' lang='lat' dir='ltr'><strong>refutare</strong></span> <span class='ocrx_word' id='word_1_607' title='bbox 1566 1794 1680 1818; x_wconf 88' lang='lat' dir='ltr'><strong>conatus</strong></span> <span class='ocrx_word' id='word_1_608' title='bbox 1693 1795 1748 1818; x_wconf 87' lang='lat' dir='ltr'><strong>est.</strong></span> 
     </span>
    </p>
   </div>
   <div class='ocr_carea' id='block_1_84' title="bbox 964 1836 1751 1872">
    <p class='ocr_par' dir='ltr' id='par_1_84' title="bbox 964 1836 1751 1872">
     <span class='ocr_line' id='line_1_84' title="bbox 964 1836 1751 1872; baseline -0.001 -7"><span class='ocrx_word' id='word_1_609' title='bbox 964 1837 1036 1865; x_wconf 81' lang='lat' dir='ltr'><strong>Sane</strong></span> <span class='ocrx_word' id='word_1_610' title='bbox 1052 1837 1163 1865; x_wconf 89' lang='lat' dir='ltr'><strong>mlnime</strong></span> <span class='ocrx_word' id='word_1_611' title='bbox 1179 1836 1318 1864; x_wconf 87' lang='lat' dir='ltr'><strong>toleranda</strong></span> <span class='ocrx_word' id='word_1_612' title='bbox 1343 1837 1522 1870; x_wconf 80' lang='lat' dir='ltr'><strong>commisisse,</strong></span> <span class='ocrx_word' id='word_1_613' title='bbox 1542 1837 1587 1872; x_wconf 91' lang='lat' dir='ltr'>qui</span> <span class='ocrx_word' id='word_1_614' title='bbox 1612 1844 1660 1871; x_wconf 89' lang='lat' dir='ltr'><strong>per</strong></span> <span class='ocrx_word' id='word_1_615' title='bbox 1686 1844 1751 1871; x_wconf 84' lang='lat' dir='ltr'><strong>spe-</strong></span> 
     </span>
    </p>
   </div>
   <div class='ocr_carea' id='block_1_85' title="bbox 964 1883 1753 1918">
    <p class='ocr_par' dir='ltr' id='par_1_85' title="bbox 964 1883 1753 1918">
     <span class='ocr_line' id='line_1_85' title="bbox 964 1883 1753 1918; baseline -0.001 -7"><span class='ocrx_word' id='word_1_616' title='bbox 964 1884 1033 1911; x_wconf 88' lang='lat' dir='ltr'><strong>ciem</strong></span> <span class='ocrx_word' id='word_1_617' title='bbox 1047 1883 1191 1918; x_wconf 73' lang='lat' dir='ltr'><strong>legalionis</strong></span> <span class='ocrx_word' id='word_1_618' title='bbox 1209 1883 1323 1910; x_wconf 79' lang='lat' dir='ltr'><strong>Romani</strong></span> <span class='ocrx_word' id='word_1_619' title='bbox 1340 1884 1445 1918; x_wconf 82' lang='lat' dir='ltr'><strong>imperii</strong></span> <span class='ocrx_word' id='word_1_620' title='bbox 1463 1888 1567 1918; x_wconf 87' lang='lat' dir='ltr'><strong>partem</strong></span> <span class='ocrx_word' id='word_1_621' title='bbox 1584 1883 1714 1910; x_wconf 76' lang='lat' dir='ltr'><strong>invaserit</strong></span> <span class='ocrx_word' id='word_1_622' title='bbox 1725 1887 1753 1910; x_wconf 85' lang='lat' dir='ltr'><strong>et</strong></span> 
     </span>
    </p>
   </div>
   <div class='ocr_carea' id='block_1_86' title="bbox 963 1926 1751 1964">
    <p class='ocr_par' dir='ltr' id='par_1_86' title="bbox 963 1926 1751 1964">
     <span class='ocr_line' id='line_1_86' title="bbox 963 1926 1751 1964; baseline -0.004 -7"><span class='ocrx_word' id='word_1_623' title='bbox 963 1928 1148 1964; x_wconf 83' lang='lat' dir='ltr'><strong>occupaverit,</strong></span> <span class='ocrx_word' id='word_1_624' title='bbox 1177 1928 1327 1963; x_wconf 71' lang='lat' dir='ltr'><strong>praesertim</strong></span> <span class='ocrx_word' id='word_1_625' title='bbox 1362 1935 1423 1955; x_wconf 90' lang='lat' dir='ltr'>cum</span> <span class='ocrx_word' id='word_1_626' title='bbox 1451 1927 1507 1959; x_wconf 87' lang='lat' dir='ltr'><strong>illi,</strong></span> <span class='ocrx_word' id='word_1_627' title='bbox 1535 1926 1642 1954; x_wconf 83' lang='lat' dir='ltr'><strong>tametsi</strong></span> <span class='ocrx_word' id='word_1_628' title='bbox 1666 1927 1751 1961; x_wconf 72' lang='lat' dir='ltr'><strong>copia:</strong></span> 
     </span>
    </p>
   </div>
   <div class='ocr_carea' id='block_1_87' title="bbox 963 1971 1754 2010">
    <p class='ocr_par' dir='ltr' id='par_1_87' title="bbox 963 1971 1754 2010">
     <span class='ocr_line' id='line_1_87' title="bbox 963 1971 1754 2010; baseline -0.004 -8"><span class='ocrx_word' id='word_1_629' title='bbox 963 1974 1088 2010; x_wconf 56' lang='lat' dir='ltr'><strong>eiusei.</strong></span> <span class='ocrx_word' id='word_1_630' title='bbox 1104 1974 1132 2002; x_wconf 85' lang='lat' dir='ltr'>in</span> <span class='ocrx_word' id='word_1_631' title='bbox 1149 1973 1267 2002; x_wconf 87' lang='lat' dir='ltr'><strong>Thracia</strong></span> <span class='ocrx_word' id='word_1_632' title='bbox 1283 1973 1422 2001; x_wconf 85' lang='lat' dir='ltr'><strong>montibus</strong></span> <span class='ocrx_word' id='word_1_633' title='bbox 1438 1977 1465 2000; x_wconf 90' lang='lat' dir='ltr'><strong>et</strong></span> <span class='ocrx_word' id='word_1_634' title='bbox 1487 1972 1575 1999; x_wconf 88' lang='lat' dir='ltr'><strong>lluviis</strong></span> <span class='ocrx_word' id='word_1_635' title='bbox 1594 1971 1704 1999; x_wconf 64' lang='lat' dir='ltr'><strong>inclusa:</strong></span> <span class='ocrx_word' id='word_1_636' title='bbox 1725 1977 1754 1999; x_wconf 80' lang='lat' dir='ltr'>et</span> 
     </span>
    </p>
   </div>
   <div class='ocr_carea' id='block_1_88' title="bbox 964 2017 1752 2054">
    <p class='ocr_par' dir='ltr' id='par_1_88' title="bbox 964 2017 1752 2054">
     <span class='ocr_line' id='line_1_88' title="bbox 964 2017 1752 2054; baseline -0.005 -6"><span class='ocrx_word' id='word_1_637' title='bbox 964 2021 1079 2048; x_wconf 88' lang='lat' dir='ltr'><strong>militum</strong></span> <span class='ocrx_word' id='word_1_638' title='bbox 1097 2027 1178 2047; x_wconf 89' lang='lat' dir='ltr'><strong>manu</strong></span> <span class='ocrx_word' id='word_1_639' title='bbox 1189 2023 1272 2054; x_wconf 68' lang='lat' dir='ltr'><strong>septa;</strong></span> <span class='ocrx_word' id='word_1_640' title='bbox 1286 2023 1456 2051; x_wconf 88' lang='lat' dir='ltr'><strong>tenerentur,</strong></span> <span class='ocrx_word' id='word_1_641' title='bbox 1472 2022 1561 2045; x_wconf 84' lang='lat' dir='ltr'><strong>tamen</strong></span> <span class='ocrx_word' id='word_1_642' title='bbox 1578 2017 1663 2045; x_wconf 88' lang='lat' dir='ltr'><strong>libere</strong></span> <span class='ocrx_word' id='word_1_643' title='bbox 1677 2017 1752 2044; x_wconf 71' lang='lat' dir='ltr'><strong>exire</strong></span> 
     </span>
    </p>
   </div>
   <div class='ocr_carea' id='block_1_89' title="bbox 964 2061 1752 2094">
    <p class='ocr_par' dir='ltr' id='par_1_89' title="bbox 964 2061 1752 2094">
     <span class='ocr_line' id='line_1_89' title="bbox 964 2061 1752 2094; baseline -0.008 0"><span class='ocrx_word' id='word_1_644' title='bbox 964 2065 1160 2094; x_wconf 86' lang='lat' dir='ltr'><strong>concesserint.</strong></span> <span class='ocrx_word' id='word_1_645' title='bbox 1176 2064 1283 2092; x_wconf 87' lang='lat' dir='ltr'><strong>Etenim</strong></span> <span class='ocrx_word' id='word_1_646' title='bbox 1297 2063 1321 2090; x_wconf 87' lang='lat' dir='ltr'>si</span> <span class='ocrx_word' id='word_1_647' title='bbox 1345 2062 1496 2090; x_wconf 89' lang='lat' dir='ltr'><strong>noluissent</strong></span> <span class='ocrx_word' id='word_1_648' title='bbox 1521 2066 1548 2090; x_wconf 87' lang='lat' dir='ltr'>et</span> <span class='ocrx_word' id='word_1_649' title='bbox 1577 2061 1752 2094; x_wconf 82' lang='lat' dir='ltr'><strong>restitissent,</strong></span> 
     </span>
    </p>
   </div>
   <div class='ocr_carea' id='block_1_90' title="bbox 964 2108 1753 2145">
    <p class='ocr_par' dir='ltr' id='par_1_90' title="bbox 964 2108 1753 2145">
     <span class='ocr_line' id='line_1_90' title="bbox 964 2108 1753 2145; baseline -0.008 -6"><span class='ocrx_word' id='word_1_650' title='bbox 964 2111 1072 2141; x_wconf 88' lang='lat' dir='ltr'><strong>etiamsi</strong></span> <span class='ocrx_word' id='word_1_651' title='bbox 1087 2110 1147 2145; x_wconf 87' lang='lat' dir='ltr'><strong>ejus</strong></span> <span class='ocrx_word' id='word_1_652' title='bbox 1164 2109 1249 2144; x_wconf 65' lang='lat' dir='ltr'><strong>copia</strong></span> <span class='ocrx_word' id='word_1_653' title='bbox 1270 2108 1361 2137; x_wconf 84' lang='lat' dir='ltr'><strong>decies</strong></span> <span class='ocrx_word' id='word_1_654' title='bbox 1379 2115 1494 2135; x_wconf 91' lang='lat' dir='ltr'><strong>numero</strong></span> <span class='ocrx_word' id='word_1_655' title='bbox 1507 2110 1681 2143; x_wconf 78' lang='lat' dir='ltr'><strong>superassent</strong></span> <span class='ocrx_word' id='word_1_656' title='bbox 1695 2114 1753 2138; x_wconf 83' lang='lat' dir='ltr'><strong>cas,</strong></span> 
     </span>
    </p>
   </div>
   <div class='ocr_carea' id='block_1_91' title="bbox 964 2153 1753 2194">
    <p class='ocr_par' dir='ltr' id='par_1_91' title="bbox 964 2153 1753 2194">
     <span class='ocr_line' id='line_1_91' title="bbox 964 2153 1753 2194; baseline -0.005 -10"><span class='ocrx_word' id='word_1_657' title='bbox 964 2166 1033 2194; x_wconf 85' lang='lat' dir='ltr'><strong>quas</strong></span> <span class='ocrx_word' id='word_1_658' title='bbox 1050 2164 1123 2185; x_wconf 85' lang='lat' dir='ltr'><strong>nunc</strong></span> <span class='ocrx_word' id='word_1_659' title='bbox 1140 2156 1265 2190; x_wconf 79' lang='lat' dir='ltr'><strong>haberet;</strong></span> <span class='ocrx_word' id='word_1_660' title='bbox 1298 2162 1435 2190; x_wconf 85' lang='lat' dir='ltr'><strong>nunquam</strong></span> <span class='ocrx_word' id='word_1_661' title='bbox 1461 2159 1551 2181; x_wconf 81' lang='lat' dir='ltr'><strong>tamen</strong></span> <span class='ocrx_word' id='word_1_662' title='bbox 1572 2154 1635 2181; x_wconf 88' lang='lat' dir='ltr'><strong>inde</strong></span> <span class='ocrx_word' id='word_1_663' title='bbox 1657 2153 1753 2188; x_wconf 89' lang='lat' dir='ltr'><strong>pedem</strong></span> 
     </span>
    </p>
   </div>
   <div class='ocr_carea' id='block_1_92' title="bbox 129 2201 907 2246">
    <p class='ocr_par' dir='ltr' id='par_1_92' title="bbox 129 2206 907 2242">
     <span class='ocr_line' id='line_1_92' title="bbox 129 2206 907 2242; baseline 0.003 -10"><span class='ocrx_word' id='word_1_664' title='bbox 129 2206 245 2241; x_wconf 72' lang='grc' dir='ltr'>φορητὸν</span> <span class='ocrx_word' id='word_1_665' title='bbox 267 2206 359 2238; x_wconf 75' lang='grc' dir='ltr'>πόλεις</span> <span class='ocrx_word' id='word_1_666' title='bbox 384 2206 455 2233; x_wconf 79' lang='grc' dir='ltr'>οὕτω</span> <span class='ocrx_word' id='word_1_667' title='bbox 476 2207 608 2242; x_wconf 80' lang='grc' dir='ltr'>μεγάλας,</span> <span class='ocrx_word' id='word_1_668' title='bbox 624 2207 679 2234; x_wconf 82' lang='grc' dir='ltr'>τῶν</span> <span class='ocrx_word' id='word_1_669' title='bbox 695 2207 846 2242; x_wconf 74' lang='grc' dir='ltr'>οἰκητόρων</span> <span class='ocrx_word' id='word_1_670' title='bbox 863 2208 907 2234; x_wconf 82' lang='grc' dir='ltr'>ἐκ·</span> 
     </span>
    </p>
   </div>
   <div class='ocr_carea' id='block_1_93' title="bbox 959 2201 1757 2246">
    <p class='ocr_par' dir='ltr' id='par_1_93' title="bbox 965 2201 1757 2239">
     <span class='ocr_line' id='line_1_93' title="bbox 965 2201 1757 2239; baseline -0.006 -7"><span class='ocrx_word' id='word_1_671' title='bbox 965 2205 1067 2233; x_wconf 89' lang='lat' dir='ltr'><strong>rel&#39;erre</strong></span> <span class='ocrx_word' id='word_1_672' title='bbox 1077 2203 1243 2239; x_wconf 83' lang='lat' dir='ltr'><strong>potuissent.</strong></span> <span class='ocrx_word' id='word_1_673' title='bbox 1259 2202 1339 2230; x_wconf 90' lang='lat' dir='ltr'>Nunc</span> <span class='ocrx_word' id='word_1_674' title='bbox 1350 2202 1431 2238; x_wconf 71' lang='lat' dir='ltr'><strong>igitur</strong></span> <span class='ocrx_word' id='word_1_675' title='bbox 1443 2208 1473 2230; x_wconf 85' lang='lat' dir='ltr'><strong>se</strong></span> <span class='ocrx_word' id='word_1_676' title='bbox 1482 2201 1520 2229; x_wconf 91' lang='lat' dir='ltr'><strong>illi</strong></span> <span class='ocrx_word' id='word_1_677' title='bbox 1534 2201 1661 2233; x_wconf 85' lang='lat' dir='ltr'><strong>suadere,</strong></span> <span class='ocrx_word' id='word_1_678' title='bbox 1677 2204 1707 2227; x_wconf 87' lang='lat' dir='ltr'><strong>ut</strong></span> <span class='ocrx_word' id='word_1_679' title='bbox 1723 2207 1757 2228; x_wconf 76' lang='lat' dir='ltr'>se</span> 
     </span>
    </p>
   </div>
   <div class='ocr_carea' id='block_1_94' title="bbox 127 2245 907 2289">
    <p class='ocr_par' dir='ltr' id='par_1_94' title="bbox 127 2251 907 2289">
     <span class='ocr_line' id='line_1_94' title="bbox 127 2251 907 2289; baseline 0.004 -12"><span class='ocrx_word' id='word_1_680' title='bbox 127 2251 318 2286; x_wconf 82' lang='grc' dir='ltr'>ϐληθέντων¹¹¹,</span> <span class='ocrx_word' id='word_1_681' title='bbox 340 2252 386 2278; x_wconf 81' lang='grc' dir='ltr'>ὑπ’</span> <span class='ocrx_word' id='word_1_682' title='bbox 417 2251 498 2279; x_wconf 79' lang='grc' dir='ltr'>αὐτοῦ</span> <span class='ocrx_word' id='word_1_683' title='bbox 521 2252 706 2289; x_wconf 81' lang='grc' dir='ltr'>κατέχεσθαι),</span> <span class='ocrx_word' id='word_1_684' title='bbox 727 2253 814 2280; x_wconf 84' lang='grc' dir='ltr'>ἐλθεῖν</span> <span class='ocrx_word' id='word_1_685' title='bbox 828 2253 857 2280; x_wconf 82' lang='grc' dir='ltr'>δὲ</span> <span class='ocrx_word' id='word_1_686' title='bbox 870 2254 907 2286; x_wconf 78' lang='grc' dir='ltr'>εἰς</span> 
     </span>
    </p>
   </div>
   <div class='ocr_carea' id='block_1_95' title="bbox 959 2245 1755 2289">
    <p class='ocr_par' dir='ltr' id='par_1_95' title="bbox 966 2245 1755 2284">
     <span class='ocr_line' id='line_1_95' title="bbox 966 2245 1755 2284; baseline -0.008 -6"><span class='ocrx_word' id='word_1_687' title='bbox 966 2250 1137 2279; x_wconf 83' lang='lat' dir='ltr'><strong>summissius</strong></span> <span class='ocrx_word' id='word_1_688' title='bbox 1165 2257 1229 2284; x_wconf 75' lang='lat' dir='ltr'><strong>erga</strong></span> <span class='ocrx_word' id='word_1_689' title='bbox 1262 2248 1455 2283; x_wconf 87' lang='lat' dir='ltr'><strong>imperatorem</strong></span> <span class='ocrx_word' id='word_1_690' title='bbox 1483 2251 1571 2281; x_wconf 72' lang='lat' dir='ltr'><strong>gerat.</strong></span> <span class='ocrx_word' id='word_1_691' title='bbox 1600 2245 1655 2273; x_wconf 85' lang='lat' dir='ltr'>Nec</span> <span class='ocrx_word' id='word_1_692' title='bbox 1679 2245 1755 2273; x_wconf 87' lang='lat' dir='ltr'><strong>enim</strong></span> 
     </span>
    </p>
   </div>
   <div class='ocr_carea' id='block_1_96' title="bbox 126 2296 911 2335">
    <p class='ocr_par' dir='ltr' id='par_1_96' title="bbox 126 2296 911 2335">
     <span class='ocr_line' id='line_1_96' title="bbox 126 2296 911 2335; baseline 0.004 -12"><span class='ocrx_word' id='word_1_693' title='bbox 126 2297 174 2332; x_wconf 78' lang='grc' dir='ltr'>τὴν</span> <span class='ocrx_word' id='word_1_694' title='bbox 200 2298 361 2334; x_wconf 83' lang='grc' dir='ltr'>Δαρδανίαν,</span> <span class='ocrx_word' id='word_1_695' title='bbox 377 2299 407 2325; x_wconf 81' lang='grc' dir='ltr'>ἐν</span> <span class='ocrx_word' id='word_1_696' title='bbox 452 2298 546 2335; x_wconf 83' lang='grc' dir='ltr'>χώραν</span> <span class='ocrx_word' id='word_1_697' title='bbox 576 2297 647 2326; x_wconf 68' lang='grc' dir='ltr'>εἶναι</span> <span class='ocrx_word' id='word_1_698' title='bbox 674 2299 774 2334; x_wconf 79' lang='grc' dir='ltr'>πολλὴν</span> <span class='ocrx_word' id='word_1_699' title='bbox 790 2299 866 2335; x_wconf 79' lang='grc' dir='ltr'>παρᾶ</span> <span class='ocrx_word' id='word_1_700' title='bbox 877 2299 911 2326; x_wconf 71' lang='grc' dir='ltr'>τὰ</span> 
     </span>
    </p>
   </div>
   <div class='ocr_carea' id='block_1_97' title="bbox 127 2343 909 2381">
    <p class='ocr_par' dir='ltr' id='par_1_97' title="bbox 127 2343 909 2381">
     <span class='ocr_line' id='line_1_97' title="bbox 127 2343 909 2381; baseline 0.004 -12"><span class='ocrx_word' id='word_1_701' title='bbox 127 2343 282 2378; x_wconf 74' lang='grc' dir='ltr'>οἰκούμενα,</span> <span class='ocrx_word' id='word_1_702' title='bbox 312 2345 398 2379; x_wconf 80' lang='grc' dir='ltr'>καλὴν</span> <span class='ocrx_word' id='word_1_703' title='bbox 417 2345 466 2380; x_wconf 65' lang='grc' dir='ltr'>μὲν</span> <span class='ocrx_word' id='word_1_704' title='bbox 483 2346 529 2371; x_wconf 72' lang='grc' dir='ltr'>καὶ</span> <span class='ocrx_word' id='word_1_705' title='bbox 542 2344 657 2379; x_wconf 82' lang='grc' dir='ltr'>εὔγειον,</span> <span class='ocrx_word' id='word_1_706' title='bbox 671 2345 748 2372; x_wconf 68' lang='grc' dir='ltr'>ἐνδεᾶ</span> <span class='ocrx_word' id='word_1_707' title='bbox 758 2345 786 2372; x_wconf 79' lang='grc' dir='ltr'>δὲ</span> <span class='ocrx_word' id='word_1_708' title='bbox 797 2346 909 2381; x_wconf 77' lang='grc' dir='ltr'>οἰκητό-</span> 
     </span>
    </p>
   </div>
   <div class='ocr_carea' id='block_1_98' title="bbox 130 2390 911 2427">
    <p class='ocr_par' dir='ltr' id='par_1_98' title="bbox 130 2390 911 2427">
     <span class='ocr_line' id='line_1_98' title="bbox 130 2390 911 2427; baseline 0.004 -11"><span class='ocrx_word' id='word_1_709' title='bbox 130 2397 193 2424; x_wconf 84' lang='grc' dir='ltr'>ρων,</span> <span class='ocrx_word' id='word_1_710' title='bbox 208 2390 242 2425; x_wconf 75' lang='grc' dir='ltr'>ἢν</span> <span class='ocrx_word' id='word_1_711' title='bbox 262 2390 375 2417; x_wconf 80' lang='grc' dir='ltr'>δύναται</span> <span class='ocrx_word' id='word_1_712' title='bbox 398 2391 532 2427; x_wconf 83' lang='grc' dir='ltr'>γεωργῶν</span> <span class='ocrx_word' id='word_1_713' title='bbox 548 2392 577 2418; x_wconf 86' lang='grc' dir='ltr'>ἐν</span> <span class='ocrx_word' id='word_1_714' title='bbox 591 2391 674 2418; x_wconf 79' lang='grc' dir='ltr'>πᾶσιν</span> <span class='ocrx_word' id='word_1_715' title='bbox 688 2391 814 2427; x_wconf 78' lang='grc' dir='ltr'>ἀφθόνοις</span> <span class='ocrx_word' id='word_1_716' title='bbox 828 2392 911 2419; x_wconf 74' lang='grc' dir='ltr'>αὑτοῦ</span> 
     </span>
    </p>
   </div>
   <div class='ocr_carea' id='block_1_99' title="bbox 127 2436 914 2473">
    <p class='ocr_par' dir='ltr' id='par_1_99' title="bbox 127 2436 914 2473">
     <span class='ocr_line' id='line_1_99' title="bbox 127 2436 914 2473; baseline 0.005 -12"><span class='ocrx_word' id='word_1_717' title='bbox 127 2437 178 2470; x_wconf 74' lang='grc' dir='ltr'>τὴν</span> <span class='ocrx_word' id='word_1_718' title='bbox 201 2436 346 2472; x_wconf 77' lang='grc' dir='ltr'>στρατείαν</span> <span class='ocrx_word' id='word_1_719' title='bbox 363 2437 479 2471; x_wconf 81' lang='grc' dir='ltr'>διάγειν.</span> <span class='ocrx_word' id='word_1_720' title='bbox 503 2437 531 2464; x_wconf 94' lang='lat'>&#39;0</span> <span class='ocrx_word' id='word_1_721' title='bbox 546 2436 576 2464; x_wconf 75' lang='grc' dir='ltr'>δέ</span> <span class='ocrx_word' id='word_1_722' title='bbox 590 2437 752 2473; x_wconf 82' lang='grc' dir='ltr'>Θευδέριχος</span> <span class='ocrx_word' id='word_1_723' title='bbox 764 2438 846 2469; x_wconf 81' lang='grc' dir='ltr'>αὐτὸς</span> <span class='ocrx_word' id='word_1_724' title='bbox 862 2438 914 2473; x_wconf 75' lang='grc' dir='ltr'>μὲν</span> 
     </span>
    </p>
   </div>
   <div class='ocr_carea' id='block_1_100' title="bbox 128 2481 913 2518">
    <p class='ocr_par' dir='ltr' id='par_1_100' title="bbox 128 2481 913 2518">
     <span class='ocr_line' id='line_1_100' title="bbox 128 2481 913 2518; baseline 0.004 -12"><span class='ocrx_word' id='word_1_725' title='bbox 128 2481 255 2515; x_wconf 75' lang='grc' dir='ltr'>ἐπώμνυε</span> <span class='ocrx_word' id='word_1_726' title='bbox 282 2481 370 2509; x_wconf 81' lang='grc' dir='ltr'>ταῦτα</span> <span class='ocrx_word' id='word_1_727' title='bbox 407 2482 571 2517; x_wconf 85' lang='grc' dir='ltr'>βούλεσθαι,</span> <span class='ocrx_word' id='word_1_728' title='bbox 597 2482 628 2509; x_wconf 83' lang='grc' dir='ltr'>οὐ</span> <span class='ocrx_word' id='word_1_729' title='bbox 657 2483 749 2518; x_wconf 83' lang='grc' dir='ltr'>μέντοι</span> <span class='ocrx_word' id='word_1_730' title='bbox 770 2483 913 2515; x_wconf 77' lang='grc' dir='ltr'>ἀνέξεσθαι</span> 
     </span>
    </p>
   </div>
   <div class='ocr_carea' id='block_1_101' title="bbox 129 2525 911 2564">
    <p class='ocr_par' dir='ltr' id='par_1_101' title="bbox 129 2525 911 2564">
     <span class='ocr_line' id='line_1_101' title="bbox 129 2525 911 2564; baseline 0.004 -12"><span class='ocrx_word' id='word_1_731' title='bbox 129 2525 210 2552; x_wconf 85' lang='grc' dir='ltr'>αὑτοῦ</span> <span class='ocrx_word' id='word_1_732' title='bbox 224 2526 255 2552; x_wconf 78' lang='grc' dir='ltr'>τὸ</span> <span class='ocrx_word' id='word_1_733' title='bbox 273 2525 387 2562; x_wconf 80' lang='grc' dir='ltr'>πλῆθος,</span> <span class='ocrx_word' id='word_1_734' title='bbox 418 2527 504 2554; x_wconf 85' lang='grc' dir='ltr'>πολλὰ</span> <span class='ocrx_word' id='word_1_735' title='bbox 531 2527 581 2562; x_wconf 85' lang='grc' dir='ltr'>μὲν</span> <span class='ocrx_word' id='word_1_736' title='bbox 605 2528 911 2564; x_wconf 78' lang='grc' dir='ltr'>προτεταλαιπωρηκδς,</span> 
     </span>
    </p>
   </div>
   <div class='ocr_carea' id='block_1_102' title="bbox 968 2291 1754 2331">
    <p class='ocr_par' dir='ltr' id='par_1_102' title="bbox 968 2291 1754 2331">
     <span class='ocr_line' id='line_1_102' title="bbox 968 2291 1754 2331; baseline -0.008 -7"><span class='ocrx_word' id='word_1_737' title='bbox 968 2297 1074 2325; x_wconf 88' lang='lat' dir='ltr'><strong>tandem</strong></span> <span class='ocrx_word' id='word_1_738' title='bbox 1092 2296 1118 2323; x_wconf 89' lang='lat' dir='ltr'><strong>itt</strong></span> <span class='ocrx_word' id='word_1_739' title='bbox 1134 2297 1193 2330; x_wconf 84' lang='lat' dir='ltr'><strong>ejus</strong></span> <span class='ocrx_word' id='word_1_740' title='bbox 1209 2299 1344 2331; x_wconf 86' lang='lat' dir='ltr'><strong>potestate</strong></span> <span class='ocrx_word' id='word_1_741' title='bbox 1359 2294 1416 2322; x_wconf 81' lang='lat' dir='ltr'><strong>fore</strong></span> <span class='ocrx_word' id='word_1_742' title='bbox 1432 2293 1629 2324; x_wconf 81' lang='lat' dir='ltr'><strong>Romanorum,</strong></span> <span class='ocrx_word' id='word_1_743' title='bbox 1645 2291 1692 2326; x_wconf 88' lang='lat' dir='ltr'><strong>qui</strong></span> <span class='ocrx_word' id='word_1_744' title='bbox 1716 2291 1754 2318; x_wconf 91' lang='lat' dir='ltr'><strong>illi</strong></span> 
     </span>
    </p>
   </div>
   <div class='ocr_carea' id='block_1_103' title="bbox 967 2337 1748 2377">
    <p class='ocr_par' dir='ltr' id='par_1_103' title="bbox 967 2337 1748 2377">
     <span class='ocr_line' id='line_1_103' title="bbox 967 2337 1748 2377; baseline -0.008 -8"><span class='ocrx_word' id='word_1_745' title='bbox 967 2343 1086 2377; x_wconf 88' lang='lat' dir='ltr'><strong>undique</strong></span> <span class='ocrx_word' id='word_1_746' title='bbox 1100 2341 1284 2372; x_wconf 85' lang='lat' dir='ltr'><strong>imminerent,</strong></span> <span class='ocrx_word' id='word_1_747' title='bbox 1301 2347 1396 2368; x_wconf 85' lang='lat' dir='ltr'><strong>manus</strong></span> <span class='ocrx_word' id='word_1_748' title='bbox 1409 2339 1536 2374; x_wconf 68' lang='lat' dir='ltr'><strong>effugere.</strong></span> <span class='ocrx_word' id='word_1_749' title='bbox 1551 2338 1681 2373; x_wconf 88' lang='lat' dir='ltr'><strong>Oportere</strong></span> <span class='ocrx_word' id='word_1_750' title='bbox 1697 2337 1748 2372; x_wconf 75' lang='lat' dir='ltr'><strong>igi-</strong></span> 
     </span>
    </p>
   </div>
   <div class='ocr_carea' id='block_1_104' title="bbox 969 2384 1755 2423">
    <p class='ocr_par' dir='ltr' id='par_1_104' title="bbox 969 2384 1755 2423">
     <span class='ocr_line' id='line_1_104' title="bbox 969 2384 1755 2423; baseline -0.008 -7"><span class='ocrx_word' id='word_1_751' title='bbox 969 2394 1022 2422; x_wconf 84' lang='lat' dir='ltr'><strong>tur,</strong></span> <span class='ocrx_word' id='word_1_752' title='bbox 1041 2389 1064 2417; x_wconf 87' lang='lat' dir='ltr'>si</span> <span class='ocrx_word' id='word_1_753' title='bbox 1076 2395 1106 2416; x_wconf 87' lang='lat' dir='ltr'><strong>se</strong></span> <span class='ocrx_word' id='word_1_754' title='bbox 1118 2388 1221 2420; x_wconf 86' lang='lat' dir='ltr'><strong>audiat,</strong></span> <span class='ocrx_word' id='word_1_755' title='bbox 1232 2387 1315 2423; x_wconf 89' lang='lat' dir='ltr'><strong>Epiro</strong></span> <span class='ocrx_word' id='word_1_756' title='bbox 1329 2391 1356 2414; x_wconf 92' lang='lat' dir='ltr'><strong>et</strong></span> <span class='ocrx_word' id='word_1_757' title='bbox 1371 2386 1431 2421; x_wconf 83' lang='lat' dir='ltr'><strong>ejus</strong></span> <span class='ocrx_word' id='word_1_758' title='bbox 1446 2385 1565 2421; x_wconf 78' lang='lat' dir='ltr'><strong>regionis</strong></span> <span class='ocrx_word' id='word_1_759' title='bbox 1580 2384 1694 2411; x_wconf 88' lang='lat' dir='ltr'><strong>urbibus</strong></span> <span class='ocrx_word' id='word_1_760' title='bbox 1709 2390 1755 2410; x_wconf 65' lang='grc' dir='ltr'>αις</span> 
     </span>
    </p>
   </div>
   <div class='ocr_carea' id='block_1_105' title="bbox 967 2432 1754 2465">
    <p class='ocr_par' dir='ltr' id='par_1_105' title="bbox 967 2432 1754 2465">
     <span class='ocr_line' id='line_1_105' title="bbox 967 2432 1754 2465; baseline -0.009 -2"><span class='ocrx_word' id='word_1_761' title='bbox 967 2436 1045 2463; x_wconf 83' lang='lat' dir='ltr'><strong>dere.</strong></span> <span class='ocrx_word' id='word_1_762' title='bbox 1074 2434 1129 2462; x_wconf 73' lang='lat' dir='ltr'><strong>Nec</strong></span> <span class='ocrx_word' id='word_1_763' title='bbox 1144 2434 1216 2461; x_wconf 91' lang='lat' dir='ltr'><strong>enim</strong></span> <span class='ocrx_word' id='word_1_764' title='bbox 1229 2434 1284 2461; x_wconf 92' lang='lat' dir='ltr'><strong>ullo</strong></span> <span class='ocrx_word' id='word_1_765' title='bbox 1301 2433 1379 2461; x_wconf 87' lang='lat' dir='ltr'><strong>tnodo</strong></span> <span class='ocrx_word' id='word_1_766' title='bbox 1393 2432 1546 2464; x_wconf 80' lang='lat' dir='ltr'><strong>ferendum,</strong></span> <span class='ocrx_word' id='word_1_767' title='bbox 1561 2435 1617 2459; x_wconf 87' lang='lat' dir='ltr'>tam</span> <span class='ocrx_word' id='word_1_768' title='bbox 1644 2438 1754 2465; x_wconf 77' lang='lat' dir='ltr'><strong>magnas</strong></span> 
     </span>
    </p>
   </div>
   <div class='ocr_carea' id='block_1_106' title="bbox 967 2476 1758 2516">
    <p class='ocr_par' dir='ltr' id='par_1_106' title="bbox 967 2476 1758 2516">
     <span class='ocr_line' id='line_1_106' title="bbox 967 2476 1758 2516; baseline -0.009 -8"><span class='ocrx_word' id='word_1_769' title='bbox 967 2482 1059 2514; x_wconf 84' lang='lat' dir='ltr'><strong>urbes,</strong></span> <span class='ocrx_word' id='word_1_770' title='bbox 1073 2480 1194 2516; x_wconf 80' lang='lat' dir='ltr'><strong>expulsis</strong></span> <span class='ocrx_word' id='word_1_771' title='bbox 1210 2480 1316 2512; x_wconf 86' lang='lat' dir='ltr'><strong>incolis,</strong></span> <span class='ocrx_word' id='word_1_772' title='bbox 1332 2486 1394 2507; x_wconf 89' lang='lat' dir='ltr'>eum</span> <span class='ocrx_word' id='word_1_773' title='bbox 1413 2483 1517 2506; x_wconf 88' lang='lat' dir='ltr'><strong>tenere.</strong></span> <span class='ocrx_word' id='word_1_774' title='bbox 1532 2477 1618 2505; x_wconf 82' lang='lat' dir='ltr'><strong>Abeat</strong></span> <span class='ocrx_word' id='word_1_775' title='bbox 1632 2476 1713 2511; x_wconf 81' lang='lat' dir='ltr'><strong>igitur</strong></span> <span class='ocrx_word' id='word_1_776' title='bbox 1727 2476 1758 2502; x_wconf 81' lang='lat' dir='ltr'><strong>in</strong></span> 
     </span>
    </p>
   </div>
   <div class='ocr_carea' id='block_1_107' title="bbox 966 2519 1758 2560">
    <p class='ocr_par' dir='ltr' id='par_1_107' title="bbox 966 2519 1758 2560">
     <span class='ocr_line' id='line_1_107' title="bbox 966 2519 1758 2560; baseline -0.009 -7"><span class='ocrx_word' id='word_1_777' title='bbox 966 2526 1142 2559; x_wconf 82' lang='lat' dir='ltr'><strong>Dardaniam,</strong></span> <span class='ocrx_word' id='word_1_778' title='bbox 1156 2526 1201 2554; x_wconf 91' lang='lat' dir='ltr'><strong>ubi</strong></span> <span class='ocrx_word' id='word_1_779' title='bbox 1215 2525 1290 2560; x_wconf 77' lang='lat' dir='ltr'><strong>regio</strong></span> <span class='ocrx_word' id='word_1_780' title='bbox 1301 2524 1347 2558; x_wconf 87' lang='lat' dir='ltr'><strong>sit,</strong></span> <span class='ocrx_word' id='word_1_781' title='bbox 1372 2528 1471 2558; x_wconf 63' lang='lat' dir='ltr'><strong>preter</strong></span> <span class='ocrx_word' id='word_1_782' title='bbox 1484 2530 1544 2550; x_wconf 86' lang='lat' dir='ltr'>eam</span> <span class='ocrx_word' id='word_1_783' title='bbox 1560 2529 1621 2557; x_wconf 68' lang='lat' dir='ltr'><strong>quae</strong></span> <span class='ocrx_word' id='word_1_784' title='bbox 1649 2519 1758 2547; x_wconf 79' lang='lat' dir='ltr'><strong>habita-</strong></span> 
     </span>
    </p>
   </div>
   <div class='ocr_carea' id='block_1_108' title="bbox 130 2567 907 2609">
    <p class='ocr_par' dir='ltr' id='par_1_108' title="bbox 130 2571 907 2609">
     <span class='ocr_line' id='line_1_108' title="bbox 130 2571 907 2609; baseline 0.003 -11"><span class='ocrx_word' id='word_1_785' title='bbox 130 2571 205 2607; x_wconf 81' lang='grc' dir='ltr'>μόλις</span> <span class='ocrx_word' id='word_1_786' title='bbox 226 2572 255 2599; x_wconf 75' lang='grc' dir='ltr'>δὲ</span> <span class='ocrx_word' id='word_1_787' title='bbox 281 2572 463 2604; x_wconf 80' lang='grc' dir='ltr'>ἀναπαύσεως</span> <span class='ocrx_word' id='word_1_788' title='bbox 485 2572 532 2599; x_wconf 78' lang='grc' dir='ltr'>νῦν</span> <span class='ocrx_word' id='word_1_789' title='bbox 559 2573 753 2609; x_wconf 75' lang='grc' dir='ltr'>ἐπιλαϐόμενον</span> <span class='ocrx_word' id='word_1_790' title='bbox 767 2582 774 2590; x_wconf 92' lang='grc'><strong>·</strong></span> <span class='ocrx_word' id='word_1_791' title='bbox 799 2573 847 2605; x_wconf 84' lang='grc' dir='ltr'>οὓς</span> <span class='ocrx_word' id='word_1_792' title='bbox 877 2574 907 2600; x_wconf 88' lang='grc' dir='ltr'>οὺ</span> 
     </span>
    </p>
   </div>
   <div class='ocr_carea' id='block_1_109' title="bbox 959 2567 1759 2609">
    <p class='ocr_par' dir='ltr' id='par_1_109' title="bbox 964 2567 1759 2608">
     <span class='ocr_line' id='line_1_109' title="bbox 964 2567 1759 2608; baseline -0.01 -7"><span class='ocrx_word' id='word_1_793' title='bbox 964 2577 1018 2607; x_wconf 88' lang='lat' dir='ltr'><strong>tur,</strong></span> <span class='ocrx_word' id='word_1_794' title='bbox 1032 2574 1131 2608; x_wconf 82' lang='lat' dir='ltr'><strong>ampla,</strong></span> <span class='ocrx_word' id='word_1_795' title='bbox 1147 2579 1256 2600; x_wconf 60' lang='lat' dir='ltr'><strong>amoena</strong></span> <span class='ocrx_word' id='word_1_796' title='bbox 1270 2576 1297 2600; x_wconf 90' lang='lat' dir='ltr'>et</span> <span class='ocrx_word' id='word_1_797' title='bbox 1312 2571 1420 2604; x_wconf 81' lang='lat' dir='ltr'><strong>fertilis,</strong></span> <span class='ocrx_word' id='word_1_798' title='bbox 1432 2577 1492 2605; x_wconf 78' lang='lat' dir='ltr'><strong>qua:</strong></span> <span class='ocrx_word' id='word_1_799' title='bbox 1502 2568 1602 2596; x_wconf 81' lang='lat' dir='ltr'><strong>incolis</strong></span> <span class='ocrx_word' id='word_1_800' title='bbox 1617 2567 1734 2601; x_wconf 65' lang='lat' dir='ltr'><strong>indigeat</strong></span> <span class='ocrx_word' id='word_1_801' title='bbox 1745 2573 1759 2599; x_wconf 66' lang='grc' dir='ltr'><strong>ί</strong></span> 
     </span>
    </p>
   </div>
   <div class='ocr_carea' id='block_1_110' title="bbox 129 2613 907 2657">
    <p class='ocr_par' dir='ltr' id='par_1_110' title="bbox 129 2618 907 2657">
     <span class='ocr_line' id='line_1_110' title="bbox 129 2618 907 2657; baseline 0.005 -13"><span class='ocrx_word' id='word_1_802' title='bbox 129 2618 258 2646; x_wconf 79' lang='grc' dir='ltr'>δύνασθαι</span> <span class='ocrx_word' id='word_1_803' title='bbox 272 2619 355 2654; x_wconf 80' lang='grc' dir='ltr'>μήπω</span> <span class='ocrx_word' id='word_1_804' title='bbox 383 2619 604 2652; x_wconf 82' lang='grc' dir='ltr'>ἀναπνεύσαντας</span> <span class='ocrx_word' id='word_1_805' title='bbox 620 2621 697 2655; x_wconf 75' lang='grc' dir='ltr'>ἄγειν</span> <span class='ocrx_word' id='word_1_806' title='bbox 717 2621 826 2657; x_wconf 79' lang='grc' dir='ltr'>μακρὰν</span> <span class='ocrx_word' id='word_1_807' title='bbox 842 2620 907 2648; x_wconf 77' lang='grc' dir='ltr'>οὖτα</span> 
     </span>
    </p>
   </div>
   <div class='ocr_carea' id='block_1_111' title="bbox 959 2613 1756 2657">
    <p class='ocr_par' dir='ltr' id='par_1_111' title="bbox 964 2613 1756 2656">
     <span class='ocr_line' id='line_1_111' title="bbox 964 2613 1756 2656; baseline -0.01 -10"><span class='ocrx_word' id='word_1_808' title='bbox 964 2628 1045 2656; x_wconf 86' lang='lat' dir='ltr'><strong>quant</strong></span> <span class='ocrx_word' id='word_1_809' title='bbox 1058 2619 1082 2646; x_wconf 90' lang='lat' dir='ltr'><strong>si</strong></span> <span class='ocrx_word' id='word_1_810' title='bbox 1096 2619 1177 2652; x_wconf 85' lang='lat' dir='ltr'><strong>colat,</strong></span> <span class='ocrx_word' id='word_1_811' title='bbox 1187 2618 1308 2646; x_wconf 92' lang='lat' dir='ltr'><strong>omnium</strong></span> <span class='ocrx_word' id='word_1_812' title='bbox 1324 2625 1412 2644; x_wconf 92' lang='lat' dir='ltr'><strong>rerum</strong></span> <span class='ocrx_word' id='word_1_813' title='bbox 1426 2615 1590 2643; x_wconf 86' lang='lat' dir='ltr'><strong>abundantia</strong></span> <span class='ocrx_word' id='word_1_814' title='bbox 1604 2613 1756 2642; x_wconf 76' lang='lat' dir='ltr'><strong>exercitum</strong></span> 
     </span>
    </p>
   </div>
   <div class='ocr_carea' id='block_1_112' title="bbox 130 2664 911 2702">
    <p class='ocr_par' dir='ltr' id='par_1_112' title="bbox 130 2664 911 2702">
     <span class='ocr_line' id='line_1_112' title="bbox 130 2664 911 2702; baseline 0.004 -11"><span class='ocrx_word' id='word_1_815' title='bbox 130 2664 254 2698; x_wconf 69' lang='grc' dir='ltr'>πορείαν.</span> <span class='ocrx_word' id='word_1_816' title='bbox 278 2664 359 2692; x_wconf 82' lang='grc' dir='ltr'>Ἀλλὰ</span> <span class='ocrx_word' id='word_1_817' title='bbox 374 2665 422 2692; x_wconf 83' lang='grc' dir='ltr'>νῦν</span> <span class='ocrx_word' id='word_1_818' title='bbox 433 2665 483 2701; x_wconf 84' lang='grc' dir='ltr'>μέν</span> <span class='ocrx_word' id='word_1_819' title='bbox 497 2665 597 2697; x_wconf 82' lang='grc' dir='ltr'>αὐτοὺς</span> <span class='ocrx_word' id='word_1_820' title='bbox 607 2666 653 2702; x_wconf 77' lang='grc' dir='ltr'>ἐᾷν</span> <span class='ocrx_word' id='word_1_821' title='bbox 667 2667 749 2694; x_wconf 83' lang='grc' dir='ltr'>αὐτοῦ</span> <span class='ocrx_word' id='word_1_822' title='bbox 763 2667 911 2702; x_wconf 73' lang='grc' dir='ltr'>ἐπιχειμάο</span> 
     </span>
    </p>
   </div>
   <div class='ocr_carea' id='block_1_113' title="bbox 963 2658 1755 2698">
    <p class='ocr_par' dir='ltr' id='par_1_113' title="bbox 963 2658 1755 2698">
     <span class='ocr_line' id='line_1_113' title="bbox 963 2658 1755 2698; baseline -0.013 -4"><span class='ocrx_word' id='word_1_823' title='bbox 963 2673 1041 2694; x_wconf 86' lang='lat' dir='ltr'><strong>somn</strong></span> <span class='ocrx_word' id='word_1_824' title='bbox 1053 2665 1126 2693; x_wconf 85' lang='lat' dir='ltr'><strong>alere</strong></span> <span class='ocrx_word' id='word_1_825' title='bbox 1137 2668 1164 2692; x_wconf 86' lang='lat' dir='ltr'>et</span> <span class='ocrx_word' id='word_1_826' title='bbox 1182 2668 1336 2693; x_wconf 83' lang='lat' dir='ltr'><strong>sustentare</strong></span> <span class='ocrx_word' id='word_1_827' title='bbox 1351 2661 1445 2698; x_wconf 84' lang='lat' dir='ltr'><strong>possit.</strong></span> <span class='ocrx_word' id='word_1_828' title='bbox 1460 2659 1665 2689; x_wconf 86' lang='lat' dir='ltr'><strong>Theuderichus</strong></span> <span class='ocrx_word' id='word_1_829' title='bbox 1675 2658 1755 2693; x_wconf 83' lang='lat' dir='ltr'><strong>jure-</strong></span> 
     </span>
    </p>
   </div>
   <div class='ocr_carea' id='block_1_114' title="bbox 786 2719 1124 2748">
    <p class='ocr_par' dir='ltr' id='par_1_114' title="bbox 786 2719 1124 2748">
     <span class='ocr_line' id='line_1_114' title="bbox 786 2719 1124 2748; baseline -0.006 0"><span class='ocrx_word' id='word_1_830' title='bbox 786 2720 901 2748; x_wconf 72' lang='lat' dir='ltr'>VABUE</span> <span class='ocrx_word' id='word_1_831' title='bbox 921 2719 1124 2748; x_wconf 79' lang='lat' dir='ltr'>LECTlONES.</span> 
     </span>
    </p>
   </div>
   <div class='ocr_carea' id='block_1_115' title="bbox 165 2775 1372 2814">
    <p class='ocr_par' dir='ltr' id='par_1_115' title="bbox 165 2775 1372 2814">
     <span class='ocr_line' id='line_1_115' title="bbox 165 2775 1372 2814; baseline 0 -12"><span class='ocrx_word' id='word_1_832' title='bbox 165 2777 186 2792; x_wconf 88' lang='lat'><strong>&quot;</strong></span> <span class='ocrx_word' id='word_1_833' title='bbox 202 2776 278 2814; x_wconf 51' lang='grc' dir='ltr'>παρ-δι</span> <span class='ocrx_word' id='word_1_834' title='bbox 288 2778 360 2813; x_wconf 68' lang='lat' dir='ltr'><strong>vulg.</strong></span> <span class='ocrx_word' id='word_1_835' title='bbox 379 2813 384 2814; x_wconf 20' lang='grc' dir='ltr'>γ</span> <span class='ocrx_word' id='word_1_836' title='bbox 399 2778 422 2794; x_wconf 83' lang='lat'>&quot;</span> <span class='ocrx_word' id='word_1_837' title='bbox 432 2776 485 2814; x_wconf 58' lang='lat' dir='ltr'><strong>tib};</strong></span> <span class='ocrx_word' id='word_1_838' title='bbox 499 2776 676 2814; x_wconf 56' lang='lat' dir='ltr'><strong>Yal:,_itbku</strong></span> <span class='ocrx_word' id='word_1_839' title='bbox 686 2779 757 2814; x_wconf 78' lang='lat' dir='ltr'><strong>vulg.</strong></span> <span class='ocrx_word' id='word_1_840' title='bbox 796 2779 819 2795; x_wconf 91' lang='lat'><em>&quot;</em></span> <span class='ocrx_word' id='word_1_841' title='bbox 832 2779 920 2810; x_wconf 70' lang='grc' dir='ltr'>ἄλλως</span> <span class='ocrx_word' id='word_1_842' title='bbox 935 2787 994 2810; x_wconf 86' lang='grc' dir='ltr'>πως</span> <span class='ocrx_word' id='word_1_843' title='bbox 1008 2778 1089 2812; x_wconf 80' lang='lat' dir='ltr'><strong>\&#39;al.,&#39;</strong></span> <span class='ocrx_word' id='word_1_844' title='bbox 1101 2776 1159 2804; x_wconf 83' lang='grc' dir='ltr'>ἀλλ’</span> <span class='ocrx_word' id='word_1_845' title='bbox 1172 2776 1210 2809; x_wconf 82' lang='grc' dir='ltr'>ὡς</span> <span class='ocrx_word' id='word_1_846' title='bbox 1224 2775 1282 2808; x_wconf 79' lang='grc' dir='ltr'>πῶς</span> <span class='ocrx_word' id='word_1_847' title='bbox 1299 2775 1372 2811; x_wconf 77' lang='lat' dir='ltr'><strong>vulg.</strong></span> 
     </span>
    </p>
   </div>
   <div class='ocr_carea' id='block_1_116' title="bbox 1419 2770 1755 2801">
    <p class='ocr_par' dir='ltr' id='par_1_116' title="bbox 1419 2770 1755 2801">
     <span class='ocr_line' id='line_1_116' title="bbox 1419 2770 1755 2801; baseline -0.009 0"><span class='ocrx_word' id='word_1_848' title='bbox 1419 2774 1443 2791; x_wconf 64' lang='grc' dir='ltr'><strong>ἰ</strong></span> <span class='ocrx_word' id='word_1_849' title='bbox 1458 2772 1621 2801; x_wconf 84' lang='grc' dir='ltr'>καταλαϐὼν</span> <span class='ocrx_word' id='word_1_850' title='bbox 1640 2771 1674 2800; x_wconf 81' lang='grc' dir='ltr'>τὰ</span> <span class='ocrx_word' id='word_1_851' title='bbox 1694 2770 1755 2798; x_wconf 66' lang='grc' dir='ltr'>ω.</span> 
     </span>
    </p>
   </div>
   <div class='ocr_carea' id='block_1_117' title="bbox 143 2811 984 2849">
    <p class='ocr_par' dir='ltr' id='par_1_117' title="bbox 143 2811 984 2849">
     <span class='ocr_line' id='line_1_117' title="bbox 143 2811 984 2849; baseline 0.002 -10"><span class='ocrx_word' id='word_1_852' title='bbox 143 2811 330 2840; x_wconf 72' lang='grc' dir='ltr'>καταλαϐόντα</span> <span class='ocrx_word' id='word_1_853' title='bbox 337 2811 414 2849; x_wconf 32' lang='lat' dir='ltr'><strong>‘vulg.</strong></span> <span class='ocrx_word' id='word_1_854' title='bbox 431 2812 453 2829; x_wconf 83' lang='lat'><strong>&quot;</strong></span> <span class='ocrx_word' id='word_1_855' title='bbox 465 2811 652 2847; x_wconf 72' lang='grc' dir='ltr'>ἐκϐληθέντων</span> <span class='ocrx_word' id='word_1_856' title='bbox 669 2813 711 2848; x_wconf 82' lang='grc' dir='ltr'>Β.,</span> <span class='ocrx_word' id='word_1_857' title='bbox 729 2811 895 2841; x_wconf 68' lang='grc' dir='ltr'>ἔκλυθέντων</span> <span class='ocrx_word' id='word_1_858' title='bbox 909 2814 984 2849; x_wconf 72' lang='lat' dir='ltr'><strong>vulg.</strong></span> 
     </span>
    </p>
   </div>
  </div>
