1951 3074
124 170 179 202 777

512 169 561 199 DE
578 167 860 199 LEGATIONIBUS
877 165 1120 197 ROMANORUM
1138 165 1190 196 AD
1204 164 1364 196 GENTES.

1694 163 1747 197 7τῖ

131 228 207 263 ιίκην
221 226 327 254 ἀκονιτὶ
341 225 457 260 ἔχουσιν,
469 225 595 260 ὁπότεροι
618 225 750 260 πέσοιμεν
762 232 769 240 ·
796 224 873 259 ἡμῶν
887 223 909 240 ’⁸

968 230 1108 251 manorum
1125 228 1242 250 mentem
1259 230 1310 250 non
1327 226 1430 254 nosset,
1445 229 1531 257 neque
1544 229 1598 257 quo
1612 222 1744 250 tcnderen

127 273 156 300 δὲ
170 274 296 308 ὁπότεροι
311 272 372 303 τοὺς
386 271 495 306 ἑτέρους
516 271 668 306 φθείρουσι,
684 270 733 306 τὴν
759 269 807 296 τοῦ
830 269 910 304 λόγου

128 318 269 353 Καδμείαν
282 318 303 334 ⁸⁷
321 317 504 352 ἀποφέρονται
515 317 605 351 νίκην,
633 315 760 346 ἐλάττους
785 314 913 349 λειπόμε-

129 372 170 391 νοι
187 364 256 399 προς
280 362 329 398 τὴν
360 362 501 397 Ῥωμαίων
531 361 686 396 ἐπιϐουλήν.
711 361 769 387 Νῦν
797 359 862 394 γοῦν
882 359 912 386 σὲ

128 410 296 440 καλέσαντες
323 409 371 436 καὶ
405 408 636 443 ἐπαγγειλάμενοι
674 405 842 442 παρέσεσθαι
865 406 913 432 καὶ

129 455 206 482 αὐτοὶ
216 455 239 471 ’⁸
258 455 303 481 καὶ
318 455 393 490 κοινῇ
413 454 616 488 συστρατεύειν,
633 452 695 480 οὔτε
709 451 827 479 ἐνταῦθα
841 452 913 486 πάρ-

135 510 213 533 εισιν.
244 501 305 527 οὔτε
320 501 367 528 ἐπὶ
380 501 429 532 τὰς
445 501 536 532 πόλεις
560 501 730 535 ἀπήντησαν,
755 499 794 530 ὡς
826 496 912 531 εῐπον,

129 548 210 583 μόνον
227 547 256 574 δὲ
266 548 290 564 ⁸³⁸
306 547 438 573 ἀπέλιπον
452 545 599 573 ἀπολέσθαι
616 546 733 572 κάκιστα
750 544 799 571 καὶ
812 544 862 579 τῆς
881 552 913 577 γε

129 592 297 627 θρασύτητος
309 591 401 618 δοῦναι
413 591 491 626 δίκην
505 590 582 622 ἀξίαν
605 587 627 624 ᾧ
649 590 806 625 προέδωκας
823 589 830 605 ¹
868 589 914 622 γέ-

128 645 179 664 νει.
199 647 209 663 »
237 636 330 664 Ταῦτα
357 636 559 668 ἐπακούσαντες
599 635 693 663 πολλοὶ
724 635 770 662 τοῦ
793 637 803 651 ¹
831 634 914 662 αὑτοῦ

129 683 251 717 πλήθους
268 683 380 719 συνῇδον
405 683 461 714 τοῖς
475 682 576 716 λόγοις,
591 682 638 709 καὶ
658 682 697 717 τῷ
712 681 835 717 σφετέρῳ
864 681 914 708 αὺ-

127 729 183 756 τῶν
198 729 344 764 στρατηγῷ
357 729 515 764 προσιόντες
545 728 647 763 ἔλεγον,
660 728 698 760 ὼς
724 728 817 755 εῑκότα
844 727 916 754 ὀνει-

130 774 200 806 δίζοι
223 775 337 808 ἐκεῖνος,
358 775 404 801 καὶ
418 775 460 801 ὅτι
475 774 506 801 οὐ
516 775 650 810 προσήκει
676 772 834 809 φθείρεσθαι
867 781 917 800 πε-

131 819 260 855 ραιτέρω,
275 820 335 846 οὐδὲ
356 819 405 855 τῆς
419 820 586 854 συγγενείας
593 820 642 855 τῆς
659 820 750 855 κοινῆς
765 818 917 854 ἀμελοῦντα

129 867 186 897 τοῖς
212 865 340 900 προδοῦσι
357 865 512 900 προσέχειν.
535 866 575 901 Τῇ
612 865 641 892 δὲ
669 864 801 900 ὑστεραίᾳ
835 863 917 890 πάλιν

130 912 234 944 ἀναϐὰς
248 912 406 947 Θευδέριχος
427 911 472 938 ἐπί
484 920 543 938 τινα
554 911 672 946 γήλοφον
686 911 757 946 ὑπὲρ
773 909 820 936 τοῦ
832 918 916 945 στρα-
932 902 954 930 Β

129 958 243 985 τοπέδου
258 958 304 984 τοῦ
318 957 431 984 ἐκείνων
446 957 510 984 ἐϐόα
525 965 533 973 ·
556 966 566 983 ι
589 956 622 984 Τί
633 957 697 988 τοὺς
711 956 794 992 ἐμούς
812 964 911 991 συγγε-

129 1005 196 1035 νεῖς,
226 1000 249 1030 ὦ
277 1003 402 1035 κάκιστε,
433 1002 568 1036 ἀπόλλυς;
584 1002 609 1029 τί
635 1002 769 1034 τοσαύτας
784 1003 916 1037 γυναῖκας

129 1050 262 1084 ἐποίησας
276 1048 428 1084 χηρεύεινς
456 1048 506 1075 ποῦ
527 1048 555 1075 δὲ
577 1048 601 1074 οί
626 1047 729 1074 τούτων
758 1048 874 1083 ἄνδρες;
898 1047 914 1082 ἢ

130 1095 189 1127 πῶς
207 1094 359 1127 ἐξαπόλωλε
378 1095 486 1121 πάντων
501 1094 517 1128 ἡ
534 1093 660 1129 εὐπορία,
683 1093 717 1129 ἢν
745 1092 852 1129 ἔχοντες
875 1092 916 1120 of-

131 1141 209 1168 κοθεν
225 1140 455 1176 συνεστράτευσαν
475 1149 536 1173 σοις
554 1140 602 1167 καὶ
621 1139 715 1167 σύνδυο
732 1139 778 1167 καὶ
793 1139 916 1175 σύντρεις

130 1187 246 1218 ἕκαστος
268 1187 368 1218 ἵππους
395 1185 475 1222 ἔχων,
499 1185 548 1213 νῦν
586 1186 699 1213 ἄνιπποι
727 1185 846 1221 χωροῦσι
869 1185 917 1212 καὶ

131 1231 221 1264 πεζοὶ,
238 1232 287 1258 καὶ
305 1231 349 1258 διὰ
361 1231 472 1267 Θρᾴκης
488 1232 582 1266 ὥσπερ
604 1231 633 1257 ἐν
656 1230 828 1265 ἀνδραπόδων
853 1230 917 1257 ἑπό-

132 1286 210 1313 μενοι
246 1278 353 1313 μερίδιο
383 1277 450 1304 ἀλλὰ
465 1278 491 1304 κ’
514 1276 650 1312 ἐλεύθεροί
665 1285 694 1303 τε
712 1277 759 1303 καὶ
776 1277 873 1311 γένους
885 1277 917 1303 οὐ

130 1324 263 1359 χείρονος,
280 1325 296 1359 ἡ
313 1323 434 1359 μεδίμνῳ
458 1323 570 1359 χρυσίου
602 1322 726 1355 ἐλθόντες
755 1324 916 1359 ἀπομετρή-

132 1378 224 1396 σονται
251 1369 284 1402 ³;
305 1378 314 1395 ι
353 1368 446 1395 Ταῦτα
469 1368 507 1400 ὡς
533 1368 669 1404 ἐπήκουσε
695 1368 726 1395 τὸ
738 1367 918 1404 στρατόπεδον

131 1416 218 1446 ἅπαν,
234 1415 329 1451 ἄνδρες
348 1424 378 1441 τε
395 1415 442 1442 καὶ
459 1414 588 1449 γυναῖκες
604 1414 670 1450 ὁμοῦ
698 1414 799 1446 πάντες
811 1414 895 1450 ᾔεσαν
908 1415 919 1430 ⁵

131 1461 180 1487 ἐπὶ
203 1460 249 1488 τὸν
275 1459 436 1495 Θευδέριχον
455 1459 500 1486 τὸν
530 1460 621 1486 αὐτῶν
638 1460 770 1494 ἡγεμόνα.
811 1460 918 1495 κραυγῇ

131 1515 162 1533 τε
177 1507 224 1533 καὶ
241 1506 348 1542 θορύϐῳ
362 1505 500 1539 ἀξιοῦντες
516 1505 691 1539 συμϐαίνειν·
708 1505 732 1531 εί
749 1505 777 1531 δὲ
793 1505 841 1541 μὴ,
855 1505 920 1531 ἀπο-

962 275 1055 296 eorum
1070 269 1192 302 consilia,
1215 268 1329 297 videret.
1356 278 1365 295 ι
1390 268 1495 296 Etenim
1520 268 1623 301 volunt,
1648 270 1745 304 inquit,

963 315 1013 350 ipsi
1029 315 1109 342 otiosi
1123 315 1240 348 edicere,
1254 320 1282 342 ut
1292 313 1373 342 Gothi
1390 322 1438 350 per
1449 314 1552 342 Gothos
1562 314 1704 342 deleantur
1720 323 1748 344 et

963 359 1150 393 conﬁciantur,
1167 367 1222 395 quo
1232 359 1292 387 sine
1311 359 1365 386 ullo
1384 359 1486 391 labore,
1507 358 1604 387 utrivis
1625 364 1749 387 nostrum

963 406 1121 437 ceciderint.
1141 406 1258 434 victores
1274 405 1416 433 exsistant.
1436 405 1606 440 Quicumque
1629 410 1751 433 nostrum

963 451 1133 479 adversarios
1154 451 1349 486 oppresserint,
1372 450 1529 484 Cadmeam,
1549 458 1629 485 quam
1644 451 1749 483 dicunt,

963 498 1106 525 victoriam
1130 497 1377 532 reportabunt,ipsi
1394 497 1510 529 scilicet,
1521 497 1625 524 viribus
1638 497 1750 530 attritis,

963 543 1147 570 Romanorum
1166 543 1273 570 insidiis
1287 543 1373 578 magis
1383 543 1503 570 obnoxii.
1517 542 1593 570 Nunc
1606 547 1751 578 postquam

965 592 990 615 te
1005 589 1182 619 advocarunt.
1205 592 1234 615 et
1250 595 1280 616 se
1300 588 1373 623 ipsos
1398 595 1505 624 quoque
1521 593 1651 616 venturos
1671 592 1709 621 et,
1723 593 1754 616 ut

966 641 1027 660 cum
1049 638 1096 661 tuo
1108 634 1229 662 exercitu
1245 634 1416 668 coniunctos,
1430 633 1529 661 bellum
1549 638 1672 669 gesturos
1693 641 1753 662 esse

965 680 1162 714 promiserunt,
1181 687 1270 714 neque
1284 679 1428 714 quisquam
1443 679 1487 707 hic
1502 679 1598 711 adfuit,
1616 686 1703 714 neque
1718 679 1752 706 ad

967 724 1059 758 urbes,
1082 725 1162 753 sicuti
1178 725 1314 759 dixerant,
1336 730 1524 758 occurrerunt,
1551 731 1630 760 teque
1653 725 1752 758 solum,

967 777 996 798 ut
1010 771 1081 798 male
1102 772 1206 807 perires
1219 776 1247 800 et
1266 779 1362 807 pmnas
1379 772 1538 800 temeritatis
1552 778 1603 800 tua:
1617 772 1670 804 his.
1685 780 1753 808 quos

967 817 1119 852 prodidisti,
1135 818 1223 851 dares,
1240 819 1419 854 reliquerunt.
1433 828 1442 846 ι
1458 819 1520 847 Ηωο
1535 819 1580 847 ubi
1597 819 1751 853 audierunt,

967 863 1059 896 plures
1077 871 1109 892 ex
1128 864 1310 898 multitudine,
1325 872 1385 900 qua:
1399 872 1460 892 cum
1477 865 1664 893 Theudericho
1681 870 1751 899 erat,

968 917 1010 942 ea,
1026 916 1087 944 qua:
1102 909 1174 937 dicta
1194 915 1282 944 erant,
1305 911 1463 946 probarunt,
1478 915 1505 938 et
1523 912 1653 939 adversus
1674 919 1752 939 suum

966 955 1061 983 ducem
1081 956 1253 991 insurgentes
1267 956 1406 990 dixerunt,
1426 957 1524 985 merito
1540 957 1611 985 hunc
1631 958 1669 985 illi
1685 965 1751 985 con-

965 1001 1035 1029 vicia
1050 1002 1151 1035 dicere,
1165 1010 1215 1030 nec
1231 1007 1355 1038 oportere
1374 1003 1475 1031 diutius
1491 1003 1516 1030 in
1529 1007 1648 1031 mutuam
1661 1004 1753 1038 perni-

965 1049 1034 1076 ciem
1054 1054 1174 1077 armatos
1191 1056 1315 1085 pergere,
1333 1054 1360 1077 et
1381 1049 1454 1077 nulla
1468 1049 1560 1077 habita
1580 1049 1751 1085 cognationis

966 1095 1081 1128 ratione,
1096 1103 1126 1124 se
1142 1096 1175 1124 ad
1190 1103 1284 1124 eorum
1301 1103 1423 1129 causam,
1442 1096 1488 1131 qui
1503 1096 1576 1130 ipsos
1594 1095 1751 1130 proderent,

965 1141 1122 1177 adiungere.
1145 1141 1280 1170 Postridie
1302 1141 1400 1168 iterum
1424 1141 1575 1169 ascendens
1602 1141 1753 1169 Theudcri-

967 1187 1033 1215 chus
1042 1187 1137 1215 collem
1151 1187 1269 1215 hostium
1282 1187 1379 1214 castris
1388 1187 1584 1221 imminentem,
1597 1187 1729 1215 clamabat
1744 1197 1751 1216 :

970 1241 979 1258 ι
998 1232 1062 1266 Cur,
1081 1233 1207 1267 pessime,
1225 1239 1300 1260 meos
1320 1237 1449 1267 cognatos
1468 1233 1602 1268 perditum
1622 1233 1688 1260 isti?
1705 1240 1753 1260 cur

970 1283 1009 1306 tot
1020 1278 1157 1308 mulieres
1171 1278 1266 1306 viduas
1278 1277 1410 1306 ell'ecistil
1424 1279 1532 1306 ubinam
1550 1279 1669 1307 locorum
1688 1284 1748 1307 snnt

968 1332 1063 1352 eorum
1088 1324 1161 1352 viri?
1184 1324 1320 1360 quomodo
1335 1329 1502 1360 consumptae
1519 1329 1582 1353 sunt
1600 1324 1750 1358 facultates,

969 1377 1037 1406 quas
1057 1370 1220 1403 habuerunt,
1236 1378 1296 1398 cum
1312 1370 1392 1398 domo
1414 1371 1448 1398 ad
1468 1371 1636 1399 militandum
1654 1372 1704 1399 sub
1725 1376 1752 1399 te

969 1415 1083 1452 profecti
1104 1416 1186 1444 sunt?
1211 1414 1405 1451 Unusquisque
1428 1423 1522 1445 eorum
1551 1417 1619 1445 duos
1634 1421 1680 1445 aut
1698 1421 1754 1446 tres

970 1469 1054 1497 equos
1073 1462 1200 1495 habebat,
1220 1469 1294 1490 nunc
1310 1463 1388 1497 equis
1413 1462 1538 1491 destituti
1560 1463 1661 1497 pedites
1680 1464 1754 1492 ince-

969 1508 1047 1541 dunt,
1065 1512 1092 1536 et
1109 1513 1136 1536 te
1153 1515 1202 1543 per
1217 1507 1362 1536 Thraciam
1386 1509 1583 1544 mancipiorum
1606 1510 1694 1538 instar
1713 1518 1756 1539 se-

132 1553 235 1588 λείψειν
248 1552 329 1579 αὑτὸν
340 1552 444 1586 ἔφασαν
467 1551 576 1585 πάντες,
594 1553 622 1583 ές
636 1551 666 1578 τὺ
679 1551 817 1586 συμφέρον
832 1551 917 1586 χωρή-

971 1558 1102 1588 quuntur,
1111 1553 1234 1588 quamvis
1243 1553 1322 1581 liberi
1336 1553 1390 1581 sint
1402 1561 1491 1589 neque
1504 1555 1636 1583 deteriore
1646 1563 1755 1591 genere,

133 1607 240 1630 σαντες.
286 1597 417 1625 Ἐνταῦθα
447 1597 608 1624 ἀποστέλλει
648 1597 717 1633 πρὸς
757 1597 918 1633 Θευδέριχον

132 1644 273 1681 πρέσϐεις,
301 1644 348 1671 καὶ
385 1643 559 1679 συνέρχονται
584 1643 668 1678 ἄμφω
692 1642 768 1678 παρὰ
798 1643 919 1678 ποταμόν

131 1700 192 1718 ¹τινα
205 1690 247 1725 ἐφ’
262 1689 396 1726 ἑκατέρας
409 1689 501 1725 ὄχθης.
522 1688 611 1716 Μέσον
627 1688 657 1715 δὲ.
681 1688 860 1724 ποιησάμενοι
872 1688 919 1715 τὸν

132 1737 256 1772 ποταμὸν
266 1737 426 1770 διελέγοντο,
452 1735 499 1762 καὶ
534 1734 676 1762 ποιοῦνται
706 1734 854 1770 συνθήκας,
881 1734 918 1770 μὴ

132 1783 262 1818 πολεμεῖν
276 1782 402 1817 ἀλλήλοις
417 1781 465 1809 καὶ
479 1781 490 1797 ⁸
517 1781 568 1807 ὅσα
594 1780 698 1816 ἥγηντο
733 1780 917 1816 συμφέροντα.

133 1829 188 1856 Καὶ
207 1829 291 1856 ταῦτα
313 1828 462 1863 ὀμόσαντες
497 1826 652 1862 πέμπουσιν
680 1826 763 1861 ἄμφω
789 1825 919 1861 πρέσϐεις

133 1876 180 1902 ἐπὶ
194 1875 225 1902 τὸ
240 1875 397 1907 Βυζάντιον.

969 1606 1111 1636 quamtu;
1132 1606 1160 1628 et
1175 1600 1308 1632 venerint,
1330 1604 1360 1628 ut
1381 1608 1478 1628 aurum
1496 1601 1586 1629 modio
1603 1602 1756 1629 admetian-

970 1653 1024 1675 tur.
1043 1657 1052 1673 ι
1073 1647 1138 1675 Haec
1163 1646 1208 1674 tibi
1230 1649 1305 1673 totus
1325 1646 1464 1674 exercitus
1485 1646 1600 1680 audivit,
1618 1651 1673 1675 tam
1693 1648 1756 1681 viri,

969 1700 1050 1728 quam
1067 1691 1204 1724 mulieres,
1222 1690 1454 1726 'l'heuderichum,
1468 1691 1564 1720 ducem
1579 1699 1668 1726 suum,
1682 1693 1757 1721 adie-

969 1742 1043 1771 runt,
1061 1741 1088 1765 et
1103 1744 1164 1765 cum
1181 1736 1297 1765 tumultu
1313 1741 1340 1764 et
1353 1736 1546 1766 vociferatione
1558 1743 1714 1771 oraverunt,
1727 1744 1758 1767 ut

971 1784 1030 1818 paci
1050 1783 1187 1816 studeret;
1212 1783 1254 1811 sin
1280 1783 1379 1817 minus,
1402 1791 1431 1811 se
1456 1784 1526 1818 quod
1544 1783 1596 1812 sibi
1616 1785 1681 1813 utile
1703 1786 1759 1812 erit;

971 1829 1144 1865 amplexuros
1166 1833 1194 1857 et
1220 1836 1282 1857 eum
1308 1830 1472 1858 deserturos.
1500 1829 1541 1858 0b
1568 1837 1629 1858 eam
1647 1838 1758 1859 causam

973 1873 1058 1901 mittit
1077 1873 1110 1900 ad
1126 1871 1342 1901 Theuderichum
1360 1873 1473 1908 legatos,
1486 1880 1513 1902 et
1528 1875 1608 1903 ambo
1623 1882 1760 1903 convene-

134 1925 199 1957 runt
213 1922 246 1948 ad
263 1921 370 1948 ﬂuvium
387 1918 544 1954 quemdam,
561 1918 596 1946 ab
617 1921 732 1952 utraque
752 1917 821 1953 ripa.
856 1917 957 1946 Deinde
977 1918 1064 1945 medio
1087 1917 1227 1952 interiecto
1248 1917 1371 1952 numine,
1396 1917 1520 1946 collocuti
1547 1924 1678 1953 statuunt,
1705 1928 1769 1951 non,

135 1966 250 2001 amplius
274 1966 373 1994 bellum
388 1972 418 1993 se
434 1969 570 2000 gesturos,
587 1968 613 1992 et
628 1963 759 1998 quidquid
779 1963 844 1990 utile
865 1963 916 1991 sibi
937 1964 1090 1991 videbatur.
1105 1961 1168 1991 Haec
1180 1962 1224 1990 ubi
1243 1968 1356 1999 uterque
1384 1963 1496 1999 iuravit,
1514 1965 1625 1992 mittunt
1656 1965 1771 2001 legatos:

134 2012 302 2048 Byzantium.

171 2059 204 2088 θ’,
218 2060 280 2087 Ὅτι
296 2060 399 2095 Ζήνων,
423 2058 483 2085 επεὶ
493 2058 599 2086 διέλυσε
621 2057 670 2093 τὴν
690 2056 829 2092 στρατιὰν,
850 2056 917 2092 πιμ-

1006 2056 1033 2084 0.
1054 2056 1098 2091 (A.
1111 2055 1142 2084 C.
1160 2055 1222 2088 479,
1242 2055 1300 2084 lnd.
1314 2056 1342 2087 2.
1363 2055 1464 2084 Zenon.
1482 2057 1522 2092 6.)
1535 2057 1617 2094 Zeno,
1637 2061 1757 2090 exercitu

135 2115 181 2133 ¹πει
204 2106 272 2141 πρὸς
284 2105 455 2141 Θευδέριχον,
479 2104 529 2140 τὴν
552 2104 664 2140 εἰρήνην
692 2103 835 2130 συνθέσθαι
853 2103 917 2138 πρὸς

973 2103 1055 2130 misso
1073 2101 1155 2136 facto,
1173 2103 1256 2129 mittit
1272 2102 1305 2130 ad
1319 2101 1548 2136 Theuderichum,
1567 2110 1596 2132 ut
1610 2112 1703 2140 pacem
1717 2107 1757 2134 in-

136 2151 227 2184 αὑτὸν,
242 2151 315 2182 ὅπως
328 2150 375 2176 καὶ
388 2150 523 2177 δύναιντο.
541 2149 585 2176 Ἑν
611 2149 640 2175 δὲ
660 2148 747 2183 τούτῳ
769 2147 917 2182 συστρέψας

973 2152 1015 2175 ter
1031 2155 1069 2181 se,
1084 2147 1220 2183 quomodo
1239 2153 1360 2183 possent,
1373 2148 1502 2178 facerent.
1520 2150 1592 2179 Inter
1604 2151 1661 2180 haec
1678 2152 1757 2181 Vala-

135 2198 185 2232 τὴν
201 2196 298 2224 ἑαυτοῦ
312 2196 428 2231 δύναμιν
456 2196 469 2222 ό
491 2196 556 2227 παῖς
572 2195 586 2221 ό
617 2194 781 2229 Βαλαμήρου
813 2193 860 2220 ἐπὶ
890 2193 917 2220 τό

976 2193 1039 2220 miri
1067 2193 1157 2227 ﬁlius,
1187 2194 1333 2222 contractis
1361 2194 1446 2228 copiis
1473 2196 1530 2223 suis
1544 2196 1576 2224 ad
1600 2196 1755 2232 Rhodopen:

137 2243 205 2278 πρὸς
226 2242 354 2276 Ῥοδόπην
369 2241 548 2276 παραγίνεται
566 2239 646 2276 μέρη,
666 2239 714 2267 καὶ
729 2239 924 2274 κατατεινάμε-

974 2243 1093 2266 montem
1114 2239 1256 2273 processit,
1281 2242 1308 2266 et
1323 2238 1490 2267 fertilissima
1502 2248 1616 2277 quaeque
1635 2241 1758 2271 Thracia:

137 2274 181 2321 νος
194 2289 206 2305 ⁸
219 2289 254 2316 τὰ
269 2274 398 2316 κάλλιστα
477 2274 572 2322 χώρας
588 2274 644 2314 τῶν
675 2286 790 2321 Θρᾳκῶν
802 2285 917 2319 ἅπαντα1

975 2283 1033 2312 loca
1053 2287 1170 2317 vastans,
1192 2283 1283 2312 omnia
1300 2292 1396 2319 pecora
1415 2286 1521 2320 rapuit;
1538 2274 1671 2322 agricolas
1686 2289 1759 2324 agris

136 2335 184 2362 καὶ
204 2335 230 2362 εί
241 2343 268 2361 τι
285 2332 319 2370 ἦν
331 2333 457 2369 κτηνικδν
469 2332 636 2368 ἀφαρπάζει.
658 2331 797 2366 Ἐεέτριψε
809 2331 839 2358 δὲ
849 2331 924 2358 ἅπαν

136 2381 166 2409 τὸ
179 2381 271 2409 αὐτόθι
285 2380 434 2416 γεωργοῦν,
450 2380 564 2405 κτείνων
589 2386 618 2404 τε
641 2378 688 2405 καὶ
712 2377 883 2413 εἰσπράττων
899 2378 921 2409 ⁷,

136 2428 185 2454 ὅσα
230 2426 267 2462 μὴ
307 2426 400 2460 φέρειν
423 2424 563 2459 ἠδύναντο.
591 2422 752 2458 Θευδέριχος
782 2422 811 2448 δὲ
835 2421 921 2449 ταῦτα

137 2471 256 2502 ἀκούσας
269 2471 409 2506 γινόμενα,
436 2469 547 2504 ἥδεσθαι
572 2468 621 2504 μὲν
647 2468 750 2502 ἔλεγεν,
775 2467 816 2494 ὅτι
846 2467 923 2501 φίλος

137 2517 228 2544 αὐτῶν
262 2517 310 2543 καὶ
339 2516 395 2547 υίὸς
427 2515 571 2550 λεγόμενος
601 2514 687 2542 ταῦτα
711 2514 809 2545 αὐτοὺς
836 2513 921 2549 δρῴη,

137 2561 268 2598 ἄχθεσθαι
301 2561 402 2596 μέντοι,
423 2561 464 2587 ὅτι
490 2561 539 2595 τῆς
559 2560 670 2587 ἐκείνων
695 2559 788 2591 ἀνοίας
811 2559 842 2586 ιν
867 2560 923 2589 τοῖς

138 2609 270 2644 γεωργοῖς
295 2607 388 2642 βλέπει
409 2607 555 2641 γινομένην
582 2607 633 2639 τὴν
657 2605 746 2640 δίκην,
770 2601 808 2633 ὧν
838 2604 921 2632 οὐδὲ⁸

138 2654 322 2690 φθειρομένων
351 2652 461 2688 Ζήνωνά
490 2660 522 2686 γε
545 2652 562 2687 ἢ
591 2651 709 2686 Βηρίναν
724 2651 778 2678 οὐδ’
798 2650 922 2678 ὁπωσοῦν

974 2329 1032 2356 suis
1047 2328 1162 2364 expulit,
1177 2328 1304 2357 occidens
1316 2335 1341 2357 et
1353 2329 1473 2365 exigens,
1491 2339 1551 2366 quae
1562 2336 1691 2367 praestare
1705 2341 1759 2361 non

974 2380 1110 2410 poterant.
1123 2375 1185 2403 Haec
1204 2376 1248 2403 ubi
1266 2376 1337 2404 facta
1354 2376 1407 2412 91
1426 2376 1628 2407 Theuderichus
1642 2380 1756 2414 audivit,

974 2429 1004 2448 se
1014 2421 1122 2456 quidem
1134 2421 1217 2449 laetari
1234 2421 1312 2456 dixit,
1330 2430 1402 2455 eum,
1418 2423 1463 2458 qui
1481 2424 1586 2452 amicus
1598 2429 1624 2452 et
1640 2425 1711 2453 ﬁlius
1724 2426 1758 2454 ab

974 2466 1008 2494 iis
1032 2467 1222 2502 appellaretur,
1248 2467 1310 2495 talia
1335 2468 1361 2495 in
1387 2468 1459 2504 ipsos
1474 2475 1645 2505 perpetrare;
1669 2475 1758 2499 tamen

975 2512 1089 2541 moleste
1103 2512 1185 2546 ferre,
1201 2513 1271 2548 quod
1284 2513 1386 2541 videret
1398 2515 1529 2550 agricolas
1543 2516 1577 2544 ob
1592 2516 1696 2544 illorum
1710 2517 1760 2545 de-

975 2559 1104 2586 mentiam
1129 2560 1207 2594 plecti
1231 2564 1258 2587 et
1277 2567 1372 2594 poenas
1395 2561 1469 2593 dare,
1489 2569 1556 2595 qttos
1577 2562 1603 2589 in
1625 2570 1758 2590 summam

974 2604 1155 2632 calamitatem
1172 2605 1255 2640 redigi
1275 2605 1341 2632 nihil
1356 2606 1455 2632 morari
1470 2605 1605 2634 Zenonem
1620 2612 1667 2635 aut
1685 2606 1760 2636 Veri-

975 2657 1049 2678 nam.
1071 2649 1105 2678 Ut
1120 2657 1183 2677 vero
1201 2650 1281 2684 legati
1302 2656 1443 2684 venerunt,
1458 2658 1551 2686 pacem
1568 2652 1711 2682 fecerunt:
1729 2658 1760 2684 ut

774 2722 891 2751 VARIIE
910 2721 1112 2750 LECTIONES.

172 2787 197 2806 οι
209 2786 290 2822 ἡμῖν.
299 2784 373 2822 vulg.
413 2781 606 2822 ’7_l(aBp_.siav_
614 2780 710 2822 Val,“
717 2781 763 2808 καὶ
771 2781 826 2822 ,εις
854 2781 918 2822 μίαν

140 2827 150 2843 ι
165 2816 257 2858 προέδ.
271 2816 559 2858 Ῡοιηξπροσέδκνιιιεί
596 2816 674 2858 ’.τοῦΔ
691 2816 733 2858 8.”,
749 2816 809 2858 τῶν¹
821 2816 904 2858 _vulg.

937 2789 972 2808 νιι

940 2816 952 2832 ³

975 2780 1010 2835 lg.
1052 2779 1075 2796 ”
1090 2779 1168 2806 αὐτοὶ
1180 2779 1250 2811 νει..
1264 2780 1340 2815 αὐτῷ
1357 2780 1428 2815 vulg.
1467 2781 1489 2797 "
1509 2781 1537 2808 δὲ
1560 2781 1603 2813 Β..
1630 2791 1660 2810 τε
1685 2784 1730 2812 vul

976 2824 989 2835 η
1016 2814 1136 2835 σιεδίηνιιι
1161 2815 1272 2835 vnm'rt'nv
1296 2815 1340 2835 ἕλη
1385 2817 1609 2835 inanes-[ﬁcusqu
1636 2819 1695 2835 anni
1725 2820 1730 2835 I

976 2814 1272 2861 02—955fklvtj)‘¥ptj.6§2v
1296 2814 1351 2861 ἔλθ’.
1384 2814 1609 2861 ἐπιμετρήσαντο
1636 2819 1707 2861 (ξομ).
1725 2814 1761 2850 Η,

140 2861 151 2877 ι
165 2849 248 2893 ﬁgam.
277 2855 322 2886 Νη
334 2849 417 2896 ’.ἵεσαν
437 2853 509 2896 νυιὲζ
535 2849 561 2896 ἶ
569 2852 620 2896 καὶ
631 2855 694 2896 ante
716 2851 766 2896 ὅσα
777 2850 847 2896 add;
864 2849 897 2878 N.
938 2851 949 2866 °
961 2849 1185 2896 κατασινάμενος
1198 2849 1271 2886 c'unj.
1286 2849 1357 2887 _Val.
1395 2851 1404 2867 ⁷
1419 2849 1582 2886 σπαράττων
1594 2867 1629 2872 —-
1644 2849 1761 2889 ὴδῦνατό

139 2885 212 2928 εόίι],
226 2892 255 2920 Β.
292 2891 303 2907 ⁸
316 2885 377 2916 οὐδὲ
392 2902 428 2909 -
441 2895 472 2921 γε
486 2885 522 2916 Β.
534 2886 610 2913 οὐδὲν
621 2901 656 2906 -
668 2886 696 2912 δὲ
711 2886 796 2922 vulg.,
811 2885 861 2914 ὦδε
878 2900 909 2906 -
919 2894 947 2912 τε
967 2885 1022 2913 Val.

301 2937 436 2968 Px'mOL.
458 2936 516 2966 Gn.
540 2933 648 2967 CXIII.

1563 2933 1603 2963 25
