1951 3074
189 150 242 182 779

691 150 889 180 EXCERPTA
907 150 958 180 EX
978 150 1133 181 MALCHO
1154 151 1334 181 RHETORE

1762 153 1817 184 7ὶο

187 207 319 235 tredecim
348 203 487 233 hominum
514 205 643 238 millibus,
670 213 739 240 qttos
769 205 974 233 'l‘heuderichus

1026 205 1246 240 ἐπιστρέφεσθαι.
1275 205 1319 237 Ὧς
1333 205 1360 232 δὲ
1386 203 1468 240 ἦλθον
1485 206 1509 232 oi
1525 206 1666 241 πρέσϐεις,
1695 208 1815 235 τίθενται

187 252 276 284 vellet,
291 251 437 286 imperator
452 251 586 286 stipendia
599 256 803 279 etcommeatus
817 251 950 284 praeberet
965 259 973 284 ;

187 297 290 324 duabus
317 295 416 323 scholis
436 296 494 331 ipse
518 296 570 324 dux
595 296 780 331 przeiiceretur
802 304 810 322 :
836 300 865 323 ut
880 303 975 323 omnes

187 342 340 375 facultates,
351 348 423 376 quas
436 341 511 377 prius
528 341 672 372 habuerat.
690 341 726 369 illi
748 342 973 375 restituerentur;

187 392 213 414 et
229 391 257 414 ut
271 386 387 414 alterum
409 393 443 414 ex
460 387 564 415 duobus
577 387 754 420 exercitibus,
775 387 821 422 qui
837 387 910 415 circa
924 387 975 414 im-

188 437 342 468 peratorem
362 438 436 467 sunt,
461 435 606 470 acciperet,
631 440 660 463 et
684 435 792 463 easdem
819 435 975 471 dignitates,

191 486 260 514 quas
275 480 326 507 sub
338 479 470 508 Basilisco
481 480 647 514 obtinuerat,
660 486 843 516 recuperaret.
864 481 901 509 De
919 481 976 508 atii-

188 526 281 559 nibus.
297 526 319 554 si
338 526 438 554 mortui
454 532 559 560 essent,
574 531 602 554 ut
614 526 686 555 Zeno
703 528 814 561 diceret,
835 527 902 555 nihil
916 535 976 554 am-

189 570 262 604 plius
279 571 378 606 negotii
402 578 476 604 eSSe;
490 571 513 598 si
530 572 697 606 superstites,
715 572 805 599 omnia
820 572 900 603 bona,
918 579 978 606 qum

189 623 283 642 eorum
305 615 432 648 fuissent,
455 623 503 644 eos
520 621 739 652 recuperaturos,
761 621 788 643 et
807 623 866 644 eam
881 616 976 644 civita-

191 666 256 694 tem,
267 669 349 697 quam
365 662 439 690 Zeno
452 663 600 691 arbitratus
616 663 708 697 fuerit,
723 663 893 692 habitaturos
904 670 975 691 esse.

190 707 254 735 llaec
266 708 311 735 ubi
327 713 459 737 conventa
475 714 548 742 sunt,
565 710 724 745 imperator,
739 711 870 745 abrogato
886 709 977 738 Theu-

190 751 313 784 dericho,
333 752 387 780 lilio
406 753 547 787 Valamiri,
567 755 737 789 magistratu,
763 755 789 782 in
812 755 871 789 ejus
889 754 976 782 locum

191 796 299 838 sudecit
321 798 551 832 Tlteuderichum,
566 800 665 827 Triarii
685 800 779 827 ﬁlium.
799 799 832 827 Et
849 801 977 835 pecunias

190 841 275 876 misit,
288 850 349 878 qua:
363 844 505 873 confestim
519 844 653 873 debebant
668 845 791 874 distribui
808 845 915 874 Gothis.

1026 252 1076 287 τὴν
1099 252 1210 287 εἰρήνην
1225 251 1268 286 ἐφ’
1293 249 1346 285 ᾧτε
1372 251 1483 286 μυρίοις
1514 251 1564 286 μὲν
1591 253 1637 279 καὶ
1655 253 1818 289 τρισχιλίοις

1025 297 1166 332 ἀνδράσιν,
1181 294 1220 329 οἷς
1245 297 1317 323 Οέλοι
1337 297 1510 332 Θευδὲριχος,
1538 298 1679 331 συντάξεις
1706 308 1735 326 τε
1768 301 1817 327 καὶ

1026 343 1130 377 τροφὴν
1141 343 1268 377 χορηγεῖν
1284 342 1406 377 βασιλέα,
1441 343 1515 370 δυοῖν
1542 343 1571 370 δὲ
1595 344 1677 371 αὐτὸν
1707 345 1817 380 σχολαίν

1026 388 1227 424 προϐάλλεσθαι
1261 389 1390 424 ἄρχοντα,
1419 389 1567 416 ἀπολαὸεἰν
1594 389 1622 416 δὲ
1653 389 1737 416 αὐτοῦ
1766 391 1817 425 τὴν

1027 434 1132 466 οὐσίαν,
1153 434 1218 470 ὅσην
1231 434 1364 470 πρότερον
1376 432 1458 469 εἶχεν,
1471 434 1564 461 λαϐεῖν
1586 434 1615 461 δὲ
1644 435 1694 470 τὴν
1719 435 1818 471 ἑτέραν

1026 480 1080 508 τῶν
1094 480 1140 507 δύο
1152 481 1322 515 στρατηγιῶν
1336 480 1390 507 τῶν
1405 481 1470 516 περὶ
1482 480 1605 515 βασιλέα,
1622 482 1669 508 καὶ
1680 481 1752 516 ἔχειν
1763 482 1815 513 τὰς

1027 526 1115 560 ἀξίας,
1144 527 1183 557 είς
1196 525 1229 558 ἃς
1252 525 1302 561 ἤδη
1322 526 1444 561 προῆκτο
1457 527 1467 542 ⁹
1483 527 1536 552 ὑπὸ
1562 526 1609 552 τοῦ
1639 527 1814 554 Βασιλίσκου.

1027 572 1096 608 Περὶ
1124 571 1152 598 δὲ
1175 572 1230 598 τῶν
1258 571 1407 606 κηδεστῶν,
1429 572 1454 598 εί
1480 571 1531 606 μὲν
1556 572 1748 605 ἐτελεύτησαν,
1777 572 1815 603 ὡς

1027 618 1121 653 ἔλεγεν
1132 619 1145 644 6
1161 618 1264 653 Ζήνων,
1280 618 1368 653 μηδὲν
1382 615 1452 644 εἷναί
1471 619 1494 644 oi
1505 619 1619 653 πρᾶγμα
1631 626 1638 633 ·
1656 619 1680 644 εί
1693 618 1721 644 δὲ
1736 618 1814 650 ζῶσι,

1026 664 1157 696 λαϐόντας
1173 664 1261 700 ἤνπερ
1286 660 1359 699 εἶχον
1373 664 1479 696 οὺσξαν,
1501 664 1586 690 οἰκεῖν
1608 664 1695 695 πόλιν,
1711 664 1745 698 ἢν
1767 663 1817 690 αὺ-

1027 710 1073 742 τδς
1085 710 1243 745 δοκιμάσειε
1269 711 1373 745 Ζήνων.
1387 710 1480 736 Ταῦτα
1491 710 1529 741 ὼς
1553 709 1688 743 συνέδοξε,
1705 709 1815 740 παύσας

1032 755 1078 782 τὸν
1097 755 1263 791 Βαλαμήρου
1289 757 1339 791 τῆς
1356 756 1443 792 ἀρχῆς
1469 757 1483 783 ὁ
1505 755 1631 791 βασιλεὺς
1661 756 1816 791 στρατηγδν

1027 800 1195 828 ἀντ’ὲκείνου
1210 801 1374 837 Θευδέριχον
1383 803 1512 833 ποιεῖται,
1523 802 1571 828 καὶ
1581 802 1632 837 χρή
1638 810 1710 837 ματα
1728 801 1816 836 επεμ-

1026 846 1087 880 ψεν,
1100 847 1150 874 ὅσα
1168 847 1221 874 ἔδει
1235 847 1334 874 αὐτίκα
1354 847 1492 884 διανεῖμαι
1508 848 1565 880 τοῖς
1582 847 1702 880 Γάτθοις.

828 926 946 954 VARIE
970 926 1174 955 LECTIONES.

228 969 240 986 ’
251 969 394 1005 προσῆκτο
412 970 484 1006 vulg.

209 1057 1811 1077 ma

751 1135 829 1177 EK
865 1134 969 1177 ΤΗΣ
1005 1134 1251 1178 ΙΣΤΟΡΙΑΣ

601 1221 962 1293 ΜΑΛΧΟΥ
1011 1223 1408 1292 ΡΗΤΟΡΟΣ

813 1332 1206 1381 ΦΙΛΑΔΕΛΦΕΩΣ

555 1421 703 1450 ΕΚΛΟΓΛΙ
725 1421 805 1448 ΠΕΡΙ
822 1419 1003 1447 ΠΡΕΣΒΕΩΝ
1023 1419 1135 1446 ΕΘΝΩΝ
1156 1422 1246 1449 ΠΡΟΣ
1265 1421 1448 1450 ΡΩΜΑΙΟΥΣ.

868 1567 925 1598 EX
949 1565 1139 1597 HISTORIA

567 1655 929 1733 MALCHI
978 1654 1462 1733 RHETORIS

783 1785 1268 1829 PHILADELPHENSIS

458 1872 673 1905 EXCERPTA
694 1872 750 1904 DE
775 1869 1070 1903 LEGATIONIBUS
1092 1868 1275 1900 GENTIUM
1295 1869 1348 1900 AD
1368 1868 1573 1902 ROMANOS.

231 2013 608 2041 Aacuusmn.—-Am0reesus
627 2012 770 2043 Byzantium
783 2013 885 2043 vocatus
908 2018 922 2036 a
942 2010 1027 2035 Leone
1048 2008 1157 2043 Arabiae”
1165 2010 1226 2043 parti
1246 2009 1377 2043 praeﬁcitur
1389 2008 1435 2043 (l)_.
1449 2009 1820 2043 Theuderichus,'Arcadiopoli

200 2047 225 2072 in
232 2039 398 2071 "deditionem
416 2047 525 2075 accepta,
545 2049 630 2075 pacem
645 2039 762 2075 etImdus
776 2048 832 2075 cum
844 2042 938 2075 Leone_
946 2040 1070 2075 compo_n_it
1082 2041 1127 2075 (2).
1141 2039 1253 2075 Odoaeetf
1268 2043 1295 2075 et
1309 2039 1399 2075 Nepos,
1424 2040 1590 2075 legationibus
1607 2042 1694 2065 eodem
1707 2039 1821 2075 tempore

202 2077 350 2108 Byzantian
362 2076 452 2105 missis,

485 2070 572 2099 enon'is
591 2073 721 2099 amicitiam
737 2072 849 2098 ambiunt
868 2072 915 2104 (5).
927 2070 1193 2104 LegatiATheuderichi
1212 2070 1333 2104 tributum
1339 2078 1354 2104 _a
1376 2071 1489 2104 Romanis
1504 2074 1622 2104 petentes
1639 2078 1695 2104 cum
1710 2070 1821 2104 indigna-

201 2101 270 2133 tione
290 2101 451 2132 remittuntur
472 2105 518 2137 (ι).
537 2105 692 2137 Houorichus
712 2105 810 2136 legatos
830 2104 861 2128 de
872 2101 941 2134 'p'ace
959 2101 1037 2137 titittit
1050 2102 1088 2137 _ad
1108 2102 1235 2137 Zenonem
1327 2101 1436 2132 L'troque
1452 2101 1625 2127 Theitdcricho
1645 2103 1739 2127 {ardere
1752 2101 1820 2127 inter

201 2131 233 2164 se
251 2131 396 2170 conjunctis,
418 2131 486 2162 Zeno
500 2131 598 2162 bellum
620 2136 712 2161 acriter
730 2131 815 2160 contra
834 2131 1036 2164 eos—susceptum
1050 2132 1121 2158 brevi
1140 2131 1232 2157 omittit
1252 2131 1298 2162 (6).
1397 2131 1401 2132 ⁷
1553 2153 1557 2157 ,

237 2268 265 2295 1,
285 2266 331 2302 (Α.
347 2265 378 2294 C.
395 2265 458 2297 473,
475 2263 533 2291 Ittd.
551 2264 595 2297 ll,
619 2263 703 2291 Leon.
721 2262 777 2297 17.)
801 2261 921 2296 Septimo
939 2261 986 2289 de-
1003 2261 1025 2291 Β
1075 2259 1110 2288 α’.
1135 2261 1195 2288 Ὅτι
1219 2261 1248 2287 ἐν
1273 2260 1313 2297 τῷ
1340 2260 1563 2296 ἑπτακαιδεκάτῳ
1593 2261 1649 2288 ἔτει
1675 2261 1724 2296 τῆς
1741 2262 1822 2297 βασι-

200 2315 274 2342 cimo
287 2311 394 2347 imperii
412 2310 510 2338 Leonis
528 2309 632 2337 Macelli
647 2316 729 2341 anno,
745 2315 807 2335 cum
829 2308 922 2343 ingens
938 2315 989 2334 un-

202 2359 284 2393 dique
307 2363 398 2384 rerum
422 2354 590 2390 perturbatio
619 2360 678 2382 esse
704 2353 851 2385 videretur,
879 2351 988 2380 advenit

203 2403 313 2438 quidam
328 2401 446 2429 Arabum
469 2399 645 2430 scenitarum,
668 2405 736 2433 quos
758 2402 853 2425 vocant
870 2397 986 2425 Sarace-

203 2456 264 2481 nos,
281 2447 407 2475 sacerdos
421 2453 526 2477 eorum,
541 2445 586 2479 qui
599 2448 662 2471 sunt
677 2444 747 2478 apud
762 2451 809 2471 eos
821 2443 985 2477 Christiani;

203 2495 261 2530 ejus
277 2493 410 2521 adventus
428 2491 486 2519 haec
506 2489 557 2518 fuit
571 2497 661 2517 causa.
679 2489 746 2517 Cum
765 2494 884 2524 tempore
897 2488 988 2516 Theo-

202 2538 272 2566 dosii
287 2541 412 2566 exortum
429 2539 501 2563 esset
515 2536 584 2563 inter
600 2534 696 2562 Persas
711 2539 738 2562 et
752 2534 886 2561 Romanos
902 2534 988 2562 maxi-

203 2591 276 2612 mum
294 2582 404 2616 bellum,
419 2581 521 2610 fmdere
542 2588 598 2608 rem
617 2584 816 2616 transegerunt.
833 2579 872 2607 Eo
888 2579 989 2607 {edere

203 2630 360 2662 cavebatur,
376 2635 410 2656 ne
432 2627 554 2655 alterutri
573 2626 748 2654 admitterent
764 2625 923 2659 Saracenos,
941 2625 987 2660 qui

205 2676 231 2704 in
247 2682 342 2704 eorum
362 2674 414 2702 lide
433 2677 460 2701 et
481 2673 584 2701 ditione
598 2677 700 2706 essent,
720 2671 742 2699 si
757 2671 826 2699 forte
842 2671 903 2706 quis
922 2671 988 2698 deli-

204 2721 279 2749 ciens
295 2727 338 2748 res
352 2726 436 2747 novas
457 2718 545 2746 moliri
569 2722 696 2745 tentaret.
717 2717 793 2751 Apud
814 2715 912 2744 Persas
931 2720 990 2743 erat

204 2767 370 2794 Amorcesus
391 2771 489 2800 genere
513 2763 658 2791 Nocaiius:
683 2763 717 2796 is,
743 2762 802 2790 sive
823 2762 895 2797 quod
917 2761 990 2789 nullo

207 2812 307 2839 honore
319 2810 390 2846 apud
401 2818 449 2838 eos
463 2811 617 2842 haberetur,
634 2810 692 2838 sive
704 2809 887 2837 Romanorum
903 2809 989 2845 regit»

205 2864 267 2884 nem
288 2855 404 2884 incolere
420 2855 508 2890 potius
527 2854 649 2886 duceret.
665 2854 802 2882 Persidem
814 2854 988 2891 relinquens,

1046 2305 1122 2338 λείας
1138 2306 1252 2337 Λέοντος
1279 2304 1326 2332 τοῦ
1354 2305 1494 2340 Μακέλλη,
1519 2305 1627 2332 πάντων
1657 2308 1824 2341 πανταχόῡεν

1038 2350 1202 2386 τεταράχθαι
1216 2350 1376 2383 δοκούντων,
1398 2350 1551 2384 ἀφικνεῖταί
1563 2359 1603 2382 τις
1617 2350 1672 2378 τῶν
1688 2353 1824 2386 σκηνιτὼν

1045 2396 1178 2432 ’Δράὸων,
1206 2395 1252 2428 οὓς
1291 2395 1403 2423 καλοῦσι
1437 2396 1622 2432 Σαρακηνοὺς,
1654 2397 1744 2432 ἱερεὺς
1768 2399 1824 2425 τῶν

1039 2444 1104 2478 παρ’
1115 2443 1231 2475 ἐκείνοις
1241 2443 1423 2479 Χριστιανῶν,
1436 2443 1466 2477 ἐξ
1483 2444 1572 2475 αἰτίας
1599 2445 1742 2479 τοιαύτης*
1755 2445 1826 2480 Πέρα

1041 2497 1086 2515 σαι
1106 2489 1154 2515 καὶ
1173 2489 1306 2524 Ῥωμαῖοι
1325 2490 1439 2521 σπονδὰς
1452 2490 1625 2525 ἐποιήσαντο,
1653 2491 1697 2517 ὅτε
1714 2492 1727 2517 ὁ
1745 2490 1826 2525 μὲγι‹

1042 2542 1103 2566 στος
1119 2534 1186 2570 πρὸς
1196 2534 1296 2567 αὐτοὺς
1308 2535 1354 2561 ἐπὶ
1368 2535 1508 2562 Θεοδοσίου
1524 2536 1676 2572 συνερράγη
1696 2536 1825 2571 πόλεμος,

1041 2581 1079 2616 μὴ
1099 2580 1294 2616 προσδέχεσθαι
1308 2581 1373 2612 τοὺς
1391 2581 1576 2613 ὑποσπόνδους
1600 2582 1784 2617 Σαρακηνοῡς,
1801 2582 1828 2608 εῐ

1040 2635 1082 2658 τις
1094 2627 1123 2659 ὲς
1139 2627 1288 2654 ἀπόστασιν
1303 2627 1463 2662 νεωτερίσαι
1481 2626 1634 2661 προέλοιτο.
1662 2628 1706 2653 Ἐν
1729 2627 1758 2654 δὲ
1771 2628 1827 2659 τοῖς

1041 2672 1161 2708 Πέρσαις
1174 2669 1208 2708 ἦν
1220 2673 1234 2699 ὁ
1257 2671 1424 2707 Ἀμόρκεσος
1437 2672 1485 2698 τοῦ
1500 2672 1631 2698 Νοκαλίου
1646 2671 1741 2706 γένους
1756 2681 1764 2688 ·
1780 2673 1828 2699 καὶ

1040 2718 1096 2745 εἴτε
1112 2718 1196 2753 τιμῆς
1209 2718 1240 2744 οὐ
1257 2718 1400 2753 τυγχάνων
1414 2718 1443 2744 ὲν
1456 2719 1488 2754 τῇ
1506 2718 1617 2754 Περσίδι
1634 2719 1682 2754 γῇ,
1698 2719 1715 2754 ἢ
1739 2718 1827 2750 ἄλλως

1041 2764 1090 2799 τὴν
1111 2764 1253 2800 Ῥωμαίων
1272 2764 1363 2800 χώραν
1396 2764 1492 2800 βελτίω
1517 2766 1678 2801 νενομικὼς,
1708 2766 1829 2793 ἐκλιπὼν

1041 2811 1090 2846 τὴν
1105 2810 1222 2846 Περσίδα
1235 2811 1274 2842 είς
1288 2810 1338 2846 τὴν
1353 2810 1460 2845 γείτονα
1471 2810 1592 2846 Πέρσαις
1607 2811 1736 2846 Ἀραϐίαν
1747 2811 1828 2837 ἐλαύ-

1042 2864 1094 2884 νει.
1116 2856 1271 2884 Κάντεῦθεν
1285 2856 1446 2892 ὁρμώμενος
1461 2857 1601 2892 προνομὰς
1630 2857 1747 2884 ἐποιεῖτο
1780 2858 1827 2884 καὶ
