1951 3074
130 171 186 205 ’181

533 173 581 204 DE
600 173 886 205 LEGATIONIBUS
906 175 1083 206 GENTIUM
1104 177 1155 206 AD
1176 175 1355 207 ROMANOS

1706 174 1764 206 782

130 230 269 266 πολέμους
292 230 434 266 Ῥωμαίων
456 231 505 266 μὲν
522 231 622 263 οὐδενὶ,
642 233 694 263 τοῖς
714 231 744 258 δὲ
763 232 805 259 ἀεὶ
822 233 851 258 ὲν
872 241 920 258 πο·

978 233 999 259 in
1018 232 1134 260 vicinam
1155 232 1246 260 Persis
1264 232 1391 259 Arabiam
1411 231 1546 267 migravit.
1575 231 1642 259 Hine
1664 239 1763 260 excur-

130 277 175 304 σὶν
191 276 396 312 εὑρισκομένοις
414 277 594 312 Σαρακηνοῖς.
623 277 684 312 Ἀφ’
700 278 722 294 ¹⁹
744 274 783 304 ὧν
798 277 846 304 καὶ
870 278 919 312 τὴν

129 323 248 358 δύναμιν
261 322 351 356 αὔξων
369 323 464 358 προῄει
478 322 549 349 κατὰ
572 323 681 359 μικρόν.
710 323 783 351 Μίαν
807 324 838 351 δὲ
866 324 920 351 τῶν

137 367 283 403 Ῥωμαίων
299 369 497 404 παρεσπάσατο
514 369 597 404 νῆσον
611 369 743 405 Ἰωτάϐην
754 368 850 404 ὄνομα,
872 370 920 396 καὶ

131 414 195 445 τοὺς
212 414 409 448 δεκατηλόγους
436 414 560 441 ἐκϐαλὼν
583 415 636 442 τῶν
665 415 809 450 Ῥωμαίων
838 415 920 447 αὐτὸς

129 458 193 493 ἔσχε
212 459 260 494 τὴν
276 459 366 494 νῆσον,
384 461 430 486 καὶ
442 459 476 486 τὰ
488 460 553 495 τέλη
567 460 671 495 ταύτης
694 460 839 495 λαμϐάνων
853 469 921 496 χρη-

132 503 227 539 μάτων
242 505 457 540 εὺπόρησεν·οὑκ
482 506 581 540 ὀλίγων
606 505 742 535 ἐντεῦθεν.
765 506 819 533 Καὶ
838 507 920 538 ἄλλας

131 549 187 575 ῑὲό
221 549 301 582 αὐτὸς
334 551 500 587 ’Δμόριιεσος
526 552 581 577 τῶν
605 551 720 587 πλησίον
752 552 920 586 ἀφελόμενος

130 595 244 630 κωμῶν,
258 596 392 631 ἐπεθύμει
427 597 574 632 Ῥωμαίοις
599 597 767 628 ὑπόσπονδος
793 596 920 631 γενέσθαι

131 641 181 667 καὶ
201 641 338 677 φύλαρχος
347 643 401 668 τῶν
415 642 486 669 κατὰ
501 642 522 658 ¹¹
550 643 684 678 Πετραὶαν
700 643 753 670 ὑπὸ
775 642 921 678 Ῥωμαίοις

130 687 217 714 ὅντων
229 689 406 723 Σαρακηνῶν.
430 689 537 724 Πέμπει
552 687 598 716 οὖν
617 689 685 725 πρὸς
699 689 799 716 Λέοντα
811 689 856 716 τὸν
871 689 921 724 βα-

130 732 209 758 σιλέα
231 734 373 768 Ῥωμαίων
387 735 490 770 Πέτρον
511 735 661 761 ἐπίσκοπον
687 736 737 770 τῆς
767 735 853 770 φυλῆς
871 735 921 768 τῆς

131 778 241 811 ἑαυτοῦ,
259 779 286 806 εί
297 789 354 812 πως
369 779 477 807 δύναιτο
490 780 577 808 ταῦτα
602 781 700 813 πείσας
719 781 783 808 ποτὲ
802 781 922 816 διαπρά-

132 821 243 855 ξασθαι.
276 824 319 857 Ὠς
338 825 360 852 δ’
380 826 495 860 ἀφίκετο
514 826 560 853 καὶ
588 826 710 862 διελέχθη
733 827 772 862 τῷ
802 826 920 861 βασιλεῖ,

131 870 242 905 δέχεται
254 872 316 903 τοὺς
329 872 424 906 λόγους
441 874 454 899 ὁ
485 873 621 908 βασιλεὺς,
652 874 698 899 καὶ
726 873 922 908 μετάπεμπτον

971 285 1044 310 rens,
1061 278 1169 312 rapinas
1182 283 1210 305 et
1223 285 1319 305 Ctt'lcru
1336 278 1443 306 hostilia
1459 279 1603 305 exercebat
1618 278 1644 305 in
1661 277 1764 306 Itoma-

972 331 1067 350 norutn
1091 323 1146 359 92
1170 325 1278 358 quidem
1306 325 1454 356 neminem,
1480 325 1527 351 sed
1551 324 1578 351 in
1602 324 1764 357 Saracenos,

973 377 1041 403 quos
1058 370 1161 405 passim
1178 375 1242 397 ante
1254 371 1335 404 pedes
1349 377 1411 397 suos
1423 369 1586 397 olTendebat.
1605 369 1651 397 Sic
1667 374 1766 404 poten-

973 415 1037 441 tiam
1062 422 1138 442 suatn
1163 422 1275 449 augens,
1301 415 1429 450 paulatim
1454 415 1550 448 crevit,
1572 420 1600 443 et
1624 423 1706 443 unam
1731 422 1764 443 ex

971 459 1078 493 insulis,
1095 467 1154 494 qua:
1169 459 1300 487 Romanis
1317 461 1459 495 parebant,
1479 460 1532 488 sibi
1557 460 1672 494 subjecit
1686 460 1765 488 Jota-

971 504 1031 531 hem
1047 505 1166 536 nomine,
1183 513 1245 539 qua,
1261 506 1381 540 expulsis
1397 506 1562 533 decimarum
1579 507 1765 540 exactoribus,

970 551 1073 585 potitus
1090 555 1142 578 est.
1164 550 1257 585 Itaque
1274 552 1375 578 tributa
1393 551 1532 587 colligens,
1551 559 1613 579 curn
1634 552 1714 579 etiam
1730 559 1765 579 ex

971 595 1103 630 proximis
1119 597 1187 623 vicis
1211 597 1311 624 multas
1337 597 1441 632 praedas
1456 598 1566 632 egisset,
1582 605 1634 624 non
1653 605 1765 631 parvam

972 641 1148 676 pecuniarum
1163 649 1297 669 summam
1313 641 1363 669 sibi
1378 642 1494 676 paravit.
1510 641 1612 670 Deinde
1629 642 1766 670 llumano-

973 694 1031 714 rum
1052 688 1256 715 conl'mderatns
1271 693 1298 715 et
1317 687 1529 720 Saracenorum,
1554 689 1598 722 qui
1618 688 1644 715 in
1664 688 1766 716 Arabia

973 733 1076 761 Petra-a
1092 734 1143 761 sub
1159 733 1289 761 Romanis
1302 735 1414 770 degunt,
1430 734 1557 769 princeps
1572 741 1632 762 esse
1651 742 1765 768 magno-

972 787 1036 814 pere
1057 780 1195 814 cupiebat.
1219 780 1402 814 Quamobrem
1425 782 1459 808 ad
1485 781 1602 808 Leonem
1621 782 1767 817 imperato-

974 833 1030 853 rem
1049 827 1132 853 mittit
1149 826 1270 860 Petrum,
1288 827 1347 860 ejus
1369 827 1458 861 gentis
1477 828 1645 863 episcopum,
1662 829 1719 863 qui,
1742 828 1765 855 si

974 879 1025 905 qua
1044 871 1150 899 ratione
1168 876 1270 907 posset.
1289 873 1323 899 ab
1340 873 1503 907 imperatore
1519 874 1577 901 haec
1597 874 1767 908 impetraret.

131 917 214 948 εὐθὺς
239 920 354 945 ποιεῖται
365 919 411 946 τὸν
433 907 597 955 ’Λμόρκεσον
622 919 710 947 ἐλθεῖν
727 907 802 955 πρὸς
827 907 920 952 αὑτὸν,

978 917 1010 944 [lt
1023 918 1104 950 venit,
1123 921 1226 945 etcum
1244 919 1408 952 imperatore
1426 919 1507 946 verba
1531 919 1604 951 fecit,
1625 907 1766 947 sermones

132 963 300 990 ἀϐουλότατα
317 964 397 992 τοῦτο
426 965 639 1000 διανοησάμενος
657 966 704 992 καὶ
731 967 859 1000 ποιήσας.
890 965 922 991 El

131 1009 187 1044 γὰρ
201 1009 233 1046 δὴ
253 1011 298 1037 καὶ
314 1011 452 1047 φύλαρχον
480 1012 669 1048 χειροτονῆσαι
694 1012 844 1048 προῄρητο,
868 1012 923 1039 ἔδει

132 1058 275 1093 πόρρωθεν
288 1057 343 1084 ὄντι
361 1058 399 1093 τῷ
425 1058 585 1094 Ἀμορκέσῳ
599 1058 677 1085 τοῦτο
694 1057 855 1094 προστάξαι,
871 1057 924 1090 ἕως

133 1107 182 1130 καὶ
198 1104 232 1131 τὰ
249 1105 393 1139 Ῥωμαίων
404 1104 514 1139 ἐνόμιζε
526 1104 642 1140 φοϐερὰ,
657 1105 703 1131 καὶ
724 1106 780 1136 τοῖς
793 1105 922 1140 ἄρχουσιν

132 1150 178 1176 ἀεὶ
200 1151 255 1181 τοῖς
277 1150 388 1185 τυχοῦσι
418 1151 561 1186 Ῥωμαίων
589 1151 701 1186 ἔμελλεν
721 1151 798 1186 ἥκειν
821 1151 924 1178 ὑποπε-

134 1195 248 1231 πτηχὼς
259 1215 267 1229 ,
289 1196 335 1223 καὶ
349 1196 397 1232 τήν
418 1205 449 1230 γε
464 1197 648 1232 προσηγορίαν
672 1196 802 1232 βασιλέως
818 1197 924 1224 ἀκούων

136 1243 232 1277 αὑτήν.
252 1242 308 1269 Καὶ
319 1242 372 1276 γὰρ
389 1242 433 1269 διὰ
449 1243 469 1259 "
494 1242 591 1269 πολλοῦ
608 1243 732 1278 κρεῖττόν
748 1252 774 1270 τι
793 1243 848 1270 τῶν
877 1244 925 1270 ἀν-

133 1288 251 1324 θρώπων
265 1287 335 1316 εἶναι
357 1289 412 1316 τῶν
429 1289 516 1316 ἄλλων
531 1289 650 1324 ἐνόμιζε.
667 1289 724 1316 Νῦν
758 1289 787 1316 δὲ
815 1289 924 1325 πρῶτον

136 1335 188 1369 μὲν
203 1335 339 1362 «eavea
366 1335 470 1362 πόλεων
494 1333 572 1371 ἦγεν,
603 1335 637 1367 ἃς
667 1335 781 1370 ἔμελλεν
811 1335 924 1370 ὄψεσθαι

135 1382 243 1416 τρυφῆς
260 1382 341 1416 μόνον
355 1382 506 1417 γεμούσας,
531 1382 623 1414 ὅπλοις
641 1383 670 1409 δὲ
698 1382 728 1409 οὺ
757 1382 899 1418 χρωμένας
916 1390 924 1399 ο

135 1426 231 1453 ἔπειτα
245 1427 283 1458 δὲ,
307 1427 344 1458 ὡς
363 1427 480 1462 ἀνῆλθεν
492 1429 519 1459 ἐς
535 1427 692 1460 Βυζάντιον,
719 1427 826 1462 δέχεται
850 1427 925 1463 παρὰ

135 1472 184 1499 τοῦ
204 1472 334 1507 βασιλέως
351 1474 487 1508 ἁσμένως,
500 1474 548 1500 καὶ
566 1474 706 1509 τραπέζης
722 1474 850 1500 κοινωνὸν
874 1475 924 1509 βα-

136 1519 243 1554 σιλικῆς
283 1520 440 1555 ἐποιήσατο,
466 1522 513 1547 καὶ
545 1521 566 1536 ¹³
601 1521 701 1556 βουλῆς
741 1520 925 1556 προκειμένης

136 1565 209 1599 μετὰ
235 1564 285 1600 τῆς
305 1565 452 1601 γερουσίας
466 1567 652 1602 συμπαρεῖναι
667 1567 764 1593 ἐποίει.
781 1567 835 1593 Καὶ
852 1567 882 1592 τό
893 1574 924 1600 γε

132 1610 170 1645 δὴ
182 1610 320 1645 αἴσχιστον
333 1611 434 1643 ὄνειδος
454 1611 508 1638 τῶν
537 1612 691 1647 Ῥωμαίων,
724 1613 765 1640 ὃτι
789 1613 924 1648 καθέδραν

133 1656 212 1691 αὑτῴ
238 1656 287 1692 τὴν
318 1659 566 1693 πρωτοπατρικίων
602 1658 769 1694 ἀποδοθῆναι
795 1659 924 1685 ἐκέλευσε

134 1703 375 1738 σχηματισάμενος
391 1704 405 1730 ὁ
419 1703 556 1739 βασιλεὺς,
574 1705 614 1731 ὅτι
635 1705 667 1740 δὴ
690 1704 852 1740 Χριστιανὸς
875 1706 926 1732 ἀν-

134 1749 251 1784 επείσθη
267 1749 391 1783 γενέσθαι
400 1758 406 1764 ν
422 1752 469 1777 καὶ
477 1750 553 1782 τέλος
561 1751 724 1786 ἀπέπεμψεν
734 1751 826 1782 αὑτὸν,
841 1743 894 1786 ἰδία
904 1751 926 1766 “

138 1795 192 1830 μὲν
204 1797 269 1831 παρ’
293 1796 375 1823 αὐτοῦ
386 1797 479 1824 εἰκόνα
494 1797 556 1824 τινὰ
582 1798 684 1832 χρυσῆν
704 1797 751 1824 καὶ
780 1797 926 1824 κατὰ).ιοον

134 1841 228 1868 λαϐὼν
241 1843 273 1873 “‘,
291 1843 394 1877 σφόδρα
408 1851 437 1868 τε
456 1840 539 1869 οὖσαν
551 1843 694 1877 πολυτελῆ,
720 1843 767 1869 καὶ
793 1843 848 1870 τῶν
880 1843 928 1869 ἂλ-

138 1887 196 1914 law
210 1887 339 1919 κελεύσας
370 1888 485 1915 ἕκαστον
501 1889 677 1922 εἰσενεγκεῖν,
692 1889 749 1916 ὅσοι
761 1889 871 1915 ἐτέλουν
898 1890 927 1921 ἐς

137 1933 190 1969 τὴν
205 1933 314 1969 βουλήν.
341 1934 397 1970 Τὴν
418 1934 447 1961 δὲ
460 1935 540 1969 νῆσον
558 1934 676 1967 ἐκείνην,
690 1932 724 1970 ἦς
747 1935 926 1970 ἐμνήσθημεν

138 1980 270 2016 πρόσθεν,
287 1980 317 2006 οὐ
335 1983 414 2016 μόνον
427 1981 573 2008 κατέλιπεν
590 1981 666 2016 αὐτῷ
693 1982 767 2016 ἔχειν
800 1981 928 2016 βεϐαίως,

138 2027 208 2053 ἀλλὰ
219 2027 266 2054 καὶ
284 2027 366 2060 ἄλλας
383 2027 457 2062 αὐτῷ
472 2028 580 2063 [κώμας
609 2027 764 2064 προσέθηκε
792 2028 929 2060 πλείονας.

139 2073 234 2101 ταῦτα
250 2073 398 2109 παρασχὼν
420 2073 578 2109 Ἀμορκέσῳ
592 2075 606 2101 ό
621 2074 698 2101 Λέων
716 2075 764 2101 καὶ
790 2073 845 2101 τῶν
875 2083 928 2108 φυ-

141 2120 195 2146 λῶν
210 2120 338 2156 ἄρχοντα,
364 2117 402 2148 ὧν
415 2121 506 2157 ἤθελε,
526 2121 654 2156 ποιήσας,
668 2121 831 2156 ἀπέπεμψεν
859 2121 929 2156 ὑψη-

140 2166 197 2198 λὸν,
216 2167 263 2193 καὶ
279 2167 341 2198 ὅσος
362 2167 412 2193 οὐκ
428 2166 522 2201 ἔμελλε
532 2168 587 2198 τοῖς
599 2166 755 2202 δεξαμένοις
770 2166 929 2193 λυσιτελεῖν.

177 2212 210 2247 β’.
231 2213 290 2239 Ὅτι
314 2213 328 2239 ὁ
351 2213 432 2245 αὐτὸς
455 2213 530 2239 Λέων
550 2213 676 2247 βασιλεὺς
698 2211 843 2239 ἀπέστειλε
862 2212 930 2248 πρὸς

974 964 1033 997 ejus
1052 965 1200 998 imperator
1213 965 1325 999 excipit,
1345 969 1373 992 et
1391 965 1566 992 Amorccsum
1580 965 1671 992 statim
1687 966 1719 993 ad
1736 972 1767 992 se

974 1015 1063 1037 vocat.
1082 1011 1146 1043 Quae
1161 1018 1227 1038 sane
1248 1011 1479 1039 inconsultissime
1499 1016 1527 1040 et
1544 1013 1629 1040 sensit
1645 1017 1672 1040 et
1692 1012 1766 1040 fecit.

975 1053 1092 1084 Etcnitn,
1109 1054 1131 1081 si
1150 1054 1237 1089 ipsum
1252 1055 1311 1089 ejus
1325 1056 1413 1090 gentis
1427 1056 1576 1091 principem
1594 1065 1688 1085 creare
1702 1065 1769 1085 con-

974 1099 1119 1131 stituisset,
1135 1105 1293 1135 oportuerat
1304 1108 1365 1128 eum
1377 1109 1391 1128 e
1403 1102 1550 1137 longinquo
1563 1103 1613 1131 hoc
1625 1103 1766 1136 mandare,

975 1149 1004 1172 ut
1024 1143 1208 1174 Romanorum
1227 1147 1368 1182 imperium
1387 1147 1424 1175 illi
1444 1155 1553 1183 semper
1568 1149 1704 1177 formidini
1721 1157 1767 1178 es-

975 1195 1028 1222 set,
1049 1197 1077 1219 et
1099 1192 1133 1219 ad
1154 1192 1240 1219 solum
1266 1200 1363 1221 nomen
1395 1194 1578 1228 imperatoris,
1601 1196 1769 1230 quibuslibet

976 1236 1162 1264 Romanorum
1181 1237 1384 1273 magistratibus
1398 1240 1430 1265 ad
1446 1246 1477 1266 se
1493 1240 1695 1274 accedentibus,
1711 1246 1770 1269 tre—

977 1287 1072 1310 meret.
1091 1282 1156 1310 Nam
1179 1284 1327 1311 remotiora
1351 1285 1474 1313 homines
1496 1290 1523 1313 et
1545 1287 1698 1321 potentiora
1719 1288 1770 1316 ha-

975 1327 1040 1355 bere
1053 1329 1149 1357 solent.
1165 1329 1200 1357 At
1210 1331 1255 1358 ille
1264 1331 1400 1359 hominem
1414 1339 1462 1367 per
1478 1333 1557 1360 urbes
1572 1333 1767 1367 circumduxit,

976 1383 1044 1410 quas
1067 1376 1175 1404 visurus
1188 1382 1249 1404 erat
1270 1378 1354 1404 armis
1374 1385 1473 1405 vacuas
1497 1382 1524 1405 ct
1544 1378 1649 1407 deliciis
1665 1379 1768 1413 plenas.

976 1420 1064 1454 Hunc,
1086 1426 1114 1448 nt
1135 1421 1296 1457 Byzantium
1313 1424 1398 1456 venit,
1422 1423 1570 1458 imperator
1589 1425 1704 1460 benigne
1719 1433 1770 1453 ex-

976 1467 1051 1501 cipit,
1065 1472 1092 1494 et
1105 1468 1184 1503 regis:
1198 1475 1301 1496 mensae
1313 1469 1472 1504 participem
1487 1470 1562 1497 iecit.
1576 1469 1687 1498 Senatui
1702 1479 1771 1506 quo-

977 1519 1038 1548 que,
1056 1520 1137 1547 quem
1153 1513 1261 1547 indixit,
1282 1514 1425 1546 interesse,
1442 1519 1469 1542 et
1493 1515 1540 1548 illi,
1556 1516 1628 1550 quod
1651 1516 1771 1544 foedissi—

977 1566 1050 1585 mum
1071 1557 1254 1586 Romanorum
1282 1559 1411 1594 probrum
1436 1559 1497 1594 fuit,
1521 1561 1614 1588 sellam
1638 1560 1716 1596 juxta
1740 1569 1771 1589 se

978 1605 1041 1640 poni
1058 1609 1122 1633 ante
1136 1613 1230 1633 omnes
1246 1606 1374 1641 patricios
1389 1605 1482 1641 jussit,
1504 1607 1565 1635 [icta
1588 1616 1681 1641 causa,
1699 1610 1771 1644 quod

977 1653 1151 1682 Christianus
1168 1654 1226 1682 fieri
1242 1661 1389 1690 persuasus
1407 1659 1487 1683 esset.
1506 1656 1647 1684 Postremo
1667 1657 1771 1685 dimisit

977 1708 1048 1734 eum,
1074 1706 1215 1736 postquam
1241 1701 1298 1736 ipse
1313 1702 1456 1736 imaginem
1480 1710 1600 1736 auream,
1628 1704 1771 1739 magnifice

978 1747 1094 1782 gemmis
1107 1751 1277 1779 exornatam,
1292 1747 1316 1774 ei
1333 1748 1490 1781 donaverat,
1510 1753 1536 1775 et
1557 1749 1583 1777 in
1609 1756 1670 1776 eum
1687 1750 1769 1777 etiam

978 1801 1084 1825 omnes,
1097 1794 1142 1828 qui
1155 1794 1182 1821 in
1195 1799 1317 1821 senatum
1342 1800 1421 1821 erant
1447 1795 1569 1828 ascripti,
1587 1795 1638 1822 alia
1656 1803 1769 1823 munera

980 1839 1105 1866 conferre
1117 1839 1210 1874 jussit.
1232 1839 1349 1866 Insulam
1366 1847 1442 1870 vero,
1462 1839 1538 1872 cujus
1556 1847 1637 1874 supra
1656 1841 1771 1868 mentio-

981 1893 1042 1912 nem
1065 1885 1190 1918 fecimus,
1213 1893 1265 1912 non
1281 1886 1368 1913 solutn
1391 1886 1450 1920 ejus
1478 1886 1606 1920 potestati
1634 1887 1769 1921 permisit,

980 1935 1010 1958 ut
1025 1938 1084 1957 eam
1097 1931 1156 1958 sine
1171 1931 1356 1958 controversia
1373 1931 1523 1965 possideret
1541 1940 1549 1958 :
1571 1932 1618 1959 sed
1638 1936 1665 1959 et
1681 1932 1770 1967 plures

981 1978 1050 2005 alios
1067 1978 1141 2005 vicos
1157 1970 1265 2011 adjecit.
1282 1976 1349 2004 Cum
1364 1977 1407 2004 his
1426 1977 1500 2004 illum
1519 1978 1660 2005 beneficiis
1674 1986 1770 2005 ornas-

980 2030 1023 2052 set
1036 2029 1063 2052 et
1081 2024 1270 2060 phylarcbum,
1288 2028 1317 2050 ut
1332 2028 1485 2059 optaverat,
1503 2024 1701 2058 constituisset,
1716 2025 1771 2052 ela-

982 2075 1038 2098 tum
1058 2076 1086 2098 ct
1105 2069 1305 2105 superbientem
1329 2075 1357 2097 et
1376 2069 1468 2102 talem,
1493 2069 1538 2105 qui
1558 2078 1611 2099 non
1634 2076 1706 2099 esset
1727 2072 1771 2105 iis,

982 2116 1027 2152 qui
1043 2116 1159 2150 benigne
1171 2123 1234 2143 cum
1249 2120 1423 2150 exceperant,
1439 2116 1606 2151 profuturus,
1623 2117 1736 2145 dimisit.

1018 2207 1046 2234 2.
1079 2207 1135 2235 Leo
1166 2207 1314 2243 imperator
1337 2207 1410 2235 misit
1434 2207 1571 2243 Pelagium
1595 2209 1773 2236 silentiarium

141 2259 205 2290 τοὺς
229 2259 258 2285 ἐν
276 2260 308 2295 τῇ
343 2260 439 2295 Θρᾴκῃ
473 2259 632 2294 Βαρϐάρους
656 2258 826 2294 πρεσϐευτὴν
848 2258 925 2285 Τελᾶ-

981 2253 1098 2288 legatum
1117 2254 1149 2280 ad
1171 2252 1315 2285 Barbaros,
1330 2253 1375 2287 qui
1391 2253 1417 2280 in
1431 2251 1546 2280 Thracia
1560 2258 1647 2281 erant.
1663 2254 1698 2281 At
1711 2253 1776 2280 Bar-

141 2314 201 2340 γιον
230 2306 251 2321 ’⁸
273 2308 319 2332 τὸν
348 2305 538 2340 σιλεντιάριον.
568 2307 599 2332 0t
623 2305 652 2331 δὲ
672 2305 809 2341 Βάρϐαροι
835 2304 931 2331 τοῦτον

143 2352 270 2388 ἀσμένως
294 2352 436 2387 δεξάμενοι
473 2352 676 2387 ἀντιπέμπουσι
703 2351 833 2387 πρέσϐεις
864 2353 932 2386 πρὸς

142 2398 188 2424 τὸν
202 2398 323 2433 βασιλέα,
336 2399 407 2433 φίλοι
426 2398 568 2433 Ῥωμαίων
582 2396 651 2425 εἷναι
663 2398 830 2433 βουλόμενοι.
851 2397 935 2434 ᾘτή-

147 2453 230 2471 σαντο
257 2445 286 2471 δὲ
315 2446 379 2480 τρία
393 2453 400 2461 ·
418 2445 526 2481 πρῶτον
549 2445 711 2481 Θευδέριχον
729 2445 751 2461 ¹⁷
766 2444 813 2471 τὸν
829 2444 935 2479 κατάρ-

145 2499 228 2524 χοντα
259 2491 348 2517 αὐτῶν
367 2491 416 2526 τὴν
433 2491 613 2526 κληρονομίαν
641 2490 799 2523 ἀπολαϐεῖν,
825 2491 857 2526 ἥν
882 2491 935 2524 ἀφ-

148 2536 214 2571 ῆκεν
229 2536 302 2571 αὐτῷ
316 2537 438 2572 Ἀσπαρ,
456 2537 584 2572 δεύτερον
600 2537 730 2572 νέμεσθαι
747 2536 796 2571 τὴν
821 2536 933 2571 Θρᾴκην

148 2582 358 2619 συγχωρηθῆναι
371 2583 455 2617 αὐτῷ,
470 2583 562 2618 τρίτον
589 2583 636 2609 καὶ
665 2582 855 2618 στρατηλάτην
883 2590 932 2616 γε-

147 2628 239 2655 νέσθαι
259 2629 313 2655 τῶν
329 2629 486 2664 ταγμάτων,
497 2626 589 2664 ὧνπερ
600 2629 647 2655 καὶ
669 2629 780 2664 ’Δσπαρ
800 2629 931 2664 ἡγήσατο.

148 2676 202 2702 Καὶ
216 2677 230 2702 ὁ
251 2676 302 2710 μὲν
329 2675 453 2711 βασιλεὺς
472 2676 541 2711 πρὸς
554 2676 588 2703 τὰ
612 2676 657 2702 δύο
689 2675 830 2706 παντελῶς
855 2675 934 2702 ἀπεί-

149 2730 229 2755 πατο,
254 2722 334 2758 μόνον
348 2722 377 2749 δὲ
399 2723 463 2756 περὶ
496 2722 545 2757 τῆς
565 2721 731 2758 στρατηγίας
760 2721 932 2754 κατένευσεν,

985 2301 1043 2327 bari
1065 2299 1165 2327 lubenti
1186 2299 1277 2325 anitno
1299 2299 1415 2334 legatum
1433 2304 1608 2334 exceperunt,
1631 2305 1657 2326 et
1675 2299 1777 2334 legatos

986 2354 1094 2381 quoque
1104 2347 1138 2374 ad
1149 2346 1350 2380 imperatorem,
1364 2345 1549 2373 Romanorum
1563 2347 1644 2374 amici
1655 2354 1716 2374 esse
1727 2354 1775 2374 cu—

985 2394 1104 2429 pientes,
1123 2392 1265 2425 miserunt,
1287 2399 1335 2427 per
1351 2399 1421 2426 quos
1438 2393 1490 2419 tria
1512 2391 1546 2418 ab
1566 2399 1599 2419 eo
1619 2392 1774 2426 petierunt:

987 2440 1102 2474 primum
1118 2443 1146 2465 ut
1159 2437 1375 2469 Tlteuderichus,
1392 2445 1486 2465 eorum
1504 2438 1568 2470 dux,
1581 2437 1654 2465 otnni
1667 2438 1776 2466 heredi-

988 2491 1052 2518 tate,
1067 2492 1148 2520 qttam
1168 2485 1205 2511 illi
1226 2484 1376 2519 reliquerat
1387 2483 1486 2518 Aspar,
1502 2482 1640 2510 frueretur
1654 2492 1662 2510 :
1678 2490 1777 2511 secun-

986 2532 1062 2564 dum,
1071 2536 1100 2558 ut
1110 2531 1204 2558 liceret
1215 2530 1269 2565 93
1282 2530 1319 2557 illi
1330 2530 1356 2556 in
1372 2529 1488 2556 Thracia
1504 2529 1644 2556 habitare:
1655 2529 1776 2560 tertium,

986 2581 1056 2606 utet
1079 2584 1172 2604 eorum
1192 2576 1329 2607 ordinum,
1351 2582 1466 2609 quorum
1488 2576 1576 2609 Aspar
1600 2574 1699 2607 fuerat,
1723 2574 1779 2601 dux

986 2629 1068 2652 esset.
1102 2623 1193 2650 Prima
1222 2622 1276 2650 duo
1303 2622 1415 2649 omnino
1447 2621 1590 2655 denegavit
1618 2621 1779 2656 imperator.

987 2671 1080 2699 Solum
1093 2670 1212 2700 tertium,
1231 2673 1259 2696 ut
1272 2668 1326 2695 dux
1343 2667 1432 2699 ﬁeret,
1450 2668 1595 2696 dummodo
1608 2668 1667 2695 sine
1682 2667 1783 2694 fraudo

986 2718 1046 2753 ejus
1059 2717 1164 2744 amicus
1179 2720 1262 2748 esset,
1276 2715 1422 2746 concessit,
1438 2719 1466 2742 et
1487 2716 1524 2742 ita
1542 2714 1645 2749 legatos
1662 2712 1776 2741 dimisit.

775 2780 892 2807 VARI/E
910 2775 1112 2807 LECTIONES.

184 2828 308 2864 ¹⁶ἀφῖθο
323 2829 365 2863 ἐφ’
381 2828 455 2864 vuls-
495 2828 515 2844 “
534 2827 605 2864 κατὰ
621 2827 663 2859 Ba
680 2826 813 2864 “Wet:
843 2825 905 2864 ἕδῖιὶ
920 2822 1132 2864 “HS-31W”
1154 2821 1187 2857 δὴ
1212 2820 1371 2864 φυλλγθιυ
1410 2820 1516 2864 ¹Ἄ¹¹ἓέ
1531 2818 1586 2864 καὶ.
1600 2815 1780 2864 ίὲἓῖτξέεέξ

148 2863 171 2900 ι)
187 2857 295 2900 ista?”
310 2857 379 2892 ἰδίαν
393 2857 466 2900 vuig.
505 2864 527 2880 “
541 2857 660 2890 λαϐόντα
680 2863 753 2899 conj.
774 2857 810 2890 Νι
847 2861 869 2877 ⁸⁸
883 2857 1021 2896 Τελόγῐον]
1043 2857 1177 2894 Πελάγιον
1189 2857 1231 2885 vel

149 2899 226 2927 Θιυδ.
242 2899 313 2935 vulg.

1281 2856 1385 2892 ὺλόγιον
1401 2855 1472 2890 conj.
1493 2854 1526 2882 N.
1564 2853 1586 2870 "
1607 2853 1715 2889 πρῶτον
1735 2850 1780 2879 τνα
