1951 3074
179 168 232 200 783

643 170 844 201 EXCERPTA
865 171 915 201 ΕΧ
935 170 1088 201 MALCHO
1108 168 1289 200 RHETORE

1750 168 1806 200 '78!

180 229 235 256 Sed
248 227 462 261 Tlteuderichus,
473 228 653 256 Barbarorum
665 229 800 264 princeps,
811 230 853 257 ubi
867 231 964 266 legatos

1020 231 1044 256 ει
1070 230 1146 265 φίλος
1162 227 1246 256 αὐτοῦ
1265 227 1376 263 γένηται
1404 227 1505 259 ἀδόλως
1519 228 1551 255 η.
1575 228 1631 255 Καὶ
1656 223 1728 255 οὕτω
1741 229 1806 261 τοὶς

177 280 242 300 suos
254 272 289 299 ab
301 272 464 307 imperatore
477 279 507 302 re
523 274 622 301 inl‘eeta
634 281 758 302 reversos
772 276 890 310 excepit,
902 283 965 302 sua-

178 325 238 346 rttm
254 319 392 353 copiarum
407 324 510 354 partem
532 319 669 355 Philippos
685 321 758 348 misit
775 330 782 348 :
804 328 865 349 cum
880 322 965 349 altera

176 368 255 398 parte
279 363 482 399 Arcadiopolim
509 365 582 392 omni
609 371 739 400 apparatu
764 371 966 402 oppugnaturus

175 408 292 436 obsedit.
308 408 402 445 Neque
422 414 512 438 tamen
530 418 590 438 eam
608 411 692 439 armis
713 413 796 447 cepit,
818 412 865 440 sed
883 412 964 446 fame,

175 461 235 488 qua:
253 455 400 490 oppidanos
415 456 483 484 adeo
496 457 646 492 premebat,
659 461 688 484 ut
708 457 785 493 equis
802 462 830 486 et
849 458 909 486 aliis
922 459 966 494 ju-

175 500 276 528 mentis
295 505 322 528 et
344 505 513 529 mortuorum
532 501 702 536 corporibus,
719 507 922 538 exspectantes.
941 504 964 532 si

175 553 227 580 qua
243 553 277 573 ex
294 552 372 581 parte
386 546 517 574 auxilium
532 547 683 581 adveniret,
703 553 887 576 vescerentur.
907 550 965 583 Quo

175 599 230 618 non
253 592 424 625 adveniente,
451 592 477 619 in
501 598 651 620 extremam
676 594 892 628 desperationem
917 595 966 622 ad—

175 637 249 664 ducti
270 637 433 665 deditionem
457 637 590 666 iecerunt.
617 638 666 672 Qui
696 646 759 666 vero
784 639 859 667 missi
887 644 965 667 erant

175 683 314 718 Philippos
331 683 417 711 solum
439 691 481 718 ea,
499 692 558 719 quae
572 685 644 712 circa
665 685 760 712 urbem
778 690 865 718 erant,
891 693 963 713 cont-

174 730 338 762 busserunt,
366 738 452 766 neque
478 731 626 766 quidquam
650 735 780 766 praeterea
811 737 891 759 atrox
919 737 966 760 aut

176 783 258 809 grave
269 776 473 804 commiserunt.
489 776 535 804 llis
553 777 588 804 ita
599 777 625 804 itt
641 777 755 804 Thracia
769 778 964 813 grassantibus,

175 821 262 848 nihilo
283 822 372 849 secius
397 821 447 856 ipsi
471 821 584 849 Barbari
612 822 683 850 fame
703 823 789 850 coacti
810 824 912 859 legatos
931 825 965 852 ad

175 866 367 902 imperatorem
385 868 527 899 miserunt,
545 868 592 903 qui
619 869 652 896 de
673 876 740 904 pace
760 874 881 904 agerent,
905 877 965 905 qua:

1017 274 1146 310 πρέσϐεις
1174 273 1347 309 ἀπέπεμψεν.
1371 273 1400 300 '0
1415 272 1442 299 δὲ
1456 273 1618 308 Θευδέριχος
1635 275 1650 300 ὁ
1662 273 1718 301 τῶν
1732 274 1803 310 Βαρ-

1016 320 1107 356 ϐάρων
1119 319 1252 355 ἀρχηγὸς,
1270 319 1334 350 τοὺς
1353 319 1485 354 πρέσϐεις
1499 319 1584 345 αὑτοῦ
1608 319 1755 354 δεξάμενος
1771 321 1805 346 ἐκ

1015 365 1062 393 τοῦ
1095 365 1227 399 βασιλέως
1252 365 1423 400 ἀπράκτους,
1452 363 1484 391 τὸ
1511 364 1561 398 μὲν
1593 364 1643 399 τῆς
1662 364 1806 400 δυνάμεως

1016 410 1098 438 αὐτοῦ
1114 411 1142 442 ἐς
1158 410 1306 441 Φιλίππους
1320 409 1469 444 ἐκπέμπει,
1485 409 1524 444 τῷ
1548 409 1577 436 δὲ
1611 410 1803 445 προσεκάθητο

1014 456 1065 492 τὴν
1088 455 1311 492 Ἀρκαδιούπολιν
1330 456 1438 490 μηχανῇ
1456 454 1530 491 πάσῃ
1559 455 1723 490 πολιορκῶν.
1747 457 1805 483 Καὶ

1016 502 1120 538 ταύτην
1133 501 1342 537 παραλαμῦἀνει
1357 501 1406 536 οὐχ
1434 500 1537 533 ὅπλοις,
1558 501 1626 528 ἀλλὰ
1648 501 1720 537 λιμῷ
1741 502 1805 533 τοὺς

1015 548 1088 575 ἔνδον
1120 547 1168 574 τοῦ
1198 547 1292 578 ἄστεος
1328 546 1446 581 ίαχυρῶς
1469 547 1715 582 στενοχωρήσαντι.
1749 547 1804 574 Καὶ

1015 594 1069 629 γὰρ
1088 592 1135 620 καὶ
1151 593 1243 620 ἵππων
1259 593 1306 619 καὶ
1333 592 1491 626 ὑποζυγίων
1517 581 1565 619 καί
1581 581 1688 627 νέκρῶν
1708 593 1803 628 σωμά-

1015 649 1070 666 των
1095 639 1209 675 ήψαντο,
1230 639 1429 675 καρτεροῦντες
1457 640 1482 666 εἰ
1502 639 1587 666 ποθεν
1615 640 1707 670 αὐτοῖς
1731 639 1803 666 ἔλθοι

1017 686 1138 722 βοήθεια.
1153 686 1208 721 Τῆς
1227 685 1254 712 δὲ
1277 686 1314 720 μὴ
1331 685 1484 721 παρούσης.
1506 685 1665 720 ἀπήλπισαν
1689 686 1736 712 καὶ
1759 685 1804 712 ὲν-

1016 731 1120 758 ἐδωκαν
1151 731 1184 759 ’⁸.
1211 732 1242 758 Ol
1267 731 1296 758 δὲ
1317 730 1520 766 ἐκπεμφθέντες
1537 732 1582 757 ἐπὶ
1598 731 1748 763 Φιλίππους
1767 731 1802 758 τὰ

1016 779 1069 812 πρὸ
1097 777 1144 804 τοῦ
1172 777 1276 809 ἄστεως
1306 777 1460 813 ἐνέπρησαν
1485 771 1578 812 μόνον,
1602 777 1680 804 οὐδὲν
1695 778 1722 804 δὲ
1738 777 1803 804 ἄλλο

1014 823 1101 850 δεινὸν
1116 823 1289 859 εἰργάσαντο.
1305 823 1359 850 Καὶ
1377 823 1479 850 τούτων
1493 823 1565 850 οὓτω
1595 823 1803 858 λυμαινομένων

1015 871 1064 905 τὴν
1076 870 1197 906 Θρᾴκην,
1217 869 1291 904 ὅμως
1308 870 1356 896 καὶ
1371 870 1448 896 αὐτοὶ
1458 870 1482 896 οί
1511 869 1647 905 Βάρϐαροι
1674 869 1726 896 ὑπὸ
1755 870 1803 897 τοῦ

174 913 218 941 his
233 913 431 941 conditionibus
445 919 487 942 est
501 914 571 941 facta
585 934 593 947 ,
611 920 639 942 ιιι
660 915 714 943 duo
733 916 817 943 millia
830 916 962 944 librarum

1016 915 1094 952 λιμοῦ
1119 915 1295 950 συνεχόμενοι
1309 915 1458 950 πρεσϐείαν
1473 918 1614 950 πέμπουσι
1645 916 1710 952 περὶ
1724 917 1803 952 εἰρή-

177 960 236 986 auri
250 959 346 987 Gothis
362 959 476 994 singulis
492 960 571 988 annis
594 962 794 996 penderentur:
813 962 963 990 'l'heuderi-

175 1005 243 1032 chus
255 1006 383 1040 magister
394 1006 515 1040 equitum
531 1010 558 1033 et
575 1007 692 1041 peditum
709 1009 849 1042 pra-sentis
863 1008 964 1036 militia:

173 1052 395 1084 constitueretur,
411 1059 471 1086 quae
484 1053 600 1088 dignitas
617 1053 733 1080 maxima
748 1053 872 1087 habetur,
892 1055 963 1089 ipso-

175 1106 290 1134 rumque
323 1106 371 1126 rex
406 1098 555 1127 Gothorum
586 1104 671 1132 esset,
701 1107 788 1134 neque
818 1101 962 1136 quisquam

116 1182 119 1183 ν
173 1153 280 1178 eorum,
298 1146 343 1180 qui
360 1145 394 1172 ab
409 1153 441 1172 eo
459 1145 574 1173 deiicere
590 1145 734 1178 voluerint,
751 1146 785 1173 ab
801 1147 963 1181 imperatore

175 1192 202 1219 in
219 1192 354 1226 regionem
370 1199 447 1219 suam
467 1191 674 1224 admitteretur;
693 1191 809 1227 denique
825 1196 854 1220 ut
869 1197 962 1220 contra

174 1245 364 1272 quemcunque
381 1237 495 1264 voluerit
518 1237 671 1272 imperator,
689 1238 809 1274 exceptis
826 1238 962 1273 Vandalis,

177 1291 191 1311 a
210 1288 287 1319 parte
304 1283 475 1319 imperatoris
491 1289 633 1320 pugnaret.

209 1375 236 1402 3.
259 1373 304 1409 (Α.
325 1373 358 1401 C.
381 1373 444 1406 476.
467 1373 526 1401 Ind.
551 1373 595 1405 Η,
619 1373 721 1402 Zenon.
749 1373 790 1410 5.)
814 1373 962 1408 Augustus,

173 1420 279 1448 Orestis
297 1419 378 1451 lilius,
396 1424 426 1446 ut
445 1420 559 1452 audivit,
575 1419 712 1447 Zenonem
728 1420 827 1447 iterum
842 1419 964 1448 Orientis

174 1465 329 1500 imperium,
345 1464 457 1500 expulso
472 1464 612 1497 Basilisco,
633 1471 818 1499 recuperasse,
839 1470 962 1492 senatum

173 1511 274 1538 veteris
307 1509 400 1537 Romae
434 1510 595 1545 legationem
626 1509 660 1536 ad
693 1509 829 1537 Zenonem
857 1510 965 1538 mittere

1014 970 1064 998 νης
1091 961 1160 997 πρὸς
1186 961 1232 988 τὸν
1256 961 1379 997 βασιλέα.
1407 962 1462 988 Καὶ
1485 961 1589 996 γίνεται
1612 963 1628 998 ή
1663 963 1803 998 σύμὸασις

1013 1008 1068 1034 τῶν
1088 1008 1177 1043 ὅρκων
1197 1008 1242 1034 ἐπὶ
1257 1007 1373 1039 τούτοις,
1400 1008 1456 1039 τοῖς
1478 1007 1528 1042 μὲν
1550 1007 1662 1040 Γότοοις
1684 1009 1804 1036 δίδοσθαι

1014 1054 1075 1081 κατ’
1092 1054 1152 1086 ἔτος
1170 1053 1282 1089 χρυσίου
1297 1053 1392 1088 λίτρας
1407 1053 1549 1088 δισχιλίας,
1565 1053 1612 1080 τὸν
1629 1054 1657 1081 δὲ
1673 1054 1804 1090 Θευδέρι-

1014 1109 1062 1136 χον
1095 1100 1275 1127 καθίστασθαι
1292 1100 1445 1134 στρατηγὸν
1471 1099 1518 1125 δύο
1550 1100 1723 1135 στρατηγιῶν
1747 1100 1804 1127 τῶν

1014 1145 1226 1181 ἀμφὶβασιλέα,
1242 1145 1325 1180 αἴπερ
1348 1145 1404 1171 elei.
1421 1144 1549 1180 μέγισται
1573 1146 1615 1176 εἰς
1637 1146 1686 1180 τὴν
1707 1145 1804 1181 ἑτέραν

1014 1191 1066 1227 γῆν
1082 1192 1104 1211 ³⁸
1119 1199 1127 1207 ·
1145 1191 1235 1218 αὐτῶν
1252 1190 1274 1207 ⁹¹
1290 1191 1320 1218 δὲ
1338 1190 1393 1218 τῶν
1402 1191 1510 1218 Γότθων
1522 1190 1711 1226 αὐτοκράτορα
1722 1188 1803 1224 εἶναι,

1014 1239 1062 1264 καὶ
1088 1237 1206 1273 μηδένας
1221 1237 1250 1271 ἐξ
1265 1236 1356 1264 αὐτῶν
1370 1236 1522 1272 ἀποστῆναι
1545 1236 1674 1269 θέλοντας
1686 1237 1732 1264 τὸν
1751 1237 1801 1272 βα-

1015 1285 1091 1312 σιλέα
1105 1284 1231 1320 δέχεσθαι
1244 1304 1252 1317 ,
1267 1285 1421 1320 συμμαχεῖν
1436 1283 1463 1310 δὲ
1489 1283 1528 1318 τῷ
1551 1283 1656 1319 βασιλεί
1674 1284 1715 1316 εἰς
1736 1285 1803 1317 πᾶν,

1014 1333 1028 1359 ὅ
1056 1340 1083 1358 τι
1099 1331 1214 1364 κελεύει,
1238 1330 1307 1366 πλὴν
1319 1331 1366 1357 ἐπὶ
1390 1330 1477 1365 μόνων
1497 1331 1552 1357 τῶν
1577 1330 1730 1365 Βανδήλων.

1049 1377 1084 1409 γ’.
1103 1374 1189 1401 Ὅτιό
1200 1373 1354 1407 Αὖγουστος
1364 1375 1386 1390 ’⁸
1400 1374 1415 1400 ὁ
1434 1374 1480 1400 τοῦ
1500 1375 1627 1410 Ὀρέστου
1640 1375 1698 1406 υἱὸς
1712 1376 1798 1402 ἁκού-

1015 1427 1064 1450 σας
1080 1420 1192 1454 Ζήνωνα
1208 1419 1289 1446 πάλιν
1304 1419 1352 1454 τὴν
1369 1419 1509 1454 βασιλείαν
1524 1420 1726 1455 ἁνακεκτῆσθαι
1747 1421 1801 1456 τῆς

1015 1465 1083 1498 Ἕω,
1093 1466 1138 1492 τὸν
1152 1465 1315 1493 Βασιλίσκον
1325 1466 1470 1499 ἐλάσαντα,
1485 1466 1624 1501 ἠνάγκασε
1639 1466 1688 1502 τὴν
1704 1466 1804 1503 βουλὴν

1015 1511 1174 1539 ἀποστεῖλαι
1186 1511 1335 1547 πρεσϐείαν
1347 1512 1450 1547 Ζήνωνι
1469 1513 1665 1548 σημαίνουσαν,
1679 1513 1718 1545 ὡς
1735 1514 1804 1545 ἰδίας

174 1556 273 1590 coegit,
290 1563 351 1588 quae
366 1555 403 1582 illi
426 1556 604 1590 signiﬁcaret,
620 1555 730 1590 proprio
749 1556 912 1590 imperatore
934 1563 964 1584 se

1018 1557 1067 1592 μὲν
1091 1557 1183 1589 αὐτοῖς
1199 1556 1337 1592 βασιλείας
1359 1557 1390 1583 οὺ
1407 1557 1472 1589 δέοι,
1496 1557 1586 1589 κοινὸς
1603 1557 1631 1584 δὲ
1650 1558 1803 1594 ἀποχρήσει

176 1609 230 1629 non
264 1601 398 1637 indigere.
426 1601 515 1630 Unum
541 1601 731 1636 itnperatorem
753 1601 885 1634 suilicere,
919 1602 964 1637 qui

176 1649 319 1683 utriusque
348 1648 454 1683 imperii
480 1647 549 1676 ﬂues
576 1653 698 1676 tueretur
723 1658 731 1676 :
758 1649 909 1677 Odoacrem
936 1657 966 1678 se

177 1695 304 1731 elegisse,
328 1695 373 1730 qui
397 1695 468 1721 hanc
488 1698 592 1729 partem
611 1699 694 1721 tutam
718 1699 868 1730 praestaret.
890 1695 967 1723 llunc

175 1742 246 1769 enim
266 1745 293 1768 et
316 1741 431 1768 scientia
455 1740 609 1776 reipublica:
631 1740 854 1769 administranda:
880 1746 908 1769 et
926 1742 966 1769 rei

176 1788 303 1815 tnilitaris
330 1787 426 1822 peritia
451 1791 590 1822 praistare.
614 1786 707 1822 Itaque
723 1794 813 1820 orare,
839 1792 869 1815 ut
890 1788 966 1816 illum

177 1834 250 1862 Zeno
264 1835 424 1869 patriciatus
437 1833 571 1868 dignitate
592 1838 681 1867 ornet,
700 1837 727 1861 et
745 1833 849 1862 Italiam
868 1842 966 1870 regen-

176 1881 237 1907 dam
253 1880 278 1907 ei
294 1879 458 1908 committat.
481 1878 601 1907 Profecti
622 1883 686 1906 sunt
707 1879 788 1914 igitur
811 1887 844 1907 ex
869 1885 965 1908 senatu

178 1925 299 1952 Rotttano
318 1925 382 1957 viri,
400 1924 445 1959 qui
469 1924 519 1951 hos
541 1930 680 1952 sermones
697 1923 854 1960 Byzantium
878 1925 967 1954 defer-

178 1975 249 1998 rent.
266 1970 363 1997 iisdem
378 1970 474 1997 diebus
486 1973 619 1997 venerunt
630 1974 659 1997 et
670 1977 684 1997 a
697 1969 798 2004 Nepote
810 1971 907 2004 nuntii,
920 1972 965 2006 qui

178 2014 280 2042 Zenoni
296 2014 450 2042 restitutum
462 2014 605 2048 imperium
617 2013 829 2050 gratularentur,
840 2021 868 2043 et
878 2016 965 2050 ipsum

177 2061 392 2094 obtestarentur,
416 2065 446 2088 ut
470 2060 543 2088 omni
563 2067 646 2096 opera
660 2065 688 2088 et
709 2061 798 2088 studio
813 2062 899 2095 illum,
919 2060 965 2097 qui

175 2107 270 2134 eodem
286 2112 417 2142 tempore,
427 2107 523 2134 eodem
535 2114 590 2141 quo
602 2107 671 2142 ipse,
682 2114 747 2134 casu
759 2106 872 2135 amictus
883 2113 965 2142 esset,

176 2153 203 2180 in
216 2152 371 2187 recipiendo
383 2153 496 2187 itnperio
508 2152 657 2186 adiuvaret,
670 2157 697 2180 et
708 2153 838 2187 pecunias
850 2158 877 2181 et
889 2161 966 2192 exer-

175 2200 245 2227 citus
258 2203 286 2226 et
304 2198 368 2231 alia,
383 2206 442 2233 quae
455 2205 523 2232 opus
541 2198 639 2232 forent,
651 2199 845 2233 suppeditaret,
858 2207 912 2235 quo
926 2200 965 2228 iiii

1019 1603 1098 1638 μόνος
1111 1603 1148 1630 ὢν
1165 1603 1342 1639 αὐτοκράτωρ
1359 1604 1402 1630 ἐπ’
1417 1603 1586 1639 ἀμφοτέροις
1609 1605 1666 1636 τοῖς
1690 1604 1803 1639 πέρασι.

1017 1650 1038 1676 Τ
1040 1649 1069 1676 ὸν
1084 1649 1177 1684 μέντοι
1200 1649 1344 1685 Ὁδόακρον
1361 1649 1407 1676 ὑπ’
1420 1649 1510 1675 αὐτῶν
1524 1648 1725 1684 προὸεόλῆσθαι
1741 1650 1803 1676 ίκα-

1017 1696 1061 1722 νὺν
1075 1696 1139 1722 ὄντα
1151 1695 1247 1728 σώζειν
1259 1695 1292 1722 τὰ
1306 1694 1372 1730 παρ’
1383 1695 1474 1726 αὐτοῖς
1488 1695 1650 1730 πράγματα,
1661 1695 1804 1731 πολιτικὴν

1017 1741 1113 1777 ἔχοντα
1127 1741 1234 1768 σύνεσιν
1249 1741 1317 1777 ὁμοῦ
1332 1742 1377 1768 καὶ
1389 1741 1509 1776 μάχιμον
1518 1741 1556 1757 ¹³·
1572 1742 1620 1768 καὶ
1635 1740 1738 1767 δεῖσθαι
1755 1741 1803 1767 τοῦ

1017 1788 1141 1823 Ζήνωνος
1154 1787 1302 1823 πατρικίου
1315 1796 1344 1814 τε
1356 1787 1378 1802 ’⁸
1390 1787 1464 1822 αὐτῷ
1483 1786 1642 1813 ἀποστεῖλαι
1659 1786 1747 1820 ἀξίαν,
1756 1786 1805 1813 καὶ

1016 1834 1066 1870 τὴν
1078 1835 1131 1861 τῶν
1139 1834 1250 1861 Ἰταλῶν
1269 1834 1358 1870 τούτῳ
1372 1834 1478 1868 ἐφεῖναι
1492 1834 1634 1868 διοίκησιν.
1645 1832 1804 1867 ’Δφικνοῦν-

1017 1887 1061 1906 ται
1077 1879 1110 1915 δὴ
1125 1879 1221 1914 ἄνδρες
1236 1879 1285 1914 τῆς
1310 1878 1409 1914 βουλῆς
1423 1878 1473 1912 τῆς
1491 1878 1519 1904 ἐν
1539 1870 1631 1913 Ῥώμῃ
1648 1877 1759 1909 τούτους
1774 1878 1804 1909 ἐς

1017 1924 1165 1957 Βυζάντιον
1179 1924 1339 1959 κομίζοντες
1351 1923 1415 1954 τοὺς
1432 1923 1540 1957 λόγους,
1566 1922 1614 1949 καὶ
1628 1923 1688 1954 ταῖς
1705 1923 1803 1953 αὑταῖς

1017 1970 1136 2005 ἡμέραις
1150 1969 1182 1996 ἐκ
1194 1969 1242 1996 τοῦ
1254 1969 1386 2000 Νέπωτος
1401 1968 1524 2002 ἄγγελοι,
1538 1968 1592 1995 τῶν
1607 1976 1635 1994 τε
1650 1967 1804 2002 γεγενημέ-

1017 2025 1071 2043 νων
1089 2014 1354 2051 συνησθησόμενοι¹⁸
1365 2014 1404 2050 τῷ
1421 2015 1525 2050 Ζήνωνι
1538 2013 1604 2049 (56),
1623 2014 1671 2041 καὶ
1680 2014 1805 2048 δεόμενοι

1018 2062 1078 2098 ἅμα
1102 2062 1164 2093 ταῖς
1185 2061 1260 2093 ἴσαις
1276 2060 1314 2096 τῷ
1331 2060 1442 2088 Νέπωτι
1468 2062 1623 2096 συμφοραῖς
1637 2059 1805 2095 χρησαμένῳ

1019 2107 1205 2134 συσπουδάσαι
1221 2105 1370 2142 προθύμως
1388 2105 1526 2141 βασιλείας
1548 2106 1708 2141 ἀνάκτησιν,
1735 2106 1805 2140 χρή-

1019 2153 1093 2188 ματά
1105 2161 1134 2180 τε
1158 2152 1205 2180 καὶ
1221 2152 1335 2188 στρατὸν
1357 2152 1405 2179 ἐπὶ
1429 2152 1517 2179 ταῦτα
1533 2151 1650 2183 διδόντα,
1678 2151 1725 2178 καὶ
1747 2152 1804 2183 τοῖς

1018 2198 1119 2231 ἄλλοις,
1135 2196 1176 2230 οἷς
1194 2198 1260 2231 δέοι,
1275 2197 1493 2226 συνεκπονοῦντα
1506 2198 1557 2233 τὴν
1572 2197 1696 2226 κάθοδον.
1710 2197 1805 2224 Ταῦτά

175 2247 292 2273 reditum
318 2245 351 2272 ad
372 2244 516 2279 pristinam
545 2244 681 2272 fortunam
693 2244 749 2280 94
761 2251 879 2279 pararet.
902 2245 964 2274 Haec

1016 2252 1045 2271 τε
1073 2243 1199 2276 λέξοντας
1223 2244 1237 2270 ὁ
1265 2244 1366 2275 Νέπως
1381 2243 1557 2270 ἀπέστελλεν.
1587 2243 1680 2278 Ζήνων
1699 2242 1727 2268 δὲ
1746 2243 1804 2273 τοῖς

175 2292 220 2326 qui
235 2291 377 2323 dicerent,
393 2290 481 2325 Nepos
500 2289 584 2317 misit.
597 2290 631 2318 At
653 2290 725 2317 Zeno
748 2290 800 2323 his,
817 2291 864 2326 qui
882 2298 964 2319 vene-

175 2341 248 2369 rant,
269 2337 326 2364 haec
354 2342 484 2370 responsa
507 2335 581 2362 dedit
604 2344 611 2362 :
635 2335 819 2368 senatoribus.
845 2335 905 2364 illos
931 2343 964 2364 ex

175 2383 280 2410 duobus
298 2389 369 2417 quos
383 2381 419 2409 ab
432 2379 545 2409 Oriente
559 2380 738 2415 accepissent,
756 2381 965 2416 imperatoribus

174 2436 258 2456 unum
283 2427 430 2463 expulisse,
455 2431 482 2454 et
507 2426 681 2454 Anthemium
708 2427 851 2455 occidisse.
887 2427 964 2456 Nunc

174 2475 239 2509 quid
261 2474 312 2502 sibi
337 2473 409 2501 facto
429 2479 498 2508 opus
518 2477 600 2505 esset,
627 2472 698 2508 ipsos
713 2473 782 2500 dixit
799 2473 963 2508 perspicere.

176 2520 342 2556 Imperatore
353 2519 425 2547 enim
440 2519 586 2554 superstite
599 2526 651 2546 non
667 2518 747 2546 aliato
759 2519 858 2547 debere
872 2518 962 2547 valere

173 2567 347 2598 sententiam,
368 2573 448 2601 quam
468 2569 497 2592 ut
517 2565 590 2592 illum
611 2564 766 2592 redeuntem
790 2565 956 2600 exciperent.

173 2614 214 2640 Ad
228 2621 259 2640 ea
271 2619 345 2646 vero,
359 2606 419 2647 quas
436 2612 572 2640 Barbarus
585 2612 737 2645 nuntiarat,
755 2617 828 2640 recte
848 2617 875 2639 et
888 2612 962 2647 iuste

175 2659 319 2693 fat-turum,
342 2659 365 2687 si
389 2666 405 2686 a
426 2659 527 2694 Nepote
551 2659 724 2693 imperatore“
739 2657 864 2686 Odoacer
878 2659 965 2693 patri-

1015 2291 1125 2325 ἥκουσι,
1142 2291 1196 2321 τοῖς
1214 2290 1263 2325 μὲν
1279 2290 1334 2316 ἀπὸ
1349 2290 1398 2324 τῆς
1410 2289 1507 2325 βουλῆς
1522 2288 1691 2324 ἁπεκρίνατο
1705 2287 1803 2321 ταῦτα,

1016 2336 1053 2368 ὡς
1065 2335 1110 2363 δύο
1120 2336 1152 2362 ὲκ
1165 2335 1214 2370 τῆς
1231 2335 1289 2362 Ἕω
1299 2334 1426 2370 βασιλέας
1440 2334 1568 2366 λαϐόντες
1579 2334 1625 2360 τὸν
1639 2333 1689 2369 μὲν
1705 2333 1804 2368 ἐξηλά-

1016 2381 1257 2416 κασιν,“Δνθέμιον
1272 2381 1301 2408 δὲ
1317 2381 1483 2408 ἀπέκτειναν
1493 2389 1500 2396 ·
1511 2381 1558 2407 καὶ
1573 2379 1621 2407 νῦν
1631 2379 1661 2406 τὸ
1677 2379 1805 2413 ποιητέον

1017 2428 1115 2460 αὐτοὺς
1129 2427 1181 2462 ἔφη
1197 2427 1354 2462 γινώσκειν·
1365 2427 1396 2454 οὗ
1408 2426 1463 2462 γὰρ
1478 2426 1512 2453 ἂν
1528 2425 1661 2461 βασιλέως
1676 2425 1717 2452 ἔτι
1727 2424 1803 2456 δντος

1016 2473 1114 2508 ἑτέραν
1131 2473 1284 2508 ἡγήσεσθαι
1294 2474 1315 2490 ³⁸
1331 2472 1444 2508 γνώμην
1467 2471 1484 2508 ἢ
1509 2471 1638 2499 κατιόντα
1646 2471 1668 2486 ¹⁷
1687 2469 1804 2506 προσδέ-

1017 2519 1123 2555 χεσθαι.
1133 2519 1196 2550 Τοῖς
1207 2518 1236 2545 δὲ
1252 2519 1285 2545 ὲκ
1301 2518 1349 2545 τοῦ
1361 2518 1505 2554 Βαρϐάρου
1515 2518 1555 2544 ὅτι
1566 2516 1657 2549 καλῶς
1674 2515 1772 2552 πράξοι
1782 2515 1804 2530 ’⁸

1017 2565 1095 2600 παρὰ
1112 2563 1158 2591 τοῦ
1176 2563 1308 2600 βασιλέως
1325 2564 1456 2594 Νέπωτος
1471 2563 1520 2599 τὴν
1540 2563 1620 2595 ἀξίαν
1641 2561 1688 2588 τοῦ
1706 2569 1805 2596 πατρι-

1017 2612 1078 2638 κῐου
1089 2610 1236 2646 δεξάμενος
1248 2609 1404 2646 Ὀδόακρος.
1414 2609 1583 2644 Ἐκπέμψειν
1598 2608 1653 2644 γὰρ
1666 2607 1758 2638 αὗτδν,
1779 2606 1805 2633 εἰ

1021 2658 1058 2693 μὴ
1075 2657 1175 2689 Νέπως
1193 2656 1353 2691 ὲπεφθάκει.
1374 2655 1510 2682 Ἐπαινείν
1534 2655 1573 2687 δὲ,
1588 2655 1625 2686 ὡς
1639 2653 1726 2689 ἀρχὴν
1744 2653 1805 2678 ἑπι-

826 2725 943 2754 VARUE
961 2714 1166 2753 LECTIONES.

213 2785 236 2801 "
251 2785 352 2817 ἀδόλως
369 2785 413 2817 Β..
427 2785 520 2816 ἄδολος
543 2785 618 2819 vuig.
657 2786 678 2802 "
695 2785 828 2812 ἐνέδωκαν
851 2784 902 2816 Ν..
918 2785 1072 2812 συνέδωκαν
1085 2784 1158 2819 vulg.

174 2819 227 2854 γῆν
242 2820 314 2853 νει,
324 2821 405 2854 idque
418 2825 477 2855 post
491 2821 629 2855 θέλοντας.
652 2822 674 2837 ¹¹
690 2821 771 2846 αὐτὸν
783 2821 857 2853 vulg.
885 2821 906 2836 "
920 2821 934 2846 ὁ
946 2820 1014 2855 Δῦγ.
1030 2821 1044 2847 ό
1062 2828 1088 2846 τ.
1110 2820 1149 2846 ‘0.
1163 2819 1200 2845 υι.
1220 2819 1299 2855 male,
1311 2819 1390 2855 culpa
1405 2819 1544 2855 eclogarii,
1560 2826 1609 2854 pro

917 2855 943 2906 "I
963 2864 1020 2906 0w;

175 2855 198 2871 “
221 2855 351 2890 μάχιμον]
368 2854 432 2882 ὄντα
451 2856 513 2882 add.
536 2854 568 2881 Ν.
596 2855 620 2870 υ
643 2864 671 2881 τε
690 2855 732 2885 Β..
755 2855 783 2881 δὲ
806 2855 878 2890 vulg.

175 2891 326 2925 ηγήσεσθαι
349 2890 420 2924 conj.
437 2890 466 2916 Β.

503 2891 524 2905 ’τ
539 2890 665 2916 κατιόντα
680 2890 739 2916 Vati.
753 2890 872 2916 κατιόντι
899 2890 973 2925 vulg.

1196 2784 1218 2800 ²⁰
1230 2784 1270 2815 είς
1283 2784 1332 2818 τὴν
1353 2784 1450 2818 ἑτέραν
1467 2783 1532 2819 γῆν]
1548 2783 1588 2814 είς
1599 2783 1648 2819 τὴν
1668 2782 1805 2819 σφιτέραν

1646 2818 1755 2847 doacro.
1768 2817 1802 2844 N.

1014 2855 1194 2906 queqngpsvm
1217 2854 1340 2906 ICantotd.
1358 2852 1568 2889 ’συνθησόμενοί
1586 2854 1659 2890 vulg.
1697 2853 1720 2869 '°
1744 2852 1804 2879 εισ-

1049 2888 1161 2924 πράξοιε
1179 2889 1252 2924 vulg.
