1951 3074
185 122 237 157 787

657 125 857 157 EXCERPTA
882 121 934 157 EX
952 125 1106 157 MALCHO
1123 127 1304 160 RHETORE

1754 132 1808 164 788

186 178 361 214 gerebantur,
371 178 461 207 sciret.
473 178 578 207 interea
590 181 779 216 comprehensi
793 186 855 209 sunt
868 181 915 216 qui
927 187 970 214 ea,

1037 191 1156 218 πεμπον,
1174 183 1241 211 ἀλλὰ
1257 185 1302 211 καὶ
1317 184 1370 211 τῶν
1387 185 1415 211 ὲν
1432 185 1503 212 τέλει
1521 186 1702 222 πλαττόμενοι
1716 189 1808 223 γράμ-

186 231 246 258 qua:
263 224 289 250 in
304 224 371 250 urbe
387 223 455 251 facta
474 229 561 256 erant,
578 225 611 252 ad
623 225 837 254 Theuderichum
853 226 967 261 scripse-

187 273 260 300 rant,
272 267 416 295 Antbimus
431 268 564 302 medicus,
577 269 748 298 Marcellinus
762 276 789 298 et
804 271 968 305 Stephanus.

186 317 214 340 et
228 320 280 340 non
296 313 382 340 solum
401 320 464 341 suas
481 315 601 349 ipsorum
614 315 730 348 litteras,
747 315 794 343 sed
811 316 893 343 etiam
910 324 969 342 ma-

186 357 347 392 gistratuum
363 361 540 394 quorumdam
556 362 741 396 supposititias
759 362 792 388 ad
807 369 867 389 eum
886 362 970 389 mise-

187 408 260 437 runt,
274 405 371 439 quibus
385 405 517 440 jubebant
530 407 602 434 illum
625 408 696 436 bono
710 408 800 434 animo
824 415 895 440 esse,
912 413 971 434 tan-

186 456 268 484 quam
284 451 383 479 mullos
395 459 505 479 suarum
520 453 636 487 partium
654 453 772 480 fautores
794 454 864 480 intra
880 453 972 480 urbem

188 500 260 523 esset
273 496 422 525 habiturus.
439 497 507 525 Tres
525 506 556 526 ex
580 504 674 526 senatu
696 503 831 534 praesente
845 499 974 533 magistro

1026 237 1098 263 ματα
1114 229 1212 265 ἐκείνῳ
1239 231 1398 258 ἐπέστελλον
1408 232 1442 264 ³⁵,
1468 231 1613 266 θαρσύνειν
1638 233 1808 268 βουλόμενοι,

1024 274 1061 304 ὡς
1083 275 1190 306 ἱκανοὺς
1204 275 1301 310 ἔχοντα
1321 277 1384 308 τοὺς
1405 278 1630 313 συμπράττοντας
1644 278 1728 305 ἔνδον.
1755 280 1810 306 Καὶ

1024 321 1098 354 τρεῖς
1122 321 1177 346 τῶν
1194 321 1248 346 ἀπὸ
1277 321 1383 356 βουλῆς,
1411 322 1457 348 τοῦ
1485 323 1637 358 μαγίστρου
1663 325 1808 358 παρόντος,

1026 364 1205 398 ἐξετάσαντες
1219 366 1315 398 ταῦτα,
1324 368 1370 394 καὶ
1384 367 1492 403 πληγὰς
1502 369 1538 396 τὰ
1551 369 1665 404 σώματα
1677 370 1777 401 πολλὰς
1786 371 1809 386 ⁸³

1026 410 1191 445 ἐπιθέμενοι,
1216 412 1305 447 φυγὴν
1330 413 1446 446 εἰσάπαξ
1472 414 1621 449 ἐπέθηκαν.
1650 415 1734 446 Δῆθεν
1754 415 1809 450 γὰρ

1024 455 1175 491 ἀπέχεσθαι
1204 458 1320 485 Θανάτου
1345 460 1392 485 καὶ
1418 461 1530 494 σφαγῶν
1559 460 1648 488 δοκεῖν
1672 462 1686 487 ὁ
1715 462 1809 496 Ζήνων

1024 501 1161 529 ἐδούλετο.

188 539 222 567 de
237 540 279 568 his
302 541 480 575 quaestionem
505 542 667 575 habuerunt,
689 551 756 577 quos
783 543 874 570 multis
904 543 986 571 illatis
1006 545 1089 580 plagis
1105 553 1234 583 perpetuo
1250 549 1345 577 exsilio
1358 550 1579 579 condemnarunt.
1605 552 1709 588 Quippe
1744 561 1811 589 sup-

190 586 277 621 pliciis
292 587 364 614 Zeno
377 592 404 615 et
419 588 536 616 caedibus
551 589 686 616 abstinere
701 589 786 616 videri
802 589 917 617 volebat.

224 631 252 659 5.
269 631 347 667 (Eod.
363 631 395 659 A.
411 632 441 659 C.
458 632 499 660 vel
514 632 576 665 478,
590 632 648 660 Iud.
664 641 684 666 I,
701 633 803 661 Zenon.
820 633 858 669 5.)
874 633 974 661 Eodem

190 685 298 713 quoque
315 685 385 705 anno
411 678 490 713 legati
507 687 520 705 a
537 679 701 714 Carthagine
716 679 874 714 Byzantium
895 687 975 706 vene-

190 728 264 755 runt,
282 731 350 758 quos
373 723 536 756 Alexander,
562 725 654 751 uxoris
678 723 781 759 Olybrii
802 729 975 758 procurator,

190 770 316 802 ducebat.
333 770 377 805 qui
394 769 451 805 jam
471 770 534 797 olim
559 777 574 797 a
593 769 709 800 Zenone,
728 769 845 797 Placidia
862 777 977 797 consen-

192 816 286 849 tiente,
303 816 401 843 missus
416 815 512 843 fuerat.
532 815 662 842 Dicebant
675 823 740 842 vero
756 815 848 849 legati,
862 815 978 843 Honori-

1060 640 1091 664 ε’.
1106 638 1168 665 Ὅτι
1181 639 1221 674 τῷ
1235 639 1309 676 αὐτῷ
1323 640 1377 668 ἔτει
1392 643 1523 677 πρέσϐεις
1538 643 1569 670 ὲκ
1590 644 1762 679 Καρχηδόνος
1779 645 1810 676 ἐς

1026 684 1173 716 Βυζάντιον
1189 683 1282 721 ἦλθον,
1301 686 1347 719 οὓς
1366 688 1539 723 Ἀλέξανδρος
1554 687 1622 724 ἦγεν
1635 691 1649 717 ὁ
1663 690 1712 724 τῆς
1732 691 1811 717 Ὀλυ-

1026 729 1103 765 ὃρίου
1118 730 1140 746 ³⁸
1153 731 1281 765 γυναικὸς
1296 733 1445 768 ὲπίτροπο;
1455 742 1462 749 ·
1477 734 1506 765 ὃς
1523 734 1655 769 ἐτύγχανε
1673 736 1811 770 πεμφθεὶς

1027 777 1078 803 ὑπὸ
1095 778 1219 812 Ζήνωνος
1237 779 1331 812 πάλαι,
1357 779 1539 814 συνθελούσης
1564 780 1611 806 καὶ
1632 780 1716 815 αὐτῆς
1730 781 1812 808 τοῦτο

1026 824 1076 859 τῆς
1090 824 1364 859 Πλακιδίας.”Ελεγον
1381 825 1409 851 δὲ
1423 825 1446 852 οῐ
1461 825 1602 860 πρέσϐεις,
1614 826 1811 862 δτιὉνὼριχος

191 861 272 888 chum
290 860 358 887 velle
372 867 432 886 cum
457 860 621 896 imperatore
640 860 700 887 sine
723 859 816 886 fraude
829 861 975 887 amicitiam

1033 856 1105 905 φίλος
1122 878 1150 897 τε
1163 870 1201 905 τῷ
1217 856 1329 906 βασιλεῖ’
1339 856 1504 907 καθεστήκοι
1519 856 1631 903 ἀδόλως,
1640 872 1687 898 καὶ
1700 856 1810 908 στέργοι

192 905 354 932 contrahere
372 909 399 931 et
427 904 607 932 Romanorum
637 909 727 939 partes
753 904 888 938 amplecti.
912 904 977 937 Qua:

192 957 271 978 antea
300 951 452 985 repetiisset
479 951 512 978 de
537 950 667 977 reditibus
690 954 717 977 et
736 951 860 985 pecuniis
885 951 978 979 uxoris

192 1005 258 1030 suae,
274 1005 333 1032 qua:
348 996 403 1024 Leo
420 997 468 1032 ipsi
498 997 689 1032 praeripuisset,
705 1004 819 1031 quzeque
845 1002 979 1024 mercato-

194 1044 269 1072 ribus
293 1043 562 1078 Carthaginienaibus
588 1051 635 1078 per
659 1043 769 1076 bellum,
795 1044 865 1077 quod
895 1051 980 1078 nuper

195 1089 292 1122 fuerat,
307 1093 381 1123 rapta
398 1094 425 1116 et
449 1089 538 1116 ablata
556 1093 657 1122 essent,
672 1093 699 1115 et
722 1088 747 1116 in
765 1089 918 1116 universum
935 1097 977 1122 ea,

195 1135 228 1161 de
243 1135 341 1169 quibus
354 1139 430 1169 pater
442 1134 499 1169 ejus
513 1141 573 1161 cum
590 1134 719 1161 Reiuanis
734 1134 873 1168 Iitigasset,
888 1136 980 1162 remit-

194 1186 252 1208 tere
268 1186 295 1209 ct
310 1183 474 1209 condonare.
500 1181 616 1209 Firmam
633 1186 660 1208 et
675 1182 797 1210 stabilem
816 1189 906 1215 pacem
934 1189 980 1216 pe-

195 1232 262 1260 tere,
287 1234 375 1262 neque
398 1227 544 1262 quidquam
566 1227 725 1262 suspicionis
751 1227 878 1255 Romanis
898 1228 980 1255 relin-

195 1280 278 1308 quere
291 1273 428 1305 statuisse,
449 1273 592 1308 quominus
611 1281 660 1308 pax
673 1278 699 1301 et
710 1273 797 1301 fwdus
814 1273 873 1301 siue
887 1274 980 1300 fraude

196 1324 402 1353 componeretur
433 1328 440 1347 :
473 1320 581 1347 multum
610 1327 716 1354 quoque
744 1320 857 1354 gratiam
883 1320 981 1347 haL‘ere

194 1365 362 1400 imperatori,
377 1366 447 1401 quod
468 1365 571 1402 Olybrii
588 1374 699 1393 uxorem
725 1366 827 1392 honore
849 1365 981 1397 aﬁ‘ecerit,

195 1411 265 1446 quod
281 1411 343 1445 quia
359 1411 533 1444 intellexerit,
546 1411 654 1443 adduci,
667 1415 696 1438 ut
711 1411 812 1443 omnia,
823 1418 882 1445 quae
896 1410 982 1445 impe-

196 1461 270 1484 rator
290 1457 413 1489 voluerit,
431 1457 520 1485 facere
535 1462 645 1491 paratus
658 1457 702 1483 sit.
723 1457 774 1484 Ista
792 1465 856 1485 vero
876 1457 909 1483 ad
921 1464 981 1491 spe-

196 1503 264 1530 ciem
279 1508 381 1530 tantum
396 1503 510 1530 conﬁcta
533 1508 611 1530 erant
627 1512 634 1530 :
655 1510 747 1530 revera
763 1503 834 1530 enim
858 1502 982 1537 quamvis

197 1548 259 1576 belli
283 1548 454 1576 occasionem
481 1549 622 1575 timebant.
647 1547 753 1576 Etenim
779 1552 839 1582 post
867 1552 980 1574 mortem

196 1593 335 1622 Genserici
353 1594 379 1620 in
394 1601 500 1621 onmem
524 1593 663 1621 mollitiem
687 1594 866 1625 devenerant;
894 1600 982 1628 neque

196 1639 309 1674 pristina
323 1638 482 1666 fortitudine
508 1639 541 1666 ad
561 1638 630 1667 bella
649 1639 765 1674 gerenda
779 1639 916 1674 vigebant,
936 1647 982 1667 ne-

196 1691 250 1718 que
264 1683 372 1712 eosdem
391 1684 525 1712 exercitus
545 1684 662 1717 alebant.
679 1691 746 1719 quos
771 1684 935 1712 Gensericus
948 1686 982 1712 ad

195 1737 292 1758 omnes
321 1730 479 1758 occasiones
506 1731 653 1758 instructos
680 1730 809 1764 habebat;
823 1734 851 1756 ut
877 1738 983 1765 semper

196 1776 335 1804 celeritate
359 1776 524 1811 exsequendi
541 1776 597 1812 96
615 1775 727 1803 aliorum
752 1775 866 1803 consilia
881 1783 982 1811 praeve-

196 1821 268 1848 niret
286 1826 314 1848 et
328 1825 517 1849 anteverteret.
535 1820 649 1856 Legatos
667 1820 740 1848 Zeno
760 1820 910 1848 liberaliter
935 1829 984 1848 ex-

196 1867 270 1902 cepit
285 1872 312 1896 et
325 1867 425 1895 honore
438 1868 529 1895 debito
540 1872 581 1894 est
596 1872 768 1902 prosecutus,
784 1873 811 1894 et
827 1867 984 1895 muneribus

198 1921 247 1948 pro
262 1914 358 1941 merito
368 1918 480 1942 ornatos
496 1913 607 1945 dimisit,
621 1913 840 1940 etAlcxandrum
852 1913 981 1941 comitem

196 1961 364 1994 privatarum
378 1967 467 1987 rerum
483 1959 559 1988 fecit.

232 2005 260 2033 6.
277 2006 322 2041 (Δ.
341 2006 371 2034 C.
391 2007 454 2039 479,
471 2007 529 2034 1nd.
551 2007 579 2041 2,
596 2007 746 2043 Zeuon.6.)
767 2007 984 2040 Theuderichus|

200 2051 310 2085 Triarii,
335 2057 362 2080 et
387 2052 599 2086 Theuderichus,
614 2054 759 2086 ,Balameri
785 2054 866 2087 ﬁlius,
891 2054 983 2087 Gothi.

198 2097 301 2126 t'mdere
314 2103 454 2132 caveruut,
477 2106 511 2126 ne
533 2099 604 2127 inter
626 2106 656 2127 se
682 2099 782 2126 bellum
805 2104 940 2133 gererent,
958 2103 987 2127 et

198 2142 302 2178 legatos
316 2141 473 2178 Byzantium
492 2143 613 2171 mittunt.
628 2142 760 2171 Balamcri
776 2142 848 2171 ﬁlius
868 2143 985 2178 impera-

199 2191 284 2215 torem
300 2188 454 2221 accusabat,
470 2189 542 2223 quod
554 2196 583 2216 se
603 2189 774 2223 prodidisset,
790 2193 817 2216 et
838 2189 901 2223 quia
916 2188 984 2216 nihil
1000 2204 1023 2233 υ

199 2233 261 2261 ﬁdei
286 2233 377 2261 inesse
404 2233 459 2266 his,
487 2240 546 2268 qua:
574 2234 748 2268 promiserat,
777 2234 934 2268 reperisset,
959 2233 985 2261 id

199 2286 290 2306 causa:
305 2278 397 2311 fuisse,
415 2282 444 2306 ut
457 2285 518 2306 cum
534 2279 722 2306 Theudericho
741 2279 907 2308 conveniret.
933 2279 985 2308 Pe-

201 2330 258 2352 tere
269 2329 358 2352 autem
373 2324 509 2360 regionem
524 2325 587 2357 sibi,
600 2324 694 2360 in_qua
708 2331 902 2359 commoretur,
914 2325 985 2360 dari,

200 2375 228 2398 ct
251 2369 418 2398 l‘rmuentum
442 2370 620 2405 suppeditari,
644 2371 713 2405 quod
739 2371 836 2398 alendo
855 2372 986 2400 exercitui

199 2423 286 2453 usque
312 2418 345 2446 ad
361 2425 475 2445 messem
500 2418 568 2444 satis
589 2421 671 2445 esset.
690 2417 725 2445 Ut
746 2418 826 2452 etiam
852 2418 984 2445 redituum

202 2463 309 2498 imperii
322 2469 474 2496 coactores,
487 2471 555 2498 quos
572 2463 733 2491 domesticos
746 2462 860 2491 Romani
875 2468 982 2496 vocant,

200 2517 281 2545 quam
302 2510 417 2545 primum
434 2510 534 2542 mittat,
550 2510 594 2544 qui
613 2510 746 2544 rationem
771 2509 916 2536 redderent
937 2517 984 2536 eo-

201 2564 272 2590 rum,
287 2564 347 2592 quae
360 2556 520 2591 receperint.
540 2555 571 2583 Ni
585 2563 617 2583 ea
632 2555 744 2583 Romani
761 2554 885 2586 fecerint,
896 2555 921 2582 in
936 2563 983 2582 sua

200 2607 333 2637 potestate
346 2610 398 2630 non
413 2610 473 2630 esse
490 2607 542 2629 tam
560 2609 683 2637 magnam
708 2601 813 2628 turbam
831 2600 983 2634 continere,

199 2649 265 2683 quin
283 2649 392 2684 rapinas
407 2654 434 2677 et
448 2649 553 2683 praedas
567 2652 659 2683 agant,
673 2655 706 2675 ex
721 2647 820 2682 quibus
835 2655 911 2674 suam
927 2647 984 2673 ino-

1028 919 1062 945 τὰ
1078 918 1231 953 Ῥωμαίων,
1245 918 1294 945 καὶ
1310 918 1407 953 ἀφίησι
1422 919 1521 949 πάντα,
1531 919 1549 945 ἃ.
1559 919 1676 954 πρόσθεν
1686 911 1812 946 ἐνεκάλει

1029 965 1092 1000 περί
1107 973 1135 991 τε
1151 965 1204 991 τῶν
1217 965 1364 1000 ’προσόδων
1381 964 1428 991 καὶ
1446 965 1501 991 τῶν
1514 965 1601 991 ἄλλων
1613 966 1775 1000 χρημάτων,
1794 965 1814 992 ἃ.

1028 1011 1077 1046 τῆς
1091 1010 1174 1037 αὑτοῦ
1189 1010 1318 1045 γυναικὸς
1333 1011 1492 1046 προειλήφει
1505 1012 1519 1037 ό
1535 1011 1620 1042 Λέων,
1636 1011 1682 1037 καὶ
1692 1012 1742 1037 ὅσα
1757 1010 1814 1037 τῶν

1029 1057 1157 1092 ἐμπόρων
1170 1057 1223 1084 τῶν
1235 1057 1265 1083 ὲκ
1283 1058 1332 1091 τῆς
1347 1057 1521 1092 Καρχηδόνος
1533 1057 1594 1092 ἄρτι
1610 1056 1812 1091 καθισταμένου

1029 1103 1076 1131 τοῦ
1094 1103 1213 1138 πολέμου
1238 1103 1354 1138 ἐλήφθη,
1370 1103 1417 1130 καὶ
1433 1103 1459 1130 εἴ
1471 1111 1497 1129 τι
1512 1103 1575 1129 ἄλλο
1587 1103 1670 1130 πάλαι
1689 1103 1703 1129 ό
1721 1102 1813 1136 πατὴρ

1030 1150 1098 1185 πρὸς
1115 1149 1270 1184 Ῥωμαίους
1287 1148 1411 1175 ὁπωσοῦν
1433 1149 1511 1184 ἔσχεν
1532 1148 1638 1175 αἰτίανο
1655 1148 1705 1183 τήν
1725 1156 1754 1174 τε
1775 1148 1813 1173 ει-

1032 1197 1116 1231 ρήνην
1131 1195 1202 1230 ἔχειν
1226 1195 1314 1230 ἀξιοίη
1333 1194 1456 1230 βεῦαίαν,
1473 1195 1519 1221 καὶ
1535 1194 1618 1229 μηδὲν
1636 1191 1705 1220 εἶναι
1720 1192 1814 1219 λοιπδν

1030 1243 1086 1273 τοῖς
1106 1240 1251 1276 Ῥωμαίοις
1276 1240 1396 1271 ὕποπτος
1418 1239 1458 1275 τῷ
1482 1240 1520 1275 μὴ
1542 1239 1602 1274 οὐχὶ
1626 1239 1746 1274 γνησίως
1764 1238 1814 1269 τὰς

1032 1287 1149 1319 σπονδὰς
1161 1286 1329 1322 ἐμπεδώσειν
1338 1287 1370 1318 ³⁷,
1395 1287 1442 1313 καὶ
1458 1287 1507 1312 ὄπα
1527 1286 1577 1321 ήδη
1594 1286 1743 1311 συνέκειτο.
1768 1283 1814 1310 El-

1031 1334 1105 1361 δέναι
1129 1334 1183 1368 γὰρ
1205 1334 1295 1368 χάριν,
1316 1333 1356 1360 ὅτι
1380 1333 1429 1368 τὴν
1450 1332 1591 1367 Ὀλυερίου
1606 1332 1751 1366 τετιμήκοι
1765 1338 1814 1364 γυ-

1031 1381 1114 1408 ναῖκα
1124 1388 1131 1395 ”
1148 1381 1195 1407 καὶ
1213 1379 1300 1406 ταῦτα
1316 1378 1467 1414 πυθόμενος
1483 1379 1571 1406 πάντα
1591 1377 1700 1412 ἕτοιμος
1715 1375 1749 1412 ἦν
1764 1376 1815 1411 βα-

1033 1425 1102 1452 σι).εῖ
1119 1426 1257 1460 πράττειν,
1285 1425 1333 1452 an
1363 1425 1493 1460 βούλοιτο.
1515 1421 1570 1450 Ἦν
1591 1423 1620 1450 δὲ
1641 1423 1721 1449 τοῦτο
1746 1422 1815 1457 πρό-

1034 1481 1084 1507 σχη
1090 1480 1126 1506 μα
1142 1471 1279 1507 εὐπρεπὲς
1287 1471 1308 1487 ³⁵
1319 1471 1357 1506 τῷ
1371 1471 1453 1506 λόγῳ,
1463 1470 1523 1497 ἐπεὶ
1535 1471 1566 1496 τό
1576 1479 1607 1504 γε
1616 1469 1715 1503 ἀληθὲς
1725 1469 1817 1495 πᾶσαν

996 1524 1018 1552 c
1034 1519 1200 1544 ἐδεδοίκεσαν
1213 1517 1330 1552 ὑποψίαν
1344 1517 1473 1551 πολέμου,
1493 1517 1539 1543 καὶ
1554 1516 1623 1551 μετὰ
1638 1515 1683 1542 τὸν
1701 1515 1817 1541 Θάνατον

1033 1563 1186 1599 Γινζιρίχου
1213 1563 1342 1595 πεσόντες
1368 1564 1397 1594 ἐς
1416 1563 1507 1589 πᾶσαν
1534 1561 1669 1597 μαλακίαν
1684 1560 1745 1587 οὕτε
1767 1561 1817 1594 τὴν

1033 1610 1119 1645 αὐτὴν
1144 1609 1239 1645 ῥώμην
1264 1609 1293 1640 ἐς
1307 1609 1456 1644 πράγματα
1471 1607 1559 1642 ἔσχον,
1584 1607 1646 1633 οὒτε
1668 1608 1716 1638 τὰς
1731 1606 1818 1638 αὑτὰς

1033 1655 1073 1682 ἔτι
1098 1656 1217 1690 συνεῖχον
1237 1654 1427 1689 παρασκευὰς,
1449 1653 1482 1685 ἃς
1503 1654 1605 1684 ἐκεῖνος
1627 1653 1695 1687 πρὸς
1727 1653 1818 1678 πᾶσαν

1034 1701 1134 1737 πρᾶξιν
1155 1699 1228 1736 εἶχεν
1244 1701 1393 1736 ἐφόρμους,
1408 1699 1446 1731 ὡς
1467 1699 1563 1726 θᾶττον
1581 1699 1625 1725 ἀεὶ
1640 1698 1779 1733 πράττειν,
1798 1697 1816 1732 ἢ

1033 1749 1072 1780 ὡς
1094 1748 1127 1775 ἂν
1147 1747 1226 1779 ἄλλος
1253 1747 1428 1782 βουλεύσαιτο
1437 1746 1471 1774 ⁸ο,
1498 1745 1648 1780 Δεξάμενος
1668 1744 1694 1770 δὲ
1717 1742 1818 1774 αὐτοὺς

1036 1794 1204 1829 φιλοφρόνως
1220 1793 1437 1829 όΖήνων,τιμῆς
1451 1792 1499 1826 μὲν
1514 1791 1612 1826 ἠξίωσε
1627 1789 1739 1824 δεούσης
1754 1788 1819 1820 τοὺς

1034 1839 1180 1874 πρέσϐεις,
1209 1838 1256 1864 καὶ
1291 1836 1388 1872 δώροις
1416 1836 1562 1871 ἀπέπεμψε
1594 1836 1650 1867 τοῖς
1681 1835 1819 1870 πρέπουσι

1034 1885 1196 1920 κοσμήσας,
1230 1883 1404 1918 Ἀλέξανδρον
1432 1882 1462 1910 δὲ
1494 1882 1568 1909 ποιεῖ
1595 1882 1650 1909 τῶν
1678 1880 1819 1917 πρισάτων

1035 1931 1154 1966 κόμητα.

1070 2056 1110 2085 ς’.
1131 2051 1194 2079 Ὀτι
1220 2051 1356 2086 συνθήκας
1380 2050 1446 2087 πρὸς
1476 2050 1608 2086 ἀλλήλους
1638 2049 1820 2085 ποιησάμενοι

1036 2097 1197 2134 Θευδέριχοσ
1210 2097 1258 2125 καὶ
1275 2099 1289 2125 ὁ
1300 2097 1430 2133 Τριαρίου
1439 2098 1460 2118 ⁴ν²
1479 2098 1503 2124 οι
1523 2097 1616 2124 Γότθοι
1633 2096 1670 2132 μὴ
1690 2095 1821 2130 πολεμεῖν

1035 2144 1171 2180 ἀλλήλοις,
1192 2143 1347 2179 πέμπουσιν
1367 2143 1452 2178 ἄμφω
1467 2143 1595 2178 πρέσϐεις
1611 2142 1658 2168 ἐπὶ
1670 2141 1700 2168 τὸ
1716 2141 1820 2173 Βυζάν-

1036 2198 1105 2222 τιον,
1120 2191 1134 2216 ό
1147 2189 1196 2225 μὲν
1209 2188 1256 2216 τοῦ
1269 2188 1434 2224 Βαλαμήρου
1454 2182 1493 2223 τῷ
1507 2188 1611 2220 βασιλεῖ
1627 2186 1761 2221 ἐγκαλῶν,
1778 2186 1820 2212 ὃτι

1037 2235 1233 2272 προδεδομένος
1247 2234 1291 2261 ὑπ’
1308 2226 1414 2261 ἐκείνου
1426 2234 1567 2269 τυγχάνει,
1579 2234 1626 2260 καὶ
1640 2233 1678 2264 ὡς
1692 2232 1746 2258 τῶν
1758 2240 1822 2258 συν-

1036 2279 1168 2307 τεθέντων
1183 2279 1259 2306 οὺδὲν
1275 2279 1364 2316 εὑρὼν
1384 2278 1483 2313 ἀληθὲς
1505 2278 1658 2314 Θευδερίχῳ
1684 2277 1818 2312 συμϐαίη.

1037 2325 1122 2352 αἰτῶν
1135 2324 1164 2352 δὲ
1180 2324 1272 2360 χώραν
1287 2325 1374 2360 αὐτῷ,
1385 2325 1413 2351 ὲν
1458 2323 1543 2359 μένοι,
1553 2323 1729 2358 δοθῆναι,καὶ
1738 2324 1822 2355 σῖτον,

1036 2371 1111 2402 ὅστις
1124 2369 1198 2405 αὐτῷ
1217 2370 1266 2396 καὶ
1280 2369 1362 2405 μέχρι
1385 2368 1492 2404 καρποῦ
1508 2369 1555 2395 τὸν
1572 2367 1687 2404 στρατὸν
1709 2366 1821 2402 ὲξαρκέ-
1838 2402 1842 2407 ,

1039 2426 1081 2444 σει
1093 2417 1207 2450 διάγειν,
1220 2417 1267 2443 καὶ
1280 2415 1342 2447 τοὺς
1355 2415 1535 2451 προαγωγέας
1545 2414 1599 2440 τῶν
1610 2414 1762 2448 λημμάτων
1773 2412 1822 2446 τῆς

1038 2464 1146 2498 ἀρχῆς.
1172 2461 1220 2493 οὓς
1249 2461 1425 2496 δομεστίκους
1448 2459 1562 2486 καλοῦσι
1597 2459 1746 2493 Ῥωμαῖοι,
1775 2459 1822 2483 ὲκ-

1038 2510 1159 2544 πὲμπειν
1173 2508 1210 2539 ὡς
1223 2507 1348 2541 τάχιστα,
1366 2507 1445 2541 λόγον
1459 2506 1579 2537 διδόντας
1591 2501 1629 2532 ὧν
1647 2504 1742 2530 ἔλαϐον
1752 2511 1760 2518 ⁸
1775 2503 1822 2538 ἧδ’

1040 2554 1078 2589 μὴ
1089 2553 1175 2580 ταῦτα
1189 2553 1360 2588 ποιουμένων
1375 2552 1443 2587 πρὸς
1458 2551 1539 2578 αὑτὸν
1551 2550 1606 2577 τῶν
1624 2548 1779 2584 Ῥωμαίων,
1791 2548 1822 2574 οὐ

1038 2599 1202 2636 δυνήσεσθαι
1222 2599 1303 2630 αὐτὸς
1325 2598 1408 2625 πολὺν
1427 2597 1505 2632 ὄχλον
1530 2597 1655 2631 κατέχειν
1684 2594 1760 2621 τοῦδ³
1786 2593 1825 2629 μὴ

1038 2646 1100 2672 ὃθεν
1123 2645 1246 2672 δύναιντο
1269 2645 1302 2671 δι’
1325 2644 1454 2679 ἁρπαγῆς
1475 2644 1582 2674 ἑαυτοῖς
1608 2640 1824 2676 ἐπανορθοῦσθαι

830 2693 944 2721 VARle
959 2693 1160 2721 LECTIONES.

234 2756 257 2772 “
272 2754 435 2783 ἀπέστελλον
460 2754 530 2789 conj.
543 2754 573 2782 Β.
612 2754 635 2770 ³⁵
647 2752 746 2789 πολλὰς
764 2752 813 2789 13.,
834 2751 942 2789 aranei;
954 2751 1025 2789 vulg,
1060 2751 1084 2789 ’ξ
1105 2750 1249 2789 Ὀλυδρίου
1268 2749 1486 2789 νει-,ζιᾲλυαρίου
1501 2748 1572 2789 vnlg.

793 2787 815 2803 ’9
830 2787 965 2821 εὐπρεπὲς
977 2786 1046 2816 νει..
1059 2786 1198 2821 εὐπρεπεῖν
1207 2786 1249 2821 ΨΙ

865 2822 884 2837 “
901 2822 1027 2857 Τριάριος
1041 2821 1113 2857 vulg.

200 2796 228 2818 et
245 2791 403 2824 πειθόμενος
416 2790 488 2824 vulg.
509 2785 517 2789 ⁷
526 2790 548 2806 ³³
561 2790 578 2816 ἆ
591 2789 635 2818 ΙΙ..
649 2785 670 2821 ᾧ
683 2789 754 2822 vulg.

201 2823 342 2853 λεύσαιντο
361 2824 430 2857 Val.,
447 2823 536 2855 ἄλλοις
553 2823 741 2858 βουλεύσαιντο
755 2823 825 2856 vulg.

1612 2748 1633 2763 "
1656 2747 1823 2774 ὲκπεδὼσειν

1272 2806 1278 2811 .
1298 2786 1320 2801 ⁵⁰
1331 2785 1409 2815 ἄλλος
1426 2784 1603 2820 βουλεύσαιτο
1658 2804 1665 2815 ,
1678 2783 1752 2809 am:
1765 2784 1827 2818 βου-

1155 2794 1190 2811 τει
1207 2794 1249 2812 Vl“
1272 2806 1278 2811 .
1299 2794 1320 2801 ’“”
1331 2794 1409 2815 αΛΛος
1426 2794 1603 2820 ΡουΑευσαιτο
1623 2794 1643 2808 D
1658 2804 1665 2815 ν
1678 2794 1730 2809 GLA‘

1155 2821 1176 2837 "
1187 2820 1203 2855 ἢ
1216 2794 1285 2852 Vaf,
1299 2820 1323 2846 εί
1337 2820 1409 2854 vulg.
1447 2819 1470 2835 ‘-‘
1486 2819 1533 2846 τοῦ
1544 2818 1588 2850 Ν.,
1604 2819 1642 2854 τῷ
1658 2820 1730 2853 vulg.
