1951 3074
130 153 183 186 789

520 153 569 184 DE
588 153 876 185 LEGATIONIBUS
893 153 1073 185 GENTIUM
1091 153 1140 184 AD
1160 146 1351 184 ROMANOS:

1695 151 1749 183 790

131 208 181 242 τὴν
195 207 309 234 ἔνδειαν.
324 206 416 234 Ταῦτα
433 207 482 243 μὲν
496 209 510 235 ὁ
525 209 617 244 ἕτερος
634 209 796 245 Θευδέριχης
809 209 912 244 ἔλεγεν,

977 209 1034 236 tiam
1046 210 1150 244 possint
1158 210 1308 237 sublevare.
1318 208 1380 236 llaec
1389 207 1498 243 quidem
1511 206 1579 234 alter
1589 207 1729 242 proposuit
1743 217 1748 234 :

129 255 144 280 ὁ
161 254 250 289 μέντοι
273 253 403 289 Τριαρίου
428 254 462 281 τά
486 263 515 281 τε
538 255 585 281 ἐπὶ
608 255 722 287 Λέοντος
750 255 913 282 συντεθέντα

130 299 205 334 ἠξίου
232 299 306 335 αὐτῷ
321 300 428 332 πάντως
444 300 590 334 γενέσθαι,
615 301 662 327 καὶ
690 303 744 328 τῶν
772 302 915 337 προτέρων

130 345 233 381 χρόνων
245 346 296 378 τὰς
314 346 455 378 συντάξεις
468 346 631 381 λαμϐάνειν,
651 347 715 379 τούς
737 356 767 374 τε
780 348 915 384 κηδεστὰς

130 390 204 425 αὐτῷ
218 390 323 422 ζῶντας
338 390 521 425 ἀποδοθῆναι’
543 391 608 417 εἰδὲ
623 391 671 418 καὶ
686 391 741 427 ἀρα
756 391 914 426 τεθνήκασι,

130 436 175 462 τὸν
195 435 294 463 Ἰλλοῦν
318 436 384 471 περὶ
398 435 501 462 τούτων
517 436 650 472 ἐπομόσαι
671 437 718 464 καὶ
740 436 853 469 ἄλλους,
873 435 916 469 οἷς

130 480 211 512 αὺτδς
225 481 271 507 ἐπὶ
286 481 390 507 τούτων
408 481 462 507 τῶν
484 481 615 517 ’ῐσαύρων
631 482 766 510 πιστεύει.
780 483 872 518 Ζήνων
887 482 916 510 δὲ

131 525 293 561 πυθόμενος,
309 527 377 561 πρὸς
392 526 440 562 μὲν
451 527 496 553 τὶν
510 526 673 562 Βαλαμήρου
687 527 865 563 ἀπεκρίνατο,
874 529 915 555 ὅτι

130 571 210 603 αὐτὸς
223 571 265 606 εῖη
283 571 418 608 προδότης
435 573 483 599 καὶ
500 572 589 600 πάντα
604 573 715 600 ἐναντία
730 570 772 605 οἷς
783 573 916 609 ὑπέσχετο

130 617 243 652 δράσας,
270 618 346 650 ὅστις
361 617 536 653 διαπολεμεῖν
553 619 739 654 ὑποσχόμενος
758 619 839 655 μόνος
856 618 916 647 εἶτα

131 663 177 689 καὶ
198 662 324 697 βοήθειαν
353 663 577 699 προσκαλέσηται
601 664 695 699 ἄλλην,
714 665 795 692 πάλιν
823 665 852 692 δὲ
867 666 917 700 τὴν

132 707 247 742 δύναμιν
261 708 315 735 τῶν
339 708 483 744 Ῥωμαίων
497 709 616 741 καλέσας
630 709 723 745 κρύφα
737 711 806 746 πρὸς
820 711 918 738 Θευδέ-

135 762 210 788 ριχον
229 753 344 788 πράττει
368 754 433 789 περὶ
453 755 561 790 φιλίας’
584 752 615 782 οὗ
632 755 663 791 δὴ
688 756 735 783 καὶ
759 756 919 791 αἰσθόμενον

133 799 179 825 τὸν
194 799 348 834 στρατηγὸν
362 798 412 834 τῆς
428 800 539 835 Θρᾴκης
559 798 608 827 καὶ
620 801 683 833 τοὺς
698 801 809 836 ἄλλους,
826 802 919 830 ὁπόσοι

133 844 168 870 τὰ
185 844 330 878 Ῥωμαίων
359 844 503 878 φρονοῦσι,
532 845 600 881 μήτε
623 846 824 882 ἀπηντηκέναι,
850 848 919 883 μήτε

966 256 1034 283 alter
1047 255 1262 289 Theudericlius,
1287 255 1399 287 Triarii,
1423 254 1585 290 postulabat,
1610 257 1640 280 ut
1659 252 1750 280 omnia

966 302 1017 329 sibi
1033 310 1046 329 a
1062 301 1151 329 Leone
1172 302 1303 337 promissa
1329 305 1522 336 praestarentur
1533 320 1541 333 ,
1557 304 1584 327 et
1601 298 1751 333 praeterito-

967 355 1025 374 rum
1040 355 1172 375 annorum
1190 347 1323 382 stipendia
1338 346 1517 378 solverentur,
1541 350 1567 372 et
1589 345 1686 372 attines
1709 343 1751 370 sui

966 393 1126 427 superstites
1136 393 1186 420 sibi
1203 393 1395 425 redderentur;
1409 393 1441 419 de
1454 392 1497 419 his
1508 396 1609 422 autem,
1619 390 1663 424 qui
1676 397 1750 417 mor—
1770 419 1774 432 Ι

966 438 1005 465 tui
1019 442 1120 472 essent,
1140 438 1218 466 illum
1233 443 1260 467 et
1272 446 1305 466 ex
1331 439 1431 466 Isauria
1445 437 1524 469 alios,
1540 444 1655 472 quorum
1680 443 1752 463 curae

966 488 993 512 et
1011 484 1141 512 custodia
1165 484 1303 512 commissi
1328 483 1550 518 fuerant,jurare
1570 481 1662 517 jussit.
1690 480 1752 508 llrcc

967 528 1012 556 tibi
1025 528 1098 556 Zeno
1114 528 1225 561 audivit,
1241 527 1429 555 Theudericho
1445 526 1572 553 Balamiri
1592 532 1756 560 responsum

967 575 1050 608 dedit,
1065 581 1128 602 eum
1141 581 1202 602 esse
1211 574 1386 609 proditorem,
1396 572 1442 607 qui
1453 571 1544 599 omnia
1556 575 1662 603 contra,
1671 576 1752 604 quam
1772 570 1775 602 l

966 621 1140 656 promiserat,
1153 620 1276 654 fecisset;
1301 620 1347 654 qui
1363 627 1424 647 cum
1439 625 1469 646 se
1485 618 1572 646 solum
1592 616 1690 644 bellum
1707 622 1754 650 ge-

968 672 1073 694 sturum
1089 666 1168 694 iidem
1188 666 1318 699 dedisset,
1333 665 1441 692 aliunde
1459 663 1559 692 auxilia
1585 663 1635 690 sibi
1660 669 1755 688 accer—

969 712 1049 740 sisset
1063 721 1070 739 :
1088 716 1115 740 et
1129 719 1189 739 cum
1206 711 1390 739 Romanorum
1418 710 1521 744 copias,
1535 716 1595 743 qua:
1618 707 1756 742 suppetias

969 758 1083 790 ferrent,
1097 757 1251 790 accivisset,
1268 757 1348 790 clam,
1361 761 1389 784 et
1406 755 1458 783 illis
1474 755 1577 786 insciis,
1593 761 1653 781 cum
1667 752 1757 779 Theu-

971 803 1081 832 dericbo
1095 803 1241 830 amicitiam
1253 801 1449 834 contraxisset;
1462 807 1521 835 quae
1534 806 1595 827 cum
1607 799 1661 825 dux
1669 796 1757 824 Tbra~

972 850 1022 877 cia:
1036 854 1063 877 et
1077 849 1134 883 alii,
1148 849 1303 884 quicunque
1326 855 1341 874 a
1356 846 1540 874 Romanorum
1557 845 1679 880 partibus
1702 847 1758 870 sta—

135 876 302 925 συμὸἀλλειν
316 876 390 925 αύτῷ
404 890 452 922 τὰς
465 876 595 926 δυνάμεις
608 876 756 928 θαρσῆσαι,
783 876 920 930 spado-ous-

977 897 1044 925 rent.
1061 893 1202 926 vidissent,
1219 893 1320 920 veritos
1338 891 1451 919 insidias
1475 891 1508 918 ad
1534 890 1608 917 illum
1628 888 1760 916 accedere

134 942 197 965 νους
214 934 335 970 ἐνέδραν.
348 935 406 961 Νῠν
417 943 446 961 τε
458 936 482 962 εί
498 936 610 971 θελήσαι
627 937 696 972 πρὸς
706 938 788 966 αὐτὸν
803 939 923 975 πολεμῆ-

135 988 197 1011 σαι,
219 980 436 1014 ἐπαγγέλλεσθαι
465 981 540 1017 αὐτῷ
562 982 649 1010 ταῦτα
671 983 768 1010 δώσειν
786 984 897 1011 νικῶντι
913 992 922 1000 ’

134 1025 248 1060 χρυσίου
261 1026 355 1061 λίτρας
366 1027 463 1061 χιλίας,
474 1028 607 1064 μυριάδας
617 1028 639 1055 δ’
647 1029 670 1045 ⁸⁸
682 1029 826 1066 ἀργυρίου,
836 1031 922 1066 πρόσ-

135 1071 193 1098 οδόν
209 1080 239 1098 τε
256 1073 324 1108 πρὸς
348 1073 455 1106 τούτοις
471 1074 648 1109 νομισμάτων
664 1076 783 1112 μυρίων·
807 1077 855 1104 καὶ
872 1077 922 1112 γά-

137 1126 187 1153 μον
201 1118 278 1153 αὺτῷ
294 1118 391 1145 δώσειν
407 1120 457 1154 τῆς
478 1120 620 1156 Ὀλυϐρίου
634 1122 727 1154 παιδὸς
741 1123 758 1158 ἢ
771 1123 855 1159 ἄλλης
868 1124 923 1151 τῶν

137 1162 254 1194 ἐνδόξων
265 1163 405 1197 γυναικῶν
422 1164 450 1191 έν
464 1166 497 1201 τῇ
513 1165 601 1192 πόλει.
616 1166 710 1193 Ταῦτά
719 1175 749 1193 τε
766 1169 825 1204 ἅμα
836 1168 923 1203 λέγων

136 1208 190 1235 τῶν
213 1217 244 1236 τε
268 1210 476 1238 ἀποσταλέντων
502 1212 567 1247 παρ’
594 1212 677 1239 αὺτοῦ
701 1213 766 1245 τοὺς
795 1214 924 1246 πλείονας

137 1254 228 1287 ἀξίαις
245 1255 360 1291 ἐτίμησε
370 1255 403 1289 δ’,
426 1257 474 1283 καὶ
498 1257 628 1293 πρέσϐεις
650 1259 795 1286 ἀπέστειλε
815 1261 925 1295 πρῶτον

140 1303 190 1338 μὲν
206 1303 358 1337 Φιλόξενον,
375 1302 433 1332 εῐτα
454 1305 607 1340 Ἰουλιανόν,
623 1307 650 1333 si
659 1315 717 1339 πως
734 1307 788 1343 ἀρα
800 1309 926 1336 δύναιντο

139 1351 305 1383 μεταπεῖσαι
319 1350 489 1387 ξυρῤαγῆναι
505 1352 614 1388 ἐκείνῳ.
629 1352 672 1385 Ὦς
688 1353 716 1380 δὲ
728 1354 804 1380 οὐδὲν
818 1354 922 1387 ἔπειθε,

139 1395 251 1431 πέμψας
266 1397 329 1428 τοὺς
343 1396 512 1432 στρατιώτας
529 1398 558 1430 ἐς
573 1398 618 1425 τὸν
633 1399 751 1434 πόλεμον
769 1398 860 1434 ὥρμα,
876 1400 926 1428 καὶ

140 1442 293 1477 παρεκάλει
309 1442 419 1478 θαρσεῖν
433 1444 472 1475 ὠς
481 1445 561 1477 αὐτὸς
571 1445 778 1481 ὲκστρατεύσων
794 1447 925 1482 καὶκοινῇ

139 1487 188 1514 σὺν
206 1488 323 1520 ἐκείνοις
336 1488 350 1515 ὃ
364 1497 391 1516 τι
403 1489 436 1516 ἂν
451 1489 505 1517 δέοι
522 1491 692 1525 πεισόμενος.
714 1491 746 1518 Οἱ
761 1491 789 1517 δὲ
814 1492 852 1524 ὡς
876 1493 926 1520 έπ-

140 1534 273 1567 ήκουσαν,
288 1534 330 1561 ὅτι
345 1535 427 1567 αὐτὸς
444 1535 571 1571 βασιλεὺς
594 1537 702 1570 ἐξάγειν
719 1537 817 1570 ἐθέλοι,
839 1538 925 1570 οὕτως

140 1579 257 1611 ἕκαστος
280 1581 370 1608 αὐτῶν
384 1582 515 1617 ἠπείγετο
541 1583 635 1610 ἑαυτὸν
662 1583 795 1616 ἐπιδεῖξαι
824 1584 928 1620 βασιλεῖ

140 1625 240 1653 πολλοῦ
258 1626 333 1658 ἀξιον
345 1627 421 1661 δντα,
450 1628 522 1655 ὥστε
540 1630 586 1656 καὶ
605 1629 631 1655 οἱ
646 1630 780 1665 πρότερον
794 1632 851 1663 τοῖς
867 1633 930 1667 ἠγε-

141 1671 219 1715 μόσιν
242 1672 344 1705 αὐτῶν,
368 1674 412 1708 ἐφ’
433 1671 455 1708 ᾦ
475 1675 512 1709 μὴ
537 1674 738 1710 στρατεύοιντο,
765 1676 928 1712 ἀργύριονδ⁸

139 1716 258 1748 διδόντες
270 1718 351 1745 πάλιν
366 1719 406 1750 εἰς
424 1719 454 1746 τὺ
471 1719 596 1755 μετέχειν
612 1720 662 1755 τῆς
678 1720 769 1753 ἐξόδου
785 1723 927 1757 παρεῖχον.

141 1761 196 1788 Καὶ
211 1762 314 1794 πάντες
337 1763 506 1799 ἀνθήπτοντο
529 1764 576 1791 τοῦ
586 1764 608 1783 ⁸⁷
633 1765 751 1800 πολέμου
775 1766 928 1802 ὀργῶντες’

143 1807 191 1833 καὶ
213 1808 278 1839 τούς
303 1817 333 1834 τε
358 1810 546 1841 κατασκόπους
568 1810 632 1842 τοὺς
662 1811 739 1846 παρά
768 1811 929 1848 Θευδερίχου

144 1852 323 1887 πεμφθέντας
345 1854 518 1890 ἐζώγρησαν,
541 1856 589 1882 καὶ
614 1855 665 1891 τῆς
692 1856 739 1883 τοῦ
765 1857 930 1894 Βαλαμήρου

144 1899 270 1932 φυλακῆς
290 1901 387 1934 μοῖραν
402 1899 533 1927 ἐλθοῦσαν
554 1901 601 1928 ἐπὶ
619 1901 649 1928 τὸ
675 1902 781 1937 μακρὸν
797 1905 887 1939 τεῖχος
905 1905 930 1931 οί

143 1944 203 1970 ἐκεῖ
218 1944 399 1978 φυλάττοντες
424 1945 583 1982 διαπρεπῶς
614 1947 832 1983 ἀπεκρούσαντο.
854 1950 931 1977 Ἐπεὶ

144 1990 174 2016 δὲ
187 1991 227 2021 είς
243 1990 292 2026 τὴν
307 1991 390 2018 αὑτοῦ
413 1992 564 2028 φερόμενος
577 1995 592 2020 ό
603 1995 697 2029 Ζήνων
708 1995 867 2032 ἀνεχώρησε
880 1997 931 2031 φύ-

146 2044 200 2069 σιν,
217 2038 264 2064 καὶ
280 2038 332 2065 ὑπὸ
346 2039 396 2074 τῆς
419 2039 561 2075 συμφύτου
584 2041 741 2077 ἀπεσϐέσθη
760 2042 872 2076 δειλίας,
887 2044 933 2071 ἐν-

144 2083 233 2109 ταῦθα
248 2083 404 2119 ὀργίζονται
418 2086 466 2112 καὶ
478 2087 604 2121 χαλεπῶς
615 2087 726 2123 ἔφερον,
741 2089 813 2116 κατὰ
830 2091 932 2118 συστά-

146 2128 205 2161 ait;
234 2139 264 2156 τε
295 2130 432 2166 γινόμενοι
459 2132 615 2168 ἐμέμφοντο
638 2133 771 2170 ἀλλήλους
797 2135 847 2170 τῆς
869 2136 932 2171 ὅλης

145 2175 290 2211 ἀτολμίας,
307 2177 362 2204 et“
390 2180 486 2214 χεῖράς
500 2188 530 2206 τε
546 2179 654 2214 ἔχοντες
678 2181 727 2208 καὶ
750 2181 932 2217 βαστάζοντες

973 944 1019 968 ant
1036 947 1100 967 suas
1119 939 1211 974 copias
1224 938 1282 973 ejus
1305 938 1390 972 copiis
1411 936 1577 972 conjungere
1600 943 1681 963 ausos
1705 942 1759 961 non

973 993 1043 1014 esse.
1060 985 1136 1013 Nunc
1150 985 1244 1017 etiam,
1255 984 1278 1012 si
1295 984 1359 1012 velit
1375 991 1435 1011 cum
1452 981 1640 1010 Tlieudericlio
1659 980 1759 1008 bellum

973 1031 1075 1064 facere,
1098 1037 1128 1059 se
1154 1030 1273 1063 polliceri
1300 1030 1366 1062 haec,
1389 1029 1413 1057 si
1439 1028 1578 1056 victoriam
1603 1026 1766 1062 reportarit,

973 1077 1011 1104 illi
1027 1077 1151 1105 daturum
1176 1076 1235 1103 auri
1250 1075 1333 1108 mille,
1355 1074 1458 1110 argenti
1485 1073 1663 1109 quadraginta
1675 1072 1759 1100 millia

973 1123 1114 1156 librarum,
1131 1127 1159 1150 et
1177 1122 1293 1150 reditum
1316 1121 1409 1149 decem
1433 1120 1546 1148 millium
1565 1126 1709 1146 aureorum
1733 1122 1762 1145 et

974 1174 1085 1204 nuptum
1101 1168 1138 1196 illi
1154 1168 1348 1196 collocuturum
1376 1166 1477 1202 Olybrii
1504 1165 1600 1198 tiliam,
1615 1169 1663 1192 aut
1678 1164 1759 1192 aliam

974 1222 1008 1242 cx
1036 1214 1229 1242 illustrioribus
1258 1212 1416 1240 mulieribus
1438 1211 1566 1240 civitatis.
1601 1211 1666 1244 Quae
1697 1217 1760 1237 cum

975 1261 1101 1294 dixisset,
1117 1260 1261 1296 plerosque
1286 1267 1391 1293 eorum,
1406 1259 1452 1295 qui
1473 1258 1548 1286 missi
1570 1262 1660 1290 erant,
1673 1257 1762 1291 digni-

977 1306 1079 1334 tatibus
1088 1306 1205 1337 ornavit,
1215 1311 1242 1333 et
1256 1306 1312 1340 ipse
1324 1305 1426 1339 legatos
1438 1305 1511 1333 misit
1523 1304 1641 1339 primum
1651 1303 1762 1338 quidem

977 1352 1168 1385 Pbiloxenum,
1184 1353 1282 1380 deinde
1297 1353 1378 1380 etiam
1393 1351 1540 1382 Iulianum,
1554 1350 1576 1378 si
1589 1356 1642 1384 qua
1658 1348 1764 1376 ratione

976 1403 1090 1435 possent
1109 1406 1170 1426 eum
1186 1399 1331 1432 adducere,
1346 1402 1376 1426 ut
1390 1397 1478 1425 foedus
1492 1404 1553 1425 cum
1574 1395 1763 1424 Theudericlio

977 1445 1104 1473 solveret.
1125 1445 1193 1472 Cum
1217 1444 1283 1472 nihil
1301 1451 1361 1472 eum
1380 1447 1511 1475 moveret,
1526 1442 1645 1471 evocatis
1668 1439 1764 1468 militi-

977 1489 1029 1518 bus
1055 1490 1154 1518 bellum
1182 1490 1313 1525 suscepit,
1335 1496 1404 1525 quos
1423 1489 1547 1516 hortatus
1572 1491 1623 1520 est,
1643 1491 1673 1514 ut
1694 1487 1764 1513 bono

940 1545 962 1575 ο
977 1536 1068 1564 animo
1082 1540 1183 1564 essent.
1200 1535 1236 1564 Se
1259 1535 1330 1564 enim
1350 1535 1530 1563 communiter
1550 1541 1611 1562 cum
1630 1532 1682 1561 illis
1702 1532 1766 1559 belli

979 1583 1111 1618 pericula,
1127 1582 1174 1610 ubi
1189 1590 1256 1618 opus
1274 1582 1366 1614 fuerit,
1382 1581 1530 1608 aditurum.
1558 1579 1620 1607 Haec
1636 1586 1696 1606 cum
1715 1577 1765 1605 mi-

980 1629 1041 1657 lites
1065 1628 1225 1661 audiissent,
1244 1628 1436 1663 imperatorem
1457 1626 1519 1654 buic
1542 1625 1612 1652 bello
1635 1624 1767 1652 interesse

980 1675 1119 1707 statuisse,
1132 1674 1170 1701 ita
1187 1681 1217 1702 se
1231 1673 1265 1701 ad
1282 1673 1332 1700 hoc
1349 1675 1552 1706 compararunt,
1572 1674 1600 1697 ut
1614 1669 1668 1705 97
1683 1668 1764 1696 talem

981 1729 1010 1749 se
1024 1720 1210 1756 unusquisque
1229 1719 1373 1746 ostendere
1395 1717 1529 1749 studeret,
1545 1723 1625 1751 quem
1648 1715 1766 1749 impera-

983 1771 1024 1793 tor
1039 1766 1137 1794 merito
1153 1772 1203 1793 suo
1220 1764 1327 1799 plurimi
1351 1763 1464 1791 faceret.
1481 1761 1516 1789 Et
1538 1765 1592 1787 tam
1608 1759 1767 1787 ardentibus

982 1813 1078 1839 animis
1097 1811 1130 1839 ad
1146 1811 1318 1845 pugnandum
1344 1808 1457 1844 profecti
1481 1813 1555 1839 sunt,
1571 1811 1601 1834 ut
1616 1806 1661 1840 qui
1688 1810 1766 1832 antea

984 1858 1086 1886 militias
1105 1857 1272 1884 vacationem
1289 1863 1304 1883 a
1324 1855 1438 1883 ducibus
1454 1854 1567 1889 pecunia
1584 1853 1765 1881 redemerant.

982 1905 1119 1939 pecunias,
1139 1908 1167 1930 ut
1183 1903 1233 1931 sibi
1259 1903 1285 1929 in
1307 1902 1399 1929 hostes
1416 1899 1532 1928 exeundi
1551 1902 1710 1932 potestatem
1729 1896 1768 1922 fa—

983 1955 1088 1983 cerent,
1100 1951 1285 1976 numerarent.
1301 1948 1395 1982 Itaque
1406 1950 1434 1973 et
1446 1945 1642 1980 exploratores,
1652 1951 1665 1969 a
1677 1942 1768 1969 Theu-

984 1996 1096 2025 dericho
1123 1995 1286 2030 praemissos,
1310 1993 1386 2020 vivos
1408 1994 1548 2026 ceperunt,
1565 1993 1592 2017 et
1616 1988 1767 2019 cohortem,

984 2051 1044 2078 quae
1057 2042 1187 2069 Balamiri
1213 2040 1261 2068 lilii
1283 2038 1434 2067 custodiam
1455 2037 1563 2072 agebat,
1584 2039 1612 2063 et
1635 2041 1720 2069 usque
1735 2035 1770 2061 ad

984 2089 1079 2124 longos
1088 2095 1180 2115 muros
1191 2092 1336 2121 progressa
1346 2089 1416 2117 erat,
1428 2087 1579 2118 opportune
1597 2080 1769 2115 depulerunt.

985 2135 1041 2163 Sed
1052 2142 1104 2162 nun
1119 2134 1203 2161 multo
1219 2137 1338 2167 tempore
1356 2138 1399 2158 res
1414 2132 1556 2162 steterunt,
1568 2128 1631 2164 quin
1649 2127 1722 2154 Zeno
1735 2126 1769 2153 ad

986 2181 1127 2218 pristinam
1142 2184 1266 2207 naturam
1282 2177 1391 2210 rediret,
1407 2182 1434 2204 et
1451 2175 1482 2203 ad
1501 2175 1616 2202 insitam
1635 2173 1770 2209 ignaviam

144 2221 216 2247 ὅπλα
242 2222 379 2256 μαλακίας
401 2224 529 2260 τοιαύτης
545 2225 655 2252 ἀκούειν
674 2225 826 2261 ἀνέχονται,
847 2227 880 2254 δι’

987 2227 1169 2256 delaberetur.
1194 2225 1233 2253 Ex
1247 2231 1302 2259 quo
1317 2222 1418 2251 milites
1444 2221 1586 2257 indignati,
1609 2228 1658 2255 per
1679 2220 1772 2246 turbas

145 2267 240 2299 πόλεις
257 2268 363 2296 ἅπασαι
378 2269 426 2296 καὶ
442 2270 459 2305 ή
477 2271 552 2297 πᾶσα
573 2270 719 2306 Ῥωμαίων
740 2272 817 2308 ἰσχὺς
829 2273 932 2305 ἐξαπό-

146 2313 226 2347 λωλε,
243 2315 352 2342 πάντων
366 2315 411 2342 ἐπ’
427 2316 553 2349 ἔξουσίας
575 2318 808 2353 περικοπτόντων,
831 2319 849 2346 ἃ
867 2319 933 2355 βού-

147 2361 246 2389 λοιντο.
265 2361 365 2389 Τοῦτον
382 2363 396 2389 ὁ
411 2363 569 2399 Μαρτιανδς
589 2364 766 2400 σιινελόμενος
781 2365 828 2392 τὸν
841 2365 934 2401 θροῦν,

147 2408 252 2442 πέμπει
267 2410 370 2445 Ζήνωνι
393 2410 491 2445 λέγων,
516 2411 558 2438 ὅτι
582 2411 623 2438 δεῖ
642 2412 673 2438 τὸ
695 2413 876 2448 στρατόπεδον
894 2413 933 2445 ὡς

146 2454 262 2490 τάχιστα
276 2456 408 2490 διαλύειν,
427 2458 463 2493 μή
476 2466 503 2484 τι
517 2459 566 2484 καὶ
580 2458 714 2494 νεώτερον
735 2460 933 2495 συνεστηκότες

147 2499 328 2534 ἐργάσωνται.
342 2502 457 2537 Πέμψας
475 2503 521 2530 οὖν
540 2504 665 2531 ἐκέλευεν
677 2504 787 2531 ἀπιέναι
799 2505 934 2537 ἑκάστους

147 2545 194 2572 ἐπὶ
207 2547 241 2572 τα
255 2547 395 2582 χειμάδια,
411 2548 448 2579 ὡς
462 2549 530 2584 πρὸς
552 2550 599 2576 τὸν
614 2550 776 2585 Θευδέριχον
799 2551 934 2586 ἐσομένης

147 2592 270 2627 εἰρήνης,
286 2594 318 2620 Οί
329 2594 357 2620 δὲ
366 2594 388 2610 δ’
403 2594 448 2621 τὸν
459 2595 569 2630 χάρακα
582 2596 695 2623 ἔλυσαν·
710 2597 757 2623 καὶ
773 2596 895 2632 ἀπῆλθον
909 2597 934 2624 οἱ

148 2637 259 2670 πλείους
270 2640 303 2674 τῇ
315 2639 436 2666 διαλύσει
451 2640 609 2676 ἀχθόμενοι,
623 2642 670 2668 καὶ
682 2642 722 2668 ὅτι
735 2641 832 2669 θᾶττον
842 2643 934 2674 αὐτοῖς

149 2685 317 2720 χωρισθῆναι
344 2686 456 2722 συνέϐη,
474 2686 540 2721 πρὶν
561 2687 646 2724 ἄνδρα
671 2687 858 2723 σκεψαμένους
877 2689 934 2720 τοῖς

986 2278 1124 2306 coeuntes,
1143 2279 1203 2300 sese
1230 2271 1344 2299 invicem
1361 2270 1474 2305 ignavia:
1498 2268 1672 2298 accusabant,
1698 2265 1772 2301 quod

987 2327 1083 2347 manus
1098 2319 1230 2347 habentes
1243 2321 1271 2345 et
1287 2323 1363 2344 arma
1377 2319 1515 2350 gestantes
1532 2318 1613 2341 tanta:
1639 2311 1771 2343 mollitiei,

987 2373 1047 2402 qua:
1063 2372 1157 2393 omnes
1184 2364 1308 2392 civitates
1331 2367 1359 2390 et
1384 2368 1478 2389 omnes
1500 2360 1684 2388 Romanorum
1701 2357 1773 2385 viros

986 2411 1184 2448 pessumdaret,
1199 2409 1312 2444 obsequi
1331 2409 1512 2440 sustinerent,
1527 2413 1615 2440 neque
1629 2405 1772 2440 quisquam

986 2459 1075 2486 omnis
1091 2457 1199 2494 generis
1220 2455 1392 2484 contumeliis
1417 2452 1558 2481 abstinuit.
1575 2450 1652 2478 linire
1672 2454 1773 2476 motqu

987 2513 1047 2532 cum
1060 2503 1209 2531 Martianus
1224 2501 1411 2533 intellexisset,
1420 2500 1453 2527 ad
1464 2498 1599 2526 Zenonem
1617 2495 1699 2523 mittit
1711 2502 1774 2522 sua.

988 2550 1067 2583 dens,
1082 2553 1110 2576 ut
1129 2556 1209 2584 quam
1225 2547 1355 2575 citissime
1377 2544 1435 2572 ﬁeri
1451 2547 1551 2579 posset,
1564 2541 1725 2571 exercitum,
1740 2546 1774 2566 nc

988 2595 1052 2631 quid
1078 2601 1211 2622 novarum
1244 2600 1335 2620 rerum
1366 2590 1519 2621 moliretur,
1541 2587 1718 2616 dissolveretr
1733 2585 1774 2611 Ad

987 2650 1067 2677 quem
1083 2640 1157 2668 Zeno
1174 2638 1290 2672 remisit,
1309 2642 1336 2664 et
1349 2637 1443 2672 jussit,
1457 2640 1487 2663 ut
1501 2634 1685 2669 unusquisque
1704 2631 1773 2658 mili-

987 2692 1055 2719 tum,
1071 2691 1199 2720 tanquam
1223 2690 1286 2711 cum
1303 2681 1494 2709 Thcudcricho
1508 2687 1559 2716 pax
1582 2678 1673 2706 futura
1687 2678 1772 2706 esset.

793 2755 909 2784 VABME
928 2752 1129 2783 LECTIONES.

186 2825 208 2840 "
224 2824 244 2850 δ’
263 2823 308 2857 Ν.,
323 2824 351 2851 δὲ
370 2824 442 2858 vulg.

482 2824 503 2840 "‘
513 2823 603 2856 ἀξίαις
615 2822 730 2858 ἐτίμησε
755 2822 775 2849 Ν
791 2844 798 2855 ,
818 2823 895 2856 ἀξίας
918 2822 1036 2857 ἠτίμησε
1058 2821 1129 2858 vulg.

1178 2820 1200 2836 ³⁸
1211 2814 1342 2856 ἀργύριον
1367 2817 1412 2852 1L,
1429 2816 1560 2854 ἀργυρῖου
1577 2816 1648 2853 vulg.
1688 2816 1710 2832 δ’
1728 2815 1777 2847 τοῦ

150 2860 196 2892 Ν,
209 2859 288 2886 τοῦτο
303 2859 387 2895 \‘ulg.,
405 2856 482 2887 iam
504 2859 537 2886 ll.
575 2859 597 2875 ⁸⁸
610 2859 634 2886 εἰ
647 2856 695 2892 N.,
708 2859 747 2890 είς
776 2859 848 2893 vulg.
887 2859 909 2875 θ’
919 2856 946 2886 δὲ
968 2856 1032 2886 add.
1058 2856 1091 2884 Ν.
