1951 3074
106 113 173 165 τοι

523 129 572 161 DE
589 127 872 160 LEGATIONIBUS
887 127 1063 159 GENTIUM
1079 128 1132 158 AD
1146 125 1335 158 ROMANOS.

1686 123 1743 156 795

120 190 249 226 μέγιστόν
261 198 290 216 τε
311 188 357 216 καὶ
367 187 559 223 ἀλκιμώτατον
577 188 632 215 τῶν
649 187 744 220 ἐθνῶν,
762 187 810 215 καὶ
827 187 865 220 ὡς
875 186 905 214 sb

965 190 1073 214 'atorem
1099 185 1235 218 venisset,
1262 184 1339 216 dixit,
1364 181 1462 211 adn-sse
1488 185 1596 218 gentem
1621 182 1744 209 omnium

118 234 204 270 φῦλον
219 235 244 261 οἱ
257 234 372 268 Ἀῢαροι
388 233 597 268 ἁκαταμάχητσί
613 233 643 260 τέ
659 235 713 260 εισι
728 233 775 260 καὶ
792 233 822 260 τὺ
832 233 907 260 ἀντι-

120 282 237 310 στατοῦν
248 279 340 309 οἷοίτε
357 280 457 317 ῥᾳδίως
472 279 635 307 ἀπώσασθαί
659 289 690 306 τε
716 280 765 306 καὶ
782 279 905 314 διαφθεί-

121 337 192 364 ρειν,
207 327 255 354 καὶ
265 327 302 359 ὠς
316 327 456 362 προσῆκόν
469 327 577 362 ἐστιτῷ
592 326 698 362 βασιλεῖ
710 326 740 358 ἐς
753 325 907 360 ὁμαιχμίαν

121 375 194 409 σφᾶς
210 374 411 408 ἐταιρίσασθαι,
426 372 596 408 ἁλεξητῆράς
623 381 652 399 τε
678 372 751 407 ἐχειν
775 372 905 406 ἀγαθοὺς,

91 441 98 445 .
121 422 169 447 καὶ
188 422 212 439 ⁸⁸
226 421 264 453 ὡς
281 421 331 447 οὐκ
347 419 435 452 ἄλλως
448 419 621 446 εὐνούστατοι
649 419 756 446 ἐσονται
781 419 815 453 τῇ
838 418 907 445 Ῥω-

123 468 208 503 μαῖκῇ
225 467 346 502 πολιτείᾳ
356 467 390 502 ,ἢ
406 465 502 502 δώροις
513 466 541 498 ἐς
555 465 590 492 τὰ
602 465 721 500 μάλιστα
733 465 908 500 τιμιωτάτοις

121 513 171 540 καὶ
185 513 323 549 χρήμασιν
335 514 455 548 ἐτησίοις
465 513 513 539 καὶ
522 512 575 547 γῆς
586 512 779 547 εὖφορωτάτης
791 512 906 547 οἰκήσει.

121 558 144 584 Τ
147 558 216 584 αὔτα
239 557 279 593 τῷ
298 557 480 593 αὐτοκράτορι
497 557 591 592 ἐπειδὴ
615 557 742 592 ἣγγειλεν
763 558 777 583 ὁ
795 556 906 592 Κανδὶχ,

120 603 288 630 αὐτίκα--οὒ
302 603 322 619 ⁸⁷
337 603 391 638 γὰρ
407 602 526 636 ἐσφρίγα
543 602 568 628 οἱ
583 601 613 628 τὸ
629 601 720 636 σῶμα,
737 601 798 628 οὐδὲ
815 601 909 636 ἠκμα-

123 648 171 680 ζεν
187 649 204 684 ἡ
226 649 307 683 ἀλκὴ,
325 648 419 684 ὥσπερ
434 648 544 683 ἀμέλει,
567 648 649 683 ἡνίκα
666 647 800 683 Γελίμερά
815 655 845 673 τε
864 647 910 673 τὸν

124 695 260 730 Βάνδηλον
270 695 317 721 καὶ
330 695 469 729 Οὒῖττιγιν
482 694 528 721 τὸν
538 693 636 721 Γότῦον
651 693 738 729 ἄμφω
751 694 792 720 ἔτι
806 693 910 726 νεάζων

124 740 202 767 ἔθετο
220 740 408 775 δορυαλωτον·
432 740 490 766 ἀλλ’
513 739 564 776 ἥδη
595 739 728 775 γηραλέος
744 748 773 766 τε
797 737 842 775 ἦν,
865 740 911 766 καὶ

124 787 157 813 τὺ
183 787 305 822 ἀνδρεῖον
324 787 413 813 ἐκεῖνο
434 786 560 822 φρόνημα
575 788 622 814 καὶ
644 786 825 822 φιλοπόλεμον
851 795 912 822 μετ-

125 831 256 858 εὸἐὸλητο
271 832 299 858 ἐς
312 832 343 858 τὸ
360 831 546 858 ῥαθυμότερον
566 831 652 858 ταῦτα
665 833 738 858 ἔγνω
748 833 834 858 ἐτέοω
850 833 912 858 τοό-

209 840 256 866 ητο
271 832 299 863 ἐς
312 832 343 858 τὸ
360 831 546 868 ῥᾳθυμότερον
566 831 652 860 ταῦτα
665 833 738 867 ἔγνω
748 833 834 869 ἑτέρῳ
850 833 912 868 τρό-

209 877 234 903 st
253 877 314 903 οὗγὶ
339 876 449 903 πολέμω
464 876 513 903 τὴν
536 876 709 903 Βαοδαοικὴν
736 876 912 903 ἀποκρούσα-

965 834 1020 854 rem
1033 831 1135 853 desnlla
1149 831 1175 851 οι
1186 831 1242 851 οιιο
1252 831 1456 853 commutasset,
1472 831 1653 846 Daruarurum
1669 831 1729 844 cu:-
1743 831 1747 836 -

965 873 1048 901 citum
1065 878 1117 899 non
1133 864 1220 903 bello,
1233 869 1281 897 sed
1296 868 1348 895 alia
1371 867 1476 895 ratione
1490 874 1505 893 a
1527 864 1626 892 ﬁnibus
1642 863 1747 898 imperii

125 884 171 911 πῳ
187 877 234 903 καὶ
253 877 314 912 οὐχὶ
339 876 449 912 πολέμῳ
464 876 513 912 τὴν
535 876 709 912 βαρϐαρικὴν
730 876 912 912 ,ἀποκρούσα-

126 922 191 948 σθαι
219 922 335 957 δύναμιν
353 930 360 937 ·
383 922 431 949 καὶ
456 923 663 958 κατηγωνίσατο
691 923 724 950 ἂν
753 922 800 949 καὶ
827 923 913 958 ἄρδην

124 969 268 1004 ἠφάνισεν,
282 969 306 996 εί
320 969 367 995 καὶ
388 969 425 1004 μὴ
448 968 570 1004 πολέμῳ,
591 968 649 996 ἀλλ’
672 969 719 997 οὖν
734 969 871 1005 εὐϐουλίᾳ,
888 969 915 996 ει

125 1024 159 1049 γε
179 1015 217 1050 μὴ
235 1014 273 1048 τῷ
285 1015 453 1050 ὀφειλομένῳ
466 1015 537 1042 τέλει
554 1016 688 1051 πρότερον
700 1015 839 1052 ἠφανίσθη
861 1016 912 1043 αὺ-

125 1061 172 1092 τός
183 1069 190 1077 ’
203 1061 234 1088 οὐ
251 1062 305 1097 γὰρ
322 1060 414 1096 πολλῷ
429 1061 541 1097 ὕστερον
552 1062 641 1097 ᾤχετο
655 1062 757 1090 ἐκεῖσε.
776 1062 852 1089 Ἐπεὶ
866 1061 912 1089 οὖν

125 1107 229 1142 ἥκιστα
244 1104 278 1142 ἦν
298 1105 354 1139 οἷός
371 1115 402 1148 τε
421 1108 568 1142 περιεῖναι,
583 1107 634 1143 τὴν
650 1107 747 1143 ἑτέραν
767 1108 911 1143 ἐτράπετο.

166 1198 199 1233 β’.
212 1198 274 1225 Ὅτι
295 1198 493 1234 δημηγορήσας
517 1199 532 1226 ό
552 1198 688 1234 βασιλεὺς,
715 1198 762 1226 τοῦ
785 1208 815 1226 τι
840 1199 914 1235 ἱεροῦ

127 1245 260 1278 συλλόγου
276 1244 307 1271 τὸ
319 1244 448 1280 ἀγχίνουν
458 1253 488 1271 τε
506 1246 553 1272 καὶ
570 1245 742 1280 βουλευτικὸν
764 1245 811 1272 τοῦ
836 1245 915 1281 βασι-

126 1289 197 1322 λέως
214 1291 421 1325 ἐπαινέσαντος,
436 1291 606 1327 παραχρῆμα
618 1291 653 1318 τά
666 1300 695 1318 τε
706 1291 781 1328 δῶρα
793 1292 912 1325 ἔστελλε,

127 1337 223 1370 σειράς
246 1345 276 1363 τε
308 1336 401 1372 χρυσῷ
433 1336 691 1372 δια-πεποικιλμένας
722 1337 770 1365 καὶ
799 1338 913 1370 κλίνας,

126 1382 246 1417 ἐσθῆτάς
257 1391 288 1409 τε
302 1384 419 1418 σηρικάς
427 1383 474 1411 καὶ
485 1383 567 1418 ἐτερα
578 1383 691 1411 πλεῖστα
701 1384 913 1419 ἐκμαλθακῶσαι

126 1425 173 1454 οἷά
187 1436 216 1454 τε
231 1428 296 1454 ὄντα
308 1427 470 1461 ἀλαζονείας
481 1429 603 1456 ἀνάπλεα
618 1430 779 1465 φρονήματα
795 1429 829 1462 ⁵⁸,
845 1429 914 1466 πρὸς

126 1474 185 1505 τοῖς
200 1475 246 1501 καὶ
267 1475 502 1510 πρεσσευσόμενον
523 1475 682 1503 Βαλεντῖνον
712 1474 764 1510 (εἷς
788 1476 820 1512 δὴ
837 1474 914 1508 οὗτος

959 232 1105 258 maximam
1121 235 1151 258 et
1165 230 1353 261 fortissimam,
1372 229 1486 261 Mares,
1503 235 1588 264 genus
1603 228 1742 255 hominum

958 277 1099 309 invictum,
1124 276 1170 311 qui
1192 275 1250 311 ejus
1267 282 1362 303 omnes
1377 274 1469 302 hostes
1487 273 1618 309 repellere
1635 277 1663 299 et
1681 271 1745 299 l'un-

957 322 1031 350 ditus
1057 321 1231 357 exstinguere
1256 325 1376 356 possent.
1404 319 1479 347 Illius
1499 318 1647 346 rationibus
1669 317 1747 344 valde

958 369 1110 396 conducere
1133 374 1193 394 cum
1209 367 1249 394 eis
1268 373 1406 394 armorum
1427 365 1587 392 societatem
1609 364 1698 391 facere
1719 367 1747 389 et

958 413 1118 441 auxiliarios
1138 411 1256 446 optimos
1276 411 1327 439 sibi
1344 410 1500 442 asciscere;
1522 409 1567 444 qui
1585 413 1675 436 tamen
1693 415 1745 435 non

959 459 1010 486 alia
1026 458 1182 486 conditione
1198 457 1323 484 Romano
1339 456 1452 490 imperio
1469 454 1613 486 servirent,
1631 461 1710 488 qua-n
1723 453 1745 479 si

960 505 1038 533 donis
1062 504 1200 539 pretiosis,
1223 503 1322 530 annuis
1344 494 1595 536 etiam’stipendiis
1614 504 1640 526 et
1664 498 1746 526 fertili

960 552 1083 586 regione,
1104 557 1184 585 quam
1207 549 1371 581 habitarent,
1397 547 1575 575 donarentur.
1598 545 1660 572 llaec
1676 545 1747 571 Can-

960 597 1022 624 dich
1040 595 1120 630 100
1134 593 1306 630 Imperatori.
1324 592 1388 620 Erat
1409 599 1440 620 ea
1458 595 1618 626 tempestate
1634 590 1748 624 impera»

961 648 1003 669 tor
1023 641 1114 668 ell'teto
1129 646 1243 674 corpore
1260 647 1266 664 :
1288 645 1342 665 non
1358 637 1453 665 eadem
1468 635 1507 663 illi
1524 635 1565 662 vis
1583 634 1679 666 animi,
1694 640 1749 668 qua

961 687 1084 718 ﬂorebat,
1098 693 1158 714 cum
1178 684 1286 720 juvenis
1307 683 1395 710 adhuc
1416 681 1578 710 Gelimerem
1598 679 1746 707 Vandalum

962 739 987 761 et
1001 732 1128 766 Vittigem
1143 731 1259 759 Gallium
1283 730 1407 765 captivos
1425 728 1498 756 fecit.
1516 727 1610 762 Itaque
1631 726 1685 760 jam
1704 734 1747 752 sc-

962 787 1015 807 nex
1027 782 1123 806 exacta
1137 782 1228 810 aetate.
1245 783 1306 804 cum
1321 775 1403 803 animi
1427 774 1509 802 robur
1533 776 1560 801 et
1584 771 1647 800 belli
1672 778 1748 799 amo-

963 834 1020 854 rem
1033 824 1135 853 desidia
1149 828 1175 851 et
1186 823 1242 851 alio
1252 825 1456 853 commutasset,
1472 818 1653 846 Barbarorum
1669 824 1748 844 exer-

965 918 1099 954 depellere
1112 916 1264 946 constituit.
1278 914 1311 942 Et
1324 920 1390 942 sane
1404 913 1514 941 vicisset
1525 919 1586 939 eum
1604 914 1631 938 et
1642 910 1749 945 penitus

963 963 1156 995 exstinxisset,
1168 962 1192 990 si
1209 961 1298 989 minus
1310 959 1421 994 praeliis,
1437 963 1465 986 at
1481 955 1622 997 prudentia
1639 960 1667 983 et
1683 962 1750 982 con-

963 1011 1034 1043 silio,
1056 1009 1106 1037 nisi
1129 1009 1186 1044 ipse
1203 1007 1294 1035 debito
1320 1006 1374 1033 Ilne
1399 1004 1474 1040 prius
1496 1002 1647 1031 exstinctus
1668 1005 1748 1028 esset.

963 1055 1069 1083 Etenim
1101 1061 1154 1080 non
1179 1051 1263 1079 multo
1288 1055 1348 1086 post
1384 1056 1418 1077 ex
1441 1049 1494 1076 vita
1520 1046 1655 1082 migravit.
1683 1044 1750 1073 Cum

963 1101 1046 1137 igitur
1080 1099 1105 1127 vi
1132 1098 1268 1126 Barbaros
1298 1102 1428 1132 superare
1453 1101 1507 1122 non
1531 1096 1642 1129 posset,
1670 1090 1750 1119 aliam

963 1149 1035 1176 viam
1055 1148 1194 1182 ingressus
1207 1149 1261 1173 est.

998 1195 1028 1222 2.
1048 1193 1085 1221 De
1103 1201 1134 1221 ca
1149 1199 1178 1220 re
1201 1192 1348 1227 imperator
1369 1194 1528 1217 concionem
1551 1185 1622 1222 apud
1643 1192 1751 1213 sacrum

965 1243 1087 1268 senatum
1113 1237 1226 1269 habuit,
1249 1235 1298 1271 qui
1313 1235 1372 1270 ejus
1395 1232 1567 1269 prudentiam
1586 1230 1655 1258 etin
1671 1229 1752 1257 rebus

965 1286 1092 1321 gerendis
1106 1283 1213 1312 consilii
1231 1281 1285 1309 vim
1301 1285 1330 1308 et
1347 1279 1512 1308 acerrimum
1529 1276 1660 1314 judicium
1676 1275 1752 1302 valde

965 1334 1139 1363 collaudavit.
1165 1331 1222 1359 [loc
1241 1329 1315 1358 facto
1338 1326 1430 1356 statim
1452 1326 1605 1361 imperator.
1623 1322 1694 1351 dona
1719 1322 1752 1348 ad

965 1381 1069 1416 legatos
1091 1379 1175 1411 misit,
1192 1383 1305 1406 catenas
1322 1381 1390 1402 auro
1406 1373 1560 1408 variegatas
1582 1375 1610 1398 et
1625 1369 1710 1397 lectos
1726 1372 1754 1395 et

965 1415 1067 1457 sericas
1081 1430 1170 1454 vestes
1188 1429 1216 1452 et
1230 1425 1282 1452 alia
1297 1431 1379 1459 quam
1396 1420 1522 1457 plurima,
1539 1418 1638 1454 quibus
1652 1415 1750 1443 leniret

965 1479 993 1503 et
1009 1472 1178 1502 demulcerct
1200 1471 1306 1498 animos
1323 1467 1457 1503 superbiae
1482 1469 1509 1493 et
1526 1462 1675 1491 insolentia:
1694 1460 1752 1495 ple-

127 1520 184 1546 τῶν
198 1506 344 1555 βασιλιλιῶν
362 1506 595 1557 μαχαιροφόρων),
609 1522 656 1549 καὶ
673 1521 695 1538 ⁵ο
715 1506 912 1557 ’προύτρέπετο

966 1528 1027 1548 nos.
1053 1519 1124 1546 Misit
1149 1523 1256 1552 quoque
1280 1515 1398 1550 legatum
1425 1510 1599 1540 Valentinum
1629 1506 1666 1541 (is
1695 1509 1755 1533 erat

127 1565 160 1592 τὸ
179 1565 261 1599 φῦλον
288 1565 439 1602 ὁμαιχμίαν
470 1567 579 1601 ἐσάγειν
601 1567 746 1602 Ῥωμαίοις
768 1569 815 1594 καὶ
844 1568 915 1596 κατά

128 1611 185 1638 τῶν
208 1612 363 1639 ἀντιπάλων
385 1611 562 1645 ὁπλίζεσθαι,
588 1613 806 1648 ἐμφρονέστατα,
821 1611 915 1649 οἶμαι,

129 1656 390 1692 προμηϐευσάμενος
405 1658 419 1683 ὸ
434 1656 571 1692 βασιλεὺς.
587 1657 651 1693 ὡςῆ
671 1658 801 1690 νικῶντες
818 1659 842 1686 οί
866 1661 915 1688 Ἀ-

129 1702 238 1738 ὕαροιῆ
258 1703 304 1730 καὶ
317 1703 471 1739 ἡσσώμενοι
485 1704 514 1736 ἐξ
526 1705 627 1739 ἀμφοῖν
644 1705 779 1740 περιθῶσι
800 1706 823 1722 ⁸⁸
848 1706 916 1733 Ῥω.

131 1746 223 1781 μαίοις
238 1746 268 1773 τὸ
283 1748 414 1774 συνοῖσον.
427 1747 481 1774 Τοῦ
493 1748 521 1774 δέ
537 1748 696 1776 Βαλεντίνου
716 1750 806 1776 ἐκεῖσε
821 1751 917 1786 ἀφικο-

131 1793 212 1828 μένου
226 1793 274 1820 καὶ
289 1793 323 1820 τὰ
331 1793 405 1829 δῶρα
416 1794 636 1829 παρασχομένου,
655 1797 701 1822 καὶ
715 1796 765 1823 ὅσα
780 1797 917 1832 ἐσήμηνεν

129 1839 145 1865 ὸ
164 1838 289 1873 βασιλεὺς
304 1838 468 1872 ἐξειπόντος,
488 1839 596 1874 πρῶτον
610 1840 659 1874 μὲν
676 1841 917 1878 ἐξεπολεμήθησαν
937 1860 940 1863 -

130 1885 306 1921 Οὺτιγούροις
330 1886 362 1919 ⁸⁸,
381 1883 440 1911 εἶτα
463 1884 569 1918 Ζᾶλοις,
596 1886 720 1922 Οὐννικῷ
746 1887 841 1924 φύλῳ’
870 1889 917 1916 καὶ

130 1931 278 1966 Σασείρους
293 1932 323 1959 δὲ
339 1931 473 1959 καθεῖλον.

164 2063 200 2094 γ’.
214 2060 276 2087 ’Ότι
293 2061 354 2088 ἐπεὶ
369 2062 394 2088 οἱ
409 2062 539 2097 αρχοντες
562 2062 663 2090 ’Δντῶν
681 2063 704 2080 ⁶¹
717 2063 816 2096 ἀθλίως
831 2064 917 2092 διετέ-

131 2106 217 2142 Θησαν
230 2106 278 2133 καὶ
287 2107 362 2142 παρὰ
379 2107 428 2143 τὴν
443 2108 519 2143 σφῶν
533 2108 624 2135 αὐτῶν
641 2109 736 2136 ἐλπίδα
755 2109 916 2137 ἐπεπτώκε-

132 2161 191 2186 σαν,
208 2153 306 2180 αὺτίκα
323 2153 347 2180 οί
365 2154 478 2189 ’Δὸαροι
490 2154 597 2191 ἔκειρον
612 2164 642 2181 τε
654 2155 704 2191 τὴν
715 2156 767 2190 γῆν
783 2156 830 2183 καὶ
841 2156 917 2192 ἐληΐ-

967 1574 1036 1594 unus
1048 1572 1080 1592 ex
1100 1561 1281 1599 imperatoriis
1293 1557 1477 1592 satellitibus),
1492 1556 1535 1584 cui
1551 1552 1682 1599 praecepit
1698 1571 1707 1584 ,
1725 1556 1755 1578 ut

966 1616 1073 1647 gentem
1086 1596 1217 1636 Romanis
1235 1605 1368 1634 societate
1392 1602 1568 1637 coniungeret
1582 1602 1610 1626 et
1624 1596 1754 1627 efﬁceret.

967 1641 996 1684 ut
1022 1663 1087 1684 suos
1113 1653 1239 1682 inimicos
1262 1651 1332 1678 bello
1358 1648 1581 1684 aggrederentur.
1606 1642 1653 1671 Sic
1680 1641 1753 1669 enim

967 1702 1044 1730 valde
1059 1701 1222 1736 prudenter.
1238 1697 1335 1732 opinor
1345 1716 1353 1729 ,
1369 1695 1517 1729 imperator
1533 1689 1683 1720 sentiebat,
1697 1687 1755 1714 sive

966 1749 1069 1777 Avares
1091 1747 1241 1777 vincerent,
1266 1744 1324 1770 sive
1342 1741 1533 1770 vincerentur,
1557 1737 1584 1764 in
1610 1739 1756 1768 utramque

968 1800 1083 1831 partem,
1110 1797 1182 1821 etut
1199 1799 1243 1819 res
1264 1790 1422 1820 cecidisset,
1448 1793 1492 1818 ea,
1519 1791 1578 1819 quae
1602 1782 1754 1813 evenirent,

967 1826 1017 1869 suo
1035 1826 1178 1868 commodo
1199 1843 1320 1865 cessura.
1344 1834 1415 1862 Cum
1440 1832 1523 1868 igitur
1542 1829 1701 1858 Valentinus
1723 1826 1756 1854 ad

968 1894 1015 1915 eos
1035 1884 1174 1920 profectus
1195 1888 1266 1912 esset
1280 1887 1308 1910 et
1323 1887 1435 1909 munera
1450 1877 1613 1914 praebuisset
1629 1879 1657 1902 et
1675 1880 1755 1900 man-

967 1919 1216 1963 dataiimperatoris
1233 1928 1415 1963 exposuisset,
1431 1925 1548 1959 primum
1569 1921 1677 1957 quidem
1691 1919 1753 1947 Uti-

968 1984 1060 2013 guros,
1077 1981 1133 2004 tum
1151 1974 1240 2005 Salos.
1255 1972 1406 2000 llunnicam
1433 1974 1552 2005 gentem,
1575 1965 1757 1998 debellarunt,

968 2029 996 2052 et
1005 2023 1116 2051 Sabiros
1129 2024 1299 2049 everterunt.

989 2062 1030 2096 ’5.
1045 2068 1113 2095 Cum
1126 2067 1208 2094 duces
1220 2067 1353 2093 Antarum
1375 2069 1471 2099 parum
1484 2066 1614 2097 prospere
1629 2065 1673 2086 res
1696 2064 1758 2093 ges-
1801 2072 1804 2075 -

969 2116 1070 2142 sissent
1093 2118 1120 2141 et
1138 2119 1187 2147 spe
1202 2119 1252 2140 sua
1274 2110 1458 2141 excidissent,
1485 2106 1628 2135 confestim
1657 2104 1758 2131 Avares

969 2160 1086 2189 hostium
1102 2164 1202 2187 terram
1218 2159 1374 2188 vastarunt,
1397 2159 1425 2182 et
1442 2154 1578 2189 regionem
1594 2155 1658 2179 sunt
1677 2153 1758 2184 depo-

131 2198 208 2231 ζοντο
220 2197 268 2233 τὴν
287 2198 390 2234 χώραν.
408 2198 568 2234 Πιεζόμενοι
590 2200 612 2227 δ’
634 2200 680 2228 οὗν
697 2203 756 2232 ταῖς
769 2201 823 2229 τῶν
836 2202 912 2229 πολε-

156 2243 162 2252 ,
216 2244 223 2252 .
264 2245 275 2252 ..
351 2246 362 2252 -
402 2245 408 2252 .
468 2242 491 2252 ..
586 2246 606 2252 ..
643 2248 649 2252 .
731 2247 744 2252 -
768 2247 773 2252 .
886 2248 893 2252 .

969 2206 1062 2242 pulati.
1076 2204 1108 2232 Hi
1120 2211 1183 2232 vero
1206 2202 1377 2230 inimicorum
1391 2198 1601 2228 excursionibus
1619 2194 1710 2223 vexati
1724 2194 1759 2222 ad

1092 2251 1096 2252 ,
1161 2250 1165 2252 .
1303 2248 1308 2252 .
1475 2246 1481 2252 .
1619 2241 1755 2252 _____..-..

132 2243 201 2277 μίων
215 2244 375 2279 ἐπιδρομαῖς
394 2245 432 2277 ὡς
452 2242 508 2272 οἷόν
532 2255 562 2273 τε
585 2246 619 2279 ⁵³,
641 2247 860 2282 ἐπρεσϐεύσαντο
878 2248 912 2280 ὡς

965 2253 1067 2280 Avares
1090 2250 1249 2285 legationem
1275 2248 1424 2280 miserunt.
1449 2246 1482 2274 ad
1508 2252 1589 2280 quam
1611 2241 1758 2278 gerendam

131 2289 228 2321 αὐτοὺς
239 2291 405 2327 Μεζάμηρον
422 2292 467 2320 τὴν
483 2292 635 2327 Ἱδαριζίου,
649 2294 822 2328 Κελαγαστοῦ
840 2295 916 2322 ἁδελ-

966 2297 1152 2328 Mesatnirum,
1169 2294 1273 2322 ldarisii
1295 2293 1391 2326 ﬁlium,
1407 2291 1540 2326 Celagasti
1555 2290 1668 2317 fratrem
1679 2307 1687 2321 ,
1702 2286 1759 2314 sui"

131 2333 191 2368 φὸν,
207 2335 253 2362 ἐπὶ
269 2336 318 2372 τὴν
330 2337 479 2372 πρεσϐείαν
491 2340 731 2374 χειροτονήσαντες
746 2348 753 2356 ·
767 2340 872 2368 ἐδέοντό
886 2350 912 2368 τε

966 2344 1052 2379 fragio
1073 2343 1225 2378 elegerunt,
1239 2345 1267 2368 et
1280 2340 1314 2367 ab
1331 2347 1363 2367 eo
1381 2339 1527 2374 petierunt,
1544 2341 1574 2364 ut
1587 2335 1758 2371 captivorum

132 2380 262 2414 πρίασθαι
278 2382 332 2408 τῶν
346 2391 422 2415 τινας
444 2383 491 2410 τοῦ
509 2385 611 2412 οἰκείου
626 2385 709 2420 φύλου
728 2385 915 2421 δορυαλώτων.

132 2427 187 2453 Καὶ
200 2427 289 2454 τοίνυν
308 2429 476 2465 Μεξάμηρος
496 2431 510 2457 ὁ
531 2431 710 2467 πρεσόευτὴς,
732 2431 873 2467 στωμύλος
887 2440 916 2458 τε

132 2472 170 2499 ὢν
185 2473 232 2499 καὶ
247 2473 396 2509 ὑψαγόρας,
414 2476 452 2506 ὡς
482 2477 613 2512 Ἀϐἀρους
640 2478 806 2512 ἀφικόμενος
829 2478 917 2515 ἀπέῥ·

134 2518 195 2568 pte-5
217 2519 338 2568 ῥήματα
354 2521 518 2568 ὑπερήφανά
535 2532 565 2550 τε
591 2523 639 2550 καὶ
668 2523 824 2560 θρασύτερα
848 2533 915 2556 πως.

134 2564 227 2614 Ταῦτα
239 2572 281 2591 τοι
317 2566 497 2601 Κοτράγηγος
514 2568 537 2584 ⁸⁵
554 2570 668 2601 ἐκεῖνος,
684 2571 698 2597 ὁ
711 2572 768 2602 τοῖς
791 2571 916 2606 Ἀσάροις

133 2611 282 2646 ἐπιτήδειος
295 2613 308 2638 ὁ
322 2614 382 2640 κατ’
398 2614 498 2643 Ἀντῶν
510 2616 532 2634 ⁸⁸
547 2617 582 2643 τὰ
598 2616 709 2651 ἔχθιστα
734 2617 917 2652 βουλευσάμεο

132 2663 186 2687 νος.
197 2657 259 2684 ἐπεὶ
267 2658 456 2696 ὁΜεζάμηρος
468 2661 632 2698 ὑψηλότερον
642 2661 658 2697 ἤ
668 2663 737 2690 κατά
746 2663 918 2699 πρεσϐευτὴν

965 2390 1071 2425 aliquos
1097 2388 1184 2424 gentis
1208 2394 1264 2414 suae
1292 2385 1448 2414 redimeret.
1476 2383 1637 2411 Mezamirus
1673 2380 1756 2415 igitur

970 2436 1086 2472 legatus,
1101 2435 1145 2462 vir
1167 2441 1253 2462 vanus
1271 2437 1300 2460 et
1319 2432 1518 2467 magniloquus,
1541 2429 1586 2457 ubi
1604 2428 1636 2456 ad
1655 2428 1763 2454 Avares

971 2481 1103 2517 pervenit,
1120 2481 1147 2508 in
1162 2480 1245 2508 verba
1265 2479 1423 2514 superbiora
1442 2482 1470 2504 et
1484 2476 1672 2510 arrogantiora
1692 2481 1758 2508 pro-

970 2528 1052 2562 rupit.
1075 2526 1240 2560 Cotragegus
1255 2530 1346 2552 autem
1364 2524 1418 2556 ille,
1438 2523 1555 2550 Avarum
1572 2527 1702 2555 perquam
1717 2518 1757 2545 la-

972 2570 1087 2598 miliaris
1103 2575 1130 2598 et
1141 2569 1323 2602 necessarius,
1336 2576 1396 2596 cum
1409 2567 1571 2595 blesamirus
1587 2564 1761 2595 insolentius,

972 2624 1053 2652 quam
1083 2616 1199 2650 legatum
1226 2615 1359 2647 decebat,
1385 2618 1457 2641 esset
1484 2612 1601 2644 locutus,
1629 2610 1763 2645 Cltagano

973 2662 1062 2689 dixit:
1086 2671 1095 2688 ι
1118 2660 1165 2688 Vir
1181 2661 1226 2688 ille
1255 2658 1359 2695 magna
1374 2663 1416 2687 est
1439 2659 1508 2694 apud
1532 2659 1617 2685 Antas
1640 2654 1759 2684 auctori-

764 2709 880 2737 νΑιιιΑς
906 2709 1107 2738 LECTIONES.

168 2755 190 2771 "
203 2755 250 2792 stati
263 2755 326 2792 add.
341 2756 371 2783 Β.
413 2756 423 2771 "
436 2756 465 2782 οὺ
476 2755 551 2792 VVal.,
569 2757 583 2783 ὁ
593 2757 666 2791 vulg.
703 2757 726 2773 ⁸⁸
738 2757 897 2792 φρονήματα
911 2757 955 2787 Ν.,
972 2757 1144 2791 φρονήματος
1157 2756 1237 2792 vulg.
1260 2755 1283 2772 "
1297 2755 1345 2792 καὶ
1359 2754 1436 2792 deest
1447 2754 1519 2792 vulg.
1530 2754 1555 2792 _'°
1567 2751 1698 2792 περιθῶσι

134 2791 275 2826 παραδῶσι
303 2791 334 2818 H.
341 2812 347 2824 ,

134 2826 232 2854 οἴονται
258 2827 328 2862 vnlg.

381 2791 445 2825 περὶ
473 2791 538 2818 δῶσι
565 2793 636 2825 vulg.
675 2792 695 2808 "
721 2793 879 2826 Οὺίγούροις
907 2792 979 2826 vulg.

369 2826 390 2843 °‘
405 2826 587 2862 Κοτρίγουρος
602 2824 673 2863 conj.
692 2827 723 2855 N.
762 2824 783 2843 “
801 2824 830 2855 ct
854 2827 922 2854 inira
944 2824 1042 2853 ’Ᾰντῶν
1063 2826 1132 2859 νυι..
1145 2826 1233 2853 αὐτῶν
1251 2824 1323 2862 vulg.

1018 2787 1165 2818 ⁶¹’Ἇντῶν
1193 2787 1262 2822 Val.,
1290 2791 1345 2826 τῶν
1368 2790 1440 2826 vulg.
1479 2787 1506 2806 εί
1522 2789 1559 2822 ὡς
1581 2787 1636 2815 οἷόν
1663 2796 1692 2814 τε
1714 2787 1761 2820 8.,-
