1951 3074
88 144 147 176 797

504 145 553 177 DE
572 146 857 178 LEGATIONIBUS
873 146 1052 178 GENTIUM
1071 147 1121 178 AD
1142 146 1334 179 ROMANOS.

1685 144 1743 177 798

129 206 163 230 ε’.
180 203 250 231 Ὅτι
268 203 315 231 ἐπὶ
334 202 478 230 ’Ῑουστίνου
505 203 553 229 τοῦ
574 203 644 230 Νέου
668 204 692 230 οἱ
706 203 761 230 τῶν
780 202 901 239 Ἀδάρων

989 204 1016 231 5.
1037 204 1081 239 (A.
1096 204 1127 231 C.
1145 204 1198 231 566
1214 204 1268 231 ind.
1284 204 1328 237 Η,
1344 202 1443 230 Justini
1460 202 1500 238 2.)
1514 201 1621 230 Iustino
1631 200 1745 229 Junioue

85 249 234 285 πρέσϐεις
252 249 435 286 παρεγένοντο
447 250 475 275 ὲν
490 249 639 284 Βυζαντίῳ,
652 250 687 276 τὰ
702 250 805 286 συνήθη
821 250 896 286 δῶρα

84 295 266 332 ληψόμενοι,
279 296 351 332 ἅπερ
365 295 404 330 τῷ
431 296 491 324 κατ’
516 296 616 328 αὐτοὺς
640 296 712 323 έϐνει
739 297 896 324 Ἰουστινια-

86 343 139 374 vo;
154 343 171 369 ὁ
189 343 250 379 πρὸ
268 344 315 371 τοῦ
330 343 456 378 βασιλεὺς
470 343 555 370 ἐδίδου
569 350 576 358 ·
597 341 668 379 ἦσαν
688 343 717 370 δὲ
733 343 851 371 καλώδιά
866 352 896 371 τε

87 390 193 425 χρυσῷ
208 390 470 426 διαπεποικιλμένα,
485 391 512 422 ἐς
528 390 558 417 τδ
573 390 675 426 εἴργειν
691 399 717 417 τι
731 390 785 417 τῶν
801 391 897 417 ἀποδι-

87 435 278 470 δρασκόντων
318 436 525 471 ἐπινενοημένα,
555 436 603 463 καὶ
635 436 724 463 κλίναι
749 436 773 452 ’⁸
796 436 897 471 ὁμοίως

86 482 141 509 καὶ
162 482 239 509 ἄλλα
254 482 316 509 τινὰ
333 482 362 514 ές
388 482 418 508 τὺ
437 482 585 518 ἁδρότερον
605 481 746 517 ἀνειμένα.
772 481 840 508 Τότε
864 480 896 516 δὴ

88 526 140 554 οὖν
155 529 183 554 οἱ
204 528 339 564 πρέσϐεις
356 527 411 555 τῶν
435 527 559 564 Ἀῦάρων
584 528 614 559 ὲς
633 529 732 563 πεῖραν
759 527 826 555 ἰέναι
848 527 896 554 τοῦ

89 573 237 609 βασιλέως
257 574 411 606 ἐϐούλοντο,
428 575 485 609 εἴγε
504 574 555 602 οὐκ
570 574 658 607 ἄλλως
684 575 706 591 ⁷⁷
731 574 804 610 δῶρα
827 574 897 609 λαμ-

89 618 193 646 6ἀνειν
211 619 319 652 αὐτοῖς,
336 620 384 646 καὶ
410 621 444 655 τῇ
466 619 611 654 Ῥωμαίων
633 620 753 655 ῥᾳθυμίᾳ
769 620 898 653 ὲπεντρυη

89 666 162 700 φᾷν,
180 666 233 693 καὶ
256 666 288 692 τὸ
306 665 406 701 ἀμελὲς
425 665 514 692 αὐτῶν
527 666 628 692 οίκεῐον
644 665 768 692 τίθεσθαι
793 664 897 700 κέρδος.

90 711 153 739 Καὶ
173 712 211 748 δὴ
232 712 308 748 παρά
324 711 438 748 βασιλέα
454 711 551 747 φοιτᾷν
565 710 669 746 ἠξίουν.
688 711 742 738 Καὶ
758 709 805 737 οὖν
820 710 899 737 τοῦτο

90 757 253 792 ἐφειμένον
270 758 372 790 αὐτοῖς,
386 757 427 783 ἔτι
439 765 470 792 γε
489 757 544 792 μὴν
557 757 606 784 καὶ
629 757 674 783 διὰ
684 757 740 784 τῶν
756 757 899 792 ἑρμηνέων

89 803 137 830 ὃτι
168 803 315 839 βούλονται
340 803 442 837 λέγειν,
471 802 585 830 τοιοῖσδε
606 803 759 838 ἐχρήσαντο
783 802 873 836 λόγοις
889 810 898 820 ·

95 860 106 876 ‹
124 850 244 886 Χρεὼν,
259 847 282 877 ὦ
298 849 419 885 βασιλεῦ,
431 839 654 886 κληρονομοῦντά
668 859 698 877 σε
707 851 758 885 τῆς
770 850 901 886 πατρῴας

91 895 204 931 ἀρχῆς,
223 895 345 927 καὶτοὺς
362 894 508 932 πατρῴους
531 895 626 931 φίλους
646 896 696 922 οὐκ
710 896 809 929 ἄλλως,
828 897 900 931 ἤπερ

92 941 109 967 ὀ
125 941 227 979 πατὴρ
244 941 258 967 ὁ
274 940 330 973 σὸς,
345 938 375 967 εὖ
393 941 491 973 ποιεῖν,
504 941 552 967 καὶ
568 940 654 976 ταύτῃ
671 940 816 975 φαίνεσθαι
832 940 901 976 μᾶλ-

93 986 144 1013 λον
159 986 288 1022 διάδοχον
298 984 368 1014 εἶναι
380 986 606 1022 τετελευτηκότος
619 985 658 1021 τῷ
671 986 755 1022 μηδὲν
772 986 901 1013 ἐναλλάτ-

94 1040 158 1058 τειν
184 1028 226 1059 ὧν
251 1032 352 1063 ἐκεῖνος
383 1032 501 1067 ἔπραττε
525 1032 640 1068 περιών.
671 1032 751 1060 Οὕτω
773 1033 827 1068 γὰρ
854 1033 901 1060 καὶ

96 1077 188 1112 ἡμεῖς
206 1078 256 1112 τῆς
275 1077 359 1112 αὐτῆς
382 1077 552 1113 ἀνθεξόμεθα
573 1077 697 1113 γνώμης,
724 1078 771 1105 καὶ
786 1079 836 1113 οὐχ
849 1075 900 1114 ἦτ-

95 1131 146 1150 τον
161 1123 256 1158 τὸιτῆς
272 1123 524 1158 εὐεργεσίαςιῦνομα
539 1124 764 1159 μεταθήσομεν,εί
774 1123 805 1150 σὲ
816 1124 839 1140 ⁷⁸
854 1123 901 1151 καὶ

98 1167 165 1204 μετ’
183 1169 290 1195 ἐκεῖνον
301 1168 448 1204 εὐεργέτην
465 1169 683 1204 ἀποκαλέσοιμεν
697 1177 704 1185 ·
723 1169 792 1205 πρός
809 1177 839 1204 γε
854 1170 902 1197 καὶ

97 1213 348 1250 αἱσχυνθησόμεθα
363 1214 401 1249 τῷ
415 1214 581 1242 πεπονθέναι
592 1215 683 1247 καλῶς
701 1215 737 1251 μὴ
753 1217 810 1248 τοῖς
823 1215 902 1250 ὁμοί-

97 1268 142 1291 οις
160 1259 328 1294 ἀμείϐεσθαι
341 1259 386 1286 τὸν
402 1259 561 1294 δεδρακότα.
586 1260 642 1286 Καὶ
663 1260 717 1295 γὰρ
735 1260 841 1295 πατέρα
856 1260 902 1286 τὸν

98 1305 150 1331 σὺν
168 1305 270 1340 δώροις
284 1305 306 1320 ⁷³
320 1305 395 1340 ἡμᾶς
414 1305 660 1340 φιλοφρονούμενον
676 1305 902 1341 ἀντεδωρούμεθα⁸

97 1352 154 1386 τῷ,
167 1352 220 1379 καὶ
241 1351 396 1386 δυνάμενοι,
409 1352 447 1387 μὴ
459 1352 639 1387 κατατρέχειν
660 1353 709 1387 τὴν
731 1352 901 1388 Ῥωμαϊκὴν.

99 1398 173 1425 ἀλλὰ
192 1397 275 1424 πλέον
289 1397 475 1425 ένδείκνυσῡαί
491 1406 518 1424 τι
531 1406 538 1413 ν
560 1398 624 1430 τοὺς
648 1398 703 1433 γὰρ
727 1399 759 1425 ὲκ
773 1398 902 1433 γειτόνων

99 1443 170 1481 ὑμῖν
198 1443 370 1480 Βιρΰάρους,
394 1443 444 1478 τὴν
466 1443 579 1479 Θρᾴκην
606 1443 650 1470 ἀεὶ
675 1444 901 1479 περικόπτοντας,

99 1490 283 1525 ἠφανίσαμεν
299 1490 406 1523 ἀθρόον,
423 1489 469 1516 καὶ
479 1490 566 1521 οὐδεὶς
576 1489 700 1517 ὁστισοῦν
716 1489 806 1517 αὐτῶν
824 1496 902 1526 περι-

99 1536 248 1563 λέλειπται
261 1535 294 1563 τὰ
314 1535 429 1572 Θρᾳκῶν
454 1536 589 1571 ὁρίσματα
613 1536 874 1572 καταδραμούμενος
893 1545 900 1553 ·

100 1582 212 1609 δεδίασι
226 1582 280 1617 γὰρ
294 1581 348 1608 τῶν
373 1581 497 1618 ’Λϐάρων
518 1582 568 1617 τὴν
584 1581 699 1617 δύναμιν
714 1583 810 1617 φιλίως
823 1583 902 1618 έχου-

102 1637 155 1656 σσ.ν
172 1628 243 1664 πρὸς
254 1629 305 1664 τὴν
326 1628 468 1663 Ῥωμαίων
480 1629 577 1664 ἀρχήν.
597 1629 773 1664 Πεπείσμεθα
787 1629 819 1665 δὴ
842 1628 900 1662 οὖν,

102 1675 142 1707 ὡς
161 1676 191 1702 ἐν
215 1675 303 1709 τούτῳ
326 1675 398 1710 μόνῳ
426 1675 636 1710 καινοτομήσεις
660 1676 802 1711 ἠμᾶςπῷη
820 1676 902 1704 πλέον

102 1722 242 1757 παρέχειν
257 1723 333 1757 ἡμῖν,
349 1721 365 1756 ἢ
382 1722 396 1748 ὁ
412 1721 457 1753 σὸς
479 1722 565 1749 ἐδίδου
592 1723 683 1758 πατήρ
696 1731 703 1738 ·
729 1723 787 1749 ἀνθ’
800 1719 839 1750 ὧν
855 1724 902 1750 καὶ

102 1770 189 1804 ἡμεῖς
206 1769 277 1804 ἢπερ
294 1768 390 1801 ἐκείνῳ
405 1767 578 1803 γενησόμεθά
596 1776 636 1795 σοι
665 1769 738 1796 κατὰ
760 1769 790 1796 τὸ
819 1770 902 1797 πλέον

103 1814 266 1846 ὑπεύθυνοι,
283 1814 329 1840 καὶ
345 1813 471 1849 μείζονας
487 1814 679 1849 ὲποφλήσομέν
693 1823 734 1841 σοι
750 1815 800 1847 τὰς
821 1815 902 1852 χάρι-

103 1869 166 1893 τας.
194 1861 338 1895 Πάρεσςιεν
356 1857 404 1886 οὖν
426 1859 575 1894 ληψόμενοι
594 1859 628 1887 τὰ
642 1861 715 1887 κατὰ
734 1860 766 1887 τὸ
794 1862 900 1893 εἰωθός.

104 1906 196 1932 Γιῶοι
224 1907 289 1939 γὰρ,
316 1905 353 1934 ὡς
379 1904 466 1936 ἄλλως
494 1905 516 1922 ⁸³
539 1905 590 1932 οὐκ
625 1905 683 1933 ἔστι
716 1906 829 1934 δυνατὸν
857 1907 902 1934 τὸν

104 1953 170 1980 καί*
184 1953 256 1986 ἡμᾶς
272 1951 393 1986 ἡγεμόνα
408 1951 448 1977 σοί
471 1959 501 1978 τε
528 1951 575 1979 καὶ
587 1952 620 1987 τῇ
640 1952 787 1987 Ῥωμαίων
806 1953 902 1980 εὐνού-

107 2007 209 2025 στατον
226 1998 336 2024 ἔσεσθαι
349 1997 484 2033 πολιτείᾳ,
497 1998 524 2024 εί
536 2006 568 2032 γε
585 1997 623 2033 μὴ
635 1999 820 2035 ὲγχειρισῦείη
834 2001 902 2035 πρό-

105 2053 189 2080 τερον
202 2044 277 2077 αὐτῷ
291 2043 324 2070 τὰ
339 2043 382 2078 ἐφ’
397 2041 437 2076 οἷς
450 2043 480 2070 οὐ
496 2045 580 2071 κινεῖν
593 2043 663 2071 ὅπλα
674 2044 746 2072 κατὰ
759 2045 902 2081 Ῥωμαίων

106 2092 191 2125 ἔγνω.
212 2100 221 2117 ι
236 2091 267 2116 Οἱ
283 2090 331 2125 μὲν
348 2089 402 2116 τῶν
424 2089 548 2125 Ἀϐάρων
563 2090 694 2126 πρέσϐεις
706 2090 818 2117 τοιαῦτα
833 2091 905 2124 διεξο

106 2137 190 2172 ἦλθον
207 2136 473 2172 ὲπαμφοτερίζοντες
496 2137 529 2171 τῇ
544 2135 642 2172 γνώμῃ
655 2144 662 2150 ·
678 2136 759 2163 τοῦτο
782 2137 832 2171 μὲν
848 2138 903 2173 γὰρ

107 2183 220 2210 ἐδόκουν
248 2182 393 2214 ἱκετεύειν,
420 2181 499 2209 τοῦτο
519 2182 548 2209 δὲ
565 2182 697 2210 ἀπειλεῖν.
719 2183 814 2218 ᾯοντο
837 2184 901 2218 γὰρ,

953 249 1105 284 imperante
1120 251 1239 277 Avarum
1270 249 1348 284 legati
1367 249 1526 285 Bylantium
1549 251 1698 278 venerunt,
1714 249 1745 272 ιιι

947 301 1077 325 consueta
1093 304 1205 324 munera
1221 296 1395 330 acciperent,
1409 302 1468 329 qua:
1491 294 1658 322 Justinianus
1669 312 1677 324 ,
1696 293 1742 327 qui

948 347 1011 370 ante
1030 351 1091 370 eum
1117 343 1258 377 imperium
1275 347 1414 373 tenuerat,
1435 341 1514 376 102
1540 340 1666 368 conferre
1682 345 1742 366 erat

948 386 1061 420 solitus;
1075 391 1154 413 erant
1171 391 1263 413 autem
1282 386 1387 414 catella:
1405 393 1472 412 auro
1485 385 1640 420 variegane,
1665 386 1743 418 quasi

947 433 982 460 ad
1002 433 1160 460 vinciendos
1186 432 1320 467 fugientes
1345 435 1527 466 comparatm,
1552 431 1624 462 lecti,
1639 435 1666 456 et
1690 430 1743 457 alia

947 479 1071 512 qumdam
1094 478 1126 505 ad
1150 478 1334 505 delicatiorem
1351 477 1452 505 cultum
1481 476 1647 511 spectantia.
1667 475 1745 502 Tunc

947 523 1051 551 Avares
1075 523 1224 551 voluntatis
1262 523 1436 557 imperatoris
1469 522 1620 557 periculum
1656 520 1746 548 facere

949 573 1113 602 statuerunt,
1134 577 1167 596 an
1188 570 1258 597 forte
1283 569 1414 603 ampliora
1443 575 1556 595 munera
1579 573 1677 601 capere
1705 571 1744 597 et,

950 615 1046 643 inertia
1073 615 1256 642 Romanorum
1286 615 1418 650 decepta,
1447 621 1496 641 sua
1525 613 1578 641 sibi
1601 612 1744 641 commoda

949 661 1012 689 inde
1026 669 1184 696 comparare
1198 665 1319 695 possent.
1339 660 1434 695 Itaque
1445 659 1619 695 imperatoris
1629 658 1745 686 adeundi

950 708 1001 736 sibi
1026 712 1185 743 potestatem
1205 707 1263 734 ﬁeri
1286 707 1438 742 petierunt,
1457 706 1528 740 quod
1545 706 1599 733 illis
1620 709 1662 733 est
1683 713 1746 739 per-

950 754 1076 786 missum,
1094 754 1159 788 quin
1173 757 1198 780 et
1215 760 1262 787 per
1279 753 1466 787 interpretem,
1484 752 1616 787 quidquid
1633 751 1739 778 libitutn

951 804 1043 833 esset,
1066 807 1228 834 proponere.
1257 798 1312 827 ilae
1345 807 1408 826 vero
1437 799 1478 826 usi
1512 802 1574 826 sunt
1600 798 1745 826 oratione:

954 855 964 872 ι
983 845 1108 881 Oportet,
1122 853 1139 872 ο
1155 845 1312 880 imperator,
1330 850 1366 878 te,
1382 845 1428 879 qui
1448 845 1591 880 imperium
1604 847 1746 879 paternum

916 884 937 912 ⁸
954 891 1112 920 Ιικτοιίίιαιε
1123 891 1276 926 suscepisti,
1289 895 1417 926 paternos
1427 898 1534 925 quoque
1546 890 1649 917 amicos
1658 897 1746 924 neque,

953 947 985 967 ac
1001 939 1055 978 ille,
1072 938 1212 966 beneﬂciis
1235 945 1344 973 angere,
1365 942 1444 972 teque
1466 938 1492 964 in
1516 945 1548 964 eo
1567 937 1683 963 maxime
1697 943 1746 970 pa-

954 985 1004 1013 tris
1028 991 1216 1012 successorem
1247 984 1386 1018 prtebere,
1410 983 1433 1011 si
1457 982 1523 1010 nihil
1551 990 1657 1014 eorum,
1688 989 1748 1016 quat

951 1032 1030 1059 vivus
1053 1030 1157 1062 statuit,
1176 1037 1209 1058 eo
1232 1034 1342 1058 mortuo
1358 1030 1495 1057 immutes.
1513 1028 1552 1056 ita
1570 1029 1613 1055 tiet
1625 1049 1633 1061 ,
1649 1033 1678 1055 ut
1697 1035 1748 1055 nos

950 1077 1075 1104 eamdem
1091 1083 1155 1111 erga
1177 1080 1202 1102 te
1228 1075 1394 1102 voluntatem
1419 1080 1634 1106 conservemus,
1662 1080 1750 1108 neque

952 1122 1043 1150 minus
1060 1122 1086 1149 in
1110 1127 1135 1149 te
1155 1121 1341 1148 beneﬁcentia
1365 1128 1461 1148 nomen
1488 1120 1704 1153 transferamus,
1721 1124 1749 1148 te

953 1173 1012 1203 post
1029 1169 1117 1203 ipsum
1133 1171 1272 1195 auclorem
1297 1172 1451 1195 nostrarum
1476 1167 1650 1194 fortunarum
1676 1175 1745 1194 nun-

952 1219 1094 1249 cupantes.
1120 1214 1153 1241 Et
1170 1221 1236 1241 sane
1250 1213 1485 1245 erubesceremus,
1501 1213 1524 1240 si
1541 1220 1555 1239 a
1579 1217 1604 1240 te
1624 1219 1749 1240 commo-

954 1260 995 1288 dis
1006 1260 1093 1287 ornati
1110 1268 1162 1287 non
1180 1259 1288 1288 eadem“
1300 1259 1346 1286 tibi
1363 1260 1587 1287 retribueremus.
1606 1259 1653 1285 Sic
1675 1257 1749 1286 enim

953 1311 1058 1341 patrem
1079 1311 1164 1338 tuum,
1183 1305 1228 1340 qui
1246 1304 1272 1332 in
1291 1313 1340 1332 nos
1355 1304 1476 1332 liberalis
1488 1309 1514 1332 et
1531 1304 1676 1331 munificus
1692 1304 1750 1331 l'ue-

954 1357 1007 1384 rat,
1024 1351 1188 1378 rcmuncrati
1206 1358 1312 1378 sumus.
1331 1350 1436 1378 Etenim
1458 1359 1520 1378 cum
1550 1350 1609 1384 ejus
1626 1350 1751 1384 regiones

953 1403 1061 1425 vastare
1081 1404 1242 1432 possemus,
1270 1404 1322 1423 non
1346 1396 1427 1423 modo
1444 1396 1635 1429 abSlinuimus,
1656 1403 1750 1422 verum

953 1444 1047 1476 etiam,
1061 1451 1114 1479 quo
1136 1450 1186 1470 nos
1209 1443 1400 1478 propensiores
1423 1449 1487 1477 erga
1505 1442 1595 1477 ipsum
1622 1441 1750 1468 ostende-

952 1497 1062 1523 remus,
1086 1489 1188 1516 vieinos
1203 1488 1339 1516 Barbaros
1358 1487 1503 1515 Thraciam
1515 1488 1675 1515 invadentes
1697 1494 1752 1514 uno

916 1552 939 1582 ς
955 1537 1057 1571 impetu
1080 1535 1240 1568 delevimus,
1267 1542 1356 1570 neqtte
1379 1535 1522 1569 quisquam
1540 1541 1634 1561 eorum
1657 1538 1750 1567 postea

954 1588 996 1610 est
1027 1583 1172 1615 inventus,
1204 1582 1250 1616 qui
1279 1581 1403 1609 Thracia:
1428 1581 1496 1608 lines
1529 1580 1751 1616 populationibus

953 1632 1076 1656 vexaret.
1093 1628 1248 1656 Metuebant
1271 1627 1343 1655 enim
1371 1628 1490 1654 Avarum
1516 1627 1673 1661 potentiam,
1701 1627 1747 1660 qui

954 1675 1103 1703 amicitiam
1114 1673 1310 1702 colebantcum
1326 1673 1468 1701 Romanis.
1487 1671 1651 1700 Persuasum
1666 1671 1749 1706 igitur

953 1722 1096 1754 habemus,
1116 1726 1141 1748 le
1158 1720 1230 1748 nulla
1254 1720 1306 1747 alia
1331 1720 1358 1747 in
1377 1727 1405 1747 re
1430 1720 1463 1746 ab
1485 1719 1529 1751 iis,
1553 1727 1613 1754 qua:
1633 1726 1647 1745 τι
1675 1723 1751 1753 patre

954 1773 1055 1796 statuta
1073 1772 1148 1799 sunt,
1167 1767 1363 1798 discessurum,
1382 1767 1432 1794 nisi
1459 1767 1485 1793 in
1512 1774 1553 1798 eo,
1578 1766 1648 1800 quod
1674 1764 1752 1792 nobis

954 1814 1057 1849 majora
1074 1813 1221 1848 largiturus
1237 1813 1285 1845 sis,
1301 1821 1382 1848 quam
1406 1818 1483 1847 pater
1501 1813 1613 1847 largitus
1630 1817 1683 1840 est.
1699 1811 1752 1839 Pro

954 1861 1052 1895 quibus
1066 1864 1092 1887 et
1109 1867 1157 1886 nos
1172 1859 1257 1886 multo
1277 1859 1344 1892 tibi,
1363 1867 1443 1894 quam
1464 1859 1532 1893 patri
1546 1879 1553 1890 ,
1568 1859 1752 1885 devinctiores

954 1907 1068 1938 erimus,
1093 1910 1119 1932 et
1133 1906 1180 1932 tibi
1197 1905 1284 1932 multo
1295 1913 1404 1940 quoque
1421 1905 1537 1939 majores
1552 1905 1658 1939 gratias
1673 1904 1753 1930 rctri-

954 1953 1076 1980 buetnus.
1091 1951 1227 1979 Adsumus
1241 1952 1332 1986 igitur,
1346 1952 1390 1986 qui
1410 1956 1539 1978 consueta
1555 1958 1667 1978 munera
1681 1951 1752 1977 acci-

954 2000 1071 2034 piamus.
1090 1997 1142 2025 Sed
1158 1997 1238 2029 scito,
1257 1988 1309 2024 non
1323 1997 1402 2023 aliter
1417 1996 1474 2023 tieri
1493 2002 1592 2030 posse,
1611 1999 1640 2022 ut
1660 1999 1752 2021 uoster

954 2044 1009 2072 dux
1038 2043 1086 2071 tibi
1111 2047 1138 2071 et
1162 2041 1346 2070 Romanorum
1379 2041 1535 2076 reipublica:
1566 2040 1602 2066 sit
1628 2039 1750 2072 amicus,

954 2098 1035 2125 quam
1052 2089 1075 2118 si
1088 2097 1119 2116 ea
1132 2088 1278 2123 acceperit,
1297 2088 1394 2122 quibus
1412 2086 1528 2121 receptis
1539 2090 1632 2113 contra
1648 2085 1750 2112 Roma-

954 2145 1004 2165 nos
1027 2143 1103 2163 arma
1135 2143 1187 2162 non
1211 2141 1320 2161 movere
1343 2132 1494 2160 constituit.
1516 2141 1525 2158 ι
1545 2132 1607 2159 llaec
1631 2132 1752 2159 Avarum

954 2183 1035 2219 legati
1056 2183 1258 2213 disseruerunt,
1274 2185 1302 2208 et
1324 2180 1405 2207 modo
1423 2186 1451 2206 se
1470 2179 1497 2206 in
1515 2179 1595 2212 hanc,
1620 2179 1701 2206 modo
1724 2178 1751 2205 in

107 2228 146 2260 ὡς
163 2228 250 2264 ταύτῃ
260 2227 408 2260 δεδίξονταί
424 2227 445 2244 ³³
464 2235 495 2254 τε
505 2228 553 2254 καὶ
566 2227 751 2263 ἑκφοὸήσουσι
766 2227 811 2254 τὸν
827 2227 901 2263 βασι-

955 2229 1034 2256 aliam
1056 2233 1163 2264 partem
1189 2227 1334 2254 vertebant
1351 2235 1357 2253 :
1377 2226 1457 2253 modo
1474 2225 1600 2260 precibus
1623 2225 1752 2260 agebant,

108 2272 168 2303 λέα,
184 2273 232 2299 καὶ
250 2273 289 2305 ὼς
304 2274 337 2299 ὲκ
361 2272 457 2299 τούτου
483 2273 738 2308 ἀναγκασθήσονται
770 2271 903 2308 Ῥωμαῖοι

110 2319 204 2356 ὥσπερ
220 2319 351 2355 ὑπόφοροι
367 2317 438 2346 εῖναι
462 2318 596 2354 Ἀὁάρων.
618 2318 648 2346 '0
664 2318 694 2345 δὲ
713 2318 840 2354 βασιλεὺς
853 2319 902 2346 οὺ-

109 2366 157 2392 δὲν
184 2366 279 2402 ἕτερον
305 2365 322 2400 ἢ
351 2365 438 2400 ψόφον
460 2366 482 2381 ⁶¹
501 2365 676 2401 ἡγησάμενος
695 2365 751 2392 τῶν
779 2365 903 2400 Ἀὁάρων

111 2412 234 2446 ῥήματα,
250 2411 391 2443 ἀντέλεξεν
404 2411 487 2437 οὖτωο
504 2420 514 2437 (
534 2411 765 2447 Προδαλλομένων
781 2411 858 2446 ὑμῶν
878 2410 904 2428 ⁸⁸

112 2457 161 2483 σὺν
181 2456 285 2492 ἱκετείᾳ
298 2457 347 2492 τὴν
364 2456 579 2492 μεγαληγορίαν,
595 2457 728 2492 οἰομένων
744 2466 773 2484 τε
788 2458 820 2492 τῇ
839 2465 904 2492 cro-{—

110 2502 209 2536 κράσει
225 2501 311 2536 ταύτῃ
337 2502 391 2528 τῶν
418 2502 505 2536 λόγων
533 2502 564 2528 τὺ
595 2502 904 2538 σπουδαζόμενον;ὐμῖν

112 2546 234 2578 ἀνύσειν,
256 2545 427 2581 ἀμφοτέρας,
453 2546 490 2578 ὡς
513 2547 610 2580 εἰπεῖν,
637 2547 838 2574 ἐκπεπτώκατε
853 2548 904 2583 τῆς

112 2592 218 2623 ἐλπίδος
232 2601 238 2607 ·
251 2592 312 2618 οὐδὲ
327 2591 382 2627 γὰρ
400 2591 624 2624 ὑποθωπεύοντες
643 2593 716 2628 ἡμᾶς
735 2593 903 2628 ἀπατήσετε,

112 2638 174 2665 οῦδὲ
190 2638 243 2673 μὴν
265 2637 442 2670 ἀπειλοῦντες
460 2638 635 2674 έκφοὸήσετε.
659 2639 773 2666 Πλείονα
793 2639 821 2666 δὲ
839 2640 903 2675 ὑμῖν

112 2683 168 2718 ἐγὼ
197 2684 310 2718 παρέξω
338 2684 385 2710 τοῦ
412 2685 549 2719 ἡμετέρου
569 2684 673 2720 πατρὸς
701 2684 732 2711 τὺ
757 2685 828 2720 πέρα
855 2685 903 2712 τοῦ

111 2731 217 2764 δέοντος
229 2731 403 2766 ἐπηρμένους
417 2731 489 2766 ὑμᾶς
506 2730 546 2766 τῷ
561 2730 694 2766 πρέποντι
707 2732 901 2767 σωφρονίζειν·

955 2276 1035 2303 modo
1049 2275 1138 2302 minas
1154 2273 1321 2309 ingerebant.
1341 2272 1538 2300 Existimabam
1555 2271 1640 2304 enim,
1653 2278 1684 2298 se
1699 2270 1751 2297 im-

954 2326 1108 2358 peratorem
1131 2319 1390 2355 perterrefacturos,
1410 2323 1436 2345 et
1461 2325 1493 2345 ex
1518 2325 1550 2346 eo
1572 2321 1697 2345 coactum
1714 2315 1751 2343 iri

954 2369 1093 2396 Romanos
1108 2368 1161 2395 illis
1177 2367 1254 2401 quasi
1280 2365 1439 2393 tributarios
1457 2373 1526 2393 esse.
1542 2363 1641 2391 Verum
1666 2364 1752 2397 impe-

956 2420 1030 2443 rator
1058 2421 1120 2442 cum
1145 2412 1212 2440 nihil
1228 2411 1310 2443 aliud,
1326 2419 1406 2446 quam
1425 2418 1507 2438 vanos
1523 2410 1667 2440 clamores,
1683 2409 1754 2435 Ava-

956 2468 1016 2488 rum
1045 2460 1197 2488 orationem
1219 2465 1280 2485 esse
1305 2457 1492 2489 existimaret,
1522 2456 1563 2484 sic
1586 2455 1750 2491 respondit:

960 2515 970 2532 ι
998 2505 1052 2533 Vos
1073 2504 1183 2539 quidem
1215 2502 1331 2531 humiles
1356 2509 1452 2537 preces
1469 2509 1566 2536 magna
1587 2508 1649 2528 cum
1673 2507 1750 2527 arro-

957 2551 1046 2586 gantia
1061 2551 1087 2577 in
1109 2549 1226 2577 medium
1245 2547 1374 2583 profertis
1389 2550 1416 2574 et
1431 2547 1457 2574 in
1481 2553 1557 2581 spem
1572 2543 1752 2578 adducimini,

956 2596 1007 2624 hac
1025 2596 1159 2623 sermonis
1176 2593 1255 2629 103
1270 2593 1460 2621 comtnistione
1484 2591 1590 2619 facilius
1608 2590 1680 2626 quod
1701 2597 1751 2618 cu-

955 2642 1020 2676 pitis
1033 2639 1172 2674 consequi.
1187 2639 1239 2666 Sed
1258 2646 1291 2666 ex
1305 2642 1420 2672 utraque
1435 2645 1492 2671 spe,
1506 2641 1535 2664 ut
1550 2643 1643 2663 verum
1655 2639 1748 2670 aperte

956 2687 1055 2719 dicam,
1073 2685 1224 2712 excidistis.
1241 2683 1308 2710 Nam
1334 2690 1421 2717 neque
1438 2682 1629 2710 blandimentis
1643 2689 1687 2709 me
1701 2681 1750 2709 de<

956 2732 1072 2766 cipietis,
1100 2737 1188 2765 neque
1211 2729 1293 2756 minis
1314 2729 1461 2756 terrebitis.
1490 2728 1578 2763 Atque
1599 2735 1648 2762 ego
1665 2727 1750 2755 multo

759 2789 875 2816 VARI/Ii
892 2788 1094 2816 LECTIONES.

148 2839 170 2854 7“
186 2837 277 2869 κλίνας
291 2837 363 2870 vnlg.

403 2837 423 2852 '”
437 2836 486 2863 οὐκ
506 2835 604 2871 ἄλλως]
628 2835 753 2871 οὐδαμῶς
770 2836 878 2869 ἐξέσται
893 2837 966 2871 conj.
991 2834 1022 2862 N.
1063 2835 1085 2851 "
1101 2833 1273 2871 a'silantocll.
1287 2832 1399 2871 Sévulg.

1439 2833 1461 2850 ⁷⁸
1482 2833 1553 2868 ὑμᾶς
1585 2832 1656 2867 vulg.
1673 2830 1696 2846 ‘°
1710 2832 1750 2868 ᾡς

112 2873 207 2905 (Hm;
223 2867 317 2906 11.,’ὲς
332 2867 420 2904 ἄλλως
437 2872 509 2907 vulg.
548 2871 570 2887 ⁸¹
584 2867 731 2904 (tiaran-aia:
749 2867 971 2905 11.ξδεδείξονται
994 2872 1066 2907 vulg.
1087 2871 1110 2886 ⁸⁸
1128 2870 1213 2905 Mair»;
1250 2869 1291 2902 lt.,
1315 2868 1397 2903 ψόγον
1428 2867 1506 2904 νυίεζ
1539 2868 1562 2884 ⁸³
1575 2867 1654 2904 ἡμῶν
1672 2867 1747 2903 vulg.
