1951 3074
94 158 153 189 8ῗτι

518 162 565 192 [LE
587 163 866 195 LEGATICuNiBUS
884 165 1057 196 GENTIUM
1077 168 1126 197 AD
1146 168 1333 198 ROMANOS.

1697 171 1748 203 €02

92 216 146 251 τὴν
169 215 287 244 Νίσιϐιν
305 216 345 244 ἔτι
365 217 467 252 νοσώδη
479 217 540 238 ⁸⁹-⁹⁰
552 218 586 244 τά
604 227 633 244 τε
657 219 797 254 γραφέντα
808 219 899 254 οἱπρὸ.

963 227 1100 254 peractum
1119 223 1162 253 iri.
1189 223 1280 250 animo
1294 223 1401 256 cecidit,
1415 228 1440 251 ct
1454 231 1486 251 ex
1510 225 1614 256 morbo.
1636 233 1690 260 quo
1702 228 1749 255 de-

102 261 237 288 Ἰωεὶννου
251 264 432 299 ἐνεχείρισεν.
454 263 483 290 ’0
496 264 523 289 δὲ
537 264 716 299 καταμαθὼν,
737 266 774 296 ὥς
789 265 818 296 ἐς
838 265 901 291 τοὺ-

94 307 212 334 ναντίον
229 309 311 345 αὐτῷ
330 310 385 336 τῶν
400 309 583 336 ἐλπισθέντων
608 311 624 345 ὴ
646 311 704 343 ὁδὸς
727 312 832 346 γίνεται
855 314 903 340 καὶ

90 354 135 385 ὼς
149 355 204 381 οὐκ
220 356 323 387 αίσίως
351 357 375 382 oi
402 356 572 391 προϐήσεται
597 357 632 384 τὰ
659 357 709 392 τῆς
740 359 901 393 πρεσϐείας,

93 399 242 435 δυσθυμία
261 401 424 436 περιπεσὼν
442 402 489 429 καὶ
502 404 535 438 τῇ
557 404 628 437 νότῳ
649 403 764 438 κάτοχος
779 405 816 431 ὢν
837 414 902 432 κατ-

94 444 219 480 έστρεψε
232 446 281 472 τὸν
301 446 369 481 βίον.
387 447 442 473 Καὶ
464 447 513 482 μὲν
528 447 559 482 δὴ
589 449 635 474 καί
658 447 784 484 Ἰωάννην
804 450 903 477 αὐτίκα

95 490 204 526 συνέϐη
232 492 377 521 τεθνάναι,
400 492 478 520 Μετὰ
499 493 587 521 ταῦτα
611 495 774 528 ἀγγέλλεται
799 496 828 522 ἐν
848 497 902 522 Βυ-

95 535 216 570 ζαντίῳ,
233 535 273 568 ὡς
292 538 388 573 ἕτερος
405 538 465 574 ἥξει
482 538 651 574 πρεσϐευτὴς
669 541 683 566 ὸ
697 542 902 577 προσαγορευό-

96 590 182 616 μενος
201 583 354 619 Μεϐώδης.
372 581 457 616 Οὗτος
479 584 507 615 ἐς
533 583 582 619 τὴν
609 584 732 620 βασιλίδα
756 587 903 622 ἐπορεύετο

95 627 313 663 ἑξογκούμενος
330 630 352 646 ἰ
369 630 417 656 καὶ
432 630 506 664 μάλα
527 630 734 665 βρενθυόμενος,
749 632 796 658 καὶ
808 633 903 660 ἐλπίδα

96 674 184 708 ἔχων,
203 675 244 707 ὡς
262 676 329 711 περὶ
352 676 486 708 Σουανίας
507 676 583 713 αὑτῷ
604 678 800 712 κινηθήσονται
815 679 901 714 λόγοι,

97 721 148 746 καὶ
175 721 220 747 ὅτι
250 721 361 755 Πέρσας
384 721 550 756 ἀρέσκουσαι
572 722 732 758 γενήσονται
759 723 901 759 ξυνοῆκαι.

95 767 228 803 Τοιαύτη
250 768 276 783 ⁹¹
292 768 396 804 διανοίᾳ
430 769 585 803 ἐπηρμένος
614 770 642 795 ἐν
668 769 809 806 Βυζαντίῳ
835 770 878 809 ᾔει
894 790 902 803 ,

97 813 315 850 αύθαίέστερον
332 814 348 849 ἢ
365 814 435 840 κατᾶ
450 814 622 850 πρεσϐευτὴν
634 815 749 850 θέμενος
766 818 823 848 τοῖς
834 817 903 844 κατὰ

98 859 153 894 τὴν
173 859 350 895 ὁδοιπορίαν.
383 860 612 895 Παραγενομένου
637 860 665 887 δὲ
685 860 823 896 (βασιλεὺς
848 862 903 898 γὰρ

95 905 155 940 ἥδη
175 905 323 932 ἐπέπυστο
351 905 481 931 Μεϐώδου
506 905 556 939 τῆς
582 905 743 938 ἀλαζονείας
767 907 842 942 πέρι,
855 909 901 934 καὶ
919 900 939 927 Β

97 950 186 975 ὁποῖα
201 949 276 977 ἄττα
290 948 408 982 ἐλπίζων
423 949 472 985 τὴν
487 949 580 984 ἄφιξιν
599 951 773 986 ἐποιήσατο),
785 952 835 983 τὰς
852 953 901 988 μὲν

99 996 133 1021 ἐκ
149 994 293 1030 βασιλέως
305 995 417 1030 Περσῶν
425 995 498 1027 ἔδοξε
511 996 637 1031 δέχεσθαι
649 997 817 1032 προσρήσεις
830 998 900 1025 κατᾶ

97 1041 148 1067 τὸν
163 1041 287 1068 εἰωθότα
299 1041 411 1077 θεσμὸν,
427 1043 626 1077 περιεφρόνησε
649 1043 676 1069 δὲ
694 1043 767 1078 ὅμως
784 1043 830 1070 τὸν
845 1044 901 1070 Με-

99 1086 177 1121 ϐὡδη
191 1087 243 1113 καὶ
260 1086 448 1122 ἁπεφλαύριζε
463 1087 531 1122 μηδὲ
554 1088 604 1122 τὴν
622 1088 730 1115 οἰανοῦν
757 1089 901 1116 συνουσίαν

96 1133 138 1164 ὡς
162 1132 251 1159 αὑτὸν
273 1132 446 1168 ποιούμενος.
464 1133 508 1165 Ὠς
538 1133 566 1160 δὲ
591 1134 620 1165 ἐς
641 1134 808 1167 τούναντίον,
828 1135 900 1171 ᾗπερ

100 1179 248 1213 ἐϐούλετο,
263 1179 299 1206 τὰ
307 1178 358 1214 τῆς
369 1180 517 1214 πρεσϐείας
536 1180 560 1206 οἱ
576 1179 686 1215 ἐχώρει,
703 1180 749 1207 καὶ
763 1181 794 1207 τδ
810 1182 901 1216 παρὰ-

101 1233 160 1250 παν
184 1225 265 1251 οὐδὲν
294 1224 368 1260 αὑτῷ
389 1225 463 1257 ἔλεξε
490 1225 555 1259 περὶ
578 1225 709 1257 Σουανέας
727 1225 741 1252 ὁ
762 1225 900 1261 βασιλεὺς,

100 1271 205 1296 ἔπειτα
224 1270 383 1306 ἐξελιπάρει
401 1271 415 1297 ὁ
437 1270 569 1306 Μεϐώδης
583 1271 646 1303 τοὺς
668 1271 724 1306 ἃμα
735 1272 759 1298 oi
775 1272 901 1308 Σαρακη-

101 1316 167 1347 νοῦς
188 1317 219 1348 ἐς
235 1316 332 1350 λόγους
349 1316 417 1343 ἰέναι
441 1316 480 1351 τῷ
504 1317 696 1352 αὐτοκράτορι.
715 1317 829 1345 Εῖποντο
846 1319 900 1353 γὰρ

101 1362 182 1397 ἀμφὶ
201 1362 265 1393 τοὺς
282 1364 488 1398 τεσσαράκοντα
498 1362 589 1397 οἰκείῳ
602 1363 655 1389 τινὶ
669 1363 822 1399 πρεσϐευτῇ
835 1373 900 1390 τατ-

99 1408 229 1442 τόμενοι.
256 1409 285 1435 '0
299 1409 353 1444 γὰρ
374 1408 428 1435 τῶν
442 1409 609 1444 Σαρακηνῶν
626 1408 763 1444 φύλαρχος
777 1410 899 1446 Ἀμϐρος

102 1454 259 1489 ἐκπέμψας
287 1454 392 1490 ὑπῆρχε
419 1455 464 1480 καὶ
487 1455 501 1481 ὃ
518 1463 549 1489 γε
574 1454 622 1488 ξὺν
636 1454 675 1490 τῷ
696 1456 813 1490 Μεϐώεῃ
832 1464 900 1492 πρε-

105 1501 203 1528 σϐείαν
224 1500 488 1536 διαλεχθησομένους
505 1501 568 1537 περὶ
592 1497 629 1527 ὥν
657 1501 805 1536 χρημάτων
830 1502 899 1536 πρὸς

107 1545 307 1573 Ἰουστινιανοῦ
318 1546 489 1581 ἐκομίζοντο.
505 1546 639 1582 Μεϐώδης
658 1544 705 1574 οὖν
724 1547 771 1573 τοῦ
794 1548 896 1574 σκοποῦ

101 1591 151 1618 τοῦ
164 1593 233 1628 περὶ
247 1591 378 1624 Σουανίας
400 1591 541 1627 ἁμαρτὼν,
556 1591 593 1624 ὡς
608 1591 641 1619 ἂν
655 1592 692 1627 μὴ
702 1592 791 1628 πάντη
807 1593 897 1628 ἄπρα-

103 1646 169 1670 κτος
187 1638 377 1674 ἁναχωρήσοι,
393 1637 596 1673 ἐπιμελέστατα
621 1647 678 1670 πως
698 1639 833 1673 ἠντιϐόλει
849 1641 898 1675 τῆς

99 1684 141 1715 ὡς
170 1683 288 1718 βασιλέα
313 1685 406 1719 τυχεῖν
434 1685 538 1711 εἰσόδου
562 1685 626 1717 τοὺς
641 1685 826 1720 Σαρακηνούς.
844 1686 899 1712 Καὶ

101 1729 196 1757 τοίνυν
208 1730 355 1757 ὑπολαϐὼν
368 1731 381 1757 ὁ
391 1730 580 1766 αὐτοκράτωρ,
596 1740 606 1757 ι
625 1730 658 1757 Τί
668 1731 722 1766 γὰρ
735 1731 814 1766 δῆτα,
831 1732 894 1767 ἔφη,

102 1776 252 1813 βούλονται
266 1777 290 1804 οι
302 1777 363 1804 καθ’
376 1777 448 1812 ὑμᾶς
459 1778 482 1792 ⁹³
493 1778 646 1813 Σαρακηνοί
660 1785 668 1810 ;
685 1785 694 1802 ι
716 1777 758 1809 Ὦς
772 1777 800 1804 δὲ
810 1779 900 1812 ἐγκεί-

104 1832 187 1857 μενον
221 1823 304 1858 ἐώρα,
327 1823 474 1850 κατένευσε
499 1824 571 1859 μόνῳ
598 1824 712 1850 εἰσιέναι
731 1824 769 1859 τῷ
787 1824 899 1852 ἐκείνων

104 1870 278 1905 πρεσϐευτῇ.
300 1870 453 1896 Ὴπίστατο
473 1870 538 1904 γὰρ,
569 1869 607 1901 ὡς
628 1870 899 1906 ἁπαυθαδιαζόμενος

105 1917 158 1943 οῦκ
173 1916 208 1943 ἂν
224 1916 312 1942 ἕλοιτο
335 1915 400 1942 ἄνευ
425 1916 479 1942 τῶν
501 1916 642 1951 ἑπομένων
663 1916 700 1948 ὡς
714 1916 825 1952 βασιλέα
840 1925 900 1952 φοι-

106 1963 206 1998 τῆσαι,
233 1962 291 1989 ἀλλ’
315 1962 411 1997 ὥσπερ
439 1961 522 1997 ἡνίκα
550 1961 626 1997 παρὰ
645 1962 834 1990 Ίουστινιανὸν
853 1963 899 1996 ξὶν

108 2010 198 2036 ἅπασι
215 2009 271 2040 τοῖς
289 2008 347 2043 ἅμα
362 2008 453 2039 αὐτοῖς
478 2007 533 2034 τῶν
548 2007 714 2043 Σαρακηνῶν
729 2009 754 2034 oi.
770 2009 900 2043 πρέσϐεις

109 2055 245 2090 ἐγίνοντο,
263 2053 310 2080 και
321 2054 366 2080 τὴν
382 2055 405 2070 ’⁸
420 2053 490 2080 οὕτω
507 2053 651 2089 βούλεσθαι
665 2054 696 2080 τὸ
708 2053 823 2089 σύνηθες
841 2055 900 2081 δια-

109 2101 234 2133 σώζοντα
260 2101 395 2136 ποιήσειν.
424 2099 564 2126 Ἐντεῡοέν
587 2108 617 2126 τε
640 2100 817 2135 εὐπρόσωπον
832 2100 900 2136 ᾤετο

108 2149 182 2182 ἕξειν
206 2147 306 2180 αἰτίαν,
332 2146 369 2178 ὡς
386 2146 467 2178 αὐτὸς
487 2146 537 2181 μὲν
552 2146 587 2173 τὰ
608 2146 726 2182 ἁρμόδια
743 2147 850 2183 βασιλεῖ
859 2147 899 2174 δι-

109 2193 260 2229 επράξατο,
273 2194 286 2220 ό
299 2192 328 2219 δὲ
342 2191 502 2228 Σαρακηνδς
516 2192 618 2227 ἥκιστα
637 2191 707 2227 ἔγνω
728 2193 764 2219 τὰ
785 2192 879 2219 δέοντα
891 2201 897 2208 ·

957 267 1107 300 timbatnr,
1133 269 1215 296 vitam
1247 275 1334 296 morte
1358 271 1545 298 commutavit.
1576 270 1629 298 Nec
1664 273 1749 300 multo

960 319 1020 348 post
1033 314 1151 342 Joannes
1164 323 1270 350 quoque
1286 321 1409 343 tnortuus
1427 322 1478 343 est.
1493 315 1553 344 Post
1570 316 1626 344 haec
1643 317 1748 351 Byzan-

955 361 1019 386 tium
1039 361 1180 388 nuntiatur
1212 362 1340 389 advenire
1362 362 1444 389 alium
1460 363 1588 397 legatum.
1609 363 1747 397 Mebodent

954 407 1074 433 nomine.
1105 406 1130 434 is
1161 415 1228 433 vana
1261 408 1423 435 conﬁdentia
1457 409 1564 435 inﬂatus
1595 409 1621 436 in
1647 410 1748 444 regiam

953 451 1088 486 pervertit,
1105 460 1230 487 magnam
1247 461 1322 487 spem
1340 454 1450 485 habens,
1467 461 1620 482 sermonem
1645 463 1746 483 motum

953 497 1035 532 irijde
1049 497 1161 530 Suania,
1185 506 1267 533 seque
1289 500 1375 526 Turdus
1391 507 1423 527 ex
1449 500 1592 526 Persarum
1608 502 1742 528 sententia

954 545 1099 572 facturum.
1119 544 1173 573 [lac
1191 546 1355 581 cogitatione
1374 545 1471 578 elatus,
1488 546 1550 573 dum
1584 546 1743 582 Byzantium

953 590 1004 617 iter
1014 591 1104 624 habet,
1115 592 1298 626 arrogantius,
1315 599 1395 624 quam
1407 592 1523 627 legatum
1540 592 1664 623 decebat,
1681 600 1744 627 erga

951 644 1057 668 omnes,
1084 637 1245 671 quibuscum
1274 638 1411 671 convenit,
1425 646 1454 664 se
1478 637 1573 672 gessit.
1607 636 1642 664 Ut
1659 639 1742 668 venit.

953 678 1113 718 imperator,
1137 683 1182 718 qui
1209 683 1328 710 hominis
1344 683 1527 719 arrogantiam
1554 687 1582 710 et
1611 683 1742 718 importu-

953 728 1078 759 nitatem.
1101 734 1129 756 et
1147 737 1261 764 quorum
1278 729 1487 757 obtinendorunt
1507 736 1554 764 spe
1583 728 1637 756 iter
1662 729 1742 756 insti-

954 775 1060 808 tuisset,
1073 775 1130 809 jam
1156 776 1306 808 didicerat.
1331 775 1529 811 gratulationes
1556 782 1572 801 ι
1601 774 1745 802 Persarum

953 830 1016 858 rege
1049 823 1174 858 benigne,
1204 828 1234 850 ut
1250 831 1307 850 mos
1318 824 1505 857 crat,excepit.
1523 823 1577 850 Sed
1603 822 1744 851 Mebodcm

954 869 1103 904 imperator
1128 870 1296 904 contempttti
1321 869 1425 902 habuit,
1443 877 1530 904 neque
1546 869 1583 896 illi
1607 869 1689 896 ullmn
1707 870 1747 897 fa-

956 915 1122 942 miliaritatis
1137 916 1243 950 signum
1261 915 1392 942 exhibuit.
1412 914 1459 941 Sic
1486 914 1524 941 illi
1551 919 1648 949 pra-ter
1671 922 1745 948 spent

955 961 1054 996 legatio
1068 961 1162 991 cessit.
1179 969 1267 997 neque
1288 962 1373 988 ullttttt
1398 960 1508 988 omnino
1524 961 1635 988 verbum
1660 961 1746 995 impe-

955 1012 1029 1034 rator
1046 1008 1079 1035 de
1094 1008 1194 1034 Suania
1212 1007 1287 1034 iecit.
1317 1006 1418 1033 Deinde
1435 1005 1561 1033 Mebodes
1579 1014 1746 1041 magnopere

955 1054 1042 1088 petiit,
1058 1059 1089 1080 ut
1107 1053 1261 1086 Saracenis,
1284 1053 1329 1088 qui
1344 1060 1407 1080 cum
1425 1059 1458 1080 eo
1489 1057 1578 1084 erant,
1598 1052 1745 1087 imperato-

955 1106 1011 1125 rettt
1035 1098 1150 1126 adeundi
1169 1103 1292 1132 potestas
1308 1103 1397 1130 esset.
1426 1097 1512 1124 Erant
1531 1096 1604 1123 enim
1638 1098 1663 1124 in
1684 1098 1745 1132 ejus

953 1145 1084 1172 comitatu
1113 1145 1221 1171 circiter
1242 1143 1421 1178 quadraginta
1454 1142 1563 1177 proprio
1589 1141 1678 1177 legato
1699 1151 1745 1177 pa-

954 1195 1055 1218 rentes.
1071 1190 1278 1217 llisrratantem
1300 1197 1361 1216 cum
1387 1188 1498 1215 Multode
1517 1188 1644 1220 Ambrus.
1661 1188 1745 1215 Sara-

954 1242 1081 1264 cenorum
1099 1235 1274 1270 pltylarrhus.
1291 1240 1318 1261 ct
1339 1235 1395 1269 ipse
1413 1235 1529 1268 legatos,
1554 1234 1598 1268 qui
1615 1234 1646 1260 dc
1663 1242 1745 1268 pecu-

954 1282 1018 1313 niis,
1041 1288 1110 1316 quas
1133 1289 1147 1307 a
1183 1280 1336 1307 Justiniano
1369 1281 1591 1314 impetraverant,
1619 1284 1740 1314 agerent.

955 1328 1048 1363 Itaque
1058 1335 1117 1354 cum
1145 1327 1282 1358 Mehodcs.
1295 1330 1425 1361 quantum
1438 1325 1471 1352 ad
1485 1324 1614 1351 Suaniam
1642 1326 1744 1352 attine-

954 1374 1070 1408 bat,spc
1087 1380 1135 1399 sua
1153 1372 1311 1404 excidisset,
1334 1378 1366 1398 nc
1385 1371 1457 1398 nulla
1482 1379 1511 1398 re
1525 1371 1639 1397 obtenta
1654 1370 1743 1397 disce-

953 1418 1040 1448 deret,
1056 1424 1122 1444 cura
1137 1416 1209 1442 onmi
1224 1415 1374 1448 contendit,
1397 1420 1426 1441 ιιι
1442 1413 1639 1441 Saracenorum
1661 1415 1741 1448 legati

953 1464 1055 1492 aditum
1071 1465 1104 1490 ad
1134 1463 1324 1496 imperatorem
1353 1461 1584 1487 nanciscerentur.
1600 1460 1638 1487 De
1657 1467 1688 1487 ea
1714 1467 1743 1486 re

953 1518 1014 1536 cmtt
1044 1507 1164 1535 Mebodis
1189 1507 1339 1534 orationem
1375 1505 1522 1539 imperator
1557 1504 1709 1538 excepisset
1732 1524 1741 1537 ,

956 1565 965 1582 ι
985 1555 1052 1589 Quid
1072 1553 1149 1581 nobis
1165 1553 1268 1585 volunt,
1285 1551 1381 1586 inquit,
1395 1550 1545 1578 Saraceni?
1563 1560 1571 1576 ι
1587 1549 1622 1577 Ut
1636 1550 1742 1576 instan—

952 1606 1005 1628 tettt
1029 1600 1105 1631 vidit.
1123 1598 1258 1625 eortcessit
1280 1604 1374 1624 eorunt
1398 1595 1496 1629 legato,
1514 1599 1543 1621 ιιι
1561 1594 1634 1622 solus
1654 1594 1688 1621 ad
1711 1601 1742 1622 sc

950 1645 1101 1674 accederet.
1114 1643 1204 1678 Neque
1220 1642 1292 1669 enim
1309 1641 1436 1676 legatum,
1452 1640 1498 1675 qui
1514 1640 1656 1674 superbior
1664 1644 1734 1672 crat,

952 1692 1127 1721 toleraturum
1155 1689 1338 1719 existitttabat,
1371 1691 1400 1713 ut
1425 1686 1535 1713 remotis
1555 1686 1699 1713 comitibus
1715 1686 1742 1713 in

951 1735 1122 1772 imperatoris
1141 1733 1219 1769 105
1231 1738 1405 1767 conspectum
1426 1732 1551 1759 veniret:
1570 1731 1618 1758 sed
1644 1739 1741 1766 quem-

951 1783 1095 1810 admodum
1113 1780 1249 1815 quondatn
1271 1780 1465 1813 imperatorem
1491 1777 1672 1805 Justiniattum
1695 1784 1742 1804 eo-

951 1833 1010 1853 rum
1029 1825 1108 1860 legati
1118 1832 1178 1852 cmn
1205 1823 1331 1850 omnibus
1356 1823 1500 1849 cumitilnts
1524 1821 1581 1849 suis
1599 1822 1740 1854 adiissent,

952 1872 1023 1898 hunc
1033 1877 1141 1906 quoque
1160 1867 1326 1903 pertinacius
1348 1867 1374 1894 in
1390 1874 1422 1894 eo
1439 1867 1612 1900 perstiturum
1624 1874 1695 1899 esse,
1712 1871 1742 1893 ut

952 1924 1010 1944 mos
1028 1916 1124 1944 solitus
1139 1917 1340 1943 observaretur.
1354 1914 1412 1947 Qua
1442 1914 1468 1940 in
1486 1921 1514 1940 re
1546 1913 1694 1947 imperator
1711 1920 1742 1940 se

951 1963 1044 1998 optimi
1061 1963 1131 1998 juris
1151 1962 1269 1997 speciem
1284 1969 1339 1996 pra:
1354 1969 1384 1988 se
1399 1960 1515 1986 laturum
1531 1967 1592 1986 esse
1608 1960 1741 1994 speravit,

951 2009 1021 2044 quod
1036 2009 1094 2044 ipse
1103 2016 1163 2043 quae
1177 2008 1367 2042 imperatorem
1383 2006 1520 2036 docerent,
1544 2005 1664 2037 fecissvt,
1688 2005 1740 2031 Sa-

953 2063 1067 2083 racenus
1080 2053 1168 2082 autem
1183 2053 1303 2084 minime,
1324 2060 1384 2088 qua:
1400 2051 1457 2078 fieri
1472 2052 1646 2086 oportuisset,
1661 2051 1741 2078 intol-

952 2101 1084 2129 lcxisset:
1111 2100 1142 2127 'se
1168 2099 1249 2134 igitur
1276 2105 1384 2126 omnem
1410 2097 1517 2131 culpam
1542 2097 1568 2123 in
1591 2097 1740 2123 Barbarum

951 2145 1150 2181 conjecturunt.
1175 2144 1267 2178 Neque
1283 2143 1362 2171 aliter
1380 2149 1422 2170 res
1434 2142 1632 2178 cecidit,quatn
1652 2142 1741 2177 suspi-

952 2199 1029 2220 catus
1058 2193 1145 2220 fuerat
1172 2193 1328 2226 imperator.
1350 2190 1456 2217 Etenim
1485 2188 1637 2216 Saracenus
1668 2188 1739 2215 haud

110 2238 170 2266 εἶτα
181 2239 251 2267 κατὰ
261 2239 293 2274 δὴ
309 2238 356 2265 τοῦ
371 2238 516 2273 Βαρϐάρου
531 2239 781 2274 ἀντιστραῳὴσεται
795 2239 825 2265 τὸ
843 2239 899 2266 Eni-

952 2238 1079 2267 decorutn
1095 2238 1146 2266 sibi
1166 2244 1228 2266 esse
1245 2236 1415 2267 existimans,
1437 2235 1522 2262 solum
1539 2235 1596 2262 sine
1614 2234 1668 2262 ullo
1693 2242 1740 2261 co-

110 2286 214 2321 κλημα.
239 2285 293 2312 Καὶ
317 2285 367 2311 οὐκ
390 2283 446 2320 [ἂν]
465 2285 553 2316 ἄλλως
574 2284 676 2319 ἀπέϐη,
699 2285 716 2320 ἣ
733 2285 756 2302 "
773 2285 898 2321 βασιλεὺς

110 2333 287 2368 ἐστοχάσατο.
309 2332 337 2359 '0
354 2333 407 2367 γὰρ
426 2331 458 2366 δὴ
473 2332 632 2366 Σαρακηνὺς
645 2331 768 2367 ἀπρεπὲς
782 2329 851 2358 εἶναι
868 2334 899 2359 τῦ

111 2380 238 2415 παρεῖναι
256 2379 280 2406 οί
297 2379 370 2413 μόνῳ
385 2378 421 2410 ὼς
437 2378 548 2413 βασιλέα
560 2377 748 2412 ὑποτοπήσας,
768 2378 814 2405 καὶ
835 2378 865 2405 τὺ
875 2379 898 2395 ’⁸

111 2426 253 2460 κρατῆσαν
269 2425 350 2460 δῆθεν
376 2424 523 2452 καταλύειν
540 2425 589 2460 οὐχ
605 2424 728 2460 αἱρετέον
744 2424 828 2460 αὐτῷ,
844 2426 898 2452 ἀπ-

64 2502 68 2506 ,
109 2471 229 2506 ηνήνατο
249 2471 298 2506 τὴν
324 2471 352 2502 ὲς
372 2470 484 2505 βασιλέα
503 2471 631 2505 πάροδον.
651 2471 718 2497 Τότε
741 2471 755 2497 ὁ
772 2471 898 2506 ﬂatile),-

108 2515 155 2541 τὸν
172 2515 223 2550 μὲν
239 2515 398 2551 Σαρακηνδν
425 2516 578 2543 τελεώτατα
603 2517 827 2553 περιεφρόνησεν,
844 2517 858 2544 ὁ
869 2518 897 2544 δὲ

111 2561 139 2593 ἐς
151 2562 197 2588 τὸν
208 2561 325 2596 Μεϐώδη
339 2562 485 2596 παρήγαγε
498 2563 548 2593 τὰς
564 2562 665 2593 αἰτίας.
682 2562 710 2588 '0
724 2562 753 2589 δὲ
765 2563 818 2589 τῶν
829 2563 897 2599 Περ-

112 2606 167 2632 σῶν
185 2606 366 2641 πρεσϐευτὴς,
383 2615 393 2632 t
410 2605 588 2644 'ﬂﬁéonou,
605 2607 705 2640 ἔλεξεν,
725 2608 755 2634 ού
782 2609 898 2644 πάρειμι

113 2652 321 2687 συνεπαμύνων,
348 2653 407 2686 εἴγε
428 2653 442 2679 ὁ
460 2653 618 2688 Σαρακηνὸς
641 2653 835 2689 ὲπλημμέλησέ
860 2664 898 2686 τι,

113 2697 199 2729 ἄλλως
226 2698 255 2724 δὲ
282 2699 477 2734 ἀκουσόμενος,
496 2699 580 2732 ὅπως,
605 2699 629 2725 εί
659 2699 708 2734 μὲν
730 2700 846 2735 ἁρμόδια
859 2702 898 2736 τῷ

113 2745 210 2780 ὀικαῖῳ
220 2745 306 2779 λέγει,
326 2745 365 2780 μὴ
381 2745 559 2780 περιόψομαι,
575 2747 599 2772 εί
610 2745 638 2772 δέ
651 2753 682 2779 γε
699 2746 728 2777 ἐς
742 2746 898 2776 τούναντίον

953 2287 1048 2314 tnitatu
1077 2285 1110 2313 ad
1137 2285 1329 2319 imperatorem
1346 2283 1486 2314 accedere,
1501 2288 1588 2316 tteque
1607 2289 1622 2307 a
1648 2288 1736 2312 more.

950 2332 995 2368 qui
1017 2330 1175 2366 jamdudum
1201 2329 1367 2363 obtinuerat,
1396 2328 1446 2356 sibi
1470 2327 1650 2355 recedendum
1677 2333 1738 2353 esse

950 2383 1038 2410 ratus,
1055 2376 1229 2412 imperatoris
1258 2376 1360 2403 aditum
1374 2374 1473 2402 renuit.
1500 2373 1576 2400 Tunc
1591 2373 1740 2408 itnperator

950 2425 1028 2452 valde
1046 2424 1169 2459 despexit
1192 2422 1356 2451 Saraccnum
1374 2441 1382 2454 ,
1408 2421 1440 2448 de
1465 2427 1518 2455 qua
1536 2427 1566 2447 re
1588 2426 1648 2446 cum
1669 2419 1738 2452 apud

950 2471 1089 2498 Mebodem
1111 2475 1223 2505 questus
1253 2473 1337 2501 esset,
1355 2467 1499 2495 Persarum
1522 2467 1628 2501 legatus
1652 2465 1739 2500 impe-

950 2517 1033 2546 ratori
1056 2517 1122 2545 dixit
1136 2526 1144 2545 ;
1161 2526 1169 2543 ι
1198 2516 1253 2552 Ego
1265 2515 1386 2550 quidem.
1400 2513 1518 2545 domine.
1533 2515 1639 2545 adsunt,
1666 2511 1738 2538 ltaud

951 2565 1135 2594 defensionem
1150 2568 1326 2598 suscepturus
1341 2560 1483 2592 Saraceni,
1498 2559 1521 2587 si
1539 2559 1565 2585 in
1583 2558 1675 2592 aliquo
1691 2557 1738 2584 deo

950 2611 1070 2646 liquerit,
1101 2611 1148 2637 sed
1175 2617 1232 2636 rem
1245 2608 1414 2644 cogniturus,
1429 2610 1469 2640 ut,
1487 2605 1510 2633 si
1528 2611 1620 2631 verum
1636 2603 1670 2630 ad
1695 2610 1738 2630 me

952 2657 1087 2688 detulerit.
1111 2663 1223 2686 causam
1241 2655 1299 2689 ejus
1323 2661 1376 2682 non
1408 2653 1530 2680 deseram
1549 2670 1556 2684 ,
1575 2650 1616 2678 sin
1639 2649 1736 2684 injuria

951 2711 1095 2732 accusasse
1109 2701 1259 2737 apparebit,
1274 2708 1324 2736 ego
1343 2700 1432 2735 ipsum
1450 2699 1638 2726 condemnem.
1657 2705 1667 2722 ι
1687 2695 1737 2722 Cui

953 2751 1099 2785 imperator
1117 2749 1264 2776 mordens:
1295 2755 1304 2772 ι
1327 2745 1429 2774 Venisti
1447 2745 1529 2781 igitur
1551 2751 1603 2771 non
1624 2741 1739 2776 legatio-

761 2801 878 2830 VARl/E
896 2803 1100 2831 LECTlONES.

147 2849 208 2887 {'1'}
234 2849 353 2887 νοσώδης
373 2850 437 2887 vulg
467 2850 496 2887 ⁸]-
511 2847 698 2887 εξογκῷμιενος
714 2849 795 2887 yulg.
832 2850 854 2867 "
866 2850 978 2887 τοιαύτῃ
996 2851 1039 2884 Β..
1061 2849 1146 2886 ταύτῃ
1159 2849 1231 2886 vulg.
1269 2849 1292 2866 "
1311 2850 1384 2886 ἡμᾶς
1397 2849 1469 2885 vulg.
1506 2847 1528 2864 “
1540 2846 1587 2874 καὶ
1603 2843 1680 2872 τόνδε
1696 2841 1732 2871 Η-

114 2884 134 2902 ⁸⁵
148 2884 162 2919 ῆ
178 2883 221 2918 Ν.,
238 2894 263 2912 τι
277 2886 361 2921 vulg.,
375 2886 391 2922 ἢ
404 2883 457 2913 δ’τι
476 2883 508 2912 ll.
545 2885 567 2901 ³⁸
582 2884 612 2910 τὸ
628 2885 674 2919 ΙΙ.,
693 2884 731 2920 τῷ
753 2883 824 2921 vulg.
