1951 3074
235 137 289 169 803

715 136 914 167 EXCERPTA
932 134 983 164 EX
1005 134 1219 165 MENANDRU
1238 134 1488 167 PROTECTORE

1828 137 1879 169 80$

235 194 278 220 nis
297 199 395 220 munus
408 192 546 224 obiturus,
564 191 611 219 sed
623 191 722 226 judicis
737 192 828 220 oﬂicio
845 191 996 218 functnrus.
1013 199 1023 216 ι

1079 191 1227 226 ὀφθήσεται
1244 191 1346 224 ἀδίκως
1358 191 1529 226 ὲπεγκαλῶν,
1546 191 1627 224 αὐτὸς
1649 192 1705 227 ἐγὼ
1727 194 1871 221 ructata:—

233 239 267 264 At
289 237 415 265 Mebodcs
428 238 524 265 acerba
545 242 571 265 et
587 238 707 265 m0rdaci
728 238 901 272 imperatoris
916 244 1029 271 respon-

233 285 311 312 sione
325 284 456 311 confusus
472 285 582 312 erubuit
604 285 691 317 vultu,
705 289 787 319 atque
801 284 948 311 confestim
979 284 1030 310 im-

232 335 369 364 peratore,
386 329 456 356 sicut
477 329 517 357 fas
545 334 614 360 erat,
635 330 765 361 salutato,
783 331 907 357 recessit.
933 328 1029 355 Paucis

234 383 294 411 post
309 376 404 403 diebus
422 376 521 403 iterum
540 376 669 405 Meliodes
684 377 878 412 imperatorem
904 375 982 406 adiit,
1001 379 1029 402 et

232 422 394 456 suppliciter
425 422 583 457 postulavit,
610 423 777 450 Saracenum
796 423 829 449 ad
855 429 916 449 eum
943 422 1030 448 intro-

232 468 306 498 duci.
323 471 352 494 et
365 468 533 502 imperatore
548 469 697 501 abnuente,
711 468 823 495 minime
834 468 937 502 justum
957 474 1027 499 esse,

233 514 301 540 dixit
320 513 446 542 Mebodes
467 533 476 548 ,
497 514 547 541 sibi
571 521 624 541 non
644 514 738 541 eadem
764 513 897 548 perﬁcere
922 513 1004 539 licere
1019 532 1027 544 ,

233 567 294 594 qute
320 558 421 586 Zicbns
449 564 512 586 ante
542 567 571 586 se
599 559 703 594 legatus
725 558 896 593 perfecisset.
919 566 928 583 ι
959 555 1027 583 Nam

234 610 328 632 nostra
345 605 489 638 memoria,
504 605 604 640 inquit,
621 604 752 632 Saraceni
781 603 816 631 ad
833 603 1027 638 imperatorem

232 659 284 678 una
313 659 375 679 cum
414 652 475 686 ipso
503 657 689 679 accesserunt.
722 651 816 686 Itaque
840 655 948 685 oportet
985 656 1028 676 me

232 696 328 724 iisdem
346 697 409 729 irui,
427 697 528 731 quibus
546 697 602 730 ille,
619 705 654 724 ne
674 697 700 723 in
726 696 819 731 aliquo
838 696 909 722 inter
926 695 1027 722 Roma-

234 751 283 770 nos
298 749 323 770 et
337 743 434 770 Persas
456 743 571 770 induciae
587 743 643 770 sint
660 742 860 777 quodammodo
872 741 988 768 violatze.
1014 750 1024 766 ι

232 789 272 816 Ad
286 797 345 824 qua:
360 789 510 824 imperator
531 788 671 816 iracundia
697 788 842 823 percitus:
863 796 872 813 ι
895 786 924 814 Si
942 787 1027 821 igitur

233 835 334 862 Zichus
356 835 382 862 in
399 834 544 868 adulterio,
560 840 608 862 aut
623 834 714 869 aliquo
737 834 791 861 alio
817 834 892 868 gravi
911 833 1027 860 crimine

233 880 421 915 deprehensus
447 884 531 912 esset,
549 885 577 907 tu
602 879 675 906 illius
692 879 812 914 vestigiis
831 879 878 905 tibi
896 878 1024 906 insisten-

231 928 294 953 dum
321 926 565 961 putares?Annon
591 926 689 958 sentis,
711 930 737 952 te
754 933 814 952 cum
838 924 1025 951 Romanorum

230 970 398 1005 imperatore
423 975 450 998 et
466 969 574 998 Iustino
598 977 753 998 sermonem
771 969 897 997 habere?
915 978 924 995 ι
954 967 1026 996 Tum

229 1019 423 1043 consternatus
442 1015 569 1042 Mebodes
594 1022 650 1050 pra:
677 1022 778 1050 pavore
803 1022 905 1050 pronus
924 1014 950 1041 in
971 1018 1026 1040 ter-

231 1068 288 1086 ram
306 1067 336 1087 se
360 1060 394 1088 ad
411 1060 470 1094 ejus
496 1060 579 1094 pedes
604 1060 754 1095 prostravit
779 1065 807 1087 et
831 1059 864 1086 ad
884 1059 1024 1086 mendacia

229 1104 389 1140 confugiens
411 1106 532 1140 negavit,
558 1114 573 1133 a
594 1113 623 1133 se
640 1105 702 1133 talia
718 1105 823 1141 prolata
841 1104 936 1132 fuisse.
966 1105 1024 1138 Qua

229 1151 407 1177 excusatione
422 1158 483 1178 cum
497 1154 632 1184 uteretur,
660 1151 810 1186 imperator
827 1151 906 1178 ﬁdem
923 1150 1026 1177 habere

229 1196 385 1228 videbatur,
413 1202 441 1224 et
468 1197 558 1224 dixit:
590 1207 599 1223 ι
631 1196 744 1224 Videtur
776 1197 857 1232 igitur
889 1197 1025 1231 interpres

231 1243 310 1270 nobis
325 1243 376 1270 alia
388 1250 437 1278 pro
450 1243 512 1270 aliis
528 1243 709 1278 suggessisse.
722 1243 818 1279 Itaque
832 1244 853 1270 si
879 1243 947 1270 nihil
966 1251 980 1270 a
997 1249 1024 1271 te

230 1290 332 1317 dictum
349 1294 390 1317 est
411 1289 499 1317 ollicio
517 1294 545 1317 et
558 1291 657 1317 decoro
683 1290 812 1322 alienum,
828 1289 898 1318 scito
915 1295 942 1317 te
965 1290 1023 1317 cri-

231 1343 292 1363 men
308 1342 452 1371 purgasse.
473 1345 484 1365 ι
500 1336 539 1363 Ad
552 1337 623 1363 lmnc
639 1337 748 1364 modum
767 1337 915 1371 imperator
927 1342 1023 1372 sponte

229 1389 272 1414 ea,
304 1390 364 1417 qua:
383 1383 454 1410 dicta
470 1382 589 1415 fuerant.
622 1391 683 1410 cum
699 1390 793 1410 eorum
823 1383 1021 1417 ignorationem

228 1428 378 1461 simularet,
411 1428 630 1457 dissimulatione
659 1430 846 1463 transegit.ct
875 1429 908 1456 ad
937 1430 1021 1456 anitni

229 1474 384 1508 :tiquitatem
402 1477 443 1501 est
464 1474 603 1508 delapsus,
623 1482 656 1502 ne
685 1474 755 1502 forte
786 1475 913 1502 Mcbodcs
943 1475 1023 1511 106

229 1519 256 1546 in
286 1524 423 1554 posterum
444 1520 521 1547 ﬂeret
549 1520 688 1553 audacior,
718 1526 765 1548 aut
793 1523 883 1548 verbis
911 1522 1019 1554 elatior,

228 1571 290 1590 cum
328 1564 521 1591 recordaretur
561 1566 755 1600 imperatorem
792 1567 928 1594 sermonis
961 1567 1021 1600 ejus

229 1610 427 1644 impudentiam
444 1611 681 1639 animadvertisse.
704 1611 799 1647 Itaque
815 1620 876 1640 cum
900 1613 940 1640 sic
966 1613 1021 1640 im-

229 1661 340 1691 perator
353 1657 425 1692 quod
454 1658 551 1690 sensit,
569 1658 758 1692 repressisset,
774 1659 901 1687 :‘llebodes
925 1660 1021 1687 excla-

230 1703 341 1730 mavit:
372 1712 382 1729 ‹
403 1703 510 1731 Abeant
539 1704 566 1731 in
595 1705 695 1732 malam
719 1713 776 1732 rem
797 1711 824 1733 et
850 1706 1021 1735 Saracenica:

228 1753 324 1784 gentes
348 1757 444 1778 omnes
473 1755 500 1777 et
516 1750 634 1777 Ambrus
657 1751 718 1788 ipse
733 1757 760 1779 et
778 1752 878 1788 legatio
899 1760 994 1780 eorum
1011 1761 1018 1781 :

229 1795 295 1822 mibi
308 1802 372 1823 vero
386 1796 419 1824 de
435 1796 500 1831 ipsis
517 1796 656 1824 silentium
679 1798 716 1825 sit
729 1806 817 1833 neque
829 1799 977 1834 quidquam
993 1800 1018 1827 in

229 1846 369 1875 posterum
385 1842 485 1870 dicam.
503 1852 512 1868 ι
540 1843 605 1876 ρυω
630 1851 693 1871 cum
718 1844 841 1878 dixisset,
871 1845 1020 1880 imperator

227 1895 338 1922 quoque
352 1888 496 1915 maledicta
514 1889 540 1916 in
569 1889 737 1917 Saracenum
755 1891 882 1925 coniecit,
901 1898 1019 1926 eumque

227 1933 382 1961 institorem
401 1939 429 1962 et
451 1942 603 1970 cauponem
621 1936 776 1971 appellavit.
793 1937 833 1964 Ad
857 1937 914 1965 bmc
938 1937 1017 1970 dixit,

227 1988 256 2008 se
271 1981 380 2008 silentio
391 1981 532 2015 praeterire
547 1989 600 2009 non
615 1990 704 2017 posse,
726 1991 778 2017 qua
791 1985 825 2011 de
840 1983 1019 2019 causaimpc—

227 2027 327 2055 ratoris
338 2035 513 2063 congressum
536 2032 679 2064 tantopere
706 2030 888 2065 concupisset.
907 2039 916 2055 ι
935 2029 1018 2057 Scili-

226 2077 272 2100 cet
289 2073 363 2105 dicit.
381 2081 411 2101 se
423 2081 437 2101 a
452 2075 532 2102 nobis
547 2075 643 2103 solitas
659 2076 791 2111 pecunias
802 2075 926 2111 accipere
937 2076 1017 2109 velle;

226 2127 274 2154 pro
286 2121 384 2155 quibus
398 2121 579 2155 calamitates,
595 2123 705 2158 opinor,
727 2123 860 2150 scelestus
873 2128 902 2150 et
917 2123 1018 2157 impro-

226 2166 277 2192 bus
306 2165 387 2193 feret.
409 2165 562 2194 Ridiculum
583 2168 657 2194 enim
677 2172 760 2200 esset,
787 2167 810 2194 si
827 2174 877 2194 nos
900 2165 1016 2194 Romani

227 2212 357 2240 tributum
383 2212 555 2241 Saracenicis
580 2213 707 2249 gentibus
734 2213 822 2249 iisque
853 2214 1016 2241 nomadibus

226 2257 418 2293 ponderemus.
434 2266 444 2283 ι
466 2257 535 2285 Tum
550 2257 688 2291 Mebodes,
706 2268 716 2285 (
736 2258 811 2291 Esto,
828 2259 926 2294 inquit,
940 2266 956 2286 ο
970 2259 1018 2286 do—

225 2306 323 2337 mine;
349 2309 377 2331 at
391 2308 419 2331 tu
436 2303 522 2338 illum,
546 2304 609 2332 licet
623 2311 653 2332 re
668 2303 780 2337 infecta,
806 2305 923 2332 dimitte.
944 2314 953 2331 ι
984 2303 1018 2332 Et

225 2352 394 2386 itnperator:
414 2359 424 2376 ι
449 2350 580 2383 Quamvis
596 2350 695 2378 melius
710 2358 763 2378 non
784 2350 914 2383 venisset,
930 2359 1017 2386 quan-

225 2402 281 2425 tum
297 2397 324 2424 in
354 2404 397 2424 me
412 2402 463 2428 est,
477 2396 556 2424 abeat
571 2400 673 2423 tamen.
694 2406 703 2422 ι
719 2411 755 2417 -
771 2405 780 2422 ι
800 2396 833 2424 Ει
856 2405 898 2424 me
910 2404 1017 2432 quoque

221 2441 296 2476 jnbe,
319 2442 408 2478 inquit
425 2441 565 2481 Mebodes,
585 2449 645 2469 cum
660 2443 720 2477 ipso
732 2443 818 2470 abire.
841 2453 850 2469 ι
871 2442 899 2470 lu
916 2443 958 2470 his
984 2443 1015 2470 Ii—

225 2489 293 2517 nivit
311 2489 419 2525 legatio.
445 2489 537 2524 Itaque
561 2488 708 2517 Persarum
737 2490 854 2525 legatum
883 2494 911 2516 et
931 2489 1015 2516 Sara-

224 2541 307 2563 cenos
349 2536 383 2564 ad
428 2542 477 2563 sua
516 2536 654 2564 redituros
700 2536 849 2571 imperator
898 2535 1013 2564 dimisit.

223 2581 313 2617 Atque
350 2581 389 2609 ita
428 2581 605 2617 imperatoris
638 2582 781 2618 prudentia
817 2587 911 2617 pacata
950 2585 1015 2608 sunt

223 2631 252 2654 et
281 2628 425 2656 emendata
452 2628 543 2656 omnia
570 2635 630 2664 quae
650 2627 770 2655 Joannes
803 2628 830 2654 in
859 2635 906 2655 sua
939 2627 1014 2662 lega-

226 2673 298 2701 tione
313 2680 456 2710 perperam
473 2679 577 2709 egerat.
594 2673 631 2701 Ut
655 2681 720 2701 vero
744 2673 874 2701 Saraceni
901 2674 1012 2700 domum

1034 1546 1058 1577 C

1032 2229 1055 2256 D

1083 238 1162 272 τήσω
1187 237 1233 264 τοῦ
1270 238 1443 273 Σαρακηνοῦ.
1462 238 1492 264 'O
1519 238 1648 273 βασιλεὺς
1673 239 1876 271 ἐπιτωθάζων,

1085 285 1198 316 ιἮκεις
1212 284 1245 316 ’⁷,
1259 284 1297 316 ὡς
1310 285 1408 317 ἔοικεν,
1417 285 1478 320 οὐχὶ
1489 285 1725 320 πρεσϐευσόμενος
1736 306 1744 318 ,
1756 286 1823 313 ἀλλὰ
1839 287 1878 313 δι-

1081 331 1184 357 κάσων.
1200 339 1209 356 ›
1229 330 1258 356 '0
1276 330 1408 365 Μεϐώδης
1424 331 1523 357 αὐτίκα
1537 331 1552 358 ὅ
1570 340 1601 365 γε
1619 332 1656 367 τῷ
1671 332 1817 368 πληκτικῷ
1829 333 1877 360 τοῦ

1081 376 1161 409 λόγου
1180 377 1301 411 συγχέας
1315 377 1345 402 τὸ
1362 377 1511 411 πρόσωπον
1528 377 1706 411 ὲφοινίττετο.
1724 379 1877 414 Τοιγαροῦν

1082 421 1256 456 παραχρῆμα
1270 421 1316 447 τὸν
1325 421 1516 458 αὐτοκράτορα.
1529 422 1688 457 προσειπὼν
1698 419 1773 459 ᾗπερ
1784 423 1874 455 θέμις,

1080 467 1166 498 οὕτως
1178 466 1365 502 ἀνεχώρησεν.
1387 466 1510 501 Ὀλίγαις
1524 467 1552 494 δὲ
1565 467 1681 503 ὕστερον
1694 468 1816 503 ἡμέραις
1826 467 1876 495 αὗ-

1080 513 1122 545 θις
1145 514 1174 545 ἐς
1197 513 1231 539 τὰ
1255 513 1382 548 βασίλεια
1408 513 1553 549 παρελθὼν
1578 515 1729 550 παρῃτεῖτο
1747 515 1875 550 λιπαρῶς

1080 559 1147 593 περὶ
1159 559 1210 593 τῆς
1221 559 1276 585 τῶν
1292 559 1461 594 Σαρακηνῶν
1480 560 1596 587 εἰσόδου.
1614 559 1667 586 Τοῦ
1689 560 1718 586 δὲ
1740 560 1876 595 βασιλέως

1080 604 1257 636 ἀνανεύοντος
1270 623 1278 635 .
1292 604 1340 639 οὐχ
1355 605 1431 631 ὅσιον
1457 605 1577 639 ἔφασκεν
1602 603 1674 632 εἶναι
1692 607 1729 641 μὴ
1742 606 1777 632 τὰ
1791 605 1815 622 ’⁸
1824 607 1875 632 ὅσα

1080 651 1207 678 ἐπετέλει
1234 651 1288 686 πρὸ
1313 650 1361 677 τοῦ
1383 650 1460 684 παρὰ
1476 650 1629 685 Ῥωμαίους
1652 650 1875 686 πρεσϐευὸμενος

1079 697 1093 724 ὁ
1107 697 1167 732 lix,
1182 696 1230 723 καὶ
1256 697 1306 730 ἐμὲ
1329 695 1408 727 αὖθις
1432 697 1579 725 ἐπιτελεῖν.
1593 697 1624 723 Οἱ
1642 696 1696 732 γὰρ
1722 697 1784 723 καθ’
1797 698 1874 731 ἡμᾶς

1079 743 1235 778 Σαρακηνοὶ
1252 742 1310 777 ἅμα
1334 742 1409 777 αὐτῷ
1436 744 1513 777 παρὰ
1538 741 1652 777 βασιλέα
1676 742 1808 777 ἐγίνοντο.
1829 743 1876 768 Δεί

1078 787 1126 816 οὖν
1140 791 1188 816 καὶ
1201 789 1251 824 ἐμὲ
1264 789 1318 816 τῶν
1332 790 1398 816 ἰσων
1415 789 1515 825 ἐκείνῳ
1531 789 1690 820 ἀπολαύειν,
1715 789 1753 820 ὡς
1777 790 1812 816 ἄν
1836 789 1874 824 μὴ

1079 834 1174 870 ὥσπερ
1193 835 1385 870 λελωϐημέναι
1408 832 1475 861 ὦσιν
1503 836 1530 861 αἰ
1547 835 1650 870 μεταξὺ
1668 834 1814 870 Ῥωμαίων
1841 843 1872 861 τε

1076 881 1122 908 καὶ
1133 881 1245 917 Περσῶν
1262 881 1405 916 συνθῆκαι.
1434 881 1463 907 ’0
1481 881 1608 916 βασιλεὺς
1627 882 1696 917 πρὸς
1715 882 1803 908 ταῦτα
1817 882 1872 916 ὀρ-

1077 927 1161 962 γίλως
1172 928 1241 962 ἔχων
1256 935 1262 942 ·
1280 936 1290 952 ‹
1308 927 1341 953 Τί
1368 925 1426 960 οὖν,
1443 927 1468 953 ει
1482 927 1529 954 καὶ
1546 927 1709 962 πεφώραται
1724 927 1738 953 ὁ
1753 928 1803 963 Ζὶχ
1826 929 1874 954 ἐπὶ

1079 972 1188 1008 μοιχείᾳ
1209 973 1256 999 καὶ
1271 972 1358 1008 ἑτέρῳ
1383 972 1437 1008 ὅτῳ
1461 973 1677 1008 πλημμελήματι
1699 973 1753 999 τῶν
1769 974 1872 1008 ἀνηκέ-

1078 1027 1149 1045 στων
1167 1018 1259 1051 ἁλοὺς,
1276 1019 1323 1045 καὶ
1347 1019 1389 1045 σοὶ
1410 1019 1471 1045 κατ’
1492 1019 1564 1054 ἴχνος
1591 1019 1689 1054 ἐκείνῳ
1706 1020 1782 1053 ἱτέα;
1803 1020 1820 1055 ἦ
1840 1022 1871 1046 οὔ

1079 1064 1245 1100 ξυναισοάνῃ
1275 1064 1381 1099 βασιλεῖ
1405 1064 1549 1100 Ῥωμαίων
1578 1073 1625 1091 και
1649 1065 1785 1099 Ὶοοστίνῳ
1813 1066 1872 1092 5::-

1076 1109 1222 1144 λεγόμενος
1236 1118 1243 1142 ς
1257 1118 1266 1134 ›
1287 1108 1354 1135 Τότε
1366 1108 1579 1144 κατιόῥωεήσας
1595 1110 1609 1135 ὁ
1627 1109 1771 1141 Μεὸώὸτες,
1790 1119 1871 1143 περ..

1076 1155 1139 1190 δεής
1158 1163 1188 1181 τε
1203 1154 1361 1189 γενόμενος,
1377 1154 1483 1189 πρηνὴς
1498 1154 1588 1181 ἔκειτο
1604 1155 1648 1181 ἐπ’
1662 1155 1787 1189 ἐδάφουςἲ
1801 1157 1871 1190 rp‘;

1076 1201 1192 1236 ἆρνησίν
1208 1209 1238 1227 τε
1262 1200 1445 1235 καταφεύγων
1473 1201 1520 1226 καὶ
1543 1201 1719 1236 ἀναινόμενος
1743 1201 1871 1236 εῐρήοο.ί

1075 1248 1100 1274 οἱ
1116 1247 1150 1274 τὰ
1167 1247 1266 1274 τοιάδε.
1285 1247 1406 1283 Τοιαύτη
1422 1247 1444 1263 ’⁵
1460 1246 1595 1282 ἀπολογίᾳ
1616 1247 1770 1282 χρωμένου,
1788 1248 1801 1273 ὁ
1817 1248 1870 1274 αὺ-

1073 1293 1219 1330 τοκράτωρ
1249 1293 1338 1326 ἔδοξεν
1372 1293 1526 1327 ὑπάγεσθαι
1549 1294 1581 1328 τῇ
1606 1294 1704 1324 πειθοῖ,
1723 1293 1798 1325 ἔλεξέ
1819 1302 1868 1320 τε·

1078 1349 1087 1365 ι
1108 1341 1215 1366 Ἔοικεν
1230 1339 1277 1366 οὖν
1300 1341 1314 1366 ὁ
1342 1339 1481 1375 ἑρμηνεὺς
1506 1339 1572 1374 ἡμῖν
1587 1339 1669 1375 ἕτερα
1691 1339 1750 1366 ἀνθ’
1765 1340 1871 1375 ἐτέρων

1074 1386 1188 1421 φράσαι.
1203 1386 1234 1412 Et
1249 1385 1340 1412 τοίνυν
1350 1385 1426 1412 οὐδὲν
1441 1385 1567 1412 λέλεκταί
1588 1394 1629 1412 σοι
1646 1387 1720 1421 παρὰ
1735 1385 1765 1412 τὸ
1781 1395 1871 1421 προσ-

1073 1432 1150 1468 ῆκον,
1166 1432 1220 1459 ῖσθι
1230 1432 1259 1458 τὸ
1268 1432 1407 1468 ἐπίκλημα
1419 1432 1632 1467 ἀπονιψάμενος.
1644 1441 1653 1457 ι
1667 1431 1760 1464 Οὖτως
1769 1434 1782 1459 ὁ
1794 1433 1871 1468 βασι-

1073 1476 1134 1507 λεὺς
1159 1476 1250 1503 ἑκοντὶ
1274 1477 1589 1513 ἁποτιροσποιησάμενος
1602 1476 1635 1503 τὰ
1650 1477 1782 1512 λεχθέντα
1798 1478 1869 1514 πρδς

1073 1519 1155 1546 αὑτοῦ
1166 1520 1277 1552 εἰδέναι,
1286 1521 1340 1546 τῶν
1349 1521 1502 1556 εἰρημένων
1512 1522 1561 1556 τὴν
1570 1521 1681 1556 ἄγνοιαν
1690 1522 1868 1558 ὑπεκρίνετο,

1074 1567 1122 1592 καὶ
1139 1566 1174 1601 δὴ
1190 1566 1219 1598 ἐς
1231 1566 1261 1592 τὺ
1283 1566 1437 1602 ἠπιώτερον
1466 1568 1632 1603 μετηνέχθη,
1648 1568 1685 1600 ὡς
1696 1568 1730 1596 ἂν
1747 1569 1785 1604 μὴ
1800 1570 1868 1605 θρα-

1075 1611 1189 1647 σύτερός
1212 1620 1242 1638 τε
1268 1612 1316 1639 καὶ
1344 1613 1413 1639 κατὰ
1436 1613 1466 1639 τὸ
1478 1613 1578 1648 μᾶλλον
1594 1614 1735 1649 ὑψαγόρας
1748 1614 1838 1641 ἔσοιτο
1852 1615 1867 1641 ὁ

1074 1657 1209 1693 Μεϐώδης
1225 1657 1264 1693 τῷ
1283 1659 1312 1690 ἐς
1337 1659 1442 1686 ἔννοιαν
1468 1659 1540 1694 ἔχειν
1555 1660 1705 1686 συνειδέναι
1722 1660 1767 1686 τὸν
1782 1661 1866 1687 αὺτο-

1074 1705 1196 1740 κράτορα
1210 1706 1243 1740 τῇ
1258 1705 1390 1740 ῥημάτων
1414 1705 1576 1741 τραχύτητι.
1605 1705 1684 1732 Οὕτω
1708 1706 1739 1741 δὴ
1756 1704 1802 1732 οὖν
1816 1707 1864 1734 τνιῦ

1075 1750 1204 1786 βασιλέως
1230 1752 1493 1788 παρακρουσαμένου
1512 1751 1561 1787 τὴν
1586 1752 1723 1782 ὕπᾶνοιαν,
1737 1762 1745 1778 ι
1761 1754 1865 1788 Οἰμω-

1073 1797 1152 1831 ζέτω,
1171 1796 1232 1834 ἧδὲ
1248 1799 1256 1813 ¹
1273 1800 1286 1825 ὁ
1301 1798 1443 1833 Μεῦὼδης,
1465 1799 1511 1825 καὶ
1532 1800 1565 1825 τὰ
1590 1799 1767 1834 Σαρακηνικὰ
1791 1800 1866 1835 φῦλα

1073 1844 1182 1871 ἅπαντα
1194 1845 1241 1871 καὶ
1260 1844 1384 1879 ’Δμϐρος
1402 1844 1483 1873 αὐτὸς
1507 1845 1555 1872 καὶ
1580 1846 1595 1879 ἡ
1625 1845 1786 1880 πρεσϐείαή
1801 1851 1863 1872 κατ’

1073 1889 1171 1920 αὐτούς
1185 1897 1192 1904 ·
1211 1889 1272 1924 ἐμοὶ
1292 1889 1347 1924 γὰρ
1361 1889 1424 1924 σιγὴ
1449 1889 1536 1916 ἔσοιτο
1547 1889 1627 1916 ἕκατί
1639 1898 1669 1916 τε
1687 1889 1787 1922 αὐτῶν,
1807 1891 1865 1918 οὐδ’

1072 1935 1178 1970 εἴποιμί
1213 1945 1240 1962 τι
1265 1936 1369 1962 λοιπόν.
1393 1936 1526 1962 »Τούτων
1558 1935 1628 1962 οὕτω
1660 1937 1862 1972 κεκινημένων,

1072 1982 1187 2009 πλεῖστα
1208 1983 1257 2018 μὲν
1286 1983 1333 2009 καὶ
1362 1982 1429 2009 ἄλλα
1449 1983 1462 2009 ὁ
1487 1982 1614 2018 βασιλεὺς
1632 1983 1679 2008 τὸν
1703 1983 1864 2019 Σαρακηνδν

1072 2025 1132 2055 εἶπε
1157 2029 1260 2061 κακῶς,
1284 2029 1333 2055 καὶ
1350 2029 1388 2060 ὠς
1412 2028 1578 2064 μεταϐολεύς
1604 2038 1633 2055 τε
1663 2029 1708 2055 καὶ
1727 2030 1864 2064 παλιγκά-

1072 2074 1157 2110 πηλος
1173 2075 1246 2110 ἥκοι·
1266 2075 1338 2110 Πρδς
1359 2076 1414 2106 τοῖς
1441 2075 1464 2101 δ’
1486 2074 1616 2109 ἔφασκεν,
1636 2075 1726 2110 ὡσούχ
1750 2073 1806 2107 οἷός
1831 2085 1863 2103 τε

1072 2121 1178 2154 πέφυκε
1201 2121 1303 2156 λήσειν,
1331 2121 1393 2147 ὅτου
1429 2120 1511 2146 ἕνεκα
1539 2120 1645 2155 βασιλεί
1668 2121 1863 2156 ἐντευξόμενος

1071 2167 1194 2201 ἀφίκετο.
1218 2176 1226 2192 ι
1238 2167 1307 2202 (ἰιησ)⁸
1323 2166 1391 2201 γὰρ,
1406 2165 1443 2197 ὡς
1463 2165 1548 2192 ἐθέλοι
1560 2164 1594 2191 τὰ
1608 2165 1710 2200 συνήθη
1729 2166 1862 2201 χρήματα

1071 2212 1237 2247 κομίσασθαι
1247 2212 1314 2247 πρὸς
1322 2212 1411 2247 ἡμῶν,
1422 2211 1480 2237 ἀνθ’
1488 2207 1535 2244 ὧν,
1547 2207 1635 2244 οἶμαι,
1648 2213 1783 2245 κομιεῖται
1793 2211 1862 2246 ξυμ-

1069 2259 1157 2294 φορὰς
1171 2259 1185 2285 ὁ
1206 2258 1359 2293 κατάρατός
1372 2266 1402 2284 τε
1417 2257 1466 2284 καὶ
1478 2257 1666 2292 ἀπολούμενος
1682 2258 1702 2284 ².
1715 2257 1861 2290 Γελοιῶδες

1067 2304 1133 2339 γὰρ,
1145 2304 1169 2330 εἰ
1181 2304 1348 2339 Σαρακηνῶν
1363 2303 1446 2334 ἔθνει.
1458 2302 1599 2329 καὶταῦτα
1610 2302 1734 2337 νομάδων
1747 2303 1768 2334 ³,
1788 2303 1860 2329 Ῥω-

1067 2351 1142 2386 μαῖοὶ
1153 2359 1184 2384 γε
1200 2350 1276 2381 ὅντες
1287 2349 1455 2384 τεταξόμεθα
1467 2350 1495 2380 ἐς
1512 2349 1604 2384 φόρων
1613 2349 1780 2383 ἀπαγωγήν.
1798 2358 1807 2375 ι
1829 2349 1860 2375 '0

1065 2397 1207 2432 Μεὸὠδης,
1222 2405 1231 2422 ι
1245 2395 1320 2428 Εἶεν,
1349 2393 1444 2431 ἑφη,ὦ
1456 2395 1573 2422 δέσποτα
1584 2403 1590 2411 -
1607 2396 1631 2420 εὶ
1648 2395 1694 2421 καὶ
1706 2395 1858 2430 ἄπρακτον,

1067 2444 1142 2479 ὅμως
1152 2443 1317 2478 ἀπόπεμψον
1331 2443 1340 2458 ⁵
1351 2443 1444 2469 αὐτὸν.
1458 2451 1466 2467 ι
1486 2442 1514 2468 Ὀ
1524 2441 1667 2476 βασιλεύς·
1680 2451 1689 2466 ι
1710 2442 1763 2468 Καὶ
1779 2443 1803 2468 εἰ
1820 2443 1858 2478 μὴ

1067 2490 1245 2524 παρεγένετο,
1265 2489 1327 2515 ὅσον
1342 2489 1371 2515 τό
1397 2497 1429 2522 γε
1445 2489 1487 2522 ἐφ’
1504 2489 1580 2524 ἡμῖν,
1600 2488 1658 2514 ἀλλ’
1669 2486 1715 2514 οὖν
1728 2488 1829 2516 ἀπίτω,
1845 2498 1855 2513 ι

1067 2535 1123 2562 Καὶ
1139 2535 1189 2570 ἐμὲ
1202 2535 1250 2569 ξὺν
1267 2535 1341 2570 αὐτῷ
1359 2535 1497 2566 κέλευσον,
1517 2533 1534 2570 ἦ
1558 2534 1586 2561 δὲ
1602 2534 1613 2550 ⁸
1629 2535 1643 2561 ό
1662 2534 1805 2569 Μεϐώδητ.
1824 2550 1859 2555 -

1069 2590 1078 2606 ι
1094 2581 1140 2612 Εἰς
1150 2581 1225 2613 τέλος
1237 2581 1368 2618 ἐλθούσης
1378 2582 1426 2617 τῆς
1443 2580 1591 2617 πρεσϐείας
1603 2581 1633 2607 ἐν
1645 2581 1813 2612 τούτοις,τόν
1827 2590 1858 2608 τε

1067 2628 1180 2663 Περσῶν
1194 2627 1364 2664 πρεσϐευτὴν
1384 2628 1432 2654 καὶ
1456 2627 1520 2658 τοὺς
1543 2627 1720 2662 Σαρακηνοῦς
1748 2628 1761 2653 ό
1779 2627 1856 2662 βασι-

1065 2674 1129 2704 λεὺς
1143 2673 1200 2709 ἅμα
1219 2674 1324 2709 ἀφῆκεν
1355 2674 1383 2705 ἐς
1408 2673 1442 2700 τὰ
1460 2673 1562 2709 πάτρια
1582 2672 1635 2708 ἢθη
1655 2673 1857 2708 ἀπονοστήσου-

856 2729 974 2757 ΥΛΜΙΕ
1001 2729 1205 2759 LECTIONES.

260 2777 284 2812 9⁷
299 2776 378 2811 ἥκεις
402 2776 448 2807 Ν..
475 2777 553 2811 ἥκειν
571 2777 644 2812 vulg.
681 2777 705 2794 "
728 2777 765 2811 μὴ
788 2777 821 2804 τὰ
849 2777 918 2807 \'al..
954 2778 1022 2812 μετὰ
1050 2777 1120 2812 vulg.

1160 2777 1182 2792 9'
1199 2777 1311 2813 τοιαύτῃ
1335 2776 1377 2814 ΒἼ
1399 2776 1485 2814 ταύτῃ
1514 2778 1586 2813 vulg.
1627 2776 1665 2814 ¹ἧ
1695 2777 1724 2804 δὲ
1741 2775 1783 2814 Βξ.
1803 2776 1858 2814 ﬁt"

223 2811 296 2849 vulg.
311 2805 317 2811 ’
335 2812 345 2849 ξ
360 2805 544 2849 ᾴπολλύμὲνος
563 2805 634 2849 vulg".
676 2805 785 2847 ³τοῗὰτῖρ
810 2813 856 2840 καὶ
878 2823 902 2840 ν.
913 2805 991 2848 τώς.
1029 2813 1040 2828 ⁸
1055 2805 1194 2848 ἂτιξᾶακτον
1208 2817 1236 2839 ct
1249 2805 1413 2847 ἀπόπεμψον
1430 2805 1620 2849 Β.,”ἄπραικτοι
1637 2805 1665 2841 εί
1681 2805 1858 2847 ἀποπέμψειν

212 2844 299 2882 ·νυ1ξ.
335 2847 345 2863 ⁸
363 2845 382 2882 ἦ
396 2847 424 2873 δὲ
439 2844 486 2879 Νξ,
499 2844 544 2882 ᾖδε
559 2844 629 2881 vulg.
