1951 3074
220 149 274 180 807

637 145 837 176 EXCERI‘TA
857 146 908 175 EX
927 143 1140 174 MENANDRO
1162 142 1411 173 PROTECTORE

1798 141 1851 171 εεε

222 205 330 236 buerat,
341 203 439 230 famam
458 209 564 237 quoque
582 202 651 236 apud
671 208 735 229 suos
746 200 931 235 divulgarunt.
954 199 1009 226 Sed

1064 197 1143 232 γηρῷ
1157 197 1211 224 τῶν
1223 197 1335 232 Περσῶν
1349 195 1447 231 αὐχμῷ
1459 195 1511 221 τῶν
1527 194 1655 231 Τούρχων
1667 195 1691 221 οί
1708 195 1849 229 πρέσϐεις,

223 249 377 281 Disabulus,
391 249 472 276 homo
499 248 612 275 callidus
628 252 655 275 et
669 251 805 280 versutus,
823 253 884 281 qute
902 249 1007 281 patrata

220 299 310 328 erant,
328 302 380 322 non
396 295 547 329 ignorabat.
561 293 697 322 Credebat
709 293 792 326 enim,
808 293 876 320 sicut
889 295 959 324 crat,
972 291 1009 318 Ie-

221 346 299 378 gatos
310 341 372 369 dolo
388 346 498 368 necatos
523 348 594 368 esse.
612 339 681 367 Hinc
695 338 844 366 inimicitiae
857 337 1007 365 'l‘urcormn

222 393 250 415 et
277 388 420 414 Persarum
436 386 567 421 originem
585 389 724 419 ceperunt.
741 385 773 411 Et
789 385 857 412 hanc
887 382 1009 411 occasio-

223 443 284 462 nem
299 423 433 466 ilaniacli,
449 434 494 468 qui
508 433 644 467 Sogdaitis
658 436 784 467 praeerat,
802 430 947 465 arripiens,
964 429 1010 456 Di-

223 480 317 508 sabulo
345 480 489 515 persuasit,
507 478 600 505 utilius
621 485 680 505 esse
694 477 788 504 Turcis
805 477 941 504 Romanos
964 483 1010 503 en—

224 526 290 558 lere,
303 531 330 552 et
341 533 434 553 eorum
450 525 596 552 amicitiam
620 524 758 558 amplecti,
777 528 802 549 et
815 523 847 549 ad
862 522 920 549 illos
930 522 1008 561 serici

223 571 416 599 commercium
438 571 594 603 transferre,
621 570 666 604 qui
698 569 761 596 illud
781 569 807 596 in
829 568 1008 603 frequentiori

224 625 276 645 usu
298 618 438 650 haberent,
456 624 537 652 quam
555 616 650 650 reliqui
676 616 808 646 homines,
824 622 905 648 seque
921 616 1009 649 'para-

224 663 358 690 tissituum
385 670 447 690 esse
473 662 578 689 dicebat
595 661 730 694 Mattiach,
760 668 812 687 una
831 668 892 687 cum
915 660 1010 695 legatis

224 708 375 736 Turcorum
390 709 423 735 ad
439 716 499 735 eam
517 706 837 742 legationenvproiicisci,
851 711 880 733 ut
896 706 1009 733 [inuitaui

224 758 252 781 et
281 753 361 780 Turci
382 753 607 786 liacfconditione
630 753 725 780 ﬁerent
746 753 835 780 amici.
853 752 900 779 His
922 752 1011 779 verbis

226 799 371 828 Disabulus
385 806 512 826 assensus
527 798 609 825 mittit
623 798 710 833 ipsum
727 802 755 825 ct
770 798 901 832 quosdam
930 797 1009 830 alios,

224 845 271 879 qui
302 844 462 878 legationem
479 843 587 871 obirent
609 844 678 878 apud
697 845 887 877 imperatorem
911 843 1012 870 Roma-

226 896 304 920 num,
328 889 406 923 eique
420 888 613 923 gratulationes
626 892 654 916 et
680 889 750 916 dona
765 888 842 916 serici
862 896 915 915 non
936 888 1010 923 parvi

229 934 307 969 pretii
323 942 373 961 una
399 941 459 961 cum
478 933 575 961 litteris
599 933 746 961 deferrent.
766 934 846 969 108
863 933 938 961 llam-
959 933 1014 968 epi-

223 979 322 1007 stolam
339 978 428 1006 ferens
447 978 570 1006 Maniach
586 978 613 1006 in
630 978 701 1005 viam
728 986 758 1006 se
772 979 855 1006 dedit.
867 978 932 1006 Cum
949 978 1010 1006 lou-

226 1033 289 1059 gum
304 1024 408 1052 itineris
419 1025 536 1060 spatium
551 1024 714 1052 confecisset
725 1024 878 1060 multasque
890 1026 1012 1061 regiones

225 1076 408 1108 peragrasset,
427 1075 532 1098 montes
556 1074 705 1105 prteruptos
721 1075 748 1098 et
765 1071 883 1106 undique
905 1071 1012 1099 nivibus

226 1122 380 1153 coopertos,
396 1116 455 1144 loca
477 1117 556 1152 plana
571 1121 598 1145 et
611 1117 722 1149 silvosa,
739 1117 851 1151 paludes
868 1121 895 1145 et
923 1116 1012 1144 ﬂumi-

227 1173 274 1198 na,
288 1164 385 1192 deinde
401 1163 552 1191 Caucasum
572 1168 735 1198 superasset,
764 1163 923 1199 Byzantium
951 1171 1012 1198 per-

227 1210 318 1242 venit,
353 1215 379 1238 et
397 1210 422 1236 in
443 1209 542 1245 regiam
567 1209 738 1237 introductus
761 1210 794 1237 ad
821 1210 1011 1244 imperatorem

228 1256 352 1284 accessit.
373 1255 422 1283 llic
432 1256 520 1283 onmia
539 1260 686 1283 exsecutus
697 1260 748 1288 est,
761 1263 821 1291 qum
843 1257 913 1283 inter
925 1257 1013 1284 socias

227 1307 320 1336 gentes
331 1301 470 1328 observari
485 1300 583 1334 solent,
595 1306 622 1328 et
635 1300 740 1328 litteras
750 1306 777 1328 et
793 1302 861 1328 dona
873 1301 900 1329 in
918 1310 1012 1329 manus

228 1346 337 1374 tradidit
351 1354 458 1379 eorum,
471 1354 585 1382 quorum
610 1346 662 1374 hoc
677 1346 795 1374 ofﬁcium
812 1351 882 1380 erat,
899 1353 926 1374 et
952 1355 1013 1383 pre-

226 1398 303 1421 catus
328 1399 381 1426 εει,
406 1400 439 1420 ne
454 1393 504 1420 sibi
529 1392 598 1420 irriti
623 1391 719 1420 ﬁerent
739 1397 792 1420 tam
811 1393 883 1428 longi
907 1394 1012 1422 itineris

227 1439 352 1466 sudores.
379 1438 529 1473 imperator
542 1442 643 1470 autent,
658 1439 703 1465 ubi
722 1438 787 1473 legit
810 1447 858 1474 per
878 1439 1011 1475 interpre-

228 1490 282 1512 tem
308 1485 411 1512 litteras
428 1484 553 1519 Scytliice
582 1484 709 1518 scriptas,
724 1484 885 1520 legationem
909 1485 1010 1513 lubenti

1060 244 1109 269 ἆτε
1123 243 1173 278 τῆς
1193 243 1283 269 αὐτῶν
1309 242 1402 278 χώρας
1429 242 1504 276 sape
1526 242 1627 276 νιφετῷ
1648 241 1849 276 παλυνομένης,

1059 289 1108 315 καὶ
1135 288 1266 315 ἀδύνατον
1285 288 1315 314 δν
1341 288 1433 318 αὐτοῖς
1454 287 1518 314 ἄνευ
1536 286 1696 321 κρυμώὸους
1713 287 1851 321 καταστή-

1062 344 1146 371 ματος
1164 335 1295 370 βιοτεύειν
1310 335 1342 362 “.
1358 334 1452 370 Ταύτῃ
1475 343 1516 360 τοι
1538 335 1585 360 καὶ
1598 333 1686 364 ἄλλως
1708 333 1850 367 ὑποτοπή-

1061 390 1168 413 σαντες,
1181 381 1208 408 οῖ
1221 389 1252 415 γε
1264 381 1313 415 τὴν
1328 380 1474 415 ἐπιϐουλὴν
1494 379 1631 414 διέφυγον,
1650 379 1723 406 οὕτω
1732 378 1850 414 ξυμὸὰν,

1060 427 1101 459 είς
1114 427 1164 463 τὴν
1180 426 1311 461 πατρῴαν
1325 426 1521 457 ἐπανελθόντες
1542 426 1576 453 τὸ.
1603 426 1675 460 ᾇπερ
1693 427 1718 452 ol
1745 426 1852 461 Πέρσαι

1061 475 1109 500 καὶ
1137 474 1162 500 οἳ
1187 472 1375 508 διεψιούρισαν
1409 472 1506 501 ταῦτα.
1525 472 1621 507 Ὅμως
1648 473 1662 499 ὸ
1687 472 1853 504 Διζάὸουλος

1062 520 1201 556 (ἀγχίνους
1219 519 1274 554 γάρ
1284 527 1326 550 τις
1341 518 1389 545 καὶ
1400 517 1497 553 δεινὸς)
1512 518 1563 544 οὐκ
1581 518 1700 554 ἠγνόησε
1723 518 1753 544 τὸ
1781 526 1853 554 πρα-

1061 566 1135 602 χθὲν.
1156 565 1232 601 ᾠήθη
1249 565 1289 597 δὲ,
1304 565 1371 599 ὅπερ
1385 564 1432 591 καὶ
1444 562 1490 600 ἦν.
1507 564 1546 595 ὡς
1571 564 1806 599 ὲδολοφονήθησαν
1827 565 1852 590 oi

1061 612 1201 647 πρὲσὸεις.
1213 610 1309 637 Ἔνθεν
1322 610 1466 646 τοιγαροῦν
1481 611 1497 645 ἡ
1508 611 1654 645 δυσμένεια
1664 610 1766 646 ἤρξατο
1781 611 1852 645 Περ-

1062 659 1116 684 σῶν
1130 666 1159 684 τε
1183 657 1231 684 καὶ
1249 656 1391 692 Τούρκων.
1417 657 1472 683 Καὶ
1492 656 1641 690 λαὸόμενος
1653 657 1667 682 ὸ
1686 657 1807 691 Μανιάχ.
1822 656 1853 687 ὃς

1061 703 1114 730 τῶν
1141 703 1293 737 Σογδαῖτῶν
1318 702 1494 738 προεστήκει,
1508 702 1610 729 τοιοῦδε
1626 702 1647 718 ⁸⁸
1659 702 1755 738 καιροῦ
1779 711 1851 738 συμ-

1061 750 1187 776 ϐουλεύει
1215 750 1254 786 τῷ
1280 749 1446 785 Διζαὸούλῳ,
1477 750 1590 784 ἄμεινον
1621 747 1692 776 εἶναι
1718 749 1854 784 Τούρκοις

1062 796 1239 823 ἀσπάσασθαι
1253 796 1288 823 τὰ
1305 795 1462 831 Ῥωμαίων,
1490 795 1540 822 καὶ
1562 794 1629 830 παρ’
1645 794 1744 825 αὐτοὺς
1772 793 1854 820 ὢνιον

1063 842 1243 877 ἀποκομίζειν
1269 842 1318 878 τὴν
1342 841 1474 877 μέταξαν,
1498 840 1536 873 ὥς
1560 849 1592 875 γε
1609 841 1631 857 ¹⁶
1648 841 1695 867 καὶ
1724 841 1797 867 κατὰ
1822 840 1854 866 τὸ

1065 889 1144 916 πλέον
1158 889 1213 915 τῶν
1223 888 1312 915 ἄλλων
1326 887 1479 923 ἀνθρώπων
1499 887 1668 923 χρωμένους,
1687 887 1854 921 ἑτοιμότατοι

1062 933 1091 961 δὲ
1103 934 1125 950 ¹⁷
1143 933 1214 969 ἔχειν
1228 933 1280 968 ἔφη
1292 934 1306 960 ὸ
1327 932 1436 968 Μανιὰχ
1459 933 1507 959 καὶ
1531 932 1613 964 αὐτὸς
1637 932 1819 966 συναπαίρειν
1832 932 1855 947 ⁸⁸

1062 981 1120 1013 τοῖς
1135 980 1284 1015 πρέσϐεσιν
1299 979 1353 1007 τῶν
1381 979 1512 1014 Τούρκων
1522 987 1529 995 ·
1546 978 1592 1005 καὶ
1614 979 1652 1010 ὡς
1675 979 1763 1014 ταύτῃ
1779 979 1855 1013 φίλοι

1063 1026 1171 1053 ἔσονται
1194 1025 1325 1060 Ῥωμαῖοί
1350 1034 1379 1051 τε
1401 1025 1449 1052 καὶ
1473 1024 1598 1060 Τοῦρκοι.
1629 1025 1741 1057 Τούτοις
1764 1026 1853 1060 δήπου

1063 1071 1237 1103 κατανεύσας
1262 1073 1319 1103 τοῖς
1349 1072 1470 1108 ῥήμασιν
1487 1072 1500 1098 ὁ
1518 1071 1682 1103 Διζάὸουλος
1711 1072 1854 1106 ἐκπέμπει

1064 1117 1145 1144 αὐτόν
1154 1125 1184 1143 τε
1200 1117 1247 1143 καὶ
1271 1116 1381 1152 ὲτέρευς
1404 1115 1479 1146 τινὰς
1501 1115 1538 1146 ὡς
1567 1114 1682 1150 βασιλέα
1707 1115 1855 1150 Ῥωμαίων

1064 1163 1317 1200 πρεσϐευσομινους
1334 1163 1367 1193 ¹⁹,
1383 1163 1549 1198 προσρήσεις
1573 1170 1602 1189 τε
1630 1161 1853 1196 ἀποκομιοῦντας

1065 1211 1112 1237 καὶ
1123 1210 1197 1246 δῶρα
1213 1210 1344 1245 μετάξης,
1360 1210 1410 1236 οὐκ
1424 1209 1515 1244 ὀλίγον
1531 1218 1557 1236 τι
1573 1209 1678 1244 χρῆμα,
1693 1208 1741 1235 καὶ
1753 1209 1852 1236 συλλα-

1064 1257 1115 1288 ϐάς
1127 1266 1214 1288 τινας.
1239 1256 1352 1283 Τοιάσδε
1378 1256 1455 1288 τινὰς
1479 1256 1624 1287 ἐπιστολὰς
1651 1256 1853 1291 ἐπιφερόμενος

1064 1303 1199 1338 ὸΜανιὲιχ
1214 1303 1356 1337 ἀπήρξατο
1378 1303 1427 1337 τῆς
1455 1301 1620 1337 ὁδοιπορίας.
1637 1302 1692 1328 Καὶ
1707 1302 1739 1337 δὴ
1764 1303 1794 1334 ἐς
1817 1302 1853 1328 τὰ

1066 1349 1183 1383 μάλιστα
1195 1348 1294 1383 πολλὴν
1310 1348 1439 1379 διανύσας
1464 1348 1597 1383 ἀτραπὸν,
1610 1348 1714 1383 χώρους
1732 1356 1761 1374 τε
1778 1347 1852 1374 διελ-

1065 1394 1118 1421 θὼν
1132 1394 1205 1421 ὲσότι
1225 1395 1379 1427 πλείστους,
1397 1395 1448 1430 ὅρη
1467 1403 1496 1420 τε
1521 1395 1637 1429 μέγιστα
1652 1395 1699 1421 καὶ
1716 1394 1852 1429 ἀγχινεφῆ

1064 1441 1111 1467 καὶ
1125 1441 1203 1467 πεδία
1217 1441 1264 1467 καὶ
1276 1440 1376 1472 νάπας,
1392 1440 1489 1475 λίμνας
1506 1449 1535 1466 τε
1552 1440 1600 1466 καὶ
1622 1441 1772 1475 ποταμοὺς,
1791 1438 1853 1467 εἶτα

1065 1487 1110 1513 τδν
1122 1486 1267 1513 Καύκασον
1281 1486 1363 1513 αὑτὸν
1376 1487 1399 1502 ²⁶
1414 1486 1444 1513 τὺ
1469 1486 1532 1521 ὅρος
1561 1485 1731 1521 ὑπερελθὼν,
1749 1486 1780 1512 τὸ
1807 1495 1853 1513 τε-

229 1529 320 1556 animo
334 1530 453 1557 admisit.
475 1529 567 1564 itaque
583 1528 686 1563 legatos
711 1534 902 1564 percunctatus
922 1535 963 1558 est
978 1531 1011 1558 dc

1064 1532 1185 1559 λευταῐον
1201 1532 1315 1566 ἀφίκετο
1335 1533 1364 1564 ἐς
1381 1532 1539 1564 Βυζάντιον.
1561 1532 1617 1559 Καὶ
1633 1532 1724 1558 τοίνυν
1754 1533 1796 1565 είς
1816 1533 1852 1559 τὰ

230 1574 378 1602 Turcorum
394 1574 547 1610 principatu
562 1579 588 1602 et
610 1574 720 1609 regione
736 1584 741 1601 :
757 1574 793 1601 illi
818 1581 882 1602 vero
899 1582 1009 1610 respon-

229 1620 338 1653 derunt,
349 1625 467 1655 quatuor
484 1621 552 1655 apud
564 1627 611 1647 eos
619 1620 804 1654 priefecturas,
815 1621 862 1648 sed
874 1628 1011 1649 summum

231 1666 314 1693 totius
325 1665 411 1701 gentis
425 1660 568 1700 imperiunm
582 1672 664 1700 penes
678 1665 764 1694 solum
774 1665 930 1694 Disabulum
941 1674 1011 1695 esse.

230 1712 272 1739 Ad
291 1711 348 1739 haec
363 1710 491 1738 dixerunt
504 1711 642 1745 subegisse
662 1711 834 1746 Ephthalltas
846 1719 946 1747 eosque
965 1713 1012 1741 Iri-

231 1760 322 1786 butum
349 1757 464 1791 pendere
488 1757 621 1792 coegisse.
652 1765 662 1783 ι
686 1757 779 1785 Omnis
802 1757 900 1792 igitur,
924 1759 1013 1794 inquit

231 1803 390 1838 imperator,
416 1810 430 1829 a
446 1802 523 1830 vobis
543 1806 585 1830 est
608 1809 701 1830 eversa
724 1801 939 1837 Ephtbalilarum
964 1811 1013 1838 po-

231 1849 337 1877 lentia?
356 1858 366 1875 ι
383 1848 572 1875 Annuentibus
593 1848 698 1883 legatis,
715 1849 863 1884 imperator
886 1851 990 1885 rogavit
1004 1860 1012 1878 :

232 1905 243 1923 ι
261 1895 356 1923 Utrum
379 1895 404 1922 in
417 1895 538 1926 urbibus,
553 1902 586 1922 an
602 1895 710 1923 vicatim
725 1895 882 1923 habitabant
895 1897 1014 1932 Ephtha-

230 1943 303 1970 litae?
313 1952 322 1968 ι
334 1957 366 1962 —-
380 1951 390 1967 ι
404 1941 513 1975 Gens,o
526 1941 644 1974 domine,
655 1942 735 1969 urbes
744 1941 826 1970 colit.‘
837 1951 847 1968 ι
857 1958 892 1964 -
909 1952 918 1969 ι
932 1943 1012 1978 Ergo,

230 1989 346 2024 subjecit
372 1988 531 2023 imperator,
561 1987 733 2016 manifestum
753 1993 805 2021 est,
824 1995 872 2017 vos
893 1990 1012 2017 omnium

231 2035 348 2067 urbium.
361 2042 420 2069 quae
429 2034 536 2062 illorum
553 2033 670 2067 l'uerunl,
685 2034 772 2063 factos
782 2042 842 2062 esse
853 2035 985 2063 dominos.
1001 2044 1011 2061 ι

230 2096 265 2102 -
280 2090 288 2106 ι
302 2080 346 2108 Sic
355 2083 407 2112 est,
417 2079 575 2115 imperator,
589 2087 600 2105 ι
611 2079 745 2107 dixerunt.
761 2088 770 2105 ι
783 2079 834 2108 Sed
847 2087 896 2108 nos
909 2081 1012 2114 docete,

232 2130 330 2160 quanta
345 2124 381 2152 sit
402 2125 520 2151 Avarum
551 2123 704 2156 multitudo,
729 2131 789 2159 qua!
806 2125 888 2152 vestri
909 2125 1014 2160 imperii

232 2171 337 2198 frenum
352 2169 481 2203 excussit,
495 2173 522 2196 et
533 2177 596 2196 uutn
611 2176 675 2204 pars
690 2168 837 2196 etiamnum
855 2169 932 2198 vobis
951 2170 1014 2198 sub-

230 2217 299 2252 jecta
321 2215 366 2244 sit.
387 2225 397 2242 ›
409 2224 464 2241 -ι
482 2215 552 2243 Sunt
565 2215 610 2250 qni
628 2220 721 2243 nostro
734 2215 847 2250 imperio
860 2217 949 2244 adhuc
967 2225 1016 2252 pa-
1032 2207 1055 2236 ί)

232 2266 320 2289 rcant.
350 2260 401 2295 Qui
413 2268 478 2288 vero
501 2267 515 2287 a
530 2260 607 2288 nobis
619 2260 788 2294 defecerunt,
813 2262 930 2289 arbitror
955 2269 1016 2290 esse

232 2307 342 2335 circiter
353 2306 447 2342 viginti
471 2305 565 2334 millia.
585 2315 595 2332 ι
614 2305 754 2334 Postremo
766 2306 921 2341 imperatori
937 2308 1016 2335 dinu-

232 2356 373 2381 merarunt
389 2356 483 2388 gentes
496 2351 592 2380 Turcis
614 2351 748 2379 subditas.
767 2352 866 2380 Deinde
877 2353 911 2381 ab
927 2360 969 2385 co.
986 2359 1016 2382 ut

231 2418 283 2446 pax
301 2413 328 2438 et
342 2416 478 2437 armorum
501 2409 617 2437 societas
632 2408 762 2437 Romanis
774 2415 800 2437 et
816 2410 913 2439 Turcis
933 2417 1015 2446 esset,

233 2457 378 2492 petierunt.
403 2455 581 2489 Addiderunt,
610 2462 640 2483 se
668 2456 852 2490 paratissimos
866 2464 936 2490 esse,
965 2466 1017 2493 ιιι]-

233 2509 316 2538 gnare
339 2506 433 2529 contra
444 2508 550 2535 omnes,
567 2502 612 2537 qui
626 2500 754 2529 Romanae
768 2502 946 2530 dominationi
973 2504 1015 2532 in-

233 2548 306 2582 festi,
332 2555 379 2577 eos
406 2555 491 2584 prope
513 2547 632 2583 ipsorum
657 2548 724 2576 lines
748 2548 817 2576 bello
846 2557 1015 2586 appeterent.

235 2594 298 2623 Haec
308 2594 387 2622 simul
402 2599 483 2629 atque
499 2595 719 2629 pronuntiarunt,
735 2594 867 2629 Maniaclt,
891 2599 1015 2627 manibus

234 2641 260 2668 in
275 2641 373 2669 caelum
397 2641 520 2674 sublatis,
547 2645 574 2669 et
588 2641 633 2675 qui
653 2648 714 2668 cum
729 2641 787 2676 ipso
803 2648 891 2676 erant,
911 2643 1015 2678 jureju-

1065 1580 1189 1615 βασίλεια
1213 1580 1358 1616 παρελθὼν
1383 1581 1431 1607 καὶ¹
1455 1580 1531 1616 παρὰ
1559 1579 1674 1616 βασιλέα
1703 1581 1852 1616 γενόμενος

1063 1628 1172 1654 ἅπαντα
1189 1627 1289 1663 ἔπραξε
1305 1627 1340 1654 τὰ
1353 1627 1403 1653 ὅσα
1417 1626 1512 1653 ἕπεται
1528 1626 1566 1662 τῷ
1581 1628 1630 1662 τῆς
1643 1627 1735 1661 φιλίας
1744 1626 1850 1662 θεσμῷ,

1063 1675 1094 1702 τό
1111 1683 1140 1702 τε
1156 1675 1275 1710 γράμμα
1290 1673 1338 1701 καὶ
1349 1675 1381 1701 τὰ
1393 1673 1468 1709 δῶρα
1485 1673 1634 1709 ἐνεχείρισε
1655 1675 1710 1705 τοῖς
1725 1674 1754 1706 ἐς
1769 1674 1852 1700 τοῦτο

1063 1721 1227 1756 ἀνειμένοις,
1240 1720 1288 1747 καὶ
1305 1720 1389 1747 ἐδεῖτο
1403 1720 1440 1755 μὴ
1453 1719 1598 1755 ἀνονήτους
1625 1720 1699 1756 αὐτῷ
1722 1720 1851 1754 γενέσθαι

1063 1769 1126 1799 τοὺς
1139 1767 1188 1803 τῆς
1200 1766 1354 1803 ὁδοιπορίας
1372 1765 1498 1801 ιδρῶτας.
1517 1765 1600 1801 Ἀτὰρ
1612 1767 1626 1793 ὁ
1642 1766 1768 1802 βασιλεὺς
1783 1768 1852 1794 ἀνα-

1063 1813 1211 1849 λεξάμενος
1226 1813 1270 1841 διὰ
1286 1813 1341 1840 τῶν
1364 1812 1505 1847 ἑρμηνέων
1523 1812 1553 1839 τὸ
1571 1813 1688 1849 γράμμα
1702 1813 1733 1840 τὸ
1750 1814 1851 1840 Σκυθι-

1063 1861 1110 1887 κδν
1128 1860 1318 1894 ἀσμενέστατα
1332 1859 1489 1895 προσήκατο
1501 1860 1550 1895 τὴν
1569 1859 1728 1895 πρεσϐείαν.
1751 1861 1852 1894 Τοιγα-

1065 1904 1129 1942 ροῦν
1152 1906 1233 1940 ἤρετο
1253 1905 1316 1936 τοὺς
1342 1903 1470 1939 τιρέσὸεις
1487 1905 1551 1940 περὶ
1575 1905 1625 1940 τῆς
1646 1905 1701 1932 τῶν
1718 1905 1851 1941 Τούρκων

1064 1951 1213 1988 ἡγεμονίας
1227 1959 1257 1977 τε
1273 1951 1320 1978 καὶ
1332 1950 1434 1986 χώρας.
1449 1951 1480 1978 Οί
1495 1951 1523 1977 δέ
1538 1960 1569 1985 γε
1590 1951 1694 1986 ἔφασαν
1715 1951 1852 1987 τέτταρας

1065 1997 1156 2029 αὐτοῖς
1172 1995 1242 2023 εἶναι
1268 1997 1417 2031 ἡγεμονίας
1429 2005 1436 2012 ’
1447 1997 1478 2023 τὸ
1491 1996 1520 2023 δέ
1543 2005 1576 2034 γε
1600 1998 1701 2032 κράτος
1715 1998 1762 2025 τοῦ
1781 1998 1851 2033 ξύμ-

1065 2051 1166 2074 παντος
1180 2042 1273 2074 ἔθνους
1300 2043 1422 2070 ἀνεῖσθαι
1440 2042 1512 2078 μόνῳ
1539 2042 1578 2077 τῷ
1594 2043 1760 2080 Διζαὸούὶῳ.
1780 2045 1852 2080 Πρός

1064 2098 1096 2124 γε
1111 2088 1216 2124 ἔλεξαν,
1230 2090 1267 2121 ὡς
1283 2089 1492 2124 παρεστήσαντο
1514 2089 1561 2115 καὶ
1579 2089 1741 2122 Ἑφθαλίτας
1769 2090 1852 2125 μέχρι

1065 2136 1112 2163 καὶ
1140 2137 1167 2167 ἐς
1194 2136 1277 2171 φόρου
1292 2135 1457 2170 ἀπαγωγήν.
1472 2143 1481 2160 t
1495 2134 1589 2160 Πᾶσαν
1604 2134 1660 2168 οὖν,
1676 2135 1730 2171 ἔφη
1745 2136 1758 2162 ὁ
1769 2136 1851 2162 αὺτο-

1068 2182 1191 2218 κράτωρ,
1210 2181 1259 2218 τὴν
1287 2181 1341 2208 τῶν
1362 2180 1530 2215 Ἐφθαλιτῶν
1554 2181 1788 2216 ἐκποιήσασθαι¹ι
1804 2182 1851 2209 6'3—

1067 2237 1160 2264 ναμιν.
1169 2238 1228 2254 ›-‹
1241 2228 1315 2255 Πάνυ
1326 2228 1374 2263 μὲν
1387 2224 1461 2259 οὖν,›
1473 2226 1566 2259 ἔλεξαν
1578 2227 1603 2254 οἱ
1619 2227 1757 2263 πρέσϐεις.
1768 2226 1852 2260 Αὖθις

1067 2275 1081 2301 ὀ
1092 2275 1220 2311 βασιλεύς
1233 2283 1240 2290 ·
1255 2285 1263 2301 ι
1277 2274 1358 2302 Κατὰ
1366 2275 1458 2306 πόλεις
1473 2275 1489 2309 ἢ
1504 2282 1554 2300 που
1570 2274 1624 2310 ἄρα
1638 2275 1708 2301 κατὰ
1721 2275 1818 2310 κώμας
1828 2277 1852 2292 ¹²

1068 2321 1155 2357 ᾤκουν
1166 2321 1190 2347 oi.
1200 2321 1361 2355 Ἐφοαλῖται
1373 2328 1381 2353 ;
1399 2329 1408 2346 ι
1422 2320 1454 2346 Οἱ
1465 2319 1625 2354 πρέσϐειςσι
1639 2318 1770 2351 Ἀστικοὶ,
1781 2317 1854 2346 ὦδέ-

1068 2376 1167 2400 σποτα,
1184 2367 1214 2393 τὸ
1229 2367 1324 2401 φῦλον.
1347 2375 1407 2392 ι-ι
1426 2365 1546 2400 Εὔδηλον
1558 2362 1615 2398 οὖν,
1633 2363 1651 2401 ἦ
1666 2365 1693 2391 δὲ
1708 2366 1731 2382 ’³
1743 2367 1757 2392 ὁ
1771 2366 1852 2401 βασι-

1069 2414 1144 2445 λεὺς,
1154 2413 1192 2445 ὼς
1205 2412 1317 2439 ἐκείνων
1330 2412 1416 2447 δήπου
1424 2411 1478 2438 τῶν
1491 2411 1595 2438 πόλεων
1612 2411 1702 2447 κύριοι
1717 2412 1854 2446 καθεστή-

1072 2458 1281 2487 κατε.›-ιΚαὶ
1300 2458 1371 2493 μάλα
1381 2479 1388 2491 ,
1405 2468 1417 2484 ι
1435 2457 1549 2492 ἔφασαν.
1560 2457 1588 2484 '0
1598 2457 1725 2493 βασιλεύς
1735 2466 1742 2472 ·
1756 2467 1765 2484 ι
1781 2459 1854 2494 Ἀρι

1070 2506 1142 2542 ἡμᾶς
1152 2505 1327 2538 ἀναδιδάξατε
1339 2506 1387 2540 ὂση
1398 2505 1420 2521 ⁸⁸
1429 2504 1482 2531 τῶν
1493 2505 1614 2540 ’Ᾱὸἁρων
1622 2505 1726 2541 πληθὺς
1738 2505 1788 2540 τῆς
1798 2506 1853 2532 τῶν

1071 2553 1201 2588 Τούρκων
1215 2553 1365 2588 ἀφηνίασεν
1384 2552 1560 2587 ἐπικρατείας
1576 2551 1609 2583 ’⁸,
1626 2552 1673 2578 καὶ
1687 2551 1714 2577 εἴ
1725 2559 1798 2583 τινες
1813 2552 1854 2578 ἔτι

1072 2598 1137 2634 παρ’
1149 2599 1234 2633 ύμῖν;
1251 2608 1260 2624 ι
1273 2613 1305 2618 -—-
1321 2607 1329 2622 ι
1345 2597 1406 2624 Εἰσὶ
1420 2597 1479 2632 μὲν,
1490 2594 1512 2623 ὧ
1524 2596 1645 2632 βασιλεῦ,
1662 2597 1726 2630 οἵγε
1736 2597 1770 2623 τὰ
1785 2597 1856 2631 ήμέο

1071 2653 1138 2678 τερα
1148 2644 1308 2679 στέργουσιν
1319 2644 1375 2670 ἔτι·
1389 2645 1450 2676 τοὺς
1462 2644 1489 2670 δὲ
1503 2643 1638 2678 δήπουθεν
1648 2643 1856 2678 ἀποδράσαντσς

870 2714 985 2743 νΑΙὶΙΑΞ
998 2716 1198 2744 LECTIONES.

272 2767 299 2809 ¹ξ
309 2766 439 2809 βιοτεύειν
457 2766 502 2809 Η.)
518 2766 637 2809 βιοτεῦον
651 2768 724 2809 vulg.
752 2769 785 2809 ,η
801 2770 902 2809 τοιοζιδε
920 2771 961 2802 Β.,
974 2772 1050 2809 τοῦδε
1070 2774 1141 2808 vulg.
1180 2774 1202 2790 "
1215 2773 1253 2805 ὦς
1270 2781 1301 2807 γε
1320 2773 1360 2805 IL,
1376 2774 1444 2809 ὥστε
1464 2773 1535 2808 vulg.
1572 2773 1597 2809 ν¹⁷
1608 2773 1635 2799 δὲ
1646 2772 1692 2809 8,,
1710 2774 1757 2800 καὶ
1782 2775 1855 2809 vulg.

269 2801 350 2841 αὐτὸς
372 2801 562 2841 ,συναιπαίρεινή
577 2801 628 2841 B.,_
643 2801 724 2841 ¢£r§v
738 2803 783 2830 οὖν
798 2805 925 2841 ᾲπαίρειν
942 2801 1013 2841 vnlg.

1055 2809 1074 2844 ‘7’
1086 2809 1339 2844 πρεσῆευσαμένους
1353 2809 1396 2836 ed.
1411 2808 1470 2836 Par.
1491 2843 1495 2844 ν
1509 2809 1531 2824 ¹⁰
1547 2808 1628 2834 αὑτὸν
1643 2808 1685 2840 Β.,
1698 2809 1764 2835 αὐτὸ
1781 2808 1855 2842 νηιξ.

235 2836 467 2879 ξδιζλίεῆιῇσῗίζθε
485 2841 533 2879 alii
548 2836 727 2879 ᾠκῇιὼξασθε
745 2840 816 2879 ειζηὶ-
830 2836 876 2879 ,ΒῘ
902 2841 928 2879 _"
939 2836 1008 2879 κατῖἆ
1032 2836 1128 2878 κώμας
1150 2844 1218 2874 ναι..
1235 2836 1304 2870 κατὰ
1330 2836 1429 2878 κώμης
1453 2843 1542 2878 vulg..
1572 2844 1618 2870 καὶ
1640 2836 1723 2870 sint.
1753 2852 1806 2879 mg.
1821 2836 1856 2872 illi

235 2870 328 2908 ¹³ἦδὲ
349 2870 392 2904 Βζ,
407 2871 457 2906 ἠδη
475 2870 559 2905 νυιεέ
586 2871 610 2887 ³⁸
632 2872 680 2907 ὅση
707 2872 749 2906 Β.,
765 2870 804 2905 ὡς
824 2875 841 2910 ὴ
865 2876 936 2913 vulg.

987 2878 1009 2894 "
1035 2879 1151 2914 ἀφηνίας
1177 2881 1205 2905 ἐν
1225 2880 1384 2916 ἐπικρατείᾳ
1409 2879 1493 2916 vulg,
1525 2879 1579 2908 Val.
1616 2886 1668 2906 em.
1690 2879 1767 2915 ὑμῶν
1783 2878 1857 2915 int.
