1951 3074
153 147 207 179 $09

551 146 600 176 DE
621 145 907 177 LEGATIONIBUS
926 145 1102 176 GENTIUM
1123 146 1173 176 AD
1194 144 1382 176 ROMANOS.

1725 143 1779 174 810

150 200 229 237 οἶμαι
244 200 316 236 ἀμφὶ
331 199 380 232 τὰς
397 200 497 226 εἴκοσιν
511 197 580 226 ε’ίναι
593 199 741 234 χιλιάδας.»
759 198 826 226 Εῐτα
841 200 943 234 ἀπαρι-

1002 201 1080 227 rando
1109 200 1238 232 maxime,
1254 207 1314 227 sese
1335 207 1369 227 ex
1392 198 1475 226 animi
1489 199 1530 227 sui
1548 199 1681 227 sententia
1712 201 1782 226 bona

153 247 327 282 θμησάμενοι
343 246 367 272 οἱ
383 246 511 281 πρέσϐεις
525 245 589 280 ἐονη
605 247 728 280 κατήκοα
754 245 896 280 Τούρκων,
911 245 942 271 τὸ

152 293 246 321 λοιπὸν
261 292 416 328 ἠντιϐόλουν
430 291 619 327 αὐτοκράτορα
635 292 749 327 εἰρήνην
767 301 796 317 τε
812 291 941 324 ξυνεστά-

154 349 197 367 ναι
224 339 272 366 καὶ
298 338 452 374 ὁμαιχμίαν
477 339 626 373 Ῥωμαίοις
657 347 686 365 τε
718 338 767 365 καὶ
795 338 938 373 Τούρκοις.

154 385 355 420 Προσετίθεσαν
382 384 421 416 δέ,
437 384 474 416 ὡς
503 385 549 410 καὶ
562 385 726 420 ἐτοιμότατα
746 384 836 419 ἐχουσι
853 393 939 410 κατα-

153 430 310 466 πολεμῆσαι
322 430 373 466 τῆς
392 430 537 465 Ῥωμαίων
552 430 731 465 ἐπικρατείας
753 430 784 457 τὸ
797 430 940 465 δυσμενὲς,

997 244 1049 272 Ilde
1067 245 1123 272 lucc
1147 245 1237 272 omnia
1256 244 1348 272 dicere
1362 248 1389 272 et
1411 244 1570 279 promittere
1589 244 1781 279 allii-inurunt;

995 291 1023 318 ni
1037 298 1067 318 ea
1084 298 1147 318 vera
1169 294 1269 323 essent,
1293 294 1339 318 aut
1354 290 1375 317 si
1392 291 1509 318 scientes
1536 290 1672 323 fallerent,
1695 298 1783 325 neque

995 343 1026 364 ea
1052 336 1238 368 observarent,
1265 335 1316 363 sibi
1343 335 1407 370 ipsis
1422 340 1450 363 et
1467 336 1518 370 ipsi
1535 335 1661 364 Disabnlo
1681 336 1784 371 totique

996 383 1069 418 genti
1095 383 1168 409 diras
1195 386 1257 410 sunt
1273 381 1425 416 itnprecati.
1441 382 1480 408 Ad
1494 383 1566 409 hunc
1578 383 1688 409 modum
1717 390 1783 417 gens

995 429 1110 456 Turcica
1123 429 1253 456 Romanis
1267 429 1354 455 amica
1366 432 1409 456 est
1425 428 1506 457 facta.

152 475 252 502 ὁπόσον
266 476 296 507 ἐς
310 475 359 511 τὴν
383 480 443 502 κατ’
457 476 556 507 αὐτοὺς
573 476 597 492 ’⁸
613 475 791 510 ἀγελάζονται
814 476 938 511 ἤπειρον.
964 474 1027 502 Ἐπὶ
1045 474 1150 506 τούτοις
1177 474 1236 510 ἅμα
1250 474 1289 510 τῷ
1300 474 1374 508 λέξαι
1388 475 1429 502 τὼ
1461 477 1535 511 χεῖρε
1550 475 1618 510 ὑψοῦ
1639 476 1783 508 ἀνατείνας

151 525 165 550 ὁ
180 523 292 558 Μανιὰχ
319 523 346 550 οῐ
359 531 389 549 τε
402 523 424 539 ’⁷
436 523 486 557 ξὺν
509 523 584 558 αύτῷ
602 523 676 559 ὅρκῳ
690 523 877 550 ἐπιστώσαντο
911 522 1044 558 μεγίστῳ,
1077 520 1095 557 ἦ
1129 521 1181 558 μὴν
1191 521 1378 558 ὀρθογνώμονι
1402 522 1506 559 διανοίᾳ
1531 522 1617 550 ταῦτα
1645 523 1783 558 εἰρῆσθαι.

152 569 225 604 Πρός
240 577 272 603 γε
305 568 354 596 κα)⁸
379 570 510 604 κατέχεον
533 569 603 604 ἀρὰς
628 571 721 605 σφίσιν
747 571 850 603 αὐτοῖς,
871 569 911 597 ἐτι
945 578 977 604 γε
999 569 1053 605 μὴν
1081 570 1128 597 καὶ
1157 570 1196 605 τῷ
1217 569 1384 605 Διζαὸούλῳ,
1407 570 1475 597 ἀλλὰ
1501 570 1556 605 γὰρ
1582 570 1629 597 καὶ
1650 570 1730 598 παντὶ
1745 570 1784 604 τῷ

152 616 235 649 ἐονει,
251 617 278 643 εῐ
295 625 326 651 γε
339 616 400 652 οὐχὶ
414 617 448 643 τὰ
461 616 658 652 ἐπηγγελμένα
680 616 769 652 ἀληθῆ
791 626 820 644 τε
838 617 881 652 εἴη
896 617 943 644 καὶ
963 617 1098 652 πρακτέα.
1130 617 1210 644 Οὕτω
1228 617 1277 652 μὲν
1290 615 1336 644 οὖν
1351 617 1382 644 τὸ
1413 617 1496 652 φῦλον
1518 618 1543 644 ei
1566 616 1683 652 Τοῦρκοι
1712 617 1784 651 φίλοι

152 664 279 698 ἐγένοντο
298 663 460 699 Ῥωμαίοις,
478 664 526 691 καὶ
552 665 587 700 τῇ
611 664 672 690 καθ’
688 664 761 699 ἡμᾶς
775 664 836 700 οὐχὶ
855 664 943 696 ἄλλως
962 665 1111 701 ἐφοίτησαν
1126 665 1262 701 πολιτείᾳ.

188 710 224 746 η’.
238 712 300 738 Ὅτι
321 711 518 747 διαθρυλληοέν
546 712 616 738 κατὰ
634 711 684 747 τὴν
707 711 856 748 Τουρκίαν,
885 712 942 739 ὅσοι

153 758 299 793 ἁγχίθυροι
324 756 406 794 ἦσαν,
432 759 469 790 ὡς
496 758 640 793 Ῥωμαίων
666 759 847 794 ἐνδημοῦσι¹⁸
875 758 944 794 πρέ-

1031 713 1057 741 8.
1080 713 1124 748 (Α.
1137 712 1169 740 (ἒ.
1194 713 1246 741 569
1260 712 1316 740 Ind.
1334 712 1352 740 2
1370 711 1468 741 .Instini
1483 713 1522 748 5.)
1538 712 1685 748 Postquam
1715 712 1786 741 fama

997 760 1030 787 ad
1048 759 1178 787 ﬁnitimas
1190 759 1295 787 Turciae
1322 765 1415 795 gentes
1430 764 1602 794 pervenerat,
1616 760 1718 794 legatos
1734 760 1787 788 Ro-

154 804 243 837 σὸεις,
260 805 307 831 καὶ
320 804 357 836 ὡς
372 805 534 840 πορεύονται
547 805 597 840 τὴν
613 806 661 832 ἐπὶ
673 805 703 832 τὸ
716 804 866 838 Βυζάντιον
885 804 943 840 ἅμα

1002 812 1139 832 manorum
1166 805 1320 836 advenisse,
1346 812 1447 840 eosque
1462 812 1515 832 una
1546 813 1608 832 eum
1636 805 1786 833 Turcorum

152 850 286 885 πρεσϐείᾳ
316 850 456 886 Τούρκων,
476 852 490 877 ὁ
510 851 564 878 τῶν
586 851 678 887 ἐκείνῃ
688 852 710 868 ¹²
725 851 811 878 ἐθνῶν
834 850 946 887 ἡγεμὼν

154 896 273 931 ἐδήλωσε
286 896 325 932 τῷ
341 895 497 931 Διζασούλῳ
513 896 559 930 ξὺν
574 898 688 933 ἱκετείᾳ,
702 897 740 929 ώς
756 897 789 925 ἂν
805 898 852 924 καὶ
867 897 948 929 αὐτὸς

152 942 186 968 ἐκ
208 942 256 968 τοῦ
280 943 414 977 σφετέρου
437 943 515 974 τινὰς
534 943 695 971 ἀποστείλαι
715 944 808 976 ἔθνους
823 944 870 970 ἐπὶ
883 942 948 970 θέαν

152 987 203 1022 τῆς
224 987 382 1022 Ῥωμαῖκῆς
400 988 550 1020 πολιτείας.
570 989 626 1016 Καὶ
646 990 736 1016 τοίνυν
754 991 768 1017 ό
786 989 949 1022 Διζάὸουλος

151 1032 243 1067 ἐφίετο
254 1033 286 1060 ³ο.
304 1033 358 1059 Kal.
380 1033 469 1069 ἐτεροι
481 1034 502 1050 ¹¹
521 1035 550 1061 δέ
568 1036 741 1071 προεστῶτες
760 1035 845 1062 ἐθνῶν
862 1035 948 1062 ταῦτα

152 1079 285 1114 ἐζήτουν
306 1079 321 1106 ὸ
337 1079 366 1106 δέ
391 1080 480 1106 οὐδενὶ¹
507 1079 680 1116 ξυνεχώρησε
708 1081 762 1108 τῶν
793 1081 947 1116 πάντων,ἢ

155 1124 234 1159 μόνον
247 1123 285 1159 τῷ
300 1124 355 1150 τῶν
371 1124 497 1152 Χλιατῶν
513 1126 639 1161 ἡγεμόνι.
657 1126 713 1153 Καὶ
733 1125 780 1153 οὖν
792 1126 839 1153 καὶ
853 1126 948 1153 τοῦτον

153 1170 355 1205 παρειληφότες
365 1171 389 1196 οἱ
410 1170 540 1206 Ῥωμαῖοι
565 1172 609 1199 διὰ
629 1171 678 1199 τοῦ
693 1172 842 1207 λεγομένου
860 1180 946 1199 ποτα-

157 1215 208 1250 μοῦ
238 1216 302 1251 Ὤὴχ
314 1236 322 1249 ,
339 1217 386 1243 καὶ
402 1217 525 1252 ἀτραπὸν
549 1217 725 1250 διανύσαντες
747 1217 875 1253 οὐδαμῶς
893 1217 949 1244 ὀλί-

156 1270 219 1296 γην,
237 1262 361 1296 ἐγένοντο
376 1263 447 1289 κατὰ
460 1263 492 1298 δὴ
504 1264 553 1299 τὴν
564 1264 662 1299 λίμνην
677 1264 727 1300 τὴν
740 1263 857 1291 ἄπλετον
877 1264 950 1290 ἐκεί-

158 1315 209 1342 νην
235 1308 282 1334 καὶ
308 1309 417 1343 εὐρεῖαν
429 1309 462 1336 ³².
486 1309 620 1336 Ἐνταῦθα
637 1309 651 1336 ὁ
666 1309 814 1345 Ζὴμαρχος
824 1309 846 1325 ³³
860 1309 950 1335 ἐνδια-

157 1353 256 1390 τρίψας
271 1354 377 1389 ἡμέρας
392 1355 478 1390 τρεῖς,
491 1354 595 1381 στέλλει
610 1355 759 1390 Γεώργιον,
773 1355 802 1387 ὃς
814 1355 905 1381 ἀνεῖτο
922 1355 950 1386 ἐς

158 1400 207 1435 τὴν
219 1400 272 1426 τῶν
285 1401 497 1436 ἐπιτομωτέρων
522 1401 664 1428 συλλαϐῶν
681 1401 864 1435 ἀπαγγελίαν,
883 1408 951 1435 προ·

158 1446 314 1482 δηλώσοντα
328 1447 366 1483 τῷ
391 1447 498 1482 βασιλεῖ
510 1447 558 1483 τὴν
575 1447 650 1482 σφῶν
666 1447 756 1474 αὐτῶν
770 1448 803 1473 ἐκ
817 1445 950 1482 Τούρκων

999 850 1095 886 legatis
1111 850 1272 885 Byzantium
1285 850 1384 882 redire,
1396 851 1456 885 ejus
1470 851 1588 885 regionis
1603 852 1656 878 dux
1673 851 1787 878 Disubu-

999 897 1054 925 lun
1075 897 1155 932 109
1171 896 1281 931 supplex
1302 897 1404 929 oravit,
1433 901 1463 924 ut
1484 897 1638 932 reipublicae
1658 897 1788 925 Romanae

999 944 1118 971 visenda:
1132 943 1219 978 gratia
1240 944 1290 972 sibi
1304 951 1413 980 quoque
1440 944 1542 980 legatos
1559 946 1666 973 mittere
1682 945 1786 973 liceret.

999 987 1074 1021 Quod
1092 986 1236 1016 Disabulus
1268 996 1322 1016 non
1346 989 1492 1017 recusavit.
1516 989 1569 1017 Sed
1589 997 1651 1017 cum
1674 991 1787 1018 aliarum

998 1041 1106 1069 quoque
1124 1035 1243 1069 gentium
1274 1034 1357 1063 duces
1384 1035 1453 1063 idem
1483 1040 1617 1070 peterent,
1638 1037 1704 1064 nulli
1730 1037 1786 1068 alii,

999 1086 1080 1114 quam
1112 1080 1162 1107 soli
1185 1080 1330 1108 Cltliatium
1345 1081 1416 1112 duci.
1438 1082 1584 1110 concessit.
1608 1082 1700 1117 Itaque
1717 1083 1789 1110 hunc

998 1125 1080 1152 etiam
1098 1125 1213 1153 Romani
1244 1131 1424 1159 assumentes,
1442 1127 1556 1163 trajecto
1581 1128 1692 1157 ﬂumine
1708 1128 1787 1162 Oit-h,

1000 1170 1073 1198 haud
1086 1171 1167 1198 breve
1179 1172 1230 1198 vite
1247 1172 1363 1207 spatium
1374 1173 1489 1205 emensi,
1504 1173 1537 1200 ad
1555 1174 1627 1201 illam
1651 1175 1788 1211 ingentem

1000 1220 1027 1243 et
1045 1215 1126 1243 latam
1140 1216 1263 1251 paludem
1277 1223 1469 1252 pervenerunt.
1485 1217 1533 1246 llic
1549 1218 1713 1247 Zetnarcbus
1732 1224 1788 1248 tres

1000 1259 1059 1288 dies
1072 1265 1265 1293 commoratus,
1278 1261 1361 1288 mittit
1373 1260 1529 1297 Georgium,
1552 1262 1594 1290 cui
1613 1270 1713 1291 munus
1726 1265 1789 1292 bre-

1000 1305 1092 1333 viores
1109 1305 1238 1340 epistolas
1258 1306 1412 1342 perferendi
1427 1308 1545 1335 delatum
1569 1313 1638 1341 erat,
1656 1314 1684 1336 ut
1702 1310 1789 1344 impe-

1001 1351 1084 1379 ratori
1113 1351 1262 1387 legatorum
1297 1360 1312 1380 a
1338 1351 1435 1381 Turcis
1471 1354 1587 1381 reditum
1611 1354 1788 1390 signiﬁcaret.

1001 1397 1133 1432 Georgius
1163 1398 1245 1432 igitur
1273 1405 1334 1426 cum
1361 1399 1501 1427 duodecim
1532 1399 1630 1427 Turcis
1653 1401 1788 1429 desertam

1002 1443 1110 1478 quidem
1125 1447 1152 1470 et
1171 1445 1339 1478 inaquosam,
1357 1445 1403 1472 sed
1419 1445 1572 1472 breviorem
1590 1446 1660 1473 viam
1676 1446 1790 1482 Byzan-

158 1493 298 1521 ἐπάνοδον.
322 1493 380 1521 Καὶ
404 1491 450 1521 οὖν
474 1494 488 1520 ὁ
509 1493 646 1529 Γεώργιος
662 1493 720 1529 ἅμα
737 1493 868 1528 Τούρκοις
883 1491 947 1519 δέκα

1003 1490 1068 1517 tium
1082 1497 1178 1518 versus
1203 1491 1341 1525 ingressus
1368 1495 1420 1518 est.
1450 1490 1614 1519 Zemarchus
1639 1497 1729 1520 autem
1742 1500 1790 1527 per

159 1539 227 1574 πρὸς
242 1540 298 1571 τοῖς
312 1538 359 1565 δύο
380 1539 522 1575 ἀπήρξατο
541 1539 588 1573 τῆς
605 1539 652 1566 ἐπὶ
670 1539 701 1566 τὸ
713 1539 860 1571 Βυζάντιον
875 1538 946 1570 ὁδοῦ,

121 1616 126 1622 _
159 1583 274 1618 ἀνύδρου
291 1592 321 1609 τε
338 1583 411 1619 μάλα
430 1583 514 1618 οὔσης
532 1583 579 1610 καὶ
600 1583 689 1619 πάντη
705 1584 821 1619 ἐρήμου,
834 1583 909 1618 ὅμως
924 1582 948 1609 δ’

158 1627 205 1655 οὖν
220 1629 438 1665 έπιτομωτέρας.
461 1629 491 1656 '0
506 1629 535 1656 δέ
553 1629 698 1665 Ζήμαρχος
713 1629 784 1656 κατὰ
802 1629 834 1665 δὴ
849 1629 879 1656 ἐδ
893 1628 947 1663 ψα-

161 1675 285 1710 μαθῶδες
305 1677 356 1711 τῆς
381 1675 480 1711 λίμνης
503 1675 661 1712 παροδεύων
689 1676 736 1702 ἐπὶ⁵
751 1676 858 1711 ἡμέρας
882 1676 949 1702 δέκα

160 1722 207 1748 καὶ
225 1721 282 1753 δύο,
297 1721 448 1754 δυσϐάτους
467 1722 497 1749 τέ
519 1730 595 1754 τινας
616 1722 721 1758 χώρους
735 1721 950 1758 παραμειψάμε-

160 1776 214 1801 νος,
233 1769 342 1802 ἐγένετο
365 1769 438 1794 κατὰ
463 1767 498 1795 τὰ
523 1769 618 1804 ῥεῖθρα
639 1767 686 1794 τοῦ
705 1768 754 1802 Ἲχ,
768 1769 798 1794 οὐ
814 1768 867 1802 μὴν
880 1767 949 1794 ἀλλὰ

161 1815 208 1842 καὶ
223 1815 293 1842 κατὰ
310 1816 355 1842 τὸν
375 1815 486 1850 Δαῖχ³“,
506 1816 551 1842 καὶ
578 1815 623 1841 διὰ
631 1814 653 1830 ³⁵
667 1814 770 1850 λιμνῶν
786 1814 887 1849 ἐτέρων
900 1811 949 1839 αὖ-

161 1861 202 1892 θις
225 1862 253 1892 ἐς
281 1861 485 1894 τὺνΓΑττίλαν·
513 1860 595 1887 πάλιν
612 1861 649 1892 ὡς
673 1860 869 1895 Οὐγούρους³⁶,
881 1860 905 1886 οἳ
917 1860 950 1896 δὴ

162 1906 210 1933 καί
231 1914 322 1940 σφισιν
344 1905 529 1941 ἀπήγγειλαν,
544 1906 581 1938 ὡς
601 1907 640 1937 εἰς
656 1906 691 1933 τὰ
704 1906 769 1941 περὶ
784 1907 828 1932 τὸν
846 1905 950 1940 Κωφῆ-

162 1961 195 1978 να
211 1952 334 1987 ποταμὸν
349 1953 378 1984 ἐς
398 1953 432 1979 τὰ
446 1952 528 1979 λάσια
553 1953 686 1988 τέσσαρες
703 1952 822 1987 χιλιάδες
838 1952 950 1987 Περσῶν

163 1999 325 2033 ἑπιτηροῡσι
366 1999 615 2035 προλελοχισμένοι,
641 1999 677 2030 ὼς
705 1998 738 2025 ἂν
766 1998 951 2033 χειρώσωνται

163 2045 313 2079 παριόντας
324 2046 346 2063 ³⁷
372 2045 481 2076 αὐτούς.
499 2045 592 2081 Ταύτῃ
614 2044 710 2071 me“
728 2043 783 2071 τῶν
804 2043 951 2080 Οὺγούρων

162 2090 330 2126 ἡγούμενος,
354 2091 383 2123 ὃς
409 2091 539 2123 διέσωζεν
556 2091 645 2117 ἐκεῖσε
660 2090 707 2118 τοῦ
734 2089 897 2122 Διζασούλου
919 2090 950 2117 ἐδ

162 2137 273 2171 κράτος,
293 2137 439 2173 πληρώσας
465 2137 561 2169 ὕδατος
585 2138 688 2169 ἀσκοὺς
716 2137 870 2172 παρέσχετο
894 2137 949 2168 τοῖς

162 2167 227 2218 περὶ
244 2167 401 2219 Ζημαρᾶον,
417 2167 455 2216 ώς
475 2184 508 2211 ἂν
525 2167 612 2219 ἐκοιεν
627 2167 689 2210 ὅθεν
709 2167 881 2217 ὑδρεύσοιντο
903 2167 949 2209 δια
963 2167 990 2197 D

161 2230 210 2264 τῆς
229 2229 344 2265 ἀνύδρου
363 2231 458 2262 ἰόντες.
475 2226 561 2265 Εὗρον
572 2230 600 2257 δέ
616 2229 664 2256 καὶ
679 2229 786 2264 λίμνην,
806 2228 854 2255 καὶ
879 2236 949 2263 παρ-

162 2275 347 2310 αμειψάμενοι
362 2277 391 2303 τὸ
408 2277 480 2311 μέγα
491 2276 570 2302 τοῦτο
586 2275 761 2311 ὑδροστάσιον
776 2275 905 2309 ἀφίκοντο
920 2275 947 2306 ἐς

162 2321 269 2353 ἐκείνας
282 2322 331 2353 τὰς
345 2322 454 2358 λίμνας,
470 2323 498 2350 ἐν
515 2319 557 2353 αἶς
570 2322 785 2357 ἐπιμιγνύμενος
799 2321 948 2348 ἀπόλλυται

161 2368 176 2394 ὁ
191 2368 294 2403 Κωφὴν
317 2369 448 2404 ποταμός.
479 2368 525 2401 Ἐξ
541 2368 645 2395 ἐκείνου
664 2368 696 2404 δὴ
710 2367 758 2394 τοῦ
773 2367 862 2403 χώρου
875 2368 948 2402 πέμ-

164 2423 246 2441 πουσι
273 2416 420 2451 διοπτῆρας
447 2414 741 2451 προδιασκεψομένους,
758 2415 814 2447 εἴγε
830 2414 867 2445 ὡς
882 2413 949 2448 ἅλη-

1000 1542 1115 1564 arenosa
1141 1536 1247 1571 paludis
1273 1537 1324 1564 iter
1350 1536 1454 1565 faciens
1470 1545 1517 1572 per
1548 1538 1692 1566 duodecim
1719 1540 1789 1573 dies,

999 1584 1058 1612 loca
1073 1589 1209 1620 praerupta
1235 1589 1454 1620 praetergressus,
1473 1584 1563 1619 attigit
1578 1585 1650 1620 ripas
1671 1593 1723 1612 non
1745 1593 1790 1613 so-

999 1630 1054 1658 lum
1071 1630 1189 1659 ﬂuminis
1203 1631 1294 1664 Hichi,
1312 1632 1359 1659 sed
1373 1631 1454 1659 etiam
1466 1630 1572 1664 Daiclti,
1585 1636 1614 1659 et
1631 1639 1728 1659 rursus
1741 1639 1790 1667 per

1001 1677 1068 1705 alias
1081 1677 1196 1712 paludes
1212 1678 1246 1704 ad
1262 1677 1374 1704 Attilam
1392 1678 1527 1712 pervenit,
1543 1679 1606 1706 inde
1616 1678 1650 1705 ad
1673 1678 1789 1713 Uguros,

1000 1723 1046 1757 qui
1071 1721 1208 1750 Romanos
1235 1728 1407 1754 monuerunt,
1433 1723 1460 1750 in
1485 1722 1578 1751 densis
1600 1728 1628 1751 et
1647 1723 1791 1751 arboribus

1002 1769 1114 1796 consitis
1134 1768 1201 1796 loeis
1224 1769 1296 1796 circa
1312 1769 1465 1804 Cophenem
1479 1769 1580 1797 ﬂumen
1595 1769 1680 1797 latere
1708 1770 1734 1797 in
1750 1770 1790 1797 in-

1001 1814 1079 1842 sidiis
1096 1813 1226 1842 collocata
1248 1814 1393 1841 Persarum
1411 1819 1528 1850 quatuor
1544 1814 1637 1848 millia,
1655 1815 1700 1849 qui
1721 1822 1791 1849 prae-

1003 1864 1141 1887 tereuntes
1163 1867 1211 1887 eos
1234 1860 1357 1893 captivos
1385 1859 1516 1888 facerent.
1537 1859 1692 1895 Ugurorum
1723 1861 1789 1892 dux,

1002 1905 1048 1940 qui
1064 1905 1118 1933 illic
1132 1913 1165 1932 ex
1181 1906 1344 1933 auctoritate
1360 1905 1478 1933 Disabuli
1496 1906 1639 1941 imperium
1663 1906 1790 1939 habebat,

1003 1956 1078 1978 utres
1103 1958 1173 1985 aqua
1191 1951 1313 1985 implevit
1342 1956 1370 1978 et
1386 1951 1498 1985 prwbuit
1517 1951 1666 1978 Zemarcho
1680 1956 1708 1978 et
1733 1951 1791 1986 eius

1001 1997 1158 2029 comitibus,
1172 2000 1210 2029 ut,
1225 2005 1286 2025 cum
1304 2005 1353 2032 per
1374 1998 1480 2025 deserta
1495 1998 1577 2030 irent,
1596 1999 1726 2026 haberent
1740 2007 1791 2026 un-

1003 2044 1037 2072 de
1051 2049 1228 2079 aquarentur.
1240 2044 1405 2071 Invenerunt
1420 2049 1446 2071 et
1459 2044 1596 2079 paludem,
1612 2048 1638 2072 et
1663 2052 1789 2079 magnum

1004 2089 1068 2117 illttd
1089 2093 1213 2124 stagnum
1237 2088 1422 2124 praetergressi
1441 2108 1450 2122 ,
1481 2093 1663 2124 pervenerunt
1686 2089 1720 2117 ad
1746 2096 1792 2117 eas

1004 2134 1125 2169 paludes,
1155 2134 1181 2161 in
1213 2140 1280 2169 quas
1311 2133 1444 2161 immistus
1477 2133 1586 2169 Cophen
1616 2134 1705 2162 amnis
1731 2142 1791 2162 sese

1003 2179 1126 2208 etIundit.
1155 2179 1194 2207 Ex
1210 2187 1243 2207 eo
1269 2179 1330 2208 loco
1348 2180 1459 2208 mittunt
1482 2181 1528 2216 qui
1541 2181 1726 2216 explorarent,
1755 2190 1789 2209 an

1005 2234 1099 2254 verum
1126 2230 1208 2260 esset,
1224 2225 1322 2254 Persas
1338 2225 1363 2253 in
1381 2226 1486 2255 insidiis
1509 2234 1579 2255 esse.
1592 2226 1625 2255 Hi
1643 2227 1738 2255 iisdem
1751 2232 1791 2255 to-

1005 2277 1060 2300 tam
1086 2271 1223 2306 regionem
1246 2271 1409 2306 perscrutati
1437 2274 1635 2307 renuntiarunt,
1662 2281 1691 2301 se
1709 2274 1792 2302 nemi-

1004 2325 1066 2346 nem
1084 2317 1194 2344 vidisse.
1209 2316 1300 2346 Nihilo
1317 2318 1407 2345 secius
1430 2317 1456 2345 in
1475 2319 1599 2347 Alaniam
1615 2327 1712 2354 magna
1730 2328 1790 2347 cum

1005 2364 1184 2398 trepidatione
1202 2384 1210 2397 ,
1238 2369 1381 2400 propterea
1402 2366 1473 2400 quod
1502 2367 1657 2395 metuebant
1684 2371 1790 2402 gentem

1007 2410 1245 2443 Oromoschornm,
1261 2416 1448 2446 properarunt.
1770 2419 1774 2423 '

164 2460 218 2491 θῶς
241 2462 264 2486 οί
291 2462 394 2496 Πέρσαι
432 2461 631 2497 ἐνεδρεύουσιν·
648 2460 673 2487 οἳ
690 2459 723 2495 δὴ
749 2458 956 2494 ἀνιχνεύσαντες
975 2456 1145 2492 ἀπήγγειλαν
1168 2456 1271 2491 μηδένα
1299 2457 1371 2485 ἰδεῖν.
1394 2457 1487 2493 Ὅμως
1502 2457 1548 2490 ξὺν
1572 2458 1693 2494 μεγίστῳ
1717 2458 1791 2493 φόϐῳ

165 2506 294 2539 ἀφίκοντο
306 2507 333 2538 ἐς
350 2507 484 2540 ’Ᾱλανίαν,
498 2506 569 2533 κατὰ
580 2506 610 2532 τὸ
624 2505 723 2541 μᾶλλον
734 2505 848 2536 δεδιότες
860 2505 891 2531 τὸ
908 2504 991 2538 φῦλον
1009 2503 1063 2530 τῶν
1085 2502 1268 2538 ὀρομοσχῶν.

202 2557 235 2583 0'.
254 2557 316 2583 Ὅτι
329 2558 470 2592 γενόμενοι
483 2559 511 2584 ἐν
532 2558 642 2593 Ἀλανίᾳ
667 2559 741 2593 παρά
757 2558 892 2592 Σαρώδιον
906 2558 953 2584 τὸν

167 2603 279 2630 ἐκείνων
295 2604 428 2638 ἡγεμόνα,
446 2604 493 2631 καὶ
508 2604 566 2639 ἅμα
583 2605 638 2636 τοῖς
654 2604 798 2639 ἑπομένοις
819 2603 951 2639 Τοὺρκοις

1042 2557 1069 2585 9.
1092 2555 1159 2584 Cum
1173 2556 1200 2583 in
1225 2555 1347 2583 Alaniam
1372 2547 1568 2588 pervenissent,
1586 2556 1614 2579 et
1635 2552 1791 2586 Sarodunn,

1005 2603 1152 2630 Alanorum
1175 2602 1284 2635 ducem,
1310 2609 1363 2628 una
1383 2609 1444 2629 cum
1469 2599 1565 2627 Turcis
1585 2599 1660 2626 adire
1681 2599 1791 2631 vellent,

805 2682 922 2710 VARI/ﬁ
940 2682 1145 2710 LECTIONES.

203 2746 226 2763 “
241 2745 325 2778 αὐτὰς
338 2745 412 2781 vulg.
451 2745 473 2761 "’
488 2753 518 2772 τε
534 2744 580 2778 Ν.,
595 2754 627 2779 γε
643 2745 716 2781 vulg.
742 2746 767 2781 f'
777 2744 922 2778 ἐνδημοῦσι
935 2743 980 2781 Νη
992 2744 1126 2781 ἐνδήμους
1136 2743 1210 2779 vulg.
1226 2743 1254 2781 ξ’
1268 2742 1360 2781 ἐκείνῃ
1372 2740 1418 2781 _N.,
1431 2740 1538 2781 ἐκείνης
1554 2741 1626 2781 vnlg.
1647 2739 1793 2781 ’ξ’-ἐφίετο

167 2783 214 2816 Νη
239 2782 348 2816 ἐφίκετο
365 2780 438 2816 vulg.
477 2780 498 2796 ³¹
511 2780 614 2815 ἑτέροις
629 2780 702 2816 vulg.

741 2780 762 2795 ³¹
774 2781 884 2814 εὑροίαν
909 2779 981 2814 vulg.

166 2802 347 2851 Ξέίίἲί,”ἶι’ὀΐκ’ςῖ
357 2802 470 2850 (ἓίιῗὲι).
487 2802 729 2848 ιιῦἑιῖξιῗῇυέἷίῗίν.
769 2802 1030 2851 ἦθ’ἓιᾶἶιμὶοὲᾆῧξιιη
1046 2802 1269 2851 δι’άῖῐῇὧὶιῖιίιῇ

1033 2774 1199 2806 ai'Jaitartes'
1223 2774 1446 2809 ﬂuvius,"lacus
1478 2774 1551 2803 Arat.
1575 2774 1611 2803 Ν(
1646 2776 1668 2791 ³⁸
1686 2774 1791 2807 Jetnba,

1325 2813 1346 2828 "
1358 2812 1541 2847 Οὺτιγούρους
1564 2815 1591 2839 et
1620 2810 1688 2838 infra
1712 2811 1793 2837 Οὖτι-

166 2853 273 2888 γούρων
294 2849 365 2887 conj.
384 2851 415 2878 N.
451 2849 476 2866 ⁷³⁷
488 2851 635 2886 παριόντας
648 2851 771 2878 Cantocl.
786 2850 922 2885 παρόντας
936 2849 1007 2886 vulg.
1046 2850 1067 2865 ³³
1083 2850 1096 2876 ὁ
1111 2857 1165 2877 οιιι.
1183 2850 1254 2884 vulg.

325 2902 460 2931 ΡΑΤιιοι..
482 2900 539 2931 Gn.
562 2899 666 2931 CXIII.

1579 2895 1617 2926 26
