1951 3074
168 144 219 177 811

580 141 776 173 EXCERPTA
795 141 846 171 EX
866 139 1078 170 MENANDRO
1097 139 1343 170 PROTECTORE

1749 139 1806 173 812

172 202 303 229 Sarodius
316 200 425 236 quidem
445 199 622 228 Zcmarchum
642 203 670 227 et
690 198 736 234 qui
758 205 819 226 cum
834 205 868 225 eo
884 202 963 226 erant

1017 196 1174 232 ἑσφοιτῆσαι
1191 196 1359 232 βουλόμενοι,
1376 195 1390 222 ὁ
1406 195 1540 230 Σαρώδιος
1557 195 1603 222 τὸν
1620 196 1670 231 μὲν
1693 199 1809 234 Ζήμαρ-

171 247 285 281 Ιιεηιειιο
300 252 326 273 ct
344 246 459 273 cuuiter
473 245 592 280 excepit,
614 245 661 272 sed
683 244 834 272 T'urcorum
857 244 960 278 legatos

171 293 256 327 prius,
277 299 356 327 quam
383 298 459 318 arma
479 290 677 326 deposuissent,
702 290 728 317 in
747 297 825 318 suum
844 296 960 324 conspe-

169 341 243 364 ctum
257 336 350 363 venire
362 335 459 363 noluit.
475 335 594 362 Maximo
607 334 690 370 igitur
704 334 776 362 inter
787 333 861 368 ipsos
881 339 962 367 super

171 384 222 410 hac
236 389 266 410 re
281 388 341 409 orto
358 387 386 410 et
408 382 565 410 continuato
581 387 630 415 per
647 385 704 407 tres
719 379 776 407 dies
797 377 959 410 certamine,

171 428 358 456 dissidentium
377 427 481 455 arbiter
503 427 553 455 luit
572 425 748 454 Zemarchus.
769 424 902 457 Tandem,
916 430 962 450 ar-

172 474 224 501 mis
240 474 380 508 depositis,
394 478 424 500 ut
442 473 555 500 Sarodio
574 472 726 507 placuerat,
748 477 809 497 eum
828 470 962 497 adierunt.

168 517 304 545 Sarodius
326 523 416 545 autem
439 517 544 545 monuit
559 516 751 548 Zemarchum,
776 522 810 542 ne
826 522 874 549 per
894 513 963 541 Min-

172 564 307 591 dimianos
322 564 374 592 iter
399 563 512 596 faceret,
533 567 677 598 propterea
696 561 767 596 quod
785 560 874 588 Persa:
889 560 963 587 circa

172 609 301 637 Suaniam
319 611 346 637 in
374 609 479 637 insidiis
502 614 593 637 essent
611 617 618 636 :
635 607 784 635 consultius
808 605 920 638 faceret,
940 605 964 632 si

1011 251 1058 278 χον
1071 243 1199 274 καὶοτοὺς
1218 242 1370 277 ἑπομένους
1396 241 1507 273 ἐδέξατο
1532 241 1670 276 ἀσμένως,
1688 244 1752 275 τοὺς
1775 244 1806 271 δὲ

1012 288 1045 324 δὴ
1059 287 1188 323 πρέσϐεις
1207 288 1261 315 τῶν
1279 287 1412 322 Τούρκων
1428 286 1531 321 ἔφασκε
1554 287 1592 323 μὴ
1604 288 1739 324 πρότερον
1755 289 1807 324 τῆς

1012 333 1050 365 ὡς
1072 333 1154 361 αὑτὸν
1175 334 1277 360 εἰσόδου
1305 333 1408 368 τυχεῖν,
1426 332 1443 367 ἢ
1454 332 1660 368 καταθεμένους
1674 335 1709 362 τὰ
1722 335 1806 363 ὅπλα.

1013 379 1161 414 Τοιγάρτοι
1187 380 1235 406 καὶ
1259 378 1360 414 ἅμιλλα
1382 379 1473 411 αὐτοῖς
1502 380 1615 414 ἐγένετο
1628 381 1692 416 περὶ
1708 381 1807 409 τούτου

1013 426 1061 453 ἐπὶ
1074 426 1181 462 ἡμέρας
1193 426 1279 461 τρεῖς,
1294 425 1342 452 καὶ
1357 425 1503 461 Ζήμαρχος
1516 424 1551 461 ἦν
1563 426 1618 454 τῶν
1637 427 1808 461 φιλονειχου-

1016 472 1104 507 μένων
1129 471 1281 507 διαιτητής.
1309 471 1392 504 Τέλος
1425 472 1590 507 ἀποθέμενοι
1619 473 1654 501 τὰ
1683 474 1755 501 ὅπλα
1777 474 1805 501 οῑ

1014 518 1143 554 Τοῦρκοι.
1155 518 1192 549 ὡς
1205 517 1336 552 Σαρωδίῳ
1352 518 1450 550 ἐδόκει,
1468 518 1505 549 ὡς
1514 518 1596 545 αὑτὸν
1611 519 1803 554 ὲσεφοῐτησαν.

1022 563 1052 590 '0
1072 564 1100 590 δὲ
1116 563 1148 598 δὴ
1160 563 1297 599 Σαρώδιος
1315 563 1522 599 παρενεγγύησε
1541 565 1598 596 τοῖς
1613 565 1678 600 περὶ
1692 565 1807 601 Ζήμαρ-

1015 617 1063 644 χον
1084 608 1128 635 διὰ
1150 609 1200 643 τῆς
1224 609 1278 636 τῶν
1303 609 1525 644 Μινδιμιανῶν*⁵
1549 609 1675 645 ἀτραποῦ
1703 611 1808 646 ἣκιστα

174 665 222 691 per
247 657 373 684 Darinem
398 656 458 683 iret.
478 655 526 683 llis
546 655 670 690 cognitis,
697 653 866 681 Zemarcbus
886 651 966 685 ιιο

1017 655 1096 686 ἱέναι,
1108 654 1146 689 τῷ
1162 654 1232 681 κατά
1240 655 1289 690 τὴν
1299 655 1430 681 Σουανιαν
1443 654 1505 686 τοὺς
1518 655 1625 690 Πέρσας
1643 656 1806 690 ἐνεδρεύειν·

174 708 224 734 per
233 700 434 727 Mindimianam
447 700 539 727 decem
553 707 637 733 equos
649 699 732 731 misit,
742 698 830 725 serico
843 702 965 729 onustos,

174 747 220 782 qui
234 746 330 774 Persas
343 745 476 777 fallerent,
485 745 560 781 quasi
569 745 686 773 sericum
699 743 868 779 prmmissum
881 746 964 773 esset,

1016 699 1128 734 ἄμεινον
1143 699 1171 725 δὲ
1187 698 1257 726 εἶναι
1267 699 1310 727 διὰ
1325 699 1374 735 τῆς
1395 699 1544 735 λεγομένης
1570 701 1702 736 Δαρεινῆς
1720 702 1808 737 ἀτρα-

1018 744 1068 772 ποῦ
1084 745 1155 771 οἶκοι
1171 745 1335 780 ἀποχωρεῖν.
1353 744 1447 772 Ταῦτα
1462 745 1523 771 ἐπεὶ
1536 745 1607 779 έγνω
1620 746 1634 772 ό
1648 746 1807 782 Ζήμαρχος,

174 796 202 818 et
233 791 284 826 ipsi
313 790 450 826 praairent,
482 789 552 816 unde
584 787 761 822 conjicerent,
788 784 966 812 Zemarchum

1017 789 1060 816 διὰ
1072 790 1121 825 τῆς
1130 789 1314 825 Μινδιμιανῆς
1326 789 1444 818 ἔστειλεν
1458 789 1627 825 ἀχθοφόρους
1641 791 1707 818 δέκα
1723 791 1810 827 μέτα-

174 836 296 864 crastino
310 835 354 863 die
370 840 537 863 secuturum.
552 833 586 860 Et
598 833 625 861 hi
638 832 746 868 quidem
762 830 877 866 profecti
891 833 964 857 sunt.

1018 833 1066 868 ξαν
1105 834 1322 870 ἐπιφερομένους
1334 835 1367 868 ⁸⁸,
1406 836 1599 871 ἀπαιτήσοντας
1625 836 1736 872 Πέρσας
1768 837 1810 871 τῷ

175 882 342 910 Zemarchus
362 887 428 909 vero
449 887 498 915 per
522 867 651 907 Darinem
676 878 703 905 in
724 876 855 912 Apsiliam
879 875 964 909 venit,

1017 867 1266 915 προεκπεμφθῆναι
1288 880 1338 916 τὴν
1361 867 1497 915 γμέταξανπ
1510 881 1558 907 καὶ
1584 867 1754 916 προτερῆσαι

176 925 349 954 Mindintiana
366 925 401 952 ad
425 925 519 952 laevam
534 924 629 952 relicta
644 923 707 959 (hac
725 923 797 951 enim
817 926 894 959 parte
922 930 968 950 su-

1017 925 1079 961 όδῷ,
1094 926 1127 952 ὲκ
1141 925 1237 952 τούτου
1250 934 1280 952 τε
1298 925 1470 961 ὑποτοπῆσαι
1484 925 1522 957 ὡς
1533 927 1562 958 ὲς
1577 926 1607 953 τδ
1619 926 1717 963 αὔριον
1734 936 1810 964 παρ-

177 971 262 1006 spicio
277 975 338 999 erat
354 971 452 999 Persas
475 969 587 997 insidias
604 972 733 1003 struere),
747 972 775 995 et
790 967 967 1003 Rogatorium

1019 971 1096 998 έσται
1111 971 1159 998 καὶ
1190 972 1347 1006 Ζήμαρχος.
1363 971 1418 998 Καὶ
1436 972 1461 998 οἱ
1477 971 1527 1006 μὲν
1543 971 1689 1007 ἀχθοφόροι
1704 972 1811 1008 ᾤχοντο

176 1017 303 1051 accessit,
320 1017 420 1045 deinde
442 1017 475 1044 ad
495 1016 611 1044 Pontum
633 1015 780 1048 Euxinum,
801 1020 828 1043 et
853 1014 968 1042 navibus

1020 1017 1159 1049 ἀπιόντες,
1175 1017 1189 1043 ὀ
1204 1017 1349 1053 Ζήμαρχος
1364 1017 1392 1043 δὲ
1412 1016 1455 1044 διὰ
1477 1017 1527 1052 τῆς
1541 1018 1674 1053 Δαρεινῆς
1687 1018 1810 1054 παρεγέ-

177 1071 241 1092 usus
266 1071 351 1099 usque
366 1064 399 1092 ad
417 1063 529 1096 Phasin,
544 1067 600 1090 tum
615 1062 813 1097 Trapezuntem
833 1062 968 1097 pervenit,

1020 1071 1082 1090 νετο
1098 1062 1128 1094 ἐς
1151 1062 1286 1097 Ἀψιλίαν,
1301 1063 1334 1098 τῇ
1353 1062 1518 1098 Μινδιμιανῇ
1541 1063 1648 1098 χαίρειν
1664 1064 1761 1097 εἰπὼν,
1779 1064 1810 1095 ἐς

177 1110 248 1138 unde
269 1118 340 1146 equo
353 1110 459 1146 publico
479 1108 638 1144 Byzantium
658 1109 691 1135 ad
708 1108 898 1143 imperatorem
919 1108 967 1135 de-

1019 1108 1054 1136 τὰ
1065 1108 1193 1143 εὐώνυμά
1207 1117 1238 1135 τε
1252 1108 1337 1140 ἐάσας
1351 1109 1447 1144 αὐτὴν,
1494 1108 1612 1142 ἐπίδοξοι
1625 1107 1696 1145 ἦσαν
1708 1110 1810 1144 ἐπιθή-

178 1157 259 1190 latus,
272 1156 309 1184 illi
327 1156 416 1184 omnia
429 1154 558 1182 narravit.
575 1154 624 1182 llic
640 1154 722 1190 igitur
737 1153 869 1189 profectio
882 1157 910 1181 et
924 1160 967 1180 ro-

1022 1153 1116 1180 σεσθαι
1129 1153 1154 1180 ol
1170 1153 1285 1188 Πέρσαι.
1300 1153 1356 1180 Καὶ
1369 1150 1437 1189 ἧκεν
1451 1154 1480 1184 ές
1498 1152 1529 1180 τδ
1548 1153 1734 1188 Ῥογατόριον,
1747 1152 1808 1182 εἶτα

176 1203 249 1230 ditus
272 1201 413 1229 Zemarchi
430 1201 509 1228 linem
522 1200 634 1235 acccpit.

1022 1198 1092 1225 κατά
1104 1198 1137 1234 δὴ
1153 1197 1199 1226 τὸν
1225 1197 1352 1232 Εὔξεινον
1376 1199 1487 1231 Πόντον,
1499 1196 1558 1226 εἶτα
1567 1200 1589 1215 ⁸⁸
1600 1200 1724 1236 ναυτιλίᾳ
1738 1209 1809 1236 χρη-

178 1249 294 1285 σάμενος
306 1249 331 1264 δ’
353 1249 382 1280 ἐς
394 1248 480 1275 Φᾶσιν
493 1248 616 1283 ποταμόν
625 1256 632 1263 -
648 1247 730 1275 πάλιν
743 1247 773 1278 ἐς
799 1244 1006 1282 Τραπεζοῦντα.
1039 1245 1117 1273 οὕτω
1131 1254 1161 1272 τε
1175 1245 1297 1282 δημοσίῳ
1331 1246 1407 1281 ἵππῳ
1421 1247 1449 1278 ἒς
1459 1246 1606 1280 Βυζάντιον
1638 1248 1715 1283 παρὰ
1730 1248 1809 1283 βασι-

174 1296 227 1324 λέα
247 1295 375 1323 εἰσελθὼν
399 1295 504 1332 ἔφρασε
520 1296 551 1323 τὸ
565 1297 631 1323 πᾶν.
652 1295 792 1332 Ζημάρχῳ
805 1293 855 1330 μὲν
877 1293 924 1321 οὖν
939 1293 969 1321 ὲν
985 1294 1099 1321 τοιοῖσδε
1127 1294 1222 1330 ἔληξεν
1236 1294 1254 1330 ὴ
1267 1294 1365 1330 πορεία
1373 1294 1420 1321 καὶ
1435 1295 1603 1331 ἀποπορείας
1630 1295 1653 1312 ⁸³
1664 1296 1711 1323 ἐπὶ
1721 1296 1808 1331 Τουρ-

173 1352 225 1371 που
228 1351 252 1375 ς.

212 1390 257 1417 10.
277 1389 312 1425 (c.
329 1390 364 1417 A.
376 1390 407 1418 (Ζ.
424 1389 476 1417 565
491 1388 549 1417 Ind.
568 1389 601 1416 l5
615 1388 715 1417 Justini
729 1389 768 1424 l.)
780 1389 847 1416 Cum
862 1389 965 1416 Avares

1056 1385 1083 1414 t'.
1096 1385 1159 1412 Ὅτι
1177 1385 1298 1421 ’Δϐάρων
1317 1385 1365 1413 καὶ
1379 1386 1511 1422 Φράγκων
1526 1388 1718 1423 σπεισαμένων
1737 1388 1810 1425 πρὸς

171 1441 205 1464 et
225 1434 322 1463 Franci
339 1435 441 1463 l'tndera
462 1435 575 1462 invicem
591 1434 756 1467 sanxissent,
771 1438 798 1461 et
819 1441 869 1468 pax
887 1433 965 1460 ﬁrma

1018 1432 1161 1467 ἀλλήλους,
1181 1432 1230 1459 καὶ
1257 1432 1306 1468 τῆς
1334 1433 1445 1469 εἰρήνης
1470 1433 1651 1469 έμπεδώτατα
1676 1435 1807 1471 ἐχούσης,

178 1483 248 1510 inter
264 1489 311 1510 eos
332 1486 415 1514 esset,
436 1480 564 1515 Bajauus,
589 1479 708 1507 Avarum
720 1479 785 1513 dux,
803 1478 966 1513 signiﬁcavit

1017 1478 1155 1515 ἐσήμηνεν
1209 1479 1324 1511 Βαῖανὸς
1346 1478 1523 1515 Σιγισϐέρτῳ,
1549 1479 1589 1515 τῷ
1603 1480 1657 1507 τῶν
1670 1481 1808 1516 Φράγκων

177 1527 340 1562 Sigisberto,
360 1525 525 1553 Francorum
542 1525 615 1557 duci,
636 1532 714 1552 suum
728 1523 877 1552 exercitum
890 1531 966 1552 cout-

179 1579 283 1600 meatus
298 1572 390 1607 inopia
406 1572 531 1599 laborare
551 1579 558 1598 :
573 1570 670 1598 decere
687 1577 760 1603 eum,
774 1570 819 1605 qui
832 1577 878 1598 rex
895 1575 967 1598 esset

174 1621 206 1645 et
222 1617 290 1644 inter
308 1623 383 1650 suos,
398 1616 509 1643 minime
528 1615 663 1650 negligere
678 1615 826 1642 exercitum
847 1614 900 1642 sibi
915 1614 967 1642 fte-

178 1664 243 1690 dere
260 1662 444 1697 conjunctum.
461 1660 639 1688 Promittebat
653 1665 755 1694 autem,
774 1660 797 1688 si
817 1659 965 1688 exercitum

178 1708 296 1735 Avarum
313 1706 476 1735 necessariis
498 1707 580 1734 rebus
599 1711 759 1740 recreasset,
771 1714 801 1734 se
823 1708 904 1735 tertio
924 1708 967 1736 die

176 1759 272 1782 castra
287 1757 434 1785 moturum,
449 1759 536 1786 neque
550 1751 652 1780 diutius
667 1752 692 1779 in
707 1752 748 1779 his
763 1752 830 1780 locis
846 1760 966 1781 commo-

179 1803 314 1827 raturum.
327 1798 391 1826 llaec
410 1798 454 1826 ubi
471 1797 622 1833 Sigisberto
641 1802 704 1826 sunt
717 1799 850 1831 nuntiata,
874 1799 965 1827 statim

179 1845 304 1878 farinam,
321 1843 467 1879 legumina,
483 1851 548 1872 oves
567 1847 595 1871 et
613 1843 693 1871 boves
712 1843 746 1871 ad
766 1843 868 1872 Avares
883 1843 966 1872 misit.

215 1932 260 1960 Η.
282 1931 325 1967 (Α.
337 1931 368 1959 C.
382 1930 434 1959 566
450 1929 510 1958 Ind.
528 1930 561 1957 Η
577 1929 675 1958 Justini
693 1930 733 1966 2.)
747 1930 885 1964 Alboinus,
900 1931 967 1959 Lon-

175 1977 359 2013 gobardorum
381 1984 438 2010 rex,
459 1975 505 2011 qui
527 1975 693 2009 inimicitias,
708 1984 778 2012 quas
800 1984 862 2004 cum
885 1976 969 2004 Cuni-

179 2022 291 2054 mundo,
308 2021 470 2056 Gepidarum
489 2028 562 2056 rege,
582 2022 736 2055 exercebat,
752 2021 863 2049 minime
884 2021 966 2056 depo-

177 2068 270 2101 nebat,
288 2068 334 2095 sed
356 2074 517 2102 quacunque
532 2067 638 2095 ratione
657 2066 820 2102 Gepidarum
837 2074 901 2102 opes
917 2067 968 2095 sibi

177 2115 341 2142 evertendas
352 2113 478 2140 ducebat.
499 2112 714 2148 ltaquelegatos
724 2113 757 2140 ad
776 2112 905 2147 Bajanum
918 2113 969 2140 mi-

1016 1524 1143 1560 ἡγεμόνι,
1167 1521 1212 1551 οἷα
1231 1524 1303 1560 λιμῷ
1323 1524 1487 1560 πιεζομένης
1506 1525 1580 1561 αὐτῷ
1594 1526 1643 1561 τῆς
1663 1529 1806 1562 στρατιᾶς,

1017 1569 1066 1596 καὶ
1090 1569 1128 1601 ὡς
1151 1568 1240 1605 χρεὼν
1257 1570 1300 1604 εῐη
1320 1569 1433 1604 βασιλέα
1447 1570 1614 1603 καθεστῶτα,
1629 1570 1676 1597 καὶ
1690 1570 1760 1607 πρός
1773 1579 1807 1606 γε
1831 1601 1840 1606 ,

1016 1613 1176 1648 αὐτόχθονα,
1193 1613 1230 1649 μὴ
1241 1613 1371 1649 περιιδεῖν
1387 1614 1544 1649 στράτευμα
1556 1614 1710 1642 ἐνσπονδον.
1720 1616 1810 1650 Ἐφα-

1017 1666 1066 1686 σκε
1080 1658 1120 1692 δὲ,
1139 1659 1187 1692 ὡς,
1213 1659 1271 1693 εἴγε
1293 1658 1442 1695 ἑπιρῤώσει
1457 1659 1511 1687 τῶν
1528 1660 1650 1695 ’Δϐάρων
1668 1661 1699 1688 τὸ
1721 1662 1807 1696 στρά-

1016 1713 1105 1741 τευμα
1129 1706 1187 1738 τοῖς
1207 1705 1379 1740 ἀναγκαίοις,
1403 1706 1435 1732 οὐ
1452 1706 1534 1733 πλέον
1560 1707 1576 1742 ἢ
1595 1708 1672 1742 τρεῖς
1697 1708 1806 1743 ἡμέρας

1018 1751 1101 1778 αὐτοῦ
1132 1751 1308 1786 ἐνδιατρίψει,
1341 1749 1402 1778 εἶτα
1439 1751 1673 1788 ἀπαλλαγήσεται.
1710 1753 1804 1780 Ταῦτα

1016 1798 1111 1833 ἐπειδὴ
1126 1798 1283 1834 ἀπήγγελτο
1296 1797 1336 1833 τῷ
1354 1797 1532 1834 Σιγισϐέρτῳ,
1555 1799 1727 1834 παραχρῆμα
1740 1799 1755 1826 δ
1771 1808 1805 1834 γε

1016 1843 1120 1879 ἄλευρά
1137 1852 1168 1870 τε
1195 1843 1300 1870 ἔστειλε
1328 1844 1385 1875 τοῖς
1407 1843 1534 1879 ’Δϐἀροις
1557 1845 1605 1872 καὶ
1629 1844 1732 1880 δσπρια
1755 1846 1805 1872 καὶ

1017 1889 1058 1922 ὅῖς
1072 1889 1119 1916 καὶ
1134 1889 1208 1924 βόας.

1054 1938 1098 1963 ια’.
1116 1935 1178 1961 Ὀτι
1196 1934 1332 1967 ’Δλϐούῖος
1347 1935 1361 1961 ό
1375 1934 1430 1962 τῶν
1447 1935 1641 1970 Δογγιϐάρδων
1657 1935 1803 1970 μόναρχος,

1017 1982 1048 2009 οὐ
1075 1981 1131 2016 γὰρ
1159 1980 1234 2015 αὺτῷ
1270 1980 1408 2016 ἀπέληγεν
1438 1980 1456 2016 ή
1475 1980 1544 2016 πρὸς
1572 1980 1756 2016 Κονιμοῦνδον
1779 1980 1805 1997 ιδ

1019 2027 1163 2062 ἀπέχθεια,
1179 2025 1237 2053 ἀλλ’
1254 2026 1287 2052 ἐκ
1308 2026 1410 2057 παντὸς
1434 2026 1535 2061 τρόπου
1552 2025 1621 2061 ᾤετο
1642 2026 1698 2052 δεῖν
1717 2034 1805 2053 κατα-

1019 2071 1188 2108 στρέψασθαι
1202 2071 1251 2107 τὴν
1267 2071 1321 2098 τῶν
1339 2071 1485 2106 Γηπαίδων
1509 2071 1700 2107 ὲπικράτειαν,
1719 2071 1805 2107 ταύτῃ

1019 2127 1061 2146 τοι
1076 2118 1208 2155 πρέσϐεις
1235 2117 1389 2152 ἐξέπεμψεν
1404 2117 1442 2150 ὡς
1463 2117 1508 2144 τὸν
1535 2117 1662 2151 Βαῖανὸν,
1679 2118 1709 2150 ές
1725 2119 1806 2152 ὁμαι-

180 2157 332 2194 sit,’quibus
340 2164 400 2185 eum
410 2158 442 2184 ad
449 2164 585 2185 armorum
594 2157 752 2185 societatem
761 2157 962 2185 adhortabatur.

1017 2162 1100 2198 χμιαν
1109 2161 1286 2197 παρακαλῶν.
1299 2162 1532 2197 Παραγενομένων
1545 2162 1574 2189 δὲ
1585 2162 1638 2189 τῶν
1650 2162 1804 2198 πρέσϐεων,

175 2203 273 2240 Legati
291 2210 351 2231 cum
368 2203 554 2235 advenissent,
568 2202 694 2237 precibus
706 2210 766 2230 cum
782 2202 883 2238 Baiano
899 2210 965 2238 age-

180 2251 255 2283 bant,
271 2257 305 2278 ne
319 2257 350 2278 se
363 2254 557 2282 contemneret,
574 2250 620 2285 qui
641 2250 756 2277 nefanda
772 2250 862 2277 omnia
877 2257 892 2277 a
910 2249 964 2278 Ge-

172 2296 250 2331 ipidis
256 2296 328 2332 passi
337 2300 439 2327 essent,
448 2295 594 2329 praesertim
603 2303 663 2322 cum
673 2295 752 2323 etiam
761 2295 964 2328 Romani,Ava-

180 2351 238 2370 rum
252 2343 324 2379 genti
335 2349 415 2377 quam
426 2341 605 2374 infestissimi,
614 2341 730 2375 Gepidas
737 2341 964 2375 bellojuvassent.

178 2389 271 2423 Neque
294 2392 347 2414 tam
365 2388 391 2414 in
412 2386 528 2421 Gepidas
549 2385 620 2414 bello
644 2385 709 2414 ferri
729 2387 865 2418 dicebant,
882 2394 963 2422 quam

172 2439 273 2461 contra
290 2432 426 2461 Iustinum
443 2439 564 2467 pugnare
579 2437 720 2466 cuperent,
739 2439 828 2468 regem
844 2431 963 2460 Avarum

174 2480 251 2513 genti
276 2478 504 2511 inimicissimum,
528 2477 573 2512 qui
588 2477 691 2505 foedera
713 2485 774 2506 cum
799 2477 962 2511 Iustiniano,

178 2524 236 2558 t-jus
253 2523 457 2558 avunculo,jam
475 2524 578 2558 pridem
597 2529 730 2551 transacta
750 2531 798 2558 pro
814 2523 898 2551 nihilo
914 2526 963 2553 ha-

178 2572 244 2599 bens
255 2571 358 2599 Avarcs
372 2569 508 2598 consuetis
529 2569 685 2597 muneribus
701 2569 829 2604 privaret.
846 2569 962 2604 Adjecil,

180 2617 201 2644 si
216 2625 276 2644 cum
293 2615 478 2650 Longobardis
489 2623 518 2643 se
538 2615 742 2650 cunjungerent,
757 2615 815 2643 fore
826 2620 855 2642 ut
870 2615 963 2643 invicti

178 2665 279 2694 essent,
306 2666 344 2693 et,
359 2659 468 2695 Gepidis
489 2659 686 2691 exterminatis,
706 2666 799 2686 eorum
817 2659 913 2694 opibus
938 2663 967 2686 et

1017 2207 1174 2243 ἠντιϐόλουν
1197 2207 1234 2243 μὴ
1257 2207 1388 2243 περιιδεῖν
1417 2208 1488 2242 σφᾶς
1513 2207 1566 2235 ὑπὸ
1600 2208 1746 2244 Γηπαιδων
1769 2208 1806 2236 τὰ

1018 2253 1155 2288 ἀνήκεστα
1172 2252 1353 2286 πεπονθότας,
1370 2252 1489 2288 μάλιστα
1514 2252 1563 2279 καὶ
1584 2253 1728 2289 Ῥωμαίων
1748 2254 1805 2282 τῶν

1018 2297 1087 2333 ἄγαν
1102 2297 1234 2334 ἐχθίστων
1255 2298 1380 2332 ’Δϐάροις
1393 2297 1611 2333 συμμαχούντων
1627 2299 1683 2330 τοῖς
1697 2298 1805 2334 Γήπαι-

1019 2351 1072 2369 σιν.
1090 2342 1245 2370 Ἐδιδασκον
1256 2341 1296 2375 δὲ,
1311 2342 1348 2373 ὡς
1362 2342 1393 2368 οὐ
1417 2341 1489 2369 κατά
1507 2342 1634 2370 τοσοῦτον
1659 2343 1729 2378 πρὸς
1749 2344 1806 2379 Γή-

1018 2387 1117 2419 παιδας
1131 2387 1178 2414 τὸν
1198 2387 1317 2422 πόλεμον
1333 2387 1519 2424 ἀναῤῥίψωσι,
1531 2388 1649 2415 καθόσον
1669 2389 1806 2425 Ἰουστινῳ

1019 2433 1200 2469 μαχήσονται,
1228 2432 1334 2468 βασιλεῖ
1352 2432 1390 2468 τῷ
1406 2433 1461 2460 τῶν
1482 2433 1605 2468 ’Δϐάρων
1631 2434 1703 2461 ἔθνει
1724 2435 1752 2466 ἐς
1771 2434 1806 2463 τὰ

1018 2478 1137 2514 μάλιστα
1153 2478 1362 2514 δυσμενεστάτῳ
1376 2486 1408 2513 γε
1423 2479 1490 2512 am,
1506 2479 1535 2510 ὃς
1547 2479 1745 2515 παρωσάμενος
1756 2480 1805 2510 τὰς

1023 2521 1214 2549 Ἰουστινιανοῦ
1234 2522 1281 2549 τοῦ
1298 2522 1489 2558 μητραδέλφου
1507 2523 1624 2555 σπονδὰς
1638 2525 1708 2559 πρὸς
1725 2524 1805 2550 ’Λϐάν

1019 2577 1081 2604 ρους
1093 2569 1126 2595 ὲκ
1140 2567 1237 2595 πολλοῦ
1252 2569 1440 2605 γεγενημένας
1453 2569 1506 2596 τῶν
1515 2569 1649 2597 εἰωθότων
1661 2570 1804 2606 ἐστέρησε.

1019 2613 1221 2649 Προσετίθεσαν
1238 2614 1277 2648 δὲ,
1293 2613 1342 2647 ὣς,
1356 2615 1383 2641 εἴ
1398 2622 1429 2649 γε
1447 2614 1551 2642 ἔσοιντο
1563 2614 1621 2650 ἅμα
1644 2616 1805 2652 Λογγοϐάρ-

1017 2659 1084 2693 δοις,
1097 2659 1308 2696 ἀκαταμάχητοι
1322 2660 1484 2695 γενήσονταί
1500 2669 1568 2695 πως,
1584 2661 1633 2688 καὶ
1659 2661 1696 2693 ὡς
1721 2670 1806 2688 κατα-

813 2734 932 2764 vitam
952 2718 1156 2766 LECTIONES.

225 2804 249 2839 ξ’
264 2803 410 2832 Misimiani
429 2804 560 2839 Agathine.
579 2805 612 2833 N.

180 2839 202 2854 “
214 2837 273 2866 εἶτα
292 2839 335 2867 del
363 2839 396 2867 N.
433 2837 465 2855 ’δ”
475 2839 649 2875 χρησάμενος
669 2848 724 2877 mg.

666 2806 689 2822 ⁸⁸
703 2806 929 2846 ἐπιφερομένους,
952 2807 1154 2846 ἀπαιτήσοντας
1168 2808 1212 2841 IL,
1237 2808 1471 2846 ἀποφερομένους,
1493 2809 1700 2846 ἀπαντήσοντας
1728 2811 1802 2846 vulg.

743 2814 929 2868 ἴΐερομενρυς,
952 2814 1054 2844 απατη‹

769 2861 776 2869 .
792 2850 961 2877 χρησαμενοι
980 2843 1054 2879 vulg.

1109 2844 1133 2860 "
1144 2844 1296 2879 ἀποπορεία
1316 2844 1389 2882 conj.
1408 2845 1439 2873 Β.
1489 2845 1513 2862 ⁸⁸
1529 2844 1712 2880 Κονίμοῦντον
1726 2844 1801 2880 vulg.
