1951 3074
125 175 129 178 ’
159 163 217 197 €13

503 165 551 196 DE
571 163 853 194 LEGATIONIBUS
871 162 1047 193 GENI‘IUM
1067 162 1117 192 AD
1136 162 1326 192 ROMANOS.

1736 162 1790 195 8H

163 221 350 257 στρεφόμενοι
367 220 387 247 Γ
388 219 506 256 ἡπαιδας
521 219 569 247 τοῦ
585 228 614 246 τε
631 217 747 246 πλούτου
762 218 849 252 σφῶν,
864 217 904 244 ἔτι
925 225 952 251 γε

1007 217 1311 252 regioneeommuniter
1321 217 1482 252 potirentur.
1494 216 1560 245 Tum
1573 219 1677 253 pacatis
1687 226 1713 247 et
1723 227 1791 248 cun-

161 266 220 302 μὴν
239 267 290 294 καὶ
310 266 361 300 τῆς
381 264 494 292 ἐκείνων
509 266 585 301 κοινῇ
606 264 774 300 κρατήσουσι
789 262 892 298 χώρας,
905 263 955 289 καὶ

159 310 201 342 ὡς
222 312 241 346 ὴ
264 310 365 338 Σκυθία
391 310 422 337 τὸ
444 309 538 336 λοιπὸν
551 310 644 341 αὐτοῖς
667 308 862 345 εὐημεροῦσιδι
877 316 909 342 γε
925 307 955 338 ις

160 354 219 387 ἀεὶ,
237 354 286 381 καὶ
308 355 358 390 μὲν
372 353 419 381 οὖν
438 354 455 390 ἡ
479 353 576 389 Θρᾴκη
593 354 664 390 αὐτὴ
680 353 757 380 locat
781 352 953 384 ιῦιπίόατος,

159 399 210 426 καὶ
226 399 322 431 ἁπλῶς
342 399 388 432 ξὺν
403 399 493 426 οὐδενὶ
507 399 581 434 πόνῳ
593 399 625 425 ικ
649 399 779 432 γειτόνων
796 397 954 432 ὁρμώμενοι

157 445 211 480 τὴν
233 445 378 480 Ῥωμαίων
391 445 642 481 καταδραμοῦνται,
657 445 705 472 καὶ
728 444 766 476 ὡς
777 444 856 479 ἄχρις
870 443 953 470 αὑτοῦ

157 499 192 526 γε
211 491 246 527 δή
261 501 314 519 που
330 492 378 519 τοῦ
395 492 544 524 Βυζαντίου
569 491 713 519 ὲλάσουσιν
721 491 755 519 ⁵⁸.
772 491 908 526 Ἔφασκον
925 489 954 516 δὲ

156 538 184 565 οι
209 539 269 565 τῶν
299 538 525 574 Λογγιϐάρδωνλ⁷
554 538 694 574 πρέσϐεις,
711 538 749 570 ὡς
776 537 824 565 καὶ
836 536 953 564 συνοίσει

155 584 218 615 τοῖς
237 584 364 619 ’Δὸάροις
384 585 433 620 τὴν
448 583 515 619 πρὸς
537 584 690 619 Ῥωμαίους
706 583 882 611 ἀσπάσασθαι
898 583 951 618 μά-

1003 263 1105 298 junctis
1119 263 1195 298 ipsis,
1207 262 1286 291 facile
1297 262 1355 291 fore
1367 263 1505 298 Scythiam
1519 268 1545 291 et
1555 263 1641 298 ipsam
1650 263 1792 293 Thraciam

1005 315 1149 344 occupare.
1169 314 1197 337 et
1216 316 1248 336 ex
1264 309 1361 337 vicinis
1378 309 1444 337 locis
1468 314 1608 338 moventes
1623 310 1734 338 minimo
1746 318 1794 338 ne-

1005 355 1078 389 golio
1113 355 1297 382 Romanorum
1325 355 1449 389 regiones
1475 355 1558 382 armis
1583 363 1744 390 percurrere
1768 362 1795 384 et

1005 399 1162 435 Byzantium
1177 407 1265 435 usqtte
1283 400 1358 428 ferri.
1373 400 1501 427 Dixerunt
1516 408 1622 436 quoque
1637 401 1794 437 Langobar—

1004 446 1098 473 dorum
1125 446 1215 480 legati,
1241 447 1318 481 ιιι
1344 446 1479 474 Avaribus
1505 448 1633 480 expedire
1659 447 1795 476 Romanos

1004 492 1074 518 ultro
1088 491 1159 520 bello
1172 496 1264 526 petere
1279 500 1287 519 :
1300 491 1417 526 alioquin
1435 491 1506 519 enim
1522 492 1582 520 illos
1596 499 1794 528 prmventnros,

1003 543 1030 565 et
1043 544 1150 572 quoquo
1164 542 1296 565 terrarum
1312 537 1415 564 Avares
1434 537 1618 572 constiterint,
1637 546 1684 567 eos
1703 547 1795 575 persc—

1003 587 1114 610 eutnros
1125 587 1154 610 et
1172 589 1335 617 quacunque
1351 583 1457 610 ratione
1472 582 1620 610 deleturos.

156 639 228 667 χην-
243 632 261 667 ἢ
281 633 335 668 γὰρ
349 632 382 659 ἃν
394 633 494 660 ἐκεῖνοι
509 634 722 668 προτερήσουσι,
737 632 785 660 καὶ
801 632 834 659 ὲκ
867 630 967 662 παντὸς
988 631 1092 665 τρόπου
1129 630 1274 657 καθελοῦσι
1293 630 1344 664 τὴν
1365 630 1489 665 ’Λσάρων
1513 630 1639 666 δύναμιν,
1662 631 1731 658 ὅπου
1750 634 1796 659 καὶ

155 679 212 714 γῆς
227 679 407 714 τυγχάνουσιν
419 678 506 712 όντες.

195 725 244 760 ιβ’.
263 727 324 753 ὀτι
337 726 351 753 ό
367 727 481 758 Βσῖανδς
507 727 570 758 τοὺς
589 726 644 753 τῶν
671 726 866 762 Λογγιὸάρόων
886 726 954 762 πρέ-

156 771 238 803 σϐεις
252 771 401 807 δεξάμενος
415 771 504 799 ἐδόκει
519 772 630 804 τούτους
648 774 834 809 περιφρονεῖν,
846 773 885 809 τῷ
892 773 955 808 ﬁet}-

156 816 258 843 λεσθαί
269 826 300 850 γε
311 817 392 850 αὐτὸς
400 817 423 835 ⁸⁸
434 817 651 854 κερδαλεώτερον
663 818 758 846 θέσθαι
770 818 808 850 ὡς
822 819 922 851 αὐτοὺς
929 819 953 835 ⁸⁸
975 823 977 825 ’

157 862 211 897 τὴν
228 863 401 899 συμμαχίαν,
418 864 466 891 δια)⁸
482 863 521 899 πῆ
540 863 591 899 μὲν
609 864 640 890 τὸ
656 864 696 900 μὴ
711 864 855 899 δύνασθαι,
873 864 912 900 πῆ
924 864 952 891 δὲ

156 907 190 934 τδ
203 907 338 935 δύνασθαι
371 909 421 944 μὲν
441 909 599 945 προΐσχετο,
614 909 653 944 μὴ
674 909 816 945 βούλεσθαι
830 910 870 938 δέ.
886 910 954 937 Ξυν-

157 952 258 980 ελόντα
270 953 297 980 δὲ
307 955 405 986 είπεῖν,
424 954 533 982 ἅπαντα
546 956 646 991 τρόπον
660 956 769 991 ἀπάτης
780 957 837 988 τοῖς
855 956 953 991 δεομέ-

157 1007 218 1031 νοις
234 999 377 1032 ἑπισείσας
393 1000 467 1033 ἔδοξε
481 1001 531 1036 μιν
547 1001 690 1028 πείθεσθαι
701 1002 789 1037 μόλις,
801 1002 852 1030 οὐκ
866 1002 954 1034 ἄλλως

156 1044 188 1072 δὲ
205 1045 224 1081 ἢ
240 1045 299 1072 cl“
313 1046 344 1072 τὸ
359 1046 560 1082 δεκατημόριον
587 1047 643 1074 τῶν
671 1047 843 1083 τετραπόδων
866 1047 953 1075 ἁπάν-

157 1099 228 1123 των,
243 1092 294 1119 ὅσα
306 1092 383 1128 παρὰ
396 1093 592 1128 Λογγιὸάρδοις
608 1093 743 1129 ὑπῆρχεν,
760 1094 857 1121 αὐτίκα
873 1093 954 1129 κομί-

159 1143 269 1168 σαιντο,
288 1137 336 1163 καὶ
358 1136 407 1170 ὡς,
433 1138 457 1163 εί
477 1138 600 1172 γένοιντο
624 1138 836 1174 καθυπέρτεροι,
866 1139 952 1173 ἥμισυ

159 1180 216 1216 μὲν
230 1181 281 1216 τῆς
299 1181 374 1214 λείας
395 1182 502 1215 ἕξουσιν
523 1183 611 1216 αὐτοὶ,
627 1183 676 1218 τὴν
691 1183 722 1210 δὲ
738 1182 793 1211 τῶν
806 1184 953 1219 Γηπαίδων

159 1226 258 1262 χώραν
271 1228 312 1259 είς
328 1228 431 1256 τέλεον.
449 1229 483 1255 Ἀ
500 1229 531 1264 δὴ
554 1229 601 1256 καὶ
617 1229 736 1263 ἐγένετο.
754 1230 809 1256 Καὶ
831 1230 953 1265 ἐχώρουν

161 1271 183 1297 Γ
184 1272 285 1306 ήπαισι
299 1271 511 1307 πολεμήσοντες.
534 1272 647 1308 Ἐπειδὴ
664 1273 692 1299 δὲ
710 1273 855 1299 ἐπύθετο⁹¹
871 1273 952 1300 Κονι-

161 1315 290 1350 μοῦνδος,
305 1316 413 1349 λᾶγεται
425 1317 527 1349 δείσας,
542 1317 581 1348 ὡς
595 1317 642 1344 καὶ
657 1316 735 1350 αὖθις
748 1317 826 1352 παρὰ
841 1317 953 1352 βασιλέα

168 1361 314 1389 Ἰουστϊνον
331 1362 439 1398 ἔπεμψε
458 1363 600 1397 πρέσϐεις,
613 1362 661 1390 καὶ
684 1363 722 1395 ὡς
736 1363 812 1390 οὐδὲν
826 1361 916 1399 ἦττον,
934 1363 952 1398 ἢ

161 1406 310 1442 πρότερον,
328 1407 556 1440 ξυνεπιλαβέσθαι
580 1409 605 1435 οι
624 1409 672 1436 τοῦ
694 1409 817 1436 κινδύνου
834 1409 950 1440 ἱκέτευε,

162 1453 212 1479 καὶ
226 1453 308 1480 πάλιν
323 1453 354 1480 τὸ
367 1454 480 1489 Σίρμιον
496 1455 544 1482 καὶ
559 1454 609 1490 τὴν
630 1454 696 1482 εῐσω
714 1456 802 1491 Δράου
827 1456 951 1488 ποταμοῦ

163 1500 260 1536 χώραν
267 1500 452 1536 ἐπηγγέλλετο
462 1501 570 1540 δῴσειν,
585 1501 668 1533 αἰδώς
679 1510 707 1528 τε
721 1501 802 1528 αὑτὸν
815 1501 865 1528 οὐκ
877 1499 950 1536 εῖχεν

159 1547 213 1582 ἤδη
235 1547 300 1583 περὶ
323 1547 378 1574 τῶν
393 1547 483 1574 αὐτῶν
501 1547 665 1583 ὀμωμοκότα
677 1546 753 1580 ἅπαξ
777 1547 893 1579 καὶτοῖς
904 1547 951 1582 ὅρ-
964 1565 985 1593 c

161 1604 223 1628 ιοις
238 1595 298 1630 οὐχὶ
309 1596 561 1631 ιγκαρττρήσαντα.
576 1596 622 1622 Διὸ
632 1596 664 1631 δὴ
681 1595 727 1623 καὶ
741 1595 867 1631 βασιλεὺς
887 1595 952 1622 Ἰου-

161 1642 256 1673 στζνος
277 1639 307 1668 εὖ
326 1640 404 1673 εἰδώς
420 1650 451 1668 τε
466 1641 513 1668 καὶ
527 1641 746 1677 τεκμαιρόμενος
769 1642 826 1673 τοῖς
848 1640 952 1675 φθάσα-

161 1695 218 1719 σιν,
241 1686 280 1718 ὠς
299 1686 474 1722 Κονιμούνδῳ
498 1686 590 1713 ἔνεστι
614 1685 734 1717 πίστεως
750 1685 828 1712 οὐδὲν
850 1685 951 1717 ὁτιοῦν,

161 1731 315 1767 ἀνήνασθαι
335 1731 385 1767 μὲν
405 1731 436 1758 οὗ
465 1740 491 1758 τι
512 1731 580 1767 ᾤετο
596 1731 694 1767 χρῆναι
716 1731 766 1766 τὴν
783 1731 951 1766 ξυμμαχίαν,

162 1778 284 1813 ἀνασολῇ
303 1777 333 1804 δὶ
353 1777 429 1813 ὅμως
453 1777 662 1814 παρεκρούσατο
675 1777 723 1804 τοῦ
747 1777 890 1812 Βαρδάρου
902 1777 952 1812 τὴν

162 1824 288 1858 αἴτησιν
303 1823 356 1857 ἔφη
373 1823 439 1858 γὰρ,
458 1823 496 1855 ὼς
518 1822 731 1857 διεσκεδασμένα
749 1822 785 1849 τὰ
810 1822 952 1857 Ῥωμαϊκὰ

163 1870 285 1905 ὑπάρχει
305 1869 510 1904 στρατεύματα,
537 1869 586 1902 ξὺν
608 1868 711 1904 σπουδῇ
730 1868 759 1895 δὲ
782 1868 821 1900 ὡς
842 1866 898 1896 οἷόν
921 1869 952 1895 τέ

163 1917 240 1942 ἔστιν
257 1915 388 1950 ἀθροισας
410 1915 510 1942 αὐτίκα
537 1914 687 1950 ὲκπέμψοι.
708 1914 827 1949 ’Δκὴκοα
840 1915 868 1942 δὲ
887 1915 952 1950 περὶ

165 1959 349 1993 Κονιμούνδου
370 1959 417 1986 καὶ
427 1959 527 1991 τοιάδε,
541 1959 605 1994 ἐμοὶ
620 1959 648 1986 δὲ
663 1958 694 1985 οὑ
709 1959 794 1986 πιστά
804 1967 810 1974 ·
824 1958 884 1986 λίαν
897 1961 951 1994 γὰρ

164 2003 275 2034 ἀναιδὲς
302 2003 413 2039 ὑπῆρχε
434 2004 481 2030 τὸν
516 2004 782 2039 παρασπονδήσαντα
807 2004 870 2038 περὶ
895 2004 951 2031 τῶν

165 2048 257 2076 αὐτῶν
273 2048 376 2076 δεῖσθαι
388 2049 436 2076 καὶ
451 2049 543 2076 πάλιν.
558 2049 675 2084 Λέγεται
690 2049 729 2083 δὲ,
741 2049 778 2082 ὡς
790 2050 871 2076 καὶἰ
882 2050 952 2084 Λογ-

166 2095 291 2129 γίὸαρδοι
321 2094 477 2130 τηνικαῦτα
500 2095 722 2131 ὲπρεσόεύσανιο
745 2096 821 2131 παρὰ
839 2096 950 2123 ’1ουστϊ-

165 2141 240 2167 nov"
255 2141 301 2167 καὶ
319 2141 360 2168 ὅτι
377 2140 515 2176 Γήπαιδας
523 2140 546 2157 ⁸⁵
560 2141 610 2176 τῆς
627 2140 666 2173 ὡς
688 2141 842 2176 Ῥωμαίους
866 2141 951 2176 ἀγνω-

167 2185 290 2222 μοσύνης
303 2185 417 2213 πλεῖστα
437 2186 488 2213 ὅσα
502 2187 754 2222 κατηγορήσ-ντες,
771 2186 820 2222 τὴν
830 2187 863 2214 ἐκ
883 2187 950 2213 Ῥω-

1044 723 1087 750 12.
1110 723 1226 757 Bajnnns
1248 722 1350 757 legatos
1364 723 1472 757 quidem
1491 722 1730 757 Longolmrdorum
1749 732 1796 752 ex-

1008 769 1090 804 cepit,
1112 768 1160 796 sed
1180 775 1227 796 eos
1242 768 1318 802 parvi
1338 767 1428 796 facere
1444 768 1576 800 decrevit,
1600 774 1629 795 ut
1644 776 1674 796 ea
1690 769 1796 797 ratione

1007 813 1218 846 conditionibus.
1230 820 1290 848 qua:
1309 813 1365 841 suis
1383 814 1533 842 rationibus
1550 815 1629 843 utiles
1642 820 1744 849 essent.
1760 817 1794 843 ad

1007 866 1145 887 armorum
1154 858 1312 886 societatem
1324 866 1415 886 secum
1426 860 1639 887 contrahendam
1648 861 1794 896 pellicerel.

1005 908 1038 936 Et
1055 908 1134 937 modo
1151 915 1180 936 se
1202 915 1256 936 non
1274 913 1363 942 posse,
1387 907 1467 934 modo
1482 914 1573 942 posse,
1588 907 1718 941 iactabat,
1748 908 1795 934 sed

1005 953 1088 981 nolle.
1101 952 1224 988 Cumque
1241 960 1271 981 se
1282 956 1425 988 precantes
1435 952 1508 980 omni
1523 951 1627 979 fraudis
1641 958 1748 987 genere,
1767 957 1797 979 ut

1005 998 1125 1027 breviter
1149 999 1248 1032 dicam,
1271 997 1464 1031 concussisset,
1481 997 1589 1025 tandem
1609 1004 1705 1025 eorum
1727 999 1795 1032 peti-

1005 1044 1071 1072 tioni
1094 1044 1218 1072 assentiri
1237 1044 1390 1077 videbatur,
1410 1044 1457 1072 sed
1482 1051 1535 1071 non
1558 1043 1609 1071 alia
1629 1044 1794 1076 conditione,

1003 1096 1084 1124 quam
1107 1089 1130 1117 si
1147 1089 1281 1117 decimam
1304 1095 1407 1125 partem
1425 1090 1640 1125 quadrupedum,
1656 1097 1716 1125 quae
1732 1095 1796 1118 tunc

1004 1134 1132 1168 temporis
1147 1135 1216 1170 apud
1232 1133 1424 1170 Longobardos
1440 1139 1544 1168 essent,
1561 1135 1706 1163 confestim
1725 1137 1796 1164 acci-

1003 1184 1097 1215 peret;
1114 1180 1138 1208 si
1153 1181 1306 1214 superiores
1322 1182 1479 1213 evaderent,
1497 1181 1638 1209 dimidium
1655 1182 1796 1210 mam-bia-

1003 1234 1064 1254 rum
1077 1231 1104 1254 et
1116 1231 1171 1254 tota
1180 1225 1342 1262 Gepidarum
1355 1227 1429 1262 regio
1439 1227 1499 1262 ejus
1510 1227 1564 1262 juri
1580 1228 1697 1255 cederet.
1708 1229 1797 1263 Atque

1004 1272 1061 1300 litec
1073 1280 1134 1299 cum
1147 1273 1182 1299 ita
1197 1277 1330 1300 conventa
1343 1277 1444 1304 essent,
1459 1272 1560 1300 bellum
1573 1273 1674 1301 inferre
1687 1272 1796 1308 Gepidis

1003 1318 1129 1353 deinceps
1138 1318 1323 1346 instituerunt.
1333 1319 1397 1352 Quzc
1403 1319 1448 1346 ubi
1455 1318 1642 1346 Conimundus
1651 1319 1794 1352 intellexit,

1007 1363 1106 1391 dicitur
1131 1364 1229 1392 timore
1245 1363 1385 1399 perculsus
1400 1364 1504 1399 legatos
1517 1371 1626 1399 quoque
1642 1364 1749 1392 misisse
1763 1366 1796 1391 ad

1001 1409 1137 1438 Iustinum
1147 1411 1350 1446 imperatorem,
1359 1415 1385 1438 et
1393 1418 1454 1438 eum
1465 1418 1524 1439 esse
1532 1411 1694 1444 obtestatus,
1704 1416 1734 1438 ut
1744 1417 1796 1438 neu

1002 1456 1194 1491 minus,quam
1204 1461 1295 1490 antea,
1313 1456 1340 1484 in
1352 1461 1457 1492 partem
1473 1456 1586 1491 periculi
1598 1457 1712 1484 veniret.
1727 1456 1795 1484 Tnni

1004 1508 1111 1534 rursus,
1129 1508 1158 1529 se
1183 1501 1221 1529 illi
1237 1501 1367 1529 Sirmium
1384 1505 1411 1530 et
1436 1509 1544 1529 omnem
1565 1502 1713 1537 regionem,
1736 1509 1796 1537 quae

1002 1547 1073 1575 intra
1090 1546 1206 1574 Dravum
1223 1547 1338 1575 ﬂuvium
1359 1552 1411 1580 est,
1428 1555 1620 1575 concessurum
1638 1555 1700 1575 esse
1716 1547 1795 1582 polli-

1004 1593 1073 1621 citus
1083 1597 1134 1620 est.
1153 1592 1244 1628 Neque
1259 1593 1360 1627 pudore
1369 1592 1550 1624 afﬁciebatur,
1565 1593 1636 1628 qunti
1653 1593 1722 1620 idem
1738 1593 1794 1628 jqu

1005 1638 1088 1666 semel
1104 1637 1234 1673 iurasset,
1250 1645 1339 1673 neque
1349 1638 1527 1673 jurejurando
1543 1639 1674 1666 stetisset.
1691 1639 1729 1665 Ex
1741 1646 1796 1674 quo

1003 1690 1064 1711 cum
1091 1684 1239 1718 imperator
1262 1684 1431 1718 perspiceret
1457 1689 1484 1712 et
1505 1683 1654 1718 coujiceret
1679 1691 1712 1711 ex
1741 1684 1794 1717 his,

1003 1738 1063 1765 quae
1077 1735 1236 1764 evenerant,
1253 1731 1319 1758 nihil
1335 1731 1424 1759 inesse
1437 1730 1609 1759 Conimundo
1623 1731 1697 1764 fidei,
1713 1731 1795 1759 mini-

1006 1783 1048 1802 me
1060 1775 1167 1809 quidem
1186 1775 1223 1802 illi
1236 1775 1422 1810 denegandum
1440 1776 1580 1809 auxilium,
1602 1777 1649 1804 sed
1665 1776 1794 1805 dilatione

1003 1824 1031 1847 et
1043 1821 1286 1854 procrastinatiune
1299 1821 1455 1856 petitionem
1467 1822 1525 1857 ejus
1538 1822 1687 1850 ducendam
1699 1823 1794 1850 existi-

1003 1866 1097 1893 mavit.
1121 1865 1268 1902 Respondit
1283 1868 1366 1900 enim,
1392 1874 1441 1902 per
1458 1868 1547 1896 varias
1575 1869 1728 1903 provincias
1754 1869 1794 1897 di-

1003 1919 1110 1946 spersos
1129 1920 1189 1940 esse
1205 1912 1389 1941 Romanorum
1405 1914 1541 1943 exercitus
1559 1921 1640 1942 :cum
1653 1915 1794 1943 celeritate

1003 1961 1030 1985 et
1046 1958 1136 1986 studio
1149 1957 1208 1986 illos
1223 1963 1378 1987 coacturum
1393 1963 1421 1986 et
1446 1967 1527 1994 quam
1543 1959 1674 1988 citissime
1690 1968 1791 1996 suppe-

1004 2004 1056 2031 tias
1079 2004 1238 2032 missurum.
1260 2003 1323 2032 Hmc
1347 2012 1456 2040 quoque
1473 2005 1538 2032 mihi
1564 2005 1598 2034 de
1621 2005 1793 2034 Coniinundo

1003 2048 1115 2076 audita:
1136 2048 1184 2076 sed
1200 2049 1310 2077 minime
1323 2049 1479 2078 verisimilia
1490 2050 1625 2078 videntur.
1639 2050 1703 2078 Mihi
1719 2051 1791 2079 enim

1003 2093 1070 2121 satis
1086 2094 1228 2128 impudens
1242 2094 1347 2122 videtur
1363 2094 1396 2127 is,
1414 2095 1460 2130 qui
1477 2103 1538 2123 cum
1562 2095 1664 2124 ftedera
1677 2097 1792 2131 ruperit,

1002 2139 1097 2166 eadem
1120 2147 1215 2167 rursus
1241 2140 1318 2174 petit.
1343 2140 1446 2168 Dicitur
1459 2147 1534 2174 vero,
1551 2149 1603 2169 non
1629 2141 1716 2170 solum
1730 2146 1794 2170 tunc

1004 2185 1133 2219 temporis
1147 2184 1340 2220 Longobardos
1357 2186 1461 2222 legatos
1476 2188 1508 2215 ad
1526 2186 1662 2215 Justinum
1673 2188 1791 2221 misisse,

165 2231 256 2266 μαίων
283 2231 335 2267 μὶν
360 2231 516 2268 θηρώμενοι
543 2233 703 2268 συμμαχίαν
732 2233 834 2267 ἤνυσαν
862 2232 951 2265 οὐδὲν,

1005 2231 1052 2258 sed
1064 2231 1160 2264 quavis
1181 2231 1286 2259 ratione
1304 2239 1350 2260 eos
1374 2231 1492 2266 Gepidas
1509 2233 1579 2268 apud
1597 2233 1734 2262 Romanos
1751 2235 1794 2262 in-

165 2278 374 2314 κατεπρὰξαντο
386 2279 415 2306 δὲ
433 2279 509 2314 ὅμως
524 2278 594 2314 πρὸς
609 2278 656 2305 τοῦ
671 2278 802 2314 βασιλέως
815 2279 883 2314 μηδὲ
897 2279 955 2305 ἑτέ-

165 2331 229 2358 ρους
246 2324 296 2359 τῆς
315 2323 459 2359 Ῥωμαίων
471 2324 626 2352 ἀπολαῦσαι
637 2325 805 2360 ἐπικουρίας.

201 2455 247 2489 ιγ’.
263 2456 326 2483 Ὅτι
343 2456 458 2489 Βαῖανὸς
474 2456 489 2483 ὀ
510 2457 565 2483 τῶν
588 2456 710 2492 Ἀὁάρων
735 2456 896 2492 ἡγούμενοί,
921 2457 952 2483 ἐν

163 2497 188 2536 ᾧ
202 2501 290 2537 χρόνῳ
310 2501 341 2527 τὺ
368 2501 481 2537 Σίρμιον
497 2502 627 2537 ἠϐούλετο
648 2497 946 2538 πολιορκήσειν,-Βιτα-

166 2547 255 2575 λιανόν
274 2555 305 2574 τε
325 2547 372 2575 τὺν
396 2548 518 2582 ἑρμηνέα
546 2548 592 2574 καὶ
609 2549 733 2583 Κομιτᾶν
757 2546 830 2583 εἶχεν
864 2549 894 2576 ὲν
909 2548 951 2575 δε-

167 2595 257 2628 σμοῖς.
275 2594 375 2628 Ἀμφω
396 2594 451 2628 γὰρ
466 2592 504 2619 τὼ
517 2593 596 2629 ἄνδρε
610 2595 698 2620 τούτω
717 2595 859 2626 Ἱουστῖνος
873 2595 886 2621 ὁ
903 2594 951 2630 βα-

166 2638 256 2670 σιλεὺς
271 2637 320 2674 ήδη
333 2638 441 2670 στείλας
456 2638 581 2674 ὑπῆρχεν
596 2639 633 2671 ὡς
649 2639 740 2672 αὑτὸν,
760 2641 919 2675 αίτὴσοντας
929 2641 951 2656 ⁵⁸

1004 2277 1073 2313 grati
1087 2285 1152 2313 erga
1168 2278 1227 2305 illos
1247 2278 1331 2306 animi
1347 2279 1518 2307 insimulatus
1538 2287 1610 2313 esse,
1630 2288 1684 2315 quo
1706 2281 1792 2316 magis

1003 2323 1052 2358 ipsi
1066 2323 1168 2350 auxilio
1182 2323 1253 2358 digni
1276 2323 1442 2357 viderentur,
1464 2325 1511 2352 sed
1529 2325 1595 2352 nihil
1610 2325 1791 2360 profecerunt.

1002 2369 1059 2397 Hoc
1072 2374 1162 2397 tamen
1177 2370 1210 2397 ab
1229 2369 1393 2404 imperatore
1409 2371 1549 2398 consecuti
1563 2376 1637 2404 sunt,
1651 2376 1682 2399 ttt
1698 2377 1792 2399 neutra

1000 2423 1066 2451 gens
1081 2423 1095 2443 a
1108 2416 1236 2443 Romanis
1251 2417 1360 2443 auxiliis
1372 2417 1525 2450 juvaretnr.

1039 2461 1082 2488 l5.
1099 2459 1130 2496 (f.
1147 2461 1180 2488 Δ.
1196 2460 1227 2488 C.
1242 2461 1294 2488 568
1313 2460 1370 2488 lnd.
1387 2462 1398 2488 i
1419 2460 1516 2489 Justini
1534 2462 1572 2497 4.)
1597 2461 1715 2497 ananus
1740 2470 1793 2497 quo

1004 2511 1126 2540 tempore
1137 2505 1170 2532 de
1179 2505 1328 2533 obsidendo
1346 2505 1446 2533 Sirmio
1457 2506 1603 2541 cogitabat,
1621 2507 1791 2534 Vitallianum

1004 2551 1180 2586 interpretem
1191 2555 1218 2578 et
1233 2551 1356 2578 Comitan
1367 2553 1395 2578 in
1407 2552 1511 2578 vincula
1526 2552 1651 2587 cenjccit.
1669 2552 1724 2580 llos
1739 2561 1789 2580 an-

1007 2601 1060 2624 tem
1075 2596 1142 2623 duos
1156 2596 1229 2623 viros
1242 2595 1366 2623 Justinus
1391 2597 1538 2632 imperator
1552 2598 1651 2625 dudum
1670 2598 1703 2625 ad
1717 2598 1790 2625 illum

1007 2642 1130 2676 miserat,
1147 2646 1178 2669 ut
1199 2642 1300 2670 aditum
1327 2644 1359 2670 ad
1379 2643 1587 2679 colloquendum
1612 2651 1673 2671 cum
1690 2643 1736 2672 illo
1760 2645 1792 2672 de

802 2719 920 2746 VARle
960 2720 1160 2749 LECTIONES.

200 2774 224 2791 ⁸³
240 2774 410 2817 εὑημερορσί
424 2774 474 2817 H1,
482 2773 657 2817 εὐημεριοῖξσί
671 2774 756 2817 vulg._
782 2775 804 2790 “
815 2775 942 2817 ξλάσου-ςι
962 2776 1279 2817 ῌη-ὲκλᾲβουσι-νιιιεη-
1294 2778 1316 2795 ⁸⁷
1331 2780 1527 2817 Λογγοὸἀρδων
1541 2781 1613 2816 vulg.
1652 2781 1674 2798 ⁸⁸
1690 2782 1789 2813 αὐτοὺς

166 2809 303 2845 Baeticos}
324 2809 399 2845 vulgi
445 2809 474 2845 νιν
493 2809 590 2841 αὐτους
617 2809 662 2841 N.,
691 2809 759 2844 αὐτῇ
783 2810 857 2845 vulg.

166 2812 210 2841 13.,
221 2812 303 2836 αὐτὸν
324 2812 397 2844 vuig.
452 2812 474 2826 δ’
493 2812 590 2841 αὐτοὺς
617 2812 662 2841 PL,
691 2812 759 2844 αὐτῇ
783 2812 857 2845 vulg.
911 2812 970 2838 "et
990 2812 1052 2840 add.
1074 2813 1107 2840 N.
1159 2814 1179 2829 ⁶¹
1206 2812 1292 2840 eis“):

163 2845 189 2861 ⁵³
213 2844 352 2873 ἰουστῖνον
378 2844 587 2878 Ν.,“’1ουστίνου
614 2845 688 2881 vulg.
725 2845 748 2860 ”
761 2845 893 2880 Γήπαιὸες
911 2847 982 2882 vulg.
995 2848 1023 2884 _"
1040 2849 1200 2883 αἰτήσαντες
1222 2850 1292 2885 vulg.

1159 2814 1179 2829 ⁶¹
1206 2814 1330 2853 ἐπείθετο
1361 2816 1432 2850 vulg.
1458 2814 1464 2817 “
1489 2817 1512 2833 ⁵³
1532 2818 1575 2843 καὶ
1591 2814 1634 2850 lt,
1657 2817 1694 2853 μὴ
1715 2817 1787 2851 vulg.
