1951 3074
172 138 232 172 815

617 142 812 173 EXCERP’I‘A
832 143 883 174 EX
902 144 1112 175 MENANDRO
1131 145 1375 177 PROTECTORE

1748 149 1800 182 816

177 196 339 231 quibusdam
357 196 435 224 rebus
461 202 593 232 peterent.
615 198 640 226 ls
656 204 746 227 autem
770 207 859 228 :ontra
877 201 916 228 las
936 205 962 228 et

1014 201 1108 235 αὐτοῦ,
1131 202 1168 234 ὡς
1195 203 1228 230 ἂν
1247 203 1315 230 ἄττα
1341 203 1495 239 διαλεχθείη
1507 204 1530 220 ⁸⁸
1551 212 1582 239 γε
1600 205 1702 237 αὐτοῖς.
1726 205 1756 232 ’0
1771 207 1799 233 δὲ

177 242 373 276 communejus
385 242 504 277 gentium
520 250 567 271 eos
582 244 607 271 in
623 244 737 272 vinculis
750 245 853 273 habuit.

212 327 257 355 14.
273 327 303 364 (ί.
323 329 356 355 Α.
369 327 400 355 (ἶ.
411 328 536 358 5691ιιι1.
554 329 571 356 2
591 329 688 357 Justini
704 330 742 362 5.)
767 331 884 366 Bajanus
899 337 961 366 post

176 379 315 399 murorum
339 373 563 409 oppugnationem
589 375 672 408 misit,
691 376 736 410 qui
757 376 790 403 de
813 384 878 411 pace
898 384 961 411 age—

176 422 247 445 rent.
267 418 345 452 112
369 418 494 446 Nonnulli
513 426 547 447 ex
563 419 616 453 his,
633 421 678 455 qui
696 421 787 448 Sirmii
812 426 900 455 erant,
927 423 960 450 ad

176 470 312 490 summum
340 463 475 499 fastigium
501 465 600 499 balnei,
614 466 684 500 quod
710 466 799 502 populi
825 468 885 495 usui
902 472 961 495 eral.

175 508 353 542 destinatum,
377 510 410 536 ad
429 511 605 544 speculandas
628 511 730 545 hostes,
755 517 784 540 ut
798 514 882 542 moris
907 518 957 548 est,

175 554 369 593 ascenderunt.
385 553 417 581 Hi
431 562 463 582 ex
474 556 584 590 specula
594 556 858 592 jcircumspicientes,
874 559 896 586 si
907 567 959 594 qua

176 599 284 626 barbari
298 599 467 634 eruptionem
487 601 619 634 Iacerent.
642 602 819 630 adverterunt
839 603 960 631 Avarum

167 647 295 679 1|untios,
315 646 360 681 qui
379 647 436 682 jam
450 655 480 674 se
493 649 518 675 in
534 648 603 675 viam
625 648 766 682 dederant,
786 656 801 676 e
814 649 960 685 longinquo

165 699 222 727 Aper
237 693 288 720 iter
308 698 444 728 vagantes.
473 693 527 721 Hos
546 701 606 722 cum
631 700 706 722 certo
727 695 885 730 dignoscere
904 705 959 725 non

163 744 294 773 possent,
318 740 447 775 suspicati
473 745 546 774 sunt,
562 749 622 769 esse
644 742 808 771 ex,hostium
826 743 957 771 exercitu.

175 785 269 819 Itaque
283 785 355 812 illico
368 786 444 820 signo
458 786 522 813 dato
541 788 686 815 adventum
705 795 798 816 eorum
812 789 959 817 nuntiave-

173 835 247 857 runt.
271 831 305 857 At
321 830 422 862 Bonus,
438 839 498 858 cum
515 832 552 858 illi
564 831 592 859 iu
608 832 688 860 dubio
704 833 820 861 haereret
840 834 957 866 animus,

1013 247 1089 282 παρά
1105 248 1150 274 τὸν
1167 248 1255 275 κοινὸν
1272 248 1325 276 τῶν
1342 249 1483 284 πρέσϐεων
1506 249 1607 285 θεσμὸν
1630 249 1702 286 εἶχεν
1715 251 1745 278 ἐν
1758 252 1801 278 δε-

1013 294 1103 327 σμοῖς.

1049 341 1090 367 ιδ’.
1108 340 1169 367 Ὅτι
1182 340 1196 367 ὁ
1209 341 1325 372 Βαῖανδς
1341 341 1409 376 μετὰ
1432 342 1482 378 τὴν
1499 343 1676 378 τειχομαχίαν
1695 343 1800 370 στέλλει

1011 386 1088 418 τινὰς
1102 387 1175 422 ἀμφὶ
1188 387 1238 422 τῆς
1255 388 1369 423 εἰρήνης
1382 388 1654 424 διαλεχθησομένους.
1670 391 1756 417 Ἔνιοι
1772 389 1801 417 δὲ

1011 434 1064 461 τῶν
1075 435 1104 462 ἐν
1119 435 1224 470 Σιρμίῳ
1239 435 1290 462 ἀνά
1301 436 1332 462 τὸ
1343 436 1470 470 ¹ἠλίϐατον
1482 436 1528 464 τοῦ
1541 437 1693 473 βαλανείου,
1709 438 1723 465 δ
1732 438 1801 473 δῆτα

1011 480 1050 516 τῷ
1066 481 1142 516 δήμῳ
1157 481 1304 516 ἐτύγχανεν
1319 482 1474 517 ἀνειμένον,
1492 483 1539 510 ἐπὶ
1564 485 1727 520 κατασκοπῇ
1744 484 1800 511 τῶν

1012 526 1149 562 πολεμίων
1181 527 1253 553 κατὰ
1283 527 1314 554 τδ
1341 527 1457 564 σύνηθες
1481 528 1662 562 ἐνιζάνοντες,
1694 530 1744 556 καὶ
1769 530 1799 556 ἐν

1011 570 1126 606 ἀπόπτῳ
1143 571 1358 605 καραδοκοῦντές
1369 580 1399 598 τε
1411 572 1459 598 καὶ
1472 572 1606 608 θεώμενοι
1621 574 1649 600 εἰ
1663 583 1714 601 που
1728 575 1798 610 ἐπή-

1009 614 1086 647 λυσις
1094 615 1116 631 ⁵⁷
1136 615 1212 642 ἔσται
1236 615 1401 652 βαρϐαρικὴ,
1417 617 1455 649 ὼς
1469 618 1639 654 κατενόησαν
1652 620 1717 652 τοὺς
1743 620 1799 647 τῶν

1017 661 1139 696 Ἀὃάρων
1158 661 1376 697 ἀγγελιαφόρους
1389 663 1440 698 ήδη
1457 664 1628 699 προσιόντας,
1651 664 1691 700 τῷ
1713 666 1796 701 μήκει

1010 706 1061 742 τῆς
1079 707 1204 742 ἀτραποῦ
1230 708 1467 744 ἀποπλανηθέντες
1495 710 1544 736 καὶ
1561 709 1636 737 οὔπω
1660 719 1798 745 κατεγνω-

1011 752 1090 784 κότες
1108 752 1138 779 τὸ
1157 753 1271 788 ἀκριῦἐς
1284 753 1461 789 ὑπετόπησαν
1477 752 1548 782 εἷναι
1561 755 1664 791 πληθὺν
1685 757 1798 791 ⁹Αϐαρι-

1010 798 1072 834 κήν,
1091 798 1229 833 ὲδήλωσάν
1250 807 1279 825 τε
1297 799 1406 832 αὐτίκα,
1419 800 1466 827 καὶ
1482 800 1512 827 τὸ
1526 802 1639 836 σημεῖον
1660 802 1796 830 καθεῖλον.

1018 843 1047 870 '0
1069 843 1097 870 δὲ
1119 843 1209 875 Βῶνος
1235 844 1303 880 πρὸς
1328 844 1408 872 τοῦτο
1435 846 1604 881 δυσχεράνας
1631 847 1798 883 σαφέστερον

152 884 203 904 »ι-ίι
217 876 373 912 diligentius
385 877 536 911 explorata,
550 879 676 913 cognovit
688 879 817 907 barbaros
831 887 890 907 esse
899 888 960 915 par-

1011 888 1126 916 ἔσπευσε
1142 875 1313 925 καταμαθεῖν
1327 890 1453 926 τάληθές.
1466 875 1549 924 Γνοὺς
1564 875 1713 927 δέ-ὀλίγους
1726 875 1797 920 εἶναι

173 929 208 949 νο
223 930 346 955 numero,
362 927 389 950 et
406 923 480 959 pacis
488 925 657 953 conditiones
668 932 727 953 esse
738 925 852 953 laturos.
867 925 959 962 Itaque

173 972 200 995 et
222 968 278 1003 ipse
294 969 377 1002 misit,
397 970 442 1004 qui
458 975 535 997 extra
561 978 653 999 muros
665 978 725 998 cum
743 971 796 999 illis
824 971 958 1007 colloquia

173 1019 306 1042 sererent.
330 1015 514 1043 Decumbebat
540 1017 612 1044 enim
628 1024 659 1044 ex
676 1017 796 1049 vulnere.
817 1025 904 1053 neque
920 1018 957 1046 illi

163 1067 221 1095 .per
234 1059 405 1089 Theodorum
429 1062 562 1090 medicum
579 1062 679 1090 licebat
706 1063 828 1092 hostibus
851 1063 956 1091 obviam

172 1107 222 1134 ire.
240 1106 331 1142 Neque
355 1115 419 1135 vero
432 1108 524 1136 hostes
544 1116 604 1136 eum
619 1108 788 1137 vulneratum
804 1117 866 1138 esse
886 1110 957 1138 scire

171 1153 369 1188 suspicabatur.
399 1153 464 1181 Nam
483 1154 506 1181 si
527 1154 552 1181 id
570 1154 725 1187 rescissem,
751 1158 806 1182 tum
827 1162 880 1183 non
898 1163 956 1183 am-

164 1199 243 1233 ,plius
260 1198 299 1226 illi
319 1199 456 1226 latendum
472 1206 531 1227 esse
552 1199 630 1233 dixit,
644 1207 678 1228 ne
699 1201 877 1236 suspicionem
894 1201 956 1237 inji-

163 1249 256 1278 ~ceret,
270 1245 365 1273 ducem
382 1253 397 1273 e
414 1246 482 1274 vivis
502 1246 663 1274 excessisse.
678 1245 731 1275 Sed
752 1247 843 1275 hostes
859 1248 904 1276 ubi
923 1248 956 1275 vi-

165 1292 271 1319 «lerunt
285 1292 364 1325 alios,
377 1293 422 1327 qui
435 1292 468 1320 de
481 1300 548 1328 pace
564 1292 757 1328 disceptarent,
771 1294 872 1328 venire,
894 1301 955 1322 sus-

166 1337 250 1372 picati
261 1342 333 1371 sunt,
346 1338 440 1366 ducem
449 1339 571 1374 periisse.
585 1339 676 1374 Itaque
687 1339 848 1374 colloquium
863 1347 954 1368 coram

168 1389 203 1409 eo
219 1381 277 1410 ﬁeri
303 1382 371 1410 velle
393 1383 530 1411 dixerunt.
545 1383 621 1411 Tunc
636 1384 805 1416 Theodorus,
819 1385 865 1419 qui
882 1385 955 1420 quod

171 1428 237 1456 utile
250 1428 329 1461 foret,
344 1428 478 1464 praecipue
494 1430 644 1464 spectabat,
662 1430 730 1456 dixit
746 1437 799 1457 non
814 1429 870 1465 jam
885 1434 954 1458 tem-

170 1481 220 1508 pus
236 1473 383 1508 postulare,
400 1474 490 1502 utdux
502 1474 573 1502 domi
586 1474 613 1502 in
627 1474 734 1502 occulto
747 1481 776 1502 se
792 1475 953 1508 contineret,

1009 935 1072 966 τοὺς
1093 935 1226 971 Ἀὁάρους
1245 936 1292 962 καὶ
1307 935 1450 971 βούλεσθαί
1469 938 1494 964 οἰ
1512 938 1797 974 ἐπικηρυκεύσασθαι,

1009 979 1148 1016 ἐξέπεμψε
1164 981 1211 1007 καὶ
1232 981 1313 1013 αὐτὸς
1329 983 1392 1014 τοὺς
1406 984 1604 1018 ποιησομένους
1621 985 1670 1016 τὰς
1689 986 1795 1012 καταλ-

1008 1024 1094 1060 λαγὰς
1110 1027 1140 1057 ἐς
1161 1026 1195 1053 τά
1220 1026 1274 1060 ἐξω
1296 1027 1344 1054 τοῦ
1360 1028 1478 1064 τείχους.
1496 1030 1557 1056 Ἔτι
1572 1031 1626 1066 γὰρ
1645 1031 1678 1058 ἐκ
1691 1031 1738 1058 τοῦ
1751 1032 1796 1058 ἐλ-

1009 1080 1072 1103 κους
1098 1072 1262 1106 περιώδυνος
1285 1070 1329 1109 ἧν,
1352 1074 1399 1101 καὶ
1415 1075 1430 1100 6
1450 1074 1587 1110 θεόδωρος
1600 1077 1614 1102 6
1631 1076 1722 1112 ἰατρὸς
1746 1078 1795 1104 οὐκ

1007 1117 1050 1144 εἴα
1065 1117 1110 1144 τὸν
1126 1118 1306 1154 στρατίαρχον
1330 1119 1358 1146 ἐν
1382 1120 1492 1155 φανερῷ
1506 1121 1629 1155 γίνεσθαι
1646 1123 1702 1154 τοῖς
1716 1123 1795 1149 ἐναν-

1007 1163 1084 1195 τίοις.
1100 1164 1180 1195 Εἰκὸς
1206 1165 1260 1200 γὰρ
1281 1165 1348 1200 μηδέ
1365 1165 1469 1200 ἔφασκε
1477 1166 1500 1182 ⁵⁸
1519 1166 1581 1198 τοὺς
1601 1166 1742 1202 πολεμίους
1757 1167 1794 1198 ὡς

1008 1208 1120 1245 ὲὸλήθη.
1135 1209 1167 1236 Εἰ
1181 1210 1210 1236 δὲ
1231 1209 1310 1236 τοῦτο
1331 1210 1483 1246 κατάδηλον
1504 1211 1579 1238 ἔσται
1602 1211 1704 1245 αὐτοῖς,
1733 1212 1794 1238 τότε

1007 1254 1113 1291 ἀνάγκη
1131 1255 1167 1291 μὴ
1184 1255 1380 1291 ὑποκρύπτειν,
1397 1256 1436 1288 ὡς
1455 1257 1488 1284 ἂν
1502 1257 1540 1292 μὴ
1555 1257 1667 1285 ὑπόνοια
1682 1258 1794 1293 γένηταί

1009 1309 1085 1334 σφισι
1099 1300 1146 1328 τοῦ
1165 1301 1382 1329 ἀποϐεὸιωκέναι
1402 1302 1496 1330 αὐτόν,
1516 1304 1549 1329 Οἰ
1567 1303 1604 1336 δὲ,
1627 1303 1689 1330 ἐπεὶ
1703 1304 1791 1339 ἕτεροι

1007 1347 1072 1382 περὶ
1095 1347 1146 1382 τῆς
1169 1348 1281 1383 εἰρήνης
1306 1345 1388 1383 ἦλθον
1402 1348 1654 1384 διαλεχθησόμενοι,
1667 1349 1715 1376 καί¹
1731 1350 1792 1385 οὐχὶ

1007 1393 1102 1425 αὐτὸς,
1120 1393 1286 1429 ὑπενόησαν,
1311 1393 1350 1425 ὡς
1376 1394 1488 1421 διώλετο
1510 1395 1524 1421 6
1552 1396 1712 1430 στρατηγὸς,
1742 1396 1790 1422 καὶ

1007 1438 1081 1472 αὑτῷ
1097 1437 1200 1465 ἐθέλειν
1220 1438 1339 1473 ἔφασκον
1359 1439 1388 1465 ἐν
1413 1439 1541 1475 συνουσίᾳ
1567 1440 1704 1474 γενέσθαι.
1722 1440 1790 1467 Τότε

1006 1484 1021 1510 6
1036 1484 1185 1519 Θεόδωρος,
1197 1484 1244 1511 τοῦ
1257 1485 1425 1517 συνοίσοντος
1438 1483 1467 1512 εὖ
1486 1485 1604 1521 μάλιστα
1621 1487 1790 1522 στοχασάμε-

170 1519 217 1546 sed
234 1519 336 1554 potius,
352 1523 380 1546 ut
395 1524 471 1546 extra
489 1519 627 1547 civitatem
640 1520 773 1555 prodiret,
789 1525 816 1549 et
830 1521 858 1548 in
874 1528 955 1550 cons-

1007 1538 1064 1562 νος,
1078 1530 1178 1564 ἔλεξεν,
1194 1531 1232 1562 ὡς
1257 1531 1288 1557 τὸ
1307 1531 1400 1558 λοιπὸν
1413 1531 1444 1557 οὐ
1462 1519 1550 1568 χρεὼν
1566 1519 1791 1567 ἀποκρότιτεσθαι

171 1568 276 1598 pectum
288 1564 464 1592 barbarorum
475 1565 588 1592 veniret.
599 1564 690 1602 Itaque
700 1565 810 1594 vulnere
820 1572 956 1603 unguento

171 1609 250 1641 illito,
270 1608 360 1636 Bonus
376 1616 392 1636 ιι
410 1608 515 1636 medico
531 1609 658 1637 dimissus
673 1618 733 1637 cum
749 1610 872 1639 barbaris
891 1619 955 1639 con-

171 1655 252 1683 venit.
265 1654 340 1682 Tuuc
352 1654 432 1690 legati
446 1660 539 1683 mutuo
552 1662 687 1690 sermone,
703 1656 855 1692 hujusmodi
865 1658 954 1687 verbis

168 1704 232 1729 sunt
247 1701 286 1728 usi
307 1709 313 1728 :
337 1708 346 1727 ι
369 1701 488 1728 Avarum
499 1701 634 1735 dominus,
652 1708 669 1729 ο
683 1701 808 1736 Romani,
825 1703 894 1738 apud
909 1711 955 1731 vos

169 1749 226 1774 lucc
238 1746 477 1782 proponerejussit
489 1755 496 1774 :
509 1746 549 1774 Ne
562 1747 600 1774 illi
611 1749 818 1782 succenseretis,
828 1749 851 1776 si
860 1755 952 1777 contra

170 1801 217 1821 vos
242 1793 339 1820 bellum
354 1793 481 1828 suscepit.
508 1793 614 1821 Etenim
631 1794 735 1828 priores
756 1793 826 1822 bello
844 1802 953 1823 causam

169 1838 292 1866 dedistis.
308 1837 399 1865 Multis
413 1838 554 1865 exhaustis
575 1838 712 1867 laboribus
727 1843 754 1867 et
769 1847 824 1868 non
841 1840 954 1869 minori-

161 1886 219 1912 JIUS
232 1884 359 1912 itinerum
381 1884 582 1919 Iatigationibus
598 1885 719 1913 toleratis
737 1886 783 1914 vix
803 1886 894 1920 istam,
909 1887 953 1915 in-

167 1931 236 1965 quit,
251 1930 389 1965 regionem
404 1936 539 1964 ceperam,
556 1937 617 1958 cum
631 1931 697 1958 mihi
709 1931 783 1958 illam
795 1931 822 1959 vi
850 1932 953 1967 eripui-

157 1977 227 2004 .stis.
244 1975 378 2004 Praeterea
395 1974 573 2009 Usdebatum,
587 1977 632 2012 qui
647 1977 708 2013 jure
718 1978 886 2012 captivorum
902 1978 952 2007 do-

168 2021 252 2048 minio
262 2028 323 2048 meo
340 2025 471 2054 cesserat,
485 2021 551 2048 mihi
567 2026 690 2057 ereptum
704 2023 836 2050 retinetis.
854 2023 951 2052 Multas

167 2074 274 2101 quoque
293 2066 361 2093 alias
377 2067 489 2094 acerbas
502 2068 683 2096 contumelias
697 2068 724 2096 in
736 2076 778 2097 me
794 2069 888 2097 eliudit
898 2070 952 2097 im-

155 2116 275 2146 perator
293 2117 393 2146 vcster,
415 2119 504 2147 neque
520 2113 547 2141 id
566 2114 649 2142 semel
668 2117 750 2149 atque
776 2114 886 2148 iterum,
905 2116 952 2144 sed

166 2159 275 2194 sacpius,
292 2165 378 2194 neque
390 2160 535 2194 quidquam
550 2167 654 2194 eorum,
672 2168 732 2196 quae
743 2161 815 2197 justa
833 2167 910 2190 erant
925 2167 953 2191 et

1006 1576 1053 1603 τὸν
1071 1576 1234 1612 στρατηγὸν,
1254 1577 1354 1611 μᾶλλον
1370 1577 1420 1612 μὲν
1435 1576 1480 1604 οὖν
1501 1578 1529 1609 ἐς
1544 1577 1577 1604 τὰ
1593 1577 1645 1611 ἔξω
1661 1577 1729 1605 ἰέναι
1741 1578 1791 1612 τῆς

1006 1622 1112 1654 πόλεως
1129 1622 1175 1649 καὶ
1198 1623 1225 1654 ἐς
1247 1622 1308 1657 δψιν
1332 1622 1456 1657 γίνεσθαι
1480 1623 1535 1650 τῶν
1552 1623 1707 1658 βαρϐάρων.
1735 1624 1790 1650 Καὶ

1006 1667 1144 1703 φαρμάκῳ
1160 1669 1214 1695 τινὶ
1235 1668 1266 1695 τὸ
1280 1669 1359 1701 ἕλκος
1380 1669 1555 1705 περιστείλας
1570 1670 1682 1705 ἀφίησιν
1698 1670 1789 1697 αὐτόν.

1005 1714 1060 1741 Καὶ
1076 1714 1108 1750 δὴ
1120 1714 1260 1750 προελθὼν
1274 1715 1289 1742 6
1305 1715 1407 1748 Βῶνος,
1423 1715 1509 1751 ἀγχοῦ
1522 1725 1552 1743 τε
1572 1717 1626 1744 τῶν
1645 1717 1790 1752 βαρϐάρων

1004 1758 1160 1793 γενόμενος,
1183 1759 1271 1794 ἐφάνη
1288 1759 1376 1794 σφίσι.
1404 1760 1470 1787 Τότε
1497 1762 1522 1788 οἰ
1549 1761 1677 1797 πρέσδεις
1700 1762 1789 1789 τοιάδε

1004 1804 1140 1839 ἀμοιϐαίῳ
1155 1805 1193 1840 τῷ
1213 1805 1284 1841 λόγῳ
1301 1805 1423 1841 ἔφασαν·
1444 1816 1453 1832 ‹
1466 1807 1558 1834 Ταῦτα
1580 1808 1656 1843 ἡμῖν,
1678 1805 1701 1835 ὧ
1724 1808 1791 1835 Ῥω-

1006 1850 1091 1883 μαῖοι,
1105 1849 1279 1885 διαλεχθῆναι
1297 1851 1366 1886 πρὸς
1390 1851 1462 1887 ὑμᾶς
1474 1852 1488 1878 6
1503 1852 1557 1879 τῶν
1578 1853 1701 1889 Ἀδάρων
1725 1855 1789 1880 ἐκέ·

1004 1894 1082 1921 λευσε
1098 1895 1249 1931 δεσπότης·
1270 1897 1317 1931 Μή
1330 1905 1376 1932 μοι
1402 1897 1505 1933 μέμψιν
1531 1899 1593 1926 τινὰ
1619 1900 1788 1935 ποιήσασθαι

1004 1941 1122 1976 πόλεμον
1147 1942 1293 1977 ἀραμένῳ·
1310 1943 1389 1978 ὑμεῖς
1412 1943 1467 1979 γὰρ
1489 1944 1592 1980 πρῶτοι
1620 1945 1669 1980 τὴν
1697 1946 1789 1972 αἰτίαν

1003 1987 1049 2014 τοῦ
1066 1987 1185 2022 πολέμου
1208 1988 1351 2016 δεδώκατε.
1370 1990 1480 2022 Πολλοῖς
1495 1991 1551 2027 γὰρ
1574 1991 1666 2024 πόνοις
1692 1992 1789 2028 ὁμιλή-

1004 2041 1063 2065 σας,
1080 2034 1126 2059 ua).
1140 2033 1295 2069 ἀποδημίας
1314 2035 1363 2070 οὑχ
1374 2035 1476 2071 ἦκιστα
1496 2037 1695 2072 ποιησάμενος,
1710 2038 1788 2073 μόλις

1002 2079 1192 2115 ἐχειρωσάμην
1204 2079 1304 2115 ταύτην
1315 2080 1364 2116 τὴν
1379 2080 1480 2116 χώραν,
1492 2082 1540 2109 καὶ
1553 2083 1631 2117 ὑμεῖς
1643 2083 1788 2118 ἀφείλεσθέ

1003 2133 1048 2159 μοι
1064 2124 1160 2160 βιαίως
1180 2125 1276 2160 αὐτήν.
1295 2126 1367 2161 Πρὸς
1390 2128 1447 2159 τοῖς
1471 2128 1518 2154 καὶ
1546 2129 1592 2155 τὸν
1616 2129 1788 2164 Οὐσδήὸαδον

1001 2170 1040 2206 τῷ
1055 2169 1109 2196 τῶν
1123 2170 1299 2206 δορυαλώτων
1311 2172 1448 2208 ἀνήκοντά
1464 2182 1508 2208 μοι
1521 2174 1596 2209 νόμῳ
1603 2174 1680 2209 ἔχετε
1689 2175 1787 2202 λαὸόν-

166 2205 288 2240 azquitati
311 2210 504 2240 consentanea,
531 2205 622 2234 facere
636 2207 729 2234 voluit.
749 2207 843 2243 Itaque
867 2209 888 2236 si
912 2213 952 2236 tot

1007 2225 1058 2248 ιες.
1083 2205 1162 2243 Ἀλλά
1185 2217 1239 2253 γὰρ
1254 2218 1301 2245 καὶ
1316 2205 1409 2254 ὕϐρεις
1422 2219 1451 2251 ἐς
1464 2205 1499 2246 τὰ
1657 2221 1759 2256 πικρὰς
1773 2223 1788 2248 6

166 2250 303 2286 tantisque
319 2250 424 2285 injuriis
435 2254 463 2278 et
472 2250 578 2279 damnis
590 2258 604 2278 a
616 2252 691 2280 vobis
701 2252 814 2281 allectus
823 2257 849 2281 et
863 2253 949 2281 laces-

165 2296 243 2328 situs,
257 2295 341 2323 armis
365 2302 425 2323 sum
448 2302 523 2327 usus,
546 2296 573 2323 in
590 2296 663 2324 nullo
675 2304 735 2325 sum
749 2298 949 2332 reprehenden-

166 2342 228 2370 dus.
245 2341 322 2375 Quod
340 2341 363 2369 si
379 2341 460 2369 vultis
473 2348 544 2369 nunc
559 2342 640 2369 etiam
661 2342 694 2370 de
715 2342 818 2371 ﬁndere
832 2349 859 2371 et
884 2352 950 2379 pace

166 2386 305 2415 nobiscum
321 2387 401 2414 verba
415 2386 515 2421 facere,
528 2392 650 2422 prompto
659 2388 749 2416 animo
766 2389 791 2416 id
807 2389 949 2418 faciemus.

164 2431 255 2461 Vestri
273 2433 355 2468 igitur
368 2433 476 2460 arbitrii
496 2438 548 2466 est,
563 2433 636 2469 quod
653 2434 772 2469 expedit,
782 2440 947 2470 praeoptare,

164 2483 192 2506 et
202 2485 297 2514 pacem
312 2479 383 2506 bello
396 2486 561 2514 praeponere.
579 2489 589 2506 ι
604 2480 643 2506 Ad
658 2487 718 2515 quae
734 2479 824 2509 Bonus
836 2489 948 2517 respou-

157 2527 204 2553 dit
214 2534 241 2553 τι
258 2525 367 2554 Priores
378 2525 484 2560 quidem
494 2533 544 2553 nos
553 2525 662 2553 minime
673 2525 770 2553 bellum
782 2526 946 2561 occepimus,

164 2576 212 2599 aut
234 2572 260 2599 in
276 2579 325 2599 vos
340 2571 455 2607 grassati
478 2579 592 2599 sumus:
610 2573 773 2600 econtrario
792 2577 818 2600 tu
835 2573 909 2607 prior
921 2573 947 2600 in

163 2618 301 2646 Romanos
313 2617 427 2645 irruisti.
443 2617 527 2653 Δ1,],3
540 2617 609 2651 Quin
620 2617 702 2645 etiam
718 2618 863 2652 imperator
877 2618 948 2646 dona

165 2666 214 2694 tibi
238 2666 346 2694 mittere
371 2665 490 2693 animum
511 2666 627 2698 induxit,
646 2666 726 2700 idque
744 2666 838 2700 legatis
863 2668 897 2696 ad
924 2673 950 2697 te

1001 2263 1063 2289 καθ’
1076 2262 1148 2298 ὑμᾶς
1158 2263 1180 2280 ⁸ο
1197 2263 1312 2299 κατέχεέ
1328 2273 1373 2300 μοι
1381 2265 1404 2281 ⁶⁰
1420 2264 1556 2300 βασιλεὺς,
1569 2267 1600 2293 οὐ
1617 2267 1698 2302 μόνον
1713 2268 1788 2299 ἅπαξ

1001 2308 1085 2344 ἢδὶς,
1111 2309 1179 2336 ἀλλά
1205 2310 1252 2337 καὶ
1274 2311 1420 2344 πολλάκις,
1437 2312 1492 2339 ⁴τῶν
1507 2312 1622 2340 δεόντων
1653 2322 1683 2340 τε
1710 2314 1787 2340 οὐδὲν

1002 2353 1138 2390 ἠϐουλήθη
1163 2355 1373 2390 διαπράξασθαι.
1401 2357 1432 2384 Εἰ
1454 2357 1544 2384 τοίνυν
1576 2358 1689 2385 τοιαῦτα
1716 2359 1787 2394 πρὸς

1002 2400 1079 2435 ὑμῶν
1105 2400 1270 2436 ἠδικημένος
1285 2403 1341 2434 τοῖς
1357 2402 1448 2434 ὅπλοις
1472 2403 1642 2439 ἐχρησάμην,
1660 2404 1786 2440 οὐδαμῶς

1003 2445 1117 2481 ὑπάρχω
1135 2447 1313 2481 μεμπτέος⁶¹ι
1339 2447 1395 2474 Καὶ
1413 2448 1461 2475 νῦν
1479 2448 1525 2475 οὖν
1541 2449 1569 2476 εἰ
1594 2457 1626 2483 γε
1657 2449 1785 2484 βούλεσθε

1003 2491 1067 2526 περὶ
1087 2491 1207 2519 σπονδῶν
1229 2501 1259 2518 τε
1284 2493 1331 2520 καὶ
1352 2494 1464 2529 εἰρήνης
1478 2495 1543 2529 ἡμῖν
1568 2495 1662 2533 θέσθαι
1677 2495 1784 2530 λόγους,

1001 2537 1162 2572 ἐτοιμότατα
1180 2537 1295 2573 ἔχομεν·
1308 2539 1337 2565 ἐν
1353 2539 1418 2574 ὑμῖν
1439 2548 1468 2566 τε
1494 2540 1596 2567 κείσθω
1616 2542 1785 2576 προτιμῆσαι

1000 2583 1031 2610 τὸ
1045 2585 1166 2610 συνοῖσον
1185 2584 1232 2611 καὶ
1246 2585 1281 2611 τά
1300 2586 1425 2620 εἰρηναῖα
1440 2586 1494 2621 πρδ
1508 2586 1555 2613 τοῦ
1577 2587 1696 2622 πολέμου
1725 2588 1785 2614 tu-

1001 2631 1071 2656 σθαι.
1086 2639 1095 2655 »
1112 2629 1182 2665 Πρδς
1197 2630 1285 2657 ταῦτα
1303 2632 1493 2667 ἀπεκρίνατοὸ
1507 2632 1612 2663 Βῶνος·
1628 2643 1637 2660 ι
1648 2633 1784 2669 Πρότερον

1003 2674 1052 2707 μὲν
1063 2675 1144 2707 ἠιιεῐς
1156 2675 1205 2702 οὐκ
1227 2674 1370 2710 ἠρξάμεθα
1395 2677 1529 2712 πολέμου·
1556 2679 1616 2705 οὐδὲ
1642 2680 1697 2715 γὰρ
1721 2680 1785 2707 καθ’

814 2740 931 2769 νΑιιιΑῑ
951 2741 1150 2771 LECTIONES.

199 2810 225 2854 ar
234 2810 301 2854 {Em
311 2809 444 2854 ivgal‘oiq
459 2809 526 2854 διαλ.
547 2811 620 2854 ρριιῙ.
711 2811 736 2854 'r"
750 2811 881 2854 ὲπήλυσις
898 2812 944 2854 II?
957 2813 1078 2854 ἐπίλυσις
1095 2815 1167 2854 vuig.
1204 2815 1228 2854 ’ξ
1246 2815 1324 2852 μηδὲ]
1341 2816 1405 2852 μηδὲ
1423 2817 1523 2845 εἰδέναι
1541 2818 1570 2846 Β.
1587 2818 1642 2850 τοῖς
1654 2818 1782 2854 πολέμοις

165 2846 226 2880 (sic)
239 2844 271 2872 ΙΙ.
310 2846 332 2861 ⁶⁹
349 2846 423 2880 ἡμᾶς
437 2845 508 2879 vulg.
548 2846 570 2860 °°
586 2844 643 2880 μοι]
653 2854 702 2880 μου
716 2846 746 2873 Β.
783 2844 805 2862 ⁴¹
823 2844 1168 2885 μμπτέοςιίηπεμπτέὸς
1185 2844 1258 2886 νιιίεξ.
