1951 3074
139 153 196 185 817

549 154 598 186 DE
617 153 900 186 LEGATIONIBUS
918 155 1094 187 GENTIUM
1114 155 1164 186 AD
1184 154 1373 186 ROMANOS.

1723 153 1778 187 813

143 210 226 244 ὑμῶν
242 210 393 246 ήλάσαμεν.
412 210 455 242 Ἐς
467 210 622 237 τούναντίον
638 211 688 246 μὲν
702 208 748 237 οῦν
764 211 796 238 σὺ
808 211 879 238 κατὰ
890 212 932 247 τῆς

991 212 1083 240 missis
1107 212 1255 240 mandavit.
1277 211 1332 240 Sed
1355 217 1416 239 cum
1437 215 1463 238 te
1480 210 1652 238 audaciorem
1674 211 1775 238 factum

149 256 300 291 Ῥωμαίων
314 257 417 292 ήλασας
429 265 436 273 ·
452 256 546 283 λοιπὸν
566 256 605 289 δὲ,
618 257 659 283 ὃτι
674 257 722 283 καὶ
736 257 751 283 ὁ
764 257 891 292 βασιλεὺς
906 258 935 284 ἐν

143 302 229 338 βουλῇ
242 303 390 337 ἐποιήσατο
407 302 537 337 χρήματά
558 309 600 328 σοι
615 301 755 329 ἐπιδοῦναι
767 310 774 317 ·
789 303 936 338 τοιγαροῦν

142 348 191 374 καὶ
206 349 330 384 παρέσχε
345 349 402 380 τοῖς
418 347 490 375 κατὰ
504 347 535 374 σὲ
555 347 714 383 πρέσϐεσιν.
737 348 815 375 Ἐπεὶ
828 348 857 376 δὲ
870 357 936 376 κατ-

142 392 258 428 ενόησεν
282 391 514 428 αὺθαδισζόμενον
545 393 593 419 καὶ
628 392 698 428 ὑπὲρ
727 392 813 426 αὐτὴν
847 393 934 429 δήπου

141 439 193 474 τὴν
208 438 382 475 βαρϐαρικὴν
398 438 559 471 ἀλαζονείαν
569 438 766 474 ἑξογκούμενον
775 439 808 472 ⁶¹,
825 440 936 475 ῥήματά

139 495 171 513 τε
195 485 363 522 ὑπερήφανα
383 485 551 521 σημαίνοντα
573 486 622 513 καὶ
644 485 694 520 τῆς
721 485 770 521 σῆς
793 486 935 521 δυνάμεως

140 532 352 568 καθυπέρτερα,
376 531 528 567 τηνικαῦτα
552 531 600 559 καὶ
625 531 707 564 αὐτὸς
729 532 777 559 ἅτε
807 532 936 568 ἀγχίνους

139 578 291 606 ἐπετέλεσε
313 578 348 605 τὰ
371 579 470 606 οἰκεῖα,
484 578 539 605 Kal
554 577 584 604 τδ
604 576 652 604 νῦν
669 577 697 604 δὲ
715 578 787 613 ἔχον,
799 578 935 614 ἡμέτερόν

139 624 219 650 ἐστιν
231 623 270 656 ὡς
292 623 404 659 βασιλέα
421 623 524 650 στεῖλαι
544 622 591 654 οὒς
604 623 637 650 ἂν
650 623 683 650 ab
694 623 853 658 βουληθείης
868 623 934 658 πρέ-

140 666 222 698 σϐεις
240 667 304 698 τοὺς
333 666 534 701 βεϐαιώσαντας
543 666 566 683 ⁸⁸
594 667 628 694 τὰ
651 668 715 703 περὶ
741 667 792 702 τῆς
812 668 933 703 εἰρήνης.

138 711 221 747 Μηδέ
235 711 290 747 γὰρ
307 711 337 738 ὲν
357 712 424 747 ἡμῖν
443 709 514 739 εἷναι
533 711 630 747 νόμιζε
645 712 697 739 κᾶν
717 711 784 746 γοῦν
809 712 930 747 φθέγξα-

140 757 207 785 σθαι
229 766 268 792 τι,
285 759 353 793 μήτι
368 766 400 792 γε
419 759 467 785 καὶ
491 758 593 794 ἑτέρως
608 758 657 793 ﬁ“
673 758 745 785 καθὰ
772 758 878 794 βασιλεῖ
896 758 935 794 τῷ

140 803 275 839 ἡμετέρῳ
291 804 366 830 δοκεῖ
384 803 597 839 διαπράξασθαι.
613 812 622 829 ι
643 803 737 830 Ταῦτα
755 803 845 830 Βώνου
860 805 935 839 είρη-

140 849 235 882 κότος,
250 847 280 876 εὖ
305 849 377 885 ἔχειν
393 849 466 883 ἔδοξε
481 849 520 884 τῷ
545 848 652 884 Βαΐανῷ
666 850 700 876 τὰ
713 850 832 885 ῥήματα.
857 850 935 886 Ἐσή-

987 261 1122 290 cerneret,
1151 261 1180 284 et
1203 256 1274 284 ultra
1300 255 1470 284 barbaricam
1507 255 1678 284 insolentiam
1705 263 1773 283 vana

987 303 1073 338 gloria
1089 302 1190 331 elatum
1204 307 1232 330 et
1255 306 1416 335 tumentem,
1433 302 1469 329 ita
1488 306 1518 329 ut
1535 302 1574 329 illi
1592 302 1675 329 verba
1697 309 1775 328 arro-

986 349 1121 384 gantiora,
1136 348 1216 384 longe
1234 353 1294 376 tuas
1306 347 1378 375 vires
1393 347 1562 379 excedentia,
1577 347 1752 375 denuntiarcs
1765 355 1771 372 :

987 395 1114 422 nimirum
1129 395 1248 430 prudens
1261 398 1289 422 et
1306 398 1401 422 cautus
1418 393 1498 421 rebus
1510 393 1568 420 suis
1579 393 1727 428 prospexit.
1742 391 1774 419 Et

986 446 1017 468 ut
1025 449 1096 468 nunc
1103 445 1167 469 sunt
1174 447 1228 473 res,
1236 445 1358 469 nostrum
1365 444 1408 468 est
1418 441 1450 467 ad
1459 440 1650 475 imperatorem
1660 439 1774 472 legatos,

986 495 1055 522 quos
1069 487 1116 515 tibi
1127 487 1271 520 videbitur,
1285 486 1403 518 mittere,
1418 485 1465 520 qui
1478 486 1512 513 de
1526 492 1592 520 pace
1601 483 1775 512 conveniant.

985 532 1040 561 Nec
1052 533 1124 560 cnim
1143 531 1283 560 existimes
1302 530 1395 564 velim,
1411 531 1438 558 in
1458 534 1551 558 nostra
1566 533 1701 564 potestate
1714 534 1777 556 esse

986 580 1133 616 quicquam
1146 577 1236 610 aliter,
1249 584 1330 612 quam
1347 576 1496 611 imperator
1510 574 1720 611 prmscripserit,
1735 573 1776 601 di-

985 632 1048 653 cere
1060 628 1107 652 aut
1122 623 1223 651 facere.
1243 631 1252 648 ι
1276 622 1340 650 Haec
1354 622 1399 649 ubi
1423 621 1513 648 Bonus
1527 620 1612 653 dixit,
1623 623 1697 647 recta
1715 618 1776 653 qui-

986 671 1046 698 dem
1058 677 1121 698 eum
1133 674 1160 697 et
1172 669 1245 703 justa
1258 669 1360 696 dixisse
1375 667 1492 702 Bajanus
1505 667 1612 695 censuit
1628 674 1635 693 :
1652 665 1700 694 sed
1719 665 1776 692 haec

986 716 1102 751 subjecit
1126 724 1134 744 ε
1155 725 1164 742 ι
1189 714 1262 743 Sane
1283 722 1332 750 ego
1351 719 1461 749 propter
1481 718 1587 749 gentes,
1605 719 1667 747 quas
1683 719 1725 739 me
1742 711 1775 738 ad

985 761 1086 789 bellum
1102 764 1203 789 secutae
1225 764 1300 792 sunt,
1314 760 1477 787 verecundia
1499 759 1594 792 ducor,
1616 759 1639 786 si
1657 757 1730 785 nulla
1746 764 1776 784 re

985 807 1080 836 eﬁ'ecta
1096 807 1234 840 recedere,
1255 814 1341 842 nequc
1359 807 1505 841 quicquam
1526 812 1615 839 operae
1634 803 1713 840 pretii
1738 802 1777 830 fc-

986 854 1057 882 cisse
1072 853 1173 880 videar.
1192 852 1232 880 Nc
1242 852 1325 888 igitur
1340 853 1432 880 videar
1444 852 1543 880 frustra
1557 855 1661 879 tantum
1675 850 1778 878 laboris

142 904 215 932 μανε
228 895 256 923 δὲ
272 895 365 927 αὖθις·
382 905 391 922 ι
411 895 519 931 Ἐπειδὴ
536 896 570 923 τὰ
592 896 622 927 ις
645 896 796 931 ὁμαιχμίαν
812 897 932 932 ἑπόμενά

988 899 1134 934 pertulisse
1141 903 1168 926 et
1182 898 1241 926 sine
1253 898 1307 926 ullo
1318 898 1500 926 emolumento
1510 897 1707 932 expeditionem
1719 904 1778 925 sus-

141 950 190 977 μοι
208 941 272 977 ἔθνη
286 941 462 976 αἰσχύνομαι,
477 940 559 973 αἰδώς
573 940 603 968 τέ
618 949 652 976 με
675 941 742 976 ἔχει,
758 942 786 968 εί
797 951 828 976 γε
845 942 934 978 πάντη

139 988 286 1024 ἄπρακτος
295 987 400 1014 ἐνθένδε
414 987 594 1023 ἀναχωρήσω,
609 988 692 1023 μηδέν
699 997 725 1015 τι
735 988 835 1024 ὀνήσας
850 989 935 1025 ἐμαυ-

140 1033 202 1060 τόν·
217 1033 254 1064 ὡς
268 1032 302 1060 ἂν
316 1033 354 1068 μὴ
363 1031 409 1060 οὖν
416 1032 485 1065 δόξω
499 1034 588 1068 μάτην
605 1034 784 1069 πεποιηκέναι
795 1035 842 1060 καὶ
853 1035 935 1069 ἀκερ-

140 1079 175 1115 δῆ
194 1078 244 1115 τὴν
260 1079 440 1114 ἐπιχείρησιν,
457 1078 561 1114 βραχέα
575 1079 619 1114 μοί
633 1087 693 1106 τινα
708 1079 836 1115 πέμψατε
848 1079 932 1115 δῶρα.

141 1126 200 1152 Kal
218 1125 273 1161 γὰρ
287 1125 316 1152 ἐν
330 1126 363 1160 τῇ
382 1125 484 1160 Σκυθίᾳ
500 1124 666 1160 περαιωθεὶς
680 1125 756 1152 οὐδὲν
771 1125 861 1152 ὁτιοῦν
873 1127 934 1153 ἐκο-

141 1170 282 1206 μισάμην,
301 1170 348 1197 καὶ
369 1170 424 1197 τῶν
439 1171 579 1198 ἀδυνάτων
595 1171 655 1198 ἐστὶ
672 1171 820 1199 κάντεῦθεν
835 1172 934 1207 ἥκιστα

139 1216 320 1252 ὠφεληθέντα
327 1225 361 1250 με
373 1216 582 1244 ἀπελεύσεσθαι.
590 1226 599 1243 ι
614 1216 697 1252 Βώνῳ
706 1217 733 1244 δὲ
741 1217 780 1252 τῷ
789 1217 934 1254 στρατηγῷ

142 1263 191 1289 καὶ
218 1263 275 1293 τοῖς
302 1262 360 1289 ὅσοι
386 1270 418 1296 γε
446 1263 514 1297 ἀμφ’
528 1262 610 1289 αὑτὸν
627 1260 679 1298 (ἦν
691 1263 719 1289 δὲ
733 1263 748 1289 ὁ
760 1263 810 1298 τῆς
830 1264 934 1295 πόλεως

142 1307 274 1343 μέγιστος
297 1307 402 1343 ἱερεὺς)
417 1307 507 1340 ἔδοξεν
523 1307 637 1343 εὔλογον
654 1309 704 1344 μέν
717 1306 788 1336 εἶναι
813 1309 844 1336 τὸ
864 1318 933 1345 προ-

140 1354 316 1389 τεινόμενονο
331 1354 392 1381 οὐδὲ
404 1354 459 1390 γὰρ
480 1354 594 1381 πλεῖστα
610 1354 736 1382 ἐϐούλετο
756 1355 932 1391 κομίσασθαι,

140 1400 202 1427 ἀλλ’
228 1401 294 1436 ἄχρι
319 1400 414 1428 δίσκου
437 1401 496 1433 ἐνὸς
519 1401 738 1437 ἀργυροποιήτου
761 1402 809 1429 καὶ
841 1402 933 1436 ὀλίγου

141 1445 270 1480 χρυσίου,
282 1445 322 1472 ἐτι
336 1454 367 1480 γε
384 1446 438 1481 μὴν
453 1446 500 1473 καὶ
510 1447 678 1482 ἀμπεχονίου
690 1446 804 1474 Σκυθίου
815 1447 847 1475 ⁵⁵.
861 1447 934 1483 Πλὴν

141 1491 310 1518 ἐδεδίεσαν⁸⁸
324 1492 349 1518 οἱ
381 1491 446 1527 περὶ
470 1492 561 1520 Βῶνον
589 1492 771 1529 ίδιοϐουλῆσαι
797 1493 844 1521 καὶ
873 1494 933 1530 οὐχὶ

139 1536 241 1588 γνώμῃ
271 1536 319 1564 τοῦ
355 1538 556 1573 αὐτοκράτορος
583 1538 691 1566 ἅπαντα
720 1540 931 1576 διαπράξασθαι.
946 1557 970 1588 c

142 1583 354 1618 ’Λν-τεσήμαναν
388 1584 533 1619 τοιγαροῦν
563 1585 647 1621 αὐτῷ,
671 1585 709 1618 ὡς
729 1585 807 1614 «Νῦν
834 1587 933 1623 ἔχομεν

138 1630 257 1665 βασιλέα
285 1631 400 1666 φοϐερόν
423 1640 452 1658 τε
479 1632 526 1658 καὶ
554 1632 780 1668 ἐμϐριθέστατον,
811 1634 858 1662 καὶ
882 1634 933 1661 οὐκ

138 1676 306 1712 ἀνεξόμεθα,
333 1678 393 1704 οὐδὲ
416 1678 468 1705 ὅσα
492 1675 548 1705 οἶόν
568 1679 599 1706 τέ
614 1679 673 1706 ἐστι
692 1679 830 1708 διαλαθεῖν
850 1681 933 1708 αὑτὸν

139 1723 300 1750 ἐπιτελέσαι
322 1723 501 1759 αὐθαιρέτως,
517 1724 605 1756 ἄλλως
623 1733 654 1751 τε
674 1726 719 1752 καὶ
735 1726 825 1760 ἡμεῖς,
841 1726 889 1753 ἆτε
904 1727 932 1752 ἐν

141 1767 330 1802 στρατεύματι
345 1769 528 1803 τυγχάνοντες
537 1769 570 1801 ετ,
585 1769 635 1796 οὐκ
659 1769 849 1806 ἐπιφερόμείὴι
863 1779 932 1807 χρη-

143 1813 239 1848 μάτων
255 1813 414 1848 περιουσίαν
429 1813 445 1849 ῆ
468 1814 546 1849 μόνον
567 1815 765 1852 στρατιωτικὴν
776 1817 932 1852 ἐφεστρίδα,

141 1858 177 1892 ἢν
206 1865 238 1891 7s
261 1857 348 1892 δήπου
371 1858 419 1884 καὶ
445 1859 678 1895 περιϐεϐλήμεθα,
693 1859 734 1886 ἔτι
749 1869 778 1887 τι
795 1861 830 1887 τὰ
850 1861 932 1889 ὅπλα.

142 1903 340 1939 Δωροφορῆσαι
354 1903 386 1939 δὴ
404 1902 450 1931 οὖν
470 1904 508 1940 τῷ
523 1905 579 1932 τῶν
599 1905 722 1942 Ἀϐάρων
738 1907 882 1943 ἡγουμένῳ
903 1908 933 1942 ἐξ

142 1946 181 1976 ὧν
199 1948 317 1976 ἐνταῦθα
333 1949 437 1984 ἥκομεν
456 1950 563 1985 ἔχοντες
587 1951 715 1984 εὐτελῶν,
736 1952 825 1987 ἄθρει,
841 1949 864 1980 ὦ
877 1953 933 1980 Χά-

142 2001 221 2028 γανε,
252 1993 290 2030 μὴ
312 1995 359 2021 καὶ
387 1994 466 2031 ὕϐρις
489 1995 596 2030 πέφυκέ
613 1996 694 2028 τις⁶⁸.
713 1997 864 2033 ’Δξιότιμον
892 1998 932 2031 δὲ,

142 2037 216 2064 καθὰ
241 2037 321 2073 ἔφην,
337 2038 386 2065 ὡδὶ
408 2039 459 2066 οὐκ
473 2039 588 2075 ἔχομεν·
607 2041 642 2067 τὰ
657 2041 711 2077 γὰρ
729 2042 933 2078 τιμαλφέστερα

143 2083 198 2109 τῶν
218 2084 332 2118 ἐφοδίων
347 2085 413 2120 ἡμῖν
431 2086 460 2111 έν
477 2085 581 2122 ἑτέροις
604 2086 756 2122 ὑπάρχουσι
777 2088 870 2121 τόποις
885 2090 933 2116 καὶ

142 2129 182 2161 ὡς
197 2130 368 2166 πορρωτάτω
383 2131 472 2167 ἡμῶν.
493 2132 524 2159 El
537 2130 584 2160 οὖν
603 2133 617 2159 ὁ
630 2134 691 2160 καθ’
706 2135 780 2170 ἡμᾶς
795 2135 931 2172 αὐτοκρά-

142 2183 200 2211 τωρ
226 2176 454 2213 φιλοφρονήσεταί
469 2186 510 2205 σοι
525 2178 633 2215 δώροις,
648 2180 698 2207 οὐκ
720 2181 871 2216 ὁκνήσομεν
885 2182 932 2217 δή-

987 945 1105 979 cepisse,
1126 951 1209 979 parva
1223 944 1382 972 munuscula
1399 944 1432 971 ad
1455 951 1498 972 me
1514 944 1622 971 mittite.
1642 942 1748 970 Etenim
1761 950 1781 970 ο-

987 991 1099 1026 Scythia
1116 990 1170 1019 huc
1192 990 1392 1023 transmittens,
1416 990 1482 1017 nihil
1501 990 1645 1025 quicquam
1669 997 1775 1016 mecum

985 1037 1084 1071 extuli,
1097 1044 1185 1072 neque
1198 1037 1276 1070 mihi,
1290 1036 1312 1064 si
1324 1036 1391 1065 nihil
1409 1036 1458 1068 rei,
1471 1036 1543 1071 quod
1558 1043 1602 1063 me
1613 1035 1701 1070 juvet;
1715 1042 1778 1070 pcr-

986 1087 1093 1116 cepero,
1109 1080 1172 1108 hinc
1183 1081 1316 1108 excedere
1330 1080 1402 1108 licet.
1425 1089 1435 1105 ι
1457 1079 1532 1107 Bono
1544 1079 1651 1114 quidem
1668 1079 1730 1106 duci
1747 1085 1774 1105 et

985 1125 1101 1157 caeteris,
1119 1125 1166 1160 qui
1181 1132 1243 1152 cum
1256 1132 1288 1152 eo
1304 1125 1466 1157 erant,inter
1476 1131 1545 1159 quos
1556 1127 1616 1151 erat
1632 1131 1775 1158 supremus

986 1170 1061 1198 urbis
1076 1164 1215 1204 sacerdos,
1230 1171 1318 1198 visum
1336 1176 1389 1202 est,
1406 1169 1535 1204 Baianum
1549 1169 1622 1204 justa
1636 1174 1663 1196 et
1677 1169 1774 1196 rationi

986 1221 1169 1244 consentanea
1186 1223 1349 1252 proponere.
1366 1215 1421 1244 Nec
1437 1216 1508 1244 enim
1527 1216 1705 1243 immoderata
1718 1222 1775 1242 mu—

987 1270 1052 1291 nera
1068 1262 1184 1298 Bajanus
1195 1263 1247 1292 sibi
1257 1263 1315 1291 dari
1330 1262 1448 1298 petebat,
1463 1261 1550 1290 solum
1560 1269 1640 1289 unam
1654 1266 1778 1296 pateram

986 1316 1019 1336 cx
1043 1313 1156 1344 argento
1180 1308 1290 1342 factam,
1306 1316 1356 1336 nec
1380 1308 1492 1336 multum
1510 1308 1580 1340 auri,
1596 1312 1694 1342 ιιι-αξιοι·
1718 1306 1775 1333 haec

987 1354 1104 1390 togulam
1115 1353 1282 1390 Scythicam.
1294 1354 1394 1382 Verum
1404 1353 1495 1382 Bonus
1503 1358 1530 1381 et
1539 1353 1585 1388 qui
1594 1353 1618 1380 ei
1629 1352 1776 1380 adstabant

986 1399 1088 1434 aliquid
1098 1400 1208 1436 proprio
1217 1400 1331 1428 consilio
1343 1399 1496 1428 inconsulto
1511 1399 1674 1434 imperatore
1685 1397 1775 1424 facere

987 1445 1129 1474 timebant.
1150 1447 1244 1481 Itaque
1273 1446 1374 1480 Bajano
1394 1450 1488 1474 contra
1514 1444 1671 1480 respondit:
1691 1452 1700 1469 ι
1721 1442 1775 1470 Ha-

985 1491 1080 1520 bemus
1093 1500 1164 1520 nunc
1175 1493 1377 1527 imperatorem,
1396 1492 1442 1527 qui
1461 1491 1539 1519 facile
1554 1491 1588 1518 ad
1604 1489 1772 1517 iracundiam

986 1539 1146 1574 adducitur;
1161 1546 1246 1574 quare
1264 1547 1298 1566 nu
1317 1546 1349 1567 ea
1368 1538 1488 1574 quidem,
1502 1546 1562 1574 quae
1581 1537 1697 1566 fortasse
1712 1545 1773 1564 eum

986 1585 1112 1620 laterent,
1125 1590 1219 1613 nostra
1233 1590 1329 1620 sponte
1342 1590 1369 1612 et
1384 1586 1494 1621 proprio
1512 1584 1594 1612 animi
1613 1583 1721 1619 judicio
1736 1583 1775 1610 fa-

985 1638 1048 1659 cere
1076 1631 1279 1659 sustinebimus.
1297 1631 1428 1659 Praeterea
1453 1638 1515 1658 cum
1534 1631 1560 1658 in
1575 1630 1673 1658 castris
1687 1630 1775 1664 dega-

986 1684 1056 1710 mus,
1070 1677 1199 1711 pecunias
1211 1676 1238 1704 in
1253 1680 1395 1704 numerato
1409 1676 1519 1704 minime
1530 1675 1671 1707 habemus,
1686 1681 1779 1709 neque

985 1723 1129 1758 quicquam
1143 1722 1283 1750 nobiscum
1297 1721 1409 1750 ferimus
1423 1722 1650 1750 nisicastrensem
1666 1720 1775 1755 stuppei-

984 1768 1114 1801 lectilem,
1127 1772 1155 1795 et
1168 1775 1211 1800 ea,
1227 1767 1327 1803 quibus
1346 1768 1493 1795 induimur.
1519 1768 1638 1802 Denique
1656 1767 1773 1793 Avarum

985 1813 1046 1840 duci
1061 1820 1094 1840 ex
1118 1814 1162 1846 iis,
1178 1813 1277 1848 quibus
1291 1814 1397 1841 modice
1415 1813 1541 1841 instructi
1566 1813 1620 1840 huc
1636 1812 1773 1844 venimus,

985 1860 1054 1888 dona
1065 1859 1162 1888 oﬂerre
1175 1860 1247 1893 vide,
1261 1867 1278 1888 ο
1291 1860 1429 1895 Chagane,
1445 1867 1479 1888 ne
1496 1859 1595 1894 injuria
1616 1864 1644 1886 et
1659 1858 1773 1893 ignomi-

986 1906 1029 1933 nia
1040 1906 1130 1941 aliqua
1145 1906 1181 1934 sit
1195 1915 1202 1934 :
1221 1914 1284 1933 nam
1305 1906 1373 1934 nihil
1390 1911 1464 1934 tanto
1481 1906 1582 1933 honore
1600 1905 1674 1939 digni
1691 1904 1775 1932 babe-

985 1960 1055 1980 mus.
1079 1951 1244 1980 Pretiosiora
1260 1952 1332 1980 enim
1350 1952 1511 1979 viaticorum
1533 1955 1688 1979 nostrorum
1711 1955 1774 1978 sunt

985 1998 1012 2025 in
1029 1998 1090 2025 aliis
1100 1998 1166 2026 locis
1178 2002 1206 2025 et
1219 1998 1299 2032 longe
1310 2005 1325 2024 a
1343 1998 1423 2025 nobis
1431 1996 1545 2025 remotis
1564 1997 1662 2032 posita.
1680 1996 1772 2030 Quod-

985 2042 1008 2071 si
1024 2049 1071 2070 vos
1083 2042 1237 2077 imperator
1252 2046 1345 2070 noster
1362 2042 1522 2070 muneribus
1536 2041 1670 2070 demereri
1682 2041 1773 2069 volue-

985 2089 1030 2119 rit.
1056 2095 1109 2116 non
1123 2088 1322 2120 cunctabimur,
1341 2088 1388 2116 tibi
1403 2092 1431 2116 et
1456 2087 1533 2116 nobis
1548 2087 1725 2124 gratulantes,
1745 2092 1773 2114 et

985 2135 1156 2170 imperatoris
1166 2134 1241 2169 jussa
1260 2134 1361 2167 facere,
1376 2139 1403 2162 et
1422 2141 1513 2166 omne,
1533 2133 1622 2170 quoad
1637 2134 1696 2169 ejus
1714 2133 1772 2161 ﬁcri

983 2180 1093 2215 poterit,
1106 2180 1178 2215 quod
1193 2180 1242 2208 tibi
1257 2181 1400 2213 conducet.
1419 2181 1530 2215 exsequi
1543 2184 1672 2214 tanquam
1690 2179 1772 2207 amici

142 2229 194 2247 που
222 2221 268 2248 καὶ
288 2223 370 2257 ἡμεῖς
394 2223 542 2259 γεγηθότες
554 2232 584 2252 τε
597 2224 644 2251 καὶ
658 2225 696 2260 τῷ
712 2225 816 2260 βασιλεῖ
830 2226 930 2261 ἑπόμε-

984 2229 1010 2252 et
1020 2224 1088 2260 ejns,
1097 2224 1143 2259 qui
1156 2231 1208 2251 una
1218 2224 1358 2252 uobiscum
1365 2225 1411 2251 uni
1428 2224 1538 2252 domino
1547 2228 1634 2258 paret,
1647 2223 1770 2251 utilitati-

142 2275 182 2294 vot
209 2266 297 2294 ταῦτα
320 2267 538 2304 διαπράξασθαι,
563 2269 679 2297 καθόσον
703 2268 753 2297 οἷοί
778 2271 807 2298 τέ
834 2273 931 2306 ἐσμεν,

140 2312 235 2349 ὥσπερ
263 2313 334 2349 φίλῳ
356 2315 576 2350 προσφερόμενοι
595 2316 644 2343 καὶ
664 2315 835 2352 ὁμοδούλῳ.»
859 2317 931 2352 Πρὸς

140 2358 227 2386 ταῦτα
242 2359 436 2395 ἀγανακτήσας
452 2361 467 2387 ὁ
486 2361 599 2393 Βαῐανὸς
614 2362 663 2389 σὺν
679 2363 753 2398 ὅρκῳ
766 2363 928 2399 ἠπείλησεν,

140 2400 158 2438 ἦ
171 2403 225 2439 μὴν
251 2405 409 2441 στράτευμα
422 2405 575 2442 ἐκπέμψειν
587 2407 638 2442 τὴν
658 2407 803 2443 Ῥωμαίων
819 2409 931 2444 ἐπιδρα-

143 2448 288 2484 μούμενον.
308 2451 362 2478 Καὶ
377 2452 409 2487 δὴ
430 2452 476 2479 τοῦ
497 2453 651 2489 στρατηγοῦ
680 2455 830 2490 κατάδηλον
854 2456 929 2492 αὺτῷ

141 2495 332 2530 πεποιηκότος,
347 2497 385 2528 ὠς
400 2497 507 2529 ἐξέσται
524 2499 574 2534 μέν
587 2500 612 2526 οἱ
625 2501 711 2527 ποιεῖν
731 2501 783 2530 ὅσα
797 2501 830 2528 ἂν
845 2502 928 2537 δυνή-

141 2547 225 2573 σοιτο,
250 2541 350 2568 εἰδέναι
372 2542 412 2575 δὲ,
441 2543 479 2575 ὡς
501 2544 532 2570 οὐ
557 2545 666 2578 πάντως
692 2547 736 2573 ἐπ’
758 2547 854 2583 ἀγαθῷ
872 2548 927 2575 τῶν

142 2586 326 2620 στελλομένων
358 2587 435 2616 ἔσται
462 2590 479 2625 ἠ
506 2591 652 2626 ἐπιδρομή,
680 2592 759 2625 αὐτὸς
791 2593 855 2629 ἔφη,
884 2595 926 2623 ὅτι

144 2632 340 2666 εΤοιούτους⁶⁹
358 2635 493 2671 ἐπαφήσω
517 2638 550 2672 τῇ
585 2637 733 2674 Ῥωμαϊκῇ,
749 2639 798 2671 ὡς,
827 2641 851 2667 εί
880 2641 928 2668 καὶ

142 2678 262 2714 συμϐαίη
291 2679 323 2714 γέ
340 2687 416 2713 σφισι
440 2680 547 2715 θανάτῳ
567 2681 678 2713 ἁλῶναι,
694 2681 752 2708 ἀλλ’
768 2682 861 2718 ἔμοιγε
889 2683 926 2719 μὴ

981 2266 1032 2294 bus
1044 2266 1232 2294 inservientes.
1247 2275 1256 2292 ι
1268 2266 1307 2293 Ub
1319 2265 1375 2294 haec
1384 2265 1539 2300 indignatus
1550 2265 1666 2300 Bajanus
1673 2265 1770 2300 jurans

981 2312 1099 2340 minatus
1113 2317 1165 2345 est,
1183 2320 1212 2340 se
1225 2312 1409 2340 immissurum
1420 2311 1570 2340 exercitum
1585 2311 1700 2347 114m
1715 2311 1770 2339 Ro-

981 2365 1122 2386 manorum
1138 2358 1251 2386 ditionis
1269 2359 1392 2393 legiones
1402 2358 1448 2394 qui
1462 2357 1648 2393 populationes
1658 2357 1771 2387 faceret.

981 2405 1022 2435 Ad
1033 2413 1094 2441 quae
1111 2413 1173 2434 cum
1194 2406 1248 2434 dux
1269 2406 1356 2441 palam
1374 2406 1545 2441 praedicaret,
1565 2406 1601 2433 illi
1616 2406 1724 2441 quidem
1737 2405 1771 2433 li-

983 2460 1046 2481 cere
1070 2453 1172 2486 omnia,
1192 2460 1252 2488 quae
1273 2457 1374 2488 posset,
1401 2452 1511 2488 aggredi
1537 2456 1565 2480 et
1587 2456 1702 2485 tentare,
1723 2453 1773 2480 sed

983 2505 1143 2533 persuasum
1158 2499 1268 2532 habere,
1282 2498 1350 2531 fore,
1365 2503 1395 2526 ut
1406 2499 1464 2526 ista:
1473 2498 1648 2527 excursiones
1659 2498 1711 2530 his,
1722 2498 1771 2533 qui

982 2544 1011 2573 in
1027 2552 1073 2572 eas
1097 2545 1280 2577 mitterentur,
1298 2553 1350 2572 non
1368 2545 1436 2572 bene
1452 2549 1601 2577 verterent,
1619 2543 1769 2579 respondit.

980 2598 1010 2619 se
1023 2592 1090 2619 tales
1106 2591 1262 2624 missurum,
1278 2591 1323 2626 qui
1339 2591 1362 2618 si
1376 2590 1517 2626 perierint,
1527 2590 1656 2618 damnum
1668 2590 1771 2618 nullum

982 2646 1014 2666 ex
1026 2645 1120 2666 eorum
1137 2638 1221 2666 exitio
1236 2638 1270 2666 ad
1281 2638 1340 2672 ejus
1355 2645 1465 2666 sensum
1477 2642 1551 2666 esset
1566 2642 1772 2673 pet-venturum.

981 2683 1166 2719 ltaquejussit
1180 2685 1249 2712 dena
1271 2684 1353 2712 millia
1367 2683 1538 2717 Hunnorum,
1551 2684 1598 2720 qui
1613 2683 1770 2718 Contrignri

777 2760 892 2787 VAllle
912 2759 1117 2789 LECTIONES.

177 2831 203 2872 "1
212 2829 406 2872 ἐξογκιρμενον.
418 2831 504 2872 vulg._
529 2831 551 2846 "
571 2831 776 2872 βεϐαιώσαντας
792 2831 864 2872 vulg.

177 2832 400 2866 ⁶²ὲξογκώμενον
418 2832 489 2866 vulg.
529 2832 551 2846 "
571 2832 776 2866 βεϐαιώσιντας
792 2832 864 2866 vulg.
903 2832 926 2848 “
945 2832 961 2866 ἢ
985 2832 1047 2859 add.
1078 2832 1107 2859 ll.
1160 2833 1181 2849 ⁸⁵

142 2874 182 2893 σιν
195 2866 256 2902 (sic)
274 2866 346 2902 vnlg.
384 2865 406 2882 "
422 2866 554 2902 τυγχάνον
570 2867 642 2903 vnlg.
679 2867 701 2883 εδ
722 2866 828 2901 πέφυκέ
842 2875 883 2900 τις
900 2866 945 2902 Η.,
960 2868 1113 2902 πεφυκότες
1129 2868 1199 2904 vulg.

1160 2833 1181 2849 ⁸⁵
1200 2833 1327 2868 Σκυθίου]
1347 2832 1459 2869 σηρικρῦ
1475 2834 1547 2869 conj.
1576 2833 1606 2860 Β.
1633 2833 1655 2849 ⁵⁸
1668 2831 1773 2861 ἑδεδία-

1239 2869 1261 2885 ’τ’
1270 2869 1411 2900 τοσούτους
1431 2868 1462 2896 ll.
