1951 3074
160 133 216 165 8l9

590 132 788 163 EXCERPTA
805 133 857 164 EX
877 133 1090 166 MENANDRO
1108 136 1357 167 PROTECTORE

1733 132 1794 164 820

157 190 319 218 dicebantur
346 190 472 224 trajicere
497 189 582 216 Saum
599 193 626 216 et
645 192 753 216 vastare
780 188 954 218 Dalmatiam.

1014 191 1134 225 τενέσθαι
1148 192 1335 226 συναίσθησιν.
1349 202 1358 218 ι
1373 191 1428 219 Καὶ
1442 191 1475 227 δὴ
1491 189 1716 226 παρεκελεύσατο
1730 188 1798 215 δέκα

159 237 218 270 Ipse
230 243 296 263 vero
312 242 373 262 cum
390 234 464 262 omni
480 241 530 262 suo
547 234 680 267 exercitu,
695 235 855 263 transmisso
869 234 950 268 Istro,

158 284 185 310 in
201 281 299 309 finibus
314 280 479 314 Gepidarum
493 279 625 307 substitit.

1004 236 1128 272 χιλιάδας
1152 237 1206 264 τῶν
1241 237 1479 273 Κοντριγούρων⁷⁶
1503 236 1660 272 λεγομένων
1688 234 1798 261 Οὕννων

1003 282 1129 318 διαὸῆναι
1140 283 1186 310 τὸν
1197 283 1264 310 Σάον
1272 283 1395 319 ποταμὸν
1408 283 1455 310 καὶ
1463 282 1568 318 δῃῶσαι
1576 282 1609 309 τὸ
1622 282 1672 315 ,ἐπὶ
1681 280 1799 315 Δαλμα-

157 329 230 358 τίαν,
255 327 336 360 αὐτὸς
356 327 385 355 δὲ
409 328 457 361 ξὺν
477 327 553 363 πάσῃ
572 328 605 364 τῇ
626 328 687 354 κατ’
707 328 790 354 αὑτὸν
814 328 916 364 πληθύῖ
930 329 1043 357 διελθὼν
1057 330 1104 358 τὸν
1123 331 1230 367 Ἴστρον
1246 331 1274 363 ἐς
1286 331 1321 358 τὰ
1331 330 1386 358 τῶν
1404 330 1551 367 Γηπαίδων
1565 329 1702 365 διέτριϐεν
1722 329 1797 364 ὅρια.

195 383 431 412 lSJVenitdenuo
445 383 591 419 Targitius,
605 388 634 411 ut
649 382 784 418 legatione
794 383 953 419 fungeretur

159 431 230 464 apud
242 430 446 465 imperatorem.
460 430 563 458 Eadem
577 436 642 458 vero
655 430 723 457 dixit
740 430 911 464 imperatori,
925 434 954 458 et

160 476 265 503 audivit
278 476 312 504 ab
329 476 505 510 imperatore,
520 482 581 510 quae
594 477 621 502 et
636 480 726 503 antea.
743 474 858 504 Petebat
878 476 950 503 enim

161 529 177 549 a
197 521 326 549 Romanis
345 521 397 549 sibi
413 521 484 549 tradi
507 520 636 549 Sirmium
656 521 795 556 oppidum,
822 526 952 556 tanquam

162 567 235 602 quod
251 572 323 595 esset
335 575 383 594 sua
400 567 506 601 privata
521 570 549 594 et
564 567 712 595 domestica
727 567 875 601 possessio,
889 567 952 602 quia

162 613 197 641 ab
219 614 279 649 ipso
291 613 454 648 Gepidarum
478 620 523 641 res
546 617 639 641 essent
660 620 778 648 eversae;
799 618 855 642 tum
871 614 953 642 etiam

163 659 301 693 pecunias,
316 667 384 694 quas
395 658 633 687 Justinusllunnis
646 660 793 695 quotannis
807 659 953 694 pendebat,

165 705 329 740 postulabat.
350 711 377 733 et
394 706 471 741 quasi
493 706 678 740 superioribus
695 706 773 734 annis
790 705 857 733 nihil
878 713 956 734 acce-

164 752 279 787 pissent,
296 759 392 779 omnes
401 751 480 779 simul
495 750 631 787 Targitius
645 751 696 780 sibi
708 751 824 787 persolvi
833 752 952 785 volebat,

165 803 192 826 et
205 799 241 826 ita
265 798 292 826 in
317 803 455 833 posterum
473 806 563 825 annua
580 805 642 825 cum
658 797 790 826 Romanis
805 798 908 825 foedera
924 805 954 826 se

165 850 223 872 rata
239 844 395 872 habiturum
409 843 487 871 dixit.
507 842 667 871 l‘lsdibatum
684 851 793 880 quoque
812 844 952 879 poscebat,
971 859 992 887 Β

165 894 295 925 tanquam
320 889 366 924 qui
394 896 459 917 suus
487 889 652 924 captivitatis
669 890 729 924 jure
755 894 782 917 et
796 889 857 931 lege
872 894 954 917 esset.

166 935 285 963 Plurima
299 935 352 962 alia
367 935 449 963 etiam
465 935 492 962 in
507 935 626 963 medium
640 935 796 970 proferebat
806 934 955 970 Targitius.

167 980 318 1009 insolentia:
336 985 363 1008 et
378 980 513 1016 superbiat
530 981 620 1016 plena,
635 988 750 1016 quorum
769 981 891 1009 omnium
907 981 957 1008 im-

165 1029 275 1061 perator
297 1025 398 1053 nullam
415 1025 548 1054 rationem
567 1026 671 1060 habuit,
693 1026 739 1054 sed
751 1026 832 1054 elusit
848 1030 876 1054 et
891 1033 959 1054 conv

166 1071 286 1108 tempsil,
302 1076 330 1100 et
346 1071 435 1100 verbis
453 1072 656 1106 imperatoriam
671 1072 841 1106 maiestatem
858 1072 957 1100 decen-

167 1117 239 1145 tibus
254 1121 295 1145 est
312 1125 389 1145 usus.
406 1117 527 1152 Denique
540 1125 599 1145 cum
615 1125 664 1153 per
674 1117 796 1145 diversas
812 1122 841 1145 et
859 1117 958 1146 multas

167 1162 315 1198 legationes
332 1170 414 1196 super
424 1162 467 1190 his
481 1167 666 1191 commeantes
677 1162 743 1190 nihil
756 1163 900 1198 quicquam
916 1162 959 1190 ef-

168 1208 268 1236 fectum
284 1212 368 1241 esset,
393 1207 542 1243 'l‘argitium
563 1208 668 1236 dimisit
696 1208 855 1244 imperator,
876 1213 902 1236 et
920 1207 958 1236 illi

168 1253 248 1287 dixit,
265 1261 296 1282 se
309 1254 373 1282 illuc
386 1255 532 1282 missurum
547 1253 699 1287 Tiberium,
719 1254 765 1290 qui
778 1262 914 1283 summum
932 1254 958 1282 in

168 1301 289 1330 exercitu
305 1299 422 1328 habebat
437 1300 593 1335 imperium,
615 1301 660 1336 qui
679 1301 712 1329 de
731 1301 857 1329 omnibus
878 1301 959 1329 rebus

169 1350 271 1381 ageret,
286 1349 314 1373 et
329 1345 435 1381 singula
455 1351 566 1381 pacaret
583 1349 610 1374 et
622 1347 752 1374 llrmaret.

203 1392 248 1420 16.
269 1392 301 1428 (ί.
317 1391 349 1419 Δ.
381 1392 411 1419 C.
430 1391 491 1425 570,
512 1391 572 1420 Ind.
605 1392 632 1424 ὅ,
661 1391 761 1419 Justini
786 1391 826 1426 6.)
866 1391 956 1419 Multa:

168 1438 278 1472 quidem
301 1437 361 1466 aliae
375 1437 436 1466 belli
457 1445 547 1466 causa:
564 1438 635 1465 inter
658 1437 796 1465 Romanos
820 1441 848 1465 et
863 1437 961 1465 Persas

169 1482 351 1516 exstiterunt;
379 1482 500 1510 maxime
536 1490 602 1510 vero
631 1481 783 1510 Turcorum
812 1491 881 1518 gens
911 1484 960 1510 im-

1044 386 1086 414 ιε’.
1102 387 1164 414 Ὅτι
1179 385 1257 420 αὖθις
1276 385 1344 423 ἦλθε
1363 387 1512 423 Ταργίτιος
1534 385 1698 422 βουλόμενος
1728 393 1798 416 πρε-

1007 430 1173 459 σϐεύσασθαι
1199 431 1237 464 ὡς
1265 432 1388 468 βασιλέα,
1410 431 1504 459 ἐκεῖνά
1524 440 1555 458 τε
1569 430 1622 465 εφη
1641 429 1679 465 τῷ
1693 429 1800 464 βασιλεῖ

1007 477 1055 505 καὶ
1069 477 1169 513 ἤκουσε
1183 478 1252 514 πρὸς
1263 478 1345 505 αὑτοῦ
1361 479 1434 512 ἅπερ
1447 479 1494 504 καὶ
1504 477 1610 504 ἄλλοτε.
1624 476 1681 512 Τήν
1699 484 1729 502 τε
1742 475 1798 510 γὰρ

1006 523 1086 550 πόλιν
1099 523 1129 550 τὸ
1145 524 1259 559 Σίρμιον
1273 524 1399 551 ἐϐούλετο
1416 524 1485 559 πρὸς
1505 522 1651 558 Ῥωμαίων
1679 521 1796 555 κομίσα-

1005 569 1080 602 σθαι,
1103 570 1151 597 ἅτε
1178 571 1279 597 οἰκεῖον
1296 570 1327 597 ὃν
1354 570 1429 605 αὺτῷ
1454 569 1548 604 κτῆμα
1566 568 1671 601 ὲξότε⁷¹
1691 567 1725 594 τά
1743 567 1799 594 τῶν

1005 614 1150 649 Γηπαῐδων
1173 615 1219 642 ὑπ’
1243 615 1328 642 αὑτοῦ
1348 614 1495 650 διέφθαρτο
1516 613 1691 649 πράγματα·
1708 612 1750 639 ἔτι
1765 620 1798 638 τε

1006 660 1054 686 καὶ
1074 660 1216 696 χρήματα,
1235 660 1307 696 ἅπερ
1324 660 1467 692 ’1ουστίνος
1477 661 1533 691 τοῖς
1544 658 1655 690 Οῠννοις
1671 657 1715 693 ἐφ’
1729 658 1797 684 ἑκά-

1007 714 1062 741 στῳ
1078 705 1194 742 ἐνιαυτῷ
1216 706 1302 734 ἐδίδου
1314 715 1321 722 ’
1336 706 1394 738 καὶ,
1409 704 1453 734 οἷα
1478 705 1562 742 μηδὲν
1581 705 1733 741 εἰληφότων
1747 705 1799 730 αὶ-

1007 750 1061 777 τῶν
1075 751 1107 778 ὲκ
1124 750 1178 778 τῶν
1191 751 1399 786 παροιχομένων
1414 751 1493 785 ἐτῶν,
1512 750 1620 777 ἃπαντα
1635 748 1704 784 ὁμοῦ
1727 748 1800 782 Ταρ-

1007 797 1094 832 γίτιος
1110 797 1286 832 εἰσπράττειν
1303 797 1391 832 1ᾕξίου,
1408 796 1480 824 οὕτω
1494 805 1524 823 τε
1535 795 1628 823 λοιπὸν
1642 794 1693 826 τὰς
1709 795 1800 821 ὲνιαυ-

1008 843 1100 875 σιαίας
1113 843 1254 876 συντάξεις
1265 843 1426 878 ἐρρωμένας
1440 841 1615 869 κατατιθέναι
1635 839 1798 875 Ῥωμαίοις.

1006 889 1080 925 Πρός
1103 898 1136 924 γε
1164 889 1211 916 καὶ
1231 889 1279 917 τὸν
1304 889 1478 924 Οὺσδήϐαδον
1504 887 1622 923 ὲξῄτει⁷¹
1646 883 1690 913 οἷα
1713 893 1801 921 προσ-

1006 937 1107 971 ήκοντα
1113 935 1136 952 ⁷³
1149 935 1187 971 τῷ
1199 935 1254 963 τῶν
1269 935 1443 972 δορυλήπτων
1454 934 1528 970 αὑτῷ
1534 932 1638 969 θεσμῷ.
1648 932 1704 960 Καὶ
1716 931 1800 967 ἕτερα

1007 982 1036 1009 δέ
1048 990 1110 1009 τινα
1124 982 1309 1018 προεεάλλετο
1321 983 1335 1009 ὸ
1349 981 1496 1018 Ταργίτιος
1523 980 1717 1015 ὑπερηφανίας
1733 978 1801 1005 ἀνά-

1007 1028 1087 1062 πλεα,
1100 1024 1138 1055 ὦν
1151 1028 1248 1055 οὐδένα
1257 1027 1337 1062 λόγον
1349 1028 1468 1055 ἐποιεῖτο
1477 1027 1492 1053 ὁ
1508 1021 1647 1061 βασιλεύς’
1661 1024 1730 1052 ἀλλὰ
1742 1023 1800 1059 γὰρ

1007 1075 1042 1102 τά
1061 1083 1090 1101 τε
1106 1074 1243 1109 λεγόμενα
1264 1073 1333 1109 πρὸς
1355 1073 1438 1100 αὑτοῦ
1461 1070 1662 1107 ἁπεφλαύριζε,
1675 1070 1724 1097 καὶ
1749 1069 1801 1104 μὲν

1007 1118 1055 1147 οὖν
1078 1119 1226 1154 βασιλικῶς
1243 1119 1343 1155 ἐχρῆτο
1369 1119 1426 1149 τοῖς
1453 1118 1584 1153 ῥήμασιν.
1606 1116 1669 1143 Ἐπὶ
1692 1114 1800 1146 τούτοις

1008 1165 1055 1193 οὖν
1072 1165 1196 1200 διάφοροι
1218 1164 1361 1200 πρεσϐεῖαι
1389 1163 1561 1199 φοιτήσασαι,
1581 1161 1619 1194 ὡς
1634 1159 1766 1195 διηνύσθη
1775 1160 1799 1176 ⁷⁸

1009 1211 1091 1239 πλέον
1106 1211 1193 1242 οὐδὲν,
1212 1210 1329 1246 διαφῆκε
1348 1209 1394 1237 τδν
1415 1209 1561 1244 Ταργίτιον
1581 1208 1595 1234 δ
1613 1206 1750 1243 βασιλεὺς,
1762 1206 1801 1232 εί-

1011 1256 1103 1293 ρηκὼς
1124 1255 1199 1292 αὒτῷ
1223 1255 1344 1283 στέλλειν
1360 1256 1450 1283 ἐκεῖσε
1469 1254 1594 1290 Τιϐέριον
1609 1252 1801 1287 αὐτοκράτορα

1011 1302 1174 1338 στρατηγὸν,
1198 1302 1263 1337 περὶ
1281 1301 1329 1328 τοῦ
1356 1301 1457 1333 παντὸς
1477 1298 1722 1335 διαλεχθησόμενον
1751 1296 1801 1323 καὶ

1012 1349 1196 1384 βεϐαιώσοντα
1206 1348 1240 1375 τὰ
1252 1347 1367 1374 ἕκαστα.

1047 1398 1095 1428 ις’.
1116 1394 1178 1421 Ὅτι
1194 1393 1263 1421 ἄλλα
1279 1402 1310 1419 τε
1323 1392 1408 1419 πολλὰ
1421 1392 1495 1419 αῐτια
1511 1390 1636 1425 ἐγένοντο
1648 1388 1695 1416 τοῦ
1718 1387 1801 1415 πολέ-

1013 1449 1064 1476 μου
1080 1438 1226 1473 Ῥωμαίων
1237 1447 1268 1465 τε
1285 1438 1332 1465 καὶ¹
1341 1437 1466 1473 Περσῶν,
1478 1437 1508 1463 τὸ
1523 1436 1551 1463 δὲ
1571 1435 1671 1471 μᾶλλον
1682 1435 1802 1461 ἀναπτε-

1013 1486 1105 1521 ρῶσαν
1112 1484 1255 1512 ’1ουστῖνον
1265 1483 1279 1510 ὃ
1292 1483 1402 1519 κινῆσαι
1411 1483 1435 1499 ⁷⁵
1448 1482 1519 1509 κατὰ
1530 1480 1644 1516 Περσῶν
1652 1479 1682 1507 τδ
1690 1479 1764 1511 ἔθνος
1775 1478 1802 1505 οἱ

169 1527 238 1562 pulit
253 1528 455 1562 imperatorem,
466 1532 495 1555 ut
512 1532 608 1556 contra
626 1527 724 1556 Persas
738 1535 813 1556 arma
829 1533 959 1556 moveret.

1014 1531 1129 1567 Τοῦρκοι
1144 1531 1278 1564 ὲγένοντο.
1293 1529 1354 1556 Οῖδε
1367 1528 1423 1564 γὰρ
1439 1528 1616 1558 ἐσϐάλλοντες
1633 1526 1662 1557 ἐς
1673 1524 1801 1560 Μηδικὴν

170 1572 274 1600 Etenim
305 1572 387 1601 Turci
417 1573 533 1601 Mediam
569 1573 726 1601 invaserant
752 1579 780 1601 et
809 1574 963 1609 depopulati

169 1623 257 1646 erant.
275 1619 370 1654 Itaque
392 1618 537 1653 Justinum,
550 1619 631 1647 missa
654 1619 796 1655 legatione,
814 1625 843 1648 ut
864 1619 964 1648 bellum

171 1664 262 1693 Persis
287 1672 378 1693 secum
408 1665 550 1699 inferrent,
585 1673 640 1700 quo
668 1666 856 1694 communibus
878 1666 964 1694 hosti-

171 1712 222 1738 bus
246 1710 330 1738 exitio
358 1715 460 1744 essent,
486 1710 682 1738 sollicitabant.
722 1711 828 1739 Etenim
853 1718 886 1738 ex
907 1718 960 1738 una

171 1759 248 1790 parte
281 1755 421 1789 Romanis,
452 1763 486 1783 ex
517 1756 602 1784 altera
634 1756 733 1784 Turcis
763 1756 963 1792 ingruentibus,

173 1802 280 1836 Persas,
314 1802 360 1837 qui
387 1803 413 1829 in
441 1802 530 1830 medio
565 1803 706 1830 constituti
754 1809 844 1836 erant,
884 1803 965 1831 facile

172 1847 289 1882 opprimi
333 1855 422 1882 posse.
468 1846 571 1876 Harum
611 1856 703 1876 rerum
746 1848 843 1876 ﬁducia
877 1848 965 1877 elatus

177 1892 312 1928 Justinus,
333 1894 412 1922 facile
452 1894 511 1922 fore
548 1895 732 1928 existimabat,
767 1898 797 1922 ut
818 1895 964 1922 Persarum

174 1939 325 1974 potentiam
352 1944 499 1973 everteret,
523 1945 550 1967 et
571 1940 605 1967 ad
639 1939 779 1967 interitum
807 1939 963 1967 adduceret.

172 1985 265 2021 Itaque
293 1990 424 2021 quantum
446 1986 472 2013 in
488 1986 533 2014 illo
549 1989 619 2019 erat,
646 1987 737 2013 omnia
761 1985 886 2017 curabat,
912 1992 966 2020 quo

172 2032 224 2059 sibi
252 2031 405 2060 Turcorum
435 2032 584 2061 amicitiam
615 2032 695 2060 ﬁdam
728 2037 756 2060 et
779 2037 867 2060 tutam
897 2039 964 2060 con-

171 2081 303 2105 servaret.

209 2124 253 2152 l7.
287 2125 390 2152 Avares
423 2124 585 2160 legationem
620 2125 654 2152 de
679 2124 775 2152 iisdem
814 2125 905 2157 rebus,
933 2125 966 2152 de

173 2171 272 2204 quibus
291 2171 389 2205 sapius
412 2177 503 2204 antea,
528 2171 562 2198 ad
575 2170 723 2205 _Romauos
753 2171 896 2202 miserunt,
920 2171 964 2197 cui

174 2217 301 2250 legationi
325 2225 386 2243 cum
411 2217 526 2244 Romani
557 2216 669 2243 minime
704 2224 785 2243 aures
813 2216 964 2250 praeberent

176 2262 256 2297 115
285 2262 415 2298 (nondum
442 2262 514 2290 enim
536 2260 644 2290 Iustino
672 2262 832 2298 placuerat),
856 2263 963 2290 tandem

172 2308 290 2343 Apsicbo
327 2307 488 2343 legationem
516 2307 645 2341 abeunte,
665 2307 791 2335 Tiberius
813 2313 840 2335 et
867 2308 965 2342 Apsich

173 2355 200 2381 in
220 2362 252 2381 ea
278 2353 410 2381 sententia
433 2353 621 2386 constiterunt,
643 2357 672 2380 ut
695 2353 828 2380 Avaribus
852 2353 967 2381 Romani

172 2405 274 2427 terram
305 2400 330 2427 in
349 2407 402 2435 qua
425 2399 589 2431 habitarent,
602 2399 710 2432 darent,
725 2400 747 2427 si
768 2399 873 2432 obside,
894 2399 964 2427 filios

172 2446 334 2482 eorum,qni
351 2447 421 2481 apud
436 2447 508 2481 ipsos
525 2446 635 2481 imperia
650 2447 962 2482 gerebant,accipcrent.

174 2494 241 2526 Quae
259 2493 384 2521 Tiberius
404 2492 560 2527 imperatori
581 2492 754 2526 signiﬁcavit.
768 2491 845 2525 Quod
870 2495 962 2520 tamen

174 2539 288 2566 minime
306 2538 458 2566 rationibus
475 2537 659 2565 Romanorum
679 2538 830 2566 conducere
846 2537 963 2572 impera-

174 2589 217 2612 tor
241 2585 360 2619 censuit,
401 2592 490 2620 neque
525 2584 604 2612 aliter
638 2591 668 2612 se
697 2591 791 2619 pacem
828 2583 964 2611 facturum

174 2631 253 2665 dixit,
276 2632 328 2660 nisi
358 2631 462 2666 aliquos
475 2638 508 2659 ex
525 2631 616 2658 liberis
639 2631 723 2665 ipsius
743 2630 819 2657 ducis
845 2629 964 2656 Avarum

175 2677 284 2705 obsides
304 2682 433 2711 sumeret,
450 2677 560 2705 Tiberio
583 2684 649 2706 vero
665 2685 717 2704 non
738 2676 788 2704 ista
804 2676 964 2711 probantur.

1014 1576 1065 1612 τῆς
1083 1585 1113 1604 τε
1135 1576 1187 1611 γῆς
1212 1576 1320 1611 ἔτεμον,
1346 1574 1468 1601 ἔστειλαν
1484 1574 1512 1601 δὲ
1536 1574 1585 1600 καὶ
1606 1572 1643 1603 ὥς
1658 1571 1802 1598 ’1ουστῖνον

1014 1623 1163 1660 πρεσσείαν
1179 1622 1221 1657 ἐφ’
1234 1618 1256 1656 ᾧ
1271 1619 1511 1656 συνεκπολεμῶσαί
1527 1628 1559 1654 γε
1573 1619 1655 1645 αὐτὸν
1669 1617 1803 1652 Πέρσαις,

1015 1671 1091 1705 κοινῇ
1108 1678 1138 1696 τε
1150 1668 1275 1696 καθελεῖν
1291 1667 1462 1701 ἐξαιτοῦντες
1481 1665 1645 1701 ἀμφοτέρων
1657 1665 1720 1696 τοὺς
1739 1663 1803 1690 δυσ-

1016 1716 1120 1751 μενεῖς,
1143 1715 1191 1742 καὶ
1211 1714 1265 1741 τῶν
1280 1714 1303 1730 ⁷⁸
1329 1713 1461 1749 Τούρκων
1488 1711 1588 1747 μᾶλλον
1616 1708 1801 1738 ἀσπάσασθαι·

1014 1759 1085 1786 οὕτω
1097 1759 1151 1793 γὰρ
1166 1758 1199 1786 ἂν
1212 1759 1245 1794 τῇ
1263 1758 1313 1793 μὲν
1331 1757 1484 1792 Ῥωμαίων,
1498 1757 1531 1791 τῇ
1545 1756 1574 1783 δὲ
1597 1754 1726 1790 mpr
1742 1754 1804 1780 ἑπι-

1015 1803 1137 1839 θεμένων
1156 1803 1185 1830 ὲν
1204 1802 1278 1838 μέσῳ
1291 1802 1325 1829 τὰ
1341 1801 1453 1837 Περσῶν
1465 1800 1659 1836 διαφθαρῆναι,
1682 1798 1804 1830 Ταύταις

1014 1852 1074 1883 ταῖς
1089 1850 1196 1877 ἐλπίσιν
1212 1848 1367 1884 ἐπηρμένος
1387 1848 1530 1879 Ἰουστῖνος
1552 1847 1650 1883 ῥαδίως
1669 1845 1737 1881 ᾤετο
1753 1844 1804 1880 τὴν

1015 1897 1131 1933 Περσῶν
1142 1895 1380 1932 καταστρέψεσθαι
1398 1894 1513 1929 δύναμιν
1528 1894 1576 1920 και)⁵
1588 1894 1616 1925 ig
1629 1893 1660 1920 τὸ
1678 1892 1716 1928 μὴ
1731 1888 1803 1918 εἶναι

1016 1944 1182 1978 ξυνελάσειν.
1199 1942 1255 1969 Καὶ
1270 1942 1327 1974 οὖν,
1340 1941 1378 1973 ὠς
1391 1939 1447 1968 οἶόν
1460 1948 1488 1967 τε
1503 1937 1549 1975 ἦν,
1568 1940 1597 1966 ὲν
1613 1938 1714 1974 βεϐαίῳ
1733 1937 1804 1969 ἕξειν

1015 1989 1099 2017 αὐτοῦ
1113 1990 1162 2025 τὴν
1181 1989 1248 2025 πρὸς
1265 1988 1404 2023 Τούρκους
1419 1986 1510 2022 φιλίαν
1526 1986 1634 2013 ἅπαντα
1650 1991 1805 2020 παρεσκευο

1017 2037 1109 2069 άζετο.

1053 2125 1096 2158 ιζ’.
1118 2126 1180 2152 Ὅτι
1195 2122 1274 2155 αὖθις
1289 2124 1314 2150 0'.
1330 2121 1604 2158 Ἀὃαροιπρεσθείαν
1621 2119 1746 2146 ἔστειλαν
1766 2118 1805 2150 ὡς

1023 2171 1186 2207 Ῥωμαίους,
1203 2170 1329 2204 καὶπερὶ
1351 2165 1387 2195 ὧν
1405 2167 1545 2198 πολλάκις,
1562 2166 1625 2201 περὶ
1644 2165 1698 2192 τῶν
1714 2163 1806 2191 αὐτῶν

1018 2216 1228 2253 ὲπρεσσεύοντο.
1259 2215 1302 2246 Ὠς
1317 2215 1346 2241 δὲ
1361 2213 1438 2241 οὐδὲν
1453 2213 1591 2248 ὑπήκουον
1611 2212 1635 2238 οἱ
1661 2210 1804 2245 Ῥωμαῖοι,

1019 2264 1060 2300 (οὔ
1075 2263 1129 2298 γὰρ
1149 2262 1292 2289 Ἴουστῖνον
1306 2260 1328 2276 ⁷⁷
1347 2259 1393 2286 τὸν
1415 2259 1605 2294 αὐτοκράτορα
1627 2256 1751 2292 ἤρεσκε),
1775 2256 1807 2281 τὸ

1018 2310 1173 2336 τελευταῖον
1187 2308 1233 2335 τοῦ
1248 2307 1328 2342 Ἀψὶχ
1344 2307 1373 2337 ὲς
1390 2305 1541 2341 πρεσὸείαν
1555 2303 1724 2339 ἐληλυθότος,
1744 2302 1807 2335 ξυν-

1020 2356 1103 2391 ήρεσε
1120 2353 1239 2389 Τιϐερίῳ
1254 2353 1301 2380 καὶ
1329 2353 1386 2384 τοῖς
1401 2350 1466 2387 περὶ
1487 2350 1533 2377 τὸν
1561 2350 1642 2384 utth
1664 2356 1807 2384 παρασχε-

1019 2402 1099 2438 θῆναι
1116 2401 1168 2436 γῆν
1183 2401 1247 2432 τοὺς
1272 2399 1436 2435 Ῥωμαίους,
1465 2398 1509 2425 ἶνα
1522 2396 1726 2428 κατοικίζεσθαι
1745 2395 1807 2430 μέλ-

1018 2448 1088 2474 λοιεν
1104 2448 1129 2474 o!
1155 2447 1281 2482 'A6ctpot,
1304 2446 1330 2472 εῐ
1342 2453 1374 2479 γε
1390 2445 1444 2471 τῶν
1462 2443 1540 2479 παρὰ
1555 2442 1647 2478 σφίσιν
1668 2441 1807 2476 ἀρχόντων

1017 2493 1148 2529 λήψονται
1172 2492 1236 2523 τοὺς
1257 2490 1354 2523 παῖδας
1381 2489 1597 2526 ὁμηρεύσοντας.
1625 2487 1681 2514 Καὶ
1701 2485 1748 2512 οὖν
1770 2484 1807 2511 τὰ

1016 2539 1105 2566 τοιάδε
1130 2537 1256 2573 Τιὸέριος
1281 2536 1403 2571 ἐσήμηνε
1431 2534 1547 2570 βασιλεῖ.
1586 2532 1667 2559 ’Δλλὰ
1687 2531 1742 2565 γὰρ
1767 2529 1807 2565 τῷ

1018 2583 1200 2619 αὐτοκράτορι
1222 2582 1252 2608 οὔ
1266 2591 1292 2608 τι
1307 2582 1395 2608 ἐδόκει
1408 2581 1466 2612 τοῖς
1483 2579 1628 2616 πράγμασι
1653 2577 1708 2604 τῶν
1736 2576 1807 2602 Ῥω-

1020 2629 1108 2665 μαίων
1132 2627 1202 2656 εἷναι
1223 2627 1362 2658 λυσιτελές
1375 2634 1383 2642 θ
1412 2626 1463 2652 οὐκ
1485 2625 1573 2656 ἄλλως
1593 2624 1621 2650 δὲ
1636 2621 1805 2658 είρηνεύσειν

1019 2673 1149 2708 ἔφασκεν,
1166 2673 1191 2699 εῐ
1207 2681 1237 2706 γε
1253 2673 1291 2708 μὴ
1307 2671 1388 2699 αὐτοῦ
1401 2671 1470 2706 δῆτα
1484 2670 1532 2697 τοῦ
1553 2669 1677 2704 Ἀσάρων
1687 2668 1710 2684 ⁷⁸
1723 2668 1805 2702 ἡγου-

819 2731 934 2759 νΑιιιΑῖ
954 2729 1155 2759 LECTIONES.

211 2780 236 2796 ⁷⁸
252 2780 387 2815 Cotriguri
412 2779 542 2815 Agatltim.
581 2780 603 2796 "
618 2779 693 2814 ἐξότε
716 2779 757 2811 Β..
776 2779 823 2806 καὶ
838 2779 962 2815 Ertvulg.

176 2817 260 2843 σῆκον
273 2814 344 2849 vulg.
383 2816 405 2831 ⁷³
417 2814 559 2849 διηνύσθαι
577 2817 651 2850 vulg.
691 2815 713 2831 "°
726 2815 773 2841 καὶ
789 2816 905 2850 κινῆσαν
923 2814 954 2841 Ν.

177 2860 230 2888 gmw
259 2850 466 2884 Ν.,¹[³ωμαῖων
497 2850 569 2885 vulg.

1000 2778 1022 2794 "
1036 2777 1126 2812 ἐξῄτει
1157 2777 1199 2808 Β..
1216 2777 1309 2812 ἐζήτει
1324 2775 1397 2810 vulg.

993 2814 1016 2830 ⁷⁸
1033 2809 1126 2840 καῖ’τὰ
1143 2813 1196 2839 τῶν
1212 2809 1285 2846 conj.
1299 2811 1331 2838 N.
1369 2809 1391 2827 ’ίτ
1411 2811 1552 2837 Ίουστῐνον
1568 2809 1642 2846 vulg.

1436 2775 1459 2791 ⁷³
1479 2774 1652 2809 προσήκοντα
1676 2772 1720 2805 Β.,
1736 2780 1804 2806 προ-

1436 2811 1552 2834 )υσττνον
1568 2809 1642 2834 vuln.
1680 2807 1703 2824 ⁷⁸
1727 2807 1802 2834 ’Λόᾱι-

1776 2815 1802 2833 α.
