1951 3074
148 131 200 164 821

541 132 589 163 DE
609 131 890 168 LEGATIONIBUS
906 131 1084 163 GENTIUM
1102 133 1153 163 AD
1171 131 1362 163 ROMANOS.

1722 128 1776 159 822

150 186 233 221 μένου
251 185 327 214 λάϐοι
343 185 397 212 τῶν
416 185 519 213 παίδων
533 186 609 218 τινὰς
625 187 653 218 ὲς
668 179 800 222 ὁμήρους.
817 187 934 223 Τιϐερίῳ

994 189 1033 217 Sic
1050 189 1122 217 enim
1134 188 1285 223 judicabat,
1309 187 1333 215 si
1351 186 1457 222 aliquos
1487 185 1587 214 liberos
1605 192 1711 219 eorum,
1726 183 1771 220 qui

149 232 178 258 es
192 231 224 257 οὐ
237 231 322 258 ταυτὰ
339 231 362 247 "
379 230 476 258 ἐδόκειο
499 231 675 266 ὲγνωμάτευε
697 232 763 267 γὰρ,
789 233 838 266 ὡς,
861 232 888 259 ετ
903 241 936 267 γε

149 277 205 303 τῶν
220 278 296 313 παρὰ
311 276 429 309 Σκύθαις
441 277 579 313 ἀρχόντων
592 277 725 313 λήψονται
742 279 805 310 τοὺς
825 276 935 314 παῖδαςζ

149 319 193 348 οἶα
212 322 296 354 εεκδς,
323 321 518 357 βουλευομένου
533 321 579 349 τοῦ
602 322 728 357 Χαγάνου
747 323 782 350 τὰ
801 323 935 356 ξυντεθει-

151 367 221 403 μένα
246 367 436 402 παρώσασθαι,
459 367 489 394 οὐ
507 368 696 404 συγχωρήσειν
710 369 764 395 τῶν
786 369 937 405 ὁμηρευόν-

149 420 204 440 των
228 413 291 445 τοὺς
309 413 443 450 πατέρας.
473 414 598 450 Τιϐέριος
625 415 674 450 μὲν
699 414 806 442 τοιᾶσδε
830 414 937 450 ὑπῆρχε

150 459 273 494 γνώμης,
286 459 391 494 βασιλεῖ
405 460 433 487 δὲ
449 460 499 496 οὐχ
514 461 600 492 οὕτως
616 461 714 488 ἐδόκει.
727 460 810 488 Ἀλλὰ
823 461 877 496 γὰρ
890 461 938 496 δή-

151 513 203 530 που
218 505 266 532 καὶ
284 505 424 540 ὲνεμέσιζε
438 507 495 538 τοῖς
520 505 665 541 Ῥωμαίων
681 507 877 543 στρατιάρχαις
892 507 938 534 τὸν

153 549 272 584 πόλεμον
295 550 533 586 ἀναϐαλλομένοις,
561 550 706 582 συλλαϐαῖς
730 559 761 577 τε
784 551 884 587 ἐχρῆτο
900 551 939 582 ὡς

151 594 250 626 αὐτοὺς
267 595 491 631 διαγορευούσαις
507 596 542 629 ⁸⁸,
562 596 600 628 ὥς
628 596 682 623 δέοι
702 598 760 628 τοῖς
785 597 939 632 Βαρϐάροις

152 640 349 673 ἐνδείκνυσθαι,
365 641 407 668 ὅτι
432 650 464 677 γε
485 641 572 678 δήπου
611 641 759 676 Ῥωμαίοις
782 642 842 677 οὐχὶ
858 642 887 674 ες
909 642 940 669 τὸ

153 684 327 721 ἁϐροδίαιτον
341 687 356 713 ό
370 686 427 722 βίος
442 687 463 703 ⁶¹
481 706 490 715 .
504 707 512 715 .
532 707 539 715 .
549 707 557 720 ,
571 687 659 719 ἄλλως
672 687 700 714 δὲ
713 687 750 720 ὡς
764 687 940 723 φιλοπόλεμοι

152 731 183 758 τέ
205 732 258 759 είσι
271 733 318 759 καὶ
333 733 489 768 φερέπονοι.
519 733 596 760 Ἐπεὶ
610 732 639 760 δὲ
656 733 689 760 τὰ
698 732 748 768 τῆς
763 733 848 769 ἔριδος
863 733 941 760 ὲνικα

155 778 204 804 καὶ
218 779 233 804 ὁ
247 778 366 813 πόλεμος
385 778 535 813 ἡπειλεϊτο,
556 777 680 813 Τιϐέριος
709 778 831 813 ἐσήμηνε
859 778 942 814 Βώνῳ

154 825 184 851 ἐν
205 824 350 860 γράμμασι
373 825 543 860 φυλάξασθαι
564 824 613 857 τὰς
632 824 771 858 διαϐάσεις
781 825 838 860 ξτοῦ
854 834 938 853 ποτα-

156 877 217 904 μου.

191 918 237 950 ιη’.
248 915 310 942 Ὀτι
325 916 395 951 μετὰ
406 916 456 951 τὴν
471 915 550 952 νίκην
561 917 616 945 τῶν
631 917 766 953 Ἀϐάρων,
776 917 938 953 ἡττηθέντος

155 960 281 996 Τιϐερίου
307 961 354 988 τοῦ
372 962 545 997 στρατηγοῦ,
563 962 632 997 μετὰ
650 963 698 995 τὰς
716 962 852 998 ξυνθήκας
874 971 938 989 συν-

155 1005 237 1040 ήρεσε
252 1005 474 1041 πρεσϐεύσασθαι
485 1006 523 1039 ὡς
531 1007 577 1034 τὸν
589 1007 938 1043 Ῥωμαίωνβῡτοκράτορα.

155 1051 211 1078 Καὶ
231 1051 264 1085 δὴ
278 1051 402 1086 Τιϐέριος
418 1052 614 1084 ξυναπέστειλε
631 1053 664 1088 τῇ
683 1052 818 1088 πρεσϐείᾳ
837 1054 941 1088 Δαμια-

155 1094 201 1122 νδν
223 1095 385 1131 ταξίαρχον,
410 1096 531 1131 ἐσήμηνέ
551 1104 582 1122 τε
602 1095 641 1130 τῷ
657 1095 763 1131 βασιλεῖ
781 1096 889 1123 ἅπαντα
907 1095 941 1122 τὰ

156 1141 348 1176 ξυνενεχθέντα
362 1141 405 1173 ⁸’,
432 1141 479 1168 καὶ
509 1141 574 1177 περὶ
597 1137 635 1168 ὧν
663 1141 788 1176 βούλεται
811 1141 843 1168 τὸ
861 1141 942 1168 Ἀϐα-

157 1187 245 1220 ρικόν.
273 1187 328 1214 Καὶ
351 1187 514 1214 ἐσπείσαντο
547 1187 647 1219 τελέως
675 1186 806 1222 Ῥωμαῖοί
833 1195 864 1214 τε
895 1188 942 1214 καὶ

157 1231 284 1268 ’Δϐαρομ

192 1276 236 1304 ιϐ’.
259 1277 320 1304 Ὅτι
345 1277 399 1304 τῶν
431 1278 557 1314 ’Λϐάρων
583 1278 774 1313 σπεισαμένων
799 1278 846 1305 καὶ
863 1279 892 1310 ἐς
908 1279 943 1305 τὰ

156 1324 244 1350 οἰκεῖα
269 1323 476 1359 ἀπερχομένων,
495 1325 520 1350 οἱ
538 1323 694 1359 Σκαμάρεις
721 1324 862 1360 ὲγχωρίως
886 1325 944 1351 dvo-

159 1368 308 1404 μαζόμενοι
332 1369 539 1405 ἐνεδρεύσαντες
560 1370 702 1404 ἀφείλοντο
730 1370 829 1403 ἵππους
844 1379 873 1397 τε
897 1373 944 1398 καὶ

157 1413 277 1448 ἄργυρον
292 1414 339 1440 καὶ
356 1413 453 1449 ἑτέραν
469 1414 635 1450 ἀποσκευήν.
653 1413 762 1441 Τούτων
775 1414 856 1441 ἕνεκα
876 1424 944 1451 πρε-

159 1457 252 1485 σϐείαν
268 1459 391 1486 ἔστειλαν
405 1457 484 1491 αὖθις
502 1460 539 1492 ὡς
551 1459 686 1495 Τιϐέριον,
702 1460 757 1487 τῶν
774 1461 944 1496 κεκλοφὸτων

987 235 1057 270 apud
1085 233 1200 271 Scythas
1219 233 1419 269 imperitabant,
1436 231 1545 260 obsides
1568 231 1689 263 haberet,
1717 230 1774 258 fore

988 284 1028 312 ut,
1046 280 1071 308 si
1095 280 1239 316 Cliaganus
1262 286 1277 307 a
1296 286 1362 314 pace
1394 278 1524 306 recedere
1559 277 1649 310 vellet,
1682 280 1774 310 patres

988 325 1060 354 baud
1086 326 1167 353 dubie
1194 332 1301 358 eorum,
1331 325 1378 359 qui
1401 324 1472 358 apud
1501 323 1636 351 Romanos
1665 321 1775 350 obsides

988 375 1089 403 essent,
1108 378 1161 398 non
1185 371 1385 406 permitterent.
1412 368 1514 397 Tiberii
1539 369 1621 403 igitur
1637 368 1693 395 bxec
1716 372 1776 394 erat

988 416 1135 444 sententia.
1159 415 1214 444 Sed
1241 415 1396 451 imperatori
1421 422 1514 450 pacem
1541 415 1652 442 omnino
1665 413 1776 441 minime

989 461 1141 490 faciendam
1167 461 1320 489 videbatur.
1357 461 1483 494 Quinimo
1511 459 1577 495 ipsis
1607 459 1774 487 exercituum

988 507 1103 536 ducibus
1133 507 1301 539 succensuit,
1327 506 1398 542 quod
1423 506 1521 533 bellum
1547 512 1642 540 gerere
1665 508 1776 532 cuncta-

990 559 1094 588 rentur,
1127 554 1228 583 litteris
1252 559 1360 588 quoque
1384 559 1433 580 eos
1464 550 1616 584 admonuit,
1641 554 1776 585 oportere.

989 605 1020 628 ut
1040 599 1164 628 barbaris
1183 598 1372 632 ostenderent,
1396 597 1582 624 Romanorum
1612 603 1702 623 mores
1724 603 1777 622 nou

990 646 1017 673 in
1040 645 1181 673 mollitiem
1198 648 1227 672 et
1248 644 1374 672 inertiam
1400 643 1591 678 degenerasse,
1621 643 1668 669 sed
1696 650 1724 669 se
1740 642 1778 668 la-

990 692 1086 720 borum
1115 691 1247 726 patientes
1268 694 1296 718 et
1320 689 1381 718 belli
1397 689 1510 724 cupidos
1527 696 1599 716 esse.
1621 687 1658 715 Ut
1675 688 1777 716 discor-

990 737 1035 765 dia
1051 736 1190 772 praevaluit
1209 740 1236 764 et
1250 735 1374 764 bellicum
1399 734 1460 763 cani
1478 738 1597 770 coeptum
1614 737 1666 766 est,
1692 733 1773 760 Tibe-

991 784 1049 812 rius
1065 783 1163 811 litteris
1179 783 1284 811 Bonum
1311 781 1461 815 admonuit,
1478 785 1508 809 ut
1527 781 1684 816 diligentem
1704 779 1777 807 tluvil

992 829 1142 858 custodiam
1160 829 1271 857 faceret.

1029 918 1072 945 l8.
1104 915 1210 945 Tiberio
1235 916 1317 949 victo,
1338 920 1366 944 et
1379 915 1492 944 victoria
1513 915 1607 951 politis
1633 913 1778 946 Avaribus,

990 968 1154 992 conventum
1169 967 1221 995 est,
1233 962 1394 997 legationem
1410 969 1459 997 per
1470 961 1594 989 inducias
1606 961 1649 995 [ad
1666 961 1784 995 impera-

992 1015 1077 1038 torem
1091 1009 1174 1037 mitti.
1204 1009 1246 1036 Ad
1261 1016 1342 1044 quam
1354 1008 1481 1036 Tiberius
1495 1007 1665 1040 Damianum,
1680 1005 1784 1034 ordinis

991 1055 1152 1089 ductorem,‘
1162 1055 1246 1087 misit,
1264 1054 1309 1089 qui
1331 1053 1407 1081 illum
1421 1060 1527 1086 eorum,
1540 1060 1600 1089 qua:
1611 1052 1781 1086 contigerant

991 1106 1019 1130 et
1029 1109 1089 1137 qua:
1104 1101 1206 1129 Avares
1222 1100 1332 1133 vellent,
1351 1099 1495 1128 certiorem
1521 1099 1632 1127 laceret.
1661 1097 1779 1125 Tandem

994 1148 1081 1178 ftedus
1097 1149 1168 1176 inter
1194 1146 1334 1176 Romanos
1359 1147 1387 1174 et
1399 1145 1504 1174 Avares
1518 1149 1560 1173 est
1574 1144 1686 1172 factum.

1030 1278 1074 1306 l9.
1091 1277 1205 1305 Fmdere
1223 1277 1300 1310 inito,
1317 1283 1379 1304 cum
1406 1275 1508 1302 Avares
1522 1274 1554 1301 ad
1568 1281 1630 1301 [sua
1652 1272 1781 1303 redirent,

996 1325 1140 1352 Seamares
1161 1324 1249 1359 patrio
1267 1323 1375 1350 nomine
1398 1321 1474 1355 dicti,
1489 1328 1522 1348 ex
1536 1319 1642 1347 insidiis
1657 1319 1711 1346 illis
1725 1318 1780 1345 vim

996 1370 1129 1403 fecerunt,
1148 1375 1175 1398 et
1197 1375 1291 1404 equos,
1313 1371 1453 1403 argentum
1478 1370 1503 1393 et
1521 1365 1651 1400 reliquam
1676 1364 1784 1399 suppel-

996 1416 1111 1444 lectilem
1148 1415 1315 1450 eripuerunt.
1354 1413 1524 1448 Quapropter
1555 1411 1716 1445 legationem
1748 1410 1782 1436 ad

996 1460 1135 1488 Tiberium
1158 1459 1300 1491 miserunt,
1324 1466 1384 1494 qua:
1401 1457 1435 1484 de
1462 1456 1543 1484 rebus
1565 1455 1662 1483 ablatis
1684 1462 1783 1490 quere-

158 1503 222 1553 πέρι
235 1504 466 1540 ἐπιμεμφόμενοι,
486 1505 526 1531 ἔτι
539 1505 585 1532 καὶ
600 1505 635 1532 τὰ
650 1505 834 1541 ἀφαιρεθέντα
846 1508 941 1534 ἀνακο-

998 1510 1072 1533 retur
1097 1508 1124 1533 et
1139 1509 1214 1538 rapta
1235 1507 1380 1539 repeteret.
1400 1504 1434 1531 At
1457 1502 1646 1539 deprehensis,
1668 1500 1713 1536 qui
1741 1500 1782 1527 la-

160 1548 289 1583 μίσασθαι
302 1549 470 1585 βουλόμενοι.
489 1551 544 1578 Καὶ
559 1551 591 1586 δὴ
602 1551 828 1587 ἀνερευνηθέντες
852 1554 876 1579 οἱ
895 1553 944 1589 τὴν

158 1593 263 1629 κλοπὴν
275 1595 452 1630 εἰργασμένοι
467 1596 496 1623 ἐν
509 1596 619 1632 φανερῷ
638 1605 669 1623 τε
683 1598 833 1633 γενόμενοι,
847 1599 944 1635 μοῖράν

157 1646 218 1665 τινα
229 1639 433 1676 ἀπεκατέστησε
449 1641 472 1657 ³³
485 1641 542 1671 τοῖς
555 1641 693 1677 ’Δϐἀροις.

193 1682 228 1711 κ’.
248 1684 309 1711 Ὅτι
320 1685 366 1713 τοῦ
384 1686 498 1713 δεκάτου
512 1686 588 1719 ἔτους
602 1687 763 1720 ἀνυσθέντος
775 1688 829 1716 τῶν
844 1699 945 1726 πεντη-

158 1730 334 1757 κοντουτίδων
346 1731 476 1764 σπονδῶν,
499 1733 569 1767 μετὰ
582 1731 630 1767 τὴν
646 1733 754 1768 σφαγὴν
771 1733 903 1770 Σουρήνα,
915 1736 944 1762 ὲν

157 1773 244 1810 τούτῳ
258 1775 402 1811 δ’Περσῶν
419 1777 545 1811 βασιλεὺς
561 1777 666 1804 στέλλει
685 1778 835 1815 Σεϐόχθην,
859 1780 944 1816 ἄνδρα

158 1820 279 1855 Πέρσην,
305 1821 333 1852 ὲς
360 1821 508 1855 πρεσϐείαν
532 1821 570 1854 ὡς
593 1821 734 1849 ’1ουστῖνον
760 1823 805 1850 τὸν
821 1824 942 1859 βασιλέα,

157 1865 213 1891 τῶν
243 1866 272 1892 ὲν
296 1866 490 1903 Περσαρμενία
518 1867 568 1902 μὲν
597 1868 808 1904 ξυνενεχθέντων
831 1869 943 1903 ἄγνοιαν

158 1909 239 1944 δῆθεν
261 1910 494 1945 ὑποκρινόμενος,
514 1911 602 1943 ἄλλως
627 1912 656 1939 δὲ
677 1913 708 1940 τὸ
727 1915 943 1949 συντεταγμένον

165 1954 320 1990 Ῥωμαίους
344 1956 518 1984 κατατιθέναι
539 1957 649 1992 χρυσίον
668 1958 838 1993 βουλόμενος,
854 1957 897 1986 οἷα
911 1961 943 1996 δὴ

158 1999 210 2034 τῆς
225 1999 368 2031 δεκαετίας
386 2001 597 2036 περαιωθείσης,
611 1999 645 2037 ἧς
657 2002 691 2028 τὰ
708 2003 836 2037 χρήματα
853 2004 898 2038 ὑφ’
913 2005 943 2031 ἓν

159 2045 317 2081 ἐκομίσατο,
337 2043 397 2074 εἶτα
416 2046 594 2082 ὲμπεδώτατα
617 2047 775 2080 ξυνεστάναι
795 2049 846 2085 τὴν
865 2050 942 2087 εἰρή-

159 2099 225 2126 νην,
252 2091 324 2118 καθά
346 2100 398 2118 που
429 2092 613 2127 ἐνεγέγραπτο
637 2094 666 2120 έν
693 2095 753 2125 ταῖς
784 2094 941 2131 ξυνθήκαις.

160 2136 266 2172 Σφόδρα
279 2136 334 2173 γὰρ
346 2138 374 2164 ὲν
386 2138 484 2173 ἀρχαῖς
502 2139 617 2174 ἐτάραξε
632 2141 755 2176 Χοσρόην
771 2143 939 2179 αἰσθόμενον,

997 1551 1140 1579 trocinium
1166 1549 1297 1582 fecerant.
1320 1553 1347 1577 ct
1367 1549 1394 1577 in
1415 1554 1540 1584 apertum
1564 1547 1697 1580 adductis,
1721 1554 1783 1582 par-

996 1602 1048 1625 tem
1065 1596 1181 1632 aliquant
1201 1596 1336 1624 Avaribus
1363 1595 1494 1624 restituit.

1027 1688 1063 1715 ‘20
1089 1687 1132 1722 (Α.
1145 1685 1177 1714 C.
1200 1686 1262 1719 571,
1282 1685 1339 1713 lnd.
1358 1685 1385 1718 4,
1398 1683 1495 1712 Justlni
1509 1683 1548 1719 7.)
1563 1683 1664 1711 Exacto
1678 1682 1787 1710 decimo

994 1733 1191 1769 quinquaginta
1237 1738 1369 1759 annorum
1405 1730 1574 1758 induciarum
1608 1736 1692 1762 anno,
1723 1734 1784 1763 post

994 1778 1099 1806 Surina:
1124 1778 1236 1810 caedem,
1263 1776 1406 1804 Persarum
1422 1784 1468 1804 rex
1492 1776 1666 1808 Seboclitem,
1695 1774 1782 1801 virum

991 1824 1117 1855 Persam,
1130 1823 1246 1858 legatum
1265 1823 1297 1850 ad
1315 1822 1451 1850 Justiuum
1474 1823 1666 1858 imperatorem
1689 1821 1780 1848 mittit.

993 1868 1039 1896 lile
1057 1868 1164 1903 quidem
1190 1867 1387 1903 ignorationem
1411 1875 1517 1901 eorum,
1542 1875 1602 1902 quae
1618 1867 1644 1894 in
1668 1866 1784 1893 Persar~

993 1915 1082 1943 meuia
1108 1919 1181 1950 gesta
1201 1919 1289 1947 erant,
1312 1913 1446 1949 ﬁngebat,
1471 1918 1498 1941 et
1520 1921 1581 1941 cum
1601 1913 1695 1940 decem
1719 1912 1784 1938 anni

993 1960 1199 1996 prmteriissent,
1227 1967 1342 1994 quorum
1375 1959 1477 1986 tributa
1508 1959 1534 1986 in
1560 1965 1643 1985 unum
1670 1957 1781 1984 collata,

992 2006 1101 2033 fuerant
1127 2004 1223 2037 soluta,
1247 2003 1376 2038 deinceps
1395 2003 1532 2031 Romanos
1557 2011 1655 2031 aurum
1674 2003 1707 2030 de
1727 2011 1782 2038 quo

993 2054 1186 2083 convenerant,
1212 2049 1327 2083 solvere,
1344 2049 1535 2077 utfmderibus
1560 2048 1691 2083 scriptum
1712 2053 1783 2081 erat,

993 2103 1020 2125 et
1034 2104 1127 2132 pacem
1148 2099 1273 2124 constare
1292 2095 1410 2130 petebat.
1433 2093 1501 2122 Nam
1524 2102 1586 2123 eum
1605 2094 1684 2122 initio
1701 2094 1783 2130 116

993 2142 1127 2169 Cbosroes
1140 2140 1334 2175 suspicaretur,
1352 2139 1535 2166 Romanorum
1558 2139 1749 2174 imperatorem
1768 2148 1783 2166 ιι

159 2182 196 2213 ὼς
212 2181 341 2216 βασιλεὺς
371 2183 517 2218 Ῥωμαίων
543 2186 610 2220 πρὸς
635 2186 753 2222 πόλεμον
766 2187 848 2224 ὥρμα
864 2190 887 2206 ⁵⁸
910 2191 941 2218 τὰ

996 2187 1193 2215 conditionibus
1226 2186 1301 2222 pacis
1328 2187 1499 2214 recedentem
1525 2187 1558 2214 ad
1582 2186 1680 2214 bellum
1707 2186 1783 2219 ferri,

159 2230 282 2265 είρηναῖα
307 2230 516 2266 παρωσάμενος.
549 2232 691 2260 Ἐδεδοίκει
715 2242 757 2266 τε,
781 2236 819 2271 μή
839 2244 897 2269 πως
912 2238 944 2265 ἐκ

160 2275 282 2311 μεγάλης
297 2277 476 2311 παρασκευῆς
492 2277 611 2305 ὲπιθοῖτό
628 2288 657 2305 τε
669 2279 755 2314 αὐτῷ.
779 2282 834 2308 Καὶ
855 2282 944 2315 ἄλλως

157 2321 206 2357 οὐχ
233 2321 332 2356 ἥκιστα
361 2322 490 2356 φροντίδα
514 2322 629 2355 ἐτίθετο,
655 2325 694 2355 εἰς
719 2324 832 2360 ἔσχατον
854 2327 943 2363 γῆρας

157 2367 297 2402 ἐληλακὼς
323 2368 369 2394 καὶ
397 2367 448 2404 ήδη
478 2367 655 2404 ἐκλελυμένος
684 2372 745 2403 ταῖς
769 2373 868 2407 ὁρμαῖς
894 2373 942 2400 τοῦ

159 2413 288 2447 πολέμου,
308 2414 378 2441 ὥστε
405 2414 544 2450 ἐρρῶσθαι
569 2415 603 2442 τὰ
627 2416 762 2452 εἰρηναῖα,
783 2418 830 2444 καὶ
846 2417 941 2454 ὥσπερ

159 2457 255 2492 ἀμέλει
283 2459 410 2494 πατρῷον
435 2459 530 2495 κτῆμα
544 2461 602 2493 τοῖς
624 2470 655 2496 γε
676 2462 760 2489 αὑτοῦ
780 2465 858 2491 παισὶ
873 2465 942 2492 ἀσάο

158 2502 241 2529 λευτά
252 2512 281 2529 τε
298 2504 345 2530 καὶ
361 2505 470 2539 ἄτρωτα
486 2506 656 2533 καταλιπεῖν.
679 2507 815 2544 Σεϐόχθην
829 2509 879 2544 μὲν
895 2509 943 2539 οὖν

164 2548 306 2582 Ἰουστῖνος
335 2551 499 2586 φοιτήσαντα
526 2552 555 2583 ἐς
581 2553 627 2579 τὸν
649 2553 760 2588 βασιλέα
777 2554 808 2582 οὗ
821 2565 847 2583 τι
869 2558 943 2592 μάλα

159 2594 297 2629 προσίετο,
324 2594 386 2621 ἐπεὶ
405 2595 452 2622 καὶ
468 2595 567 2628 ἄλλως,
592 2596 673 2631 ἡνίκα
696 2599 802 2634 εἰσῆλθε
825 2602 896 2629 κατὰ
910 2602 942 2637 δὴ

156 2640 188 2667 τὸ
211 2641 305 2673 είωθδς
327 2641 374 2668 τὸν
396 2641 584 2676 αὐτοκράτορα
604 2645 820 2680 προσκυνήσων,
851 2649 940 2683 χαμαὶ

159 2686 285 2722 ῥίψαντος
305 2687 410 2719 ἑαυτὸν,
432 2686 503 2714 οὕτω
526 2687 641 2722 ξυμϐὰν,
664 2690 678 2716 6
704 2691 780 2723 πῖλος
801 2692 830 2724 ὃς
845 2693 892 2720 ἐπὶ
906 2697 939 2730 τῇ

997 2233 1076 2261 valde
1099 2233 1273 2267 perturbatus
1299 2232 1399 2263 fuerat.
1418 2231 1569 2260 Verebatur
1593 2232 1677 2265 enim,
1702 2239 1735 2260 ne
1749 2240 1784 2260 ex

997 2280 1143 2315 improviso
1182 2280 1329 2314 imperator
1365 2286 1425 2306 cum
1463 2285 1562 2312 magno
1598 2282 1728 2313 apparatu
1753 2286 1783 2306 se

998 2326 1068 2354 bello
1092 2324 1296 2360 aggrederetur.
1327 2323 1481 2351 Etomnino
1502 2323 1539 2350 illi
1564 2323 1683 2350 maxime
1710 2331 1782 2350 curae

996 2376 1065 2404 erat,
1086 2378 1147 2398 cum
1174 2369 1230 2404 jam
1253 2369 1285 2396 ad
1311 2373 1459 2397 extremam
1490 2373 1657 2397 senectutem
1687 2377 1782 2404 perve—

996 2419 1091 2451 nisset,
1115 2421 1142 2445 et
1161 2416 1292 2444 bellorum
1316 2415 1431 2443 consilia
1458 2415 1602 2448 omisisset,
1630 2423 1723 2450 pacem
1741 2416 1783 2443 iu-

991 2465 1118 2492 vioiatam
1144 2469 1264 2494 servare,
1280 2466 1307 2489 et
1326 2461 1407 2488 nullis
1429 2461 1506 2488 bellis
1526 2461 1731 2489 iuterturbatam
1755 2467 1783 2489 et

994 2510 1149 2546 impeditam
1174 2509 1248 2542 regni
1264 2508 1369 2543 paterni
1392 2508 1590 2542 possessionem
1610 2508 1702 2536 liberis
1724 2509 1781 2536 suis

994 2556 1159 2590 relinquere.
1181 2553 1332 2588 imperator
1370 2557 1459 2581 autem
1485 2552 1666 2581 Sebocbthem
1692 2554 1725 2581 ad
1750 2562 1780 2581 se

994 2601 1148 2628 venientem
1176 2606 1230 2626 non
1257 2597 1346 2633 magni
1386 2597 1513 2631 faciebat,
1545 2599 1693 2633 praesertim
1718 2606 1779 2626 cum

993 2646 1147 2678 accidisset,
1170 2643 1251 2672 simul
1267 2648 1349 2678 atque
1360 2643 1497 2678 ingressus
1511 2649 1553 2671 est
1576 2644 1778 2679 imperatorem,

995 2698 1026 2721 ut
1049 2692 1134 2720 moris
1149 2694 1221 2723 erat,
1246 2696 1392 2723 venerans,
1408 2694 1436 2718 et
1459 2690 1493 2717 ad
1510 2690 1593 2725 pedes
1617 2691 1675 2726 ejus
1701 2692 1775 2719 humi

798 2749 918 2778 VARUE
935 2749 1142 2780 LECTIONES.

193 2793 216 2845 ἕο
232 2793 317 2820 ταῦτα
327 2793 399 2829 vulg.
437 2793 688 2828 ⁸⁰διαγορυεούσαις
708 2796 751 2828 Β,,
763 2796 940 2831 διαγορεύσας
953 2799 997 2828 vui
1019 2818 1025 2826 .
1063 2797 1086 2813 ⁸¹
1102 2796 1298 2831 ἁϐροδίαιτονὸ
1311 2795 1367 2832 βίος
1379 2796 1453 2823 ἐστίν
1467 2795 1512 2830 Π.,
1525 2804 1578 2833 mg.
1589 2797 1716 2834 ἁϐροδίας
1734 2799 1776 2826 τὸν

194 2837 260 2861 ,ονος
275 2829 347 2861 vulg.
386 2830 408 2845 π’
424 2828 585 2861 ξυνεχθέντα
598 2830 670 2861 vulg.
708 2832 731 2848 ⁸³
747 2832 972 2861 ἀπεκατέστηταν
991 2807 1023 2861 lli.
1041 2833 1144 2861 (male).
1183 2832 1205 2850 ³⁵
1218 2831 1309 2861 ὥρμα.
1342 2831 1373 2861 Ν.
1406 2832 1475 2859 ὥστε
1488 2833 1558 2861 vulg.
1611 2834 1615 2837 ”

157 2829 260 2862 ἀϐίονος
275 2829 347 2865 vulg.
377 2828 408 2845 "'
424 2828 585 2864 ξυνεχθέντα
598 2830 670 2866 vulg.
708 2832 731 2848 ⁸³
747 2828 972 2870 ἀπεκατέστηταν

991 2831 1023 2862 ll.
1041 2833 1144 2870 (male).
1183 2831 1315 2867 “Hippo.
1342 2831 1373 2865 N,
1406 2832 1475 2859 ὥστε
1488 2833 1558 2868 vulg.
