1951 3074
157 121 210 154 8Ξ3

586 124 785 156 EXCERPTA
807 125 859 156 EX
878 124 1093 156 MENANDRO
1112 126 1360 158 PROTECTORE

1736 126 1791 158 82ἱ

157 178 312 212 procubuit,
326 183 354 206 ιιι
369 178 466 214 pilcus,
483 185 562 213 quem
581 180 606 207 in
633 181 731 215 capite,
749 185 777 208 ut
798 180 943 208 Persarum
960 206 961 210 η

1004 181 1103 217 κεφαλῇ
1120 182 1189 209 κατὰ
1210 182 1240 209 τδ
1255 182 1451 218 νενομισμένον
1467 181 1586 217 Πέρσαις
1610 181 1736 209 ἐπέκειτο
1759 183 1788 213 ἐς

157 223 231 258 leges
268 223 371 256 ferunt,
400 224 535 258 gestabat,
557 224 583 252 in
607 230 706 252 terram
741 227 860 254 caderet.
890 225 947 253 Hoc

155 268 250 296 omine
275 268 413 303 principes
429 269 479 296 viri
497 273 524 297 et
537 274 634 296 caetera
648 270 738 304 turba,
755 275 883 306 tanquam
905 270 947 298 di-

156 313 259 341 vinitus
283 314 418 348 immisso,
442 315 493 346 uti,
516 316 629 343 etl'ceda
650 316 804 344 adulatione
830 316 947 352 impera-

157 363 243 386 torem
269 360 412 393 extollere,
436 365 463 388 et
478 361 582 394 dicere,
604 361 673 394 fore,
697 366 727 389 ut
755 361 848 390 Persis
872 362 948 390 brevi

155 404 181 431 ei
207 405 423 434 submitteretur.
457 406 514 435 Hae
541 408 705 441 cogitatione
740 412 831 435 mente
862 408 949 436 elatus

155 449 289 484 Justinus,
316 451 342 479 in
358 458 433 486 spem
452 452 646 486 adducebatur,
659 453 761 486 omnia,
776 461 836 490 quae
857 454 948 482 animo

155 496 293 530 volvebat,
316 497 349 525 ad
366 501 489 532 optatum
520 498 622 526 exitum
653 504 828 534 perventura.
854 500 950 536 Itaque

157 550 218 569 cum
232 541 399 571 Sebochthes
415 550 459 575 ea,
477 551 592 580 quorum
605 552 686 573 causa
703 550 826 578 venerat,
848 553 950 574 renun-

158 589 249 621 tiaret,
268 589 415 623 imperator
431 597 493 618 eum
514 591 689 626 contempsit,
701 597 728 619 et
745 591 820 620 nullo
835 600 949 621 numero

161 635 265 669 habuit,
288 636 419 672 dixitque,
441 637 590 665 amicitiam
621 639 744 673 pecuniis
780 643 949 667 contractam

160 681 231 708 haud
259 682 369 717 probari
396 691 403 710 :
427 688 534 717 turpem
561 684 634 711 enim
666 689 693 712 et
721 685 847 712 servilem
878 692 948 718 esse,

158 726 259 762 quippe
275 734 335 762 qure
349 728 436 762 pretio
458 732 546 763 empta
568 733 658 762 esset;
675 729 823 756 amicitiam
845 734 947 762 autem,

160 773 237 807 cujus
253 773 323 801 ratio
337 778 465 801 constans
479 779 506 802 et
523 779 620 802 natura
637 774 707 802 bene
731 775 842 802 fundata
866 779 948 809 esset,

160 817 304 851 aequalem,
327 825 380 845 non
400 823 506 853 qumstu
517 824 701 854 comparatam
715 819 834 847 deliniri.
848 820 948 848 Deinde

160 871 194 891 ex
208 864 267 899 ipso
291 865 426 899 quaesivit,
457 865 578 899 nunquid
609 866 688 895 vellet
717 867 751 895 de
768 868 894 902 his,qua:
922 854 988 895 inB

159 909 298 944 Armenia,
324 917 488 945 quaeeorum
503 912 573 947 juris
595 917 665 947 erat,
694 914 872 950 contigerant,
892 914 950 942 dis-

162 963 265 984 serere.
298 956 332 984 Et
355 957 399 985 llle
432 958 540 992 quidem
569 966 659 994 regem
689 967 768 987 suum
801 961 950 996 accepisse,

161 1002 313 1037 respondit,
352 1007 476 1031 exortum
509 1005 654 1038 quemdam
682 1005 708 1032 in
739 1005 784 1033 illa
812 1006 949 1041 provincia

162 1048 317 1083 tumultum,
343 1049 428 1077 levem
452 1054 479 1077 et
494 1050 632 1085 exiguum;
662 1051 695 1078 ad
716 1058 776 1078 eum
803 1051 950 1079 sedandum

164 1094 282 1128 misisse,
315 1094 364 1130 qui
386 1095 580 1130 comprimeret
607 1101 634 1123 et
657 1103 702 1124 res
719 1097 835 1132 pristino
867 1098 951 1126 statui

165 1140 330 1169 restitueret.
345 1140 468 1169 Justinus
493 1149 557 1170 vero
586 1142 674 1177 palam
695 1143 773 1176 dixit,
795 1151 825 1171 se
838 1143 950 1172 Persar-

162 1187 280 1218 meuios,
300 1186 345 1222 qui
368 1194 383 1214 a
411 1185 504 1216 Persis
529 1188 704 1222 defecissent,
721 1189 748 1216 in
776 1189 854 1217 [idem
883 1194 952 1218 tute-

165 1232 272 1266 tamque
298 1240 374 1260 suam
404 1233 549 1268 recepisse,
575 1241 662 1269 neque
685 1234 708 1262 si
721 1235 782 1270 quis
806 1242 854 1263 eos
882 1236 953 1271 inju-

165 1277 205 1305 ria
235 1277 364 1311 alliceret,
408 1281 604 1314 neglecturum,
636 1281 735 1316 quippe
767 1282 812 1316 qui
845 1281 951 1314 eadem.

164 1330 225 1358 quae
250 1324 316 1359 ipse,
338 1325 372 1352 de
393 1325 521 1360 religione
549 1326 692 1354 sentirent.
710 1327 877 1356 Sebochthes
903 1336 953 1356 au-

165 1374 230 1402 tem,
246 1370 292 1405 qui
318 1370 389 1406 apud
407 1370 503 1398 Persas
533 1372 677 1406 prudentia
709 1373 869 1406 excellebat,
891 1381 952 1401 cum

164 1415 298 1448 eamdem,
318 1424 398 1451 quam
420 1416 578 1451 Christiani,
594 1418 628 1446 de
646 1419 774 1454 religione
797 1420 951 1454 opinionem

167 1462 289 1494 haberet,
315 1463 396 1490 etiam
418 1467 499 1498 atque
521 1463 603 1491 etiam
621 1464 796 1492 vehementer
816 1464 952 1492 Justinum

994 227 1132 261 (τοῦδαφος
1153 228 1245 256 ἔπεσε.
1264 228 1358 264 Τούτῳ
1374 228 1454 264 αἰσίῳ
1477 228 1531 255 τινὶ
1545 227 1672 263 συμϐόλῳ
1683 228 1790 263 χρησά-

1001 282 1077 309 μενοι
1104 274 1129 300 οί
1150 273 1180 300 ἐν
1194 273 1267 300 τέλει
1287 274 1335 300 καὶ
1358 275 1372 300 ὁ
1389 274 1479 309 δῆμος
1492 275 1554 305 ταῖς
1570 273 1728 305 κολακείαις
1745 273 1792 300 τὸν

1000 318 1112 354 βασιλέα
1127 319 1296 354 ἐπτέρωσαν,
1306 318 1344 351 ὡς
1354 319 1415 346 ὅσον
1429 318 1507 346 οὖπω
1519 319 1698 345 ὑποπεσεῦται
1712 318 1790 354 αὐτῷ

999 365 1015 399 ὴ
1034 365 1144 400 Περσίς.
1161 365 1206 400 Τῷ
1225 373 1267 391 τοι
1283 364 1337 400 ἄρα
1359 365 1500 396 Ἰουστῖνος
1511 365 1668 400 ἐπηρμένος
1682 362 1716 400 ἦν
1731 366 1794 396 ταῖς

1000 410 1091 438 ἐλπίσι
1119 410 1166 437 καὶ
1192 411 1374 446 μετεωρίζετο
1390 412 1422 446 τῇ
1450 410 1564 446 διανοίᾳ,
1582 410 1618 437 τὰ
1641 410 1712 438 κατὰ
1729 410 1793 437 νοῦν

1001 457 1087 492 ῥᾷστα
1106 456 1270 491 έκϐήσεσθαι
1285 456 1417 491 οἰόμενος.
1440 456 1578 492 Σεϐὁχθην
1590 456 1623 492 δὴ
1638 454 1685 483 οὖν
1697 456 1793 490 ἀγγεί-

999 501 1083 529 λαντα
1099 501 1142 537 ἐφ’
1156 498 1197 533 οἷς
1221 502 1400 538 παρεγένετο,
1417 503 1431 529 ὁ
1448 502 1575 537 βασιλεὺς
1589 502 1793 538 περιεφρόνησέ

1000 557 1032 583 γε
1057 548 1148 580 αὑτὸν,
1166 548 1214 575 καὶ⁸
1233 549 1263 574 έν
1282 548 1371 575 οὐδενὶ
1394 548 1466 584 λόγῳ
1483 548 1602 575 ἐποιεῖτο
1626 549 1672 574 τὸν
1694 549 1792 582 ἄνδρα.

1002 594 1074 630 Ἔφη
1093 593 1240 629 τοιγαροῦν
1257 594 1294 625 ὡς
1313 594 1396 621 αὑτὸν
1408 614 1416 626 ,
1433 594 1472 627 ὼς
1496 595 1512 630 ἡ
1538 594 1650 629 φιλότης
1668 594 1792 629 χρήμασι

1001 639 1181 675 βεϐαιουμένη
1196 640 1247 667 οὐκ
1261 640 1364 675 ἀγαθή·
1381 639 1482 675 αἰσχρὰ
1505 640 1561 675 γὰρ
1580 641 1629 666 καὶ
1657 639 1794 674 ἀνδραπο-

1001 685 1088 719 δώδης
1103 685 1194 720 ὠνητή
1219 694 1248 711 τε
1266 686 1283 720 ὴ
1302 686 1392 713 τοιάδε
1406 694 1412 700 ·
1427 685 1519 720 φιλίαν
1533 685 1562 712 δὲ
1578 685 1628 721 τὴν
1647 684 1793 720 ίσὸρῤοπόν

1000 739 1030 757 τε
1041 731 1088 758 καὶ
1106 731 1166 766 οὐχὶ
1178 731 1328 766 κερδαλέαν
1342 731 1494 767 ὁρίζεσθαι,
1511 732 1540 758 ὲν
1579 731 1626 758 καὶ
1637 731 1668 758 τὺ
1683 731 1794 766 βέϐαιον

1002 777 1110 812 πέπηγε
1127 777 1150 793 ⁸⁵
1167 777 1246 812 φύσει
1263 777 1325 805 τινί.
1351 778 1422 813 Πρὸς
1439 777 1528 804 τοῖσδε
1541 776 1744 804 ἀνεπυνθάνετό
1761 785 1795 811 γε

1002 823 1071 859 πρὸς
1086 822 1180 855 αὐτοῦ,
1195 824 1232 858 μή
1244 832 1270 850 τι
1282 823 1328 850 καὶ
1338 823 1400 858 περὶ
1411 823 1461 858 τῆς
1472 822 1542 850 κατὰ
1555 823 1626 857 σφᾶς
1646 821 1796 858 Ἀρμενίας

1003 869 1123 904 βούλοιτο
1135 869 1321 904 διαλέγεσθαι.
1347 869 1484 904 Σεϐόχθης
1499 869 1532 904 δὴ
1547 867 1594 896 οὖν
1614 868 1794 903 ἀπεκρίνατο,

1001 915 1148 949 ἀκηκοέναι
1169 914 1219 950 μὲν
1234 914 1280 942 τὸν
1295 914 1377 941 αὑτοῦ
1394 913 1517 948 βασιλέα,
1532 913 1570 945 ὡς
1581 914 1633 940 ἀνὰ
1650 912 1686 939 τὰ
1700 912 1795 946 ἐκείνῃ

1003 961 1165 996 βραχείάτις
1176 960 1285 995 ἐγένετο
1299 959 1417 995 ταραχὴ,
1426 959 1529 986 στεῖλαι
1540 959 1569 986 δὲ
1581 959 1656 994 ὅμως
1670 959 1734 984 τινὰ
1748 957 1796 983 τὸν

1002 1007 1151 1041 δυνάμενον
1170 1007 1199 1033 ὲν
1218 1007 1314 1042 κόσμῳ
1336 1005 1430 1032 θέσθαι
1445 1005 1480 1032 τὰ
1497 1005 1669 1040 γεγενημένα
1687 1003 1734 1030 καὶ
1749 1003 1796 1028 τὸν

1002 1053 1116 1089 θόρυϐον
1129 1052 1352 1079 καταπαύσαντα.
1367 1052 1510 1083 Ίουστῖνος
1528 1051 1557 1078 δὲ
1571 1049 1796 1086 Περσαρμενίους

1003 1099 1213 1135 προφανέστατα
1238 1098 1290 1134 ἔφη
1317 1097 1489 1130 εἰσδέξασθαι
1507 1096 1622 1132 Περσῶν
1646 1096 1796 1130 ἀποχωρή-

1003 1154 1113 1178 σαντας,
1126 1145 1173 1172 καὶ
1187 1144 1218 1172 οὗ
1237 1144 1415 1181 περιόψεσθαι
1431 1145 1502 1179 σφᾶς
1519 1142 1725 1178 ἀδικουμένους,
1749 1141 1794 1169 οἷα

1002 1192 1035 1228 δὴ
1060 1191 1254 1227 ὁμογνώμονας
1270 1191 1303 1218 τὰ
1321 1191 1361 1223 είς
1376 1191 1453 1218 Θεὸν.
1478 1189 1614 1225 Σεϐόχθης
1642 1189 1674 1224 δὴ
1699 1187 1747 1216 οὖν
1766 1189 1796 1215 έν

1004 1237 1123 1273 Πέρσαις
1145 1237 1274 1272 ἀγχίνους
1289 1245 1320 1263 τε
1341 1236 1400 1271 ἅμα
1423 1235 1471 1263 καὶ
1487 1235 1606 1270 νομίζων
1623 1234 1658 1261 τὰ
1677 1235 1743 1270 περὶ
1765 1234 1796 1261 τὸ

1004 1282 1082 1310 Θεῖον
1097 1283 1148 1310 οὐκ
1162 1282 1251 1314 ἄλλως
1264 1282 1280 1317 ἢ
1298 1281 1371 1309 καθὰ
1386 1281 1530 1317 νομίζουσι
1544 1281 1716 1316 Χριστιανοὶ,
1733 1281 1795 1306 επι-

1006 1328 1158 1365 μελέστατά
1177 1337 1236 1360 πως
1253 1328 1338 1354 ἐδεῖτο
1362 1327 1409 1354 τοῦ
1435 1326 1568 1362 βασιλέως
1586 1326 1730 1352 ’1ουστίνου
1757 1325 1797 1361 μὴ

1004 1375 1114 1410 κινῆσαι
1133 1383 1159 1402 τι
1172 1374 1225 1401 τῶν
1241 1374 1269 1400 ὲν
1286 1373 1390 1408 κόσμῳ,
1411 1374 1439 1399 ἐν
1459 1372 1497 1408 νῷ
1512 1381 1542 1399 τε
1561 1372 1584 1388 ⁸⁸
1599 1371 1729 1407 βαλέσθαι
1750 1372 1798 1398 τὸν

1005 1421 1133 1456 πόλεμον,
1151 1419 1237 1452 οὕτως
1249 1419 1347 1454 ἄδηλον
1364 1419 1482 1454 πρᾶγμα
1496 1420 1543 1445 καὶ
1560 1418 1620 1446 οὗτε
1640 1418 1685 1445 ἐπὶ
1705 1419 1798 1453 ῥητοῖς

1004 1467 1120 1495 εἰωθότα
1131 1467 1242 1502 χωρεῖν.
1269 1466 1325 1492 Καὶ
1344 1466 1385 1492 ὅτι
1412 1465 1454 1500 δὴ,
1475 1466 1532 1499 ετγε
1546 1464 1617 1491 οὕτω
1633 1464 1721 1499 τύχοι,
1747 1465 1798 1491 καὶ

166 1509 271 1542 orabat,
299 1517 331 1537 ne
346 1517 390 1542 ea,
419 1518 479 1545 qum
496 1517 525 1538 se
549 1511 618 1538 bene
645 1510 788 1544 haberent,
821 1516 951 1544 moveret,

1006 1512 1180 1549 κρατούντων
1202 1512 1357 1546 Ῥωμαίων,
1381 1512 1409 1544 ἐς
1423 1511 1582 1538 τούναντίον
1605 1511 1696 1542 αὐτοῖς
1721 1519 1800 1545 περι-

165 1561 194 1584 et
211 1560 239 1583 ut
254 1557 374 1584 animum
401 1556 552 1589 induceret,
580 1556 679 1584 bellum
702 1564 763 1585 esse
789 1564 846 1584 rem
877 1556 955 1584 valde

166 1603 299 1630 incertam
323 1609 410 1637 neque
427 1602 509 1630 certis
527 1602 630 1637 legibus
652 1602 745 1631 ﬂuere.
759 1602 835 1636 Quod
848 1601 871 1630 si
886 1602 955 1630 forte

166 1648 275 1676 fortuna
298 1649 477 1684 contingeret,
501 1653 531 1676 ut
552 1648 667 1676 Romani
696 1648 809 1677 victoria
833 1649 955 1684 potiren-

167 1699 222 1728 tur,
241 1695 327 1730 ipsam
352 1695 494 1723 victoriam
528 1694 645 1724 fortasse
672 1695 699 1724 in
713 1696 880 1724 contrarium
910 1703 956 1723 ca-

168 1748 272 1769 suram.
297 1741 405 1768 Etenim
430 1741 476 1776 qui
502 1740 646 1769 Persarum
677 1741 814 1776 regionem
833 1741 874 1770 vel
894 1741 957 1770 bre-

168 1787 281 1815 vissimo
310 1787 407 1816 itinere
435 1788 622 1823 cognoverint,
643 1795 689 1816 eos
714 1793 882 1822 compertum
907 1788 958 1816 ha-

165 1834 243 1867 bere,
266 1841 362 1862 omnes
386 1841 439 1862 non
462 1834 515 1862 alio
531 1834 585 1862 ritu
608 1834 778 1869 religionem.
804 1843 883 1869 quam
899 1835 957 1871 ipse

165 1881 249 1914 colat,
279 1881 368 1909 colere
385 1885 412 1909 et
434 1881 572 1916 amplecti.
593 1880 648 1909 Hos
670 1882 691 1908 si
711 1882 835 1910 occidere
858 1889 954 1910 susce-

168 1926 268 1961 perint,
293 1926 469 1954 nihilominus
495 1930 588 1961 postea
615 1927 695 1962 117
716 1926 794 1962 longe
816 1927 883 1962 ipsis
912 1927 956 1955 in-

167 1970 283 1999 feriores
303 1971 372 2000 fore.
397 1970 513 1999 Proinde
533 1970 631 2006 injuste
648 1978 694 1999 eos
715 1976 810 1999 contra
833 1972 957 2000 homines

168 2018 264 2046 eadem
298 2025 359 2046 cum
392 2017 557 2046 Christianis
581 2017 712 2052 religione
736 2021 844 2045 utentes
878 2024 957 2046 enses

168 2070 229 2091 esse
240 2063 395 2091 stricturos.
408 2063 457 2091 His
481 2067 536 2090 tam
557 2062 642 2098 aequis
657 2067 684 2090 et
700 2062 806 2091 lenibus
826 2063 959 2091 sermoni-

169 2110 220 2137 bus
233 2109 356 2138 Justinus
374 2110 485 2137 minime
498 2109 549 2137 sibi
566 2109 793 2145 acquiescendum
820 2109 960 2138 existima-

168 2156 219 2190 vit,
241 2156 289 2184 sed
304 2156 383 2189 dixit,
409 2155 518 2183 etiamsi
546 2162 629 2182 unum
660 2154 773 2188 digitum
796 2160 958 2190 apponeret,

1006 1558 1086 1594 σταίη
1102 1557 1137 1585 τὰ
1160 1558 1210 1594 τῆς
1232 1557 1319 1593 νίκης.
1343 1557 1477 1589 Ἑσιόντες
1493 1559 1547 1592 γὰρ
1572 1557 1600 1588 ἐς
1614 1557 1663 1591 τὴν
1681 1556 1798 1591 Περσῶν

1006 1605 1054 1632 καὶ
1080 1604 1127 1631 ἐπὶ
1151 1603 1317 1639 μικρότατον
1333 1604 1355 1619 ⁸⁷
1378 1603 1533 1638 ὁδοιπορίας
1546 1602 1703 1633 ἐλαύνοντες
1719 1602 1800 1637 εὑρή-

1008 1659 1101 1678 σουσιν
1117 1650 1241 1682 ἅπαντάς
1267 1658 1300 1684 γε
1317 1649 1404 1684 δήπου
1419 1649 1483 1684 περὶ
1499 1649 1528 1676 τὺ
1544 1649 1621 1675 Θεῖον
1635 1648 1685 1675 οὐκ
1699 1647 1797 1679 ἄλλως,

1006 1697 1079 1732 ἥπερ
1106 1695 1199 1729 αὐτὸν,
1225 1695 1429 1726 ἐσπουδακότας
1443 1703 1450 1709 ·
1470 1695 1518 1727 ὡς,
1541 1695 1598 1729 εῐγε
1617 1695 1719 1721 ἕλοιντο
1735 1694 1800 1725 τοὺς

1006 1742 1127 1769 τοιούσδε
1152 1741 1365 1773 ἀποκτιννύναι,
1399 1740 1477 1767 οὐδὲν
1501 1737 1582 1776 ἦττον
1610 1741 1688 1767 αὐτοὶ
1713 1739 1800 1766 πάλιν

1006 1790 1216 1825 ἡττηθήσονται.
1231 1787 1269 1814 Οὐ
1287 1787 1356 1822 δῆτα
1370 1784 1417 1813 οὖν
1429 1786 1518 1822 χρεὼν
1534 1786 1605 1812 κατὰ
1622 1785 1796 1822 Χριστιανῶν

1007 1836 1070 1867 τοὺς
1081 1833 1223 1870 ὁμοδόξους
1242 1832 1335 1868 θήγειν
1350 1833 1383 1858 τὰ
1395 1832 1471 1867 ξίφη.
1490 1831 1572 1858 Ἀλλὰ
1591 1831 1645 1866 γὰρ
1658 1832 1714 1862 τοῖς
1725 1830 1799 1857 οὕτω

1008 1881 1068 1908 λίαν
1083 1879 1195 1915 ὁμαλοῖς
1212 1887 1241 1905 τε
1258 1878 1306 1904 καὶ
1320 1877 1455 1904 ἐπιεικέσι
1480 1877 1569 1911 λόγοις
1594 1877 1735 1908 ’1ουστῐνος
1749 1876 1802 1902 οὐκ

1007 1927 1076 1962 ῷετο
1095 1925 1194 1961 χρῆναι
1209 1923 1321 1950 ἔσεσθαι
1348 1922 1498 1957 πειθήνιος.
1527 1922 1600 1957 Ἔφη
1617 1921 1656 1954 δὲ,
1676 1921 1725 1954 ὡς,
1743 1920 1802 1955 εἴγε

1009 1972 1147 2008 παραθείη
1161 1970 1292 1998 δάκτυλον
1309 1970 1368 2001 ἕνα.
1389 1968 1578 2004 κινηθήσεται,
1591 1968 1637 1995 καὶ
1647 1967 1685 2000 ὠς
1704 1968 1733 1999 ἐς
1753 1967 1803 2003 τὴν

1009 2017 1122 2054 Περσῶν
1150 2017 1251 2044 ὲλάσοι·
1276 2016 1387 2052 θαῤῥεϊν
1413 2023 1453 2046 τε,
1481 2014 1530 2047 ὡς,
1550 2014 1575 2040 εί
1595 2013 1665 2049 πρὸς
1682 2013 1803 2047 πόλεμον

1008 2065 1138 2100 ὁρμήσω,
1163 2062 1275 2090 καθελεῖ
1301 2070 1332 2088 τε
1360 2061 1486 2097 Χοσρόην
1511 2060 1558 2086 καὶ
1579 2060 1662 2091 οὗτος
1687 2059 1803 2094 βασιλέα

1009 2110 1195 2146 χειροτονήσοι
1212 2108 1344 2144 Πέρσαις.
1364 2106 1441 2134 Οὕτω
1456 2106 1546 2134 τοίνυν
1567 2105 1702 2140 ὑπερόρια
1716 2103 1804 2131 εἰπὼν

1010 2156 1160 2192 ἀπέπεμψε
1176 2155 1313 2190 Σεϐόχθην
1323 2154 1356 2182 ⁸⁸.

167 2211 198 2232 se
216 2203 415 2238 expeditimxem
445 2207 634 2236 suscepturum
667 2206 694 2229 et
724 2201 862 2230 Persidem
903 2203 1072 2231 invasurum.
1101 2202 1254 2236 Conﬁdere,
1274 2209 1314 2234 se,
1349 2201 1415 2235 sifin
1447 2199 1547 2228 bellum
1580 2198 1711 2233 eruperit,
1731 2198 1804 2225 Cho-

168 2257 261 2278 sroem
288 2250 322 2278 de
355 2249 444 2277 medio
468 2249 650 2283 sublaturum,
675 2254 703 2277 et
733 2257 822 2285 regem
842 2250 934 2279 Persis
970 2251 1108 2279 daturum.
1136 2249 1177 2277 Ad
1199 2249 1270 2277 hunc
1286 2248 1394 2276 modum
1421 2247 1567 2275 insolenter
1579 2246 1695 2276 locutus,
1717 2245 1803 2273 Sebo-

167 2297 278 2326 chtbem
305 2296 418 2324 missum
447 2294 521 2322 fecit.

204 2346 286 2381 118
298 2345 345 2373 21.
356 2345 400 2380 (Α.
410 2343 441 2372 C.
452 2343 514 2371 575.
525 2343 582 2370 Ind.
593 2343 620 2371 8.
630 2343 728 2371 Justini
741 2344 796 2379 ll.)
805 2344 871 2372 Cum
880 2344 961 2373 Justi-

1053 2343 1107 2371 κα’.
1134 2343 1196 2369 Ὀτι
1216 2341 1277 2369 ἐπεὶ
1297 2340 1438 2370 Ἰουστῖνος
1462 2338 1512 2370 τὰς
1535 2337 1636 2372 φρένας
1659 2335 1804 2371 παρεκόπη

169 2400 220 2420 nus
234 2391 333 2419 mentis
359 2389 701 2421 imbecillitatelaboraret,
716 2394 743 2417 et
755 2389 892 2417 Tiberium
905 2391 956 2418 rei-

167 2439 284 2475 publicae
319 2437 543 2465 administrandae
574 2437 749 2472 prafecisset,
787 2436 915 2465 Tiberius
931 2442 959 2465 et

170 2486 263 2521 regina
296 2484 393 2513 incerti
423 2488 511 2515 erant,
541 2483 606 2519 quid
623 2483 657 2511 de
678 2483 757 2511 rebus
780 2483 885 2511 bellicis
903 2488 960 2511 sta-

171 2536 287 2565 luerent;
317 2531 363 2559 sed
386 2530 581 2558 dubitationem
608 2529 709 2558 exemit
732 2529 875 2557 Persarum
900 2536 959 2562 rex,

170 2578 215 2612 qui
232 2577 362 2606 Jacobum
379 2577 495 2612 legatum
508 2576 541 2603 ad
559 2575 742 2603 Romanorum
767 2575 958 2611 imperatorem

170 2624 257 2652 misit.
275 2624 300 2652 ls
313 2622 421 2651 Persica
442 2622 522 2650 verba
545 2622 639 2650 (ἔκεισο
665 2622 818 2657 exprimere
837 2624 961 2649 noverat.

1015 2391 1062 2418 καὶ⁹
1076 2389 1203 2424 Τιϐέριον
1217 2387 1239 2403 ⁸⁸
1268 2385 1413 2419 ἀνεδέξατο
1427 2385 1449 2401 ⁸⁸
1467 2384 1580 2410 διοικεῖν
1593 2383 1643 2418 τῆς
1666 2381 1806 2413 πολιτείας

1013 2435 1047 2462 τὰ
1070 2435 1233 2470 πράγματα,
1250 2433 1277 2459 ὲν
1300 2431 1395 2466 ἀπόρῳ
1414 2427 1485 2470 ᾖσαν
1509 2428 1594 2459 αὑτός
1621 2435 1651 2454 τε
1676 2426 1805 2461 Τιϐέριος

1013 2481 1061 2508 καὶ
1125 2479 1230 2515 βασιλὶς
1257 2477 1342 2512 Σοφία
1358 2468 1432 2508 ὁπιιῖς
1457 2474 1593 2502 διάθοιντο
1607 2473 1642 2500 τὰ
1653 2473 1708 2500 τῶν
1724 2472 1805 2499 πολέ-

1015 2535 1084 2563 μων.
1122 2525 1204 2553 Ἀλλὰ
1222 2525 1277 2560 γὰρ
1299 2524 1378 2551 ἔλυσε
1395 2523 1425 2549 τὸ
1439 2522 1542 2557 ἄπορον
1558 2520 1633 2556 σφῶν
1650 2518 1778 2555 βασιλεὺς
1791 2518 1806 2544 ό

1015 2573 1128 2609 Περσῶν
1151 2573 1188 2605 ὡς
1213 2573 1258 2600 τὸν
1295 2569 1441 2606 Ῥωμαίων
1474 2567 1664 2603 αὐτοκράτορα
1697 2565 1806 2596 στείλας

1019 2618 1158 2651 Ἰάκωϐον,
1173 2618 1203 2650 ὃς
1215 2617 1249 2644 τὰ
1266 2615 1389 2652 Περσικὰ
1401 2615 1512 2650 ῥήματα.
1524 2614 1557 2648 τῇ
1580 2611 1712 2647 Ἑλληνίδι
1727 2611 1805 2646 φωνῇ

802 2710 919 2738 VARI/13
940 2709 1142 2738 LECTlONES.

207 2788 230 2804 "
248 2787 356 2820 πέπηγε
377 2784 423 2818 IL,
439 2785 554 2819 πέπειγε
570 2785 643 2820 vulg.
681 2785 705 2800 “
716 2793 744 2810 τε
761 2782 884 2820 ιιιΙιΙηΝη
911 2783 940 2820 51
952 2782 1122 2820 μακρότατον
1135 2780 1209 2820 conj.
1224 2779 1257 2820 N:
1299 2777 1322 2793 ⁸⁵
1340 2769 1804 2820 Ροῇινίτρεηιιξςιιφιέιξιξξξιῖξῗρζυῖὲξη

171 2823 226 2851 duo
248 2812 282 2850 6i
297 2812 457 2849 'Simoca'tta
483 2812 737 2854 petita,rctulcmma
764 2820 796 2846 ἐκ
813 2818 892 2854 τῆςβ
915 2812 1102 2854 βίϐλουξίιιιοιι
1123 2815 1157 2844 ad
1173 2812 1302 2843 cutttdcm
1327 2812 1454 2848 pertinet.

172 2859 194 2875 '°
209 2857 363 2889 ἁνεδείξατο
376 2855 449 2889 conj.
467 2855 500 2881 Ν.

1510 2809 1532 2826 θ’
1545 2805 1670 2843 Τιϐέριος
1683 2805 1756 2840 c0nj.
1775 2806 1806 2832 Β.
