  <div class='ocr_page' id='page_1' title='image "/cluster/home/n/w/nwhite01/storage/ocr_20150623/113/njp.32101077772968/466.png"; bbox 0 0 1951 3074; ppageno 0'>
   <div class='ocr_carea' id='block_1_1' title="bbox 102 131 166 164">
    <p class='ocr_par' dir='ltr' id='par_1_1' title="bbox 102 131 166 164">
     <span class='ocr_line' id='line_1_1' title="bbox 102 131 166 164; baseline 0 -1"><span class='ocrx_word' id='word_1_1' title='bbox 102 131 166 164; x_wconf 71' lang='grc'><strong>825</strong></span> 
     </span>
    </p>
   </div>
   <div class='ocr_carea' id='block_1_2' title="bbox 514 135 1346 173">
    <p class='ocr_par' dir='ltr' id='par_1_2' title="bbox 514 135 1346 173">
     <span class='ocr_line' id='line_1_2' title="bbox 514 135 1346 173; baseline 0.008 -7"><span class='ocrx_word' id='word_1_2' title='bbox 514 135 562 166; x_wconf 88' lang='lat' dir='ltr'><strong>DE</strong></span> <span class='ocrx_word' id='word_1_3' title='bbox 583 136 866 168; x_wconf 76' lang='lat' dir='ltr'><strong>LEGATIONIBUS</strong></span> <span class='ocrx_word' id='word_1_4' title='bbox 889 137 1068 169; x_wconf 84' lang='lat' dir='ltr'><strong>GENTIUM</strong></span> <span class='ocrx_word' id='word_1_5' title='bbox 1087 140 1137 171; x_wconf 82' lang='lat' dir='ltr'><strong>AD</strong></span> <span class='ocrx_word' id='word_1_6' title='bbox 1156 141 1346 173; x_wconf 74' lang='lat' dir='ltr'><strong>ROMANOS.</strong></span> 
     </span>
    </p>
   </div>
   <div class='ocr_carea' id='block_1_3' title="bbox 1686 144 1738 175">
    <p class='ocr_par' dir='ltr' id='par_1_3' title="bbox 1686 144 1738 175">
     <span class='ocr_line' id='line_1_3' title="bbox 1686 144 1738 175; baseline -0.019 0"><span class='ocrx_word' id='word_1_7' title='bbox 1686 144 1738 175; x_wconf 80' lang='lat'><strong>826</strong></span> 
     </span>
    </p>
   </div>
   <div class='ocr_carea' id='block_1_4' title="bbox 103 188 897 230">
    <p class='ocr_par' dir='ltr' id='par_1_4' title="bbox 103 188 897 226">
     <span class='ocr_line' id='line_1_4' title="bbox 103 188 897 226; baseline 0 -9"><span class='ocrx_word' id='word_1_8' title='bbox 103 189 311 226; x_wconf 78' lang='grc' dir='ltr'>διασαφηνίζειν</span> <span class='ocrx_word' id='word_1_9' title='bbox 337 188 480 223; x_wconf 74' lang='grc' dir='ltr'>ἠπίστατο.</span> <span class='ocrx_word' id='word_1_10' title='bbox 512 189 665 225; x_wconf 85' lang='grc' dir='ltr'>Συννοήσας</span> <span class='ocrx_word' id='word_1_11' title='bbox 693 191 758 226; x_wconf 82' lang='grc' dir='ltr'>γὰρ,</span> <span class='ocrx_word' id='word_1_12' title='bbox 787 191 825 223; x_wconf 77' lang='grc' dir='ltr'>ὡς</span> <span class='ocrx_word' id='word_1_13' title='bbox 857 192 897 223; x_wconf 78' lang='grc' dir='ltr'><strong>είς</strong></span> 
     </span>
    </p>
   </div>
   <div class='ocr_carea' id='block_1_5' title="bbox 950 188 1736 230">
    <p class='ocr_par' dir='ltr' id='par_1_5' title="bbox 950 192 1736 230">
     <span class='ocr_line' id='line_1_5' title="bbox 950 192 1736 230; baseline 0.006 -10"><span class='ocrx_word' id='word_1_14' title='bbox 950 192 1014 221; x_wconf 87' lang='lat' dir='ltr'><strong>Nam</strong></span> <span class='ocrx_word' id='word_1_15' title='bbox 1035 194 1177 222; x_wconf 81' lang='lat' dir='ltr'><strong>Persarum</strong></span> <span class='ocrx_word' id='word_1_16' title='bbox 1209 204 1267 230; x_wconf 77' lang='lat' dir='ltr'><strong>rex,</strong></span> <span class='ocrx_word' id='word_1_17' title='bbox 1293 197 1475 225; x_wconf 80' lang='lat' dir='ltr'><strong>Romanorum</strong></span> <span class='ocrx_word' id='word_1_18' title='bbox 1504 205 1547 225; x_wconf 86' lang='lat' dir='ltr'><strong>res</strong></span> <span class='ocrx_word' id='word_1_19' title='bbox 1571 197 1596 225; x_wconf 92' lang='lat' dir='ltr'><strong>in</strong></span> <span class='ocrx_word' id='word_1_20' title='bbox 1613 197 1736 225; x_wconf 84' lang='lat' dir='ltr'><strong>ultimum</strong></span> 
     </span>
    </p>
   </div>
   <div class='ocr_carea' id='block_1_6' title="bbox 106 235 897 272">
    <p class='ocr_par' dir='ltr' id='par_1_6' title="bbox 106 235 897 272">
     <span class='ocr_line' id='line_1_6' title="bbox 106 235 897 272; baseline 0.001 -9"><span class='ocrx_word' id='word_1_21' title='bbox 106 236 225 272; x_wconf 59' lang='grc' dir='ltr'>ξηατον</span> <span class='ocrx_word' id='word_1_22' title='bbox 240 236 288 263; x_wconf 81' lang='grc' dir='ltr'><strong>νῦν</strong></span> <span class='ocrx_word' id='word_1_23' title='bbox 302 236 324 252; x_wconf 85' lang='grc'><strong>⁹¹</strong></span> <span class='ocrx_word' id='word_1_24' title='bbox 341 235 449 266; x_wconf 78' lang='grc' dir='ltr'>ἐλπίδος</span> <span class='ocrx_word' id='word_1_25' title='bbox 463 236 488 261; x_wconf 73' lang='lat' dir='ltr'><strong>oi</strong></span> <span class='ocrx_word' id='word_1_26' title='bbox 508 235 639 270; x_wconf 85' lang='grc' dir='ltr'>Ῥωμαῖοι</span> <span class='ocrx_word' id='word_1_27' title='bbox 652 237 897 272; x_wconf 84' lang='grc' dir='ltr'>κατολισθήσαντες</span> 
     </span>
    </p>
   </div>
   <div class='ocr_carea' id='block_1_7' title="bbox 106 280 898 318">
    <p class='ocr_par' dir='ltr' id='par_1_7' title="bbox 106 280 898 318">
     <span class='ocr_line' id='line_1_7' title="bbox 106 280 898 318; baseline 0.001 -10"><span class='ocrx_word' id='word_1_28' title='bbox 106 281 221 317; x_wconf 77' lang='grc' dir='ltr'>ἥδιστον</span> <span class='ocrx_word' id='word_1_29' title='bbox 241 281 290 316; x_wconf 77' lang='grc' dir='ltr'>μὲν</span> <span class='ocrx_word' id='word_1_30' title='bbox 314 281 348 308; x_wconf 76' lang='grc' dir='ltr'>ἂν</span> <span class='ocrx_word' id='word_1_31' title='bbox 373 280 460 315; x_wconf 75' lang='grc' dir='ltr'>ἔχοιεν</span> <span class='ocrx_word' id='word_1_32' title='bbox 474 280 520 307; x_wconf 76' lang='grc' dir='ltr'><strong>ἐπὶ</strong></span> <span class='ocrx_word' id='word_1_33' title='bbox 536 283 596 313; x_wconf 84' lang='grc' dir='ltr'>ταῖς</span> <span class='ocrx_word' id='word_1_34' title='bbox 614 282 733 309; x_wconf 83' lang='grc' dir='ltr'>οίαισοῦν</span> <span class='ocrx_word' id='word_1_35' title='bbox 753 282 898 318; x_wconf 78' lang='grc' dir='ltr'>ξυνθὴκαις</span> 
     </span>
    </p>
   </div>
   <div class='ocr_carea' id='block_1_8' title="bbox 106 326 897 363">
    <p class='ocr_par' dir='ltr' id='par_1_8' title="bbox 106 326 897 363">
     <span class='ocr_line' id='line_1_8' title="bbox 106 326 897 363; baseline 0.001 -9"><span class='ocrx_word' id='word_1_36' title='bbox 106 327 236 354; x_wconf 84' lang='grc' dir='ltr'>διαλῦσαι</span> <span class='ocrx_word' id='word_1_37' title='bbox 247 326 293 353; x_wconf 86' lang='grc' dir='ltr'><strong>τδν</strong></span> <span class='ocrx_word' id='word_1_38' title='bbox 308 326 437 361; x_wconf 86' lang='grc' dir='ltr'>πόλεμον,</span> <span class='ocrx_word' id='word_1_39' title='bbox 453 326 483 353; x_wconf 85' lang='grc' dir='ltr'>οὐ</span> <span class='ocrx_word' id='word_1_40' title='bbox 497 326 550 362; x_wconf 84' lang='grc' dir='ltr'>μὴν</span> <span class='ocrx_word' id='word_1_41' title='bbox 564 327 701 363; x_wconf 77' lang='grc' dir='ltr'>θαρρῆσαι</span> <span class='ocrx_word' id='word_1_42' title='bbox 715 329 738 344; x_wconf 70' lang='grc'><strong>⁵⁸</strong></span> <span class='ocrx_word' id='word_1_43' title='bbox 749 328 897 363; x_wconf 83' lang='grc' dir='ltr'>πρεσϐείαν</span> 
     </span>
    </p>
   </div>
   <div class='ocr_carea' id='block_1_9' title="bbox 106 371 898 409">
    <p class='ocr_par' dir='ltr' id='par_1_9' title="bbox 106 371 898 409">
     <span class='ocr_line' id='line_1_9' title="bbox 106 371 898 409; baseline -0.003 -9"><span class='ocrx_word' id='word_1_44' title='bbox 106 373 172 400; x_wconf 76' lang='grc' dir='ltr'>τινὰ</span> <span class='ocrx_word' id='word_1_45' title='bbox 188 373 289 400; x_wconf 83' lang='grc' dir='ltr'>στεῖλαι</span> <span class='ocrx_word' id='word_1_46' title='bbox 304 373 347 399; x_wconf 81' lang='grc' dir='ltr'><strong>διὰ</strong></span> <span class='ocrx_word' id='word_1_47' title='bbox 365 373 396 399; x_wconf 82' lang='grc' dir='ltr'><strong>τὺ</strong></span> <span class='ocrx_word' id='word_1_48' title='bbox 411 373 460 399; x_wconf 82' lang='grc' dir='ltr'>οὐκ</span> <span class='ocrx_word' id='word_1_49' title='bbox 475 373 653 407; x_wconf 81' lang='grc' dir='ltr'>εὐπρόσωπον</span> <span class='ocrx_word' id='word_1_50' title='bbox 667 371 737 400; x_wconf 76' lang='grc' dir='ltr'>εἶναι</span> <span class='ocrx_word' id='word_1_51' title='bbox 751 374 798 401; x_wconf 80' lang='grc' dir='ltr'><strong>τὸν</strong></span> <span class='ocrx_word' id='word_1_52' title='bbox 813 374 898 409; x_wconf 74' lang='grc' dir='ltr'><strong>ἀρξά-</strong></span> 
     </span>
    </p>
   </div>
   <div class='ocr_carea' id='block_1_10' title="bbox 108 417 897 454">
    <p class='ocr_par' dir='ltr' id='par_1_10' title="bbox 108 417 897 454">
     <span class='ocr_line' id='line_1_10' title="bbox 108 417 897 454; baseline 0 -10"><span class='ocrx_word' id='word_1_53' title='bbox 108 426 193 453; x_wconf 86' lang='grc' dir='ltr'>μενον</span> <span class='ocrx_word' id='word_1_54' title='bbox 211 417 330 452; x_wconf 77' lang='grc' dir='ltr'>πολέμου</span> <span class='ocrx_word' id='word_1_55' title='bbox 345 417 521 452; x_wconf 81' lang='grc' dir='ltr'>ἀπάρξασθαι</span> <span class='ocrx_word' id='word_1_56' title='bbox 536 419 583 444; x_wconf 76' lang='grc' dir='ltr'><strong>καὶ</strong></span> <span class='ocrx_word' id='word_1_57' title='bbox 599 418 718 449; x_wconf 80' lang='grc' dir='ltr'><strong>ἱκετείας</strong></span> <span class='ocrx_word' id='word_1_58' title='bbox 730 426 737 434; x_wconf 88' lang='grc'>·</span> <span class='ocrx_word' id='word_1_59' title='bbox 762 419 897 454; x_wconf 64' lang='grc' dir='ltr'>προπετὴς</span> 
     </span>
    </p>
   </div>
   <div class='ocr_carea' id='block_1_11' title="bbox 106 463 895 500">
    <p class='ocr_par' dir='ltr' id='par_1_11' title="bbox 106 463 895 500">
     <span class='ocr_line' id='line_1_11' title="bbox 106 463 895 500; baseline 0.001 -10"><span class='ocrx_word' id='word_1_60' title='bbox 106 473 161 496; x_wconf 90' lang='grc' dir='ltr'><strong>σας</strong></span> <span class='ocrx_word' id='word_1_61' title='bbox 175 463 221 491; x_wconf 83' lang='grc' dir='ltr'>οὖν</span> <span class='ocrx_word' id='word_1_62' title='bbox 236 465 250 491; x_wconf 87' lang='grc' dir='ltr'><strong>ὁ</strong></span> <span class='ocrx_word' id='word_1_63' title='bbox 264 463 377 499; x_wconf 87' lang='grc' dir='ltr'>Περσῶν</span> <span class='ocrx_word' id='word_1_64' title='bbox 395 463 520 499; x_wconf 80' lang='grc' dir='ltr'>βασιλεὺς</span> <span class='ocrx_word' id='word_1_65' title='bbox 531 463 580 499; x_wconf 82' lang='grc' dir='ltr'><strong>τὴν</strong></span> <span class='ocrx_word' id='word_1_66' title='bbox 597 463 728 500; x_wconf 75' lang='grc' dir='ltr'><strong>αἰσχύνην</strong></span> <span class='ocrx_word' id='word_1_67' title='bbox 741 465 895 500; x_wconf 81' lang='grc' dir='ltr'><strong>προανεῖλε,</strong></span> 
     </span>
    </p>
   </div>
   <div class='ocr_carea' id='block_1_12' title="bbox 105 509 896 546">
    <p class='ocr_par' dir='ltr' id='par_1_12' title="bbox 105 509 896 546">
     <span class='ocr_line' id='line_1_12' title="bbox 105 509 896 546; baseline 0.001 -9"><span class='ocrx_word' id='word_1_68' title='bbox 105 510 158 537; x_wconf 70' lang='grc' dir='ltr'><strong>καὶ</strong></span> <span class='ocrx_word' id='word_1_69' title='bbox 186 510 225 545; x_wconf 86' lang='grc' dir='ltr'><strong>τῷ</strong></span> <span class='ocrx_word' id='word_1_70' title='bbox 252 510 434 545; x_wconf 78' lang='grc' dir='ltr'>κατεπτηχότι</span> <span class='ocrx_word' id='word_1_71' title='bbox 456 511 505 545; x_wconf 81' lang='grc' dir='ltr'>τῆς</span> <span class='ocrx_word' id='word_1_72' title='bbox 529 509 643 546; x_wconf 83' lang='grc' dir='ltr'><strong>γνώμης</strong></span> <span class='ocrx_word' id='word_1_73' title='bbox 664 510 753 537; x_wconf 82' lang='grc' dir='ltr'>αὐτῶν</span> <span class='ocrx_word' id='word_1_74' title='bbox 766 511 896 546; x_wconf 76' lang='grc' dir='ltr'>ἐπενόησε</span> 
     </span>
    </p>
   </div>
   <div class='ocr_carea' id='block_1_13' title="bbox 105 555 896 592">
    <p class='ocr_par' dir='ltr' id='par_1_13' title="bbox 105 555 896 592">
     <span class='ocr_line' id='line_1_13' title="bbox 105 555 896 592; baseline 0.004 -10"><span class='ocrx_word' id='word_1_75' title='bbox 105 556 258 592; x_wconf 79' lang='grc' dir='ltr'>πρόφασιν,</span> <span class='ocrx_word' id='word_1_76' title='bbox 276 556 313 588; x_wconf 87' lang='grc' dir='ltr'>ὡς</span> <span class='ocrx_word' id='word_1_77' title='bbox 328 555 361 583; x_wconf 82' lang='grc' dir='ltr'>ἂν</span> <span class='ocrx_word' id='word_1_78' title='bbox 376 555 480 583; x_wconf 73' lang='grc' dir='ltr'>ἔλθοιεν</span> <span class='ocrx_word' id='word_1_79' title='bbox 493 557 521 588; x_wconf 83' lang='grc' dir='ltr'>ὲς</span> <span class='ocrx_word' id='word_1_80' title='bbox 537 556 632 591; x_wconf 74' lang='grc' dir='ltr'>λόγους</span> <span class='ocrx_word' id='word_1_81' title='bbox 644 557 819 592; x_wconf 72' lang='grc' dir='ltr'><strong>αἰτησόμενοι</strong></span> <span class='ocrx_word' id='word_1_82' title='bbox 836 558 896 592; x_wconf 84' lang='grc' dir='ltr'>μεθ’</span> 
     </span>
    </p>
   </div>
   <div class='ocr_carea' id='block_1_14' title="bbox 107 601 897 638">
    <p class='ocr_par' dir='ltr' id='par_1_14' title="bbox 107 601 897 638">
     <span class='ocr_line' id='line_1_14' title="bbox 107 601 897 638; baseline 0.003 -10"><span class='ocrx_word' id='word_1_83' title='bbox 107 602 252 637; x_wconf 72' lang='grc' dir='ltr'><strong>ἱκετηρίας</strong></span> <span class='ocrx_word' id='word_1_84' title='bbox 271 602 394 637; x_wconf 76' lang='grc' dir='ltr'><strong>εἰρήνην.</strong></span> <span class='ocrx_word' id='word_1_85' title='bbox 423 601 532 628; x_wconf 86' lang='grc' dir='ltr'>Στέλλει</span> <span class='ocrx_word' id='word_1_86' title='bbox 553 602 643 628; x_wconf 82' lang='grc' dir='ltr'>τοίνυν</span> <span class='ocrx_word' id='word_1_87' title='bbox 661 602 799 634; x_wconf 86' lang='grc' dir='ltr'>Ἰάκωϐον,</span> <span class='ocrx_word' id='word_1_88' title='bbox 817 603 897 638; x_wconf 77' lang='grc' dir='ltr'>ἄμει-</span> 
     </span>
    </p>
   </div>
   <div class='ocr_carea' id='block_1_15' title="bbox 104 647 896 682">
    <p class='ocr_par' dir='ltr' id='par_1_15' title="bbox 104 647 896 682">
     <span class='ocr_line' id='line_1_15' title="bbox 104 647 896 682; baseline 0 -7"><span class='ocrx_word' id='word_1_89' title='bbox 104 648 154 675; x_wconf 80' lang='grc' dir='ltr'><strong>νόν</strong></span> <span class='ocrx_word' id='word_1_90' title='bbox 168 657 227 680; x_wconf 80' lang='grc' dir='ltr'><strong>πως</strong></span> <span class='ocrx_word' id='word_1_91' title='bbox 243 648 467 682; x_wconf 78' lang='grc' dir='ltr'>βουλευσάμενος,</span> <span class='ocrx_word' id='word_1_92' title='bbox 480 647 517 680; x_wconf 86' lang='grc' dir='ltr'><strong>ὡς</strong></span> <span class='ocrx_word' id='word_1_93' title='bbox 528 648 558 674; x_wconf 74' lang='grc' dir='ltr'>οὗ</span> <span class='ocrx_word' id='word_1_94' title='bbox 574 647 683 674; x_wconf 86' lang='grc' dir='ltr'>πώποτε</span> <span class='ocrx_word' id='word_1_95' title='bbox 696 648 729 675; x_wconf 81' lang='grc' dir='ltr'>ἂν</span> <span class='ocrx_word' id='word_1_96' title='bbox 740 648 896 675; x_wconf 84' lang='grc' dir='ltr'>εὐκλεέστε-</span> 
     </span>
    </p>
   </div>
   <div class='ocr_carea' id='block_1_16' title="bbox 108 690 895 728">
    <p class='ocr_par' dir='ltr' id='par_1_16' title="bbox 108 690 895 728">
     <span class='ocr_line' id='line_1_16' title="bbox 108 690 895 728; baseline 0.001 -9"><span class='ocrx_word' id='word_1_97' title='bbox 108 702 156 728; x_wconf 81' lang='grc' dir='ltr'><strong>ρον</strong></span> <span class='ocrx_word' id='word_1_98' title='bbox 169 693 272 728; x_wconf 83' lang='grc' dir='ltr'><strong>Πέρσαι</strong></span> <span class='ocrx_word' id='word_1_99' title='bbox 286 692 333 719; x_wconf 71' lang='grc' dir='ltr'><strong>τὸν</strong></span> <span class='ocrx_word' id='word_1_100' title='bbox 345 692 413 726; x_wconf 77' lang='grc' dir='ltr'>πρὸς</span> <span class='ocrx_word' id='word_1_101' title='bbox 432 691 585 727; x_wconf 81' lang='grc' dir='ltr'><strong>Ῥωμαίους</strong></span> <span class='ocrx_word' id='word_1_102' title='bbox 596 692 755 719; x_wconf 81' lang='grc' dir='ltr'>κατάθοιντο</span> <span class='ocrx_word' id='word_1_103' title='bbox 767 690 895 728; x_wconf 79' lang='grc' dir='ltr'>πόλεμον·</span> 
     </span>
    </p>
   </div>
   <div class='ocr_carea' id='block_1_17' title="bbox 105 737 897 774">
    <p class='ocr_par' dir='ltr' id='par_1_17' title="bbox 105 737 897 774">
     <span class='ocr_line' id='line_1_17' title="bbox 105 737 897 774; baseline 0 -9"><span class='ocrx_word' id='word_1_104' title='bbox 105 739 228 766; x_wconf 75' lang='grc' dir='ltr'>τοσαῦτα</span> <span class='ocrx_word' id='word_1_105' title='bbox 242 739 296 773; x_wconf 89' lang='grc' dir='ltr'>γὰρ</span> <span class='ocrx_word' id='word_1_106' title='bbox 312 737 439 765; x_wconf 76' lang='grc' dir='ltr'><strong>ἐνδώσειν</strong></span> <span class='ocrx_word' id='word_1_107' title='bbox 460 737 622 774; x_wconf 76' lang='grc' dir='ltr'><strong>Ῥωμαίους,</strong></span> <span class='ocrx_word' id='word_1_108' title='bbox 640 738 690 765; x_wconf 81' lang='grc' dir='ltr'>ὅσα</span> <span class='ocrx_word' id='word_1_109' title='bbox 701 738 734 765; x_wconf 83' lang='grc' dir='ltr'>ἂν</span> <span class='ocrx_word' id='word_1_110' title='bbox 748 738 897 773; x_wconf 76' lang='grc' dir='ltr'><strong>ἐθελήσωσι</strong></span> 
     </span>
    </p>
   </div>
   <div class='ocr_carea' id='block_1_18' title="bbox 108 783 898 820">
    <p class='ocr_par' dir='ltr' id='par_1_18' title="bbox 108 783 898 820">
     <span class='ocr_line' id='line_1_18' title="bbox 108 783 898 820; baseline 0.001 -10"><span class='ocrx_word' id='word_1_111' title='bbox 108 784 214 820; x_wconf 78' lang='grc' dir='ltr'><strong>Πέρσαι</strong></span> <span class='ocrx_word' id='word_1_112' title='bbox 241 783 329 811; x_wconf 84' lang='grc' dir='ltr'>αὐτοί.</span> <span class='ocrx_word' id='word_1_113' title='bbox 364 784 396 810; x_wconf 86' lang='grc' dir='ltr'><em>Ἦ</em></span> <span class='ocrx_word' id='word_1_114' title='bbox 418 784 447 810; x_wconf 73' lang='grc' dir='ltr'>δὲ</span> <span class='ocrx_word' id='word_1_115' title='bbox 475 784 602 811; x_wconf 83' lang='grc' dir='ltr'>σταλεῖσα</span> <span class='ocrx_word' id='word_1_116' title='bbox 628 785 697 820; x_wconf 65' lang='grc' dir='ltr'>πρὸς</span> <span class='ocrx_word' id='word_1_117' title='bbox 726 784 808 812; x_wconf 82' lang='grc' dir='ltr'>αὑτοῦ</span> <span class='ocrx_word' id='word_1_118' title='bbox 823 785 846 801; x_wconf 80' lang='grc'><em>³³</em></span> <span class='ocrx_word' id='word_1_119' title='bbox 859 785 898 816; x_wconf 88' lang='grc' dir='ltr'><strong>ὡς</strong></span> 
     </span>
    </p>
   </div>
   <div class='ocr_carea' id='block_1_19' title="bbox 113 828 896 866">
    <p class='ocr_par' dir='ltr' id='par_1_19' title="bbox 113 828 896 866">
     <span class='ocr_line' id='line_1_19' title="bbox 113 828 896 866; baseline 0 -10"><span class='ocrx_word' id='word_1_120' title='bbox 113 829 254 856; x_wconf 86' lang='grc' dir='ltr'>Ἰουστῖνον</span> <span class='ocrx_word' id='word_1_121' title='bbox 276 829 300 846; x_wconf 69' lang='grc' dir='ltr'><strong>’δ</strong></span> <span class='ocrx_word' id='word_1_122' title='bbox 325 829 453 865; x_wconf 73' lang='grc' dir='ltr'>ἐπιστολὴ</span> <span class='ocrx_word' id='word_1_123' title='bbox 482 829 544 856; x_wconf 75' lang='grc' dir='ltr'>οὒτε</span> <span class='ocrx_word' id='word_1_124' title='bbox 578 831 627 865; x_wconf 81' lang='grc' dir='ltr'><strong>τῆς</strong></span> <span class='ocrx_word' id='word_1_125' title='bbox 659 830 768 865; x_wconf 81' lang='grc' dir='ltr'>ἡλικίας</span> <span class='ocrx_word' id='word_1_126' title='bbox 791 828 826 866; x_wconf 90' lang='grc' dir='ltr'>ἦν</span> <span class='ocrx_word' id='word_1_127' title='bbox 850 830 896 857; x_wconf 80' lang='grc' dir='ltr'><strong>τοῦ</strong></span> 
     </span>
    </p>
   </div>
   <div class='ocr_carea' id='block_1_20' title="bbox 107 875 896 913">
    <p class='ocr_par' dir='ltr' id='par_1_20' title="bbox 107 875 896 913">
     <span class='ocr_line' id='line_1_20' title="bbox 107 875 896 913; baseline 0.003 -11"><span class='ocrx_word' id='word_1_128' title='bbox 107 877 223 911; x_wconf 87' lang='grc' dir='ltr'>Περσῶν</span> <span class='ocrx_word' id='word_1_129' title='bbox 240 876 382 911; x_wconf 82' lang='grc' dir='ltr'>βασιλέως,</span> <span class='ocrx_word' id='word_1_130' title='bbox 398 877 582 913; x_wconf 80' lang='grc' dir='ltr'><strong>μειρακιώδης</strong></span> <span class='ocrx_word' id='word_1_131' title='bbox 596 875 664 904; x_wconf 79' lang='grc' dir='ltr'>οὖσα</span> <span class='ocrx_word' id='word_1_132' title='bbox 673 877 821 910; x_wconf 80' lang='grc' dir='ltr'>παντοίως,</span> <span class='ocrx_word' id='word_1_133' title='bbox 834 877 896 904; x_wconf 80' lang='grc' dir='ltr'>οὔτε</span> 
     </span>
    </p>
   </div>
   <div class='ocr_carea' id='block_1_21' title="bbox 106 920 895 959">
    <p class='ocr_par' dir='ltr' id='par_1_21' title="bbox 106 920 895 959">
     <span class='ocr_line' id='line_1_21' title="bbox 106 920 895 959; baseline 0.004 -11"><span class='ocrx_word' id='word_1_134' title='bbox 106 921 137 949; x_wconf 79' lang='grc' dir='ltr'>δὲ</span> <span class='ocrx_word' id='word_1_135' title='bbox 147 921 226 949; x_wconf 78' lang='grc' dir='ltr'>ἄλλου</span> <span class='ocrx_word' id='word_1_136' title='bbox 238 921 320 954; x_wconf 82' lang='grc' dir='ltr'>τινὸς,</span> <span class='ocrx_word' id='word_1_137' title='bbox 328 920 415 957; x_wconf 72' lang='grc' dir='ltr'>οἴμαι,</span> <span class='ocrx_word' id='word_1_138' title='bbox 427 923 482 957; x_wconf 78' lang='grc' dir='ltr'>ὲμφ</span> <span class='ocrx_word' id='word_1_139' title='bbox 487 923 724 958; x_wconf 82' lang='grc' dir='ltr'>ρονεστάτου.Ἒτε</span> <span class='ocrx_word' id='word_1_140' title='bbox 729 932 775 959; x_wconf 89' lang='grc' dir='ltr'><strong>ρον</strong></span> <span class='ocrx_word' id='word_1_141' title='bbox 785 923 838 959; x_wconf 75' lang='grc' dir='ltr'><strong>γὰρ</strong></span> <span class='ocrx_word' id='word_1_142' title='bbox 851 924 895 951; x_wconf 81' lang='grc' dir='ltr'><strong>τὸν</strong></span> 
     </span>
    </p>
   </div>
   <div class='ocr_carea' id='block_1_22' title="bbox 108 967 894 1006">
    <p class='ocr_par' dir='ltr' id='par_1_22' title="bbox 108 967 894 1006">
     <span class='ocr_line' id='line_1_22' title="bbox 108 967 894 1006; baseline 0.004 -12"><span class='ocrx_word' id='word_1_143' title='bbox 108 968 249 995; x_wconf 80' lang='grc' dir='ltr'>ὁντιναοῦν</span> <span class='ocrx_word' id='word_1_144' title='bbox 265 967 499 1000; x_wconf 79' lang='grc' dir='ltr'>ἀπαυθαδίζεσθαι</span> <span class='ocrx_word' id='word_1_145' title='bbox 513 969 563 996; x_wconf 78' lang='grc' dir='ltr'><strong>οὐκ</strong></span> <span class='ocrx_word' id='word_1_146' title='bbox 578 969 631 996; x_wconf 81' lang='grc' dir='ltr'><strong>ἀπὸ</strong></span> <span class='ocrx_word' id='word_1_147' title='bbox 647 969 748 1005; x_wconf 83' lang='grc' dir='ltr'>τρόπου</span> <span class='ocrx_word' id='word_1_148' title='bbox 762 967 805 1006; x_wconf 72' lang='grc' dir='ltr'><strong>ἦν’</strong></span> <span class='ocrx_word' id='word_1_149' title='bbox 822 971 894 997; x_wconf 78' lang='grc' dir='ltr'><strong>ἐκεῖ·</strong></span> 
     </span>
    </p>
   </div>
   <div class='ocr_carea' id='block_1_23' title="bbox 106 1013 895 1051">
    <p class='ocr_par' dir='ltr' id='par_1_23' title="bbox 106 1013 895 1051">
     <span class='ocr_line' id='line_1_23' title="bbox 106 1013 895 1051; baseline 0.004 -11"><span class='ocrx_word' id='word_1_150' title='bbox 106 1022 153 1040; x_wconf 90' lang='grc' dir='ltr'><strong>νον</strong></span> <span class='ocrx_word' id='word_1_151' title='bbox 167 1013 257 1048; x_wconf 86' lang='grc' dir='ltr'>μέντοι</span> <span class='ocrx_word' id='word_1_152' title='bbox 275 1014 305 1040; x_wconf 77' lang='grc' dir='ltr'>οὺ</span> <span class='ocrx_word' id='word_1_153' title='bbox 325 1013 504 1049; x_wconf 80' lang='grc' dir='ltr'>βρενθύεσθαι</span> <span class='ocrx_word' id='word_1_154' title='bbox 527 1015 591 1046; x_wconf 74' lang='lat' dir='ltr'><strong>tam;</strong></span> <span class='ocrx_word' id='word_1_155' title='bbox 615 1016 717 1051; x_wconf 69' lang='grc' dir='ltr'>ἐχρῆν,</span> <span class='ocrx_word' id='word_1_156' title='bbox 739 1016 799 1042; x_wconf 78' lang='grc' dir='ltr'>οὐδὲ</span> <span class='ocrx_word' id='word_1_157' title='bbox 827 1016 895 1051; x_wconf 81' lang='grc' dir='ltr'>ὑψα-</span> 
     </span>
    </p>
   </div>
   <div class='ocr_carea' id='block_1_24' title="bbox 107 1058 894 1098">
    <p class='ocr_par' dir='ltr' id='par_1_24' title="bbox 107 1058 894 1098">
     <span class='ocr_line' id='line_1_24' title="bbox 107 1058 894 1098; baseline 0.006 -13"><span class='ocrx_word' id='word_1_158' title='bbox 107 1060 192 1095; x_wconf 80' lang='grc' dir='ltr'>γόραν</span> <span class='ocrx_word' id='word_1_159' title='bbox 217 1061 278 1086; x_wconf 78' lang='grc' dir='ltr'>τινὰ</span> <span class='ocrx_word' id='word_1_160' title='bbox 304 1058 375 1087; x_wconf 79' lang='grc' dir='ltr'>εῖναι</span> <span class='ocrx_word' id='word_1_161' title='bbox 402 1061 450 1088; x_wconf 77' lang='grc' dir='ltr'>καὶ</span> <span class='ocrx_word' id='word_1_162' title='bbox 474 1061 666 1098; x_wconf 77' lang='grc' dir='ltr'>ἀπειρόκαλον.</span> <span class='ocrx_word' id='word_1_163' title='bbox 699 1062 731 1089; x_wconf 82' lang='grc' dir='ltr'><strong><em>Ἦ</em></strong></span> <span class='ocrx_word' id='word_1_164' title='bbox 756 1063 811 1098; x_wconf 79' lang='grc' dir='ltr'>γὰρ</span> <span class='ocrx_word' id='word_1_165' title='bbox 835 1064 894 1090; x_wconf 79' lang='grc' dir='ltr'>ἑπι-</span> 
     </span>
    </p>
   </div>
   <div class='ocr_carea' id='block_1_25' title="bbox 109 1105 895 1143">
    <p class='ocr_par' dir='ltr' id='par_1_25' title="bbox 109 1105 895 1143">
     <span class='ocr_line' id='line_1_25' title="bbox 109 1105 895 1143; baseline 0.005 -12"><span class='ocrx_word' id='word_1_166' title='bbox 109 1106 190 1140; x_wconf 81' lang='grc' dir='ltr'>στολὴ</span> <span class='ocrx_word' id='word_1_167' title='bbox 212 1105 317 1140; x_wconf 85' lang='grc' dir='ltr'>ὕϐρεώς</span> <span class='ocrx_word' id='word_1_168' title='bbox 329 1106 352 1122; x_wconf 85' lang='grc'><strong>⁹¹</strong></span> <span class='ocrx_word' id='word_1_169' title='bbox 366 1115 395 1133; x_wconf 92' lang='grc' dir='ltr'><strong>τε</strong></span> <span class='ocrx_word' id='word_1_170' title='bbox 413 1106 498 1142; x_wconf 83' lang='grc' dir='ltr'>μεστὴ</span> <span class='ocrx_word' id='word_1_171' title='bbox 514 1107 561 1134; x_wconf 75' lang='grc' dir='ltr'>καὶ</span> <span class='ocrx_word' id='word_1_172' title='bbox 575 1107 730 1143; x_wconf 85' lang='grc' dir='ltr'>ὁνειδισμοῦ</span> <span class='ocrx_word' id='word_1_173' title='bbox 746 1109 792 1135; x_wconf 80' lang='grc' dir='ltr'><strong>καὶ</strong></span> <span class='ocrx_word' id='word_1_174' title='bbox 809 1117 895 1143; x_wconf 85' lang='grc' dir='ltr'>μεμε-</span> 
     </span>
    </p>
   </div>
   <div class='ocr_carea' id='block_1_26' title="bbox 107 1150 895 1189">
    <p class='ocr_par' dir='ltr' id='par_1_26' title="bbox 107 1150 895 1189">
     <span class='ocr_line' id='line_1_26' title="bbox 107 1150 895 1189; baseline 0.004 -12"><span class='ocrx_word' id='word_1_175' title='bbox 107 1150 250 1186; x_wconf 82' lang='grc' dir='ltr'>θυσμένων</span> <span class='ocrx_word' id='word_1_176' title='bbox 267 1152 398 1188; x_wconf 81' lang='grc' dir='ltr'><strong>ῥημάτων</strong></span> <span class='ocrx_word' id='word_1_177' title='bbox 419 1152 545 1188; x_wconf 65' lang='grc' dir='ltr'>ὑπῆρχε.</span> <span class='ocrx_word' id='word_1_178' title='bbox 578 1153 632 1180; x_wconf 78' lang='grc' dir='ltr'><strong>Καὶ</strong></span> <span class='ocrx_word' id='word_1_179' title='bbox 654 1154 670 1188; x_wconf 81' lang='grc' dir='ltr'>ἡ</span> <span class='ocrx_word' id='word_1_180' title='bbox 700 1153 749 1189; x_wconf 75' lang='grc' dir='ltr'>μὲν</span> <span class='ocrx_word' id='word_1_181' title='bbox 765 1154 895 1189; x_wconf 71' lang='grc' dir='ltr'>ἐπιστολὴ</span> 
     </span>
    </p>
   </div>
   <div class='ocr_carea' id='block_1_27' title="bbox 107 1196 896 1235">
    <p class='ocr_par' dir='ltr' id='par_1_27' title="bbox 107 1196 896 1235">
     <span class='ocr_line' id='line_1_27' title="bbox 107 1196 896 1235; baseline 0.004 -11"><span class='ocrx_word' id='word_1_182' title='bbox 107 1198 299 1233; x_wconf 79' lang='grc' dir='ltr'>ὑπερηφανίας</span> <span class='ocrx_word' id='word_1_183' title='bbox 323 1207 352 1226; x_wconf 87' lang='grc' dir='ltr'><strong>τε</strong></span> <span class='ocrx_word' id='word_1_184' title='bbox 373 1196 408 1234; x_wconf 79' lang='grc' dir='ltr'>ἦν</span> <span class='ocrx_word' id='word_1_185' title='bbox 427 1199 476 1226; x_wconf 78' lang='grc' dir='ltr'><strong>καὶ</strong></span> <span class='ocrx_word' id='word_1_186' title='bbox 509 1199 668 1232; x_wconf 77' lang='grc' dir='ltr'>ἀλαζονείας</span> <span class='ocrx_word' id='word_1_187' title='bbox 696 1200 817 1235; x_wconf 83' lang='grc' dir='ltr'>πλήρης·</span> <span class='ocrx_word' id='word_1_188' title='bbox 839 1201 896 1227; x_wconf 88' lang='grc' dir='ltr'>εἰσ-</span> 
     </span>
    </p>
   </div>
   <div class='ocr_carea' id='block_1_28' title="bbox 107 1243 896 1281">
    <p class='ocr_par' dir='ltr' id='par_1_28' title="bbox 107 1243 896 1281">
     <span class='ocr_line' id='line_1_28' title="bbox 107 1243 896 1281; baseline 0.003 -11"><span class='ocrx_word' id='word_1_189' title='bbox 107 1244 205 1278; x_wconf 82' lang='grc' dir='ltr'>άγεται</span> <span class='ocrx_word' id='word_1_190' title='bbox 217 1243 248 1278; x_wconf 65' lang='grc' dir='ltr'><strong>ξδ’</strong></span> <span class='ocrx_word' id='word_1_191' title='bbox 270 1243 316 1271; x_wconf 82' lang='grc' dir='ltr'>οὖν</span> <span class='ocrx_word' id='word_1_192' title='bbox 345 1244 482 1276; x_wconf 70' lang='grc' dir='ltr'>Ἰάκωϐος,</span> <span class='ocrx_word' id='word_1_193' title='bbox 501 1245 531 1272; x_wconf 88' lang='grc' dir='ltr'>οὺ</span> <span class='ocrx_word' id='word_1_194' title='bbox 551 1245 604 1281; x_wconf 80' lang='grc' dir='ltr'><strong>μὴν</strong></span> <span class='ocrx_word' id='word_1_195' title='bbox 619 1246 657 1277; x_wconf 81' lang='grc' dir='ltr'>ὡς</span> <span class='ocrx_word' id='word_1_196' title='bbox 675 1246 829 1279; x_wconf 77' lang='grc' dir='ltr'>’1ουστῐνον,</span> <span class='ocrx_word' id='word_1_197' title='bbox 848 1247 896 1273; x_wconf 76' lang='grc' dir='ltr'>ἅτε</span> 
     </span>
    </p>
   </div>
   <div class='ocr_carea' id='block_1_29' title="bbox 107 1289 896 1328">
    <p class='ocr_par' dir='ltr' id='par_1_29' title="bbox 107 1289 896 1328">
     <span class='ocr_line' id='line_1_29' title="bbox 107 1289 896 1328; baseline 0.008 -13"><span class='ocrx_word' id='word_1_198' title='bbox 107 1289 211 1325; x_wconf 85' lang='grc' dir='ltr'>νοσώδη</span> <span class='ocrx_word' id='word_1_199' title='bbox 227 1290 404 1325; x_wconf 79' lang='grc' dir='ltr'>τυγχάνοντα,</span> <span class='ocrx_word' id='word_1_200' title='bbox 419 1290 489 1318; x_wconf 83' lang='grc' dir='ltr'>ἀλλὰ</span> <span class='ocrx_word' id='word_1_201' title='bbox 503 1291 558 1328; x_wconf 82' lang='grc' dir='ltr'><strong>γὰρ</strong></span> <span class='ocrx_word' id='word_1_202' title='bbox 572 1292 610 1324; x_wconf 83' lang='grc' dir='ltr'>ὡς</span> <span class='ocrx_word' id='word_1_203' title='bbox 624 1293 673 1328; x_wconf 84' lang='grc' dir='ltr'>τὴν</span> <span class='ocrx_word' id='word_1_204' title='bbox 685 1293 819 1328; x_wconf 82' lang='grc' dir='ltr'>βασιλίδα,</span> <span class='ocrx_word' id='word_1_205' title='bbox 835 1295 896 1321; x_wconf 66' lang='grc' dir='ltr'>ἐπεὶ</span> 
     </span>
    </p>
   </div>
   <div class='ocr_carea' id='block_1_30' title="bbox 107 1334 895 1375">
    <p class='ocr_par' dir='ltr' id='par_1_30' title="bbox 107 1334 895 1375">
     <span class='ocr_line' id='line_1_30' title="bbox 107 1334 895 1375; baseline 0.005 -13"><span class='ocrx_word' id='word_1_206' title='bbox 107 1334 177 1370; x_wconf 81' lang='grc' dir='ltr'>αὐτὴ</span> <span class='ocrx_word' id='word_1_207' title='bbox 200 1335 247 1368; x_wconf 80' lang='grc' dir='ltr'><strong>ξὺν</strong></span> <span class='ocrx_word' id='word_1_208' title='bbox 273 1336 388 1372; x_wconf 88' lang='grc' dir='ltr'>Τιϐερίῳ</span> <span class='ocrx_word' id='word_1_209' title='bbox 402 1336 510 1364; x_wconf 81' lang='grc' dir='ltr'>ἃπαντα</span> <span class='ocrx_word' id='word_1_210' title='bbox 527 1338 672 1373; x_wconf 76' lang='grc' dir='ltr'>ἔπραττεν.</span> <span class='ocrx_word' id='word_1_211' title='bbox 696 1339 895 1375; x_wconf 81' lang='grc' dir='ltr'>’Δναλεξαμένη</span> 
     </span>
    </p>
   </div>
   <div class='ocr_carea' id='block_1_31' title="bbox 107 1381 897 1421">
    <p class='ocr_par' dir='ltr' id='par_1_31' title="bbox 107 1381 897 1421">
     <span class='ocr_line' id='line_1_31' title="bbox 107 1381 897 1421; baseline 0.005 -13"><span class='ocrx_word' id='word_1_212' title='bbox 107 1381 197 1409; x_wconf 85' lang='grc' dir='ltr'>τοίνυν</span> <span class='ocrx_word' id='word_1_213' title='bbox 222 1381 256 1409; x_wconf 81' lang='grc' dir='ltr'>τὰ</span> <span class='ocrx_word' id='word_1_214' title='bbox 283 1382 436 1418; x_wconf 84' lang='grc' dir='ltr'>γράμματα</span> <span class='ocrx_word' id='word_1_215' title='bbox 459 1384 642 1419; x_wconf 76' lang='grc' dir='ltr'>ὲπηγγείλατο</span> <span class='ocrx_word' id='word_1_216' title='bbox 658 1385 706 1411; x_wconf 80' lang='grc' dir='ltr'>καὶ</span> <span class='ocrx_word' id='word_1_217' title='bbox 729 1385 799 1421; x_wconf 85' lang='grc' dir='ltr'>αὐτὴ</span> <span class='ocrx_word' id='word_1_218' title='bbox 820 1386 897 1412; x_wconf 79' lang='grc' dir='ltr'>στέλο</span> 
     </span>
    </p>
   </div>
   <div class='ocr_carea' id='block_1_32' title="bbox 107 1429 896 1466">
    <p class='ocr_par' dir='ltr' id='par_1_32' title="bbox 107 1429 896 1466">
     <span class='ocr_line' id='line_1_32' title="bbox 107 1429 896 1466; baseline 0.004 -11"><span class='ocrx_word' id='word_1_219' title='bbox 107 1429 164 1456; x_wconf 88' lang='grc' dir='ltr'>λειν</span> <span class='ocrx_word' id='word_1_220' title='bbox 181 1429 205 1445; x_wconf 78' lang='grc'><strong>³⁸</strong></span> <span class='ocrx_word' id='word_1_221' title='bbox 220 1429 266 1456; x_wconf 77' lang='grc' dir='ltr'><strong>τὸν</strong></span> <span class='ocrx_word' id='word_1_222' title='bbox 279 1429 516 1464; x_wconf 73' lang='grc' dir='ltr'>τιρεσϐευσόμενον</span> <span class='ocrx_word' id='word_1_223' title='bbox 541 1430 578 1461; x_wconf 84' lang='grc' dir='ltr'>ὡς</span> <span class='ocrx_word' id='word_1_224' title='bbox 594 1430 705 1465; x_wconf 75' lang='grc' dir='ltr'>βασιλέα</span> <span class='ocrx_word' id='word_1_225' title='bbox 721 1432 835 1466; x_wconf 87' lang='grc' dir='ltr'>Περσῶν</span> <span class='ocrx_word' id='word_1_226' title='bbox 849 1432 896 1459; x_wconf 82' lang='grc' dir='ltr'><strong>καὶ</strong></span> 
     </span>
    </p>
   </div>
   <div class='ocr_carea' id='block_1_33' title="bbox 109 1475 894 1513">
    <p class='ocr_par' dir='ltr' id='par_1_33' title="bbox 109 1475 894 1513">
     <span class='ocr_line' id='line_1_33' title="bbox 109 1475 894 1513; baseline 0.005 -12"><span class='ocrx_word' id='word_1_227' title='bbox 109 1475 180 1510; x_wconf 81' lang='grc' dir='ltr'>ἀμφὶ</span> <span class='ocrx_word' id='word_1_228' title='bbox 203 1475 258 1501; x_wconf 84' lang='grc' dir='ltr'><strong>τῶν</strong></span> <span class='ocrx_word' id='word_1_229' title='bbox 279 1475 404 1502; x_wconf 78' lang='grc' dir='ltr'>ὁπωσοῦν</span> <span class='ocrx_word' id='word_1_230' title='bbox 427 1477 616 1511; x_wconf 83' lang='grc' dir='ltr'>κεκινημένων</span> <span class='ocrx_word' id='word_1_231' title='bbox 640 1477 894 1513; x_wconf 78' lang='grc' dir='ltr'>διαλεχθησόμενον.</span> 
     </span>
    </p>
   </div>
   <div class='ocr_carea' id='block_1_34' title="bbox 949 239 1737 277">
    <p class='ocr_par' dir='ltr' id='par_1_34' title="bbox 949 239 1737 277">
     <span class='ocr_line' id='line_1_34' title="bbox 949 239 1737 277; baseline 0.005 -12"><span class='ocrx_word' id='word_1_232' title='bbox 949 239 1091 267; x_wconf 79' lang='lat' dir='ltr'><strong>discrimen</strong></span> <span class='ocrx_word' id='word_1_233' title='bbox 1117 240 1246 269; x_wconf 89' lang='lat' dir='ltr'><strong>adductas</strong></span> <span class='ocrx_word' id='word_1_234' title='bbox 1266 248 1328 269; x_wconf 85' lang='lat' dir='ltr'><strong>esse</strong></span> <span class='ocrx_word' id='word_1_235' title='bbox 1347 247 1432 276; x_wconf 86' lang='lat' dir='ltr'><strong>ratus,</strong></span> <span class='ocrx_word' id='word_1_236' title='bbox 1456 246 1484 270; x_wconf 90' lang='lat' dir='ltr'><strong>et</strong></span> <span class='ocrx_word' id='word_1_237' title='bbox 1500 242 1566 270; x_wconf 84' lang='lat' dir='ltr'><strong>nihil</strong></span> <span class='ocrx_word' id='word_1_238' title='bbox 1588 242 1737 277; x_wconf 82' lang='lat' dir='ltr'><strong>jucundius</strong></span> 
     </span>
    </p>
   </div>
   <div class='ocr_carea' id='block_1_35' title="bbox 948 286 1736 323">
    <p class='ocr_par' dir='ltr' id='par_1_35' title="bbox 948 286 1736 323">
     <span class='ocr_line' id='line_1_35' title="bbox 948 286 1736 323; baseline 0.005 -13"><span class='ocrx_word' id='word_1_239' title='bbox 948 289 975 311; x_wconf 89' lang='lat' dir='ltr'><strong>et</strong></span> <span class='ocrx_word' id='word_1_240' title='bbox 996 286 1174 319; x_wconf 76' lang='lat' dir='ltr'><strong>opportunius</strong></span> <span class='ocrx_word' id='word_1_241' title='bbox 1196 287 1249 314; x_wconf 83' lang='lat' dir='ltr'><strong>illis</strong></span> <span class='ocrx_word' id='word_1_242' title='bbox 1271 287 1429 323; x_wconf 80' lang='lat' dir='ltr'><strong>contingere</strong></span> <span class='ocrx_word' id='word_1_243' title='bbox 1450 295 1540 322; x_wconf 86' lang='lat' dir='ltr'><strong>posse,</strong></span> <span class='ocrx_word' id='word_1_244' title='bbox 1567 295 1649 323; x_wconf 91' lang='lat' dir='ltr'><strong>quam</strong></span> <span class='ocrx_word' id='word_1_245' title='bbox 1675 287 1736 322; x_wconf 88' lang='lat' dir='ltr'><strong>qui-</strong></span> 
     </span>
    </p>
   </div>
   <div class='ocr_carea' id='block_1_36' title="bbox 948 330 1736 369">
    <p class='ocr_par' dir='ltr' id='par_1_36' title="bbox 948 330 1736 369">
     <span class='ocr_line' id='line_1_36' title="bbox 948 330 1736 369; baseline 0.003 -11"><span class='ocrx_word' id='word_1_246' title='bbox 948 330 1041 359; x_wconf 84' lang='lat' dir='ltr'><strong>busvis</strong></span> <span class='ocrx_word' id='word_1_247' title='bbox 1060 332 1261 361; x_wconf 89' lang='lat' dir='ltr'><strong>conditionibus</strong></span> <span class='ocrx_word' id='word_1_248' title='bbox 1286 333 1383 361; x_wconf 91' lang='lat' dir='ltr'><strong>bellum</strong></span> <span class='ocrx_word' id='word_1_249' title='bbox 1403 341 1468 369; x_wconf 88' lang='lat' dir='ltr'><strong>pace</strong></span> <span class='ocrx_word' id='word_1_250' title='bbox 1492 334 1580 367; x_wconf 88' lang='lat' dir='ltr'><strong>linire,</strong></span> <span class='ocrx_word' id='word_1_251' title='bbox 1603 334 1680 368; x_wconf 74' lang='lat' dir='ltr'><strong>cujus</strong></span> <span class='ocrx_word' id='word_1_252' title='bbox 1697 334 1736 360; x_wconf 90' lang='lat' dir='ltr'><strong>rei</strong></span> 
     </span>
    </p>
   </div>
   <div class='ocr_carea' id='block_1_37' title="bbox 947 377 1736 414">
    <p class='ocr_par' dir='ltr' id='par_1_37' title="bbox 947 377 1736 414">
     <span class='ocr_line' id='line_1_37' title="bbox 947 377 1736 414; baseline 0.005 -12"><span class='ocrx_word' id='word_1_253' title='bbox 947 377 1033 411; x_wconf 81' lang='lat' dir='ltr'><strong>gratia</strong></span> <span class='ocrx_word' id='word_1_254' title='bbox 1073 382 1161 405; x_wconf 90' lang='lat' dir='ltr'><strong>tamen</strong></span> <span class='ocrx_word' id='word_1_255' title='bbox 1190 386 1237 407; x_wconf 85' lang='lat' dir='ltr'><strong>eos</strong></span> <span class='ocrx_word' id='word_1_256' title='bbox 1270 379 1382 414; x_wconf 89' lang='lat' dir='ltr'><strong>puderet</strong></span> <span class='ocrx_word' id='word_1_257' title='bbox 1415 379 1576 413; x_wconf 84' lang='lat' dir='ltr'><strong>legationem</strong></span> <span class='ocrx_word' id='word_1_258' title='bbox 1617 379 1736 411; x_wconf 80' lang='lat' dir='ltr'><strong>mittere,</strong></span> 
     </span>
    </p>
   </div>
   <div class='ocr_carea' id='block_1_38' title="bbox 948 422 1736 459">
    <p class='ocr_par' dir='ltr' id='par_1_38' title="bbox 948 422 1736 459">
     <span class='ocr_line' id='line_1_38' title="bbox 948 422 1736 459; baseline 0.006 -12"><span class='ocrx_word' id='word_1_259' title='bbox 948 422 1020 456; x_wconf 90' lang='lat' dir='ltr'><strong>quod</strong></span> <span class='ocrx_word' id='word_1_260' title='bbox 1048 422 1204 451; x_wconf 88' lang='lat' dir='ltr'><strong>indecorum</strong></span> <span class='ocrx_word' id='word_1_261' title='bbox 1235 424 1434 456; x_wconf 72' lang='lat' dir='ltr'><strong>existimarent,</strong></span> <span class='ocrx_word' id='word_1_262' title='bbox 1461 431 1535 456; x_wconf 85' lang='lat' dir='ltr'><strong>eum,</strong></span> <span class='ocrx_word' id='word_1_263' title='bbox 1559 425 1604 459; x_wconf 84' lang='lat' dir='ltr'><strong>qui</strong></span> <span class='ocrx_word' id='word_1_264' title='bbox 1637 424 1736 452; x_wconf 89' lang='lat' dir='ltr'><strong>bellum</strong></span> 
     </span>
    </p>
   </div>
   <div class='ocr_carea' id='block_1_39' title="bbox 947 467 1737 505">
    <p class='ocr_par' dir='ltr' id='par_1_39' title="bbox 947 467 1737 505">
     <span class='ocr_line' id='line_1_39' title="bbox 947 467 1737 505; baseline 0.004 -11"><span class='ocrx_word' id='word_1_265' title='bbox 947 467 1119 502; x_wconf 80' lang='lat' dir='ltr'><strong>suscepisset,</strong></span> <span class='ocrx_word' id='word_1_266' title='bbox 1145 468 1251 496; x_wconf 90' lang='lat' dir='ltr'><strong>initium</strong></span> <span class='ocrx_word' id='word_1_267' title='bbox 1272 469 1440 505; x_wconf 84' lang='lat' dir='ltr'><strong>supplicandi</strong></span> <span class='ocrx_word' id='word_1_268' title='bbox 1465 469 1566 502; x_wconf 80' lang='lat' dir='ltr'><strong>facere,</strong></span> <span class='ocrx_word' id='word_1_269' title='bbox 1593 470 1665 497; x_wconf 91' lang='lat' dir='ltr'><strong>hunc</strong></span> <span class='ocrx_word' id='word_1_270' title='bbox 1688 477 1737 504; x_wconf 90' lang='lat' dir='ltr'><strong>pu-</strong></span> 
     </span>
    </p>
   </div>
   <div class='ocr_carea' id='block_1_40' title="bbox 947 513 1736 550">
    <p class='ocr_par' dir='ltr' id='par_1_40' title="bbox 947 513 1736 550">
     <span class='ocr_line' id='line_1_40' title="bbox 947 513 1736 550; baseline 0.004 -11"><span class='ocrx_word' id='word_1_271' title='bbox 947 513 1039 540; x_wconf 82' lang='lat' dir='ltr'><strong>dorem</strong></span> <span class='ocrx_word' id='word_1_272' title='bbox 1065 515 1255 548; x_wconf 63' lang='lat' dir='ltr'><strong>prmveniendo</strong></span> <span class='ocrx_word' id='word_1_273' title='bbox 1286 515 1405 543; x_wconf 84' lang='lat' dir='ltr'><strong>sustulit.</strong></span> <span class='ocrx_word' id='word_1_274' title='bbox 1434 515 1468 542; x_wconf 88' lang='lat' dir='ltr'><strong>Et</strong></span> <span class='ocrx_word' id='word_1_275' title='bbox 1508 515 1635 550; x_wconf 81' lang='lat' dir='ltr'><strong>quoniam</strong></span> <span class='ocrx_word' id='word_1_276' title='bbox 1669 522 1736 542; x_wconf 76' lang='lat' dir='ltr'><strong>con-</strong></span> 
     </span>
    </p>
   </div>
   <div class='ocr_carea' id='block_1_41' title="bbox 947 558 1735 593">
    <p class='ocr_par' dir='ltr' id='par_1_41' title="bbox 947 558 1735 593">
     <span class='ocr_line' id='line_1_41' title="bbox 947 558 1735 593; baseline 0.003 -9"><span class='ocrx_word' id='word_1_277' title='bbox 947 558 1061 585; x_wconf 86' lang='lat' dir='ltr'><strong>sternati</strong></span> <span class='ocrx_word' id='word_1_278' title='bbox 1104 559 1195 586; x_wconf 90' lang='lat' dir='ltr'><strong>animo</strong></span> <span class='ocrx_word' id='word_1_279' title='bbox 1223 564 1312 593; x_wconf 86' lang='lat' dir='ltr'><strong>erant,</strong></span> <span class='ocrx_word' id='word_1_280' title='bbox 1349 560 1483 587; x_wconf 84' lang='lat' dir='ltr'><strong>rationem</strong></span> <span class='ocrx_word' id='word_1_281' title='bbox 1515 566 1542 588; x_wconf 89' lang='lat' dir='ltr'><strong>et</strong></span> <span class='ocrx_word' id='word_1_282' title='bbox 1564 561 1735 588; x_wconf 80' lang='lat' dir='ltr'><strong>occasionem</strong></span> 
     </span>
    </p>
   </div>
   <div class='ocr_carea' id='block_1_42' title="bbox 948 605 1737 641">
    <p class='ocr_par' dir='ltr' id='par_1_42' title="bbox 948 605 1737 641">
     <span class='ocr_line' id='line_1_42' title="bbox 948 605 1737 641; baseline 0.001 -10"><span class='ocrx_word' id='word_1_283' title='bbox 948 605 1119 639; x_wconf 74' lang='lat' dir='ltr'><strong>excogitavit,</strong></span> <span class='ocrx_word' id='word_1_284' title='bbox 1144 610 1173 633; x_wconf 92' lang='lat' dir='ltr'><strong>ut</strong></span> <span class='ocrx_word' id='word_1_285' title='bbox 1190 613 1237 641; x_wconf 90' lang='lat' dir='ltr'><strong>per</strong></span> <span class='ocrx_word' id='word_1_286' title='bbox 1260 607 1378 641; x_wconf 87' lang='lat' dir='ltr'><strong>speciem</strong></span> <span class='ocrx_word' id='word_1_287' title='bbox 1406 606 1530 641; x_wconf 89' lang='lat' dir='ltr'><strong>colloquii</strong></span> <span class='ocrx_word' id='word_1_288' title='bbox 1554 613 1646 641; x_wconf 89' lang='lat' dir='ltr'><strong>pacem</strong></span> <span class='ocrx_word' id='word_1_289' title='bbox 1676 613 1737 640; x_wconf 87' lang='lat' dir='ltr'><strong>snp-</strong></span> 
     </span>
    </p>
   </div>
   <div class='ocr_carea' id='block_1_43' title="bbox 948 649 1737 687">
    <p class='ocr_par' dir='ltr' id='par_1_43' title="bbox 948 649 1737 687">
     <span class='ocr_line' id='line_1_43' title="bbox 948 649 1737 687; baseline 0.003 -10"><span class='ocrx_word' id='word_1_290' title='bbox 948 649 1032 684; x_wconf 88' lang='lat' dir='ltr'><strong>plices</strong></span> <span class='ocrx_word' id='word_1_291' title='bbox 1052 655 1173 678; x_wconf 80' lang='lat' dir='ltr'><strong>orarent.</strong></span> <span class='ocrx_word' id='word_1_292' title='bbox 1209 650 1302 687; x_wconf 88' lang='lat' dir='ltr'><strong>itaque</strong></span> <span class='ocrx_word' id='word_1_293' title='bbox 1343 653 1425 680; x_wconf 80' lang='lat' dir='ltr'><strong>mittit</strong></span> <span class='ocrx_word' id='word_1_294' title='bbox 1465 652 1606 686; x_wconf 72' lang='lat' dir='ltr'><strong>Iacobum,</strong></span> <span class='ocrx_word' id='word_1_295' title='bbox 1639 651 1737 680; x_wconf 89' lang='lat' dir='ltr'><strong>Persas</strong></span> 
     </span>
    </p>
   </div>
   <div class='ocr_carea' id='block_1_44' title="bbox 948 697 1736 733">
    <p class='ocr_par' dir='ltr' id='par_1_44' title="bbox 948 697 1736 733">
     <span class='ocr_line' id='line_1_44' title="bbox 948 697 1736 733; baseline 0.004 -11"><span class='ocrx_word' id='word_1_296' title='bbox 948 703 1085 730; x_wconf 86' lang='lat' dir='ltr'><strong>nunquam</strong></span> <span class='ocrx_word' id='word_1_297' title='bbox 1109 697 1253 732; x_wconf 78' lang='lat' dir='ltr'><strong>gloriosius</strong></span> <span class='ocrx_word' id='word_1_298' title='bbox 1267 699 1367 726; x_wconf 89' lang='lat' dir='ltr'><strong>bellum</strong></span> <span class='ocrx_word' id='word_1_299' title='bbox 1379 703 1474 727; x_wconf 87' lang='lat' dir='ltr'><strong>contra</strong></span> <span class='ocrx_word' id='word_1_300' title='bbox 1492 698 1629 726; x_wconf 82' lang='lat' dir='ltr'><strong>Romanos</strong></span> <span class='ocrx_word' id='word_1_301' title='bbox 1652 698 1736 733; x_wconf 91' lang='lat' dir='ltr'><strong>depo-</strong></span> 
     </span>
    </p>
   </div>
   <div class='ocr_carea' id='block_1_45' title="bbox 948 743 1736 780">
    <p class='ocr_par' dir='ltr' id='par_1_45' title="bbox 948 743 1736 780">
     <span class='ocr_line' id='line_1_45' title="bbox 948 743 1736 780; baseline 0.001 -12"><span class='ocrx_word' id='word_1_302' title='bbox 948 748 1014 769; x_wconf 86' lang='lat' dir='ltr'><strong>nere</strong></span> <span class='ocrx_word' id='word_1_303' title='bbox 1036 749 1115 777; x_wconf 87' lang='lat' dir='ltr'><strong>posse</strong></span> <span class='ocrx_word' id='word_1_304' title='bbox 1133 743 1304 776; x_wconf 82' lang='lat' dir='ltr'><strong>existimans,</strong></span> <span class='ocrx_word' id='word_1_305' title='bbox 1322 745 1387 780; x_wconf 85' lang='lat' dir='ltr'><strong>quia</strong></span> <span class='ocrx_word' id='word_1_306' title='bbox 1410 745 1524 772; x_wconf 82' lang='lat' dir='ltr'><strong>Romani</strong></span> <span class='ocrx_word' id='word_1_307' title='bbox 1549 745 1651 777; x_wconf 84' lang='lat' dir='ltr'><strong>omnia,</strong></span> <span class='ocrx_word' id='word_1_308' title='bbox 1675 750 1736 778; x_wconf 82' lang='lat' dir='ltr'><strong>quae</strong></span> 
     </span>
    </p>
   </div>
   <div class='ocr_carea' id='block_1_46' title="bbox 949 785 1738 823">
    <p class='ocr_par' dir='ltr' id='par_1_46' title="bbox 949 785 1738 823">
     <span class='ocr_line' id='line_1_46' title="bbox 949 785 1738 823; baseline 0.004 -11"><span class='ocrx_word' id='word_1_309' title='bbox 949 785 1040 814; x_wconf 69' lang='lat' dir='ltr'><strong>Persae</strong></span> <span class='ocrx_word' id='word_1_310' title='bbox 1067 786 1213 820; x_wconf 86' lang='lat' dir='ltr'><strong>voluerint,</strong></span> <span class='ocrx_word' id='word_1_311' title='bbox 1247 794 1338 817; x_wconf 87' lang='lat' dir='ltr'><strong>essent</strong></span> <span class='ocrx_word' id='word_1_312' title='bbox 1363 790 1533 817; x_wconf 82' lang='lat' dir='ltr'><strong>concessuri.</strong></span> <span class='ocrx_word' id='word_1_313' title='bbox 1567 789 1655 823; x_wconf 85' lang='lat' dir='ltr'><strong>Atque</strong></span> <span class='ocrx_word' id='word_1_314' title='bbox 1679 788 1738 816; x_wconf 68' lang='lat' dir='ltr'><strong>haec</strong></span> 
     </span>
    </p>
   </div>
   <div class='ocr_carea' id='block_1_47' title="bbox 950 831 1737 870">
    <p class='ocr_par' dir='ltr' id='par_1_47' title="bbox 950 831 1737 870">
     <span class='ocr_line' id='line_1_47' title="bbox 950 831 1737 870; baseline 0.008 -13"><span class='ocrx_word' id='word_1_315' title='bbox 950 831 1034 859; x_wconf 90' lang='lat' dir='ltr'><strong>missa</strong></span> <span class='ocrx_word' id='word_1_316' title='bbox 1061 839 1110 867; x_wconf 91' lang='lat' dir='ltr'><strong>per</strong></span> <span class='ocrx_word' id='word_1_317' title='bbox 1130 833 1260 861; x_wconf 65' lang='lat' dir='ltr'><strong>Iacobum</strong></span> <span class='ocrx_word' id='word_1_318' title='bbox 1288 835 1322 862; x_wconf 90' lang='lat' dir='ltr'><strong>ad</strong></span> <span class='ocrx_word' id='word_1_319' title='bbox 1343 834 1481 863; x_wconf 79' lang='lat' dir='ltr'><strong>Justinum</strong></span> <span class='ocrx_word' id='word_1_320' title='bbox 1508 835 1622 870; x_wconf 86' lang='lat' dir='ltr'><strong>epistola</strong></span> <span class='ocrx_word' id='word_1_321' title='bbox 1649 841 1737 869; x_wconf 80' lang='lat' dir='ltr'><strong>neque</strong></span> 
     </span>
    </p>
   </div>
   <div class='ocr_carea' id='block_1_48' title="bbox 947 876 1737 915">
    <p class='ocr_par' dir='ltr' id='par_1_48' title="bbox 947 876 1737 915">
     <span class='ocr_line' id='line_1_48' title="bbox 947 876 1737 915; baseline 0.004 -12"><span class='ocrx_word' id='word_1_322' title='bbox 947 876 1020 904; x_wconf 71' lang='lat' dir='ltr'><strong>aetati</strong></span> <span class='ocrx_word' id='word_1_323' title='bbox 1052 877 1124 913; x_wconf 87' lang='lat' dir='ltr'><strong>regis</strong></span> <span class='ocrx_word' id='word_1_324' title='bbox 1149 877 1294 911; x_wconf 59' lang='lat' dir='ltr'><strong>Pesarum</strong></span> <span class='ocrx_word' id='word_1_325' title='bbox 1335 880 1538 908; x_wconf 87' lang='lat' dir='ltr'><strong>accommodata</strong></span> <span class='ocrx_word' id='word_1_326' title='bbox 1567 884 1626 908; x_wconf 89' lang='lat' dir='ltr'><strong>erat</strong></span> <span class='ocrx_word' id='word_1_327' title='bbox 1662 880 1737 915; x_wconf 91' lang='lat' dir='ltr'><strong>(nam</strong></span> 
     </span>
    </p>
   </div>
   <div class='ocr_carea' id='block_1_49' title="bbox 946 922 1738 961">
    <p class='ocr_par' dir='ltr' id='par_1_49' title="bbox 946 922 1738 961">
     <span class='ocr_line' id='line_1_49' title="bbox 946 922 1738 961; baseline 0.004 -12"><span class='ocrx_word' id='word_1_328' title='bbox 946 922 1076 956; x_wconf 84' lang='lat' dir='ltr'><strong>puerilem</strong></span> <span class='ocrx_word' id='word_1_329' title='bbox 1094 923 1121 950; x_wconf 90' lang='lat' dir='ltr'><strong>in</strong></span> <span class='ocrx_word' id='word_1_330' title='bbox 1137 924 1246 952; x_wconf 90' lang='lat' dir='ltr'><strong>modum</strong></span> <span class='ocrx_word' id='word_1_331' title='bbox 1264 926 1416 960; x_wconf 85' lang='lat' dir='ltr'><strong>conscripta</strong></span> <span class='ocrx_word' id='word_1_332' title='bbox 1435 925 1516 961; x_wconf 77' lang='lat' dir='ltr'><strong>erat),</strong></span> <span class='ocrx_word' id='word_1_333' title='bbox 1549 931 1637 960; x_wconf 87' lang='lat' dir='ltr'><strong>neque</strong></span> <span class='ocrx_word' id='word_1_334' title='bbox 1669 925 1738 952; x_wconf 85' lang='lat' dir='ltr'><strong>alte-</strong></span> 
     </span>
    </p>
   </div>
   <div class='ocr_carea' id='block_1_50' title="bbox 947 969 1736 1008">
    <p class='ocr_par' dir='ltr' id='par_1_50' title="bbox 947 969 1736 1008">
     <span class='ocr_line' id='line_1_50' title="bbox 947 969 1736 1008; baseline 0.004 -13"><span class='ocrx_word' id='word_1_335' title='bbox 947 969 1014 1001; x_wconf 81' lang='lat' dir='ltr'><strong>rius,</strong></span> <span class='ocrx_word' id='word_1_336' title='bbox 1041 970 1149 1004; x_wconf 85' lang='lat' dir='ltr'><strong>opinor,</strong></span> <span class='ocrx_word' id='word_1_337' title='bbox 1177 970 1228 998; x_wconf 80' lang='lat' dir='ltr'><strong>viri</strong></span> <span class='ocrx_word' id='word_1_338' title='bbox 1251 972 1395 1005; x_wconf 81' lang='lat' dir='ltr'><strong>prudentia</strong></span> <span class='ocrx_word' id='word_1_339' title='bbox 1420 971 1526 1008; x_wconf 66' lang='lat' dir='ltr'><strong>prasditi</strong></span> <span class='ocrx_word' id='word_1_340' title='bbox 1557 972 1617 999; x_wconf 77' lang='lat' dir='ltr'><strong>fuit.</strong></span> <span class='ocrx_word' id='word_1_341' title='bbox 1646 972 1736 999; x_wconf 84' lang='lat' dir='ltr'><strong>Alium</strong></span> 
     </span>
    </p>
   </div>
   <div class='ocr_carea' id='block_1_51' title="bbox 946 1015 1737 1050">
    <p class='ocr_par' dir='ltr' id='par_1_51' title="bbox 946 1015 1737 1050">
     <span class='ocr_line' id='line_1_51' title="bbox 946 1015 1737 1050; baseline 0.004 -9"><span class='ocrx_word' id='word_1_342' title='bbox 946 1015 1018 1041; x_wconf 90' lang='lat' dir='ltr'><strong>enim</strong></span> <span class='ocrx_word' id='word_1_343' title='bbox 1047 1016 1200 1049; x_wconf 83' lang='lat' dir='ltr'><strong>quempiam</strong></span> <span class='ocrx_word' id='word_1_344' title='bbox 1235 1017 1395 1044; x_wconf 81' lang='lat' dir='ltr'><strong>insolentem</strong></span> <span class='ocrx_word' id='word_1_345' title='bbox 1433 1025 1504 1050; x_wconf 76' lang='lat' dir='ltr'><strong>esse,</strong></span> <span class='ocrx_word' id='word_1_346' title='bbox 1537 1026 1588 1046; x_wconf 90' lang='lat' dir='ltr'><strong>non</strong></span> <span class='ocrx_word' id='word_1_347' title='bbox 1618 1018 1737 1044; x_wconf 88' lang='lat' dir='ltr'><strong>alicnmn</strong></span> 
     </span>
    </p>
   </div>
   <div class='ocr_carea' id='block_1_52' title="bbox 946 1060 1739 1097">
    <p class='ocr_par' dir='ltr' id='par_1_52' title="bbox 946 1060 1739 1097">
     <span class='ocr_line' id='line_1_52' title="bbox 946 1060 1739 1097; baseline 0.004 -10"><span class='ocrx_word' id='word_1_348' title='bbox 946 1060 1053 1093; x_wconf 76' lang='lat' dir='ltr'><strong>fuisset,</strong></span> <span class='ocrx_word' id='word_1_349' title='bbox 1079 1061 1125 1088; x_wconf 91' lang='lat' dir='ltr'><strong>sed</strong></span> <span class='ocrx_word' id='word_1_350' title='bbox 1146 1061 1221 1089; x_wconf 93' lang='lat' dir='ltr'><strong>illum</strong></span> <span class='ocrx_word' id='word_1_351' title='bbox 1243 1062 1355 1089; x_wconf 85' lang='lat' dir='ltr'><strong>minime</strong></span> <span class='ocrx_word' id='word_1_352' title='bbox 1380 1063 1523 1097; x_wconf 88' lang='lat' dir='ltr'><strong>superbire</strong></span> <span class='ocrx_word' id='word_1_353' title='bbox 1545 1067 1592 1090; x_wconf 93' lang='lat' dir='ltr'><strong>aut</strong></span> <span class='ocrx_word' id='word_1_354' title='bbox 1609 1063 1739 1091; x_wconf 83' lang='lat' dir='ltr'><strong>audacius</strong></span> 
     </span>
    </p>
   </div>
   <div class='ocr_carea' id='block_1_53' title="bbox 947 1106 1738 1143">
    <p class='ocr_par' dir='ltr' id='par_1_53' title="bbox 947 1106 1738 1143">
     <span class='ocr_line' id='line_1_53' title="bbox 947 1106 1738 1143; baseline 0.004 -10"><span class='ocrx_word' id='word_1_355' title='bbox 947 1106 1019 1140; x_wconf 91' lang='lat' dir='ltr'><strong>loqui</strong></span> <span class='ocrx_word' id='word_1_356' title='bbox 1050 1106 1172 1134; x_wconf 81' lang='lat' dir='ltr'><strong>decebat.</strong></span> <span class='ocrx_word' id='word_1_357' title='bbox 1197 1107 1233 1134; x_wconf 81' lang='lat' dir='ltr'><strong>At</strong></span> <span class='ocrx_word' id='word_1_358' title='bbox 1260 1108 1375 1142; x_wconf 86' lang='lat' dir='ltr'><strong>epistola</strong></span> <span class='ocrx_word' id='word_1_359' title='bbox 1400 1108 1570 1136; x_wconf 71' lang='lat' dir='ltr'><strong>contumelia:</strong></span> <span class='ocrx_word' id='word_1_360' title='bbox 1592 1112 1619 1136; x_wconf 80' lang='lat' dir='ltr'><strong>et</strong></span> <span class='ocrx_word' id='word_1_361' title='bbox 1645 1109 1738 1143; x_wconf 88' lang='lat' dir='ltr'><strong>probri</strong></span> 
     </span>
    </p>
   </div>
   <div class='ocr_carea' id='block_1_54' title="bbox 946 1153 1738 1190">
    <p class='ocr_par' dir='ltr' id='par_1_54' title="bbox 946 1153 1738 1190">
     <span class='ocr_line' id='line_1_54' title="bbox 946 1153 1738 1190; baseline 0.004 -11"><span class='ocrx_word' id='word_1_362' title='bbox 946 1157 973 1179; x_wconf 91' lang='lat' dir='ltr'><strong>et</strong></span> <span class='ocrx_word' id='word_1_363' title='bbox 987 1153 1131 1180; x_wconf 83' lang='lat' dir='ltr'><strong>verborum</strong></span> <span class='ocrx_word' id='word_1_364' title='bbox 1148 1153 1322 1181; x_wconf 82' lang='lat' dir='ltr'><strong>insolentium</strong></span> <span class='ocrx_word' id='word_1_365' title='bbox 1338 1153 1415 1188; x_wconf 92' lang='lat' dir='ltr'><strong>plena</strong></span> <span class='ocrx_word' id='word_1_366' title='bbox 1429 1153 1488 1182; x_wconf 86' lang='lat' dir='ltr'><strong>l‘uit.</strong></span> <span class='ocrx_word' id='word_1_367' title='bbox 1510 1155 1603 1190; x_wconf 85' lang='lat' dir='ltr'><strong>Itaque</strong></span> <span class='ocrx_word' id='word_1_368' title='bbox 1627 1155 1738 1183; x_wconf 88' lang='lat' dir='ltr'><strong>etiamsi</strong></span> 
     </span>
    </p>
   </div>
   <div class='ocr_carea' id='block_1_55' title="bbox 946 1198 1737 1236">
    <p class='ocr_par' dir='ltr' id='par_1_55' title="bbox 946 1198 1737 1236">
     <span class='ocr_line' id='line_1_55' title="bbox 946 1198 1737 1236; baseline 0.004 -11"><span class='ocrx_word' id='word_1_369' title='bbox 946 1198 1058 1232; x_wconf 86' lang='lat' dir='ltr'><strong>epistola</strong></span> <span class='ocrx_word' id='word_1_370' title='bbox 1093 1198 1174 1234; x_wconf 80' lang='lat'><strong>119</strong></span> <span class='ocrx_word' id='word_1_371' title='bbox 1203 1199 1365 1234; x_wconf 54' lang='lat' dir='ltr'><strong>arrogantia}</strong></span> <span class='ocrx_word' id='word_1_372' title='bbox 1386 1205 1414 1227; x_wconf 85' lang='lat' dir='ltr'><strong>et</strong></span> <span class='ocrx_word' id='word_1_373' title='bbox 1450 1205 1621 1235; x_wconf 87' lang='lat' dir='ltr'><strong>contemptus</strong></span> <span class='ocrx_word' id='word_1_374' title='bbox 1660 1201 1737 1236; x_wconf 86' lang='lat' dir='ltr'><strong>plena</strong></span> 
     </span>
    </p>
   </div>
   <div class='ocr_carea' id='block_1_56' title="bbox 947 1245 1740 1282">
    <p class='ocr_par' dir='ltr' id='par_1_56' title="bbox 947 1245 1740 1282">
     <span class='ocr_line' id='line_1_56' title="bbox 947 1245 1740 1282; baseline 0.004 -11"><span class='ocrx_word' id='word_1_375' title='bbox 947 1248 1031 1277; x_wconf 82' lang='lat' dir='ltr'><strong>esset,</strong></span> <span class='ocrx_word' id='word_1_376' title='bbox 1064 1248 1154 1272; x_wconf 91' lang='lat' dir='ltr'><strong>tamen</strong></span> <span class='ocrx_word' id='word_1_377' title='bbox 1183 1245 1353 1273; x_wconf 90' lang='lat' dir='ltr'><strong>introductus</strong></span> <span class='ocrx_word' id='word_1_378' title='bbox 1378 1251 1419 1274; x_wconf 90' lang='lat' dir='ltr'><strong>est</strong></span> <span class='ocrx_word' id='word_1_379' title='bbox 1444 1245 1572 1279; x_wconf 80' lang='lat' dir='ltr'><strong>Jacobus,</strong></span> <span class='ocrx_word' id='word_1_380' title='bbox 1603 1254 1655 1274; x_wconf 92' lang='lat' dir='ltr'><strong>non</strong></span> <span class='ocrx_word' id='word_1_381' title='bbox 1677 1247 1740 1282; x_wconf 89' lang='lat' dir='ltr'><strong>qui-</strong></span> 
     </span>
    </p>
   </div>
   <div class='ocr_carea' id='block_1_57' title="bbox 946 1289 1737 1326">
    <p class='ocr_par' dir='ltr' id='par_1_57' title="bbox 946 1289 1737 1326">
     <span class='ocr_line' id='line_1_57' title="bbox 946 1289 1737 1326; baseline 0.003 -10"><span class='ocrx_word' id='word_1_382' title='bbox 946 1289 1009 1316; x_wconf 89' lang='lat' dir='ltr'><strong>dem</strong></span> <span class='ocrx_word' id='word_1_383' title='bbox 1031 1289 1065 1317; x_wconf 88' lang='lat' dir='ltr'><strong>ad</strong></span> <span class='ocrx_word' id='word_1_384' title='bbox 1079 1290 1226 1323; x_wconf 84' lang='lat' dir='ltr'><strong>Justinum,</strong></span> <span class='ocrx_word' id='word_1_385' title='bbox 1244 1291 1288 1325; x_wconf 90' lang='lat' dir='ltr'><strong>qui</strong></span> <span class='ocrx_word' id='word_1_386' title='bbox 1305 1291 1380 1326; x_wconf 82' lang='lat' dir='ltr'><strong>gravi</strong></span> <span class='ocrx_word' id='word_1_387' title='bbox 1407 1292 1501 1320; x_wconf 92' lang='lat' dir='ltr'><strong>morbo</strong></span> <span class='ocrx_word' id='word_1_388' title='bbox 1525 1292 1641 1320; x_wconf 86' lang='lat' dir='ltr'><strong>alllictus</strong></span> <span class='ocrx_word' id='word_1_389' title='bbox 1667 1298 1737 1324; x_wconf 86' lang='lat' dir='ltr'><strong>erat,</strong></span> 
     </span>
    </p>
   </div>
   <div class='ocr_carea' id='block_1_58' title="bbox 947 1336 1738 1373">
    <p class='ocr_par' dir='ltr' id='par_1_58' title="bbox 947 1336 1738 1373">
     <span class='ocr_line' id='line_1_58' title="bbox 947 1336 1738 1373; baseline 0.001 -10"><span class='ocrx_word' id='word_1_390' title='bbox 947 1336 994 1363; x_wconf 84' lang='lat' dir='ltr'><strong>sed</strong></span> <span class='ocrx_word' id='word_1_391' title='bbox 1008 1336 1041 1363; x_wconf 85' lang='lat' dir='ltr'><strong>ad</strong></span> <span class='ocrx_word' id='word_1_392' title='bbox 1059 1337 1192 1372; x_wconf 77' lang='lat' dir='ltr'><strong>reginam,</strong></span> <span class='ocrx_word' id='word_1_393' title='bbox 1214 1344 1275 1371; x_wconf 72' lang='lat' dir='ltr'><strong>qua:</strong></span> <span class='ocrx_word' id='word_1_394' title='bbox 1298 1337 1389 1364; x_wconf 90' lang='lat' dir='ltr'><strong>omnia</strong></span> <span class='ocrx_word' id='word_1_395' title='bbox 1415 1337 1521 1372; x_wconf 89' lang='lat' dir='ltr'><strong>imperii</strong></span> <span class='ocrx_word' id='word_1_396' title='bbox 1545 1338 1654 1373; x_wconf 83' lang='lat' dir='ltr'><strong>negotia</strong></span> <span class='ocrx_word' id='word_1_397' title='bbox 1676 1345 1738 1364; x_wconf 90' lang='lat' dir='ltr'><strong>cum</strong></span> 
     </span>
    </p>
   </div>
   <div class='ocr_carea' id='block_1_59' title="bbox 947 1381 1738 1418">
    <p class='ocr_par' dir='ltr' id='par_1_59' title="bbox 947 1381 1738 1418">
     <span class='ocr_line' id='line_1_59' title="bbox 947 1381 1738 1418; baseline 0.003 -10"><span class='ocrx_word' id='word_1_398' title='bbox 947 1381 1056 1409; x_wconf 82' lang='lat' dir='ltr'><strong>Tiberio</strong></span> <span class='ocrx_word' id='word_1_399' title='bbox 1068 1382 1190 1410; x_wconf 82' lang='lat' dir='ltr'><strong>curabat.</strong></span> <span class='ocrx_word' id='word_1_400' title='bbox 1216 1382 1295 1410; x_wconf 82' lang='lat' dir='ltr'><strong>Lecta</strong></span> <span class='ocrx_word' id='word_1_401' title='bbox 1320 1382 1444 1417; x_wconf 84' lang='lat' dir='ltr'><strong>epistola,</strong></span> <span class='ocrx_word' id='word_1_402' title='bbox 1470 1383 1560 1418; x_wconf 84' lang='lat' dir='ltr'><strong>regina</strong></span> <span class='ocrx_word' id='word_1_403' title='bbox 1588 1384 1738 1418; x_wconf 87' lang='lat' dir='ltr'><strong>respondit,</strong></span> 
     </span>
    </p>
   </div>
   <div class='ocr_carea' id='block_1_60' title="bbox 947 1427 1738 1464">
    <p class='ocr_par' dir='ltr' id='par_1_60' title="bbox 947 1427 1738 1464">
     <span class='ocr_line' id='line_1_60' title="bbox 947 1427 1738 1464; baseline 0.003 -10"><span class='ocrx_word' id='word_1_404' title='bbox 947 1434 976 1454; x_wconf 87' lang='lat' dir='ltr'><strong>se</strong></span> <span class='ocrx_word' id='word_1_405' title='bbox 991 1435 1098 1462; x_wconf 88' lang='lat' dir='ltr'><strong>quoque</strong></span> <span class='ocrx_word' id='word_1_406' title='bbox 1121 1428 1263 1455; x_wconf 88' lang='lat' dir='ltr'><strong>missuram</strong></span> <span class='ocrx_word' id='word_1_407' title='bbox 1288 1427 1408 1463; x_wconf 81' lang='lat' dir='ltr'><strong>legatum</strong></span> <span class='ocrx_word' id='word_1_408' title='bbox 1422 1429 1455 1456; x_wconf 92' lang='lat' dir='ltr'><strong>ad</strong></span> <span class='ocrx_word' id='word_1_409' title='bbox 1473 1435 1563 1464; x_wconf 88' lang='lat' dir='ltr'><strong>regem</strong></span> <span class='ocrx_word' id='word_1_410' title='bbox 1581 1428 1738 1461; x_wconf 80' lang='lat' dir='ltr'><strong>Persarum.</strong></span> 
     </span>
    </p>
   </div>
   <div class='ocr_carea' id='block_1_61' title="bbox 947 1474 1738 1509">
    <p class='ocr_par' dir='ltr' id='par_1_61' title="bbox 947 1474 1738 1509">
     <span class='ocr_line' id='line_1_61' title="bbox 947 1474 1738 1509; baseline 0.003 -9"><span class='ocrx_word' id='word_1_411' title='bbox 947 1474 991 1508; x_wconf 92' lang='lat' dir='ltr'><strong>qui</strong></span> <span class='ocrx_word' id='word_1_412' title='bbox 1012 1474 1045 1501; x_wconf 92' lang='lat' dir='ltr'><strong>de</strong></span> <span class='ocrx_word' id='word_1_413' title='bbox 1056 1474 1193 1506; x_wconf 90' lang='lat' dir='ltr'><strong>omnibus,</strong></span> <span class='ocrx_word' id='word_1_414' title='bbox 1209 1475 1242 1502; x_wconf 86' lang='lat' dir='ltr'><strong>de</strong></span> <span class='ocrx_word' id='word_1_415' title='bbox 1254 1474 1352 1509; x_wconf 85' lang='lat' dir='ltr'><strong>quibus</strong></span> <span class='ocrx_word' id='word_1_416' title='bbox 1368 1475 1438 1502; x_wconf 91' lang='lat' dir='ltr'><strong>inter</strong></span> <span class='ocrx_word' id='word_1_417' title='bbox 1454 1475 1528 1509; x_wconf 87' lang='lat' dir='ltr'><strong>ipsos</strong></span> <span class='ocrx_word' id='word_1_418' title='bbox 1552 1476 1738 1503; x_wconf 86' lang='lat' dir='ltr'><strong>controversia</strong></span> 
     </span>
    </p>
   </div>
   <div class='ocr_carea' id='block_1_62' title="bbox 109 1518 897 1557">
    <p class='ocr_par' dir='ltr' id='par_1_62' title="bbox 109 1518 895 1556">
     <span class='ocr_line' id='line_1_62' title="bbox 109 1518 895 1556; baseline 0.004 -10"><span class='ocrx_word' id='word_1_419' title='bbox 109 1520 254 1547; x_wconf 87' lang='grc' dir='ltr'>Στέλλεται</span> <span class='ocrx_word' id='word_1_420' title='bbox 268 1520 290 1547; x_wconf 84' lang='grc' dir='ltr'>δ’</span> <span class='ocrx_word' id='word_1_421' title='bbox 307 1518 353 1547; x_wconf 86' lang='grc' dir='ltr'>οὖν</span> <span class='ocrx_word' id='word_1_422' title='bbox 365 1521 512 1556; x_wconf 78' lang='grc' dir='ltr'>Ζαχαρίας,</span> <span class='ocrx_word' id='word_1_423' title='bbox 531 1522 561 1548; x_wconf 81' lang='grc' dir='ltr'>ὲν</span> <span class='ocrx_word' id='word_1_424' title='bbox 576 1522 633 1553; x_wconf 87' lang='grc' dir='ltr'>τοῖς</span> <span class='ocrx_word' id='word_1_425' title='bbox 651 1521 796 1556; x_wconf 82' lang='grc' dir='ltr'>βασιλείοις</span> <span class='ocrx_word' id='word_1_426' title='bbox 811 1531 895 1549; x_wconf 78' lang='grc' dir='ltr'>κατα-</span> 
     </span>
    </p>
   </div>
   <div class='ocr_carea' id='block_1_63' title="bbox 950 1518 1739 1557">
    <p class='ocr_par' dir='ltr' id='par_1_63' title="bbox 950 1519 1739 1555">
     <span class='ocr_line' id='line_1_63' title="bbox 950 1519 1739 1555; baseline 0.003 -9"><span class='ocrx_word' id='word_1_427' title='bbox 950 1524 1019 1546; x_wconf 91' lang='lat' dir='ltr'><strong>mota</strong></span> <span class='ocrx_word' id='word_1_428' title='bbox 1035 1524 1104 1552; x_wconf 85' lang='lat' dir='ltr'><strong>erat,</strong></span> <span class='ocrx_word' id='word_1_429' title='bbox 1130 1525 1233 1555; x_wconf 81' lang='lat' dir='ltr'><strong>ageret.</strong></span> <span class='ocrx_word' id='word_1_430' title='bbox 1257 1519 1352 1555; x_wconf 87' lang='lat' dir='ltr'><strong>Itaque</strong></span> <span class='ocrx_word' id='word_1_431' title='bbox 1379 1520 1498 1548; x_wconf 89' lang='lat' dir='ltr'><strong>mittitur</strong></span> <span class='ocrx_word' id='word_1_432' title='bbox 1522 1520 1669 1548; x_wconf 85' lang='lat' dir='ltr'><strong>Zacharias</strong></span> <span class='ocrx_word' id='word_1_433' title='bbox 1696 1521 1739 1547; x_wconf 88' lang='lat' dir='ltr'><strong>in-</strong></span> 
     </span>
    </p>
   </div>
   <div class='ocr_carea' id='block_1_64' title="bbox 109 1566 896 1604">
    <p class='ocr_par' dir='ltr' id='par_1_64' title="bbox 109 1566 896 1604">
     <span class='ocr_line' id='line_1_64' title="bbox 109 1566 896 1604; baseline 0.004 -12"><span class='ocrx_word' id='word_1_434' title='bbox 109 1566 273 1601; x_wconf 81' lang='grc' dir='ltr'>ταττὸμενος</span> <span class='ocrx_word' id='word_1_435' title='bbox 295 1567 409 1602; x_wconf 76' lang='grc' dir='ltr'>ἰατροῖς,</span> <span class='ocrx_word' id='word_1_436' title='bbox 426 1567 624 1604; x_wconf 74' lang='grc' dir='ltr'>ἐπιφερόμενος</span> <span class='ocrx_word' id='word_1_437' title='bbox 647 1568 765 1604; x_wconf 83' lang='grc' dir='ltr'>γράμμα</span> <span class='ocrx_word' id='word_1_438' title='bbox 791 1569 822 1595; x_wconf 83' lang='grc' dir='ltr'>ἐκ</span> <span class='ocrx_word' id='word_1_439' title='bbox 846 1569 896 1604; x_wconf 83' lang='grc' dir='ltr'><strong>τῆς</strong></span> 
     </span>
    </p>
   </div>
   <div class='ocr_carea' id='block_1_65' title="bbox 110 1613 254 1648">
    <p class='ocr_par' dir='ltr' id='par_1_65' title="bbox 110 1613 254 1648">
     <span class='ocr_line' id='line_1_65' title="bbox 110 1613 254 1648; baseline 0.007 -9"><span class='ocrx_word' id='word_1_440' title='bbox 110 1613 254 1648; x_wconf 83' lang='grc' dir='ltr'>βασιλίδος.</span> 
     </span>
    </p>
   </div>
   <div class='ocr_carea' id='block_1_66' title="bbox 145 1658 896 1696">
    <p class='ocr_par' dir='ltr' id='par_1_66' title="bbox 145 1658 896 1696">
     <span class='ocr_line' id='line_1_66' title="bbox 145 1658 896 1696; baseline 0.004 -11"><span class='ocrx_word' id='word_1_441' title='bbox 145 1658 197 1694; x_wconf 83' lang='grc' dir='ltr'><strong>κβ’.</strong></span> <span class='ocrx_word' id='word_1_442' title='bbox 219 1660 280 1686; x_wconf 89' lang='grc' dir='ltr'>Ὅτι</span> <span class='ocrx_word' id='word_1_443' title='bbox 295 1659 341 1686; x_wconf 70' lang='grc' dir='ltr'><strong>ἐπὶ</strong></span> <span class='ocrx_word' id='word_1_444' title='bbox 352 1659 478 1694; x_wconf 81' lang='grc' dir='ltr'>Τιϐερίου</span> <span class='ocrx_word' id='word_1_445' title='bbox 491 1660 629 1696; x_wconf 82' lang='grc' dir='ltr'>Καίσαρος</span> <span class='ocrx_word' id='word_1_446' title='bbox 641 1661 666 1687; x_wconf 88' lang='grc' dir='ltr'><strong>οἰ</strong></span> <span class='ocrx_word' id='word_1_447' title='bbox 681 1661 735 1688; x_wconf 85' lang='grc' dir='ltr'>τῶν</span> <span class='ocrx_word' id='word_1_448' title='bbox 753 1661 896 1696; x_wconf 81' lang='grc' dir='ltr'>Ῥωμαίων</span> 
     </span>
    </p>
   </div>
   <div class='ocr_carea' id='block_1_67' title="bbox 110 1705 897 1743">
    <p class='ocr_par' dir='ltr' id='par_1_67' title="bbox 110 1705 897 1743">
     <span class='ocr_line' id='line_1_67' title="bbox 110 1705 897 1743; baseline 0.004 -11"><span class='ocrx_word' id='word_1_449' title='bbox 110 1706 257 1741; x_wconf 79' lang='grc' dir='ltr'>στρατηγοί</span> <span class='ocrx_word' id='word_1_450' title='bbox 278 1705 404 1742; x_wconf 83' lang='grc' dir='ltr'>εἰσϐολὴν</span> <span class='ocrx_word' id='word_1_451' title='bbox 421 1707 450 1738; x_wconf 75' lang='grc' dir='ltr'>ἐς</span> <span class='ocrx_word' id='word_1_452' title='bbox 482 1706 626 1734; x_wconf 83' lang='grc' dir='ltr'>Ἀλϐανίαν</span> <span class='ocrx_word' id='word_1_453' title='bbox 643 1709 832 1743; x_wconf 85' lang='grc' dir='ltr'>ποιησάμενοι,</span> <span class='ocrx_word' id='word_1_454' title='bbox 850 1708 897 1735; x_wconf 77' lang='grc' dir='ltr'><strong>καὶ</strong></span> 
     </span>
    </p>
   </div>
   <div class='ocr_carea' id='block_1_68' title="bbox 109 1751 897 1789">
    <p class='ocr_par' dir='ltr' id='par_1_68' title="bbox 109 1751 897 1789">
     <span class='ocr_line' id='line_1_68' title="bbox 109 1751 897 1789; baseline 0.001 -10"><span class='ocrx_word' id='word_1_455' title='bbox 109 1753 230 1788; x_wconf 76' lang='grc' dir='ltr'>(μήρους</span> <span class='ocrx_word' id='word_1_456' title='bbox 246 1752 375 1784; x_wconf 86' lang='grc' dir='ltr'>λαϐόντες</span> <span class='ocrx_word' id='word_1_457' title='bbox 392 1752 530 1788; x_wconf 85' lang='grc' dir='ltr'>Σαϐείρων</span> <span class='ocrx_word' id='word_1_458' title='bbox 545 1754 593 1779; x_wconf 81' lang='grc' dir='ltr'><strong>καὶ</strong></span> <span class='ocrx_word' id='word_1_459' title='bbox 607 1753 695 1779; x_wconf 78' lang='grc' dir='ltr'>ἄλλων</span> <span class='ocrx_word' id='word_1_460' title='bbox 720 1753 814 1785; x_wconf 81' lang='grc' dir='ltr'>ὲθνῶν,</span> <span class='ocrx_word' id='word_1_461' title='bbox 829 1751 897 1789; x_wconf 75' lang='grc' dir='ltr'>ἦχον</span> 
     </span>
    </p>
   </div>
   <div class='ocr_carea' id='block_1_69' title="bbox 109 1797 898 1834">
    <p class='ocr_par' dir='ltr' id='par_1_69' title="bbox 109 1797 898 1834">
     <span class='ocr_line' id='line_1_69' title="bbox 109 1797 898 1834; baseline 0.001 -10"><span class='ocrx_word' id='word_1_462' title='bbox 109 1799 139 1830; x_wconf 81' lang='grc' dir='ltr'>ὲς</span> <span class='ocrx_word' id='word_1_463' title='bbox 162 1798 321 1830; x_wconf 77' lang='grc' dir='ltr'>Βυζάντιον.</span> <span class='ocrx_word' id='word_1_464' title='bbox 355 1797 554 1832; x_wconf 80' lang='grc' dir='ltr'>Ἀφικομένους</span> <span class='ocrx_word' id='word_1_465' title='bbox 576 1797 605 1824; x_wconf 80' lang='grc' dir='ltr'>δὲ</span> <span class='ocrx_word' id='word_1_466' title='bbox 621 1798 650 1824; x_wconf 81' lang='grc' dir='ltr'>ἐν</span> <span class='ocrx_word' id='word_1_467' title='bbox 671 1798 810 1834; x_wconf 78' lang='grc' dir='ltr'>Βυζαντίῳ</span> <span class='ocrx_word' id='word_1_468' title='bbox 835 1799 898 1830; x_wconf 82' lang='grc' dir='ltr'>τοὺς</span> 
     </span>
    </p>
   </div>
   <div class='ocr_carea' id='block_1_70' title="bbox 109 1843 899 1878">
    <p class='ocr_par' dir='ltr' id='par_1_70' title="bbox 109 1843 899 1878">
     <span class='ocr_line' id='line_1_70' title="bbox 109 1843 899 1878; baseline -0.001 -7"><span class='ocrx_word' id='word_1_469' title='bbox 109 1844 240 1878; x_wconf 78' lang='grc' dir='ltr'>πρέσϐεις</span> <span class='ocrx_word' id='word_1_470' title='bbox 253 1843 307 1870; x_wconf 81' lang='grc' dir='ltr'>τῶν</span> <span class='ocrx_word' id='word_1_471' title='bbox 324 1843 510 1870; x_wconf 81' lang='grc' dir='ltr'>ὲνδεδωκὸτων</span> <span class='ocrx_word' id='word_1_472' title='bbox 526 1844 640 1875; x_wconf 76' lang='grc' dir='ltr'>ἑαυτοὺς</span> <span class='ocrx_word' id='word_1_473' title='bbox 663 1843 784 1871; x_wconf 82' lang='grc' dir='ltr'>’Δλανῶν</span> <span class='ocrx_word' id='word_1_474' title='bbox 803 1852 834 1870; x_wconf 90' lang='grc' dir='ltr'><strong>τε</strong></span> <span class='ocrx_word' id='word_1_475' title='bbox 852 1844 899 1870; x_wconf 75' lang='grc' dir='ltr'><strong>καὶ</strong></span> 
     </span>
    </p>
   </div>
   <div class='ocr_carea' id='block_1_71' title="bbox 110 1889 898 1925">
    <p class='ocr_par' dir='ltr' id='par_1_71' title="bbox 110 1889 898 1925">
     <span class='ocr_line' id='line_1_71' title="bbox 110 1889 898 1925; baseline -0.001 -8"><span class='ocrx_word' id='word_1_476' title='bbox 110 1890 250 1925; x_wconf 80' lang='grc' dir='ltr'>Σαϐεἰρων</span> <span class='ocrx_word' id='word_1_477' title='bbox 279 1890 294 1916; x_wconf 85' lang='grc' dir='ltr'><strong>ὁ</strong></span> <span class='ocrx_word' id='word_1_478' title='bbox 316 1890 426 1924; x_wconf 84' lang='grc' dir='ltr'>Καῖσαρ</span> <span class='ocrx_word' id='word_1_479' title='bbox 449 1889 557 1924; x_wconf 84' lang='grc' dir='ltr'>δέχεται</span> <span class='ocrx_word' id='word_1_480' title='bbox 583 1890 713 1922; x_wconf 76' lang='grc' dir='ltr'>ἐπιεικῶς</span> <span class='ocrx_word' id='word_1_481' title='bbox 746 1891 793 1917; x_wconf 74' lang='grc' dir='ltr'>καὶ</span> <span class='ocrx_word' id='word_1_482' title='bbox 826 1891 898 1917; x_wconf 76' lang='grc' dir='ltr'>πάνυ</span> 
     </span>
    </p>
   </div>
   <div class='ocr_carea' id='block_1_72' title="bbox 110 1935 900 1972">
    <p class='ocr_par' dir='ltr' id='par_1_72' title="bbox 110 1935 900 1972">
     <span class='ocr_line' id='line_1_72' title="bbox 110 1935 900 1972; baseline -0.001 -9"><span class='ocrx_word' id='word_1_483' title='bbox 110 1935 330 1972; x_wconf 73' lang='grc' dir='ltr'>φιλανθρώπως*</span> <span class='ocrx_word' id='word_1_484' title='bbox 358 1935 511 1970; x_wconf 78' lang='grc' dir='ltr'>πυθόμενός</span> <span class='ocrx_word' id='word_1_485' title='bbox 545 1945 575 1962; x_wconf 87' lang='grc' dir='ltr'><strong>τε</strong></span> <span class='ocrx_word' id='word_1_486' title='bbox 601 1936 666 1971; x_wconf 83' lang='grc' dir='ltr'>παρ’</span> <span class='ocrx_word' id='word_1_487' title='bbox 693 1936 784 1963; x_wconf 77' lang='grc' dir='ltr'>αὐτῶν</span> <span class='ocrx_word' id='word_1_488' title='bbox 812 1937 900 1963; x_wconf 82' lang='grc' dir='ltr'>ὁπόσα</span> 
     </span>
    </p>
   </div>
   <div class='ocr_carea' id='block_1_73' title="bbox 110 1980 900 2017">
    <p class='ocr_par' dir='ltr' id='par_1_73' title="bbox 110 1980 900 2017">
     <span class='ocr_line' id='line_1_73' title="bbox 110 1980 900 2017; baseline 0.001 -10"><span class='ocrx_word' id='word_1_489' title='bbox 110 1982 237 2017; x_wconf 81' lang='grc' dir='ltr'>χρήματα</span> <span class='ocrx_word' id='word_1_490' title='bbox 251 1981 341 2012; x_wconf 79' lang='grc' dir='ltr'>αὐτοῖς</span> <span class='ocrx_word' id='word_1_491' title='bbox 352 1980 438 2007; x_wconf 76' lang='grc' dir='ltr'>ὲδίδου</span> <span class='ocrx_word' id='word_1_492' title='bbox 460 1981 474 2007; x_wconf 86' lang='grc' dir='ltr'><strong>ὁ</strong></span> <span class='ocrx_word' id='word_1_493' title='bbox 491 1980 603 2016; x_wconf 82' lang='grc' dir='ltr'>Περσῶν</span> <span class='ocrx_word' id='word_1_494' title='bbox 623 1980 761 2015; x_wconf 86' lang='grc' dir='ltr'>βασιλεὺς,</span> <span class='ocrx_word' id='word_1_495' title='bbox 775 1981 900 2013; x_wconf 80' lang='grc' dir='ltr'>δεδωκώς</span> 
     </span>
    </p>
   </div>
   <div class='ocr_carea' id='block_1_74' title="bbox 110 2025 900 2062">
    <p class='ocr_par' dir='ltr' id='par_1_74' title="bbox 110 2025 900 2062">
     <span class='ocr_line' id='line_1_74' title="bbox 110 2025 900 2062; baseline -0.001 -9"><span class='ocrx_word' id='word_1_496' title='bbox 110 2035 139 2053; x_wconf 84' lang='grc' dir='ltr'><strong>τε</strong></span> <span class='ocrx_word' id='word_1_497' title='bbox 163 2026 286 2059; x_wconf 77' lang='grc' dir='ltr'>ἐξουσίαν</span> <span class='ocrx_word' id='word_1_498' title='bbox 302 2026 325 2042; x_wconf 88' lang='lat'><strong><em>&quot;</em></strong></span> <span class='ocrx_word' id='word_1_499' title='bbox 341 2025 439 2060; x_wconf 84' lang='grc' dir='ltr'>σφίσιν</span> <span class='ocrx_word' id='word_1_500' title='bbox 453 2027 482 2057; x_wconf 83' lang='grc' dir='ltr'>ὲς</span> <span class='ocrx_word' id='word_1_501' title='bbox 505 2025 566 2052; x_wconf 81' lang='grc' dir='ltr'>ὅσον</span> <span class='ocrx_word' id='word_1_502' title='bbox 593 2025 740 2060; x_wconf 77' lang='grc' dir='ltr'>ἠϐούλοντο</span> <span class='ocrx_word' id='word_1_503' title='bbox 755 2025 852 2062; x_wconf 74' lang='grc' dir='ltr'>ἐξᾶραι</span> <span class='ocrx_word' id='word_1_504' title='bbox 867 2027 900 2062; x_wconf 84' lang='grc' dir='ltr'>τῇ</span> 
     </span>
    </p>
   </div>
   <div class='ocr_carea' id='block_1_75' title="bbox 110 2071 901 2107">
    <p class='ocr_par' dir='ltr' id='par_1_75' title="bbox 110 2071 901 2107">
     <span class='ocr_line' id='line_1_75' title="bbox 110 2071 901 2107; baseline -0.001 -9"><span class='ocrx_word' id='word_1_505' title='bbox 110 2071 271 2106; x_wconf 63' lang='grc' dir='ltr'>ψευδολογίᾳ</span> <span class='ocrx_word' id='word_1_506' title='bbox 287 2071 318 2097; x_wconf 79' lang='grc' dir='ltr'>τὸ</span> <span class='ocrx_word' id='word_1_507' title='bbox 334 2071 431 2106; x_wconf 84' lang='grc' dir='ltr'>χρῆμα</span> <span class='ocrx_word' id='word_1_508' title='bbox 443 2071 490 2098; x_wconf 77' lang='grc' dir='ltr'><strong>καὶ</strong></span> <span class='ocrx_word' id='word_1_509' title='bbox 504 2071 544 2106; x_wconf 82' lang='grc' dir='ltr'>τῷ</span> <span class='ocrx_word' id='word_1_510' title='bbox 555 2071 655 2107; x_wconf 80' lang='grc' dir='ltr'>κόμπῳ</span> <span class='ocrx_word' id='word_1_511' title='bbox 669 2071 785 2107; x_wconf 77' lang='grc' dir='ltr'>τάληθὲς</span> <span class='ocrx_word' id='word_1_512' title='bbox 804 2073 901 2098; x_wconf 75' lang='grc' dir='ltr'>ἐπικα-</span> 
     </span>
    </p>
   </div>
   <div class='ocr_carea' id='block_1_76' title="bbox 110 2117 900 2152">
    <p class='ocr_par' dir='ltr' id='par_1_76' title="bbox 110 2117 900 2152">
     <span class='ocr_line' id='line_1_76' title="bbox 110 2117 900 2152; baseline 0.001 -9"><span class='ocrx_word' id='word_1_513' title='bbox 110 2117 193 2152; x_wconf 79' lang='grc' dir='ltr'>λύψαι</span> <span class='ocrx_word' id='word_1_514' title='bbox 206 2136 214 2149; x_wconf 90' lang='lat'><strong>,</strong></span> <span class='ocrx_word' id='word_1_515' title='bbox 235 2126 244 2143; x_wconf 74' lang='grc' dir='ltr'><strong>ι</strong></span> <span class='ocrx_word' id='word_1_516' title='bbox 260 2117 394 2144; x_wconf 85' lang='grc' dir='ltr'>Διπλάσια</span> <span class='ocrx_word' id='word_1_517' title='bbox 422 2117 524 2143; x_wconf 78' lang='grc' dir='ltr'>τούτων</span> <span class='ocrx_word' id='word_1_518' title='bbox 544 2118 631 2152; x_wconf 79' lang='grc' dir='ltr'>ἔγωγε</span> <span class='ocrx_word' id='word_1_519' title='bbox 659 2118 780 2152; x_wconf 79' lang='grc' dir='ltr'>παρέξω,</span> <span class='ocrx_word' id='word_1_520' title='bbox 803 2127 812 2144; x_wconf 74' lang='grc' dir='ltr'><strong>ι</strong></span> <span class='ocrx_word' id='word_1_521' title='bbox 836 2117 900 2152; x_wconf 73' lang='grc' dir='ltr'>ἔφη,</span> 
     </span>
    </p>
   </div>
   <div class='ocr_carea' id='block_1_77' title="bbox 112 2160 898 2196">
    <p class='ocr_par' dir='ltr' id='par_1_77' title="bbox 112 2160 898 2196">
     <span class='ocr_line' id='line_1_77' title="bbox 112 2160 898 2196; baseline 0 -8"><span class='ocrx_word' id='word_1_522' title='bbox 112 2162 168 2193; x_wconf 85' lang='grc' dir='ltr'>τοῖς</span> <span class='ocrx_word' id='word_1_523' title='bbox 187 2170 217 2187; x_wconf 90' lang='grc' dir='ltr'><strong>τε</strong></span> <span class='ocrx_word' id='word_1_524' title='bbox 238 2161 267 2187; x_wconf 77' lang='grc' dir='ltr'>ὲν</span> <span class='ocrx_word' id='word_1_525' title='bbox 282 2161 354 2188; x_wconf 84' lang='grc' dir='ltr'>τέλει</span> <span class='ocrx_word' id='word_1_526' title='bbox 371 2160 459 2194; x_wconf 83' lang='grc' dir='ltr'>ὑμῶν,</span> <span class='ocrx_word' id='word_1_527' title='bbox 483 2161 550 2196; x_wconf 82' lang='grc' dir='ltr'>πρὸς</span> <span class='ocrx_word' id='word_1_528' title='bbox 560 2161 588 2187; x_wconf 81' lang='grc' dir='ltr'>δὲ</span> <span class='ocrx_word' id='word_1_529' title='bbox 598 2161 630 2196; x_wconf 83' lang='grc' dir='ltr'>δὴ</span> <span class='ocrx_word' id='word_1_530' title='bbox 643 2161 691 2188; x_wconf 79' lang='grc' dir='ltr'><strong>καὶ</strong></span> <span class='ocrx_word' id='word_1_531' title='bbox 702 2161 765 2196; x_wconf 84' lang='grc' dir='ltr'>ὑμῖν</span> <span class='ocrx_word' id='word_1_532' title='bbox 779 2162 879 2193; x_wconf 83' lang='grc' dir='ltr'>αὐτοῖς.</span> <span class='ocrx_word' id='word_1_533' title='bbox 889 2171 898 2188; x_wconf 76' lang='grc' dir='ltr'><strong>ι</strong></span> 
     </span>
    </p>
   </div>
   <div class='ocr_carea' id='block_1_78' title="bbox 117 2205 900 2242">
    <p class='ocr_par' dir='ltr' id='par_1_78' title="bbox 117 2205 900 2242">
     <span class='ocr_line' id='line_1_78' title="bbox 117 2205 900 2242; baseline 0.001 -9"><span class='ocrx_word' id='word_1_534' title='bbox 117 2207 179 2233; x_wconf 72' lang='grc' dir='ltr'><strong>Ἐπὶ</strong></span> <span class='ocrx_word' id='word_1_535' title='bbox 203 2206 309 2240; x_wconf 83' lang='grc' dir='ltr'>τούτοις</span> <span class='ocrx_word' id='word_1_536' title='bbox 331 2207 455 2242; x_wconf 77' lang='grc' dir='ltr'>ἥσθησάν</span> <span class='ocrx_word' id='word_1_537' title='bbox 471 2215 500 2233; x_wconf 85' lang='grc' dir='ltr'><strong>τε</strong></span> <span class='ocrx_word' id='word_1_538' title='bbox 520 2207 544 2233; x_wconf 79' lang='lat' dir='ltr'><strong>ot</strong></span> <span class='ocrx_word' id='word_1_539' title='bbox 559 2205 709 2242; x_wconf 79' lang='grc' dir='ltr'>Βάρϐαροι,</span> <span class='ocrx_word' id='word_1_540' title='bbox 725 2207 772 2234; x_wconf 68' lang='grc' dir='ltr'><strong>καὶ¹</strong></span> <span class='ocrx_word' id='word_1_541' title='bbox 791 2207 900 2234; x_wconf 79' lang='grc' dir='ltr'>ἐδόκουν</span> 
     </span>
    </p>
   </div>
   <div class='ocr_carea' id='block_1_79' title="bbox 111 2249 900 2288">
    <p class='ocr_par' dir='ltr' id='par_1_79' title="bbox 111 2249 900 2288">
     <span class='ocr_line' id='line_1_79' title="bbox 111 2249 900 2288; baseline 0 -9"><span class='ocrx_word' id='word_1_542' title='bbox 111 2252 190 2288; x_wconf 79' lang='grc' dir='ltr'>χάριν</span> <span class='ocrx_word' id='word_1_543' title='bbox 217 2252 316 2279; x_wconf 87' lang='grc' dir='ltr'>εἰδέναι</span> <span class='ocrx_word' id='word_1_544' title='bbox 340 2251 379 2287; x_wconf 86' lang='grc' dir='ltr'>τῷ</span> <span class='ocrx_word' id='word_1_545' title='bbox 399 2252 542 2287; x_wconf 82' lang='grc' dir='ltr'>Κρείττονι</span> <span class='ocrx_word' id='word_1_546' title='bbox 567 2252 625 2279; x_wconf 81' lang='grc' dir='ltr'>ἀνθ’</span> <span class='ocrx_word' id='word_1_547' title='bbox 642 2249 680 2278; x_wconf 83' lang='grc' dir='ltr'>ὦν</span> <span class='ocrx_word' id='word_1_548' title='bbox 700 2253 816 2287; x_wconf 84' lang='grc' dir='ltr'>ὑπήκοοι</span> <span class='ocrx_word' id='word_1_549' title='bbox 833 2252 900 2279; x_wconf 76' lang='grc' dir='ltr'><strong>Ῥω-</strong></span> 
     </span>
    </p>
   </div>
   <div class='ocr_carea' id='block_1_80' title="bbox 113 2300 899 2336">
    <p class='ocr_par' dir='ltr' id='par_1_80' title="bbox 113 2300 899 2336">
     <span class='ocr_line' id='line_1_80' title="bbox 113 2300 899 2336; baseline 0 -9"><span class='ocrx_word' id='word_1_550' title='bbox 113 2300 199 2336; x_wconf 81' lang='grc' dir='ltr'>μαίων</span> <span class='ocrx_word' id='word_1_551' title='bbox 216 2300 351 2335; x_wconf 79' lang='grc' dir='ltr'>ἐγένοντο.</span> <span class='ocrx_word' id='word_1_552' title='bbox 369 2300 503 2334; x_wconf 85' lang='grc' dir='ltr'>Ἤγγελον</span> <span class='ocrx_word' id='word_1_553' title='bbox 514 2300 554 2333; x_wconf 82' lang='grc' dir='ltr'>δὲ,</span> <span class='ocrx_word' id='word_1_554' title='bbox 567 2300 604 2332; x_wconf 88' lang='grc' dir='ltr'>ὠς</span> <span class='ocrx_word' id='word_1_555' title='bbox 616 2301 630 2327; x_wconf 92' lang='grc' dir='ltr'><strong>ὁ</strong></span> <span class='ocrx_word' id='word_1_556' title='bbox 651 2300 743 2335; x_wconf 78' lang='grc' dir='ltr'>’Δϐεἰρ</span> <span class='ocrx_word' id='word_1_557' title='bbox 755 2301 779 2316; x_wconf 85' lang='grc'><strong>⁹⁸</strong></span> <span class='ocrx_word' id='word_1_558' title='bbox 793 2300 899 2336; x_wconf 73' lang='grc' dir='ltr'>ἀπέστη</span> 
     </span>
    </p>
   </div>
   <div class='ocr_carea' id='block_1_81' title="bbox 111 2346 900 2383">
    <p class='ocr_par' dir='ltr' id='par_1_81' title="bbox 111 2346 900 2383">
     <span class='ocr_line' id='line_1_81' title="bbox 111 2346 900 2383; baseline -0.001 -9"><span class='ocrx_word' id='word_1_559' title='bbox 111 2347 159 2374; x_wconf 79' lang='grc' dir='ltr'><strong>οὐκ</strong></span> <span class='ocrx_word' id='word_1_560' title='bbox 183 2348 213 2380; x_wconf 75' lang='grc' dir='ltr'>ἐς</span> <span class='ocrx_word' id='word_1_561' title='bbox 238 2347 360 2383; x_wconf 85' lang='grc' dir='ltr'>μακρὰν,</span> <span class='ocrx_word' id='word_1_562' title='bbox 386 2347 465 2381; x_wconf 82' lang='grc' dir='ltr'>ὀλίγα</span> <span class='ocrx_word' id='word_1_563' title='bbox 482 2355 512 2373; x_wconf 83' lang='grc' dir='ltr'><strong>τε</strong></span> <span class='ocrx_word' id='word_1_564' title='bbox 537 2346 686 2382; x_wconf 84' lang='grc' dir='ltr'>φροντίσας</span> <span class='ocrx_word' id='word_1_565' title='bbox 709 2347 763 2374; x_wconf 86' lang='grc' dir='ltr'>τῶν</span> <span class='ocrx_word' id='word_1_566' title='bbox 787 2348 900 2383; x_wconf 81' lang='grc' dir='ltr'>ὁμήρων</span> 
     </span>
    </p>
   </div>
   <div class='ocr_carea' id='block_1_82' title="bbox 111 2390 900 2428">
    <p class='ocr_par' dir='ltr' id='par_1_82' title="bbox 111 2390 900 2428">
     <span class='ocr_line' id='line_1_82' title="bbox 111 2390 900 2428; baseline 0 -9"><span class='ocrx_word' id='word_1_567' title='bbox 111 2392 230 2428; x_wconf 70' lang='grc' dir='ltr'>Πὲρσαις</span> <span class='ocrx_word' id='word_1_568' title='bbox 253 2392 417 2428; x_wconf 78' lang='grc' dir='ltr'>προσετέθη.</span> <span class='ocrx_word' id='word_1_569' title='bbox 441 2393 502 2424; x_wconf 85' lang='grc' dir='ltr'>Τοῖς</span> <span class='ocrx_word' id='word_1_570' title='bbox 518 2393 567 2427; x_wconf 84' lang='grc' dir='ltr'>μὲν</span> <span class='ocrx_word' id='word_1_571' title='bbox 591 2390 638 2419; x_wconf 81' lang='grc' dir='ltr'>οὖν</span> <span class='ocrx_word' id='word_1_572' title='bbox 654 2393 802 2428; x_wconf 84' lang='grc' dir='ltr'>πρέσϐεσιν</span> <span class='ocrx_word' id='word_1_573' title='bbox 821 2391 900 2424; x_wconf 82' lang='grc' dir='ltr'>αὖθις</span> 
     </span>
    </p>
   </div>
   <div class='ocr_carea' id='block_1_83' title="bbox 111 2437 901 2474">
    <p class='ocr_par' dir='ltr' id='par_1_83' title="bbox 111 2437 901 2474">
     <span class='ocr_line' id='line_1_83' title="bbox 111 2437 901 2474; baseline 0.001 -10"><span class='ocrx_word' id='word_1_574' title='bbox 111 2439 140 2464; x_wconf 77' lang='grc' dir='ltr'>ὲν</span> <span class='ocrx_word' id='word_1_575' title='bbox 162 2438 292 2472; x_wconf 83' lang='grc' dir='ltr'>συνουσίᾳ</span> <span class='ocrx_word' id='word_1_576' title='bbox 317 2438 462 2472; x_wconf 84' lang='grc' dir='ltr'>γενόμενος</span> <span class='ocrx_word' id='word_1_577' title='bbox 486 2438 500 2463; x_wconf 85' lang='grc' dir='ltr'><strong>ὁ</strong></span> <span class='ocrx_word' id='word_1_578' title='bbox 522 2438 628 2473; x_wconf 78' lang='grc' dir='ltr'>Καῖσαρ</span> <span class='ocrx_word' id='word_1_579' title='bbox 652 2437 687 2464; x_wconf 87' lang='grc' dir='ltr'>τὰ</span> <span class='ocrx_word' id='word_1_580' title='bbox 712 2438 761 2464; x_wconf 80' lang='grc' dir='ltr'>ὅσα</span> <span class='ocrx_word' id='word_1_581' title='bbox 783 2438 901 2474; x_wconf 72' lang='grc' dir='ltr'>ἁρμόδια.</span> 
     </span>
    </p>
   </div>
   <div class='ocr_carea' id='block_1_84' title="bbox 111 2482 899 2520">
    <p class='ocr_par' dir='ltr' id='par_1_84' title="bbox 111 2482 899 2520">
     <span class='ocr_line' id='line_1_84' title="bbox 111 2482 899 2520; baseline 0.003 -12"><span class='ocrx_word' id='word_1_582' title='bbox 111 2482 254 2517; x_wconf 75' lang='grc' dir='ltr'>διελέχθη,</span> <span class='ocrx_word' id='word_1_583' title='bbox 281 2483 327 2509; x_wconf 75' lang='grc' dir='ltr'>καὶ</span> <span class='ocrx_word' id='word_1_584' title='bbox 350 2483 403 2518; x_wconf 79' lang='grc' dir='ltr'>ἔφη</span> <span class='ocrx_word' id='word_1_585' title='bbox 425 2482 488 2514; x_wconf 84' lang='grc' dir='ltr'>τούς</span> <span class='ocrx_word' id='word_1_586' title='bbox 515 2491 544 2509; x_wconf 89' lang='grc' dir='ltr'><strong>τε</strong></span> <span class='ocrx_word' id='word_1_587' title='bbox 571 2483 798 2519; x_wconf 84' lang='grc' dir='ltr'>προσχωροῦντας</span> <span class='ocrx_word' id='word_1_588' title='bbox 824 2484 899 2520; x_wconf 85' lang='grc' dir='ltr'>αὐτῷ</span> 
     </span>
    </p>
   </div>
   <div class='ocr_carea' id='block_1_85' title="bbox 112 2527 899 2565">
    <p class='ocr_par' dir='ltr' id='par_1_85' title="bbox 112 2527 899 2565">
     <span class='ocr_line' id='line_1_85' title="bbox 112 2527 899 2565; baseline 0.004 -11"><span class='ocrx_word' id='word_1_589' title='bbox 112 2527 202 2554; x_wconf 75' lang='grc' dir='ltr'>ἔχοντὶ</span> <span class='ocrx_word' id='word_1_590' title='bbox 216 2528 287 2563; x_wconf 85' lang='grc' dir='ltr'>μάλα</span> <span class='ocrx_word' id='word_1_591' title='bbox 298 2527 499 2562; x_wconf 75' lang='grc' dir='ltr'>εὐεργετήσειν,</span> <span class='ocrx_word' id='word_1_592' title='bbox 511 2529 573 2560; x_wconf 84' lang='grc' dir='ltr'>τοὺς</span> <span class='ocrx_word' id='word_1_593' title='bbox 585 2529 613 2555; x_wconf 87' lang='grc' dir='ltr'><strong>δέ</strong></span> <span class='ocrx_word' id='word_1_594' title='bbox 628 2537 659 2562; x_wconf 82' lang='grc' dir='ltr'><strong>γε</strong></span> <span class='ocrx_word' id='word_1_595' title='bbox 677 2529 707 2555; x_wconf 87' lang='grc' dir='ltr'>οὑ</span> <span class='ocrx_word' id='word_1_596' title='bbox 721 2529 899 2565; x_wconf 76' lang='grc' dir='ltr'>βουλομένους</span> 
     </span>
    </p>
   </div>
   <div class='ocr_carea' id='block_1_86' title="bbox 112 2573 897 2612">
    <p class='ocr_par' dir='ltr' id='par_1_86' title="bbox 112 2573 897 2612">
     <span class='ocr_line' id='line_1_86' title="bbox 112 2573 897 2612; baseline 0.005 -12"><span class='ocrx_word' id='word_1_597' title='bbox 112 2574 156 2600; x_wconf 76' lang='grc' dir='ltr'>κιί</span> <span class='ocrx_word' id='word_1_598' title='bbox 182 2574 297 2605; x_wconf 69' lang='grc' dir='ltr'>ἄκοντας</span> <span class='ocrx_word' id='word_1_599' title='bbox 320 2573 391 2607; x_wconf 71' lang='grc' dir='ltr'>ἕξειν</span> <span class='ocrx_word' id='word_1_600' title='bbox 417 2574 470 2600; x_wconf 70' lang='grc' dir='ltr'>ὑπὸ</span> <span class='ocrx_word' id='word_1_601' title='bbox 491 2574 540 2609; x_wconf 80' lang='grc' dir='ltr'>τὴν</span> <span class='ocrx_word' id='word_1_602' title='bbox 567 2574 651 2601; x_wconf 75' lang='grc' dir='ltr'>αὐτοῦ</span> <span class='ocrx_word' id='word_1_603' title='bbox 673 2577 752 2610; x_wconf 87' lang='grc' dir='ltr'>χεῖρα</span> <span class='ocrx_word' id='word_1_604' title='bbox 779 2576 825 2612; x_wconf 80' lang='grc' dir='ltr'><strong>βίᾳ</strong></span> <span class='ocrx_word' id='word_1_605' title='bbox 850 2577 897 2604; x_wconf 82' lang='grc' dir='ltr'><strong>καὶ</strong></span> 
     </span>
    </p>
   </div>
   <div class='ocr_carea' id='block_1_87' title="bbox 111 2620 233 2654">
    <p class='ocr_par' dir='ltr' id='par_1_87' title="bbox 111 2620 233 2654">
     <span class='ocr_line' id='line_1_87' title="bbox 111 2620 233 2654; baseline -0.008 -7"><span class='ocrx_word' id='word_1_606' title='bbox 111 2620 233 2654; x_wconf 77' lang='grc' dir='ltr'>δυνάμει.</span> 
     </span>
    </p>
   </div>
   <div class='ocr_carea' id='block_1_88' title="bbox 147 2665 901 2703">
    <p class='ocr_par' dir='ltr' id='par_1_88' title="bbox 147 2665 901 2703">
     <span class='ocr_line' id='line_1_88' title="bbox 147 2665 901 2703; baseline 0.004 -11"><span class='ocrx_word' id='word_1_607' title='bbox 147 2666 200 2701; x_wconf 86' lang='grc' dir='ltr'>κγ’.</span> <span class='ocrx_word' id='word_1_608' title='bbox 231 2666 292 2692; x_wconf 85' lang='grc' dir='ltr'>Ὅτι</span> <span class='ocrx_word' id='word_1_609' title='bbox 309 2665 364 2692; x_wconf 84' lang='grc' dir='ltr'><strong>τῶν</strong></span> <span class='ocrx_word' id='word_1_610' title='bbox 383 2665 543 2701; x_wconf 81' lang='grc' dir='ltr'>στρατηγῶν</span> <span class='ocrx_word' id='word_1_611' title='bbox 559 2665 696 2700; x_wconf 86' lang='grc' dir='ltr'>δῃούντων</span> <span class='ocrx_word' id='word_1_612' title='bbox 717 2666 766 2702; x_wconf 86' lang='grc' dir='ltr'>τὴν</span> <span class='ocrx_word' id='word_1_613' title='bbox 790 2667 901 2703; x_wconf 86' lang='grc' dir='ltr'>Περσῶν</span> 
     </span>
    </p>
   </div>
   <div class='ocr_carea' id='block_1_89' title="bbox 949 1566 1741 1603">
    <p class='ocr_par' dir='ltr' id='par_1_89' title="bbox 949 1566 1741 1603">
     <span class='ocr_line' id='line_1_89' title="bbox 949 1566 1741 1603; baseline 0.004 -11"><span class='ocrx_word' id='word_1_614' title='bbox 949 1570 990 1593; x_wconf 87' lang='lat' dir='ltr'><strong>ter</strong></span> <span class='ocrx_word' id='word_1_615' title='bbox 1019 1566 1192 1601; x_wconf 89' lang='lat' dir='ltr'><strong>imperatoris</strong></span> <span class='ocrx_word' id='word_1_616' title='bbox 1237 1567 1357 1595; x_wconf 86' lang='lat' dir='ltr'><strong>medicos</strong></span> <span class='ocrx_word' id='word_1_617' title='bbox 1395 1567 1541 1603; x_wconf 85' lang='lat' dir='ltr'><strong>ascriptus,</strong></span> <span class='ocrx_word' id='word_1_618' title='bbox 1586 1568 1632 1603; x_wconf 89' lang='lat' dir='ltr'><strong>qui</strong></span> <span class='ocrx_word' id='word_1_619' title='bbox 1678 1567 1741 1595; x_wconf 91' lang='lat' dir='ltr'><strong>tulit</strong></span> 
     </span>
    </p>
   </div>
   <div class='ocr_carea' id='block_1_90' title="bbox 947 1611 1180 1647">
    <p class='ocr_par' dir='ltr' id='par_1_90' title="bbox 947 1611 1180 1647">
     <span class='ocr_line' id='line_1_90' title="bbox 947 1611 1180 1647; baseline 0.009 -9"><span class='ocrx_word' id='word_1_620' title='bbox 947 1611 1053 1639; x_wconf 86' lang='lat' dir='ltr'><strong>litteras</strong></span> <span class='ocrx_word' id='word_1_621' title='bbox 1070 1613 1180 1647; x_wconf 72' lang='lat' dir='ltr'><strong>reginae.</strong></span> 
     </span>
    </p>
   </div>
   <div class='ocr_carea' id='block_1_91' title="bbox 982 1658 1741 1695">
    <p class='ocr_par' dir='ltr' id='par_1_91' title="bbox 982 1658 1741 1695">
     <span class='ocr_line' id='line_1_91' title="bbox 982 1658 1741 1695; baseline 0.003 -10"><span class='ocrx_word' id='word_1_622' title='bbox 982 1658 1027 1686; x_wconf 77' lang='lat'><strong>22.</strong></span> <span class='ocrx_word' id='word_1_623' title='bbox 1043 1658 1085 1694; x_wconf 77' lang='grc' dir='ltr'><strong>(Α.</strong></span> <span class='ocrx_word' id='word_1_624' title='bbox 1101 1659 1132 1686; x_wconf 68' lang='grc' dir='ltr'><strong>(ἶ.</strong></span> <span class='ocrx_word' id='word_1_625' title='bbox 1152 1659 1204 1687; x_wconf 84' lang='lat'><strong>576</strong></span> <span class='ocrx_word' id='word_1_626' title='bbox 1219 1658 1274 1687; x_wconf 89' lang='lat' dir='ltr'><strong>ind.</strong></span> <span class='ocrx_word' id='word_1_627' title='bbox 1292 1659 1309 1687; x_wconf 92' lang='lat'><strong>9</strong></span> <span class='ocrx_word' id='word_1_628' title='bbox 1330 1659 1431 1687; x_wconf 76' lang='lat' dir='ltr'><strong>Justini</strong></span> <span class='ocrx_word' id='word_1_629' title='bbox 1455 1659 1512 1695; x_wconf 70' lang='grc' dir='ltr'>ιε.)</span> <span class='ocrx_word' id='word_1_630' title='bbox 1543 1659 1600 1687; x_wconf 82' lang='lat' dir='ltr'><strong>Sub</strong></span> <span class='ocrx_word' id='word_1_631' title='bbox 1629 1659 1741 1687; x_wconf 86' lang='lat' dir='ltr'><strong>Tiberio</strong></span> 
     </span>
    </p>
   </div>
   <div class='ocr_carea' id='block_1_92' title="bbox 948 1705 1738 1740">
    <p class='ocr_par' dir='ltr' id='par_1_92' title="bbox 948 1705 1738 1740">
     <span class='ocr_line' id='line_1_92' title="bbox 948 1705 1738 1740; baseline 0 -8"><span class='ocrx_word' id='word_1_632' title='bbox 948 1705 1055 1732; x_wconf 69' lang='lat' dir='ltr'><strong>Caesare</strong></span> <span class='ocrx_word' id='word_1_633' title='bbox 1086 1705 1271 1732; x_wconf 81' lang='lat' dir='ltr'><strong>Romanorum</strong></span> <span class='ocrx_word' id='word_1_634' title='bbox 1307 1706 1400 1738; x_wconf 82' lang='lat' dir='ltr'><strong>duces,</strong></span> <span class='ocrx_word' id='word_1_635' title='bbox 1434 1706 1535 1740; x_wconf 90' lang='lat' dir='ltr'><strong>impetu</strong></span> <span class='ocrx_word' id='word_1_636' title='bbox 1553 1706 1581 1733; x_wconf 88' lang='lat' dir='ltr'><strong>in</strong></span> <span class='ocrx_word' id='word_1_637' title='bbox 1595 1706 1738 1733; x_wconf 83' lang='lat' dir='ltr'><strong>Albaniam</strong></span> 
     </span>
    </p>
   </div>
   <div class='ocr_carea' id='block_1_93' title="bbox 948 1749 1740 1786">
    <p class='ocr_par' dir='ltr' id='par_1_93' title="bbox 948 1749 1740 1786">
     <span class='ocr_line' id='line_1_93' title="bbox 948 1749 1740 1786; baseline 0.001 -9"><span class='ocrx_word' id='word_1_638' title='bbox 948 1749 1030 1782; x_wconf 77' lang='lat' dir='ltr'><strong>facto,</strong></span> <span class='ocrx_word' id='word_1_639' title='bbox 1042 1750 1184 1778; x_wconf 88' lang='lat' dir='ltr'><strong>obsidibus</strong></span> <span class='ocrx_word' id='word_1_640' title='bbox 1196 1758 1211 1777; x_wconf 88' lang='lat' dir='ltr'><strong>a</strong></span> <span class='ocrx_word' id='word_1_641' title='bbox 1229 1750 1334 1778; x_wconf 84' lang='lat' dir='ltr'><strong>Sabiris</strong></span> <span class='ocrx_word' id='word_1_642' title='bbox 1346 1755 1374 1779; x_wconf 94' lang='lat' dir='ltr'><strong>et</strong></span> <span class='ocrx_word' id='word_1_643' title='bbox 1390 1751 1451 1779; x_wconf 89' lang='lat' dir='ltr'><strong>aliis</strong></span> <span class='ocrx_word' id='word_1_644' title='bbox 1463 1751 1589 1786; x_wconf 83' lang='lat' dir='ltr'><strong>gentibus</strong></span> <span class='ocrx_word' id='word_1_645' title='bbox 1611 1752 1740 1786; x_wconf 90' lang='lat' dir='ltr'><strong>acceptis,</strong></span> 
     </span>
    </p>
   </div>
   <div class='ocr_carea' id='block_1_94' title="bbox 949 1795 1740 1831">
    <p class='ocr_par' dir='ltr' id='par_1_94' title="bbox 949 1795 1740 1831">
     <span class='ocr_line' id='line_1_94' title="bbox 949 1795 1740 1831; baseline 0.004 -10"><span class='ocrx_word' id='word_1_646' title='bbox 949 1795 1107 1830; x_wconf 78' lang='lat' dir='ltr'><strong>Byzantium</strong></span> <span class='ocrx_word' id='word_1_647' title='bbox 1142 1801 1285 1824; x_wconf 91' lang='lat' dir='ltr'><strong>venerunt.</strong></span> <span class='ocrx_word' id='word_1_648' title='bbox 1314 1796 1352 1824; x_wconf 86' lang='lat' dir='ltr'><strong>Eo</strong></span> <span class='ocrx_word' id='word_1_649' title='bbox 1377 1804 1438 1824; x_wconf 94' lang='lat' dir='ltr'><strong>cum</strong></span> <span class='ocrx_word' id='word_1_650' title='bbox 1477 1796 1558 1831; x_wconf 81' lang='lat' dir='ltr'><strong>legati</strong></span> <span class='ocrx_word' id='word_1_651' title='bbox 1591 1796 1740 1824; x_wconf 80' lang='lat' dir='ltr'><strong>Alanorum</strong></span> 
     </span>
    </p>
   </div>
   <div class='ocr_carea' id='block_1_95' title="bbox 949 1841 1739 1878">
    <p class='ocr_par' dir='ltr' id='par_1_95' title="bbox 949 1841 1739 1878">
     <span class='ocr_line' id='line_1_95' title="bbox 949 1841 1739 1878; baseline 0.003 -10"><span class='ocrx_word' id='word_1_652' title='bbox 949 1846 977 1868; x_wconf 88' lang='lat' dir='ltr'><strong>et</strong></span> <span class='ocrx_word' id='word_1_653' title='bbox 996 1841 1157 1869; x_wconf 85' lang='lat' dir='ltr'><strong>Sabirorum</strong></span> <span class='ocrx_word' id='word_1_654' title='bbox 1183 1843 1333 1876; x_wconf 86' lang='lat' dir='ltr'><strong>venissent,</strong></span> <span class='ocrx_word' id='word_1_655' title='bbox 1347 1843 1393 1878; x_wconf 86' lang='lat' dir='ltr'><strong>qui</strong></span> <span class='ocrx_word' id='word_1_656' title='bbox 1407 1850 1436 1870; x_wconf 89' lang='lat' dir='ltr'><strong>se</strong></span> <span class='ocrx_word' id='word_1_657' title='bbox 1449 1842 1580 1870; x_wconf 82' lang='lat' dir='ltr'><strong>Romanis</strong></span> <span class='ocrx_word' id='word_1_658' title='bbox 1594 1843 1739 1876; x_wconf 89' lang='lat' dir='ltr'><strong>dederant,</strong></span> 
     </span>
    </p>
   </div>
   <div class='ocr_carea' id='block_1_96' title="bbox 948 1885 1739 1923">
    <p class='ocr_par' dir='ltr' id='par_1_96' title="bbox 948 1885 1739 1923">
     <span class='ocr_line' id='line_1_96' title="bbox 948 1885 1739 1923; baseline 0.001 -9"><span class='ocrx_word' id='word_1_659' title='bbox 948 1885 1042 1914; x_wconf 64' lang='lat' dir='ltr'><strong>Caesar</strong></span> <span class='ocrx_word' id='word_1_660' title='bbox 1064 1894 1112 1915; x_wconf 90' lang='lat' dir='ltr'><strong>eos</strong></span> <span class='ocrx_word' id='word_1_661' title='bbox 1132 1887 1247 1922; x_wconf 75' lang='lat' dir='ltr'><strong>benigne</strong></span> <span class='ocrx_word' id='word_1_662' title='bbox 1263 1892 1290 1915; x_wconf 91' lang='lat' dir='ltr'><strong>et</strong></span> <span class='ocrx_word' id='word_1_663' title='bbox 1317 1888 1475 1915; x_wconf 87' lang='lat' dir='ltr'><strong>humaniter</strong></span> <span class='ocrx_word' id='word_1_664' title='bbox 1517 1889 1636 1923; x_wconf 81' lang='lat' dir='ltr'><strong>excepit.</strong></span> <span class='ocrx_word' id='word_1_665' title='bbox 1669 1888 1739 1916; x_wconf 86' lang='lat' dir='ltr'><strong>Cum</strong></span> 
     </span>
    </p>
   </div>
   <div class='ocr_carea' id='block_1_97' title="bbox 949 1933 1741 1969">
    <p class='ocr_par' dir='ltr' id='par_1_97' title="bbox 949 1933 1741 1969">
     <span class='ocr_line' id='line_1_97' title="bbox 949 1933 1741 1969; baseline 0.003 -10"><span class='ocrx_word' id='word_1_666' title='bbox 949 1937 1038 1960; x_wconf 89' lang='lat' dir='ltr'><strong>autem</strong></span> <span class='ocrx_word' id='word_1_667' title='bbox 1060 1940 1093 1960; x_wconf 82' lang='lat' dir='ltr'><strong>ex</strong></span> <span class='ocrx_word' id='word_1_668' title='bbox 1117 1940 1211 1960; x_wconf 87' lang='lat' dir='ltr'><strong>eorum</strong></span> <span class='ocrx_word' id='word_1_669' title='bbox 1239 1933 1328 1961; x_wconf 75' lang='lat' dir='ltr'><strong>verbis</strong></span> <span class='ocrx_word' id='word_1_670' title='bbox 1357 1934 1490 1966; x_wconf 85' lang='lat' dir='ltr'><strong>audisset,</strong></span> <span class='ocrx_word' id='word_1_671' title='bbox 1517 1939 1633 1968; x_wconf 80' lang='lat' dir='ltr'><strong>quantas</strong></span> <span class='ocrx_word' id='word_1_672' title='bbox 1656 1941 1741 1969; x_wconf 88' lang='lat' dir='ltr'><strong>pecu-</strong></span> 
     </span>
    </p>
   </div>
   <div class='ocr_carea' id='block_1_98' title="bbox 950 1978 1742 2015">
    <p class='ocr_par' dir='ltr' id='par_1_98' title="bbox 950 1978 1742 2015">
     <span class='ocr_line' id='line_1_98' title="bbox 950 1978 1742 2015; baseline 0.001 -9"><span class='ocrx_word' id='word_1_673' title='bbox 950 1978 1010 2006; x_wconf 73' lang='lat' dir='ltr'><strong>nias</strong></span> <span class='ocrx_word' id='word_1_674' title='bbox 1038 1978 1092 2006; x_wconf 87' lang='lat' dir='ltr'><strong>illis</strong></span> <span class='ocrx_word' id='word_1_675' title='bbox 1122 1978 1268 2007; x_wconf 87' lang='lat' dir='ltr'><strong>Persarum</strong></span> <span class='ocrx_word' id='word_1_676' title='bbox 1303 1986 1350 2006; x_wconf 80' lang='lat' dir='ltr'><strong>rex</strong></span> <span class='ocrx_word' id='word_1_677' title='bbox 1371 1979 1500 2015; x_wconf 83' lang='lat' dir='ltr'><strong>largitus</strong></span> <span class='ocrx_word' id='word_1_678' title='bbox 1527 1979 1636 2013; x_wconf 77' lang='lat' dir='ltr'><strong>fuisset,</strong></span> <span class='ocrx_word' id='word_1_679' title='bbox 1669 1980 1742 2008; x_wconf 78' lang='lat' dir='ltr'><strong>facta</strong></span> 
     </span>
    </p>
   </div>
   <div class='ocr_carea' id='block_1_99' title="bbox 950 2026 1742 2061">
    <p class='ocr_par' dir='ltr' id='par_1_99' title="bbox 950 2026 1742 2061">
     <span class='ocr_line' id='line_1_99' title="bbox 950 2026 1742 2061; baseline 0.004 -9"><span class='ocrx_word' id='word_1_680' title='bbox 950 2029 1096 2060; x_wconf 85' lang='lat' dir='ltr'><strong>potestate,</strong></span> <span class='ocrx_word' id='word_1_681' title='bbox 1137 2030 1269 2061; x_wconf 85' lang='lat' dir='ltr'><strong>quantum</strong></span> <span class='ocrx_word' id='word_1_682' title='bbox 1312 2026 1411 2054; x_wconf 88' lang='lat' dir='ltr'><strong>vellent</strong></span> <span class='ocrx_word' id='word_1_683' title='bbox 1447 2027 1573 2054; x_wconf 87' lang='lat' dir='ltr'><strong>oratione</strong></span> <span class='ocrx_word' id='word_1_684' title='bbox 1608 2035 1665 2054; x_wconf 90' lang='lat' dir='ltr'><strong>rem</strong></span> <span class='ocrx_word' id='word_1_685' title='bbox 1693 2035 1742 2055; x_wconf 79' lang='lat' dir='ltr'><strong>ex-</strong></span> 
     </span>
    </p>
   </div>
   <div class='ocr_carea' id='block_1_100' title="bbox 951 2072 1742 2108">
    <p class='ocr_par' dir='ltr' id='par_1_100' title="bbox 951 2072 1742 2108">
     <span class='ocr_line' id='line_1_100' title="bbox 951 2072 1742 2108; baseline 0.003 -10"><span class='ocrx_word' id='word_1_686' title='bbox 951 2078 1089 2106; x_wconf 82' lang='lat' dir='ltr'><strong>aggerare,</strong></span> <span class='ocrx_word' id='word_1_687' title='bbox 1117 2078 1143 2099; x_wconf 87' lang='lat' dir='ltr'><strong>et</strong></span> <span class='ocrx_word' id='word_1_688' title='bbox 1161 2079 1254 2099; x_wconf 87' lang='lat' dir='ltr'><strong>verum</strong></span> <span class='ocrx_word' id='word_1_689' title='bbox 1294 2072 1408 2100; x_wconf 87' lang='lat' dir='ltr'><strong>dicendo</strong></span> <span class='ocrx_word' id='word_1_690' title='bbox 1448 2073 1606 2106; x_wconf 82' lang='lat' dir='ltr'><strong>obscurare,</strong></span> <span class='ocrx_word' id='word_1_691' title='bbox 1629 2082 1638 2099; x_wconf 74' lang='grc'><strong>(</strong></span> <span class='ocrx_word' id='word_1_692' title='bbox 1657 2073 1742 2108; x_wconf 91' lang='lat' dir='ltr'><strong>Duplo</strong></span> 
     </span>
    </p>
   </div>
   <div class='ocr_carea' id='block_1_101' title="bbox 952 2117 1741 2153">
    <p class='ocr_par' dir='ltr' id='par_1_101' title="bbox 952 2117 1741 2153">
     <span class='ocr_line' id='line_1_101' title="bbox 952 2117 1741 2153; baseline 0.003 -10"><span class='ocrx_word' id='word_1_693' title='bbox 952 2117 1053 2150; x_wconf 77' lang='lat' dir='ltr'><strong>majora</strong></span> <span class='ocrx_word' id='word_1_694' title='bbox 1074 2117 1185 2152; x_wconf 65' lang='lat' dir='ltr'><strong>praemia</strong></span> <span class='ocrx_word' id='word_1_695' title='bbox 1211 2117 1287 2145; x_wconf 89' lang='lat' dir='ltr'><strong>vobis</strong></span> <span class='ocrx_word' id='word_1_696' title='bbox 1316 2118 1426 2153; x_wconf 80' lang='lat' dir='ltr'><strong>largiar,</strong></span> <span class='ocrx_word' id='word_1_697' title='bbox 1457 2118 1554 2153; x_wconf 84' lang='lat' dir='ltr'><strong>inquit,</strong></span> <span class='ocrx_word' id='word_1_698' title='bbox 1584 2126 1636 2146; x_wconf 93' lang='lat' dir='ltr'><strong>non</strong></span> <span class='ocrx_word' id='word_1_699' title='bbox 1655 2118 1741 2146; x_wconf 87' lang='lat' dir='ltr'><strong>solum</strong></span> 
     </span>
    </p>
   </div>
   <div class='ocr_carea' id='block_1_102' title="bbox 952 2162 1741 2197">
    <p class='ocr_par' dir='ltr' id='par_1_102' title="bbox 952 2162 1741 2197">
     <span class='ocr_line' id='line_1_102' title="bbox 952 2162 1741 2197; baseline 0.001 -8"><span class='ocrx_word' id='word_1_700' title='bbox 952 2163 1018 2190; x_wconf 84' lang='lat' dir='ltr'><strong>viris</strong></span> <span class='ocrx_word' id='word_1_701' title='bbox 1042 2162 1068 2189; x_wconf 91' lang='lat' dir='ltr'><strong>in</strong></span> <span class='ocrx_word' id='word_1_702' title='bbox 1089 2163 1218 2197; x_wconf 84' lang='lat' dir='ltr'><strong>dignitate</strong></span> <span class='ocrx_word' id='word_1_703' title='bbox 1241 2163 1405 2196; x_wconf 89' lang='lat' dir='ltr'><strong>constitutis,</strong></span> <span class='ocrx_word' id='word_1_704' title='bbox 1437 2163 1484 2190; x_wconf 84' lang='lat' dir='ltr'><strong>sed</strong></span> <span class='ocrx_word' id='word_1_705' title='bbox 1514 2164 1597 2190; x_wconf 86' lang='lat' dir='ltr'><strong>etiam</strong></span> <span class='ocrx_word' id='word_1_706' title='bbox 1633 2163 1741 2191; x_wconf 87' lang='lat' dir='ltr'><strong>unicui-</strong></span> 
     </span>
    </p>
   </div>
   <div class='ocr_carea' id='block_1_103' title="bbox 916 2197 1740 2244">
    <p class='ocr_par' dir='ltr' id='par_1_103' title="bbox 916 2197 1740 2244">
     <span class='ocr_line' id='line_1_103' title="bbox 916 2197 1740 2244; baseline 0 -8"><span class='ocrx_word' id='word_1_707' title='bbox 916 2197 939 2225; x_wconf 70' lang='grc' dir='ltr'><strong>Β</strong></span> <span class='ocrx_word' id='word_1_708' title='bbox 953 2217 1006 2244; x_wconf 91' lang='lat' dir='ltr'><strong>que</strong></span> <span class='ocrx_word' id='word_1_709' title='bbox 1022 2213 1151 2236; x_wconf 82' lang='lat' dir='ltr'><strong>vestrum.</strong></span> <span class='ocrx_word' id='word_1_710' title='bbox 1177 2218 1186 2235; x_wconf 79' lang='grc' dir='ltr'><strong>ι</strong></span> <span class='ocrx_word' id='word_1_711' title='bbox 1215 2209 1277 2237; x_wconf 70' lang='lat' dir='ltr'><strong>Haec</strong></span> <span class='ocrx_word' id='word_1_712' title='bbox 1292 2209 1418 2237; x_wconf 88' lang='lat' dir='ltr'><strong>Barbaris</strong></span> <span class='ocrx_word' id='word_1_713' title='bbox 1437 2209 1557 2237; x_wconf 65' lang='lat' dir='ltr'><strong>laetitiam</strong></span> <span class='ocrx_word' id='word_1_714' title='bbox 1578 2209 1740 2242; x_wconf 86' lang='lat' dir='ltr'><strong>attulerunt,</strong></span> 
     </span>
    </p>
   </div>
   <div class='ocr_carea' id='block_1_104' title="bbox 953 2255 1737 2291">
    <p class='ocr_par' dir='ltr' id='par_1_104' title="bbox 953 2255 1737 2291">
     <span class='ocr_line' id='line_1_104' title="bbox 953 2255 1737 2291; baseline -0.001 -7"><span class='ocrx_word' id='word_1_715' title='bbox 953 2261 979 2284; x_wconf 89' lang='lat' dir='ltr'><strong>et</strong></span> <span class='ocrx_word' id='word_1_716' title='bbox 1000 2256 1048 2283; x_wconf 90' lang='lat' dir='ltr'><strong>visi</strong></span> <span class='ocrx_word' id='word_1_717' title='bbox 1075 2259 1139 2283; x_wconf 88' lang='lat' dir='ltr'><strong>sunt</strong></span> <span class='ocrx_word' id='word_1_718' title='bbox 1158 2255 1212 2284; x_wconf 87' lang='lat' dir='ltr'><strong>Deo</strong></span> <span class='ocrx_word' id='word_1_719' title='bbox 1239 2255 1354 2291; x_wconf 81' lang='lat' dir='ltr'><strong>gratiam</strong></span> <span class='ocrx_word' id='word_1_720' title='bbox 1384 2256 1498 2288; x_wconf 85' lang='lat' dir='ltr'><strong>habere,</strong></span> <span class='ocrx_word' id='word_1_721' title='bbox 1527 2256 1599 2290; x_wconf 87' lang='lat' dir='ltr'><strong>quod</strong></span> <span class='ocrx_word' id='word_1_722' title='bbox 1621 2255 1737 2290; x_wconf 85' lang='lat' dir='ltr'><strong>subjecti</strong></span> 
     </span>
    </p>
   </div>
   <div class='ocr_carea' id='block_1_105' title="bbox 952 2301 1733 2330">
    <p class='ocr_par' dir='ltr' id='par_1_105' title="bbox 952 2301 1733 2330">
     <span class='ocr_line' id='line_1_105' title="bbox 952 2301 1733 2330; baseline -0.001 -1"><span class='ocrx_word' id='word_1_723' title='bbox 952 2301 1016 2329; x_wconf 80' lang='lat' dir='ltr'><strong>facti</strong></span> <span class='ocrx_word' id='word_1_724' title='bbox 1046 2306 1138 2329; x_wconf 87' lang='lat' dir='ltr'><strong>essent</strong></span> <span class='ocrx_word' id='word_1_725' title='bbox 1164 2302 1305 2330; x_wconf 83' lang='lat' dir='ltr'><strong>Romanis.</strong></span> <span class='ocrx_word' id='word_1_726' title='bbox 1328 2302 1489 2330; x_wconf 85' lang='lat' dir='ltr'><strong>Retuierunt</strong></span> <span class='ocrx_word' id='word_1_727' title='bbox 1508 2307 1598 2330; x_wconf 88' lang='lat' dir='ltr'><strong>autem</strong></span> <span class='ocrx_word' id='word_1_728' title='bbox 1622 2302 1733 2329; x_wconf 82' lang='lat' dir='ltr'><strong>Abirem</strong></span> 
     </span>
    </p>
   </div>
   <div class='ocr_carea' id='block_1_106' title="bbox 953 2347 1742 2383">
    <p class='ocr_par' dir='ltr' id='par_1_106' title="bbox 953 2347 1742 2383">
     <span class='ocr_line' id='line_1_106' title="bbox 953 2347 1742 2383; baseline -0.001 -8"><span class='ocrx_word' id='word_1_729' title='bbox 953 2348 1032 2383; x_wconf 87' lang='lat' dir='ltr'><strong>paulo</strong></span> <span class='ocrx_word' id='word_1_730' title='bbox 1064 2353 1127 2375; x_wconf 91' lang='lat' dir='ltr'><strong>ante</strong></span> <span class='ocrx_word' id='word_1_731' title='bbox 1156 2349 1289 2376; x_wconf 81' lang='lat' dir='ltr'><strong>defecisse</strong></span> <span class='ocrx_word' id='word_1_732' title='bbox 1324 2353 1361 2381; x_wconf 91' lang='lat' dir='ltr'><strong>et,</strong></span> <span class='ocrx_word' id='word_1_733' title='bbox 1393 2348 1464 2375; x_wconf 90' lang='lat' dir='ltr'><strong>nulla</strong></span> <span class='ocrx_word' id='word_1_734' title='bbox 1497 2348 1621 2376; x_wconf 87' lang='lat' dir='ltr'><strong>obsidum</strong></span> <span class='ocrx_word' id='word_1_735' title='bbox 1649 2347 1742 2375; x_wconf 87' lang='lat' dir='ltr'><strong>habita</strong></span> 
     </span>
    </p>
   </div>
   <div class='ocr_carea' id='block_1_107' title="bbox 952 2393 1742 2429">
    <p class='ocr_par' dir='ltr' id='par_1_107' title="bbox 952 2393 1742 2429">
     <span class='ocr_line' id='line_1_107' title="bbox 952 2393 1742 2429; baseline -0.001 -9"><span class='ocrx_word' id='word_1_736' title='bbox 952 2394 1068 2427; x_wconf 85' lang='lat' dir='ltr'><strong>ratione,</strong></span> <span class='ocrx_word' id='word_1_737' title='bbox 1084 2402 1144 2421; x_wconf 89' lang='lat' dir='ltr'><strong>cum</strong></span> <span class='ocrx_word' id='word_1_738' title='bbox 1171 2393 1262 2422; x_wconf 82' lang='lat' dir='ltr'><strong>Persis</strong></span> <span class='ocrx_word' id='word_1_739' title='bbox 1286 2401 1315 2422; x_wconf 87' lang='lat' dir='ltr'><strong>se</strong></span> <span class='ocrx_word' id='word_1_740' title='bbox 1328 2394 1513 2429; x_wconf 83' lang='lat' dir='ltr'><strong>conjunxisse.</strong></span> <span class='ocrx_word' id='word_1_741' title='bbox 1533 2394 1635 2421; x_wconf 86' lang='lat' dir='ltr'><strong>Deinde</strong></span> <span class='ocrx_word' id='word_1_742' title='bbox 1651 2393 1742 2420; x_wconf 68' lang='lat' dir='ltr'><strong>Caesar</strong></span> 
     </span>
    </p>
   </div>
   <div class='ocr_carea' id='block_1_108' title="bbox 953 2439 1740 2474">
    <p class='ocr_par' dir='ltr' id='par_1_108' title="bbox 953 2439 1740 2474">
     <span class='ocr_line' id='line_1_108' title="bbox 953 2439 1740 2474; baseline -0.001 -9"><span class='ocrx_word' id='word_1_743' title='bbox 953 2447 1014 2466; x_wconf 87' lang='lat' dir='ltr'><strong>cum</strong></span> <span class='ocrx_word' id='word_1_744' title='bbox 1044 2439 1140 2473; x_wconf 79' lang='lat' dir='ltr'><strong>legalis</strong></span> <span class='ocrx_word' id='word_1_745' title='bbox 1170 2447 1343 2474; x_wconf 81' lang='lat' dir='ltr'><strong>congressus,</strong></span> <span class='ocrx_word' id='word_1_746' title='bbox 1386 2447 1445 2474; x_wconf 63' lang='lat' dir='ltr'><strong>quae</strong></span> <span class='ocrx_word' id='word_1_747' title='bbox 1474 2443 1536 2474; x_wconf 90' lang='lat' dir='ltr'><strong>apta</strong></span> <span class='ocrx_word' id='word_1_748' title='bbox 1568 2439 1740 2472; x_wconf 82' lang='lat' dir='ltr'><strong>videbantur,</strong></span> 
     </span>
    </p>
   </div>
   <div class='ocr_carea' id='block_1_109' title="bbox 951 2485 1743 2522">
    <p class='ocr_par' dir='ltr' id='par_1_109' title="bbox 951 2485 1743 2522">
     <span class='ocr_line' id='line_1_109' title="bbox 951 2485 1743 2522; baseline -0.001 -10"><span class='ocrx_word' id='word_1_749' title='bbox 951 2486 1079 2514; x_wconf 85' lang='lat' dir='ltr'><strong>disseruit</strong></span> <span class='ocrx_word' id='word_1_750' title='bbox 1093 2491 1120 2514; x_wconf 90' lang='lat' dir='ltr'><strong>et</strong></span> <span class='ocrx_word' id='word_1_751' title='bbox 1135 2486 1214 2519; x_wconf 79' lang='lat' dir='ltr'><strong>dixit,</strong></span> <span class='ocrx_word' id='word_1_752' title='bbox 1232 2493 1296 2522; x_wconf 84' lang='lat' dir='ltr'><strong>erga</strong></span> <span class='ocrx_word' id='word_1_753' title='bbox 1319 2494 1376 2519; x_wconf 86' lang='lat' dir='ltr'><strong>eos,</strong></span> <span class='ocrx_word' id='word_1_754' title='bbox 1393 2486 1439 2520; x_wconf 91' lang='lat' dir='ltr'><strong>qui</strong></span> <span class='ocrx_word' id='word_1_755' title='bbox 1456 2491 1552 2521; x_wconf 91' lang='lat' dir='ltr'><strong>sponte</strong></span> <span class='ocrx_word' id='word_1_756' title='bbox 1574 2486 1600 2513; x_wconf 93' lang='lat' dir='ltr'><strong>in</strong></span> <span class='ocrx_word' id='word_1_757' title='bbox 1613 2485 1670 2520; x_wconf 84' lang='lat' dir='ltr'><strong>ejus</strong></span> <span class='ocrx_word' id='word_1_758' title='bbox 1694 2492 1743 2520; x_wconf 76' lang='lat' dir='ltr'><strong>po-</strong></span> 
     </span>
    </p>
   </div>
   <div class='ocr_carea' id='block_1_110' title="bbox 949 2531 1740 2565">
    <p class='ocr_par' dir='ltr' id='par_1_110' title="bbox 949 2531 1740 2565">
     <span class='ocr_line' id='line_1_110' title="bbox 949 2531 1740 2565; baseline -0.003 -6"><span class='ocrx_word' id='word_1_759' title='bbox 949 2536 1074 2560; x_wconf 84' lang='lat' dir='ltr'><strong>testatem</strong></span> <span class='ocrx_word' id='word_1_760' title='bbox 1105 2532 1238 2565; x_wconf 90' lang='lat' dir='ltr'><strong>venirent,</strong></span> <span class='ocrx_word' id='word_1_761' title='bbox 1263 2539 1294 2560; x_wconf 86' lang='lat' dir='ltr'><strong>se</strong></span> <span class='ocrx_word' id='word_1_762' title='bbox 1316 2532 1454 2560; x_wconf 89' lang='lat' dir='ltr'><strong>liberalem</strong></span> <span class='ocrx_word' id='word_1_763' title='bbox 1482 2531 1615 2564; x_wconf 79' lang='lat' dir='ltr'><strong>futurum,</strong></span> <span class='ocrx_word' id='word_1_764' title='bbox 1641 2535 1669 2558; x_wconf 90' lang='lat' dir='ltr'><strong>et</strong></span> <span class='ocrx_word' id='word_1_765' title='bbox 1683 2537 1740 2564; x_wconf 87' lang='lat' dir='ltr'><strong>eos,</strong></span> 
     </span>
    </p>
   </div>
   <div class='ocr_carea' id='block_1_111' title="bbox 949 2575 1742 2612">
    <p class='ocr_par' dir='ltr' id='par_1_111' title="bbox 949 2575 1742 2612">
     <span class='ocr_line' id='line_1_111' title="bbox 949 2575 1742 2612; baseline -0.004 -7"><span class='ocrx_word' id='word_1_766' title='bbox 949 2578 994 2612; x_wconf 92' lang='lat' dir='ltr'><strong>qui</strong></span> <span class='ocrx_word' id='word_1_767' title='bbox 1022 2586 1051 2605; x_wconf 89' lang='lat' dir='ltr'><strong>se</strong></span> <span class='ocrx_word' id='word_1_768' title='bbox 1077 2585 1132 2605; x_wconf 78' lang='lat' dir='ltr'><strong>suae</strong></span> <span class='ocrx_word' id='word_1_769' title='bbox 1154 2577 1281 2612; x_wconf 87' lang='lat' dir='ltr'><strong>potestati</strong></span> <span class='ocrx_word' id='word_1_770' title='bbox 1304 2578 1464 2605; x_wconf 90' lang='lat' dir='ltr'><strong>submittere</strong></span> <span class='ocrx_word' id='word_1_771' title='bbox 1485 2580 1643 2604; x_wconf 87' lang='lat' dir='ltr'><strong>recusarent</strong></span> <span class='ocrx_word' id='word_1_772' title='bbox 1665 2575 1691 2603; x_wconf 88' lang='lat' dir='ltr'><strong>vi</strong></span> <span class='ocrx_word' id='word_1_773' title='bbox 1715 2579 1742 2602; x_wconf 83' lang='lat' dir='ltr'><strong>et</strong></span> 
     </span>
    </p>
   </div>
   <div class='ocr_carea' id='block_1_112' title="bbox 947 2624 1548 2658">
    <p class='ocr_par' dir='ltr' id='par_1_112' title="bbox 947 2624 1548 2658">
     <span class='ocr_line' id='line_1_112' title="bbox 947 2624 1548 2658; baseline -0.003 -7"><span class='ocrx_word' id='word_1_774' title='bbox 947 2624 1033 2652; x_wconf 84' lang='lat' dir='ltr'><strong>armis</strong></span> <span class='ocrx_word' id='word_1_775' title='bbox 1057 2631 1106 2651; x_wconf 77' lang='lat' dir='ltr'><strong>suo</strong></span> <span class='ocrx_word' id='word_1_776' title='bbox 1124 2624 1238 2658; x_wconf 86' lang='lat' dir='ltr'><strong>imperio</strong></span> <span class='ocrx_word' id='word_1_777' title='bbox 1257 2629 1353 2658; x_wconf 87' lang='lat' dir='ltr'><strong>parere</strong></span> <span class='ocrx_word' id='word_1_778' title='bbox 1379 2627 1548 2651; x_wconf 89' lang='lat' dir='ltr'><strong>coacturum.</strong></span> 
     </span>
    </p>
   </div>
   <div class='ocr_carea' id='block_1_113' title="bbox 990 2667 1740 2698">
    <p class='ocr_par' dir='ltr' id='par_1_113' title="bbox 990 2667 1740 2698">
     <span class='ocr_line' id='line_1_113' title="bbox 990 2667 1740 2698; baseline -0.005 0"><span class='ocrx_word' id='word_1_779' title='bbox 990 2670 1037 2698; x_wconf 71' lang='grc' dir='ltr'><strong>εδ.</strong></span> <span class='ocrx_word' id='word_1_780' title='bbox 1069 2670 1137 2697; x_wconf 91' lang='lat' dir='ltr'><strong>Dum</strong></span> <span class='ocrx_word' id='word_1_781' title='bbox 1172 2670 1357 2698; x_wconf 82' lang='lat' dir='ltr'><strong>Romanorum</strong></span> <span class='ocrx_word' id='word_1_782' title='bbox 1393 2670 1475 2696; x_wconf 85' lang='lat' dir='ltr'><strong>duces</strong></span> <span class='ocrx_word' id='word_1_783' title='bbox 1507 2667 1652 2696; x_wconf 84' lang='lat' dir='ltr'><strong>Persarum</strong></span> <span class='ocrx_word' id='word_1_784' title='bbox 1688 2667 1740 2695; x_wconf 81' lang='lat' dir='ltr'><strong>Ar-</strong></span> 
     </span>
    </p>
   </div>
   <div class='ocr_carea' id='block_1_114' title="bbox 771 2725 1104 2755">
    <p class='ocr_par' dir='ltr' id='par_1_114' title="bbox 771 2725 1104 2755">
     <span class='ocr_line' id='line_1_114' title="bbox 771 2725 1104 2755; baseline 0.012 -4"><span class='ocrx_word' id='word_1_785' title='bbox 771 2725 889 2753; x_wconf 71' lang='lat' dir='ltr'><strong>VARIE</strong></span> <span class='ocrx_word' id='word_1_786' title='bbox 902 2726 1104 2755; x_wconf 85' lang='lat' dir='ltr'><strong>LECTIONES.</strong></span> 
     </span>
    </p>
   </div>
   <div class='ocr_carea' id='block_1_115' title="bbox 161 2770 990 2811">
    <p class='ocr_par' dir='ltr' id='par_1_115' title="bbox 161 2770 990 2811">
     <span class='ocr_line' id='line_1_115' title="bbox 161 2770 990 2811; baseline 0.007 -15"><span class='ocrx_word' id='word_1_787' title='bbox 161 2771 182 2786; x_wconf 76' lang='grc'><strong>⁹¹</strong></span> <span class='ocrx_word' id='word_1_788' title='bbox 201 2770 238 2811; x_wconf 61' lang='grc' dir='ltr'>ὡς</span> <span class='ocrx_word' id='word_1_789' title='bbox 261 2771 305 2811; x_wconf 61' lang='grc' dir='ltr'><strong>είς</strong></span> <span class='ocrx_word' id='word_1_790' title='bbox 319 2771 437 2811; x_wconf 58' lang='grc' dir='ltr'>ἔσχατον</span> <span class='ocrx_word' id='word_1_791' title='bbox 453 2771 499 2798; x_wconf 86' lang='grc' dir='ltr'>νῦν</span> <span class='ocrx_word' id='word_1_792' title='bbox 516 2771 608 2811; x_wconf 35' lang='grc' dir='ltr'><strong>Νζώς</strong></span> <span class='ocrx_word' id='word_1_793' title='bbox 636 2773 749 2811; x_wconf 74' lang='grc' dir='ltr'>ἔσχατον</span> <span class='ocrx_word' id='word_1_794' title='bbox 778 2773 815 2811; x_wconf 79' lang='grc' dir='ltr'>ῲς</span> <span class='ocrx_word' id='word_1_795' title='bbox 844 2774 892 2800; x_wconf 84' lang='grc' dir='ltr'>νῦν</span> <span class='ocrx_word' id='word_1_796' title='bbox 917 2776 990 2811; x_wconf 81' lang='lat' dir='ltr'><strong>vulg.</strong></span> 
     </span>
    </p>
   </div>
   <div class='ocr_carea' id='block_1_116' title="bbox 111 2806 180 2840">
    <p class='ocr_par' dir='ltr' id='par_1_116' title="bbox 111 2806 180 2840">
     <span class='ocr_line' id='line_1_116' title="bbox 111 2806 180 2840; baseline -0.014 -7"><span class='ocrx_word' id='word_1_797' title='bbox 111 2806 180 2840; x_wconf 80' lang='lat' dir='ltr'><strong>vulg.</strong></span> 
     </span>
    </p>
   </div>
   <div class='ocr_carea' id='block_1_117' title="bbox 221 2806 818 2843">
    <p class='ocr_par' dir='ltr' id='par_1_117' title="bbox 221 2806 818 2843">
     <span class='ocr_line' id='line_1_117' title="bbox 221 2806 818 2843; baseline 0.003 -11"><span class='ocrx_word' id='word_1_798' title='bbox 221 2807 243 2843; x_wconf 62' lang='grc' dir='ltr'><strong>νξ</strong></span> <span class='ocrx_word' id='word_1_799' title='bbox 261 2806 524 2843; x_wconf 45' lang='grc' dir='ltr'>Ἰούστῖνονίιτῐηεη</span> <span class='ocrx_word' id='word_1_800' title='bbox 544 2806 730 2834; x_wconf 69' lang='grc' dir='ltr'>Ίουστινιᾶνὺν</span> <span class='ocrx_word' id='word_1_801' title='bbox 748 2809 818 2843; x_wconf 77' lang='lat' dir='ltr'><strong>vnlg.</strong></span> 
     </span>
    </p>
   </div>
   <div class='ocr_carea' id='block_1_118' title="bbox 111 2841 570 2879">
    <p class='ocr_par' dir='ltr' id='par_1_118' title="bbox 111 2841 570 2879">
     <span class='ocr_line' id='line_1_118' title="bbox 111 2841 570 2879; baseline 0.007 -12"><span class='ocrx_word' id='word_1_802' title='bbox 111 2841 132 2856; x_wconf 81' lang='grc'><strong>⁰⁷</strong></span> <span class='ocrx_word' id='word_1_803' title='bbox 152 2841 277 2874; x_wconf 73' lang='grc' dir='ltr'>ἐξουσίαν</span> <span class='ocrx_word' id='word_1_804' title='bbox 295 2841 336 2876; x_wconf 89' lang='grc' dir='ltr'>Β,,</span> <span class='ocrx_word' id='word_1_805' title='bbox 356 2841 479 2875; x_wconf 74' lang='grc' dir='ltr'>ἔξουσίας</span> <span class='ocrx_word' id='word_1_806' title='bbox 491 2841 570 2879; x_wconf 20' lang='lat' dir='ltr'><strong>ivulg.</strong></span> 
     </span>
    </p>
   </div>
   <div class='ocr_carea' id='block_1_119' title="bbox 610 2843 821 2879">
    <p class='ocr_par' dir='ltr' id='par_1_119' title="bbox 610 2843 821 2879">
     <span class='ocr_line' id='line_1_119' title="bbox 610 2843 821 2879; baseline 0.005 -9"><span class='ocrx_word' id='word_1_807' title='bbox 610 2843 633 2860; x_wconf 77' lang='grc'><strong>⁸⁸</strong></span> <span class='ocrx_word' id='word_1_808' title='bbox 646 2843 746 2879; x_wconf 76' lang='grc' dir='ltr'>Σαϐεἰρ</span> <span class='ocrx_word' id='word_1_809' title='bbox 763 2843 821 2871; x_wconf 80' lang='lat' dir='ltr'><strong>Val.</strong></span> 
     </span>
    </p>
   </div>
   <div class='ocr_carea' id='block_1_120' title="bbox 857 2811 1275 2848">
    <p class='ocr_par' dir='ltr' id='par_1_120' title="bbox 857 2811 1275 2848">
     <span class='ocr_line' id='line_1_120' title="bbox 857 2811 1275 2848; baseline 0.005 -11"><span class='ocrx_word' id='word_1_810' title='bbox 857 2811 879 2826; x_wconf 60' lang='grc' dir='ltr'>π</span> <span class='ocrx_word' id='word_1_811' title='bbox 896 2811 998 2846; x_wconf 72' lang='grc' dir='ltr'>ὕϐρεως</span> <span class='ocrx_word' id='word_1_812' title='bbox 1014 2811 1057 2844; x_wconf 85' lang='grc' dir='ltr'>Ν,,</span> <span class='ocrx_word' id='word_1_813' title='bbox 1075 2811 1182 2847; x_wconf 70' lang='grc' dir='ltr'>ὕϐρεων</span> <span class='ocrx_word' id='word_1_814' title='bbox 1203 2812 1275 2848; x_wconf 78' lang='lat' dir='ltr'><strong>vulg.</strong></span> 
     </span>
    </p>
   </div>
   <div class='ocr_carea' id='block_1_121' title="bbox 1043 2774 1734 2811">
    <p class='ocr_par' dir='ltr' id='par_1_121' title="bbox 1043 2774 1734 2811">
     <span class='ocr_line' id='line_1_121' title="bbox 1043 2774 1734 2811; baseline -0.006 -9"><span class='ocrx_word' id='word_1_815' title='bbox 1043 2777 1066 2792; x_wconf 76' lang='lat'><strong>&quot;‘</strong></span> <span class='ocrx_word' id='word_1_816' title='bbox 1081 2776 1248 2811; x_wconf 64' lang='grc' dir='ltr'>θαρρήσειαν</span> <span class='ocrx_word' id='word_1_817' title='bbox 1263 2776 1335 2809; x_wconf 88' lang='lat' dir='ltr'><strong>conj.</strong></span> <span class='ocrx_word' id='word_1_818' title='bbox 1361 2776 1389 2802; x_wconf 87' lang='grc' dir='ltr'><strong>Β.</strong></span> <span class='ocrx_word' id='word_1_819' title='bbox 1440 2775 1557 2803; x_wconf 82' lang='grc' dir='ltr'><strong>⁹³αὑτοῦ</strong></span> <span class='ocrx_word' id='word_1_820' title='bbox 1579 2775 1624 2804; x_wconf 76' lang='grc' dir='ltr'><strong>Ν..</strong></span> <span class='ocrx_word' id='word_1_821' title='bbox 1650 2774 1734 2811; x_wconf 72' lang='grc' dir='ltr'>αὑτὸν</span> 
     </span>
    </p>
   </div>
   <div class='ocr_carea' id='block_1_122' title="bbox 1105 2808 1738 2845">
    <p class='ocr_par' dir='ltr' id='par_1_122' title="bbox 1105 2808 1738 2845">
     <span class='ocr_line' id='line_1_122' title="bbox 1105 2808 1738 2845; baseline -0.003 -8"><span class='ocrx_word' id='word_1_822' title='bbox 1105 2808 1182 2845; x_wconf 63' lang='grc' dir='ltr'>ἱρέων</span> <span class='ocrx_word' id='word_1_823' title='bbox 1203 2812 1275 2845; x_wconf 77' lang='lat' dir='ltr'><strong>vulg.</strong></span> <span class='ocrx_word' id='word_1_824' title='bbox 1313 2808 1337 2828; x_wconf 58' lang='lat'><strong>5“</strong></span> <span class='ocrx_word' id='word_1_825' title='bbox 1350 2811 1469 2839; x_wconf 80' lang='grc' dir='ltr'>στέλλειν</span> <span class='ocrx_word' id='word_1_826' title='bbox 1483 2811 1527 2845; x_wconf 83' lang='lat' dir='ltr'><strong>ll.,</strong></span> <span class='ocrx_word' id='word_1_827' title='bbox 1543 2810 1647 2838; x_wconf 80' lang='grc' dir='ltr'>στέλλει</span> <span class='ocrx_word' id='word_1_828' title='bbox 1661 2808 1722 2844; x_wconf 77' lang='lat' dir='ltr'><strong>vulg</strong></span> <span class='ocrx_word' id='word_1_829' title='bbox 1732 2827 1738 2835; x_wconf 91' lang='lat'><strong>.</strong></span> 
     </span>
    </p>
   </div>
  </div>
