1951 3074
226 139 279 172 8Ξ7

671 124 869 174 ΕΧῙΞΕΒΡΤΑ
890 145 940 175 EX
960 145 1174 178 MENANDRO
1192 149 1439 181 PROTECTORE

1809 155 1861 186 82$

228 198 345 224 inertiam
372 196 590 233 populationibus
606 206 747 232 vexarent,
776 200 885 228 advertit
907 200 1016 228 Nadoes

1073 202 1230 238 Ἀρμενίαν,
1255 205 1284 231 ὲν
1310 205 1398 239 τούτῳ
1416 207 1582 242 παρεγένετο
1608 208 1736 244 Ναδώης,
1761 219 1792 242 ες
1811 213 1861 247 τὴν

225 243 404 276 clcctus_eta
421 243 544 272 Cbosroe
577 245 677 273 missus
703 246 736 272 ad
758 245 902 278 minorem,
934 253 1016 280 quam

227 293 337 319 vocant,
372 288 534 324 legationem
564 290 727 318 obeundam.
758 290 835 319 Hunc
857 299 1015 326 responsum

225 333 297 360 l‘crre
308 334 340 361 ad
351 334 512 369 legationem
524 335 658 364 Theodori
668 337 764 365 Bacchi
776 338 857 373 jussit
867 338 1015 372 Chosrocs,

189 377 193 382 ’
226 385 253 407 et
279 380 440 408 nominatim
473 382 601 409 nuntiare
640 383 780 416 Romanis,
809 391 869 412 sese
892 390 1016 419 paratum

225 433 286 453 esse
316 426 425 454 mittere
456 427 603 461 primarios
631 429 706 456 viros
733 430 768 457 ad
785 430 851 458 lines
882 429 1014 464 Orientis,

225 476 256 499 ut
269 479 330 500 cum
353 472 406 505 bis,
432 481 500 508 quos
520 474 634 502 Romani
657 476 808 509 mitterent,
830 478 1016 512 prospicerent

224 523 251 544 cl
273 518 408 552 viderent,
426 527 479 553 qua
503 521 610 549 ratione
644 529 723 549 arma
748 522 924 556 deponerent.
944 523 1013 550 Cum

225 563 273 591 ille
307 564 423 598 primum
452 570 596 600 qumreret,
623 574 748 602 quamam
784 576 868 596 causa
902 574 930 596 et
945 569 1015 596 ratio

229 609 314 637 fuerit
343 611 537 646 quinquaginta
566 620 698 640 annorum
731 614 854 642 inducias
882 614 1012 648 violandi,

226 655 374 688 prudenter
406 656 498 684 Cassar
532 658 681 692 respondit,
720 666 750 686 se
779 659 888 693 quidem
922 667 1012 694 regem

225 699 380 734 Persarum,
399 702 444 736 qui
466 702 558 730 senior
586 708 670 736 esset,
690 704 790 739 quippe
805 705 862 740 qui,
879 712 909 732 se
925 705 1013 733 adhuc

224 751 320 779 puero,
350 745 377 772 in
391 745 457 774 ﬂore
473 747 560 774 aetatis
576 755 631 775 sua;
650 749 817 776 constitutus
837 748 917 782 foret,
933 757 1013 778 secu-

226 796 329 824 turum,
349 796 376 819 et
396 792 454 820 sive
478 800 564 826 arma,
596 794 655 822 sive
681 802 774 829 pacem
795 795 888 828 vellet,
920 801 1011 823 utrum

224 837 362 872 elegisset,
393 842 499 871 gratum
536 843 732 874 acceptumque
763 840 929 868 habiturum.
963 841 1011 870 llis

1068 247 1218 285 λεγομένην
1243 251 1364 286 σμικρὰν
1388 253 1591 288 χειροτονηθεὶς
1613 255 1774 289 πρεσϐείαν,
1792 259 1859 293 πρὸς

1067 293 1187 329 Χοσρόου
1204 296 1386 332 ἐκπεμφθείς·
1399 298 1435 330 νὸς
1454 300 1477 316 ⁸⁸
1498 299 1550 334 τῆς
1575 300 1619 327 διὰ
1646 301 1788 337 Θεοδώρου
1812 303 1858 330 τεῦ

1067 339 1174 374 Βάκχου
1186 343 1335 377 πρεσϐείας
1347 343 1437 376 ἔδοξεν
1453 345 1602 380 ἀμοιϐαίαν
1622 346 1805 383 ἀποκομίζειν
1826 350 1857 376 ὲκ

1065 386 1112 413 τοῦ
1132 387 1253 421 Χοσρόου
1282 390 1425 424 ἀγγελίαν,
1452 392 1556 427 κυρίως
1579 393 1608 419 δὲ
1633 393 1671 426 ὡς
1693 395 1858 430 ἐτοιμότατα

1065 431 1122 467 ἔχοι
1146 433 1193 459 καὶ
1211 434 1294 466 αὐτὸς
1311 436 1416 463 στεῖλαι
1433 438 1497 470 τοὺς
1520 438 1656 474 ἄρχοντας
1677 441 1749 468 κατὰ
1771 441 1804 477 δὴ
1823 442 1858 469 τὰ

1065 478 1126 514 ὅρια
1139 479 1188 514 τῆς
1203 479 1270 514 Ἕω,
1287 480 1325 513 ὥς
1343 482 1376 509 ἂν
1391 483 1421 509 ὲν
1437 483 1476 518 τῷ
1492 484 1568 520 αὐτῷ
1580 486 1721 522 γενόμενοι
1746 489 1804 519 τοῖς
1822 488 1856 514 ὲκ

1072 523 1218 559 Ῥωμαίων
1245 526 1521 564 ὲκπεμφθησομέιῖοις
1558 532 1722 567 σκοπῆσοιέν
1747 541 1776 560 τε
1808 534 1857 562 καὶ

1064 568 1252 604 διασκέψοιντο
1265 571 1340 604 ὅπως
1353 573 1406 608 χρὴ
1431 575 1464 601 τὰ
1486 575 1555 602 ὅπλα
1573 577 1750 605 καταθέσθαι.
1779 579 1857 606 Ἀνα-

1064 615 1228 660 κρινομένου
1255 617 1350 645 τούτου
1373 619 1485 655 πρώτου
1501 622 1544 654 τίς
1565 622 1620 658 ἄρα
1643 624 1763 651 πολιτεία
1779 625 1788 640 ¹
1805 625 1856 660 τῆς

1064 658 1168 691 λύσεως
1194 661 1248 688 τῶν
1273 666 1538 696 πεντηκοντουτίδων
1556 668 1678 695 σπονδῶν
1704 670 1778 696 αῑτία
1794 671 1857 705 ἐγέ-

1063 712 1124 732 νετο
1135 725 1142 738 ,
1169 702 1192 740 ᾧ
1208 707 1262 734 τινί
1274 716 1306 743 γε
1329 709 1417 745 δήπου
1432 712 1641 748 ὲμφρονέστατά
1660 723 1719 748 πως
1736 702 1856 752 ἀπεκρί-

1062 758 1127 797 νατο
1141 751 1155 778 δ
1176 752 1295 790 Καῖσαρ,
1314 755 1352 786 ὡς
1370 757 1551 794 πρεσϐυτέρῳ
1567 760 1732 796 τυγχάνοντι
1750 751 1858 797 βασιλεῖ

1062 796 1175 842 ῌερσῶν
1201 799 1281 832 αὐτὸς
1306 801 1317 816 ¹
1342 801 1384 828 ἔτι
1407 802 1467 835 νέος
1493 803 1552 836 ὢν,
1577 806 1624 833 καὶ
1657 807 1720 834 ὅσον
1750 808 1797 834 ἐπὶ
1821 809 1855 842 τῇ

1061 841 1137 878 ἀκμῇ
1149 844 1200 879 τῆς
1215 844 1323 880 ἡλικίας
1341 847 1463 880 Χοσρόου
1488 850 1554 882 παίς
1569 851 1723 884 καθεστὼς,
1742 841 1856 888 ἕτοιμος

223 882 305 910 dictis
334 883 425 911 Caesar
444 883 564 912 Nadoem
595 886 707 918 dimisit,
741 893 790 920 me
830 887 916 915 multo
952 893 1013 922 post

1064 875 1106 923 εἴη
1124 875 1268 926 ⁷έιρῖὅίιτερ
1291 875 1326 919 ἂν
1348 875 1451 925 ὲκείνος
1738 875 1856 931 ξιξ-ἓξ

221 929 357 963 delegavit
391 930 424 957 ad
445 935 535 965 partes
572 930 705 964 Orientis,
741 933 786 967 qui
811 934 1011 962 controversias

221 980 354 1010 ponerent
365 981 392 1003 et
403 984 466 1004 cum
495 977 574 1013 120
594 978 737 1006 Persarum
749 979 917 1015 principibus
938 987 1009 1008 con-

222 1021 355 1049 venirent.
379 1021 500 1050 Fuerunt
523 1030 586 1051 vero
612 1024 658 1058 qui
687 1024 762 1053 missi
789 1030 853 1053 sunt
874 1020 893 1052 la
910 1025 1010 1052 Roma-

221 1066 264 1093 nis
283 1065 455 1100 Theodorus,
482 1066 554 1095 Petri
585 1068 666 1100 (ilius.
687 1074 750 1096 ante
772 1069 826 1097 dux
841 1070 1011 1098 numerario-

221 1119 293 1145 rum,
328 1116 391 1140 tuuc
413 1114 542 1147 temporis
577 1114 768 1143 thesaurorum
799 1123 902 1149 comes,
940 1123 1008 1151 quos

221 1161 378 1197 largitiones
398 1159 519 1188 Rontana
547 1161 637 1196 lingua
668 1167 765 1190 vocant
800 1163 903 1199 (largos
931 1163 1005 1191 enim

221 1214 279 1239 eos,
302 1207 347 1242 qui
363 1207 500 1235 liberalius
524 1216 570 1236 sua
586 1208 761 1243 profundunt,
782 1209 872 1238 Latini
887 1210 1008 1246 vocant),

219 1252 338 1280 Joannes
369 1258 397 1280 et
423 1252 520 1281 Petrus
554 1255 634 1282 ambo
666 1256 824 1284 consulatus
873 1257 1004 1293 dignitate

220 1299 327 1333 ornati;
356 1300 667 1335 prmterea,Zacltarias
698 1302 724 1330 in
751 1303 888 1338 regiorum
924 1304 1010 1332 medi-

220 1351 314 1371 corum
331 1352 472 1373 numerum
488 1347 599 1375 relatus.
619 1347 650 1375 Hi
666 1355 729 1376 vero
743 1349 787 1377 ubi
801 1349 1008 1378 Constantinam

219 1390 313 1417 urbem
339 1390 366 1418 in
384 1392 578 1427 Mesopotamia
603 1394 682 1421 sitam
703 1395 883 1427 advenerunt,
908 1395 1002 1424 Μεδο-

219 1436 279 1463 dem
313 1436 570 1473 Sannachoerigam,
592 1439 636 1473 qui
651 1447 666 1466 a
681 1439 801 1467 Cliosroe
821 1441 847 1467 in
861 1441 919 1468 loca
936 1441 1009 1469 circa

217 1480 324 1509 Nisibin
344 1487 370 1510 et
395 1482 479 1511 Daras
502 1484 600 1512 missus
613 1489 682 1517 erat,
699 1490 902 1520 exspectarunt.
929 1487 1000 1514 Huic

1063 934 1118 961 εἴτε
1137 934 1172 962 τὰ
1186 935 1248 972 ξίφη
1267 937 1390 972 βούλοιτο
1406 940 1462 967 εἶτε
1486 941 1536 976 τὴν
1557 942 1684 978 ἡσυχίαν,
1703 944 1855 980 ἀκολουθή-

1063 989 1132 1008 σειν.
1167 982 1348 1019 ’Δποπέμψας
1372 984 1419 1012 οὖν
1445 987 1492 1014 ἐπὶ
1511 989 1623 1016 τοιοῖσδε
1646 990 1692 1016 τὸν
1711 990 1828 1026 Ναδώην
1842 992 1857 1018 6

1062 1027 1172 1073 Ιςαίσαρ
1190 1028 1241 1056 οὐκ
1260 1030 1290 1061 ἐς
1306 1031 1417 1067 μακρὰν
1434 1033 1482 1060 καὶ
1502 1033 1582 1066 αὐτὸς
1602 1034 1706 1062 ἔστειλε
1719 1037 1791 1064 κατὰ
1806 1037 1856 1073 τὴν

1067 1072 1154 1108 Ἐῲαν
1164 1074 1226 1106 τοὺς
1243 1074 1272 1102 εὖ
1286 1075 1468 1112 διαθήσοντας
1482 1079 1516 1106 τὰ
1531 1080 1680 1114 ἀμφίϐολα,
1701 1081 1730 1112 ἐς
1755 1072 1856 1109 ταυτδν

1062 1119 1308 1155 συνελευσομένους
1331 1124 1390 1155 τοῖς
1411 1124 1525 1160 Περσῶν
1542 1126 1683 1161 ἡγεμόσιν.
1710 1125 1802 1154 Ἦσαν
1827 1129 1856 1156 δὲ

1060 1163 1090 1211 οιΑ
1105 1164 1248 1198 σταλέντες
1275 1167 1413 1203 Θεόδωρος
1436 1170 1450 1196 ό
1478 1170 1604 1206 Πέτρου,
1625 1172 1655 1204 ὃς
1680 1174 1733 1201 τῶν
1761 1176 1791 1202 ἐν
1817 1177 1853 1211 τῇ

1061 1209 1130 1246 αὐλῇ
1165 1212 1325 1247 καταλόγων
1352 1215 1407 1250 πρὸ
1435 1216 1533 1243 τούτου
1562 1218 1711 1254 γενόμενος
1740 1209 1855 1258 ἡγεμὼν

1060 1256 1213 1290 τηνικαῦτα
1229 1258 1284 1285 τῶν
1302 1259 1408 1294 βασιλεί
1429 1261 1581 1297 ἀνειμένων
1601 1256 1780 1301 προειστήκει
1795 1256 1856 1303 ⁷οη-

1061 1302 1191 1338 σαυρῶν,
1214 1303 1242 1330 οἵ
1262 1313 1294 1339 γε
1320 1305 1375 1333 ἀπὸ
1403 1307 1453 1342 τῆς
1480 1307 1621 1342 δαψιλείας
1647 1311 1680 1345 τῇ
1709 1302 1855 1346 Ῥωμαίων

1061 1350 1314 1386 προσαγορεύονται
1338 1353 1414 1387 φωνῇ
1433 1353 1564 1388 (λαργοὺς
1591 1355 1647 1390 γὰρ
1661 1357 1685 1383 οἱ
1701 1357 1811 1384 Λατῖνοι
1824 1358 1856 1385 τὺ

1059 1395 1169 1430 δαψιλὲς
1194 1396 1204 1412 ³
1220 1397 1425 1432 ὀνομάζουσιν),
1459 1399 1586 1435 Ἰωάννης
1610 1410 1640 1428 τε
1669 1403 1717 1429 καὶ
1737 1403 1854 1439 Πέτρος,

1059 1442 1143 1477 ἄμφω
1157 1443 1190 1478 τῇ
1214 1442 1270 1469 τῶν
1286 1443 1398 1470 ὑπάτων
1418 1445 1597 1480 τετιμημένοι
1621 1447 1695 1483 ἀξίᾳ,
1723 1448 1792 1484 πρός
1820 1458 1853 1483 γε

1060 1489 1108 1515 καὶ
1129 1488 1268 1524 Ζαχαρίας
1299 1489 1328 1517 ὲν
1354 1490 1411 1521 τοῖς
1438 1489 1586 1525 βασιλείοις
1612 1495 1852 1528 καταταττόμενος

219 1527 292 1553 enim
325 1527 432 1561 plenam
468 1529 543 1563 pacis
572 1529 765 1557 conﬁrmanda:
810 1531 999 1559 auctoritatem

1062 1535 1175 1570 ῑατροϊς.
1193 1535 1225 1562 Οἳ
1249 1535 1281 1571 δὴ
1295 1535 1436 1571 γενόμενοι
1456 1537 1485 1569 ὲς
1501 1537 1713 1566 Κωνσταντίναν
1734 1527 1812 1567 πόλιν
1828 1540 1852 1574 ⁵,

217 1571 354 1600 Citosroes
372 1573 554 1602 commiserat.
572 1574 671 1602 Eodem
699 1575 757 1602 fere
782 1579 903 1611 tempore
925 1578 1000 1606 Cho-

218 1626 297 1645 sroes
317 1619 457 1646 Asterium
480 1619 515 1655 (is
537 1625 596 1647 erat
616 1629 684 1649 unus
700 1629 734 1649 ex
749 1622 1006 1659 imperatorisjudi-

217 1663 305 1698 cibus,
342 1671 413 1699 quos
449 1666 651 1695 contrascribas
702 1669 860 1704 vocaveris)
895 1670 1006 1703 occidit,

217 1709 281 1745 quia
306 1710 490 1746 deprehensus
510 1717 562 1746 est,
592 1713 656 1741 dum
677 1713 800 1747 captivus
820 1719 904 1747 esset,
933 1715 1005 1743 clam

218 1756 322 1784 litteras
356 1757 500 1791 scripsisse
535 1758 569 1786 ad
588 1758 777 1792 imperatorem
809 1759 1007 1794 Romanorum,

218 1807 259 1836 ut,
275 1803 339 1831 dum
362 1810 404 1830 res
428 1802 570 1831 Persarum
585 1804 690 1833 alllicta:
714 1810 815 1839 essent,
832 1813 879 1834 eos
913 1807 1007 1835 adori-

217 1855 303 1877 retur.
341 1849 470 1877 Mebodes
514 1858 576 1878 cum
611 1851 644 1878 ad
685 1851 785 1879 limites
830 1853 1006 1885 accessisset,

217 1900 356 1923 certamen
378 1895 414 1922 illi
439 1903 500 1923 cunt
519 1896 662 1924 Theodoro
678 1897 848 1925 etZacliaria
876 1899 1008 1933 imprimis

216 1941 277 1972 luit,
302 1948 357 1976 quo
383 1941 408 1969 in
433 1941 491 1969 loco
508 1943 694 1970 convenirent.
726 1943 841 1972 Romani
867 1945 1006 1979 petebant,

220 1992 384 2015 conventum
414 1988 457 2022 agi
478 1988 506 2015 in
532 1988 654 2016 ﬁnitimis
687 1989 772 2018 Duras
794 1990 872 2023 locis,
909 1991 1007 2026 quippe

215 2040 277 2067 quae
295 2041 343 2061 sua
367 2039 471 2062 essent.
488 2034 589 2062 Contra
607 2034 695 2063 Persae
711 2036 849 2069 dicebant,
879 2038 1007 2072 quando-

216 2078 326 2113 quidem
354 2087 385 2107 ea
419 2080 485 2108 urbs
518 2080 577 2114 iure
612 2081 675 2109 belli
713 2082 843 2111 Romanis
884 2083 1005 2118 subjecta

216 2130 297 2160 esset.
316 2133 369 2153 non
383 2133 398 2153 a
415 2126 651 2154 verisimilitudine
677 2127 793 2155 alienum
808 2136 879 2161 esse,
891 2136 1002 2156 omnem

220 2173 357 2207 regionem
382 2173 454 2200 circa
483 2173 556 2200 illam
584 2181 677 2201 eorum
703 2175 826 2208 partibus
853 2175 1003 2207 adhaerere,

1059 1580 1109 1615 τὴν
1136 1580 1238 1616 μεταξὺ
1262 1581 1318 1608 τῶν
1337 1582 1487 1617 ποταμῶν,
1514 1583 1647 1618 ἀνέμενον
1672 1584 1852 1619 ἐλευσόμενον

1059 1626 1092 1652 ὲκ
1110 1626 1158 1653 τοῦ
1174 1627 1296 1662 Χοσρόου
1327 1628 1357 1659 ἐς
1384 1627 1419 1654 τὰ
1442 1629 1507 1663 περὶ
1530 1629 1639 1657 Νίσιϐιν
1654 1630 1746 1657 καὶτὸ
1758 1632 1853 1666 Δάρας

1059 1671 1194 1707 Μεὸώὸην
1222 1672 1268 1700 τὸν
1292 1673 1529 1709 Σανναθοερύγαν,
1549 1671 1572 1709 ᾧ
1586 1675 1619 1711 δὴ
1637 1676 1668 1702 τὺ
1687 1676 1772 1711 κῦρος
1796 1677 1852 1703 τῶν

1059 1717 1123 1752 περὶ
1147 1717 1196 1753 τὴν
1211 1718 1324 1754 εἰρήνην
1348 1719 1467 1755 ἐπέθηκε
1483 1720 1620 1756 Χοσρόης.
1643 1721 1713 1749 Κατ’
1727 1722 1809 1749 αὑτὸν
1822 1722 1851 1750 δὲ

1058 1761 1104 1788 τὸν
1120 1762 1215 1797 χρόνον
1232 1764 1281 1790 καὶ
1299 1764 1450 1799 Ἀστέριος,
1466 1763 1507 1797 εἷς
1524 1765 1578 1792 τῶν
1590 1766 1735 1801 βασιλείων
1748 1767 1852 1803 διαιτη-

1057 1808 1122 1842 τῶν,
1137 1808 1185 1841 οὓς
1199 1809 1231 1844 δὴ
1244 1810 1430 1845 ἀντιγραφέας
1450 1812 1650 1845 ἀποκαλέσοις,
1676 1813 1851 1849 δορυάλωτος

1057 1853 1096 1881 ὢν
1125 1855 1245 1891 ἀνῃρέθη
1268 1856 1321 1883 ὑπὸ
1344 1858 1476 1893 Χοσρόου,
1503 1859 1640 1894 φωραθεὶς
1666 1859 1704 1890 ὡς
1728 1859 1851 1895 κρύϐδην

1059 1898 1207 1934 ἐγεγράφει
1232 1899 1338 1934 βασιλεί
1361 1901 1416 1928 τῶν
1435 1901 1585 1938 Ῥωμαίων
1607 1903 1749 1931 ἐπιθέσθαι
1764 1912 1850 1932 κεκα-

1058 1943 1194 1979 κωμένοις
1210 1945 1258 1973 νῦν
1281 1945 1412 1982 Πέρσαις,
1435 1947 1566 1974 Μεϐώδου
1583 1948 1612 1974 δὲ
1634 1949 1803 1984 ἀφικομένου
1819 1950 1850 1976 ὲν

1057 1989 1114 2021 τοῖς
1131 1989 1217 2026 ὁρίοις
1235 1990 1338 2026 ἅμιλλα
1364 1993 1414 2027 μέν
1440 2001 1483 2024 τις
1498 1994 1594 2028 γέγονε
1618 1993 1751 2029 πρότερον
1771 1994 1850 2029 αὐτῷ

1057 2043 1087 2061 τε
1105 2035 1153 2062 καὶ¹
1179 2037 1235 2068 τοῖς
1259 2037 1332 2072 ἀμφὶ
1348 2037 1480 2074 θεοδώρῳ
1496 2040 1543 2067 καὶ
1564 2039 1687 2075 Ζαχαρίᾳ
1710 2040 1777 2076 περὶ
1800 2041 1849 2067 τοῦ

1057 2083 1118 2110 ὅποι
1133 2083 1192 2110 δέον
1211 2084 1375 2119 ποιήσασθαι
1389 2085 1439 2120 τὴν
1452 2084 1617 2118 ξυνέλευσιν.
1644 2085 1775 2122 Ῥωμαῖοι
1799 2086 1849 2121 μὲν

1057 2127 1112 2162 γὰρ
1125 2127 1218 2162 ἠξίουν
1230 2129 1259 2155 ὲν
1276 2130 1333 2160 τοῖς
1346 2129 1471 2156 τελοῦσιν
1482 2130 1529 2156 ἐπὶ
1543 2131 1553 2146 ⁵
1567 2130 1597 2156 τὸ
1612 2131 1701 2165 Δάρας
1723 2130 1848 2166 χωρίοις,

1057 2171 1102 2200 οἷα
1112 2173 1143 2209 δὴ
1157 2174 1268 2206 οίκείοις
1284 2175 1450 2208 καθεστῶσι,
1463 2175 1669 2211 ξυγκροτεὴθαι
1681 2176 1731 2211 τὴν
1747 2177 1849 2212 ἐκκλη-

220 2225 307 2252 neque
338 2219 393 2246 illic
414 2219 448 2246 ad
473 2219 633 2254 colloquium
666 2221 812 2248 convenire
864 2225 1003 2255 oportere,

1060 2220 1119 2248 σίαν
1130 2228 1138 2236 '
1158 2221 1229 2256 ἀτὰρ
1249 2222 1273 2247 οἱ
1287 2221 1393 2256 Πέρσαι
1408 2221 1537 2256 ἔφασκον,
1556 2221 1646 2256 ἐπεὶή
1662 2221 1739 2253 πόλις
1755 2211 1848 2254 αὖτοίς

218 2265 282 2297 quia
305 2265 416 2292 minimc
429 2265 502 2300 regio
519 2265 562 2292 illa
583 2270 656 2293 esset
676 2266 747 2293 inter
766 2267 917 2294 limitaneas
937 2274 1002 2294 cen-

217 2309 313 2336 senda.
334 2309 398 2337 Post
417 2309 494 2342 'lnnc,
515 2309 567 2344 (sic
587 2311 658 2338 enim
686 2311 808 2346 utrisque
829 2311 939 2346 visum),
969 2312 1003 2339 ad

217 2355 426 2390 colloquendum
461 2361 649 2384 convenerunt
676 2357 794 2389 inloco,
827 2357 873 2392 qui
904 2358 1003 2386 dicitur

215 2402 355 2435 Atraelon,
367 2406 394 2430 et
409 2410 470 2430 cum
486 2403 538 2430 illis
555 2410 662 2437 quoque
679 2404 830 2437 reipublicae
860 2405 1003 2439 utriusque

212 2448 359 2482 principes,
387 2449 432 2484 qui
456 2456 503 2476 eis
539 2449 663 2483 regiones
697 2449 860 2478 incolebant.
903 2451 960 2479 Illic
976 2452 1002 2479 in

215 2494 333 2522 medium
353 2495 569 2529 proposuerunt,|
579 2502 645 2530 quas
667 2495 736 2522 ultro
759 2496 882 2530 citroque
906 2497 1003 2525 existi-

214 2540 328 2568 mabant
340 2541 440 2568 habere
449 2548 478 2569 se
492 2541 737 2576 mutuolaccusandi
749 2549 856 2575 causas,
867 2550 926 2577 quae.
937 2543 1005 2570 alter

211 2587 330 2620 popnius
347 2587 424 2614 alteri
445 2587 542 2614 damna
561 2587 714 2620 intulisset,
736 2593 782 2615 aut
796 2588 894 2616 bellum
912 2588 1002 2617 facere

213 2637 440 2668 praeoccupasset.
468 2632 560 2668 Itaque
574 2640 636 2661 cum
658 2633 766 2668 utrique
782 2633 872 2668 plures
898 2641 1004 2662 sermo-

1055 2267 1094 2303 τῷ
1110 2267 1203 2303 θεσμῷ
1222 2267 1269 2294 τοῦ
1289 2267 1408 2302 πολέμου
1425 2268 1571 2303 ὑπεκλίθη,
1595 2269 1646 2295 οὐκ
1663 2268 1717 2295 ἀπὸ
1733 2270 1848 2303 τρόπου,

1055 2314 1103 2340 καὶ
1121 2314 1155 2341 τὰ
1173 2313 1223 2340 ὅσα
1239 2322 1270 2348 γε
1285 2313 1339 2340 ὑπὸ
1355 2315 1403 2347 τὴν
1417 2313 1495 2340 πόλιν
1509 2314 1640 2350 ἁρμόζειν
1653 2314 1756 2346 αὐτοῖς,
1775 2315 1822 2341 καὶ
1837 2315 1849 2331 ⁶

1053 2360 1085 2386 οὺ
1108 2360 1167 2387 δέον
1187 2360 1277 2387 ἐκεῖσε
1292 2359 1423 2393 ξυνιέναι,
1439 2357 1483 2386 οἷα
1502 2361 1539 2396 μὴ
1556 2360 1735 2388 καθεστώτων
1752 2360 1848 2395 ὁροθε-

1055 2406 1120 2432 σὶων
1135 2406 1155 2433 ⁷.
1177 2406 1255 2433 Μετὰ
1267 2406 1332 2440 γοῦν
1347 2406 1444 2438 ταῦτα,
1465 2406 1537 2433 οὕτω
1556 2407 1652 2433 δοκοῦν
1678 2407 1847 2442 ἀμφοτέροις

1052 2453 1109 2483 τοῖς
1125 2451 1232 2487 μέρεσι,
1247 2452 1377 2488 ξυνῆλθον
1398 2453 1427 2479 ἐν
1448 2452 1488 2488 τῷ
1511 2453 1544 2488 δὴ
1557 2453 1699 2489 λεγομένῳ
1724 2453 1845 2488 Ἀθραή-

1052 2497 1122 2530 λωνλε
1142 2498 1210 2533 πρὸς
1223 2499 1281 2529 τοῖς
1294 2498 1340 2524 καὶ
1355 2498 1379 2524 οἱ
1403 2498 1546 2533 ἐπιχώριοι
1562 2498 1692 2534 ἄρχοντες
1708 2498 1846 2530 πολιτείας

1053 2543 1224 2578 ἀμφοτέρας.
1242 2544 1298 2571 Καὶ
1312 2544 1402 2571 τοίνυν
1421 2544 1602 2579 προὺτίθεσαν
1616 2545 1647 2575 ac
1662 2544 1673 2560 ⁸
1689 2552 1722 2578 γε
1742 2544 1846 2579 δήπου-

1054 2589 1101 2616 θεν
1114 2589 1199 2625 (pono
1209 2591 1269 2616 κατ’
1284 2590 1407 2625 ἀλλήλων
1423 2590 1472 2621 τὰς
1485 2590 1623 2621 πολιτείας
1636 2591 1646 2605 ⁹
1660 2590 1733 2625 ἔχειν
1744 2590 1846 2623 αἰτίας,

1054 2634 1091 2667 ὡς
1107 2636 1156 2669 τῆς
1174 2635 1270 2670 ἐτέρας
1296 2635 1348 2671 τὴν
1374 2636 1472 2671 ἑτέραν
1495 2636 1576 2664 ἅδικὰ
1590 2644 1620 2662 τε
1647 2637 1694 2662 καὶ
1715 2637 1765 2671 οὐχ
1783 2636 1846 2663 ὅσια

845 2722 964 2752 νΑιιυΕ
984 2723 1183 2752 LECTIONES.

250 2793 274 2835 ’ξ
286 2792 391 2838 ὃςθτῆςΧ
410 2792 454 2836 ειη
474 2793 639 2838 ὅστιςωνυιιςΖ
658 2795 687 2838 νί
705 2795 748 2827 τίς
775 2794 832 2838 ἄρα
860 2795 984 2838 πολιτεία
1002 2795 1047 2838 ll.,
1065 2794 1435 2838 ﬁiglipg‘mpﬁiaf‘vulg.

631 2830 642 2845 ‘
658 2831 863 2857 Κωνσταντίνου
888 2831 968 2858 πόλιν
989 2832 1038 2867 τὴν
1065 2830 1097 2857 ll.
1117 2830 1219 2866 (male).
1243 2832 1253 2848 "
1268 2831 1320 2858 ὑπὸ
1339 2830 1379 2863 B.,
1411 2830 1456 2857 ἐπὶ
1486 2830 1558 2865 vulg.

639 2864 670 2892 ἃς
696 2865 737 2892 Β..
763 2865 800 2892 ὦς
828 2866 900 2892 vuln.
939 2867 1011 2892 θτῆε
1041 2866 1100 2892 πολ.
1117 2866 1188 2892 vuln.

963 2875 1011 2902 της
1041 2874 1100 2892 πω..
1117 2874 1188 2902 vulg.

212 2825 298 2863 :zob;
314 2825 437 2863 δαψιλεῖς
448 2825 532 2863 conj.
540 2825 577 2856 7N.

212 2860 276 2889 Par.
314 2860 474 2897 ⁷ὸροθάσιον
505 2860 575 2899 vulg.
613 2864 670 2896 “Et;
696 2865 737 2900 0.,
763 2865 800 2897 ὦς
828 2866 900 2902 vulg.

1474 2795 1485 2810 ¹
1502 2793 1584 2826 αὐτὸς
1599 2793 1644 2825 11.,
1662 2793 1755 2825 αὐτοῖς
1771 2794 1845 2828 vulg.

1613 2830 1623 2845 ⁶
1640 2829 1685 2856 καὶ
1708 2837 1763 2856 om.
1799 2830 1843 2857 ed.
