1951 3074
70 135 124 168 829

478 140 527 170 DE
544 139 827 171 LEGATIONIBUS
844 141 1022 174 GENTIUM
1039 145 1089 174 AD
1109 145 1298 177 ROMANOS.

1643 151 1696 181 8130

71 192 257 229 εἰργασμένης
273 214 280 227 ,
307 195 574 230 παρασωνδησάσης
601 204 630 223 τε
661 195 709 222 καὶ
738 196 857 231 πόλεμον

920 205 956 225 les
975 206 1057 234 super
1072 201 1122 229 hac
1135 209 1163 228 re
1172 201 1332 236 jactasseut,
1343 207 1371 230 et
1384 203 1569 238 unusquisque
1580 204 1695 239 abunde,

71 240 163 266 ἄδικον
186 240 328 276 ἑλομένης.
368 241 506 268 Πλείστων
529 241 557 268 δὲ
583 242 654 269 ὅσων
675 242 807 277 ῥημάτων
830 242 859 276 ἐξ

72 287 175 321 ἀμφοῖν
202 288 260 313 τοῖν
290 288 401 322 μεροῖν,
427 287 466 319 ὥς
488 297 526 323 πη
545 287 651 322 ἔτυχεν,
671 288 859 323 ἐρριμμένων,

72 331 157 366 χύδην
181 340 210 358 τε
228 332 380 367 περιουσῶν
396 331 451 359 τῶν
475 332 663 367 δικαιολογιῶν
687 332 725 367 τῷ
747 333 861 360 ἕκαστον

72 377 176 404 ἐθέλειν
201 378 235 412 τῇ
252 377 312 404 κατ’
336 377 417 404 αὐτὸν
446 379 580 413 πολιτείᾳ,
597 375 641 405 οἷα
657 378 740 411 εἰκὸς,
769 378 859 405 εὐνού-

73 431 171 450 στατον
200 423 298 450 ἑαυτὸν
326 423 486 459 ἀποφῆναι,
519 424 596 455 τέλος
630 425 660 456 ἐς
690 423 861 460 δημηγορίαν

72 468 177 504 πρῶτοι
198 467 329 503 Ῥωμαῖοι
345 470 525 504 κατέστησαν.

107 515 159 542 κδ’.
171 515 233 542 Ὀτι
244 516 268 542 οἱ
279 515 409 550 πρέσὸεις
420 515 592 549 ξυνελθόντες
600 524 628 542 τε
639 516 686 542 καὶ
695 516 734 547 εἰς
745 515 775 542 ἓν
783 516 860 549 γενό-

73 569 150 596 μενοι
159 560 230 587 κατὰ
238 561 271 596 δὴ
280 560 314 587 τὰ
322 561 384 596 ὅρια
392 560 500 595 τῆςἚω
509 559 539 593 ἐξ
547 561 705 595 ἀμφοτέρας
715 561 860 594 πολιτείας,

71 605 123 640 τὴν
140 605 256 640 εἰρήνην
272 605 346 635 ὅπως
373 603 554 638 βεϐαιωθῆναι
566 603 624 629 δέον
645 603 860 638 διασκεψόμενοι,

76 650 203 686 γλαφυρά
217 658 249 676 τε
263 651 311 677 καὶ
321 649 431 676 ποικίλα
448 650 558 685 ῥήματα
567 649 677 676 ἕκαστοι
691 649 863 685 ἀπορρίψαν-

74 704 129 728 τες,
143 695 269 726 εἰπόντες
282 703 312 721 τε
328 695 375 721 καὶ
385 695 533 730 ἀκηκοότες
544 695 578 722 τὰ
591 695 641 721 ὅσα
659 695 758 730 χρεὼν,
782 694 863 730 τυχὸν

73 740 122 768 καὶ
132 741 168 767 τὰ
179 741 237 774 ὅσα¹
246 740 284 775 μὴ
302 739 401 775 χρεὼν,
412 739 489 771 τέλος
498 739 616 775 ξυνῇκαν
627 740 652 766 οἱ
661 739 789 775 πρέσϐεις
799 740 864 774 περὶ

75 787 124 821 μὲν
139 785 188 813 τοῦ
203 786 389 821 διαρραγῆναι
403 785 452 817 τὰς
469 785 587 817 σπονδὰς
600 785 642 817 τίς
658 785 745 817 αἴτιος
757 786 802 811 καὶ
821 784 862 818 οὒ,

73 832 103 858 τὸ
122 830 227 858 τοιόνδε
244 830 401 865 σιγηθῆναι,
418 828 593 865 διερευνῆσαι
610 828 639 855 δὲ
654 829 830 864 τρόπον,ὂτῳ
842 829 864 845 ¹⁰

74 875 305 912 ἐμπεδωθήσεται
319 875 352 901 τὰ
377 876 503 911 εἰρηναῖα
523 875 569 900 τοῦ
594 874 689 901 λοιποῦ
708 875 756 902 καὶ
769 875 796 902 αί
812 875 866 910 ὰμ-
881 872 903 901 Β

75 923 206 958 φήριστοι
232 921 366 948 πολιτεῖαι
391 921 552 948 κατάθοιντο
579 920 613 947 τὰ
627 920 706 948 ὅπλα.
721 920 809 953 Εὐθὺς
819 918 865 948 οὖν

74 967 207 995 Μεῦώδου
224 967 294 993 κατὰ
306 966 356 998 τὰς
373 965 468 1001 πρώην
484 965 631 1001 ξυνθήκας,
653 967 681 993 αῖ
699 966 866 1001 ξυνέστησαν

75 1013 123 1040 ἐπὶ
134 1012 182 1040 τοῦ
199 1012 401 1048 αὐτοκράτορος
425 1011 625 1045 Ἰουστινιανοῦ,
648 1011 698 1044 τὰς
718 1012 866 1047 τριάκοντα

75 1057 201 1093 χιλιάδας
227 1057 281 1084 τῶν
310 1057 487 1092 νομισμάτων
511 1057 647 1092 φήσαντος
676 1057 774 1092 χρῆναι
802 1057 867 1088 τοὺς

85 1104 242 1139 Ῥωμαίους
254 1105 287 1139 τῇ
301 1103 423 1139 πολιτείᾳ
432 1103 544 1138 Περσῶν
554 1102 731 1130 κατατιθέναι
741 1103 782 1129 ἀν’
794 1103 864 1135 έτος,

75 1149 116 1176 ἔτι
147 1157 181 1184 γε
211 1149 265 1184 μὴν
280 1148 460 1184 ἀποχωρῆσαι
491 1147 700 1183 Περσαρμενίας
722 1148 742 1164 “
761 1156 791 1174 τε
819 1148 866 1175 καὶ

84 1194 218 1230 Ίὸηρίας.
231 1194 300 1229 πρὸς
316 1194 345 1220 δέ
357 1202 390 1228 γε
405 1193 453 1220 καὶ
466 1194 567 1225 αὐτοὺς
589 1193 652 1224 τοὺς
663 1193 720 1220 ὅσοι
739 1201 770 1227 γε
786 1192 867 1219 αἴτιοι

79 1241 128 1276 τῆς
154 1240 327 1271 ἁποστασίας
358 1239 522 1274 ἀποδοθῆναι
539 1238 645 1274 βασιλεῖ
673 1238 728 1265 τῶν
754 1237 867 1273 Περσῶν

77 1285 242 1321 χρησομένῳ
258 1285 334 1319 σφίσι
348 1286 408 1316 ταῖς
421 1285 626 1320 προσηκούσαις
650 1286 753 1319 φωναῖς
767 1286 799 1312 ¹¹.
815 1285 867 1311 Τοο

80 1331 169 1358 σαῦτα
199 1331 248 1358 τοῦ
275 1330 405 1358 Μεὸὡδου
432 1331 648 1364 κατατείναντος,
677 1332 701 1358 οἱ
725 1330 779 1358 τῶν
798 1331 867 1357 Ῥω-

81 1377 168 1413 μαίων
182 1377 323 1413 πρέσϐεις,
339 1377 370 1404 τὸ
383 1377 486 1404 τοιόνδε
501 1378 533 1404 ὲκ
559 1377 606 1404 τοῦ
635 1377 775 1412 Καίσαρος
796 1386 868 1412 παρ-

79 1423 217 1459 εγγυηθὲν
232 1424 335 1455 αὐτοῖς,
352 1423 452 1450 αὐτίκα
468 1422 495 1449 οῖ
510 1431 542 1457 γε
556 1422 634 1449 τοῦτο
654 1423 719 1449 αὐτὸ
733 1423 793 1449 οὐδὲ
803 1421 866 1449 τοῦ-

80 1478 151 1504 νομα
164 1468 329 1505 προσίεσθαι
338 1467 443 1503 ἔφασαν
453 1468 503 1503 τῆς
515 1469 635 1504 εἰρήνης,
654 1467 733 1504 εἴπερ
745 1468 791 1494 ἐπὶ
802 1476 866 1494 συν-

79 1514 170 1550 τελείᾳ
184 1514 241 1542 τινί¹
264 1515 312 1541 καὶ
337 1514 386 1541 ἆτε
420 1515 448 1545 ές
476 1513 561 1549 φόρου
583 1513 734 1548 ἀπαγωγὴν
761 1513 868 1549 Πέρσαι

79 1559 217 1592 ἐλπίζοιεν
242 1560 400 1595 Ῥωμαίους
414 1559 485 1593 ἕξειν
499 1559 545 1586 τοῦ
582 1559 677 1586 λοιποῦ
689 1567 696 1574 ·
714 1559 782 1594 μηδὲ
814 1558 868 1595 γὰρ

80 1605 225 1638 ἀνέξεσθαι
238 1604 285 1632 τοῦ
300 1605 403 1632 τοιοῦδε
416 1605 462 1631 τὸν
480 1604 607 1640 Καίσαρά
626 1613 653 1630 τι
668 1604 867 1640 παρασχέσθαι,

81 1651 151 1686 μήτε
174 1650 231 1687 μὴν
255 1650 350 1686 ὥσπερ
373 1650 470 1685 ἀμέλει
492 1650 570 1677 ὤνιόν
587 1659 614 1677 τι
625 1650 721 1686 χρῆμα
736 1649 868 1686 πρίασθαι

78 1695 127 1730 τὴν
137 1695 253 1731 εἰρήνην
269 1703 276 1711 ⁸
294 1694 366 1722 οὕτω
381 1696 414 1728 δὴ
428 1695 483 1731 γὰρ
501 1697 524 1722 εἰ
539 1695 637 1726 ἔσοιτο,
650 1694 680 1722 οὗ
694 1704 721 1722 τι
735 1693 804 1721 εἰναι
820 1695 870 1729 μό-

79 1750 156 1776 νιμον
168 1741 236 1768 οὐδὲ
252 1741 374 1777 βεὸαίαν.
388 1742 494 1776 Χρῆναι
509 1741 599 1768 τοίνυν
618 1741 761 1776 Ῥωμαίων
775 1741 868 1775 ἔλεγον

81 1786 105 1812 οἰ
120 1786 189 1821 πρέσ
198 1785 255 1817 ϐεις
265 1785 398 1821 πρότερον
413 1785 460 1812 τοῦ
487 1785 590 1813 τοιοῦδε
599 1786 737 1818 ἀπειπεῖν,
754 1785 826 1812 οὕτω
839 1794 870 1811 τε

83 1832 125 1866 ἐφ’
141 1828 181 1863 οῖς
200 1832 255 1858 δέοι
268 1831 304 1858 τὰ
317 1832 368 1866 τῆς
383 1832 494 1866 εἰρήνης
509 1831 634 1866 προϊέναι
660 1830 870 1865 διασκέψασθαι.

82 1877 137 1903 Καὶ
149 1876 230 1908 αὖθις
243 1876 322 1903 ἕκατι
335 1876 382 1902 τοῦ
396 1876 499 1902 τοιοῦδε
521 1876 664 1911 τερθρειας
681 1876 768 1910 λόγων
782 1876 870 1911 ἁπερ-

83 1921 220 1957 ριμμένης
244 1921 344 1956 πολλῆς
368 1921 396 1954 ἐξ
413 1922 514 1955 ἀμφοῖν
540 1922 596 1947 τοῖν
626 1923 729 1956 μεροῖν,
757 1922 805 1947 καὶ
822 1921 871 1956 οὐχ

83 1967 282 2004 ὖποχαλώντων
300 1968 328 1994 ὲν
341 1968 412 2002 ἀρχῇ
427 1967 480 1993 τῶν
500 1967 626 2002 Περσῶν,
641 1967 697 1994 ἀλλ’
712 1967 729 2003 ἢ
745 1967 793 1999 τὰς
809 1968 871 1994 ἀνέ-

83 2014 167 2042 καθεν
181 2014 328 2049 τριάκοντα
339 2013 461 2048 χιλιάδας
475 2013 522 2039 τοῦ
551 2012 652 2048 χρυσοῦ
674 2013 840 2048 νομίσματος
856 2014 872 2048 ἢ

84 2059 232 2095 προσάπαξ
247 2058 285 2090 ὡς
303 2058 356 2094 χρὴ
381 2058 452 2093 μέγα
466 2067 491 2084 τι
515 2058 681 2085 καταθέσθαι
692 2058 874 2092 δικαιολογου-

87 2105 188 2138 μένων,
202 2104 232 2130 τὸ
245 2103 401 2130 τελευταῖον
415 2102 503 2135 ἔδοξεν
516 2103 530 2130 ὁ
544 2103 676 2139 Μεϐώδης
691 2104 872 2131 ἐπιδεικνύναι

84 2149 165 2184 δῆθεν
181 2149 272 2180 αὐτοῖς
289 2149 321 2174 ὲκ
342 2147 389 2174 τοῦ
419 2149 479 2174 κατ’
494 2148 577 2175 αὑτὸν
602 2149 733 2184 βασιλέως
758 2149 874 2185 γράμμα.

911 254 964 281 quo
979 253 1009 275 se
1031 255 1088 275 suae
1121 249 1227 283 patrne,
1245 253 1274 275 ut
1290 248 1413 281 decebat,
1437 255 1572 277 amantem
1589 255 1615 278 et
1636 256 1695 278 stu-

911 293 1016 321 diosum
1051 294 1219 325 Ostenderet,
1238 294 1327 328 justas
1358 294 1491 323 rationes.
1514 295 1612 328 quibus
1635 302 1694 322 eam

912 343 1033 367 tueretur
1055 345 1083 367 et
1099 339 1265 372 defenderet,
1296 340 1441 373 attulisset,
1471 341 1577 368 tandem
1615 341 1696 376 primi

911 384 1027 412 Romani
1054 385 1213 414 concionem
1241 387 1311 421 apud
1336 390 1500 414 conventum
1520 387 1685 414 habuerunt.

946 518 991 546 24.
1024 517 1069 552 (Δ.
1093 517 1125 546 C.
1150 518 1212 546 577.
1235 517 1294 546 Ind.
1329 517 1373 551 10,
1395 517 1494 546 Justiui
1523 518 1579 554 15.)
1604 518 1698 554 Legati

912 564 1105 592 convenientes
1137 568 1165 591 et
1202 563 1229 590 in
1258 571 1340 591 unum
1376 564 1515 599 congressi
1557 563 1590 590 ad
1630 564 1698 592 lines

912 609 1033 638 Orientis
1056 608 1090 635 ab
1113 612 1228 642 utroque
1252 614 1345 642 regno,
1374 613 1404 635 ut
1427 608 1599 643 dispicereut,
1623 615 1698 643 quo-

914 655 994 682 modo
1020 661 1115 689 pacem
1150 653 1254 681 ﬁrmam
1289 654 1427 685 facerent.
1453 653 1557 681 lubrica
1585 659 1613 681 et
1640 661 1699 682 am-

915 700 996 735 bigua
1011 699 1090 727 verba
1108 699 1234 734 utrinque
1259 699 1419 733 emiserunt,
1437 704 1465 727 et
1477 707 1538 734 qua:
1557 699 1608 727 dici
1622 707 1701 734 opor-

916 744 978 777 tuit,
990 744 1117 772 dixerunt
1128 748 1156 771 et
1175 744 1330 776 audierunt.
1357 748 1384 771 et
1408 744 1478 771 forte
1501 751 1561 778 quae
1587 745 1700 772 minime

915 790 968 818 dici
985 790 1148 817 debuerunt.
1180 789 1300 816 Tandem
1318 789 1382 816 illud
1405 789 1556 824 disquirere
1574 797 1700 825 superse-

916 835 1028 868 derunt,
1056 835 1110 862 utri
1135 834 1236 869 populo
1261 834 1383 869 itedcris_
1394 834 1504 861 violatio
1525 835 1699 863 attribuenda

918 886 1002 915 esset,
1014 885 1042 909 et
1055 881 1188 908 rationem
1204 881 1366 915 investigare
1381 880 1469 908 conati
1481 886 1555 912 sunt,
1566 882 1701 916 quomodo

917 928 944 956 iu
956 932 1092 962 posterum
1107 933 1159 961 pax
1173 925 1259 954 ﬁrmis
1277 926 1354 961 121
1377 926 1599 953 conventionibus
1614 925 1701 953 stabi-

917 973 1030 1004 lirelur.
1056 979 1085 1000 et
1107 972 1224 1000 inimica:
1246 977 1341 1007 gentes
1363 971 1396 999 ab
1416 971 1499 999 armis
1520 970 1700 999 discederent.

917 1017 1014 1046 Statim
1028 1016 1155 1046 Mebodes
1175 1017 1318 1051 suggessit.
1340 1024 1446 1052 aequum
1467 1023 1539 1049 esse,
1565 1015 1701 1043 Romanos

916 1062 1033 1098 pendere
1057 1062 1202 1089 Persarum
1239 1061 1392 1096 reipublica:
1421 1061 1567 1096 quotannis
1591 1060 1701 1094 triginta

918 1109 1001 1137 millia
1019 1116 1174 1136 aureorum.
1203 1108 1249 1136 Sic
1265 1108 1336 1135 enim
1354 1107 1578 1136 conventiouibns
1592 1112 1702 1135 cautum

915 1162 994 1188 esse,
1020 1162 1080 1188 quae
1110 1159 1232 1188 tempore
1253 1153 1400 1181 Iustiniani
1426 1153 1599 1188 imperatoris
1623 1152 1704 1179 facta:

916 1205 1006 1229 erant.
1036 1200 1170 1228 Prreterea
1192 1200 1379 1228 Persarmenia
1400 1205 1428 1227 et
1449 1200 1538 1227 lberia
1563 1199 1702 1230 cederent,

917 1251 945 1274 et
964 1253 1059 1274 omnes
1081 1246 1239 1274 defectionis
1263 1250 1390 1273 auctores
1407 1246 1462 1280 regi
1478 1245 1622 1272 Persarum
1643 1245 1704 1271 red-

916 1290 1023 1322 derent,
1037 1297 1105 1325 quos
1130 1290 1225 1317 merita
1247 1295 1335 1318 morte
1357 1289 1484 1317 alliceret.
1515 1289 1577 1316 llaec
1602 1294 1630 1316 et
1650 1289 1702 1316 alia

917 1335 1070 1371 huiusmodi
1084 1335 1195 1363 Mebode
1211 1340 1390 1370 proponente,
1415 1335 1599 1362 Romanorum
1622 1334 1704 1369 legali

917 1381 1064 1409 Secundum
1088 1381 1202 1408 Caesaris
1226 1381 1351 1408 mandata
1375 1385 1473 1408 contra
1501 1380 1702 1412 disseruerunt,

918 1430 945 1453 et
961 1424 1103 1452 confestim
1121 1425 1330 1459 responderunt,
1353 1432 1383 1452 se
1401 1425 1451 1452 hoc
1469 1432 1503 1452 ue
1524 1432 1573 1459 pro
1597 1423 1706 1451 nomine

918 1471 1025 1506 quidem
1044 1471 1118 1506 pacis
1131 1470 1285 1504 admittere,
1302 1471 1324 1498 si
1340 1478 1399 1498 cum
1413 1470 1507 1498 tributi
1524 1470 1706 1504 pcusitatione

918 1516 1007 1543 Persa:
1019 1519 1161 1550 sperarent
1175 1516 1199 1542 in
1211 1519 1350 1550 posterum
1363 1515 1499 1542 Romanos
1512 1514 1563 1542 sibi
1575 1513 1706 1542 obnoxios

919 1562 1093 1589 constituere.
1112 1560 1167 1588 Nec
1179 1561 1251 1587 enim
1262 1560 1395 1588 Caesarem
1410 1560 1557 1595 quidquam
1572 1560 1700 1593 pendere.

920 1614 1007 1642 neque
1023 1614 1128 1641 pacem.
1149 1611 1276 1640 tanquam
1293 1613 1349 1633 rem
1366 1605 1498 1639 venalem,
1514 1612 1603 1633 emere
1618 1605 1705 1638 velle;

919 1660 989 1688 qum,
1004 1653 1026 1679 si
1042 1652 1077 1678 ita
1090 1651 1271 1686 contingeret,
1286 1658 1339 1678 non
1353 1650 1397 1678 diu
1415 1655 1599 1685 permaneret.
1616 1657 1706 1684 neque

921 1698 998 1725 lirma
1015 1697 1094 1725 foret.
1114 1695 1246 1731 Oportere
1270 1696 1352 1731 igitur
1378 1696 1512 1731 imprimis
1530 1701 1615 1724 totum
1636 1697 1708 1724 hunc

921 1750 1074 1772 sermonem
1091 1742 1227 1775 omittere,
1244 1745 1300 1768 tum
1314 1741 1432 1774 demum,
1459 1741 1558 1776 quibus
1573 1742 1708 1769 conditio-

922 1790 1000 1817 nibus
1022 1796 1073 1824 pax
1097 1787 1240 1815 vincienda
1256 1787 1301 1821 sit,
1324 1788 1476 1815 advertere.
1503 1786 1608 1816 Rursus
1626 1795 1709 1822 super

922 1836 965 1863 bis
991 1843 1052 1863 cum
1074 1839 1196 1869 utraeque
1218 1838 1307 1868 partes
1333 1833 1360 1860 in
1388 1833 1488 1861 multas
1516 1833 1708 1861 altercationes

923 1881 1086 1916 erupissent,
1104 1885 1132 1908 et
1147 1880 1237 1907 Persa;
1255 1879 1366 1907 minime
1380 1879 1519 1911 cederent,
1545 1879 1592 1907 sed
1609 1879 1709 1907 obnixe

923 1928 1127 1959 contenderent,
1143 1926 1244 1961 justum
1263 1932 1334 1957 esse,
1354 1925 1492 1952 Romanos
1508 1930 1554 1952 aut
1575 1925 1708 1952 constitu-

925 1978 981 2001 tum
999 1973 1107 2008 triginta
1128 1972 1242 1998 millium
1257 1977 1400 1997 aureorum
1420 1970 1548 1997 tributum
1565 1970 1710 2004 quotannis

925 2017 1051 2053 pendere,
1066 2021 1112 2044 aut
1128 2015 1210 2043 semel
1226 2022 1350 2050 magnam
1367 2014 1485 2048 aliquam
1501 2014 1622 2048 pecuniae
1634 2021 1708 2042 sum.

925 2073 1007 2098 mam,
1031 2065 1137 2092 tandem
1158 2063 1261 2091 Mebodi
1284 2061 1414 2088 Romanis
1438 2061 1541 2088 litteras
1563 2060 1708 2088 Persarum

926 2110 998 2145 regis
1015 2117 1100 2145 nuper
1118 2110 1150 2136 ad
1167 2116 1197 2136 se
1214 2109 1329 2142 scriptas
1347 2107 1492 2136 ostendere
1514 2107 1624 2142 placuit,
1648 2107 1710 2141 qui-

927 2156 976 2183 bus
991 2163 1019 2183 se
1032 2159 1141 2189 propter
1157 2154 1274 2182 Cat-saris
1288 2153 1435 2180 amicitiam
1448 2153 1529 2180 etiam
1547 2152 1617 2179 nulla
1630 2159 1710 2186 pecu-

85 2196 149 2230 ἄρτι
165 2194 312 2227 σταλὲν,ὲν
334 2191 357 2228 ᾦ
384 2194 547 2229 περιείχετο,
570 2194 608 2226 ὡς
625 2194 705 2230 χάριν
731 2194 781 2230 τῆς
807 2196 868 2231 πρὸς

929 2202 1032 2228 uiarum
1054 2200 1144 2228 habita
1167 2201 1270 2226 ratione
1289 2199 1373 2234 aequis
1393 2198 1595 2226 mnditiouibus
1616 2205 1709 2232 pacem

87 2241 216 2276 Καίσαρα
241 2240 331 2275 φιλίας
357 2241 478 2274 ἁνὲξριτο
510 2240 557 2267 καὶ
586 2241 738 2276 χρημάτων
758 2241 836 2273 tm;
848 2241 878 2274 ἐξ

88 2287 222 2322 ἰσοτιμίας
232 2287 388 2322 ἀναρρῶσαι
404 2287 425 2303 ¹⁸
440 2287 489 2321 τὴν
498 2286 619 2322 εἰρήνην.
629 2286 713 2313 Τοῦτο
724 2286 783 2313 ἐπεί
794 2287 830 2322 [οἰ
844 2287 878 2323 ¹⁸]

87 2332 158 2358 κατὰ
172 2332 220 2367 τὴν
232 2332 356 2367 βασιλίδα
378 2332 558 2368 διεθρυλλήθη
577 2332 666 2365 πόλιν,
692 2332 811 2364 ἅπαντες
832 2334 878 2360 ἁν-

87 2377 282 2414 επτερώοησάν
289 2387 330 2411 τε,
344 2379 391 2406 καὶ
401 2379 509 2405 ἐδόκουν
521 2378 548 2404 οῖ
560 2386 589 2404 τε
603 2379 632 2404 έν
644 2377 771 2405 τέλεικαὶ
782 2379 842 2410 ὅσος
857 2379 877 2395 ¹⁵

87 2422 180 2457 ἕτερος
204 2424 297 2459 ὅμιλος
322 2424 371 2459 ἤδη
401 2425 532 2460 ἀργήσειν
549 2424 583 2450 τὰ
606 2423 669 2460 ξίφη
686 2425 733 2452 καὶ
750 2424 875 2459 ἐμπεδώ-

87 2475 157 2494 τατα
173 2469 196 2484 ’⁸
213 2469 337 2501 καθέξειν
356 2469 406 2504 τὴν
433 2470 554 2504 εἰρήνην,
569 2470 630 2496 ἐπεὶ
643 2471 658 2496 ό
674 2471 782 2506 Καῖσαρ
806 2471 876 2507 Περι

90 2515 242 2549 σαρμενίας
265 2523 294 2541 τε
307 2515 353 2540 καὶ
369 2515 401 2549 δὴ
418 2515 536 2550 Ἰϐηρίας
550 2515 634 2550 αὐτῆς
645 2516 806 2550 ὲτοιμότατα
816 2515 874 2553 εἶχε

90 2561 289 2595 παραχωρῆσαι
309 2561 330 2576 ¹⁷
350 2560 479 2595 Πέρσαις,
495 2561 652 2595 σαφέστατα
663 2561 875 2597 ἐξεπιστάμενος

89 2604 126 2635 ὡς
139 2604 169 2630 οὐ
187 2604 296 2630 πώποτε
310 2603 450 2631 ὲνδώσοιεν
473 2605 608 2639 τοσαύτης
632 2606 807 2641 ἐστερημένοι
824 2607 875 2642 χώ-

91 2658 148 2684 ρας,
160 2650 219 2677 οὐδέ
235 2658 267 2684 γε
284 2650 307 2676 εί
323 2650 344 2666 ¹⁸
358 2649 456 2681 τελέως
480 2650 669 2685 κατολισθήσοι
691 2652 738 2677 καὶ
764 2651 874 2687 ἐξίτηλα

926 2246 1060 2274 iacturum
1082 2254 1142 2273 esse
1159 2245 1295 2272 iudicavit.
1319 2244 1404 2277 Hujus
1428 2243 1468 2270 rei
1485 2243 1555 2270 {allia
1585 2241 1710 2270 simulat-

926 2299 978 2325 que
990 2291 1023 2318 ad
1049 2291 1150 2325 regiam
1178 2289 1271 2316 urbem
1298 2289 1401 2324 perlata
1428 2293 1480 2320 est,
1507 2294 1602 2321 omnes
1628 2286 1717 2313 laetati.

926 2341 989 2363 sunt
1005 2340 1031 2362 et
1047 2340 1156 2362 senatus
1171 2339 1198 2362 et
1220 2334 1307 2370 plebs,
1322 2341 1436 2368 eamque
1452 2333 1541 2360 animo
1555 2332 1711 2367 opinionem

926 2385 1122 2415 pra-ceperunt,
1137 2384 1246 2414 tempus
1261 2379 1415 2411 advenisse,
1439 2385 1492 2413 quo
1505 2378 1616 2405 ensibus
1633 2377 1711 2412 quie-

928 2433 981 2454 tem
997 2427 1156 2458 indicerent,
1169 2431 1197 2454 et
1212 2426 1327 2453 ﬁrmiter
1337 2432 1431 2460 pacem
1442 2424 1562 2451 colerent
1575 2433 1581 2450 :
1596 2424 1721 2451 maxime

930 2481 991 2501 cum
1005 2472 1097 2500 Cresar
1109 2471 1327 2499 Persarmeniam
1343 2476 1370 2497 et
1383 2469 1497 2497 lberiam
1511 2469 1601 2496 Persis
1616 2469 1713 2496 cedere

929 2522 1039 2554 paratus
1063 2522 1146 2545 esset.
1164 2517 1210 2545 Sic
1232 2518 1304 2544 enim
1320 2519 1465 2550 statuebat,
1481 2517 1588 2548 Persas,
1606 2513 1713 2542 etiamsi

929 2571 1022 2591 eorum
1042 2570 1086 2590 res
1106 2563 1216 2597 perditae
1238 2562 1327 2590 forent
1347 2567 1374 2590 et
1398 2563 1430 2589 ad
1457 2562 1568 2590 uibilum
1589 2560 1725 2593 νούσοισι..

928 2616 1065 2643 nunquam
1084 2609 1234 2643 quieturos,
1252 2608 1381 2643 quamdiu
1397 2608 1439 2635 bis
1459 2608 1540 2634 tantis
1559 2605 1721 2640 regionibus?

928 2654 1110 2689 privarentur.
1139 2653 1280 2689 Principes
1298 2658 1386 2682 tamen
1402 2652 1661 2684 Persarmeuiorutn,
1685 2654 1721 2677 es:

724 2707 840 2734 VARl/E
860 2709 1064 2738 LECTlONES.

123 2764 145 2779 '°
162 2763 228 2804 deae
240 2763 312 2799 vulg.
363 2763 382 2780 ¹¹
393 2750 599 2804 Περσαρμενίᾷς
608 2763 650 2797 B,,
663 2765 727 2826 negl
740 2765 884 2800 Ἀρμενίας
894 2767 967 2801 vulg.

123 2799 282 2826 αθαρὸωσαι
295 2798 368 2826 vulg.
408 2798 429 2814 ¹⁸
444 2799 468 2825 oi
483 2806 561 2825 uucts
574 2799 683 2826 lllCillSll.
724 2819 731 2826 .
771 2800 792 2817 ⁸⁵
807 2801 867 2826 ὅσος
884 2801 967 2826 B..'a'a

89 2797 368 2834 αναθαρρὼσαιῖιιιίε.
408 2797 468 2825 “rei
483 2797 561 2825 uncis
574 2799 683 2826 inclusit

771 2800 792 2817 ⁸⁵
807 2801 927 2837 ὅσοςᾷΒη
937 2800 994 2828 ὅσοι
1006 2800 1078 2837 vulg.

1017 2768 1165 2806 “spaivaticj
1180 2769 1286 2806 ποιναῖς
1305 2767 1377 2806 conj.
1389 2767 1420 2806 ΒΓ
1472 2764 1718 2806 ’ξ-ἀναρρῶσαιμι

1119 2804 1140 2818 ³⁵
1152 2801 1329 2837 ἔμπεδώτατα
1344 2802 1390 2834 ΙΙ.,
1408 2802 1516 2838 έμπεδῶ
1526 2801 1610 2829 ταῦτα
1637 2801 1711 2836 vulg.

90 2833 311 2869 λ’ποραχωρῆσαι
337 2834 459 2862 Cautucl.
479 2834 656 2869 παραρρῆσαι
669 2835 753 2870 vulg.,
773 2835 930 2871 παραρῦσαι
946 2833 1122 2873 Ιιέρσαςνιιιες.
1139 2833 1174 2865 ll:
1211 2838 1232 2854 ⁸³
1245 2839 1269 2864 εί
1283 2838 1350 2871 γυιη
1406 2833 1477 2873 vulg.
