  <div class='ocr_page' id='page_1' title='image "/cluster/home/n/w/nwhite01/storage/ocr_20150623/113/njp.32101077772968/469.png"; bbox 0 0 1951 3074; ppageno 0'>
   <div class='ocr_carea' id='block_1_1' title="bbox 234 192 1061 229">
    <p class='ocr_par' dir='ltr' id='par_1_1' title="bbox 234 192 1061 229">
     <span class='ocr_line' id='line_1_1' title="bbox 234 192 1061 229; baseline 0 -9"><span class='ocrx_word' id='word_1_1' title='bbox 234 195 280 229; x_wconf 85' lang='lat' dir='ltr'><strong>qui</strong></span> <span class='ocrx_word' id='word_1_2' title='bbox 298 193 350 220; x_wconf 84' lang='lat' dir='ltr'><strong>illis</strong></span> <span class='ocrx_word' id='word_1_3' title='bbox 365 199 464 228; x_wconf 84' lang='lat' dir='ltr'><strong>genere</strong></span> <span class='ocrx_word' id='word_1_4' title='bbox 484 192 621 226; x_wconf 84' lang='lat' dir='ltr'><strong>conjuncti</strong></span> <span class='ocrx_word' id='word_1_5' title='bbox 639 197 726 225; x_wconf 86' lang='lat' dir='ltr'><strong>erant,</strong></span> <span class='ocrx_word' id='word_1_6' title='bbox 755 197 781 220; x_wconf 90' lang='lat' dir='ltr'><strong>et</strong></span> <span class='ocrx_word' id='word_1_7' title='bbox 806 200 912 226; x_wconf 88' lang='lat' dir='ltr'><strong>omnes,</strong></span> <span class='ocrx_word' id='word_1_8' title='bbox 935 192 980 227; x_wconf 88' lang='lat' dir='ltr'><strong>qui</strong></span> <span class='ocrx_word' id='word_1_9' title='bbox 1007 200 1022 220; x_wconf 86' lang='lat' dir='ltr'><strong>a</strong></span> <span class='ocrx_word' id='word_1_10' title='bbox 1038 199 1061 227; x_wconf 75' lang='grc' dir='ltr'><strong>Α</strong></span> 
     </span>
    </p>
   </div>
   <div class='ocr_carea' id='block_1_2' title="bbox 233 238 1022 274">
    <p class='ocr_par' dir='ltr' id='par_1_2' title="bbox 233 238 1022 274">
     <span class='ocr_line' id='line_1_2' title="bbox 233 238 1022 274; baseline 0 -8"><span class='ocrx_word' id='word_1_11' title='bbox 233 239 324 266; x_wconf 81' lang='lat' dir='ltr'><strong>Persis</strong></span> <span class='ocrx_word' id='word_1_12' title='bbox 349 239 381 266; x_wconf 88' lang='lat' dir='ltr'><strong>ad</strong></span> <span class='ocrx_word' id='word_1_13' title='bbox 397 238 534 266; x_wconf 79' lang='lat' dir='ltr'><strong>Romanos</strong></span> <span class='ocrx_word' id='word_1_14' title='bbox 549 238 744 274; x_wconf 81' lang='lat' dir='ltr'><strong>confugissent,</strong></span> <span class='ocrx_word' id='word_1_15' title='bbox 773 239 847 267; x_wconf 92' lang='lat' dir='ltr'><strong>nullo</strong></span> <span class='ocrx_word' id='word_1_16' title='bbox 870 239 950 267; x_wconf 90' lang='lat' dir='ltr'><strong>modo</strong></span> <span class='ocrx_word' id='word_1_17' title='bbox 968 245 1022 266; x_wconf 86' lang='lat' dir='ltr'><strong>tra-</strong></span> 
     </span>
    </p>
   </div>
   <div class='ocr_carea' id='block_1_3' title="bbox 234 283 1022 319">
    <p class='ocr_par' dir='ltr' id='par_1_3' title="bbox 234 283 1022 319">
     <span class='ocr_line' id='line_1_3' title="bbox 234 283 1022 319; baseline 0.001 -9"><span class='ocrx_word' id='word_1_18' title='bbox 234 283 336 311; x_wconf 86' lang='lat' dir='ltr'><strong>dendos</strong></span> <span class='ocrx_word' id='word_1_19' title='bbox 348 290 408 311; x_wconf 84' lang='lat' dir='ltr'><strong>esse</strong></span> <span class='ocrx_word' id='word_1_20' title='bbox 424 284 521 311; x_wconf 86' lang='lat' dir='ltr'><strong>statuit</strong></span> <span class='ocrx_word' id='word_1_21' title='bbox 534 292 541 310; x_wconf 90' lang='lat'><strong>:</strong></span> <span class='ocrx_word' id='word_1_22' title='bbox 556 284 610 312; x_wconf 90' lang='lat' dir='ltr'><strong>imo</strong></span> <span class='ocrx_word' id='word_1_23' title='bbox 626 291 678 311; x_wconf 86' lang='lat' dir='ltr'><strong>non</strong></span> <span class='ocrx_word' id='word_1_24' title='bbox 691 284 743 311; x_wconf 86' lang='lat' dir='ltr'><strong>alia</strong></span> <span class='ocrx_word' id='word_1_25' title='bbox 760 284 915 312; x_wconf 85' lang='lat' dir='ltr'><strong>conditione</strong></span> <span class='ocrx_word' id='word_1_26' title='bbox 928 292 1022 319; x_wconf 88' lang='lat' dir='ltr'><strong>pacem</strong></span> 
     </span>
    </p>
   </div>
   <div class='ocr_carea' id='block_1_4' title="bbox 234 327 1021 362">
    <p class='ocr_par' dir='ltr' id='par_1_4' title="bbox 234 327 1021 362">
     <span class='ocr_line' id='line_1_4' title="bbox 234 327 1021 362; baseline 0.004 -8"><span class='ocrx_word' id='word_1_27' title='bbox 234 327 408 359; x_wconf 85' lang='lat' dir='ltr'><strong>servandam,</strong></span> <span class='ocrx_word' id='word_1_28' title='bbox 425 328 476 355; x_wconf 87' lang='lat' dir='ltr'><strong>nisi</strong></span> <span class='ocrx_word' id='word_1_29' title='bbox 494 328 611 356; x_wconf 88' lang='lat' dir='ltr'><strong>liberum</strong></span> <span class='ocrx_word' id='word_1_30' title='bbox 626 329 662 356; x_wconf 91' lang='lat' dir='ltr'><strong>sit</strong></span> <span class='ocrx_word' id='word_1_31' title='bbox 675 328 872 357; x_wconf 85' lang='lat' dir='ltr'><strong>Persarmeniis</strong></span> <span class='ocrx_word' id='word_1_32' title='bbox 887 334 913 357; x_wconf 83' lang='lat' dir='ltr'><strong>et</strong></span> <span class='ocrx_word' id='word_1_33' title='bbox 927 329 1021 362; x_wconf 88' lang='lat' dir='ltr'><strong>lberis,</strong></span> 
     </span>
    </p>
   </div>
   <div class='ocr_carea' id='block_1_5' title="bbox 233 372 1022 411">
    <p class='ocr_par' dir='ltr' id='par_1_5' title="bbox 233 372 1022 411">
     <span class='ocr_line' id='line_1_5' title="bbox 233 372 1022 411; baseline 0.006 -13"><span class='ocrx_word' id='word_1_34' title='bbox 233 372 279 406; x_wconf 91' lang='lat' dir='ltr'><strong>qui</strong></span> <span class='ocrx_word' id='word_1_35' title='bbox 292 380 367 400; x_wconf 88' lang='lat' dir='ltr'><strong>suam</strong></span> <span class='ocrx_word' id='word_1_36' title='bbox 383 373 499 408; x_wconf 90' lang='lat' dir='ltr'><strong>patriam</strong></span> <span class='ocrx_word' id='word_1_37' title='bbox 524 373 694 408; x_wconf 89' lang='lat' dir='ltr'><strong>reliquerint,</strong></span> <span class='ocrx_word' id='word_1_38' title='bbox 707 375 739 402; x_wconf 91' lang='lat' dir='ltr'><strong>ad</strong></span> <span class='ocrx_word' id='word_1_39' title='bbox 755 375 937 403; x_wconf 82' lang='lat' dir='ltr'><strong>Romanorum</strong></span> <span class='ocrx_word' id='word_1_40' title='bbox 959 383 1022 411; x_wconf 89' lang='lat' dir='ltr'><strong>par-</strong></span> 
     </span>
    </p>
   </div>
   <div class='ocr_carea' id='block_1_6' title="bbox 235 419 1022 450">
    <p class='ocr_par' dir='ltr' id='par_1_6' title="bbox 235 419 1022 450">
     <span class='ocr_line' id='line_1_6' title="bbox 235 419 1022 450; baseline 0.006 -5"><span class='ocrx_word' id='word_1_41' title='bbox 235 423 275 446; x_wconf 74' lang='lat' dir='ltr'><strong>tes</strong></span> <span class='ocrx_word' id='word_1_42' title='bbox 296 420 423 447; x_wconf 84' lang='lat' dir='ltr'><strong>transire.</strong></span> <span class='ocrx_word' id='word_1_43' title='bbox 444 419 549 448; x_wconf 78' lang='lat' dir='ltr'><strong>Etenim</strong></span> <span class='ocrx_word' id='word_1_44' title='bbox 564 421 656 449; x_wconf 61' lang='lat' dir='ltr'><strong>Caesar</strong></span> <span class='ocrx_word' id='word_1_45' title='bbox 670 422 782 449; x_wconf 86' lang='lat' dir='ltr'><strong>mullum</strong></span> <span class='ocrx_word' id='word_1_46' title='bbox 800 421 827 449; x_wconf 92' lang='lat' dir='ltr'><strong>in</strong></span> <span class='ocrx_word' id='word_1_47' title='bbox 846 429 878 450; x_wconf 92' lang='lat' dir='ltr'><strong>eo</strong></span> <span class='ocrx_word' id='word_1_48' title='bbox 897 429 1022 450; x_wconf 80' lang='lat' dir='ltr'><strong>sermone</strong></span> 
     </span>
    </p>
   </div>
   <div class='ocr_carea' id='block_1_7' title="bbox 233 466 1022 502">
    <p class='ocr_par' dir='ltr' id='par_1_7' title="bbox 233 466 1022 502">
     <span class='ocr_line' id='line_1_7' title="bbox 233 466 1022 502; baseline 0.006 -11"><span class='ocrx_word' id='word_1_49' title='bbox 233 469 359 493; x_wconf 87' lang='lat' dir='ltr'><strong>versatus</strong></span> <span class='ocrx_word' id='word_1_50' title='bbox 377 469 430 498; x_wconf 86' lang='lat' dir='ltr'><strong>est,</strong></span> <span class='ocrx_word' id='word_1_51' title='bbox 455 474 469 492; x_wconf 87' lang='lat' dir='ltr'><strong>a</strong></span> <span class='ocrx_word' id='word_1_52' title='bbox 488 466 641 494; x_wconf 66' lang='lat' dir='ltr'><strong>Iustiniano</strong></span> <span class='ocrx_word' id='word_1_53' title='bbox 662 468 826 502; x_wconf 77' lang='lat' dir='ltr'><strong>imperatore</strong></span> <span class='ocrx_word' id='word_1_54' title='bbox 844 467 1022 502; x_wconf 78' lang='lat' dir='ltr'><strong>jurejurando</strong></span> 
     </span>
    </p>
   </div>
   <div class='ocr_carea' id='block_1_8' title="bbox 235 510 1021 549">
    <p class='ocr_par' dir='ltr' id='par_1_8' title="bbox 235 510 1021 549">
     <span class='ocr_line' id='line_1_8' title="bbox 235 510 1021 549; baseline 0.005 -12"><span class='ocrx_word' id='word_1_55' title='bbox 235 510 315 538; x_wconf 81' lang='lat' dir='ltr'><strong>ﬁdem</strong></span> <span class='ocrx_word' id='word_1_56' title='bbox 337 512 428 539; x_wconf 89' lang='lat' dir='ltr'><strong>datam</strong></span> <span class='ocrx_word' id='word_1_57' title='bbox 453 512 532 547; x_wconf 73' lang='lat'><strong>122</strong></span> <span class='ocrx_word' id='word_1_58' title='bbox 554 520 614 540; x_wconf 90' lang='lat' dir='ltr'><strong>esse</strong></span> <span class='ocrx_word' id='word_1_59' title='bbox 629 512 825 541; x_wconf 80' lang='lat' dir='ltr'><strong>Persarmeniis</strong></span> <span class='ocrx_word' id='word_1_60' title='bbox 847 518 874 541; x_wconf 88' lang='lat' dir='ltr'><strong>et</strong></span> <span class='ocrx_word' id='word_1_61' title='bbox 898 514 951 547; x_wconf 88' lang='lat' dir='ltr'><strong>his,</strong></span> <span class='ocrx_word' id='word_1_62' title='bbox 975 515 1021 549; x_wconf 89' lang='lat' dir='ltr'><strong>qui</strong></span> 
     </span>
    </p>
   </div>
   <div class='ocr_carea' id='block_1_9' title="bbox 234 557 1022 595">
    <p class='ocr_par' dir='ltr' id='par_1_9' title="bbox 234 557 1022 595">
     <span class='ocr_line' id='line_1_9' title="bbox 234 557 1022 595; baseline 0.005 -12"><span class='ocrx_word' id='word_1_63' title='bbox 234 564 268 583; x_wconf 82' lang='lat' dir='ltr'><strong>ex</strong></span> <span class='ocrx_word' id='word_1_64' title='bbox 283 557 369 584; x_wconf 93' lang='lat' dir='ltr'><strong>Iberia</strong></span> <span class='ocrx_word' id='word_1_65' title='bbox 388 558 588 593; x_wconf 80' lang='lat' dir='ltr'><strong>migraverant;</strong></span> <span class='ocrx_word' id='word_1_66' title='bbox 616 563 697 593; x_wconf 85' lang='lat' dir='ltr'><strong>atque</strong></span> <span class='ocrx_word' id='word_1_67' title='bbox 713 560 780 587; x_wconf 86' lang='lat' dir='ltr'><strong>adeo</strong></span> <span class='ocrx_word' id='word_1_68' title='bbox 796 559 883 594; x_wconf 88' lang='lat' dir='ltr'><strong>ipsutn</strong></span> <span class='ocrx_word' id='word_1_69' title='bbox 904 560 1022 595; x_wconf 85' lang='lat' dir='ltr'><strong>impera-</strong></span> 
     </span>
    </p>
   </div>
   <div class='ocr_carea' id='block_1_10' title="bbox 234 603 1022 640">
    <p class='ocr_par' dir='ltr' id='par_1_10' title="bbox 234 603 1022 640">
     <span class='ocr_line' id='line_1_10' title="bbox 234 603 1022 640; baseline 0.006 -12"><span class='ocrx_word' id='word_1_70' title='bbox 234 607 320 629; x_wconf 87' lang='lat' dir='ltr'><strong>torem</strong></span> <span class='ocrx_word' id='word_1_71' title='bbox 335 603 454 637; x_wconf 70' lang='lat' dir='ltr'><strong>jurassn,</strong></span> <span class='ocrx_word' id='word_1_72' title='bbox 470 609 600 638; x_wconf 88' lang='lat' dir='ltr'><strong>quantttm</strong></span> <span class='ocrx_word' id='word_1_73' title='bbox 616 604 641 632; x_wconf 95' lang='lat' dir='ltr'><strong>in</strong></span> <span class='ocrx_word' id='word_1_74' title='bbox 660 611 689 632; x_wconf 89' lang='lat' dir='ltr'><strong>se</strong></span> <span class='ocrx_word' id='word_1_75' title='bbox 704 610 786 637; x_wconf 84' lang='lat' dir='ltr'><strong>esset,</strong></span> <span class='ocrx_word' id='word_1_76' title='bbox 805 605 879 632; x_wconf 87' lang='lat' dir='ltr'><strong>omni</strong></span> <span class='ocrx_word' id='word_1_77' title='bbox 900 613 952 640; x_wconf 90' lang='lat' dir='ltr'><strong>ope</strong></span> <span class='ocrx_word' id='word_1_78' title='bbox 974 613 1022 633; x_wconf 86' lang='lat' dir='ltr'><strong>an-</strong></span> 
     </span>
    </p>
   </div>
   <div class='ocr_carea' id='block_1_11' title="bbox 234 648 1022 684">
    <p class='ocr_par' dir='ltr' id='par_1_11' title="bbox 234 648 1022 684">
     <span class='ocr_line' id='line_1_11' title="bbox 234 648 1022 684; baseline 0.006 -11"><span class='ocrx_word' id='word_1_79' title='bbox 234 648 367 682; x_wconf 85' lang='lat' dir='ltr'><strong>nisurum,</strong></span> <span class='ocrx_word' id='word_1_80' title='bbox 390 656 444 683; x_wconf 91' lang='lat' dir='ltr'><strong>quo</strong></span> <span class='ocrx_word' id='word_1_81' title='bbox 459 653 571 681; x_wconf 86' lang='lat' dir='ltr'><strong>terram,</strong></span> <span class='ocrx_word' id='word_1_82' title='bbox 589 657 649 684; x_wconf 74' lang='lat' dir='ltr'><strong>quae</strong></span> <span class='ocrx_word' id='word_1_83' title='bbox 665 649 737 684; x_wconf 85' lang='lat' dir='ltr'><strong>ipsos</strong></span> <span class='ocrx_word' id='word_1_84' title='bbox 753 650 867 682; x_wconf 91' lang='lat' dir='ltr'><strong>aluerat,</strong></span> <span class='ocrx_word' id='word_1_85' title='bbox 886 650 937 678; x_wconf 85' lang='lat' dir='ltr'><strong>sibi</strong></span> <span class='ocrx_word' id='word_1_86' title='bbox 957 651 1022 677; x_wconf 90' lang='lat' dir='ltr'><strong>sub-</strong></span> 
     </span>
    </p>
   </div>
   <div class='ocr_carea' id='block_1_12' title="bbox 232 694 1021 730">
    <p class='ocr_par' dir='ltr' id='par_1_12' title="bbox 232 694 1021 730">
     <span class='ocr_line' id='line_1_12' title="bbox 232 694 1021 730; baseline 0.004 -10"><span class='ocrx_word' id='word_1_87' title='bbox 232 694 332 728; x_wconf 88' lang='lat' dir='ltr'><strong>jectam</strong></span> <span class='ocrx_word' id='word_1_88' title='bbox 349 695 477 722; x_wconf 82' lang='lat' dir='ltr'><strong>elliceret.</strong></span> <span class='ocrx_word' id='word_1_89' title='bbox 499 694 592 730; x_wconf 83' lang='lat' dir='ltr'><strong>Neque</strong></span> <span class='ocrx_word' id='word_1_90' title='bbox 610 700 699 723; x_wconf 88' lang='lat' dir='ltr'><strong>tamen</strong></span> <span class='ocrx_word' id='word_1_91' title='bbox 722 697 744 723; x_wconf 93' lang='lat' dir='ltr'><strong>si</strong></span> <span class='ocrx_word' id='word_1_92' title='bbox 764 696 864 724; x_wconf 84' lang='lat' dir='ltr'><strong>bellum</strong></span> <span class='ocrx_word' id='word_1_93' title='bbox 883 696 917 724; x_wconf 85' lang='lat' dir='ltr'><strong>ad</strong></span> <span class='ocrx_word' id='word_1_94' title='bbox 940 696 1021 724; x_wconf 82' lang='lat' dir='ltr'><strong>linem</strong></span> 
     </span>
    </p>
   </div>
   <div class='ocr_carea' id='block_1_13' title="bbox 234 741 1019 776">
    <p class='ocr_par' dir='ltr' id='par_1_13' title="bbox 234 741 1019 776">
     <span class='ocr_line' id='line_1_13' title="bbox 234 741 1019 776; baseline 0.005 -10"><span class='ocrx_word' id='word_1_95' title='bbox 234 747 321 774; x_wconf 86' lang='lat' dir='ltr'><strong>usque</strong></span> <span class='ocrx_word' id='word_1_96' title='bbox 340 741 488 775; x_wconf 83' lang='lat' dir='ltr'><strong>perducere</strong></span> <span class='ocrx_word' id='word_1_97' title='bbox 505 748 557 768; x_wconf 91' lang='lat' dir='ltr'><strong>non</strong></span> <span class='ocrx_word' id='word_1_98' title='bbox 577 746 677 776; x_wconf 85' lang='lat' dir='ltr'><strong>posset,</strong></span> <span class='ocrx_word' id='word_1_99' title='bbox 701 742 860 770; x_wconf 82' lang='lat' dir='ltr'><strong>defectionis</strong></span> <span class='ocrx_word' id='word_1_100' title='bbox 884 747 1019 776; x_wconf 83' lang='lat' dir='ltr'><strong>auctores,</strong></span> 
     </span>
    </p>
   </div>
   <div class='ocr_carea' id='block_1_14' title="bbox 234 787 1019 823">
    <p class='ocr_par' dir='ltr' id='par_1_14' title="bbox 234 787 1019 823">
     <span class='ocr_line' id='line_1_14' title="bbox 234 787 1019 823; baseline 0.003 -11"><span class='ocrx_word' id='word_1_101' title='bbox 234 791 283 813; x_wconf 85' lang='lat' dir='ltr'><strong>aut</strong></span> <span class='ocrx_word' id='word_1_102' title='bbox 297 787 341 821; x_wconf 91' lang='lat' dir='ltr'><strong>qui</strong></span> <span class='ocrx_word' id='word_1_103' title='bbox 354 794 385 813; x_wconf 80' lang='lat' dir='ltr'><strong>cx</strong></span> <span class='ocrx_word' id='word_1_104' title='bbox 400 794 493 814; x_wconf 87' lang='lat' dir='ltr'><strong>eorum</strong></span> <span class='ocrx_word' id='word_1_105' title='bbox 515 795 615 822; x_wconf 82' lang='lat' dir='ltr'><strong>genere</strong></span> <span class='ocrx_word' id='word_1_106' title='bbox 630 792 657 815; x_wconf 89' lang='lat' dir='ltr'><strong>et</strong></span> <span class='ocrx_word' id='word_1_107' title='bbox 669 788 904 823; x_wconf 78' lang='lat' dir='ltr'><strong>consanguinitate</strong></span> <span class='ocrx_word' id='word_1_108' title='bbox 919 793 1019 822; x_wconf 83' lang='lat' dir='ltr'><strong>essent,</strong></span> 
     </span>
    </p>
   </div>
   <div class='ocr_carea' id='block_1_15' title="bbox 234 832 1022 870">
    <p class='ocr_par' dir='ltr' id='par_1_15' title="bbox 234 832 1022 870">
     <span class='ocr_line' id='line_1_15' title="bbox 234 832 1022 870; baseline 0.004 -11"><span class='ocrx_word' id='word_1_109' title='bbox 234 837 280 860; x_wconf 90' lang='lat' dir='ltr'><strong>aut</strong></span> <span class='ocrx_word' id='word_1_110' title='bbox 296 832 376 860; x_wconf 91' lang='lat' dir='ltr'><strong>alium</strong></span> <span class='ocrx_word' id='word_1_111' title='bbox 397 840 569 868; x_wconf 86' lang='lat' dir='ltr'><strong>quemquam,</strong></span> <span class='ocrx_word' id='word_1_112' title='bbox 587 839 614 861; x_wconf 91' lang='lat' dir='ltr'><strong>et</strong></span> <span class='ocrx_word' id='word_1_113' title='bbox 631 839 660 861; x_wconf 88' lang='grc' dir='ltr'><strong>ιιι</strong></span> <span class='ocrx_word' id='word_1_114' title='bbox 681 834 771 862; x_wconf 88' lang='lat' dir='ltr'><strong>omnia</strong></span> <span class='ocrx_word' id='word_1_115' title='bbox 802 835 887 862; x_wconf 88' lang='lat' dir='ltr'><strong>verbo</strong></span> <span class='ocrx_word' id='word_1_116' title='bbox 902 835 1022 870; x_wconf 90' lang='lat' dir='ltr'><strong>comple-</strong></span> 
     </span>
    </p>
   </div>
   <div class='ocr_carea' id='block_1_16' title="bbox 236 869 1060 913">
    <p class='ocr_par' dir='ltr' id='par_1_16' title="bbox 236 869 1060 913">
     <span class='ocr_line' id='line_1_16' title="bbox 236 869 1060 913; baseline 0.001 -8"><span class='ocrx_word' id='word_1_117' title='bbox 236 882 368 910; x_wconf 88' lang='lat' dir='ltr'><strong>cteretur,</strong></span> <span class='ocrx_word' id='word_1_118' title='bbox 378 878 423 913; x_wconf 90' lang='lat' dir='ltr'><strong>qui</strong></span> <span class='ocrx_word' id='word_1_119' title='bbox 438 881 574 913; x_wconf 82' lang='lat' dir='ltr'><strong>particeps</strong></span> <span class='ocrx_word' id='word_1_120' title='bbox 590 879 742 913; x_wconf 86' lang='lat' dir='ltr'><strong>reipublicae</strong></span> <span class='ocrx_word' id='word_1_121' title='bbox 757 880 885 907; x_wconf 64' lang='lat' dir='ltr'><strong>Romana:</strong></span> <span class='ocrx_word' id='word_1_122' title='bbox 901 869 1023 907; x_wconf 78' lang='lat' dir='ltr'><strong>lierivel-</strong></span> <span class='ocrx_word' id='word_1_123' title='bbox 1037 869 1060 899; x_wconf 80' lang='grc' dir='ltr'><strong>Β</strong></span> 
     </span>
    </p>
   </div>
   <div class='ocr_carea' id='block_1_17' title="bbox 235 923 1023 960">
    <p class='ocr_par' dir='ltr' id='par_1_17' title="bbox 235 923 1023 960">
     <span class='ocr_line' id='line_1_17' title="bbox 235 923 1023 960; baseline 0.004 -10"><span class='ocrx_word' id='word_1_124' title='bbox 235 923 283 956; x_wconf 88' lang='lat' dir='ltr'><strong>let,</strong></span> <span class='ocrx_word' id='word_1_125' title='bbox 310 931 428 958; x_wconf 81' lang='lat' dir='ltr'><strong>unquam</strong></span> <span class='ocrx_word' id='word_1_126' title='bbox 456 924 576 952; x_wconf 86' lang='lat' dir='ltr'><strong>deditum</strong></span> <span class='ocrx_word' id='word_1_127' title='bbox 600 925 643 952; x_wconf 91' lang='lat' dir='ltr'><strong>iri.</strong></span> <span class='ocrx_word' id='word_1_128' title='bbox 673 925 756 953; x_wconf 87' lang='lat' dir='ltr'><strong>Grata</strong></span> <span class='ocrx_word' id='word_1_129' title='bbox 780 930 808 953; x_wconf 88' lang='lat' dir='ltr'><strong>et</strong></span> <span class='ocrx_word' id='word_1_130' title='bbox 831 926 949 960; x_wconf 87' lang='lat' dir='ltr'><strong>jucunda</strong></span> <span class='ocrx_word' id='word_1_131' title='bbox 977 933 1023 953; x_wconf 90' lang='lat' dir='ltr'><strong>res</strong></span> 
     </span>
    </p>
   </div>
   <div class='ocr_carea' id='block_1_18' title="bbox 234 970 1023 1004">
    <p class='ocr_par' dir='ltr' id='par_1_18' title="bbox 234 970 1023 1004">
     <span class='ocr_line' id='line_1_18' title="bbox 234 970 1023 1004; baseline 0.004 -8"><span class='ocrx_word' id='word_1_132' title='bbox 234 970 379 997; x_wconf 85' lang='lat' dir='ltr'><strong>Persarum</strong></span> <span class='ocrx_word' id='word_1_133' title='bbox 399 970 455 1004; x_wconf 85' lang='lat' dir='ltr'><strong>regi</strong></span> <span class='ocrx_word' id='word_1_134' title='bbox 476 971 601 1004; x_wconf 75' lang='lat' dir='ltr'><strong>contigit,</strong></span> <span class='ocrx_word' id='word_1_135' title='bbox 616 971 751 999; x_wconf 73' lang='lat' dir='ltr'><strong>Romanos</strong></span> <span class='ocrx_word' id='word_1_136' title='bbox 765 971 891 999; x_wconf 83' lang='lat' dir='ltr'><strong>Armenia</strong></span> <span class='ocrx_word' id='word_1_137' title='bbox 917 976 945 1000; x_wconf 92' lang='lat' dir='ltr'><strong>et</strong></span> <span class='ocrx_word' id='word_1_138' title='bbox 964 971 1023 999; x_wconf 87' lang='lat' dir='ltr'><strong>lbe-</strong></span> 
     </span>
    </p>
   </div>
   <div class='ocr_carea' id='block_1_19' title="bbox 233 1015 1024 1052">
    <p class='ocr_par' dir='ltr' id='par_1_19' title="bbox 233 1015 1024 1052">
     <span class='ocr_line' id='line_1_19' title="bbox 233 1015 1024 1052; baseline 0.003 -10"><span class='ocrx_word' id='word_1_139' title='bbox 233 1016 273 1042; x_wconf 91' lang='lat' dir='ltr'><strong>ria</strong></span> <span class='ocrx_word' id='word_1_140' title='bbox 288 1015 394 1048; x_wconf 84' lang='lat' dir='ltr'><strong>cedere,</strong></span> <span class='ocrx_word' id='word_1_141' title='bbox 405 1016 484 1043; x_wconf 88' lang='lat' dir='ltr'><strong>modo</strong></span> <span class='ocrx_word' id='word_1_142' title='bbox 499 1017 593 1044; x_wconf 74' lang='lat' dir='ltr'><strong>Irarum</strong></span> <span class='ocrx_word' id='word_1_143' title='bbox 610 1017 750 1052; x_wconf 81' lang='lat' dir='ltr'><strong>regionum</strong></span> <span class='ocrx_word' id='word_1_144' title='bbox 771 1017 878 1050; x_wconf 89' lang='lat' dir='ltr'><strong>incolis,</strong></span> <span class='ocrx_word' id='word_1_145' title='bbox 893 1024 946 1051; x_wconf 89' lang='lat' dir='ltr'><strong>quo</strong></span> <span class='ocrx_word' id='word_1_146' title='bbox 971 1017 1024 1045; x_wconf 91' lang='lat' dir='ltr'><strong>vel-</strong></span> 
     </span>
    </p>
   </div>
   <div class='ocr_carea' id='block_1_20' title="bbox 233 1061 1024 1098">
    <p class='ocr_par' dir='ltr' id='par_1_20' title="bbox 233 1061 1024 1098">
     <span class='ocr_line' id='line_1_20' title="bbox 233 1061 1024 1098; baseline 0.004 -10"><span class='ocrx_word' id='word_1_147' title='bbox 233 1061 290 1089; x_wconf 89' lang='lat' dir='ltr'><strong>lent</strong></span> <span class='ocrx_word' id='word_1_148' title='bbox 312 1062 353 1089; x_wconf 89' lang='lat' dir='ltr'><strong>ire</strong></span> <span class='ocrx_word' id='word_1_149' title='bbox 373 1061 535 1096; x_wconf 80' lang='lat' dir='ltr'><strong>habitatum,</strong></span> <span class='ocrx_word' id='word_1_150' title='bbox 562 1067 723 1098; x_wconf 87' lang='lat' dir='ltr'><strong>potestatem</strong></span> <span class='ocrx_word' id='word_1_151' title='bbox 749 1063 861 1090; x_wconf 80' lang='lat' dir='ltr'><strong>faceret.</strong></span> <span class='ocrx_word' id='word_1_152' title='bbox 898 1062 952 1090; x_wconf 82' lang='lat' dir='ltr'><strong>Nec</strong></span> <span class='ocrx_word' id='word_1_153' title='bbox 965 1064 1024 1091; x_wconf 85' lang='lat' dir='ltr'><strong>sine</strong></span> 
     </span>
    </p>
   </div>
   <div class='ocr_carea' id='block_1_21' title="bbox 233 1106 1023 1141">
    <p class='ocr_par' dir='ltr' id='par_1_21' title="bbox 233 1106 1023 1141">
     <span class='ocr_line' id='line_1_21' title="bbox 233 1106 1023 1141; baseline 0 -7"><span class='ocrx_word' id='word_1_154' title='bbox 233 1106 349 1140; x_wconf 84' lang='lat' dir='ltr'><strong>ratione,</strong></span> <span class='ocrx_word' id='word_1_155' title='bbox 366 1113 425 1134; x_wconf 88' lang='lat' dir='ltr'><strong>meo</strong></span> <span class='ocrx_word' id='word_1_156' title='bbox 440 1107 673 1141; x_wconf 84' lang='lat' dir='ltr'><strong>quidemjudicio.</strong></span> <span class='ocrx_word' id='word_1_157' title='bbox 708 1106 780 1135; x_wconf 86' lang='lat' dir='ltr'><strong>Satis</strong></span> <span class='ocrx_word' id='word_1_158' title='bbox 801 1108 872 1135; x_wconf 89' lang='lat' dir='ltr'><strong>enim</strong></span> <span class='ocrx_word' id='word_1_159' title='bbox 899 1113 1023 1140; x_wconf 86' lang='lat' dir='ltr'><strong>noverat,</strong></span> 
     </span>
    </p>
   </div>
   <div class='ocr_carea' id='block_1_22' title="bbox 234 1153 1024 1188">
    <p class='ocr_par' dir='ltr' id='par_1_22' title="bbox 234 1153 1024 1188">
     <span class='ocr_line' id='line_1_22' title="bbox 234 1153 1024 1188; baseline 0.003 -9"><span class='ocrx_word' id='word_1_160' title='bbox 234 1153 328 1187; x_wconf 79' lang='lat' dir='ltr'><strong>paucis</strong></span> <span class='ocrx_word' id='word_1_161' title='bbox 349 1153 471 1188; x_wconf 76' lang='lat' dir='ltr'><strong>exceptis</strong></span> <span class='ocrx_word' id='word_1_162' title='bbox 490 1161 523 1180; x_wconf 81' lang='lat' dir='ltr'><strong>ex</strong></span> <span class='ocrx_word' id='word_1_163' title='bbox 539 1153 727 1188; x_wconf 62' lang='lat' dir='ltr'><strong>Epriucipibus,</strong></span> <span class='ocrx_word' id='word_1_164' title='bbox 753 1153 799 1188; x_wconf 88' lang='lat' dir='ltr'><strong>qui</strong></span> <span class='ocrx_word' id='word_1_165' title='bbox 816 1154 974 1182; x_wconf 77' lang='lat' dir='ltr'><strong>defectionis</strong></span> <span class='ocrx_word' id='word_1_166' title='bbox 990 1154 1024 1181; x_wconf 88' lang='lat' dir='ltr'><strong>ad</strong></span> 
     </span>
    </p>
   </div>
   <div class='ocr_carea' id='block_1_23' title="bbox 232 1197 1024 1235">
    <p class='ocr_par' dir='ltr' id='par_1_23' title="bbox 232 1197 1024 1235">
     <span class='ocr_line' id='line_1_23' title="bbox 232 1197 1024 1235; baseline 0.004 -10"><span class='ocrx_word' id='word_1_167' title='bbox 232 1197 373 1226; x_wconf 77' lang='lat' dir='ltr'><strong>Romanos</strong></span> <span class='ocrx_word' id='word_1_168' title='bbox 388 1204 514 1227; x_wconf 84' lang='lat' dir='ltr'><strong>auctores</strong></span> <span class='ocrx_word' id='word_1_169' title='bbox 531 1199 649 1232; x_wconf 82' lang='lat' dir='ltr'><strong>fuerant,</strong></span> <span class='ocrx_word' id='word_1_170' title='bbox 666 1199 736 1232; x_wconf 80' lang='lat' dir='ltr'><strong>fore,</strong></span> <span class='ocrx_word' id='word_1_171' title='bbox 762 1203 792 1227; x_wconf 87' lang='lat' dir='ltr'><strong>ut</strong></span> <span class='ocrx_word' id='word_1_172' title='bbox 814 1200 910 1235; x_wconf 89' lang='lat' dir='ltr'><strong>reliqui</strong></span> <span class='ocrx_word' id='word_1_173' title='bbox 932 1207 1024 1228; x_wconf 84' lang='lat' dir='ltr'><strong>amore</strong></span> 
     </span>
    </p>
   </div>
   <div class='ocr_carea' id='block_1_24' title="bbox 233 1244 1023 1281">
    <p class='ocr_par' dir='ltr' id='par_1_24' title="bbox 233 1244 1023 1281">
     <span class='ocr_line' id='line_1_24' title="bbox 233 1244 1023 1281; baseline 0.003 -10"><span class='ocrx_word' id='word_1_174' title='bbox 233 1250 259 1272; x_wconf 90' lang='lat' dir='ltr'><strong>ct</strong></span> <span class='ocrx_word' id='word_1_175' title='bbox 277 1244 412 1272; x_wconf 87' lang='lat' dir='ltr'><strong>desiderio</strong></span> <span class='ocrx_word' id='word_1_176' title='bbox 436 1249 514 1273; x_wconf 83' lang='lat' dir='ltr'><strong>terrae</strong></span> <span class='ocrx_word' id='word_1_177' title='bbox 535 1245 637 1273; x_wconf 85' lang='lat' dir='ltr'><strong>altricis</strong></span> <span class='ocrx_word' id='word_1_178' title='bbox 656 1245 728 1281; x_wconf 84' lang='lat' dir='ltr'><strong>capti</strong></span> <span class='ocrx_word' id='word_1_179' title='bbox 751 1245 814 1280; x_wconf 87' lang='lat' dir='ltr'><strong>(hoc</strong></span> <span class='ocrx_word' id='word_1_180' title='bbox 832 1246 905 1273; x_wconf 88' lang='lat' dir='ltr'><strong>enim</strong></span> <span class='ocrx_word' id='word_1_181' title='bbox 926 1250 1023 1274; x_wconf 83' lang='lat' dir='ltr'><strong>natura</strong></span> 
     </span>
    </p>
   </div>
   <div class='ocr_carea' id='block_1_25' title="bbox 232 1290 1024 1326">
    <p class='ocr_par' dir='ltr' id='par_1_25' title="bbox 232 1290 1024 1326">
     <span class='ocr_line' id='line_1_25' title="bbox 232 1290 1024 1326; baseline 0.003 -8"><span class='ocrx_word' id='word_1_182' title='bbox 232 1290 358 1318; x_wconf 84' lang='lat' dir='ltr'><strong>omnibus</strong></span> <span class='ocrx_word' id='word_1_183' title='bbox 372 1291 527 1319; x_wconf 88' lang='lat' dir='ltr'><strong>hominibus</strong></span> <span class='ocrx_word' id='word_1_184' title='bbox 549 1291 671 1319; x_wconf 89' lang='lat' dir='ltr'><strong>innatum</strong></span> <span class='ocrx_word' id='word_1_185' title='bbox 691 1292 754 1326; x_wconf 88' lang='lat' dir='ltr'><strong>est,)</strong></span> <span class='ocrx_word' id='word_1_186' title='bbox 773 1292 884 1320; x_wconf 91' lang='lat' dir='ltr'><strong>minime</strong></span> <span class='ocrx_word' id='word_1_187' title='bbox 899 1292 932 1320; x_wconf 90' lang='lat' dir='ltr'><strong>ad</strong></span> <span class='ocrx_word' id='word_1_188' title='bbox 948 1296 1024 1320; x_wconf 76' lang='lat' dir='ltr'><strong>exte-</strong></span> 
     </span>
    </p>
   </div>
   <div class='ocr_carea' id='block_1_26' title="bbox 232 1337 1022 1373">
    <p class='ocr_par' dir='ltr' id='par_1_26' title="bbox 232 1337 1022 1373">
     <span class='ocr_line' id='line_1_26' title="bbox 232 1337 1022 1373; baseline 0.003 -10"><span class='ocrx_word' id='word_1_189' title='bbox 232 1345 278 1364; x_wconf 87' lang='lat' dir='ltr'><strong>ros</strong></span> <span class='ocrx_word' id='word_1_190' title='bbox 309 1337 504 1373; x_wconf 76' lang='lat' dir='ltr'><strong>demigrarent.</strong></span> <span class='ocrx_word' id='word_1_191' title='bbox 540 1337 569 1365; x_wconf 95' lang='lat' dir='ltr'><strong>ln</strong></span> <span class='ocrx_word' id='word_1_192' title='bbox 606 1345 681 1373; x_wconf 90' lang='lat' dir='ltr'><strong>spem</strong></span> <span class='ocrx_word' id='word_1_193' title='bbox 711 1339 792 1366; x_wconf 86' lang='lat' dir='ltr'><strong>etiam</strong></span> <span class='ocrx_word' id='word_1_194' title='bbox 828 1338 1022 1372; x_wconf 86' lang='lat' dir='ltr'><strong>adducebatur,</strong></span> 
     </span>
    </p>
   </div>
   <div class='ocr_carea' id='block_1_27' title="bbox 233 1382 1024 1417">
    <p class='ocr_par' dir='ltr' id='par_1_27' title="bbox 233 1382 1024 1417">
     <span class='ocr_line' id='line_1_27' title="bbox 233 1382 1024 1417; baseline 0.005 -9"><span class='ocrx_word' id='word_1_195' title='bbox 233 1382 306 1409; x_wconf 85' lang='lat' dir='ltr'><strong>bello</strong></span> <span class='ocrx_word' id='word_1_196' title='bbox 318 1383 408 1417; x_wconf 88' lang='lat' dir='ltr'><strong>posito</strong></span> <span class='ocrx_word' id='word_1_197' title='bbox 422 1383 448 1410; x_wconf 90' lang='lat' dir='ltr'><strong>in</strong></span> <span class='ocrx_word' id='word_1_198' title='bbox 466 1384 678 1411; x_wconf 86' lang='lat' dir='ltr'><strong>commodiorem</strong></span> <span class='ocrx_word' id='word_1_199' title='bbox 692 1388 792 1412; x_wconf 85' lang='lat' dir='ltr'><strong>statum</strong></span> <span class='ocrx_word' id='word_1_200' title='bbox 808 1391 854 1411; x_wconf 88' lang='lat' dir='ltr'><strong>res</strong></span> <span class='ocrx_word' id='word_1_201' title='bbox 866 1383 1024 1412; x_wconf 81' lang='lat' dir='ltr'><strong>Persarme—</strong></span> 
     </span>
    </p>
   </div>
   <div class='ocr_carea' id='block_1_28' title="bbox 233 1427 1024 1464">
    <p class='ocr_par' dir='ltr' id='par_1_28' title="bbox 233 1427 1024 1464">
     <span class='ocr_line' id='line_1_28' title="bbox 233 1427 1024 1464; baseline 0.003 -10"><span class='ocrx_word' id='word_1_202' title='bbox 233 1427 286 1455; x_wconf 70' lang='lat' dir='ltr'><strong>nite</strong></span> <span class='ocrx_word' id='word_1_203' title='bbox 311 1432 339 1455; x_wconf 83' lang='lat' dir='ltr'><strong>et</strong></span> <span class='ocrx_word' id='word_1_204' title='bbox 363 1428 459 1456; x_wconf 71' lang='lat' dir='ltr'><strong>Iberia:</strong></span> <span class='ocrx_word' id='word_1_205' title='bbox 496 1429 634 1456; x_wconf 83' lang='lat' dir='ltr'><strong>redactum</strong></span> <span class='ocrx_word' id='word_1_206' title='bbox 667 1428 710 1456; x_wconf 90' lang='lat' dir='ltr'><strong>iri.</strong></span> <span class='ocrx_word' id='word_1_207' title='bbox 743 1428 810 1456; x_wconf 86' lang='lat' dir='ltr'><strong>Nam</strong></span> <span class='ocrx_word' id='word_1_208' title='bbox 833 1428 874 1456; x_wconf 68' lang='lat' dir='ltr'><strong>hae</strong></span> <span class='ocrx_word' id='word_1_209' title='bbox 901 1429 1024 1464; x_wconf 88' lang='lat' dir='ltr'><strong>regiones</strong></span> 
     </span>
    </p>
   </div>
   <div class='ocr_carea' id='block_1_29' title="bbox 232 1473 1024 1508">
    <p class='ocr_par' dir='ltr' id='par_1_29' title="bbox 232 1473 1024 1508">
     <span class='ocr_line' id='line_1_29' title="bbox 232 1473 1024 1508; baseline 0.004 -8"><span class='ocrx_word' id='word_1_210' title='bbox 232 1478 312 1500; x_wconf 88' lang='lat' dir='ltr'><strong>erant</strong></span> <span class='ocrx_word' id='word_1_211' title='bbox 334 1473 456 1501; x_wconf 74' lang='lat' dir='ltr'><strong>fecundae</strong></span> <span class='ocrx_word' id='word_1_212' title='bbox 477 1479 504 1501; x_wconf 94' lang='lat' dir='ltr'><strong>et</strong></span> <span class='ocrx_word' id='word_1_213' title='bbox 527 1474 657 1506; x_wconf 86' lang='lat' dir='ltr'><strong>otnnium,</strong></span> <span class='ocrx_word' id='word_1_214' title='bbox 684 1481 743 1508; x_wconf 78' lang='lat' dir='ltr'><strong>qua:</strong></span> <span class='ocrx_word' id='word_1_215' title='bbox 761 1474 794 1501; x_wconf 86' lang='lat' dir='ltr'><strong>ad</strong></span> <span class='ocrx_word' id='word_1_216' title='bbox 819 1475 902 1501; x_wconf 86' lang='lat' dir='ltr'><strong>vitam</strong></span> <span class='ocrx_word' id='word_1_217' title='bbox 930 1482 1024 1503; x_wconf 87' lang='lat' dir='ltr'><strong>neces-</strong></span> 
     </span>
    </p>
   </div>
   <div class='ocr_carea' id='block_1_30' title="bbox 233 1519 1022 1556">
    <p class='ocr_par' dir='ltr' id='par_1_30' title="bbox 233 1519 1022 1556">
     <span class='ocr_line' id='line_1_30' title="bbox 233 1519 1022 1556; baseline 0.001 -9"><span class='ocrx_word' id='word_1_218' title='bbox 233 1520 304 1547; x_wconf 86' lang='lat' dir='ltr'><strong>saria</strong></span> <span class='ocrx_word' id='word_1_219' title='bbox 323 1524 396 1552; x_wconf 89' lang='lat' dir='ltr'><strong>sum,</strong></span> <span class='ocrx_word' id='word_1_220' title='bbox 413 1519 528 1552; x_wconf 79' lang='lat' dir='ltr'><strong>feraces,</strong></span> <span class='ocrx_word' id='word_1_221' title='bbox 543 1520 615 1547; x_wconf 90' lang='lat' dir='ltr'><strong>unde</strong></span> <span class='ocrx_word' id='word_1_222' title='bbox 627 1519 715 1554; x_wconf 88' lang='lat' dir='ltr'><strong>ampla</strong></span> <span class='ocrx_word' id='word_1_223' title='bbox 729 1520 828 1547; x_wconf 87' lang='lat' dir='ltr'><strong>tributa</strong></span> <span class='ocrx_word' id='word_1_224' title='bbox 841 1525 867 1547; x_wconf 88' lang='lat' dir='ltr'><strong>et</strong></span> <span class='ocrx_word' id='word_1_225' title='bbox 884 1521 1022 1556; x_wconf 74' lang='lat' dir='ltr'><strong>vectigalia</strong></span> 
     </span>
    </p>
   </div>
   <div class='ocr_carea' id='block_1_31' title="bbox 233 1564 1022 1601">
    <p class='ocr_par' dir='ltr' id='par_1_31' title="bbox 233 1564 1022 1601">
     <span class='ocr_line' id='line_1_31' title="bbox 233 1564 1022 1601; baseline 0.001 -9"><span class='ocrx_word' id='word_1_226' title='bbox 233 1564 322 1600; x_wconf 82' lang='lat' dir='ltr'><strong>colligi</strong></span> <span class='ocrx_word' id='word_1_227' title='bbox 341 1570 475 1599; x_wconf 85' lang='lat' dir='ltr'><strong>poterant.</strong></span> <span class='ocrx_word' id='word_1_228' title='bbox 502 1566 595 1600; x_wconf 80' lang='lat' dir='ltr'><strong>Itaque</strong></span> <span class='ocrx_word' id='word_1_229' title='bbox 614 1565 761 1593; x_wconf 81' lang='lat' dir='ltr'><strong>Persarum</strong></span> <span class='ocrx_word' id='word_1_230' title='bbox 780 1566 836 1601; x_wconf 81' lang='lat' dir='ltr'><strong>regi</strong></span> <span class='ocrx_word' id='word_1_231' title='bbox 858 1565 959 1601; x_wconf 86' lang='lat' dir='ltr'><strong>placuit</strong></span> <span class='ocrx_word' id='word_1_232' title='bbox 980 1566 1022 1594; x_wconf 87' lang='lat' dir='ltr'><strong>his</strong></span> 
     </span>
    </p>
   </div>
   <div class='ocr_carea' id='block_1_32' title="bbox 234 1610 1022 1647">
    <p class='ocr_par' dir='ltr' id='par_1_32' title="bbox 234 1610 1022 1647">
     <span class='ocr_line' id='line_1_32' title="bbox 234 1610 1022 1647; baseline 0.001 -9"><span class='ocrx_word' id='word_1_233' title='bbox 234 1610 435 1638; x_wconf 83' lang='lat' dir='ltr'><strong>conditionibus</strong></span> <span class='ocrx_word' id='word_1_234' title='bbox 451 1618 465 1637; x_wconf 88' lang='lat' dir='ltr'><strong>a</strong></span> <span class='ocrx_word' id='word_1_235' title='bbox 481 1611 551 1638; x_wconf 83' lang='lat' dir='ltr'><strong>bello</strong></span> <span class='ocrx_word' id='word_1_236' title='bbox 568 1610 720 1638; x_wconf 79' lang='lat' dir='ltr'><strong>discedere.</strong></span> <span class='ocrx_word' id='word_1_237' title='bbox 740 1612 780 1638; x_wconf 88' lang='lat' dir='ltr'><strong>Ad</strong></span> <span class='ocrx_word' id='word_1_238' title='bbox 794 1612 860 1645; x_wconf 62' lang='lat' dir='ltr'><strong>haec,</strong></span> <span class='ocrx_word' id='word_1_239' title='bbox 878 1619 911 1639; x_wconf 92' lang='lat' dir='ltr'><strong>ne</strong></span> <span class='ocrx_word' id='word_1_240' title='bbox 926 1619 978 1647; x_wconf 89' lang='lat' dir='ltr'><strong>qua</strong></span> <span class='ocrx_word' id='word_1_241' title='bbox 993 1611 1022 1639; x_wconf 90' lang='lat' dir='ltr'><strong>in</strong></span> 
     </span>
    </p>
   </div>
   <div class='ocr_carea' id='block_1_33' title="bbox 233 1656 1024 1689">
    <p class='ocr_par' dir='ltr' id='par_1_33' title="bbox 233 1656 1024 1689">
     <span class='ocr_line' id='line_1_33' title="bbox 233 1656 1024 1689; baseline 0.005 -7"><span class='ocrx_word' id='word_1_242' title='bbox 233 1660 371 1689; x_wconf 88' lang='lat' dir='ltr'><strong>posterum</strong></span> <span class='ocrx_word' id='word_1_243' title='bbox 385 1660 501 1684; x_wconf 86' lang='lat' dir='ltr'><strong>restaret</strong></span> <span class='ocrx_word' id='word_1_244' title='bbox 515 1657 576 1684; x_wconf 90' lang='lat' dir='ltr'><strong>belli</strong></span> <span class='ocrx_word' id='word_1_245' title='bbox 589 1664 683 1688; x_wconf 87' lang='lat' dir='ltr'><strong>causa,</strong></span> <span class='ocrx_word' id='word_1_246' title='bbox 701 1656 801 1684; x_wconf 66' lang='lat' dir='ltr'><strong>Caesari</strong></span> <span class='ocrx_word' id='word_1_247' title='bbox 817 1657 891 1685; x_wconf 91' lang='lat' dir='ltr'><strong>venit</strong></span> <span class='ocrx_word' id='word_1_248' title='bbox 907 1658 934 1685; x_wconf 91' lang='lat' dir='ltr'><strong>in</strong></span> <span class='ocrx_word' id='word_1_249' title='bbox 949 1665 1024 1686; x_wconf 90' lang='lat' dir='ltr'><strong>men--</strong></span> 
     </span>
    </p>
   </div>
   <div class='ocr_carea' id='block_1_34' title="bbox 236 1702 1022 1739">
    <p class='ocr_par' dir='ltr' id='par_1_34' title="bbox 236 1702 1022 1739">
     <span class='ocr_line' id='line_1_34' title="bbox 236 1702 1022 1739; baseline 0.005 -11"><span class='ocrx_word' id='word_1_250' title='bbox 236 1706 290 1728; x_wconf 89' lang='lat' dir='ltr'><strong>tcm</strong></span> <span class='ocrx_word' id='word_1_251' title='bbox 303 1702 434 1737; x_wconf 82' lang='lat' dir='ltr'><strong>cogitare,</strong></span> <span class='ocrx_word' id='word_1_252' title='bbox 447 1708 478 1730; x_wconf 88' lang='grc' dir='ltr'><strong>ιιι</strong></span> <span class='ocrx_word' id='word_1_253' title='bbox 493 1710 542 1737; x_wconf 93' lang='lat' dir='ltr'><strong>pro</strong></span> <span class='ocrx_word' id='word_1_254' title='bbox 553 1703 740 1730; x_wconf 82' lang='lat' dir='ltr'><strong>Pcrsarmenia</strong></span> <span class='ocrx_word' id='word_1_255' title='bbox 754 1708 781 1731; x_wconf 92' lang='lat' dir='ltr'><strong>et</strong></span> <span class='ocrx_word' id='word_1_256' title='bbox 799 1703 885 1731; x_wconf 87' lang='lat' dir='ltr'><strong>Iberia</strong></span> <span class='ocrx_word' id='word_1_257' title='bbox 895 1704 1022 1739; x_wconf 90' lang='lat' dir='ltr'><strong>oppidum</strong></span> 
     </span>
    </p>
   </div>
   <div class='ocr_carea' id='block_1_35' title="bbox 239 1747 1023 1784">
    <p class='ocr_par' dir='ltr' id='par_1_35' title="bbox 239 1747 1023 1784">
     <span class='ocr_line' id='line_1_35' title="bbox 239 1747 1023 1784; baseline 0.005 -11"><span class='ocrx_word' id='word_1_258' title='bbox 239 1748 324 1775; x_wconf 86' lang='lat' dir='ltr'><strong>Daras</strong></span> <span class='ocrx_word' id='word_1_259' title='bbox 338 1755 352 1775; x_wconf 91' lang='lat' dir='ltr'><strong>a</strong></span> <span class='ocrx_word' id='word_1_260' title='bbox 367 1747 456 1776; x_wconf 86' lang='lat' dir='ltr'><strong>Persis</strong></span> <span class='ocrx_word' id='word_1_261' title='bbox 473 1748 593 1776; x_wconf 83' lang='lat' dir='ltr'><strong>vicissim</strong></span> <span class='ocrx_word' id='word_1_262' title='bbox 607 1748 762 1784; x_wconf 87' lang='lat' dir='ltr'><strong>acciperet:</strong></span> <span class='ocrx_word' id='word_1_263' title='bbox 781 1756 834 1776; x_wconf 93' lang='lat' dir='ltr'><strong>non</strong></span> <span class='ocrx_word' id='word_1_264' title='bbox 852 1749 924 1783; x_wconf 90' lang='lat' dir='ltr'><strong>quod</strong></span> <span class='ocrx_word' id='word_1_265' title='bbox 945 1749 971 1776; x_wconf 85' lang='lat' dir='ltr'><strong>in</strong></span> <span class='ocrx_word' id='word_1_266' title='bbox 990 1756 1023 1777; x_wconf 89' lang='lat' dir='ltr'><strong>eo</strong></span> 
     </span>
    </p>
   </div>
   <div class='ocr_carea' id='block_1_36' title="bbox 233 1793 1034 1832">
    <p class='ocr_par' dir='ltr' id='par_1_36' title="bbox 233 1793 1034 1832">
     <span class='ocr_line' id='line_1_36' title="bbox 233 1793 1034 1832; baseline 0.001 -11"><span class='ocrx_word' id='word_1_267' title='bbox 233 1793 332 1828; x_wconf 90' lang='lat' dir='ltr'><strong>oppido</strong></span> <span class='ocrx_word' id='word_1_268' title='bbox 349 1798 480 1829; x_wconf 72' lang='lat' dir='ltr'><strong>quaestum</strong></span> <span class='ocrx_word' id='word_1_269' title='bbox 495 1794 616 1822; x_wconf 81' lang='lat' dir='ltr'><strong>faceret:</strong></span> <span class='ocrx_word' id='word_1_270' title='bbox 641 1802 703 1822; x_wconf 87' lang='lat' dir='ltr'><strong>nam</strong></span> <span class='ocrx_word' id='word_1_271' title='bbox 717 1795 784 1822; x_wconf 86' lang='lat' dir='ltr'><strong>nihil</strong></span> <span class='ocrx_word' id='word_1_272' title='bbox 806 1795 878 1822; x_wconf 88' lang='lat' dir='ltr'><strong>aliud</strong></span> <span class='ocrx_word' id='word_1_273' title='bbox 898 1795 1034 1832; x_wconf 78' lang='lat' dir='ltr'><strong>utilitatis</strong></span> 
     </span>
    </p>
   </div>
   <div class='ocr_carea' id='block_1_37' title="bbox 232 1841 1024 1877">
    <p class='ocr_par' dir='ltr' id='par_1_37' title="bbox 232 1841 1024 1877">
     <span class='ocr_line' id='line_1_37' title="bbox 232 1841 1024 1877; baseline 0.001 -8"><span class='ocrx_word' id='word_1_274' title='bbox 232 1841 284 1869; x_wconf 81' lang='lat' dir='ltr'><strong>hoc</strong></span> <span class='ocrx_word' id='word_1_275' title='bbox 296 1842 423 1876; x_wconf 88' lang='lat' dir='ltr'><strong>oppidum</strong></span> <span class='ocrx_word' id='word_1_276' title='bbox 440 1843 550 1877; x_wconf 82' lang='lat' dir='ltr'><strong>praebet,</strong></span> <span class='ocrx_word' id='word_1_277' title='bbox 565 1850 645 1877; x_wconf 91' lang='lat' dir='ltr'><strong>quam</strong></span> <span class='ocrx_word' id='word_1_278' title='bbox 660 1841 731 1876; x_wconf 91' lang='lat' dir='ltr'><strong>quod</strong></span> <span class='ocrx_word' id='word_1_279' title='bbox 748 1842 959 1870; x_wconf 86' lang='lat' dir='ltr'><strong>munitissimum</strong></span> <span class='ocrx_word' id='word_1_280' title='bbox 982 1847 1024 1870; x_wconf 90' lang='lat' dir='ltr'><strong>est</strong></span> 
     </span>
    </p>
   </div>
   <div class='ocr_carea' id='block_1_38' title="bbox 232 1889 1021 1924">
    <p class='ocr_par' dir='ltr' id='par_1_38' title="bbox 232 1889 1021 1924">
     <span class='ocr_line' id='line_1_38' title="bbox 232 1889 1021 1924; baseline 0 -8"><span class='ocrx_word' id='word_1_281' title='bbox 232 1893 259 1916; x_wconf 88' lang='lat' dir='ltr'><strong>et</strong></span> <span class='ocrx_word' id='word_1_282' title='bbox 274 1889 468 1924; x_wconf 85' lang='lat' dir='ltr'><strong>propugnaculi</strong></span> <span class='ocrx_word' id='word_1_283' title='bbox 481 1889 541 1917; x_wconf 89' lang='lat' dir='ltr'><strong>loco</strong></span> <span class='ocrx_word' id='word_1_284' title='bbox 551 1889 804 1917; x_wconf 78' lang='lat' dir='ltr'><strong>Orientaliﬂomani</strong></span> <span class='ocrx_word' id='word_1_285' title='bbox 818 1889 922 1924; x_wconf 91' lang='lat' dir='ltr'><strong>imperii</strong></span> <span class='ocrx_word' id='word_1_286' title='bbox 937 1890 1021 1924; x_wconf 88' lang='lat' dir='ltr'><strong>parti:</strong></span> 
     </span>
    </p>
   </div>
   <div class='ocr_carea' id='block_1_39' title="bbox 233 1935 1024 1964">
    <p class='ocr_par' dir='ltr' id='par_1_39' title="bbox 233 1935 1024 1964">
     <span class='ocr_line' id='line_1_39' title="bbox 233 1935 1024 1964; baseline 0.001 -2"><span class='ocrx_word' id='word_1_287' title='bbox 233 1936 281 1963; x_wconf 90' lang='lat' dir='ltr'><strong>sed</strong></span> <span class='ocrx_word' id='word_1_288' title='bbox 306 1935 358 1963; x_wconf 90' lang='lat' dir='ltr'><strong>hoc</strong></span> <span class='ocrx_word' id='word_1_289' title='bbox 381 1935 503 1964; x_wconf 85' lang='lat' dir='ltr'><strong>adversis</strong></span> <span class='ocrx_word' id='word_1_290' title='bbox 527 1935 711 1963; x_wconf 82' lang='lat' dir='ltr'><strong>Romanorum</strong></span> <span class='ocrx_word' id='word_1_291' title='bbox 740 1936 821 1963; x_wconf 88' lang='lat' dir='ltr'><strong>rebus</strong></span> <span class='ocrx_word' id='word_1_292' title='bbox 844 1935 941 1963; x_wconf 87' lang='lat' dir='ltr'><strong>solatio</strong></span> <span class='ocrx_word' id='word_1_293' title='bbox 964 1943 1024 1963; x_wconf 87' lang='lat' dir='ltr'><strong>esse</strong></span> 
     </span>
    </p>
   </div>
   <div class='ocr_carea' id='block_1_40' title="bbox 234 1981 1023 2017">
    <p class='ocr_par' dir='ltr' id='par_1_40' title="bbox 234 1981 1023 2017">
     <span class='ocr_line' id='line_1_40' title="bbox 234 1981 1023 2017; baseline 0 -9"><span class='ocrx_word' id='word_1_294' title='bbox 234 1981 330 2015; x_wconf 80' lang='lat' dir='ltr'><strong>voluit,</strong></span> <span class='ocrx_word' id='word_1_295' title='bbox 343 1982 414 2017; x_wconf 91' lang='lat' dir='ltr'><strong>quod</strong></span> <span class='ocrx_word' id='word_1_296' title='bbox 426 1989 474 2009; x_wconf 84' lang='lat' dir='ltr'><strong>sua</strong></span> <span class='ocrx_word' id='word_1_297' title='bbox 489 1986 692 2017; x_wconf 88' lang='lat' dir='ltr'><strong>recuperarent,</strong></span> <span class='ocrx_word' id='word_1_298' title='bbox 709 1982 789 2010; x_wconf 85' lang='lat' dir='ltr'><strong>simul</strong></span> <span class='ocrx_word' id='word_1_299' title='bbox 801 1987 827 2009; x_wconf 91' lang='lat' dir='ltr'><strong>et</strong></span> <span class='ocrx_word' id='word_1_300' title='bbox 841 1981 943 2009; x_wconf 85' lang='lat' dir='ltr'><strong>nullam</strong></span> <span class='ocrx_word' id='word_1_301' title='bbox 960 1982 1023 2009; x_wconf 89' lang='lat' dir='ltr'><strong>belli</strong></span> 
     </span>
    </p>
   </div>
   <div class='ocr_carea' id='block_1_41' title="bbox 233 2027 1024 2063">
    <p class='ocr_par' dir='ltr' id='par_1_41' title="bbox 233 2027 1024 2063">
     <span class='ocr_line' id='line_1_41' title="bbox 233 2027 1024 2063; baseline 0.003 -9"><span class='ocrx_word' id='word_1_302' title='bbox 233 2027 380 2055; x_wconf 88' lang='lat' dir='ltr'><strong>scintillam</strong></span> <span class='ocrx_word' id='word_1_303' title='bbox 400 2028 554 2063; x_wconf 89' lang='lat' dir='ltr'><strong>relinquere</strong></span> <span class='ocrx_word' id='word_1_304' title='bbox 577 2028 712 2063; x_wconf 88' lang='lat' dir='ltr'><strong>cupiebat.</strong></span> <span class='ocrx_word' id='word_1_305' title='bbox 741 2028 778 2055; x_wconf 90' lang='lat' dir='ltr'><strong>Ea</strong></span> <span class='ocrx_word' id='word_1_306' title='bbox 798 2028 831 2056; x_wconf 90' lang='lat' dir='ltr'><strong>de</strong></span> <span class='ocrx_word' id='word_1_307' title='bbox 845 2035 926 2056; x_wconf 85' lang='lat' dir='ltr'><strong>causa</strong></span> <span class='ocrx_word' id='word_1_308' title='bbox 939 2027 1024 2056; x_wconf 86' lang='lat' dir='ltr'><strong>Daras</strong></span> 
     </span>
    </p>
   </div>
   <div class='ocr_carea' id='block_1_42' title="bbox 234 2073 1022 2110">
    <p class='ocr_par' dir='ltr' id='par_1_42' title="bbox 234 2073 1022 2110">
     <span class='ocr_line' id='line_1_42' title="bbox 234 2073 1022 2110; baseline 0.003 -10"><span class='ocrx_word' id='word_1_309' title='bbox 234 2073 354 2108; x_wconf 86' lang='lat' dir='ltr'><strong>recipere</strong></span> <span class='ocrx_word' id='word_1_310' title='bbox 372 2077 417 2101; x_wconf 93' lang='lat' dir='ltr'><strong>aut</strong></span> <span class='ocrx_word' id='word_1_311' title='bbox 430 2074 551 2108; x_wconf 86' lang='lat' dir='ltr'><strong>pecuniis</strong></span> <span class='ocrx_word' id='word_1_312' title='bbox 562 2079 608 2101; x_wconf 92' lang='lat' dir='ltr'><strong>aut</strong></span> <span class='ocrx_word' id='word_1_313' title='bbox 619 2074 673 2102; x_wconf 89' lang='lat' dir='ltr'><strong>alio</strong></span> <span class='ocrx_word' id='word_1_314' title='bbox 686 2075 781 2110; x_wconf 82' lang='lat' dir='ltr'><strong>quovis</strong></span> <span class='ocrx_word' id='word_1_315' title='bbox 797 2074 876 2102; x_wconf 89' lang='lat' dir='ltr'><strong>modo</strong></span> <span class='ocrx_word' id='word_1_316' title='bbox 887 2074 1022 2102; x_wconf 81' lang='lat' dir='ltr'><strong>studebat.</strong></span> 
     </span>
    </p>
   </div>
   <div class='ocr_carea' id='block_1_43' title="bbox 235 2119 1019 2156">
    <p class='ocr_par' dir='ltr' id='par_1_43' title="bbox 235 2119 1019 2156">
     <span class='ocr_line' id='line_1_43' title="bbox 235 2119 1019 2156; baseline 0.003 -10"><span class='ocrx_word' id='word_1_317' title='bbox 235 2119 331 2148; x_wconf 81' lang='lat' dir='ltr'><strong>Pacem</strong></span> <span class='ocrx_word' id='word_1_318' title='bbox 345 2119 428 2153; x_wconf 83' lang='lat' dir='ltr'><strong>igitur</strong></span> <span class='ocrx_word' id='word_1_319' title='bbox 443 2119 533 2148; x_wconf 80' lang='lat' dir='ltr'><strong>facere</strong></span> <span class='ocrx_word' id='word_1_320' title='bbox 545 2120 630 2156; x_wconf 71' lang='lat' dir='ltr'><strong>aequis</strong></span> <span class='ocrx_word' id='word_1_321' title='bbox 643 2120 856 2153; x_wconf 86' lang='lat' dir='ltr'><strong>conditionibus,</strong></span> <span class='ocrx_word' id='word_1_322' title='bbox 873 2125 1019 2155; x_wconf 89' lang='lat' dir='ltr'><strong>antequam</strong></span> 
     </span>
    </p>
   </div>
   <div class='ocr_carea' id='block_1_44' title="bbox 234 2165 1025 2199">
    <p class='ocr_par' dir='ltr' id='par_1_44' title="bbox 234 2165 1025 2199">
     <span class='ocr_line' id='line_1_44' title="bbox 234 2165 1025 2199; baseline 0.003 -8"><span class='ocrx_word' id='word_1_323' title='bbox 234 2165 303 2192; x_wconf 87' lang='lat' dir='ltr'><strong>bello</strong></span> <span class='ocrx_word' id='word_1_324' title='bbox 318 2165 345 2192; x_wconf 90' lang='lat' dir='ltr'><strong>iu</strong></span> <span class='ocrx_word' id='word_1_325' title='bbox 361 2165 491 2193; x_wconf 86' lang='lat' dir='ltr'><strong>Armenia</strong></span> <span class='ocrx_word' id='word_1_326' title='bbox 505 2166 703 2198; x_wconf 85' lang='lat' dir='ltr'><strong>decertaretur,</strong></span> <span class='ocrx_word' id='word_1_327' title='bbox 718 2166 838 2199; x_wconf 82' lang='lat' dir='ltr'><strong>lubehat,</strong></span> <span class='ocrx_word' id='word_1_328' title='bbox 853 2170 881 2195; x_wconf 87' lang='lat' dir='ltr'><strong>et</strong></span> <span class='ocrx_word' id='word_1_329' title='bbox 895 2167 1025 2194; x_wconf 49' lang='lat' dir='ltr'><strong>assentie‘</strong></span> 
     </span>
    </p>
   </div>
   <div class='ocr_carea' id='block_1_45' title="bbox 233 2210 1060 2246">
    <p class='ocr_par' dir='ltr' id='par_1_45' title="bbox 233 2210 1060 2246">
     <span class='ocr_line' id='line_1_45' title="bbox 233 2210 1060 2246; baseline 0.004 -9"><span class='ocrx_word' id='word_1_330' title='bbox 233 2211 332 2237; x_wconf 86' lang='lat' dir='ltr'><strong>bantur</strong></span> <span class='ocrx_word' id='word_1_331' title='bbox 342 2210 441 2238; x_wconf 60' lang='lat' dir='ltr'><strong>Persae.</strong></span> <span class='ocrx_word' id='word_1_332' title='bbox 461 2210 513 2238; x_wconf 90' lang='lat' dir='ltr'><strong>Sed</strong></span> <span class='ocrx_word' id='word_1_333' title='bbox 528 2219 588 2238; x_wconf 90' lang='lat' dir='ltr'><strong>cum</strong></span> <span class='ocrx_word' id='word_1_334' title='bbox 599 2211 690 2239; x_wconf 64' lang='lat' dir='ltr'><strong>Persae</strong></span> <span class='ocrx_word' id='word_1_335' title='bbox 712 2211 768 2245; x_wconf 87' lang='lat' dir='ltr'><strong>jam</strong></span> <span class='ocrx_word' id='word_1_336' title='bbox 789 2212 815 2238; x_wconf 92' lang='lat' dir='ltr'><strong>in</strong></span> <span class='ocrx_word' id='word_1_337' title='bbox 831 2219 864 2239; x_wconf 91' lang='lat' dir='ltr'><strong>eo</strong></span> <span class='ocrx_word' id='word_1_338' title='bbox 875 2217 978 2245; x_wconf 89' lang='lat' dir='ltr'><strong>essent,</strong></span> <span class='ocrx_word' id='word_1_339' title='bbox 992 2215 1021 2239; x_wconf 78' lang='lat' dir='ltr'><strong>ut</strong></span> <span class='ocrx_word' id='word_1_340' title='bbox 1036 2215 1060 2246; x_wconf 77' lang='grc' dir='ltr'><strong>υ</strong></span> 
     </span>
    </p>
   </div>
   <div class='ocr_carea' id='block_1_46' title="bbox 234 2256 1024 2292">
    <p class='ocr_par' dir='ltr' id='par_1_46' title="bbox 234 2256 1024 2292">
     <span class='ocr_line' id='line_1_46' title="bbox 234 2256 1024 2292; baseline 0.003 -8"><span class='ocrx_word' id='word_1_341' title='bbox 234 2256 365 2284; x_wconf 80' lang='lat' dir='ltr'><strong>Romanis</strong></span> <span class='ocrx_word' id='word_1_342' title='bbox 387 2257 515 2292; x_wconf 90' lang='lat' dir='ltr'><strong>oppidum</strong></span> <span class='ocrx_word' id='word_1_343' title='bbox 535 2257 622 2284; x_wconf 89' lang='lat' dir='ltr'><strong>Daras</strong></span> <span class='ocrx_word' id='word_1_344' title='bbox 641 2258 779 2290; x_wconf 89' lang='lat' dir='ltr'><strong>cederent,</strong></span> <span class='ocrx_word' id='word_1_345' title='bbox 800 2261 848 2286; x_wconf 87' lang='lat' dir='ltr'><strong>aut</strong></span> <span class='ocrx_word' id='word_1_346' title='bbox 868 2258 952 2291; x_wconf 87' lang='lat' dir='ltr'><strong>nulla,</strong></span> <span class='ocrx_word' id='word_1_347' title='bbox 976 2263 1024 2287; x_wconf 84' lang='lat' dir='ltr'><strong>aut</strong></span> 
     </span>
    </p>
   </div>
   <div class='ocr_carea' id='block_1_47' title="bbox 232 2302 1022 2338">
    <p class='ocr_par' dir='ltr' id='par_1_47' title="bbox 232 2302 1022 2338">
     <span class='ocr_line' id='line_1_47' title="bbox 232 2302 1022 2338; baseline 0.003 -9"><span class='ocrx_word' id='word_1_348' title='bbox 232 2302 471 2337; x_wconf 85' lang='lat' dir='ltr'><strong>quantulacunque</strong></span> <span class='ocrx_word' id='word_1_349' title='bbox 494 2307 603 2337; x_wconf 89' lang='lat' dir='ltr'><strong>accepta</strong></span> <span class='ocrx_word' id='word_1_350' title='bbox 616 2302 735 2337; x_wconf 81' lang='lat' dir='ltr'><strong>pecuniae</strong></span> <span class='ocrx_word' id='word_1_351' title='bbox 753 2310 870 2338; x_wconf 71' lang='lat' dir='ltr'><strong>summa,</strong></span> <span class='ocrx_word' id='word_1_352' title='bbox 893 2303 974 2331; x_wconf 83' lang='lat' dir='ltr'><strong>simul</strong></span> <span class='ocrx_word' id='word_1_353' title='bbox 990 2311 1022 2331; x_wconf 86' lang='lat' dir='ltr'><strong>ac</strong></span> 
     </span>
    </p>
   </div>
   <div class='ocr_carea' id='block_1_48' title="bbox 232 2348 1022 2382">
    <p class='ocr_par' dir='ltr' id='par_1_48' title="bbox 232 2348 1022 2382">
     <span class='ocr_line' id='line_1_48' title="bbox 232 2348 1022 2382; baseline 0.003 -8"><span class='ocrx_word' id='word_1_354' title='bbox 232 2352 380 2381; x_wconf 88' lang='lat' dir='ltr'><strong>constaret,</strong></span> <span class='ocrx_word' id='word_1_355' title='bbox 398 2348 535 2375; x_wconf 85' lang='lat' dir='ltr'><strong>Romanos</strong></span> <span class='ocrx_word' id='word_1_356' title='bbox 549 2348 678 2374; x_wconf 90' lang='lat' dir='ltr'><strong>Armenia</strong></span> <span class='ocrx_word' id='word_1_357' title='bbox 701 2352 730 2375; x_wconf 90' lang='lat' dir='ltr'><strong>et</strong></span> <span class='ocrx_word' id='word_1_358' title='bbox 750 2348 837 2375; x_wconf 88' lang='lat' dir='ltr'><strong>Iberia</strong></span> <span class='ocrx_word' id='word_1_359' title='bbox 860 2349 1022 2382; x_wconf 84' lang='lat' dir='ltr'><strong>excessisse,</strong></span> 
     </span>
    </p>
   </div>
   <div class='ocr_carea' id='block_1_49' title="bbox 231 2393 1021 2430">
    <p class='ocr_par' dir='ltr' id='par_1_49' title="bbox 231 2393 1021 2430">
     <span class='ocr_line' id='line_1_49' title="bbox 231 2393 1021 2430; baseline 0.003 -10"><span class='ocrx_word' id='word_1_360' title='bbox 231 2398 354 2428; x_wconf 88' lang='lat' dir='ltr'><strong>etququ</strong></span> <span class='ocrx_word' id='word_1_361' title='bbox 378 2394 436 2421; x_wconf 65' lang='lat' dir='ltr'><strong>haec</strong></span> <span class='ocrx_word' id='word_1_362' title='bbox 461 2393 543 2427; x_wconf 81' lang='lat' dir='ltr'><strong>legati</strong></span> <span class='ocrx_word' id='word_1_363' title='bbox 565 2393 637 2420; x_wconf 90' lang='lat' dir='ltr'><strong>inter</strong></span> <span class='ocrx_word' id='word_1_364' title='bbox 652 2400 682 2420; x_wconf 89' lang='lat' dir='ltr'><strong>se</strong></span> <span class='ocrx_word' id='word_1_365' title='bbox 701 2393 896 2428; x_wconf 85' lang='lat' dir='ltr'><strong>disceptarent,</strong></span> <span class='ocrx_word' id='word_1_366' title='bbox 914 2402 1021 2430; x_wconf 84' lang='lat' dir='ltr'><strong>pugna-</strong></span> 
     </span>
    </p>
   </div>
   <div class='ocr_carea' id='block_1_50' title="bbox 233 2438 1023 2476">
    <p class='ocr_par' dir='ltr' id='par_1_50' title="bbox 233 2438 1023 2476">
     <span class='ocr_line' id='line_1_50' title="bbox 233 2438 1023 2476; baseline 0.004 -10"><span class='ocrx_word' id='word_1_367' title='bbox 233 2443 289 2466; x_wconf 91' lang='lat' dir='ltr'><strong>tutu</strong></span> <span class='ocrx_word' id='word_1_368' title='bbox 306 2443 347 2467; x_wconf 91' lang='lat' dir='ltr'><strong>est</strong></span> <span class='ocrx_word' id='word_1_369' title='bbox 364 2439 389 2466; x_wconf 92' lang='lat' dir='ltr'><strong>in</strong></span> <span class='ocrx_word' id='word_1_370' title='bbox 403 2438 543 2471; x_wconf 80' lang='lat' dir='ltr'><strong>Armenia,</strong></span> <span class='ocrx_word' id='word_1_371' title='bbox 567 2438 593 2465; x_wconf 93' lang='lat' dir='ltr'><strong>in</strong></span> <span class='ocrx_word' id='word_1_372' title='bbox 607 2446 659 2473; x_wconf 89' lang='lat' dir='ltr'><strong>qua</strong></span> <span class='ocrx_word' id='word_1_373' title='bbox 676 2446 764 2474; x_wconf 86' lang='lat' dir='ltr'><strong>pugna</strong></span> <span class='ocrx_word' id='word_1_374' title='bbox 780 2439 895 2467; x_wconf 89' lang='lat' dir='ltr'><strong>multum</strong></span> <span class='ocrx_word' id='word_1_375' title='bbox 911 2448 960 2468; x_wconf 88' lang='lat' dir='ltr'><strong>sua</strong></span> <span class='ocrx_word' id='word_1_376' title='bbox 975 2449 1023 2476; x_wconf 88' lang='lat' dir='ltr'><strong>spe</strong></span> 
     </span>
    </p>
   </div>
   <div class='ocr_carea' id='block_1_51' title="bbox 231 2485 1023 2521">
    <p class='ocr_par' dir='ltr' id='par_1_51' title="bbox 231 2485 1023 2521">
     <span class='ocr_line' id='line_1_51' title="bbox 231 2485 1023 2521; baseline 0.001 -8"><span class='ocrx_word' id='word_1_377' title='bbox 231 2485 391 2513; x_wconf 84' lang='lat' dir='ltr'><strong>exciderunt</strong></span> <span class='ocrx_word' id='word_1_378' title='bbox 403 2485 518 2513; x_wconf 80' lang='lat' dir='ltr'><strong>Romani</strong></span> <span class='ocrx_word' id='word_1_379' title='bbox 531 2494 537 2513; x_wconf 91' lang='lat'><strong>:</strong></span> <span class='ocrx_word' id='word_1_380' title='bbox 556 2492 619 2512; x_wconf 86' lang='lat' dir='ltr'><strong>nam</strong></span> <span class='ocrx_word' id='word_1_381' title='bbox 634 2485 697 2513; x_wconf 88' lang='lat' dir='ltr'><strong>victi</strong></span> <span class='ocrx_word' id='word_1_382' title='bbox 711 2485 829 2520; x_wconf 84' lang='lat' dir='ltr'><strong>caesique</strong></span> <span class='ocrx_word' id='word_1_383' title='bbox 840 2491 913 2513; x_wconf 86' lang='lat' dir='ltr'><strong>sunt.</strong></span> <span class='ocrx_word' id='word_1_384' title='bbox 929 2486 1023 2521; x_wconf 91' lang='lat' dir='ltr'><strong>Itaque</strong></span> 
     </span>
    </p>
   </div>
   <div class='ocr_carea' id='block_1_52' title="bbox 232 2532 1024 2567">
    <p class='ocr_par' dir='ltr' id='par_1_52' title="bbox 232 2532 1024 2567">
     <span class='ocr_line' id='line_1_52' title="bbox 232 2532 1024 2567; baseline -0.001 -7"><span class='ocrx_word' id='word_1_385' title='bbox 232 2539 292 2560; x_wconf 88' lang='lat' dir='ltr'><strong>curn</strong></span> <span class='ocrx_word' id='word_1_386' title='bbox 309 2532 399 2560; x_wconf 65' lang='lat' dir='ltr'><strong>Persae</strong></span> <span class='ocrx_word' id='word_1_387' title='bbox 416 2540 451 2560; x_wconf 75' lang='lat' dir='ltr'><strong>ex</strong></span> <span class='ocrx_word' id='word_1_388' title='bbox 475 2532 603 2560; x_wconf 87' lang='lat' dir='ltr'><strong>secundis</strong></span> <span class='ocrx_word' id='word_1_389' title='bbox 630 2533 687 2560; x_wconf 89' lang='lat' dir='ltr'><strong>suis</strong></span> <span class='ocrx_word' id='word_1_390' title='bbox 713 2532 793 2560; x_wconf 89' lang='lat' dir='ltr'><strong>rebus</strong></span> <span class='ocrx_word' id='word_1_391' title='bbox 818 2533 929 2567; x_wconf 83' lang='lat' dir='ltr'><strong>spiritus</strong></span> <span class='ocrx_word' id='word_1_392' title='bbox 952 2539 1024 2560; x_wconf 87' lang='lat' dir='ltr'><strong>sum-</strong></span> 
     </span>
    </p>
   </div>
   <div class='ocr_carea' id='block_1_53' title="bbox 232 2579 1020 2614">
    <p class='ocr_par' dir='ltr' id='par_1_53' title="bbox 232 2579 1020 2614">
     <span class='ocr_line' id='line_1_53' title="bbox 232 2579 1020 2614; baseline -0.001 -9"><span class='ocrx_word' id='word_1_393' title='bbox 232 2579 363 2612; x_wconf 72' lang='lat' dir='ltr'><strong>psissent,</strong></span> <span class='ocrx_word' id='word_1_394' title='bbox 387 2587 435 2607; x_wconf 82' lang='lat' dir='ltr'><strong>rex</strong></span> <span class='ocrx_word' id='word_1_395' title='bbox 458 2587 552 2607; x_wconf 88' lang='lat' dir='ltr'><strong>eorum</strong></span> <span class='ocrx_word' id='word_1_396' title='bbox 574 2579 654 2612; x_wconf 78' lang='lat' dir='ltr'><strong>dixit,</strong></span> <span class='ocrx_word' id='word_1_397' title='bbox 668 2586 697 2606; x_wconf 89' lang='lat' dir='ltr'><strong>se</strong></span> <span class='ocrx_word' id='word_1_398' title='bbox 713 2585 850 2614; x_wconf 87' lang='lat' dir='ltr'><strong>nunquam</strong></span> <span class='ocrx_word' id='word_1_399' title='bbox 867 2586 1020 2613; x_wconf 88' lang='lat' dir='ltr'><strong>passurum,</strong></span> 
     </span>
    </p>
   </div>
   <div class='ocr_carea' id='block_1_54' title="bbox 232 2624 1021 2662">
    <p class='ocr_par' dir='ltr' id='par_1_54' title="bbox 232 2624 1021 2662">
     <span class='ocr_line' id='line_1_54' title="bbox 232 2624 1021 2662; baseline 0 -11"><span class='ocrx_word' id='word_1_400' title='bbox 232 2624 313 2652; x_wconf 93' lang='lat' dir='ltr'><strong>ullam</strong></span> <span class='ocrx_word' id='word_1_401' title='bbox 329 2626 493 2654; x_wconf 87' lang='lat' dir='ltr'><strong>mentionem</strong></span> <span class='ocrx_word' id='word_1_402' title='bbox 506 2626 538 2654; x_wconf 88' lang='lat' dir='ltr'><strong>de</strong></span> <span class='ocrx_word' id='word_1_403' title='bbox 549 2626 647 2662; x_wconf 89' lang='lat' dir='ltr'><strong>oppido</strong></span> <span class='ocrx_word' id='word_1_404' title='bbox 659 2626 743 2654; x_wconf 89' lang='lat' dir='ltr'><strong>Daras</strong></span> <span class='ocrx_word' id='word_1_405' title='bbox 757 2625 885 2653; x_wconf 75' lang='lat' dir='ltr'><strong>Romanis</strong></span> <span class='ocrx_word' id='word_1_406' title='bbox 900 2624 1021 2652; x_wconf 86' lang='lat' dir='ltr'><strong>dedendo</strong></span> 
     </span>
    </p>
   </div>
   <div class='ocr_carea' id='block_1_55' title="bbox 922 2699 1263 2728">
    <p class='ocr_par' dir='ltr' id='par_1_55' title="bbox 922 2699 1263 2728">
     <span class='ocr_line' id='line_1_55' title="bbox 922 2699 1263 2728; baseline -0.006 0"><span class='ocrx_word' id='word_1_407' title='bbox 922 2699 1043 2728; x_wconf 77' lang='lat' dir='ltr'><strong>VARl/E</strong></span> <span class='ocrx_word' id='word_1_408' title='bbox 1060 2699 1263 2728; x_wconf 79' lang='lat' dir='ltr'><strong>LECTIONES.</strong></span> 
     </span>
    </p>
   </div>
   <div class='ocr_carea' id='block_1_56' title="bbox 270 2774 840 2809">
    <p class='ocr_par' dir='ltr' id='par_1_56' title="bbox 270 2774 840 2809">
     <span class='ocr_line' id='line_1_56' title="bbox 270 2774 840 2809; baseline 0.002 -9"><span class='ocrx_word' id='word_1_409' title='bbox 270 2775 290 2791; x_wconf 72' lang='grc' dir='ltr'><strong>ι’</strong></span> <span class='ocrx_word' id='word_1_410' title='bbox 303 2775 445 2808; x_wconf 80' lang='grc' dir='ltr'>ξυνελόντα</span> <span class='ocrx_word' id='word_1_411' title='bbox 459 2775 487 2800; x_wconf 84' lang='grc' dir='ltr'><strong>δὲ</strong></span> <span class='ocrx_word' id='word_1_412' title='bbox 503 2774 548 2806; x_wconf 84' lang='grc' dir='ltr'><strong>Ν.,</strong></span> <span class='ocrx_word' id='word_1_413' title='bbox 561 2774 670 2808; x_wconf 80' lang='grc' dir='ltr'>ξύνολον</span> <span class='ocrx_word' id='word_1_414' title='bbox 685 2774 748 2801; x_wconf 75' lang='grc' dir='ltr'>τάδε</span> <span class='ocrx_word' id='word_1_415' title='bbox 768 2774 840 2809; x_wconf 83' lang='lat' dir='ltr'><strong>vulg.</strong></span> 
     </span>
    </p>
   </div>
   <div class='ocr_carea' id='block_1_57' title="bbox 232 2809 646 2849">
    <p class='ocr_par' dir='ltr' id='par_1_57' title="bbox 232 2809 646 2849">
     <span class='ocr_line' id='line_1_57' title="bbox 232 2809 646 2849; baseline 0.002 -14"><span class='ocrx_word' id='word_1_416' title='bbox 232 2810 347 2849; x_wconf 51' lang='grc' dir='ltr'>ἀππντο.</span> <span class='ocrx_word' id='word_1_417' title='bbox 366 2809 437 2844; x_wconf 77' lang='lat' dir='ltr'><strong>vulg.</strong></span> <span class='ocrx_word' id='word_1_418' title='bbox 475 2810 497 2824; x_wconf 86' lang='lat'><strong>&quot;</strong></span> <span class='ocrx_word' id='word_1_419' title='bbox 512 2810 646 2849; x_wconf 65' lang='grc' dir='ltr'>ῆρέσκετο</span> 
     </span>
    </p>
   </div>
   <div class='ocr_carea' id='block_1_58' title="bbox 662 132 1432 169">
    <p class='ocr_par' dir='ltr' id='par_1_58' title="bbox 662 132 1432 169">
     <span class='ocr_line' id='line_1_58' title="bbox 662 132 1432 169; baseline 0 -5"><span class='ocrx_word' id='word_1_420' title='bbox 662 132 860 164; x_wconf 77' lang='lat' dir='ltr'><strong>EXCERPTA</strong></span> <span class='ocrx_word' id='word_1_421' title='bbox 879 134 931 164; x_wconf 84' lang='lat' dir='ltr'><strong>EX</strong></span> <span class='ocrx_word' id='word_1_422' title='bbox 950 133 1164 165; x_wconf 85' lang='lat' dir='ltr'><strong>MENANDRO</strong></span> <span class='ocrx_word' id='word_1_423' title='bbox 1184 133 1432 169; x_wconf 76' lang='lat' dir='ltr'><strong>PRO’I‘ECTORE</strong></span> 
     </span>
    </p>
   </div>
   <div class='ocr_carea' id='block_1_59' title="bbox 893 2770 1631 2810">
    <p class='ocr_par' dir='ltr' id='par_1_59' title="bbox 893 2770 1631 2810">
     <span class='ocr_line' id='line_1_59' title="bbox 893 2770 1631 2810; baseline -0.008 -9"><span class='ocrx_word' id='word_1_424' title='bbox 893 2775 916 2790; x_wconf 82' lang='grc'><strong>²⁰</strong></span> <span class='ocrx_word' id='word_1_425' title='bbox 937 2773 1143 2810; x_wconf 60' lang='grc' dir='ltr'>Περσαρμενίας</span> <span class='ocrx_word' id='word_1_426' title='bbox 1167 2773 1236 2810; x_wconf 50' lang='lat' dir='ltr'><strong>Vah</strong></span> <span class='ocrx_word' id='word_1_427' title='bbox 1259 2771 1538 2810; x_wconf 39' lang='grc' dir='ltr'>ΠερσῶνλΛρμενίας</span> <span class='ocrx_word' id='word_1_428' title='bbox 1550 2770 1631 2810; x_wconf 69' lang='lat' dir='ltr'><strong>_vulg.</strong></span> 
     </span>
    </p>
   </div>
   <div class='ocr_carea' id='block_1_60' title="bbox 679 2808 1326 2844">
    <p class='ocr_par' dir='ltr' id='par_1_60' title="bbox 679 2808 1326 2844">
     <span class='ocr_line' id='line_1_60' title="bbox 679 2808 1326 2844; baseline -0.003 -8"><span class='ocrx_word' id='word_1_429' title='bbox 679 2809 806 2843; x_wconf 75' lang='grc' dir='ltr'>βασιλεὺς</span> <span class='ocrx_word' id='word_1_430' title='bbox 818 2808 825 2809; x_wconf 27' lang='grc' dir='ltr'><strong>ί</strong></span> <span class='ocrx_word' id='word_1_431' title='bbox 838 2810 879 2841; x_wconf 75' lang='lat'><strong>8.,</strong></span> <span class='ocrx_word' id='word_1_432' title='bbox 897 2808 997 2844; x_wconf 58' lang='grc' dir='ltr'>ἤρεσκε</span> <span class='ocrx_word' id='word_1_433' title='bbox 1031 2808 1077 2836; x_wconf 71' lang='grc' dir='ltr'><strong>τοῦ</strong></span> <span class='ocrx_word' id='word_1_434' title='bbox 1109 2808 1241 2844; x_wconf 74' lang='grc' dir='ltr'>βασιλέως</span> <span class='ocrx_word' id='word_1_435' title='bbox 1256 2808 1326 2842; x_wconf 80' lang='lat' dir='ltr'><strong>vulg.</strong></span> 
     </span>
    </p>
   </div>
   <div class='ocr_carea' id='block_1_61' title="bbox 1813 134 1863 165">
    <p class='ocr_par' dir='ltr' id='par_1_61' title="bbox 1813 134 1863 165">
     <span class='ocr_line' id='line_1_61' title="bbox 1813 134 1863 165; baseline 0 0"><span class='ocrx_word' id='word_1_436' title='bbox 1813 134 1863 165; x_wconf 39' lang='lat'><strong>812</strong></span> 
     </span>
    </p>
   </div>
   <div class='ocr_carea' id='block_1_62' title="bbox 1075 191 1867 229">
    <p class='ocr_par' dir='ltr' id='par_1_62' title="bbox 1075 191 1867 229">
     <span class='ocr_line' id='line_1_62' title="bbox 1075 191 1867 229; baseline 0.003 -11"><span class='ocrx_word' id='word_1_437' title='bbox 1075 191 1162 219; x_wconf 75' lang='grc' dir='ltr'>ἔσοιτο</span> <span class='ocrx_word' id='word_1_438' title='bbox 1187 192 1223 219; x_wconf 71' lang='grc' dir='ltr'>τὰ</span> <span class='ocrx_word' id='word_1_439' title='bbox 1249 193 1401 228; x_wconf 83' lang='grc' dir='ltr'>πράγματα</span> <span class='ocrx_word' id='word_1_440' title='bbox 1418 192 1539 229; x_wconf 78' lang='grc' dir='ltr'>Περσῶν.</span> <span class='ocrx_word' id='word_1_441' title='bbox 1562 192 1632 224; x_wconf 77' lang='grc' dir='ltr'>Τοὺς</span> <span class='ocrx_word' id='word_1_442' title='bbox 1646 192 1739 228; x_wconf 78' lang='grc' dir='ltr'>μέντοι</span> <span class='ocrx_word' id='word_1_443' title='bbox 1755 194 1867 229; x_wconf 84' lang='grc' dir='ltr'>γενεάρ-</span> 
     </span>
    </p>
   </div>
   <div class='ocr_carea' id='block_1_63' title="bbox 1074 238 1868 275">
    <p class='ocr_par' dir='ltr' id='par_1_63' title="bbox 1074 238 1868 275">
     <span class='ocr_line' id='line_1_63' title="bbox 1074 238 1868 275; baseline 0.004 -11"><span class='ocrx_word' id='word_1_444' title='bbox 1074 246 1125 273; x_wconf 82' lang='grc' dir='ltr'><strong>χας</strong></span> <span class='ocrx_word' id='word_1_445' title='bbox 1137 238 1361 274; x_wconf 86' lang='grc' dir='ltr'>Περσαρμενίων,</span> <span class='ocrx_word' id='word_1_446' title='bbox 1372 240 1441 267; x_wconf 85' lang='grc' dir='ltr'><strong>ἀλλά</strong></span> <span class='ocrx_word' id='word_1_447' title='bbox 1454 240 1508 275; x_wconf 82' lang='grc' dir='ltr'><strong>γὰρ</strong></span> <span class='ocrx_word' id='word_1_448' title='bbox 1521 239 1642 272; x_wconf 70' lang='grc' dir='ltr'>καὶτοὺς</span> <span class='ocrx_word' id='word_1_449' title='bbox 1652 240 1691 275; x_wconf 88' lang='grc' dir='ltr'>τῷ</span> <span class='ocrx_word' id='word_1_450' title='bbox 1705 240 1779 274; x_wconf 80' lang='grc' dir='ltr'>γένει</span> <span class='ocrx_word' id='word_1_451' title='bbox 1794 240 1868 275; x_wconf 78' lang='grc' dir='ltr'>σφῶν</span> 
     </span>
    </p>
   </div>
   <div class='ocr_carea' id='block_1_64' title="bbox 1074 284 1868 320">
    <p class='ocr_par' dir='ltr' id='par_1_64' title="bbox 1074 284 1868 320">
     <span class='ocr_line' id='line_1_64' title="bbox 1074 284 1868 320; baseline 0.005 -11"><span class='ocrx_word' id='word_1_452' title='bbox 1074 284 1240 319; x_wconf 79' lang='grc' dir='ltr'><strong>ἡνωμένους,</strong></span> <span class='ocrx_word' id='word_1_453' title='bbox 1259 286 1306 312; x_wconf 80' lang='grc' dir='ltr'><strong>καὶ</strong></span> <span class='ocrx_word' id='word_1_454' title='bbox 1327 286 1420 318; x_wconf 82' lang='grc' dir='ltr'>ἁπλῶς</span> <span class='ocrx_word' id='word_1_455' title='bbox 1433 286 1480 313; x_wconf 82' lang='grc' dir='ltr'>τὸν</span> <span class='ocrx_word' id='word_1_456' title='bbox 1502 286 1644 313; x_wconf 83' lang='grc' dir='ltr'>ὁντιναοῦν</span> <span class='ocrx_word' id='word_1_457' title='bbox 1661 287 1690 312; x_wconf 80' lang='grc' dir='ltr'>οἵ</span> <span class='ocrx_word' id='word_1_458' title='bbox 1698 295 1730 320; x_wconf 92' lang='grc' dir='ltr'><strong>γε</strong></span> <span class='ocrx_word' id='word_1_459' title='bbox 1750 287 1868 320; x_wconf 85' lang='grc' dir='ltr'>αὐτομο-</span> 
     </span>
    </p>
   </div>
   <div class='ocr_carea' id='block_1_65' title="bbox 1074 329 1868 369">
    <p class='ocr_par' dir='ltr' id='par_1_65' title="bbox 1074 329 1868 369">
     <span class='ocr_line' id='line_1_65' title="bbox 1074 329 1868 369; baseline 0.005 -14"><span class='ocrx_word' id='word_1_460' title='bbox 1074 329 1205 364; x_wconf 83' lang='grc' dir='ltr'>λήσαντες</span> <span class='ocrx_word' id='word_1_461' title='bbox 1226 329 1297 367; x_wconf 80' lang='grc' dir='ltr'>ἦσαν</span> <span class='ocrx_word' id='word_1_462' title='bbox 1321 332 1359 364; x_wconf 86' lang='grc' dir='ltr'><strong>ῶς</strong></span> <span class='ocrx_word' id='word_1_463' title='bbox 1379 332 1542 369; x_wconf 82' lang='grc' dir='ltr'>Ῥωμαίους,</span> <span class='ocrx_word' id='word_1_464' title='bbox 1563 332 1625 359; x_wconf 71' lang='grc' dir='ltr'>οὔτε</span> <span class='ocrx_word' id='word_1_465' title='bbox 1647 332 1798 360; x_wconf 57' lang='grc' dir='ltr'>ἐκδώσειν</span> <span class='ocrx_word' id='word_1_466' title='bbox 1811 333 1868 360; x_wconf 82' lang='grc' dir='ltr'>ἀλλ’</span> 
     </span>
    </p>
   </div>
   <div class='ocr_carea' id='block_1_66' title="bbox 1072 376 1868 415">
    <p class='ocr_par' dir='ltr' id='par_1_66' title="bbox 1072 376 1868 415">
     <span class='ocr_line' id='line_1_66' title="bbox 1072 376 1868 415; baseline 0.003 -13"><span class='ocrx_word' id='word_1_467' title='bbox 1072 376 1133 403; x_wconf 74' lang='grc' dir='ltr'>οὐδὲ</span> <span class='ocrx_word' id='word_1_468' title='bbox 1152 377 1254 413; x_wconf 77' lang='grc' dir='ltr'><strong>ἑτέρως</strong></span> <span class='ocrx_word' id='word_1_469' title='bbox 1269 379 1439 414; x_wconf 79' lang='grc' dir='ltr'><strong>ἐμπεδώσειν</strong></span> <span class='ocrx_word' id='word_1_470' title='bbox 1461 379 1565 414; x_wconf 75' lang='grc' dir='ltr'>ἔφασκε</span> <span class='ocrx_word' id='word_1_471' title='bbox 1588 380 1639 414; x_wconf 83' lang='grc' dir='ltr'>τὴν</span> <span class='ocrx_word' id='word_1_472' title='bbox 1653 380 1778 415; x_wconf 75' lang='grc' dir='ltr'><strong>εἰρήνην,</strong></span> <span class='ocrx_word' id='word_1_473' title='bbox 1801 380 1868 414; x_wconf 80' lang='grc' dir='ltr'>εἴγε</span> 
     </span>
    </p>
   </div>
   <div class='ocr_carea' id='block_1_67' title="bbox 1075 421 1869 460">
    <p class='ocr_par' dir='ltr' id='par_1_67' title="bbox 1075 421 1869 460">
     <span class='ocr_line' id='line_1_67' title="bbox 1075 421 1869 460; baseline 0 -10"><span class='ocrx_word' id='word_1_474' title='bbox 1075 421 1112 457; x_wconf 78' lang='grc' dir='ltr'>μὴ</span> <span class='ocrx_word' id='word_1_475' title='bbox 1136 422 1212 450; x_wconf 75' lang='grc' dir='ltr'>ἄδεια</span> <span class='ocrx_word' id='word_1_476' title='bbox 1226 423 1315 451; x_wconf 80' lang='grc' dir='ltr'>ἔσοιτο</span> <span class='ocrx_word' id='word_1_477' title='bbox 1337 425 1394 457; x_wconf 85' lang='grc' dir='ltr'>τοῖς</span> <span class='ocrx_word' id='word_1_478' title='bbox 1420 424 1592 460; x_wconf 76' lang='grc' dir='ltr'>βουλομένοις</span> <span class='ocrx_word' id='word_1_479' title='bbox 1604 425 1823 460; x_wconf 85' lang='grc' dir='ltr'>Περσαρμενίων</span> <span class='ocrx_word' id='word_1_480' title='bbox 1840 433 1869 452; x_wconf 81' lang='grc' dir='ltr'><strong>τε</strong></span> 
     </span>
    </p>
   </div>
   <div class='ocr_carea' id='block_1_68' title="bbox 1073 468 1870 506">
    <p class='ocr_par' dir='ltr' id='par_1_68' title="bbox 1073 468 1870 506">
     <span class='ocr_line' id='line_1_68' title="bbox 1073 468 1870 506; baseline 0.003 -12"><span class='ocrx_word' id='word_1_481' title='bbox 1073 468 1120 494; x_wconf 78' lang='grc' dir='ltr'><strong>καὶ</strong></span> <span class='ocrx_word' id='word_1_482' title='bbox 1142 468 1264 504; x_wconf 81' lang='grc' dir='ltr'>Ίὸήρων,</span> <span class='ocrx_word' id='word_1_483' title='bbox 1279 470 1329 505; x_wconf 80' lang='grc' dir='ltr'>τὴν</span> <span class='ocrx_word' id='word_1_484' title='bbox 1351 471 1488 506; x_wconf 80' lang='grc' dir='ltr'><strong>σφετέραν</strong></span> <span class='ocrx_word' id='word_1_485' title='bbox 1513 470 1685 502; x_wconf 78' lang='grc' dir='ltr'>ἐκλιπόντας.</span> <span class='ocrx_word' id='word_1_486' title='bbox 1710 471 1870 497; x_wconf 82' lang='grc' dir='ltr'>ἀνασκευά-</span> 
     </span>
    </p>
   </div>
   <div class='ocr_carea' id='block_1_69' title="bbox 1074 513 1871 551">
    <p class='ocr_par' dir='ltr' id='par_1_69' title="bbox 1074 513 1871 551">
     <span class='ocr_line' id='line_1_69' title="bbox 1074 513 1871 551; baseline 0.003 -12"><span class='ocrx_word' id='word_1_487' title='bbox 1074 513 1171 541; x_wconf 87' lang='grc' dir='ltr'>σασθαι</span> <span class='ocrx_word' id='word_1_488' title='bbox 1190 514 1218 546; x_wconf 85' lang='grc' dir='ltr'><strong>ἑς</strong></span> <span class='ocrx_word' id='word_1_489' title='bbox 1251 514 1301 550; x_wconf 84' lang='grc' dir='ltr'>τὴν</span> <span class='ocrx_word' id='word_1_490' title='bbox 1322 515 1478 551; x_wconf 82' lang='grc' dir='ltr'>Ῥωμαίων.</span> <span class='ocrx_word' id='word_1_491' title='bbox 1502 516 1589 550; x_wconf 87' lang='grc' dir='ltr'>Λόγον</span> <span class='ocrx_word' id='word_1_492' title='bbox 1615 515 1669 551; x_wconf 86' lang='grc' dir='ltr'><strong>γὰρ</strong></span> <span class='ocrx_word' id='word_1_493' title='bbox 1692 515 1742 550; x_wconf 80' lang='grc' dir='ltr'>οὐχ</span> <span class='ocrx_word' id='word_1_494' title='bbox 1767 515 1871 549; x_wconf 78' lang='grc' dir='ltr'>ἥκιστα</span> 
     </span>
    </p>
   </div>
   <div class='ocr_carea' id='block_1_70' title="bbox 1073 559 1871 597">
    <p class='ocr_par' dir='ltr' id='par_1_70' title="bbox 1073 559 1871 597">
     <span class='ocr_line' id='line_1_70' title="bbox 1073 559 1871 597; baseline 0.004 -13"><span class='ocrx_word' id='word_1_495' title='bbox 1073 559 1192 586; x_wconf 72' lang='grc' dir='ltr'>ἐποιεῖτο</span> <span class='ocrx_word' id='word_1_496' title='bbox 1203 560 1287 587; x_wconf 79' lang='grc' dir='ltr'>πολὺν</span> <span class='ocrx_word' id='word_1_497' title='bbox 1301 562 1315 587; x_wconf 84' lang='grc' dir='ltr'>ὁ</span> <span class='ocrx_word' id='word_1_498' title='bbox 1328 561 1437 597; x_wconf 81' lang='grc' dir='ltr'>Καίσαρ</span> <span class='ocrx_word' id='word_1_499' title='bbox 1448 561 1501 588; x_wconf 78' lang='grc' dir='ltr'>τῶν</span> <span class='ocrx_word' id='word_1_500' title='bbox 1513 561 1720 596; x_wconf 80' lang='grc' dir='ltr'>ὀμωμοσμένων</span> <span class='ocrx_word' id='word_1_501' title='bbox 1732 561 1785 587; x_wconf 79' lang='grc' dir='ltr'>ὑπὸ</span> <span class='ocrx_word' id='word_1_502' title='bbox 1802 561 1871 587; x_wconf 73' lang='grc' dir='ltr'>Ἰουο</span> 
     </span>
    </p>
   </div>
   <div class='ocr_carea' id='block_1_71' title="bbox 1073 605 1871 641">
    <p class='ocr_par' dir='ltr' id='par_1_71' title="bbox 1073 605 1871 641">
     <span class='ocr_line' id='line_1_71' title="bbox 1073 605 1871 641; baseline 0.001 -11"><span class='ocrx_word' id='word_1_503' title='bbox 1073 605 1208 631; x_wconf 85' lang='grc' dir='ltr'>στινιανοῦ</span> <span class='ocrx_word' id='word_1_504' title='bbox 1227 605 1274 632; x_wconf 85' lang='grc' dir='ltr'>τοῦ</span> <span class='ocrx_word' id='word_1_505' title='bbox 1288 605 1422 641; x_wconf 80' lang='grc' dir='ltr'>βασιλέως</span> <span class='ocrx_word' id='word_1_506' title='bbox 1435 607 1491 637; x_wconf 85' lang='grc' dir='ltr'>τοῖς</span> <span class='ocrx_word' id='word_1_507' title='bbox 1509 606 1727 641; x_wconf 85' lang='grc' dir='ltr'>Περσαρμενίοις</span> <span class='ocrx_word' id='word_1_508' title='bbox 1747 606 1795 632; x_wconf 83' lang='grc' dir='ltr'><strong>καὶ</strong></span> <span class='ocrx_word' id='word_1_509' title='bbox 1812 607 1871 637; x_wconf 81' lang='grc' dir='ltr'>τοῖς</span> 
     </span>
    </p>
   </div>
   <div class='ocr_carea' id='block_1_72' title="bbox 1074 651 1869 687">
    <p class='ocr_par' dir='ltr' id='par_1_72' title="bbox 1074 651 1869 687">
     <span class='ocr_line' id='line_1_72' title="bbox 1074 651 1869 687; baseline -0.001 -9"><span class='ocrx_word' id='word_1_510' title='bbox 1074 651 1301 687; x_wconf 85' lang='grc' dir='ltr'>μεταχωρήσασιν</span> <span class='ocrx_word' id='word_1_511' title='bbox 1320 652 1441 687; x_wconf 76' lang='grc' dir='ltr'>Ἰόήρων.</span> <span class='ocrx_word' id='word_1_512' title='bbox 1463 652 1684 687; x_wconf 77' lang='grc' dir='ltr'>ὀμωμόκειγάρ</span> <span class='ocrx_word' id='word_1_513' title='bbox 1696 653 1709 678; x_wconf 74' lang='grc' dir='ltr'><strong>ὁ</strong></span> <span class='ocrx_word' id='word_1_514' title='bbox 1726 651 1869 686; x_wconf 75' lang='grc' dir='ltr'>βασιλεὺς,</span> 
     </span>
    </p>
   </div>
   <div class='ocr_carea' id='block_1_73' title="bbox 1071 695 1871 732">
    <p class='ocr_par' dir='ltr' id='par_1_73' title="bbox 1071 695 1871 732">
     <span class='ocr_line' id='line_1_73' title="bbox 1071 695 1871 732; baseline -0.001 -9"><span class='ocrx_word' id='word_1_515' title='bbox 1071 698 1108 730; x_wconf 86' lang='grc' dir='ltr'>ὡς</span> <span class='ocrx_word' id='word_1_516' title='bbox 1122 697 1235 724; x_wconf 82' lang='grc' dir='ltr'>καθόσον</span> <span class='ocrx_word' id='word_1_517' title='bbox 1251 695 1307 724; x_wconf 75' lang='grc' dir='ltr'>οἷόν</span> <span class='ocrx_word' id='word_1_518' title='bbox 1322 698 1351 724; x_wconf 83' lang='grc' dir='ltr'><em>τέ</em></span> <span class='ocrx_word' id='word_1_519' title='bbox 1374 698 1449 724; x_wconf 79' lang='grc' dir='ltr'>ἑστιν</span> <span class='ocrx_word' id='word_1_520' title='bbox 1467 697 1553 730; x_wconf 81' lang='grc' dir='ltr'>αὐτῷ,</span> <span class='ocrx_word' id='word_1_521' title='bbox 1573 697 1680 724; x_wconf 75' lang='grc' dir='ltr'>ἅπαντα</span> <span class='ocrx_word' id='word_1_522' title='bbox 1691 697 1871 732; x_wconf 73' lang='grc' dir='ltr'>ἀνακινήσειν</span> 
     </span>
    </p>
   </div>
   <div class='ocr_carea' id='block_1_74' title="bbox 1071 742 1872 779">
    <p class='ocr_par' dir='ltr' id='par_1_74' title="bbox 1071 742 1872 779">
     <span class='ocr_line' id='line_1_74' title="bbox 1071 742 1872 779; baseline -0.004 -9"><span class='ocrx_word' id='word_1_523' title='bbox 1071 744 1182 779; x_wconf 74' lang='grc' dir='ltr'>τρόπον,</span> <span class='ocrx_word' id='word_1_524' title='bbox 1202 743 1240 774; x_wconf 80' lang='grc' dir='ltr'>ὼς</span> <span class='ocrx_word' id='word_1_525' title='bbox 1254 742 1287 770; x_wconf 86' lang='grc' dir='ltr'>ἂν</span> <span class='ocrx_word' id='word_1_526' title='bbox 1302 743 1348 769; x_wconf 79' lang='grc' dir='ltr'>καὶ</span> <span class='ocrx_word' id='word_1_527' title='bbox 1364 743 1449 778; x_wconf 82' lang='grc' dir='ltr'>αὑτήν</span> <span class='ocrx_word' id='word_1_528' title='bbox 1463 751 1493 777; x_wconf 86' lang='grc' dir='ltr'><strong>γε</strong></span> <span class='ocrx_word' id='word_1_529' title='bbox 1508 742 1596 777; x_wconf 82' lang='grc' dir='ltr'><strong>δήπου</strong></span> <span class='ocrx_word' id='word_1_530' title='bbox 1615 743 1666 777; x_wconf 81' lang='grc' dir='ltr'>τὴν</span> <span class='ocrx_word' id='word_1_531' title='bbox 1689 742 1872 777; x_wconf 67' lang='grc' dir='ltr'>θρεψαμένην</span> 
     </span>
    </p>
   </div>
   <div class='ocr_carea' id='block_1_75' title="bbox 1073 786 1870 823">
    <p class='ocr_par' dir='ltr' id='par_1_75' title="bbox 1073 786 1870 823">
     <span class='ocr_line' id='line_1_75' title="bbox 1073 786 1870 823; baseline -0.004 -8"><span class='ocrx_word' id='word_1_532' title='bbox 1073 789 1145 823; x_wconf 75' lang='grc' dir='ltr'>σφᾶς</span> <span class='ocrx_word' id='word_1_533' title='bbox 1162 789 1306 823; x_wconf 82' lang='grc' dir='ltr'>ποιήσεται</span> <span class='ocrx_word' id='word_1_534' title='bbox 1319 788 1475 822; x_wconf 80' lang='grc' dir='ltr'>ὑποχείριον</span> <span class='ocrx_word' id='word_1_535' title='bbox 1490 795 1497 802; x_wconf 89' lang='grc'><strong>·</strong></span> <span class='ocrx_word' id='word_1_536' title='bbox 1515 788 1540 813; x_wconf 88' lang='grc' dir='ltr'><strong>εί</strong></span> <span class='ocrx_word' id='word_1_537' title='bbox 1559 787 1587 813; x_wconf 86' lang='grc' dir='ltr'>δέ</span> <span class='ocrx_word' id='word_1_538' title='bbox 1602 795 1634 821; x_wconf 89' lang='grc' dir='ltr'><strong>γε</strong></span> <span class='ocrx_word' id='word_1_539' title='bbox 1647 786 1711 822; x_wconf 77' lang='grc' dir='ltr'>ἄχρι</span> <span class='ocrx_word' id='word_1_540' title='bbox 1724 787 1823 818; x_wconf 78' lang='grc' dir='ltr'>τέλους</span> <span class='ocrx_word' id='word_1_541' title='bbox 1839 786 1870 812; x_wconf 74' lang='grc' dir='ltr'>οὗ</span> 
     </span>
    </p>
   </div>
   <div class='ocr_carea' id='block_1_76' title="bbox 1072 833 1871 869">
    <p class='ocr_par' dir='ltr' id='par_1_76' title="bbox 1072 833 1871 869">
     <span class='ocr_line' id='line_1_76' title="bbox 1072 833 1871 869; baseline -0.001 -8"><span class='ocrx_word' id='word_1_542' title='bbox 1072 844 1098 861; x_wconf 84' lang='grc' dir='ltr'><strong>τι</strong></span> <span class='ocrx_word' id='word_1_543' title='bbox 1113 834 1201 861; x_wconf 73' lang='grc' dir='ltr'>ἔσοιτο</span> <span class='ocrx_word' id='word_1_544' title='bbox 1216 833 1329 865; x_wconf 80' lang='grc' dir='ltr'>δυνατὸς</span> <span class='ocrx_word' id='word_1_545' title='bbox 1357 833 1425 868; x_wconf 84' lang='grc' dir='ltr'>πρὸς</span> <span class='ocrx_word' id='word_1_546' title='bbox 1449 833 1498 860; x_wconf 78' lang='grc' dir='ltr'><strong>τὸν</strong></span> <span class='ocrx_word' id='word_1_547' title='bbox 1513 833 1633 869; x_wconf 85' lang='grc' dir='ltr'>πόλεμον</span> <span class='ocrx_word' id='word_1_548' title='bbox 1647 833 1782 865; x_wconf 79' lang='grc' dir='ltr'>ἀνθέξειν,</span> <span class='ocrx_word' id='word_1_549' title='bbox 1800 833 1871 860; x_wconf 73' lang='grc' dir='ltr'>ἀλλὰ</span> 
     </span>
    </p>
   </div>
   <div class='ocr_carea' id='block_1_77' title="bbox 1074 877 1864 913">
    <p class='ocr_par' dir='ltr' id='par_1_77' title="bbox 1074 877 1864 913">
     <span class='ocr_line' id='line_1_77' title="bbox 1074 877 1864 913; baseline -0.004 -7"><span class='ocrx_word' id='word_1_550' title='bbox 1074 880 1137 911; x_wconf 82' lang='grc' dir='ltr'>τοὺς</span> <span class='ocrx_word' id='word_1_551' title='bbox 1159 879 1263 910; x_wconf 80' lang='grc' dir='ltr'><strong>αἰτίους</strong></span> <span class='ocrx_word' id='word_1_552' title='bbox 1293 879 1341 913; x_wconf 84' lang='grc' dir='ltr'><strong>τῆς</strong></span> <span class='ocrx_word' id='word_1_553' title='bbox 1366 878 1541 909; x_wconf 82' lang='grc' dir='ltr'>ἀποστάσεως</span> <span class='ocrx_word' id='word_1_554' title='bbox 1571 877 1696 909; x_wconf 71' lang='grc' dir='ltr'>καὶτοὺς</span> <span class='ocrx_word' id='word_1_555' title='bbox 1710 877 1749 912; x_wconf 83' lang='grc' dir='ltr'><strong>τῷ</strong></span> <span class='ocrx_word' id='word_1_556' title='bbox 1761 878 1864 912; x_wconf 76' lang='grc' dir='ltr'>αἵματι</span> 
     </span>
    </p>
   </div>
   <div class='ocr_carea' id='block_1_78' title="bbox 1074 923 1869 960">
    <p class='ocr_par' dir='ltr' id='par_1_78' title="bbox 1074 923 1869 960">
     <span class='ocr_line' id='line_1_78' title="bbox 1074 923 1869 960; baseline -0.003 -9"><span class='ocrx_word' id='word_1_557' title='bbox 1074 925 1149 959; x_wconf 82' lang='grc' dir='ltr'>σφίσι</span> <span class='ocrx_word' id='word_1_558' title='bbox 1163 925 1364 960; x_wconf 80' lang='grc' dir='ltr'>προσήκοντας,</span> <span class='ocrx_word' id='word_1_559' title='bbox 1386 923 1531 957; x_wconf 81' lang='grc' dir='ltr'>ξυνελόντσ.</span> <span class='ocrx_word' id='word_1_560' title='bbox 1542 924 1562 939; x_wconf 84' lang='grc'><strong>¹¹</strong></span> <span class='ocrx_word' id='word_1_561' title='bbox 1578 923 1607 950; x_wconf 79' lang='grc' dir='ltr'><strong>δὲ</strong></span> <span class='ocrx_word' id='word_1_562' title='bbox 1630 923 1717 949; x_wconf 72' lang='grc' dir='ltr'>εἰπεῖν</span> <span class='ocrx_word' id='word_1_563' title='bbox 1730 923 1795 954; x_wconf 75' lang='grc' dir='ltr'>τοὺς</span> <span class='ocrx_word' id='word_1_564' title='bbox 1808 923 1869 949; x_wconf 86' lang='grc' dir='ltr'>ὅσοι</span> 
     </span>
    </p>
   </div>
   <div class='ocr_carea' id='block_1_79' title="bbox 1074 968 1869 1005">
    <p class='ocr_par' dir='ltr' id='par_1_79' title="bbox 1074 968 1869 1005">
     <span class='ocr_line' id='line_1_79' title="bbox 1074 968 1869 1005; baseline -0.004 -8"><span class='ocrx_word' id='word_1_565' title='bbox 1074 970 1214 1005; x_wconf 82' lang='grc' dir='ltr'>βούλονται</span> <span class='ocrx_word' id='word_1_566' title='bbox 1238 969 1397 1005; x_wconf 83' lang='grc' dir='ltr'>Ῥωμαῖκῆς</span> <span class='ocrx_word' id='word_1_567' title='bbox 1410 969 1556 1004; x_wconf 76' lang='grc' dir='ltr'>μετασχεῖν</span> <span class='ocrx_word' id='word_1_568' title='bbox 1577 968 1729 1000; x_wconf 83' lang='grc' dir='ltr'>πολιτείας,</span> <span class='ocrx_word' id='word_1_569' title='bbox 1749 969 1781 995; x_wconf 81' lang='grc' dir='ltr'>οὺ</span> <span class='ocrx_word' id='word_1_570' title='bbox 1806 968 1869 995; x_wconf 84' lang='grc' dir='ltr'><strong>πώ-</strong></span> 
     </span>
    </p>
   </div>
   <div class='ocr_carea' id='block_1_80' title="bbox 1075 1014 1871 1050">
    <p class='ocr_par' dir='ltr' id='par_1_80' title="bbox 1075 1014 1871 1050">
     <span class='ocr_line' id='line_1_80' title="bbox 1075 1014 1871 1050; baseline 0 -8"><span class='ocrx_word' id='word_1_571' title='bbox 1075 1025 1140 1042; x_wconf 86' lang='grc' dir='ltr'>ποτε</span> <span class='ocrx_word' id='word_1_572' title='bbox 1154 1015 1317 1050; x_wconf 83' lang='grc' dir='ltr'>ποιήσεσθαι</span> <span class='ocrx_word' id='word_1_573' title='bbox 1332 1015 1468 1047; x_wconf 78' lang='grc' dir='ltr'>ἐκδότους.</span> <span class='ocrx_word' id='word_1_574' title='bbox 1494 1014 1598 1042; x_wconf 79' lang='grc' dir='ltr'>Ἐδόκει</span> <span class='ocrx_word' id='word_1_575' title='bbox 1614 1014 1643 1041; x_wconf 84' lang='grc' dir='ltr'><strong>δὲ</strong></span> <span class='ocrx_word' id='word_1_576' title='bbox 1663 1015 1712 1041; x_wconf 82' lang='grc' dir='ltr'>καὶ</span> <span class='ocrx_word' id='word_1_577' title='bbox 1737 1015 1871 1050; x_wconf 66' lang='grc' dir='ltr'>βασιλεὺς</span> 
     </span>
    </p>
   </div>
   <div class='ocr_carea' id='block_1_81' title="bbox 1073 1061 1870 1098">
    <p class='ocr_par' dir='ltr' id='par_1_81' title="bbox 1073 1061 1870 1098">
     <span class='ocr_line' id='line_1_81' title="bbox 1073 1061 1870 1098; baseline 0 -10"><span class='ocrx_word' id='word_1_578' title='bbox 1073 1063 1088 1088; x_wconf 80' lang='grc' dir='ltr'>ὁ</span> <span class='ocrx_word' id='word_1_579' title='bbox 1108 1062 1222 1098; x_wconf 85' lang='grc' dir='ltr'>Περσῶν</span> <span class='ocrx_word' id='word_1_580' title='bbox 1239 1062 1351 1098; x_wconf 82' lang='grc' dir='ltr'>ἥδεσθαι</span> <span class='ocrx_word' id='word_1_581' title='bbox 1371 1061 1418 1088; x_wconf 84' lang='grc' dir='ltr'>ἑπὶ</span> <span class='ocrx_word' id='word_1_582' title='bbox 1435 1062 1535 1095; x_wconf 83' lang='grc' dir='ltr'>τοῖσδε,</span> <span class='ocrx_word' id='word_1_583' title='bbox 1549 1061 1587 1092; x_wconf 81' lang='grc' dir='ltr'>ὡς</span> <span class='ocrx_word' id='word_1_584' title='bbox 1607 1061 1641 1088; x_wconf 80' lang='grc' dir='ltr'>ἂν</span> <span class='ocrx_word' id='word_1_585' title='bbox 1659 1062 1792 1096; x_wconf 83' lang='grc' dir='ltr'>Ῥωμαῖοι</span> <span class='ocrx_word' id='word_1_586' title='bbox 1817 1062 1870 1097; x_wconf 78' lang='grc' dir='ltr'>μὲν</span> 
     </span>
    </p>
   </div>
   <div class='ocr_carea' id='block_1_82' title="bbox 1074 1107 1868 1142">
    <p class='ocr_par' dir='ltr' id='par_1_82' title="bbox 1074 1107 1868 1142">
     <span class='ocr_line' id='line_1_82' title="bbox 1074 1107 1868 1142; baseline 0 -9"><span class='ocrx_word' id='word_1_587' title='bbox 1074 1107 1250 1142; x_wconf 80' lang='grc' dir='ltr'>ἐκστήσοιντο</span> <span class='ocrx_word' id='word_1_588' title='bbox 1276 1107 1326 1142; x_wconf 86' lang='grc' dir='ltr'><strong>τῆς</strong></span> <span class='ocrx_word' id='word_1_589' title='bbox 1353 1107 1562 1142; x_wconf 85' lang='grc' dir='ltr'>Περσαρμενίας</span> <span class='ocrx_word' id='word_1_590' title='bbox 1574 1107 1596 1123; x_wconf 83' lang='lat'><strong>&#39;°</strong></span> <span class='ocrx_word' id='word_1_591' title='bbox 1609 1115 1640 1133; x_wconf 90' lang='grc' dir='ltr'><strong>τε</strong></span> <span class='ocrx_word' id='word_1_592' title='bbox 1664 1107 1712 1133; x_wconf 79' lang='grc' dir='ltr'><strong>καὶ</strong></span> <span class='ocrx_word' id='word_1_593' title='bbox 1732 1107 1868 1142; x_wconf 73' lang='grc' dir='ltr'>Ἰϐηρίας,</span> 
     </span>
    </p>
   </div>
   <div class='ocr_carea' id='block_1_83' title="bbox 1074 1152 1868 1188">
    <p class='ocr_par' dir='ltr' id='par_1_83' title="bbox 1074 1152 1868 1188">
     <span class='ocr_line' id='line_1_83' title="bbox 1074 1152 1868 1188; baseline 0 -8"><span class='ocrx_word' id='word_1_594' title='bbox 1074 1153 1200 1186; x_wconf 80' lang='grc' dir='ltr'>ἑξουσίαν</span> <span class='ocrx_word' id='word_1_595' title='bbox 1212 1153 1241 1180; x_wconf 81' lang='grc' dir='ltr'><strong>δὲ</strong></span> <span class='ocrx_word' id='word_1_596' title='bbox 1258 1153 1340 1185; x_wconf 76' lang='grc' dir='ltr'>αὐτὸς</span> <span class='ocrx_word' id='word_1_597' title='bbox 1357 1153 1518 1188; x_wconf 83' lang='grc' dir='ltr'>προσνέμοι,</span> <span class='ocrx_word' id='word_1_598' title='bbox 1531 1153 1593 1179; x_wconf 76' lang='grc' dir='ltr'>ὅποι</span> <span class='ocrx_word' id='word_1_599' title='bbox 1608 1152 1752 1180; x_wconf 78' lang='grc' dir='ltr'>ἐθέλουσιν</span> <span class='ocrx_word' id='word_1_600' title='bbox 1765 1153 1791 1179; x_wconf 87' lang='grc' dir='ltr'><strong>οί</strong></span> <span class='ocrx_word' id='word_1_601' title='bbox 1801 1154 1868 1188; x_wconf 75' lang='grc' dir='ltr'>τῇδε</span> 
     </span>
    </p>
   </div>
   <div class='ocr_carea' id='block_1_84' title="bbox 1074 1195 1871 1234">
    <p class='ocr_par' dir='ltr' id='par_1_84' title="bbox 1074 1195 1871 1234">
     <span class='ocr_line' id='line_1_84' title="bbox 1074 1195 1871 1234; baseline -0.004 -8"><span class='ocrx_word' id='word_1_602' title='bbox 1074 1199 1215 1234; x_wconf 81' lang='grc' dir='ltr'>οἰκήτορες</span> <span class='ocrx_word' id='word_1_603' title='bbox 1231 1199 1310 1231; x_wconf 83' lang='grc' dir='ltr'>ίέναι,</span> <span class='ocrx_word' id='word_1_604' title='bbox 1330 1198 1360 1225; x_wconf 77' lang='grc' dir='ltr'>οὗ</span> <span class='ocrx_word' id='word_1_605' title='bbox 1378 1207 1403 1224; x_wconf 80' lang='grc' dir='ltr'><strong>τι</strong></span> <span class='ocrx_word' id='word_1_606' title='bbox 1417 1198 1470 1225; x_wconf 83' lang='grc' dir='ltr'>ἀπὸ</span> <span class='ocrx_word' id='word_1_607' title='bbox 1491 1198 1590 1233; x_wconf 78' lang='grc' dir='ltr'>τρόπου</span> <span class='ocrx_word' id='word_1_608' title='bbox 1619 1206 1651 1232; x_wconf 86' lang='grc' dir='ltr'><strong>γε</strong></span> <span class='ocrx_word' id='word_1_609' title='bbox 1671 1195 1761 1232; x_wconf 71' lang='grc' dir='ltr'>οἶμαι.</span> <span class='ocrx_word' id='word_1_610' title='bbox 1786 1198 1871 1224; x_wconf 84' lang='grc' dir='ltr'>Ἦπί-</span> 
     </span>
    </p>
   </div>
   <div class='ocr_carea' id='block_1_85' title="bbox 1075 1244 1868 1280">
    <p class='ocr_par' dir='ltr' id='par_1_85' title="bbox 1075 1244 1868 1280">
     <span class='ocr_line' id='line_1_85' title="bbox 1075 1244 1868 1280; baseline -0.004 -8"><span class='ocrx_word' id='word_1_611' title='bbox 1075 1254 1158 1272; x_wconf 87' lang='grc' dir='ltr'>στατο</span> <span class='ocrx_word' id='word_1_612' title='bbox 1184 1246 1250 1280; x_wconf 81' lang='grc' dir='ltr'>γὰρ,</span> <span class='ocrx_word' id='word_1_613' title='bbox 1275 1244 1345 1280; x_wconf 82' lang='grc' dir='ltr'>πλὴν</span> <span class='ocrx_word' id='word_1_614' title='bbox 1366 1244 1511 1278; x_wconf 82' lang='grc' dir='ltr'>ὀλιγίστων</span> <span class='ocrx_word' id='word_1_615' title='bbox 1535 1244 1590 1270; x_wconf 84' lang='grc' dir='ltr'>τῶν</span> <span class='ocrx_word' id='word_1_616' title='bbox 1614 1244 1643 1270; x_wconf 87' lang='grc' dir='ltr'><strong>ἑν</strong></span> <span class='ocrx_word' id='word_1_617' title='bbox 1662 1244 1745 1276; x_wconf 85' lang='grc' dir='ltr'>τέλει,</span> <span class='ocrx_word' id='word_1_618' title='bbox 1768 1244 1794 1270; x_wconf 85' lang='grc' dir='ltr'>οἶ</span> <span class='ocrx_word' id='word_1_619' title='bbox 1815 1245 1868 1279; x_wconf 80' lang='grc' dir='ltr'><strong>τῆς</strong></span> 
     </span>
    </p>
   </div>
   <div class='ocr_carea' id='block_1_86' title="bbox 1074 1286 1870 1324">
    <p class='ocr_par' dir='ltr' id='par_1_86' title="bbox 1074 1286 1870 1324">
     <span class='ocr_line' id='line_1_86' title="bbox 1074 1286 1870 1324; baseline -0.004 -7"><span class='ocrx_word' id='word_1_620' title='bbox 1074 1290 1254 1321; x_wconf 80' lang='grc' dir='ltr'>ἀποστάσεως</span> <span class='ocrx_word' id='word_1_621' title='bbox 1280 1286 1379 1324; x_wconf 78' lang='grc' dir='ltr'>ἦρξαν,</span> <span class='ocrx_word' id='word_1_622' title='bbox 1404 1289 1442 1320; x_wconf 86' lang='grc' dir='ltr'>ὼς</span> <span class='ocrx_word' id='word_1_623' title='bbox 1469 1288 1558 1320; x_wconf 68' lang='grc' dir='ltr'>οὐδεὶς</span> <span class='ocrx_word' id='word_1_624' title='bbox 1578 1288 1793 1324; x_wconf 81' lang='grc' dir='ltr'>Περσαρμενίων</span> <span class='ocrx_word' id='word_1_625' title='bbox 1819 1289 1870 1314; x_wconf 75' lang='grc' dir='ltr'><strong>καὶ</strong></span> 
     </span>
    </p>
   </div>
   <div class='ocr_carea' id='block_1_87' title="bbox 1081 1336 1868 1373">
    <p class='ocr_par' dir='ltr' id='par_1_87' title="bbox 1081 1336 1868 1373">
     <span class='ocr_line' id='line_1_87' title="bbox 1081 1336 1868 1373; baseline -0.001 -10"><span class='ocrx_word' id='word_1_626' title='bbox 1081 1338 1207 1373; x_wconf 71' lang='grc' dir='ltr'>Ἰϐήρων,</span> <span class='ocrx_word' id='word_1_627' title='bbox 1221 1337 1297 1372; x_wconf 84' lang='grc' dir='ltr'><strong>πόοῳ</strong></span> <span class='ocrx_word' id='word_1_628' title='bbox 1312 1337 1361 1372; x_wconf 85' lang='grc' dir='ltr'><strong>τῆς</strong></span> <span class='ocrx_word' id='word_1_629' title='bbox 1374 1336 1548 1372; x_wconf 73' lang='grc' dir='ltr'>θρεψαμένης</span> <span class='ocrx_word' id='word_1_630' title='bbox 1558 1336 1587 1368; x_wconf 80' lang='grc' dir='ltr'>ὃς</span> <span class='ocrx_word' id='word_1_631' title='bbox 1599 1336 1679 1371; x_wconf 78' lang='grc' dir='ltr'>φύσει</span> <span class='ocrx_word' id='word_1_632' title='bbox 1692 1336 1748 1368; x_wconf 83' lang='grc' dir='ltr'>τοῖς</span> <span class='ocrx_word' id='word_1_633' title='bbox 1759 1336 1868 1370; x_wconf 87' lang='grc' dir='ltr'>ἀνθρὼ-</span> 
     </span>
    </p>
   </div>
   <div class='ocr_carea' id='block_1_88' title="bbox 1075 1382 1869 1417">
    <p class='ocr_par' dir='ltr' id='par_1_88' title="bbox 1075 1382 1869 1417">
     <span class='ocr_line' id='line_1_88' title="bbox 1075 1382 1869 1417; baseline -0.003 -7"><span class='ocrx_word' id='word_1_634' title='bbox 1075 1392 1136 1415; x_wconf 82' lang='grc' dir='ltr'>ποις</span> <span class='ocrx_word' id='word_1_635' title='bbox 1173 1383 1292 1415; x_wconf 82' lang='grc' dir='ltr'>ἑνιζάνει</span> <span class='ocrx_word' id='word_1_636' title='bbox 1320 1391 1349 1409; x_wconf 89' lang='grc' dir='ltr'><strong>τε</strong></span> <span class='ocrx_word' id='word_1_637' title='bbox 1386 1383 1433 1409; x_wconf 77' lang='grc' dir='ltr'>καὶ</span> <span class='ocrx_word' id='word_1_638' title='bbox 1471 1382 1679 1417; x_wconf 82' lang='grc' dir='ltr'>προσπέπηγεν,</span> <span class='ocrx_word' id='word_1_639' title='bbox 1712 1382 1869 1409; x_wconf 84' lang='grc' dir='ltr'>ἀνασκευά-</span> 
     </span>
    </p>
   </div>
   <div class='ocr_carea' id='block_1_89' title="bbox 1076 1427 1867 1464">
    <p class='ocr_par' dir='ltr' id='par_1_89' title="bbox 1076 1427 1867 1464">
     <span class='ocr_line' id='line_1_89' title="bbox 1076 1427 1867 1464; baseline -0.003 -9"><span class='ocrx_word' id='word_1_640' title='bbox 1076 1437 1148 1455; x_wconf 79' lang='grc' dir='ltr'>σοιτο</span> <span class='ocrx_word' id='word_1_641' title='bbox 1160 1429 1181 1444; x_wconf 87' lang='grc'>¹¹</span> <span class='ocrx_word' id='word_1_642' title='bbox 1203 1429 1232 1460; x_wconf 86' lang='grc' dir='ltr'><strong>ἑς</strong></span> <span class='ocrx_word' id='word_1_643' title='bbox 1248 1428 1297 1464; x_wconf 82' lang='grc' dir='ltr'>τὴν</span> <span class='ocrx_word' id='word_1_644' title='bbox 1315 1428 1433 1455; x_wconf 82' lang='grc' dir='ltr'>όθνείαν.</span> <span class='ocrx_word' id='word_1_645' title='bbox 1449 1427 1553 1459; x_wconf 79' lang='grc' dir='ltr'>’Δλλως</span> <span class='ocrx_word' id='word_1_646' title='bbox 1575 1436 1605 1454; x_wconf 87' lang='grc' dir='ltr'><strong>τε</strong></span> <span class='ocrx_word' id='word_1_647' title='bbox 1620 1427 1668 1453; x_wconf 71' lang='grc' dir='ltr'><strong>καὶ</strong></span> <span class='ocrx_word' id='word_1_648' title='bbox 1681 1428 1740 1463; x_wconf 76' lang='grc' dir='ltr'><strong>ἅμα</strong></span> <span class='ocrx_word' id='word_1_649' title='bbox 1754 1427 1867 1462; x_wconf 71' lang='grc' dir='ltr'>ἤλπιζε,</span> 
     </span>
    </p>
   </div>
   <div class='ocr_carea' id='block_1_90' title="bbox 1074 1472 1869 1508">
    <p class='ocr_par' dir='ltr' id='par_1_90' title="bbox 1074 1472 1869 1508">
     <span class='ocr_line' id='line_1_90' title="bbox 1074 1472 1869 1508; baseline 0 -8"><span class='ocrx_word' id='word_1_650' title='bbox 1074 1473 1121 1501; x_wconf 85' lang='grc' dir='ltr'><strong>τοῦ</strong></span> <span class='ocrx_word' id='word_1_651' title='bbox 1136 1473 1256 1508; x_wconf 84' lang='grc' dir='ltr'>πολέμου</span> <span class='ocrx_word' id='word_1_652' title='bbox 1285 1473 1462 1508; x_wconf 85' lang='grc' dir='ltr'>λωφήσαντος</span> <span class='ocrx_word' id='word_1_653' title='bbox 1479 1474 1507 1499; x_wconf 89' lang='grc' dir='ltr'><strong>ἑν</strong></span> <span class='ocrx_word' id='word_1_654' title='bbox 1530 1473 1617 1500; x_wconf 88' lang='grc' dir='ltr'>δέοντι</span> <span class='ocrx_word' id='word_1_655' title='bbox 1629 1472 1725 1500; x_wconf 86' lang='grc' dir='ltr'>θέσθαι</span> <span class='ocrx_word' id='word_1_656' title='bbox 1741 1473 1777 1500; x_wconf 74' lang='grc' dir='ltr'>τὰ</span> <span class='ocrx_word' id='word_1_657' title='bbox 1793 1474 1869 1508; x_wconf 85' lang='grc' dir='ltr'>Περ-</span> 
     </span>
    </p>
   </div>
   <div class='ocr_carea' id='block_1_91' title="bbox 1076 1517 1868 1554">
    <p class='ocr_par' dir='ltr' id='par_1_91' title="bbox 1076 1517 1868 1554">
     <span class='ocr_line' id='line_1_91' title="bbox 1076 1517 1868 1554; baseline -0.001 -9"><span class='ocrx_word' id='word_1_658' title='bbox 1076 1518 1226 1554; x_wconf 85' lang='grc' dir='ltr'>σαρμενιας</span> <span class='ocrx_word' id='word_1_659' title='bbox 1236 1527 1267 1544; x_wconf 82' lang='grc' dir='ltr'><strong>τε</strong></span> <span class='ocrx_word' id='word_1_660' title='bbox 1284 1518 1331 1545; x_wconf 78' lang='grc' dir='ltr'>καὶ</span> <span class='ocrx_word' id='word_1_661' title='bbox 1354 1518 1473 1554; x_wconf 73' lang='grc' dir='ltr'>Ἰϐηρίας</span> <span class='ocrx_word' id='word_1_662' title='bbox 1483 1527 1490 1534; x_wconf 94' lang='grc'><strong>·</strong></span> <span class='ocrx_word' id='word_1_663' title='bbox 1506 1518 1563 1544; x_wconf 80' lang='grc' dir='ltr'>αἵδε</span> <span class='ocrx_word' id='word_1_664' title='bbox 1574 1517 1629 1553; x_wconf 77' lang='grc' dir='ltr'><strong>γὰρ</strong></span> <span class='ocrx_word' id='word_1_665' title='bbox 1641 1517 1717 1552; x_wconf 84' lang='grc' dir='ltr'>αὐτῷ</span> <span class='ocrx_word' id='word_1_666' title='bbox 1732 1517 1760 1544; x_wconf 80' lang='grc' dir='ltr'>αἱ</span> <span class='ocrx_word' id='word_1_667' title='bbox 1775 1518 1868 1553; x_wconf 83' lang='grc' dir='ltr'>χῶραι</span> 
     </span>
    </p>
   </div>
   <div class='ocr_carea' id='block_1_92' title="bbox 1076 1563 1869 1600">
    <p class='ocr_par' dir='ltr' id='par_1_92' title="bbox 1076 1563 1869 1600">
     <span class='ocr_line' id='line_1_92' title="bbox 1076 1563 1869 1600; baseline -0.003 -8"><span class='ocrx_word' id='word_1_668' title='bbox 1076 1565 1217 1600; x_wconf 60' lang='grc' dir='ltr'>πάμφοροί</span> <span class='ocrx_word' id='word_1_669' title='bbox 1233 1573 1260 1591; x_wconf 87' lang='grc' dir='ltr'><strong>τε</strong></span> <span class='ocrx_word' id='word_1_670' title='bbox 1277 1564 1412 1600; x_wconf 81' lang='grc' dir='ltr'>ὑπῆρχον,</span> <span class='ocrx_word' id='word_1_671' title='bbox 1424 1565 1472 1590; x_wconf 76' lang='grc' dir='ltr'>καὶ</span> <span class='ocrx_word' id='word_1_672' title='bbox 1483 1564 1597 1590; x_wconf 87' lang='grc' dir='ltr'>πλεῖστα</span> <span class='ocrx_word' id='word_1_673' title='bbox 1612 1563 1686 1590; x_wconf 81' lang='grc' dir='ltr'>ἑσότι</span> <span class='ocrx_word' id='word_1_674' title='bbox 1710 1563 1869 1598; x_wconf 78' lang='grc' dir='ltr'>ἐδασμοῳό-</span> 
     </span>
    </p>
   </div>
   <div class='ocr_carea' id='block_1_93' title="bbox 1076 1608 1868 1645">
    <p class='ocr_par' dir='ltr' id='par_1_93' title="bbox 1076 1608 1868 1645">
     <span class='ocr_line' id='line_1_93' title="bbox 1076 1608 1868 1645; baseline -0.003 -9"><span class='ocrx_word' id='word_1_675' title='bbox 1076 1618 1152 1645; x_wconf 74' lang='grc' dir='ltr'>ρουν.</span> <span class='ocrx_word' id='word_1_676' title='bbox 1185 1609 1337 1644; x_wconf 82' lang='grc' dir='ltr'>Τοιγαροῦν</span> <span class='ocrx_word' id='word_1_677' title='bbox 1362 1608 1406 1635; x_wconf 78' lang='grc' dir='ltr'><strong>διὰ</strong></span> <span class='ocrx_word' id='word_1_678' title='bbox 1438 1608 1525 1635; x_wconf 85' lang='grc' dir='ltr'>ταῦτα</span> <span class='ocrx_word' id='word_1_679' title='bbox 1553 1608 1686 1643; x_wconf 71' lang='grc' dir='ltr'>ἠρέσκετο</span> <span class='ocrx_word' id='word_1_680' title='bbox 1698 1608 1720 1623; x_wconf 83' lang='grc'><strong>²¹</strong></span> <span class='ocrx_word' id='word_1_681' title='bbox 1737 1608 1868 1643; x_wconf 79' lang='grc' dir='ltr'>βασιλεὺς</span> 
     </span>
    </p>
   </div>
   <div class='ocr_carea' id='block_1_94' title="bbox 1074 1654 1867 1690">
    <p class='ocr_par' dir='ltr' id='par_1_94' title="bbox 1074 1654 1867 1690">
     <span class='ocr_line' id='line_1_94' title="bbox 1074 1654 1867 1690; baseline -0.001 -9"><span class='ocrx_word' id='word_1_682' title='bbox 1074 1655 1188 1690; x_wconf 88' lang='grc' dir='ltr'>Περσῶν</span> <span class='ocrx_word' id='word_1_683' title='bbox 1202 1656 1249 1683; x_wconf 74' lang='grc' dir='ltr'><strong>ἐπὶ</strong></span> <span class='ocrx_word' id='word_1_684' title='bbox 1263 1655 1350 1684; x_wconf 69' lang='grc' dir='ltr'>τοῖσδε</span> <span class='ocrx_word' id='word_1_685' title='bbox 1367 1655 1414 1682; x_wconf 75' lang='grc' dir='ltr'>τὸν</span> <span class='ocrx_word' id='word_1_686' title='bbox 1437 1654 1555 1690; x_wconf 79' lang='grc' dir='ltr'>πόλεμον</span> <span class='ocrx_word' id='word_1_687' title='bbox 1581 1654 1761 1682; x_wconf 82' lang='grc' dir='ltr'>καταθέσθαι.</span> <span class='ocrx_word' id='word_1_688' title='bbox 1777 1654 1867 1689; x_wconf 75' lang='grc' dir='ltr'>Προσ-</span> 
     </span>
    </p>
   </div>
   <div class='ocr_carea' id='block_1_95' title="bbox 1074 1700 1867 1737">
    <p class='ocr_par' dir='ltr' id='par_1_95' title="bbox 1074 1700 1867 1737">
     <span class='ocr_line' id='line_1_95' title="bbox 1074 1700 1867 1737; baseline 0.001 -10"><span class='ocrx_word' id='word_1_689' title='bbox 1074 1701 1137 1737; x_wconf 83' lang='grc' dir='ltr'>ῆλοε</span> <span class='ocrx_word' id='word_1_690' title='bbox 1162 1702 1190 1728; x_wconf 81' lang='grc' dir='ltr'><strong>δὲ</strong></span> <span class='ocrx_word' id='word_1_691' title='bbox 1213 1701 1252 1736; x_wconf 86' lang='grc' dir='ltr'>τῷ</span> <span class='ocrx_word' id='word_1_692' title='bbox 1278 1701 1399 1735; x_wconf 77' lang='grc' dir='ltr'>Καίσαρι</span> <span class='ocrx_word' id='word_1_693' title='bbox 1430 1700 1607 1733; x_wconf 85' lang='grc' dir='ltr'>διανοεῖσθαι,</span> <span class='ocrx_word' id='word_1_694' title='bbox 1623 1700 1660 1732; x_wconf 85' lang='grc' dir='ltr'>ὡς</span> <span class='ocrx_word' id='word_1_695' title='bbox 1675 1701 1709 1727; x_wconf 82' lang='grc' dir='ltr'>ἂν</span> <span class='ocrx_word' id='word_1_696' title='bbox 1723 1701 1753 1727; x_wconf 75' lang='grc' dir='ltr'>τὸ</span> <span class='ocrx_word' id='word_1_697' title='bbox 1768 1700 1867 1728; x_wconf 74' lang='grc' dir='ltr'>λοιπὸν</span> 
     </span>
    </p>
   </div>
   <div class='ocr_carea' id='block_1_96' title="bbox 1076 1746 1868 1782">
    <p class='ocr_par' dir='ltr' id='par_1_96' title="bbox 1076 1746 1868 1782">
     <span class='ocr_line' id='line_1_96' title="bbox 1076 1746 1868 1782; baseline -0.003 -8"><span class='ocrx_word' id='word_1_698' title='bbox 1076 1747 1197 1782; x_wconf 81' lang='grc' dir='ltr'>μηδεμία</span> <span class='ocrx_word' id='word_1_699' title='bbox 1213 1746 1385 1773; x_wconf 79' lang='grc' dir='ltr'>ὑπολείποιτο</span> <span class='ocrx_word' id='word_1_700' title='bbox 1408 1746 1455 1772; x_wconf 82' lang='grc' dir='ltr'><strong>τοῦ</strong></span> <span class='ocrx_word' id='word_1_701' title='bbox 1483 1746 1602 1781; x_wconf 84' lang='grc' dir='ltr'>πολέμου</span> <span class='ocrx_word' id='word_1_702' title='bbox 1622 1746 1708 1779; x_wconf 76' lang='grc' dir='ltr'>αἰτία,</span> <span class='ocrx_word' id='word_1_703' title='bbox 1725 1746 1775 1781; x_wconf 85' lang='grc' dir='ltr'><strong>τῆς</strong></span> <span class='ocrx_word' id='word_1_704' title='bbox 1794 1747 1868 1782; x_wconf 87' lang='grc' dir='ltr'>Περ-</span> 
     </span>
    </p>
   </div>
   <div class='ocr_carea' id='block_1_97' title="bbox 1075 1793 1866 1831">
    <p class='ocr_par' dir='ltr' id='par_1_97' title="bbox 1075 1793 1866 1831">
     <span class='ocr_line' id='line_1_97' title="bbox 1075 1793 1866 1831; baseline -0.003 -9"><span class='ocrx_word' id='word_1_705' title='bbox 1075 1794 1224 1831; x_wconf 82' lang='grc' dir='ltr'>οαρμενίας</span> <span class='ocrx_word' id='word_1_706' title='bbox 1241 1803 1270 1821; x_wconf 90' lang='grc' dir='ltr'><strong>τε</strong></span> <span class='ocrx_word' id='word_1_707' title='bbox 1284 1794 1332 1821; x_wconf 79' lang='grc' dir='ltr'><strong>καὶ</strong></span> <span class='ocrx_word' id='word_1_708' title='bbox 1350 1793 1470 1829; x_wconf 77' lang='grc' dir='ltr'>Ἰϐηρίας</span> <span class='ocrx_word' id='word_1_709' title='bbox 1485 1794 1565 1820; x_wconf 77' lang='grc' dir='ltr'>ἕκατι</span> <span class='ocrx_word' id='word_1_710' title='bbox 1581 1794 1630 1829; x_wconf 83' lang='grc' dir='ltr'>τὴν</span> <span class='ocrx_word' id='word_1_711' title='bbox 1642 1794 1718 1820; x_wconf 87' lang='grc' dir='ltr'>πόλιν</span> <span class='ocrx_word' id='word_1_712' title='bbox 1729 1793 1761 1820; x_wconf 77' lang='grc' dir='ltr'>τὸ</span> <span class='ocrx_word' id='word_1_713' title='bbox 1772 1794 1866 1829; x_wconf 80' lang='grc' dir='ltr'>Δάρας</span> 
     </span>
    </p>
   </div>
   <div class='ocr_carea' id='block_1_98' title="bbox 1074 1840 1866 1877">
    <p class='ocr_par' dir='ltr' id='par_1_98' title="bbox 1074 1840 1866 1877">
     <span class='ocr_line' id='line_1_98' title="bbox 1074 1840 1866 1877; baseline -0.003 -9"><span class='ocrx_word' id='word_1_714' title='bbox 1074 1841 1150 1877; x_wconf 68' lang='grc' dir='ltr'>παρὰ</span> <span class='ocrx_word' id='word_1_715' title='bbox 1168 1841 1243 1876; x_wconf 80' lang='grc' dir='ltr'>σφῶν</span> <span class='ocrx_word' id='word_1_716' title='bbox 1265 1840 1471 1876; x_wconf 73' lang='grc' dir='ltr'>ἀντιλήψεσθαι,</span> <span class='ocrx_word' id='word_1_717' title='bbox 1490 1840 1591 1874; x_wconf 74' lang='grc' dir='ltr'>ἥκιστα</span> <span class='ocrx_word' id='word_1_718' title='bbox 1618 1841 1669 1875; x_wconf 76' lang='grc' dir='ltr'><strong>μὲν</strong></span> <span class='ocrx_word' id='word_1_719' title='bbox 1685 1840 1732 1866; x_wconf 78' lang='grc' dir='ltr'>τοῦ</span> <span class='ocrx_word' id='word_1_720' title='bbox 1761 1840 1866 1874; x_wconf 84' lang='grc' dir='ltr'>κερδα-</span> 
     </span>
    </p>
   </div>
   <div class='ocr_carea' id='block_1_99' title="bbox 1074 1886 1868 1922">
    <p class='ocr_par' dir='ltr' id='par_1_99' title="bbox 1074 1886 1868 1922">
     <span class='ocr_line' id='line_1_99' title="bbox 1074 1886 1868 1922; baseline -0.003 -8"><span class='ocrx_word' id='word_1_721' title='bbox 1074 1887 1135 1914; x_wconf 84' lang='grc' dir='ltr'>λέου</span> <span class='ocrx_word' id='word_1_722' title='bbox 1151 1887 1231 1922; x_wconf 84' lang='grc' dir='ltr'>χάριν</span> <span class='ocrx_word' id='word_1_723' title='bbox 1242 1895 1249 1902; x_wconf 91' lang='grc'>·</span> <span class='ocrx_word' id='word_1_724' title='bbox 1266 1887 1296 1913; x_wconf 79' lang='grc' dir='ltr'>οὑ</span> <span class='ocrx_word' id='word_1_725' title='bbox 1312 1886 1366 1922; x_wconf 83' lang='grc' dir='ltr'><strong>γὰρ</strong></span> <span class='ocrx_word' id='word_1_726' title='bbox 1383 1886 1414 1921; x_wconf 85' lang='grc' dir='ltr'>δή</span> <span class='ocrx_word' id='word_1_727' title='bbox 1428 1894 1455 1912; x_wconf 90' lang='grc' dir='ltr'><strong>τι</strong></span> <span class='ocrx_word' id='word_1_728' title='bbox 1472 1886 1502 1912; x_wconf 78' lang='grc' dir='ltr'>τὸ</span> <span class='ocrx_word' id='word_1_729' title='bbox 1524 1886 1615 1922; x_wconf 78' lang='grc' dir='ltr'>Δάρας</span> <span class='ocrx_word' id='word_1_730' title='bbox 1633 1887 1649 1921; x_wconf 91' lang='grc' dir='ltr'><strong>ἠ</strong></span> <span class='ocrx_word' id='word_1_731' title='bbox 1666 1886 1744 1918; x_wconf 79' lang='grc' dir='ltr'>πόλις</span> <span class='ocrx_word' id='word_1_732' title='bbox 1766 1887 1796 1918; x_wconf 83' lang='grc' dir='ltr'><strong>ἑς</strong></span> <span class='ocrx_word' id='word_1_733' title='bbox 1807 1887 1868 1912; x_wconf 78' lang='grc' dir='ltr'>ἓτε-</span> 
     </span>
    </p>
   </div>
   <div class='ocr_carea' id='block_1_100' title="bbox 1076 1931 1868 1969">
    <p class='ocr_par' dir='ltr' id='par_1_100' title="bbox 1076 1931 1868 1969">
     <span class='ocr_line' id='line_1_100' title="bbox 1076 1931 1868 1969; baseline -0.003 -9"><span class='ocrx_word' id='word_1_734' title='bbox 1076 1934 1122 1969; x_wconf 83' lang='grc' dir='ltr'><strong>ρόν</strong></span> <span class='ocrx_word' id='word_1_735' title='bbox 1148 1942 1175 1960; x_wconf 87' lang='grc' dir='ltr'><strong>τι</strong></span> <span class='ocrx_word' id='word_1_736' title='bbox 1190 1933 1354 1969; x_wconf 79' lang='grc' dir='ltr'>όνησιφόρος</span> <span class='ocrx_word' id='word_1_737' title='bbox 1368 1932 1384 1968; x_wconf 83' lang='grc' dir='ltr'>ἢ</span> <span class='ocrx_word' id='word_1_738' title='bbox 1400 1931 1440 1968; x_wconf 83' lang='grc' dir='ltr'>τῷ</span> <span class='ocrx_word' id='word_1_739' title='bbox 1458 1932 1653 1966; x_wconf 83' lang='grc' dir='ltr'>ἀσφαλέστατα</span> <span class='ocrx_word' id='word_1_740' title='bbox 1670 1931 1743 1967; x_wconf 74' lang='grc' dir='ltr'>ἔχειν</span> <span class='ocrx_word' id='word_1_741' title='bbox 1756 1932 1803 1958; x_wconf 77' lang='grc' dir='ltr'><strong>καὶ</strong></span> <span class='ocrx_word' id='word_1_742' title='bbox 1816 1933 1868 1966; x_wconf 77' lang='grc' dir='ltr'><strong>τῆς</strong></span> 
     </span>
    </p>
   </div>
   <div class='ocr_carea' id='block_1_101' title="bbox 1075 1977 1866 2014">
    <p class='ocr_par' dir='ltr' id='par_1_101' title="bbox 1075 1977 1866 2014">
     <span class='ocr_line' id='line_1_101' title="bbox 1075 1977 1866 2014; baseline 0 -9"><span class='ocrx_word' id='word_1_743' title='bbox 1075 1979 1130 2006; x_wconf 81' lang='grc' dir='ltr'>ὑπὸ</span> <span class='ocrx_word' id='word_1_744' title='bbox 1150 1979 1304 2014; x_wconf 80' lang='grc' dir='ltr'>Ῥωμαίους</span> <span class='ocrx_word' id='word_1_745' title='bbox 1318 1977 1389 2013; x_wconf 82' lang='grc' dir='ltr'>ἑῴας</span> <span class='ocrx_word' id='word_1_746' title='bbox 1403 1978 1498 2014; x_wconf 81' lang='grc' dir='ltr'>ὥσπερ</span> <span class='ocrx_word' id='word_1_747' title='bbox 1509 1986 1534 2004; x_wconf 88' lang='grc' dir='ltr'><strong>τι</strong></span> <span class='ocrx_word' id='word_1_748' title='bbox 1547 1978 1638 2012; x_wconf 76' lang='grc' dir='ltr'>ἔρυμα</span> <span class='ocrx_word' id='word_1_749' title='bbox 1649 1977 1866 2013; x_wconf 77' lang='grc' dir='ltr'>προϐεϐλῆσθαι.</span> 
     </span>
    </p>
   </div>
   <div class='ocr_carea' id='block_1_102' title="bbox 1076 2022 1867 2060">
    <p class='ocr_par' dir='ltr' id='par_1_102' title="bbox 1076 2022 1867 2060">
     <span class='ocr_line' id='line_1_102' title="bbox 1076 2022 1867 2060; baseline -0.004 -8"><span class='ocrx_word' id='word_1_750' title='bbox 1076 2025 1154 2060; x_wconf 73' lang='grc' dir='ltr'>’Ἅμα</span> <span class='ocrx_word' id='word_1_751' title='bbox 1168 2025 1216 2052; x_wconf 83' lang='grc' dir='ltr'><strong>οὖν</strong></span> <span class='ocrx_word' id='word_1_752' title='bbox 1240 2025 1270 2052; x_wconf 79' lang='grc' dir='ltr'>τὸ</span> <span class='ocrx_word' id='word_1_753' title='bbox 1294 2024 1424 2060; x_wconf 82' lang='grc' dir='ltr'>ἀτύχημα</span> <span class='ocrx_word' id='word_1_754' title='bbox 1455 2024 1608 2052; x_wconf 82' lang='grc' dir='ltr'>ἀκέσασθαι</span> <span class='ocrx_word' id='word_1_755' title='bbox 1643 2022 1808 2058; x_wconf 83' lang='grc' dir='ltr'>βουλόμενος</span> <span class='ocrx_word' id='word_1_756' title='bbox 1827 2024 1867 2059; x_wconf 86' lang='grc' dir='ltr'>τῷ</span> 
     </span>
    </p>
   </div>
   <div class='ocr_carea' id='block_1_103' title="bbox 1075 2069 1868 2106">
    <p class='ocr_par' dir='ltr' id='par_1_103' title="bbox 1075 2069 1868 2106">
     <span class='ocr_line' id='line_1_103' title="bbox 1075 2069 1868 2106; baseline -0.001 -9"><span class='ocrx_word' id='word_1_757' title='bbox 1075 2070 1257 2106; x_wconf 86' lang='grc' dir='ltr'>ἀπειληφέναι</span> <span class='ocrx_word' id='word_1_758' title='bbox 1279 2070 1433 2106; x_wconf 84' lang='grc' dir='ltr'>Ῥωμαίους</span> <span class='ocrx_word' id='word_1_759' title='bbox 1447 2071 1481 2097; x_wconf 83' lang='grc' dir='ltr'><strong>τὰ</strong></span> <span class='ocrx_word' id='word_1_760' title='bbox 1495 2071 1592 2102; x_wconf 77' lang='grc' dir='ltr'>οἰκεῖα,</span> <span class='ocrx_word' id='word_1_761' title='bbox 1609 2069 1668 2104; x_wconf 73' lang='grc' dir='ltr'><strong>ἅμα</strong></span> <span class='ocrx_word' id='word_1_762' title='bbox 1689 2069 1717 2096; x_wconf 85' lang='grc' dir='ltr'><strong>δὲ</strong></span> <span class='ocrx_word' id='word_1_763' title='bbox 1741 2069 1789 2096; x_wconf 79' lang='grc' dir='ltr'><strong>καὶ</strong></span> <span class='ocrx_word' id='word_1_764' title='bbox 1813 2079 1868 2104; x_wconf 90' lang='grc' dir='ltr'>μη-</span> 
     </span>
    </p>
   </div>
   <div class='ocr_carea' id='block_1_104' title="bbox 1074 2115 1867 2153">
    <p class='ocr_par' dir='ltr' id='par_1_104' title="bbox 1074 2115 1867 2153">
     <span class='ocr_line' id='line_1_104' title="bbox 1074 2115 1867 2153; baseline -0.004 -9"><span class='ocrx_word' id='word_1_765' title='bbox 1074 2117 1138 2144; x_wconf 86' lang='grc' dir='ltr'>δένα</span> <span class='ocrx_word' id='word_1_766' title='bbox 1151 2117 1288 2153; x_wconf 81' lang='grc' dir='ltr'>σπινθῆρα</span> <span class='ocrx_word' id='word_1_767' title='bbox 1303 2116 1350 2144; x_wconf 82' lang='grc' dir='ltr'>τοῦ</span> <span class='ocrx_word' id='word_1_768' title='bbox 1362 2116 1481 2152; x_wconf 85' lang='grc' dir='ltr'>πολέμου</span> <span class='ocrx_word' id='word_1_769' title='bbox 1495 2116 1656 2143; x_wconf 81' lang='grc' dir='ltr'>καταλιπεῖν</span> <span class='ocrx_word' id='word_1_770' title='bbox 1666 2115 1778 2147; x_wconf 75' lang='grc' dir='ltr'>ἐθέλων,</span> <span class='ocrx_word' id='word_1_771' title='bbox 1794 2115 1867 2148; x_wconf 79' lang='grc' dir='ltr'>ἔγνω</span> 
     </span>
    </p>
   </div>
   <div class='ocr_carea' id='block_1_105' title="bbox 1074 2160 1866 2198">
    <p class='ocr_par' dir='ltr' id='par_1_105' title="bbox 1074 2160 1866 2198">
     <span class='ocr_line' id='line_1_105' title="bbox 1074 2160 1866 2198; baseline -0.005 -9"><span class='ocrx_word' id='word_1_772' title='bbox 1074 2162 1266 2190; x_wconf 87' lang='grc' dir='ltr'>ἀνασώσασθαι</span> <span class='ocrx_word' id='word_1_773' title='bbox 1280 2162 1311 2189; x_wconf 78' lang='grc' dir='ltr'>τὸ</span> <span class='ocrx_word' id='word_1_774' title='bbox 1336 2161 1426 2198; x_wconf 84' lang='grc' dir='ltr'>Δάρας</span> <span class='ocrx_word' id='word_1_775' title='bbox 1451 2162 1468 2198; x_wconf 79' lang='grc' dir='ltr'>ἢ</span> <span class='ocrx_word' id='word_1_776' title='bbox 1490 2162 1628 2197; x_wconf 87' lang='grc' dir='ltr'>χρήμασιν</span> <span class='ocrx_word' id='word_1_777' title='bbox 1654 2160 1754 2196; x_wconf 82' lang='grc' dir='ltr'><strong>ἢγοῦν</strong></span> <span class='ocrx_word' id='word_1_778' title='bbox 1777 2160 1866 2194; x_wconf 86' lang='grc' dir='ltr'>ἑτέρῳ</span> 
     </span>
    </p>
   </div>
   <div class='ocr_carea' id='block_1_106' title="bbox 1074 2207 1867 2244">
    <p class='ocr_par' dir='ltr' id='par_1_106' title="bbox 1074 2207 1867 2244">
     <span class='ocr_line' id='line_1_106' title="bbox 1074 2207 1867 2244; baseline -0.004 -9"><span class='ocrx_word' id='word_1_779' title='bbox 1074 2209 1169 2244; x_wconf 86' lang='grc' dir='ltr'>τρόπῳ</span> <span class='ocrx_word' id='word_1_780' title='bbox 1182 2209 1247 2237; x_wconf 86' lang='grc' dir='ltr'>τινί,</span> <span class='ocrx_word' id='word_1_781' title='bbox 1265 2209 1333 2244; x_wconf 79' lang='grc' dir='ltr'>Περὶ</span> <span class='ocrx_word' id='word_1_782' title='bbox 1352 2208 1403 2243; x_wconf 87' lang='grc' dir='ltr'><strong>μὲν</strong></span> <span class='ocrx_word' id='word_1_783' title='bbox 1420 2208 1467 2235; x_wconf 77' lang='grc' dir='ltr'>οὖν</span> <span class='ocrx_word' id='word_1_784' title='bbox 1485 2207 1533 2234; x_wconf 81' lang='grc' dir='ltr'>τοῦ</span> <span class='ocrx_word' id='word_1_785' title='bbox 1554 2207 1654 2243; x_wconf 87' lang='grc' dir='ltr'>χρῆναι</span> <span class='ocrx_word' id='word_1_786' title='bbox 1677 2207 1706 2240; x_wconf 76' lang='grc' dir='ltr'><strong>ἐξ</strong></span> <span class='ocrx_word' id='word_1_787' title='bbox 1729 2207 1867 2241; x_wconf 76' lang='grc' dir='ltr'>ἰσοτιμίας</span> 
     </span>
    </p>
   </div>
   <div class='ocr_carea' id='block_1_107' title="bbox 1074 2250 1867 2290">
    <p class='ocr_par' dir='ltr' id='par_1_107' title="bbox 1074 2250 1867 2290">
     <span class='ocr_line' id='line_1_107' title="bbox 1074 2250 1867 2290; baseline -0.005 -9"><span class='ocrx_word' id='word_1_788' title='bbox 1074 2253 1124 2290; x_wconf 81' lang='grc' dir='ltr'>τὴν</span> <span class='ocrx_word' id='word_1_789' title='bbox 1144 2254 1256 2290; x_wconf 85' lang='grc' dir='ltr'>εῑρήνην</span> <span class='ocrx_word' id='word_1_790' title='bbox 1278 2254 1432 2289; x_wconf 85' lang='grc' dir='ltr'>προελθεῖν,</span> <span class='ocrx_word' id='word_1_791' title='bbox 1447 2253 1513 2288; x_wconf 76' lang='grc' dir='ltr'>πρὶν</span> <span class='ocrx_word' id='word_1_792' title='bbox 1530 2253 1547 2288; x_wconf 81' lang='grc' dir='ltr'><strong>ἢ</strong></span> <span class='ocrx_word' id='word_1_793' title='bbox 1569 2252 1743 2288; x_wconf 78' lang='grc' dir='ltr'>διακριθῆναι</span> <span class='ocrx_word' id='word_1_794' title='bbox 1769 2250 1817 2278; x_wconf 80' lang='grc' dir='ltr'>τὸν</span> <span class='ocrx_word' id='word_1_795' title='bbox 1837 2252 1867 2277; x_wconf 82' lang='grc' dir='ltr'>ὲν</span> 
     </span>
    </p>
   </div>
   <div class='ocr_carea' id='block_1_108' title="bbox 1079 2296 1864 2339">
    <p class='ocr_par' dir='ltr' id='par_1_108' title="bbox 1079 2296 1864 2339">
     <span class='ocr_line' id='line_1_108' title="bbox 1079 2296 1864 2339; baseline -0.005 -13"><span class='ocrx_word' id='word_1_796' title='bbox 1079 2299 1212 2336; x_wconf 81' lang='grc' dir='ltr'>Ἀρμενίᾳ</span> <span class='ocrx_word' id='word_1_797' title='bbox 1244 2299 1362 2334; x_wconf 85' lang='grc' dir='ltr'>πόλεμον</span> <span class='ocrx_word' id='word_1_798' title='bbox 1402 2299 1490 2326; x_wconf 85' lang='grc' dir='ltr'>ἑδόκει</span> <span class='ocrx_word' id='word_1_799' title='bbox 1513 2298 1561 2324; x_wconf 74' lang='grc' dir='ltr'>καὶ</span> <span class='ocrx_word' id='word_1_800' title='bbox 1581 2296 1722 2329; x_wconf 80' lang='grc' dir='ltr'>ξυνέθεντο</span> <span class='ocrx_word' id='word_1_801' title='bbox 1750 2296 1864 2339; x_wconf 77' lang='grc' dir='ltr'>Πέρσαι.</span> 
     </span>
    </p>
   </div>
   <div class='ocr_carea' id='block_1_109' title="bbox 1073 2341 1866 2378">
    <p class='ocr_par' dir='ltr' id='par_1_109' title="bbox 1073 2341 1866 2378">
     <span class='ocr_line' id='line_1_109' title="bbox 1073 2341 1866 2378; baseline -0.01 -3"><span class='ocrx_word' id='word_1_802' title='bbox 1073 2347 1236 2375; x_wconf 88' lang='grc' dir='ltr'>Μελλόντων</span> <span class='ocrx_word' id='word_1_803' title='bbox 1255 2346 1284 2372; x_wconf 80' lang='grc' dir='ltr'><strong>δὲ</strong></span> <span class='ocrx_word' id='word_1_804' title='bbox 1314 2345 1376 2372; x_wconf 81' lang='grc' dir='ltr'>ὅσον</span> <span class='ocrx_word' id='word_1_805' title='bbox 1401 2343 1478 2370; x_wconf 72' lang='grc' dir='ltr'>οὕπω</span> <span class='ocrx_word' id='word_1_806' title='bbox 1498 2342 1701 2378; x_wconf 81' lang='grc' dir='ltr'>παραχωρῆσαι</span> <span class='ocrx_word' id='word_1_807' title='bbox 1719 2341 1866 2376; x_wconf 82' lang='grc' dir='ltr'>Ῥωμαίοις</span> 
     </span>
    </p>
   </div>
   <div class='ocr_carea' id='block_1_110' title="bbox 1073 2387 1866 2428">
    <p class='ocr_par' dir='ltr' id='par_1_110' title="bbox 1073 2387 1866 2428">
     <span class='ocr_line' id='line_1_110' title="bbox 1073 2387 1866 2428; baseline -0.011 -7"><span class='ocrx_word' id='word_1_808' title='bbox 1073 2394 1122 2421; x_wconf 79' lang='grc' dir='ltr'><strong>καὶ</strong></span> <span class='ocrx_word' id='word_1_809' title='bbox 1138 2393 1184 2420; x_wconf 84' lang='grc' dir='ltr'><strong>τοῦ</strong></span> <span class='ocrx_word' id='word_1_810' title='bbox 1197 2393 1288 2428; x_wconf 84' lang='grc' dir='ltr'>Δάρας</span> <span class='ocrx_word' id='word_1_811' title='bbox 1305 2391 1322 2428; x_wconf 81' lang='grc' dir='ltr'><strong>ἢ</strong></span> <span class='ocrx_word' id='word_1_812' title='bbox 1343 2391 1450 2422; x_wconf 77' lang='grc' dir='ltr'>οὐδενὸς</span> <span class='ocrx_word' id='word_1_813' title='bbox 1474 2390 1490 2425; x_wconf 86' lang='grc' dir='ltr'><strong>ἦ</strong></span> <span class='ocrx_word' id='word_1_814' title='bbox 1506 2388 1572 2423; x_wconf 81' lang='grc' dir='ltr'>γοῦν</span> <span class='ocrx_word' id='word_1_815' title='bbox 1587 2388 1726 2423; x_wconf 84' lang='grc' dir='ltr'>ὀλιγίστης</span> <span class='ocrx_word' id='word_1_816' title='bbox 1751 2387 1866 2422; x_wconf 76' lang='grc' dir='ltr'>χρυσίου</span> 
     </span>
    </p>
   </div>
   <div class='ocr_carea' id='block_1_111' title="bbox 1075 2433 1866 2475">
    <p class='ocr_par' dir='ltr' id='par_1_111' title="bbox 1075 2433 1866 2475">
     <span class='ocr_line' id='line_1_111' title="bbox 1075 2433 1866 2475; baseline -0.01 -8"><span class='ocrx_word' id='word_1_817' title='bbox 1075 2440 1234 2475; x_wconf 84' lang='grc' dir='ltr'>ποσότητος,</span> <span class='ocrx_word' id='word_1_818' title='bbox 1263 2438 1375 2474; x_wconf 77' lang='grc' dir='ltr'>εὔδηλον</span> <span class='ocrx_word' id='word_1_819' title='bbox 1400 2438 1422 2453; x_wconf 81' lang='grc'><strong>’³</strong></span> <span class='ocrx_word' id='word_1_820' title='bbox 1445 2437 1476 2464; x_wconf 80' lang='grc' dir='ltr'>ὃν</span> <span class='ocrx_word' id='word_1_821' title='bbox 1500 2436 1633 2472; x_wconf 88' lang='grc' dir='ltr'>πρότερον</span> <span class='ocrx_word' id='word_1_822' title='bbox 1669 2433 1866 2469; x_wconf 84' lang='grc' dir='ltr'>ἀφισταμένων</span> 
     </span>
    </p>
   </div>
   <div class='ocr_carea' id='block_1_112' title="bbox 1082 2476 1867 2521">
    <p class='ocr_par' dir='ltr' id='par_1_112' title="bbox 1082 2476 1867 2521">
     <span class='ocr_line' id='line_1_112' title="bbox 1082 2476 1867 2521; baseline -0.008 -9"><span class='ocrx_word' id='word_1_823' title='bbox 1082 2485 1226 2521; x_wconf 86' lang='grc' dir='ltr'>Ῥωμαίων</span> <span class='ocrx_word' id='word_1_824' title='bbox 1253 2483 1464 2520; x_wconf 61' lang='grc' dir='ltr'>Περσαρμεγίας</span> <span class='ocrx_word' id='word_1_825' title='bbox 1496 2482 1544 2509; x_wconf 79' lang='grc' dir='ltr'><strong>καὶ</strong></span> <span class='ocrx_word' id='word_1_826' title='bbox 1571 2481 1705 2516; x_wconf 79' lang='grc' dir='ltr'>Ἰϐηρίας,</span> <span class='ocrx_word' id='word_1_827' title='bbox 1733 2481 1763 2507; x_wconf 91' lang='grc' dir='ltr'><strong>ἑν</strong></span> <span class='ocrx_word' id='word_1_828' title='bbox 1787 2476 1809 2514; x_wconf 77' lang='grc' dir='ltr'>ᾧ</span> <span class='ocrx_word' id='word_1_829' title='bbox 1831 2480 1867 2507; x_wconf 79' lang='grc' dir='ltr'>τὰ</span> 
     </span>
    </p>
   </div>
   <div class='ocr_carea' id='block_1_113' title="bbox 1072 2525 1866 2564">
    <p class='ocr_par' dir='ltr' id='par_1_113' title="bbox 1072 2525 1866 2564">
     <span class='ocr_line' id='line_1_113' title="bbox 1072 2525 1866 2564; baseline -0.008 -7"><span class='ocrx_word' id='word_1_830' title='bbox 1072 2530 1161 2557; x_wconf 79' lang='grc' dir='ltr'>τοιάδε</span> <span class='ocrx_word' id='word_1_831' title='bbox 1178 2530 1203 2556; x_wconf 80' lang='grc' dir='ltr'>οἱ</span> <span class='ocrx_word' id='word_1_832' title='bbox 1221 2529 1249 2563; x_wconf 78' lang='grc' dir='ltr'>ἐξ</span> <span class='ocrx_word' id='word_1_833' title='bbox 1264 2529 1404 2564; x_wconf 80' lang='grc' dir='ltr'>ἑκατέρων</span> <span class='ocrx_word' id='word_1_834' title='bbox 1419 2528 1608 2563; x_wconf 83' lang='grc' dir='ltr'>διαλεγόμενοι</span> <span class='ocrx_word' id='word_1_835' title='bbox 1624 2527 1648 2543; x_wconf 66' lang='grc'><strong>’⁸</strong></span> <span class='ocrx_word' id='word_1_836' title='bbox 1667 2525 1808 2562; x_wconf 74' lang='grc' dir='ltr'>πρέσϐεις,</span> <span class='ocrx_word' id='word_1_837' title='bbox 1817 2526 1866 2559; x_wconf 82' lang='grc' dir='ltr'>γέ-</span> 
     </span>
    </p>
   </div>
   <div class='ocr_carea' id='block_1_114' title="bbox 1073 2569 1864 2611">
    <p class='ocr_par' dir='ltr' id='par_1_114' title="bbox 1073 2569 1864 2611">
     <span class='ocr_line' id='line_1_114' title="bbox 1073 2569 1864 2611; baseline -0.009 -7"><span class='ocrx_word' id='word_1_838' title='bbox 1073 2585 1135 2611; x_wconf 88' lang='grc' dir='ltr'>γονε</span> <span class='ocrx_word' id='word_1_839' title='bbox 1152 2576 1187 2603; x_wconf 85' lang='grc' dir='ltr'>τὰ</span> <span class='ocrx_word' id='word_1_840' title='bbox 1202 2577 1272 2604; x_wconf 77' lang='grc' dir='ltr'>κατὰ</span> <span class='ocrx_word' id='word_1_841' title='bbox 1285 2576 1334 2611; x_wconf 84' lang='grc' dir='ltr'>τὴν</span> <span class='ocrx_word' id='word_1_842' title='bbox 1355 2575 1503 2611; x_wconf 85' lang='grc' dir='ltr'>’Λρμενίαν</span> <span class='ocrx_word' id='word_1_843' title='bbox 1517 2573 1687 2609; x_wconf 79' lang='grc' dir='ltr'>ξυμπλοκὴν,</span> <span class='ocrx_word' id='word_1_844' title='bbox 1703 2573 1733 2598; x_wconf 86' lang='grc' dir='ltr'><strong>ἑν</strong></span> <span class='ocrx_word' id='word_1_845' title='bbox 1748 2569 1864 2608; x_wconf 81' lang='grc' dir='ltr'>ᾖπροσ-</span> 
     </span>
    </p>
   </div>
   <div class='ocr_carea' id='block_1_115' title="bbox 1073 2618 1864 2663">
    <p class='ocr_par' dir='ltr' id='par_1_115' title="bbox 1073 2618 1864 2663">
     <span class='ocr_line' id='line_1_115' title="bbox 1073 2618 1864 2663; baseline -0.006 -13"><span class='ocrx_word' id='word_1_846' title='bbox 1073 2623 1236 2655; x_wconf 85' lang='grc' dir='ltr'>πταίσαντες</span> <span class='ocrx_word' id='word_1_847' title='bbox 1257 2624 1282 2650; x_wconf 80' lang='grc' dir='ltr'>οἱ</span> <span class='ocrx_word' id='word_1_848' title='bbox 1307 2623 1438 2663; x_wconf 62' lang='grc' dir='ltr'>Ῥωμαῖοι</span> <span class='ocrx_word' id='word_1_849' title='bbox 1465 2621 1592 2657; x_wconf 78' lang='grc' dir='ltr'>μεγάλως</span> <span class='ocrx_word' id='word_1_850' title='bbox 1613 2620 1689 2655; x_wconf 80' lang='grc' dir='ltr'>παρὰ</span> <span class='ocrx_word' id='word_1_851' title='bbox 1719 2619 1786 2646; x_wconf 76' lang='grc' dir='ltr'>πολὺ</span> <span class='ocrx_word' id='word_1_852' title='bbox 1814 2618 1864 2654; x_wconf 82' lang='grc' dir='ltr'><strong>τῆς</strong></span> 
     </span>
    </p>
   </div>
   <div class='ocr_carea' id='block_1_116' title="bbox 1751 2694 1766 2702">
    <p class='ocr_par' dir='ltr' id='par_1_116' title="bbox 1751 2694 1766 2702">
     <span class='ocr_line' id='line_1_116' title="bbox 1751 2694 1766 2702; baseline 0 -2"><span class='ocrx_word' id='word_1_853' title='bbox 1751 2694 1766 2702; x_wconf 53' lang='grc' dir='ltr'><strong>μ</strong></span> 
     </span>
    </p>
   </div>
   <div class='ocr_carea' id='block_1_117' title="bbox 1689 2769 1867 2796">
    <p class='ocr_par' dir='ltr' id='par_1_117' title="bbox 1689 2769 1867 2796">
     <span class='ocr_line' id='line_1_117' title="bbox 1689 2769 1867 2796; baseline 0 -1"><span class='ocrx_word' id='word_1_854' title='bbox 1689 2769 1711 2785; x_wconf 79' lang='grc'><strong>¹¹</strong></span> <span class='ocrx_word' id='word_1_855' title='bbox 1728 2769 1867 2796; x_wconf 79' lang='grc' dir='ltr'>ἀνασκευ-</span> 
     </span>
    </p>
   </div>
   <div class='ocr_carea' id='block_1_118' title="bbox 1380 2803 1864 2840">
    <p class='ocr_par' dir='ltr' id='par_1_118' title="bbox 1380 2803 1864 2840">
     <span class='ocr_line' id='line_1_118' title="bbox 1380 2803 1864 2840; baseline 0 -7"><span class='ocrx_word' id='word_1_856' title='bbox 1380 2807 1402 2822; x_wconf 80' lang='grc'><strong>¹³</strong></span> <span class='ocrx_word' id='word_1_857' title='bbox 1416 2803 1526 2840; x_wconf 70' lang='grc' dir='ltr'>εὔδηλον</span> <span class='ocrx_word' id='word_1_858' title='bbox 1550 2805 1592 2840; x_wconf 76' lang='grc' dir='ltr'><strong>ὂνι</strong></span> <span class='ocrx_word' id='word_1_859' title='bbox 1607 2804 1728 2840; x_wconf 73' lang='grc' dir='ltr'>δηλονότι</span> <span class='ocrx_word' id='word_1_860' title='bbox 1745 2805 1817 2839; x_wconf 82' lang='lat' dir='ltr'><strong>conj.</strong></span> <span class='ocrx_word' id='word_1_861' title='bbox 1832 2803 1864 2833; x_wconf 74' lang='grc' dir='ltr'><strong>Β.</strong></span> 
     </span>
    </p>
   </div>
   <div class='ocr_carea' id='block_1_119' title="bbox 233 2843 1081 2880">
    <p class='ocr_par' dir='ltr' id='par_1_119' title="bbox 233 2843 1081 2880">
     <span class='ocr_line' id='line_1_119' title="bbox 233 2843 1081 2880; baseline -0.001 -9"><span class='ocrx_word' id='word_1_862' title='bbox 233 2844 255 2860; x_wconf 69' lang='grc'>³⁸</span> <span class='ocrx_word' id='word_1_863' title='bbox 274 2843 443 2878; x_wconf 82' lang='grc' dir='ltr'>διαλέγονται</span> <span class='ocrx_word' id='word_1_864' title='bbox 458 2843 577 2878; x_wconf 71' lang='grc' dir='ltr'>ροιι].’Β.</span> <span class='ocrx_word' id='word_1_865' title='bbox 595 2845 610 2878; x_wconf 87' lang='grc' dir='ltr'>ἡ</span> <span class='ocrx_word' id='word_1_866' title='bbox 627 2844 696 2870; x_wconf 72' lang='grc' dir='ltr'>κατὰ</span> <span class='ocrx_word' id='word_1_867' title='bbox 708 2853 733 2871; x_wconf 87' lang='grc' dir='ltr'>τ.</span> <span class='ocrx_word' id='word_1_868' title='bbox 755 2845 793 2872; x_wconf 76' lang='lat' dir='ltr'><strong>&#39;A.</strong></span> <span class='ocrx_word' id='word_1_869' title='bbox 810 2843 952 2880; x_wconf 70' lang='grc' dir='ltr'>συμπλοκὴ</span> <span class='ocrx_word' id='word_1_870' title='bbox 965 2845 1035 2880; x_wconf 79' lang='lat' dir='ltr'><strong>conj.</strong></span> <span class='ocrx_word' id='word_1_871' title='bbox 1053 2844 1081 2870; x_wconf 75' lang='grc' dir='ltr'>Β.</span> 
     </span>
    </p>
   </div>
  </div>
