1951 3074
242 127 295 158 835

667 125 868 155 EXIIERI’TA
887 126 938 156 EX
954 124 1168 156 MENANDRO
1189 123 1437 154 PROTEC’I‘ORE

1830 126 1882 156 836

242 183 300 213 bat,
327 180 393 209 utR
413 181 486 208 mani
515 180 576 208 sine
600 180 653 208 ulla
680 188 769 216 pugna
797 182 985 210 Persarmenia
1009 186 1037 210 et

1090 181 1163 207 οὐδὲν
1185 180 1233 214 ὅγε
1258 179 1363 214 ἔφασκε
1380 179 1446 213 περὶ
1468 177 1564 204 τούτου
1582 177 1786 213 ἑπιτετρὰφθαι
1813 179 1883 214 πρὸς

242 228 327 255 ll-evia
340 228 524 255 excederent:
548 227 648 255 deinde
677 227 728 255 sibi
750 229 834 256 Daras
857 228 928 256 tradi
952 233 1034 264 pete-

242 278 315 303 rent.
330 274 403 308 quod
418 274 530 301 minime
548 274 714 306 obtinerent,
740 274 869 302 nimirum
890 275 954 310 quia
972 282 1034 311 quae

241 318 271 346 in
284 319 429 354 posteriori
447 319 581 354 colloquio
602 320 750 348 constituta
765 324 867 353 essent,
892 321 1033 349 tritissima

241 364 288 392 ilia
303 364 451 391 excusandi
469 364 595 398 formula,
611 365 713 392 nullam
728 365 782 392 vim
797 365 930 393 haberent
944 375 951 393 :
964 366 1035 394 sicut

241 416 270 439 et
292 412 368 446 prius
385 410 419 438 de
435 410 538 438 Suania
554 410 651 438 Petrus
663 411 792 445 deceptus
808 411 895 438 fuerat
908 419 924 438 a
939 412 1032 439 Zicho.

242 456 317 484 Idem
332 463 438 490 quoque
455 455 581 483 Mebodes
599 455 706 483 volebat
722 455 820 484 facere.
846 454 894 483 Ubi
911 464 976 484 vero
994 457 1034 484 vi-

245 501 286 528 dit
297 501 456 528 Zachariam
472 500 621 528 cautiorem
635 509 707 534 esse,
724 508 814 535 neque
833 509 862 529 se
881 509 961 537 posse
983 503 1034 530 ho-

243 548 343 576 minem
368 554 421 582 quo
445 548 552 575 volebat
567 548 734 583 pertrahere,
762 548 812 574 alia
828 555 977 583 aggressus
991 553 1035 577 est

243 593 299 624 ria,
316 597 346 619 ut
357 593 448 628 aliquo
461 593 541 621 modo
556 592 650 621 fraude
664 593 801 622 Romanos
816 594 1032 622 circumveniret.

243 637 336 673 Itaque
365 639 446 672 paulo
469 644 531 674 post
548 639 707 667 Zachariam
728 640 856 667 convrnit
877 644 904 668 et
919 648 993 675 spem
1010 641 1034 668 ei

243 683 378 716 subdidit,
396 692 490 719 pacem
506 685 637 718 futuram,
661 689 687 713 et
698 693 789 720 regem
802 685 945 713 Persarum
967 693 1034 713 con-

245 737 392 757 sensurum
411 729 496 758 Daras
518 730 642 764 reddere,
669 738 702 758 eo
725 731 848 764 consilio,
874 735 904 758 ut
918 730 1034 758 Caesaris

244 775 373 802 alacritas
387 779 415 803 et
437 775 500 803 belli
525 775 661 811 cupiditas
686 776 886 812 languesceret.
914 776 982 804 Dum
1006 776 1035 804 in

243 819 306 847 istis
326 819 499 848 sermonibus
521 820 601 856 legati
629 821 772 856 utriusque
795 821 884 857 gentis
909 821 1034 856 occupati

1086 226 1133 252 τοῦ
1161 225 1294 261 βασιλέως
1322 224 1450 259 Περσῶν,
1468 223 1529 250 οὐδὲ
1556 224 1610 258 μὴν
1637 223 1785 256 ἀνέξεσθαι
1814 225 1883 257 ὅλως

1085 272 1133 298 ἐπὶ
1150 271 1274 307 χρήμασι
1307 270 1466 305 μεταθείναι
1500 269 1531 296 τὸ
1559 270 1661 304 Δάρας.
1686 270 1883 297 Διεϐεϐαιοῦτο

1085 318 1177 354 ἔμπης
1194 318 1226 349 ⁸⁸,
1246 317 1294 344 καὶ
1313 317 1407 352 ὅρκοις
1429 316 1503 343 τισὶν
1526 315 1649 342 ἐπετίθει
1672 316 1705 342 τὸ
1721 317 1831 348 πιστὸν,
1845 316 1882 348 ὑς

1085 365 1134 391 νῦν
1149 365 1174 391 εί
1201 363 1361 399 προέλθοιεν
1386 363 1416 389 αἱ
1448 362 1590 397 ξυνθῆκαι,
1616 362 1731 398 ὕστερον
1759 362 1883 389 αἰτοῦντι

1085 412 1126 447 τῷ
1140 411 1261 446 Καίσαρι
1276 409 1373 437 δώσειν
1398 409 1493 445 ὥσπερ
1516 409 1658 444 ἐξαίρετόν
1682 417 1709 435 τι
1731 409 1820 444 δῶρον
1838 408 1884 435 τὶν

1087 457 1198 492 βασιλέα
1216 456 1329 491 Περσῶν
1340 455 1391 490 τὴν
1408 455 1497 482 πόλιν.
1525 455 1663 490 Πρόδηλος
1675 454 1722 481 οὖν
1737 453 1772 490 ἢν
1786 453 1883 481 ἐντεῦ-

1085 502 1131 528 θεν
1148 501 1186 536 μὴ
1205 501 1350 536 ὲρῤωμένα
1364 499 1473 535 φρονῶν
1485 500 1518 535 τῇ
1540 499 1685 534 Ῥωμαίων
1706 501 1792 534 ἀρχῇ,
1811 499 1884 526 ἀλλὰ

1085 548 1180 582 πόρῥω
1196 547 1246 582 τῆς
1278 547 1406 581 ἀληθείας
1428 545 1632 580 φθεγγόμενος,
1662 545 1827 580 βουλόμενός
1851 554 1882 571 τε

1092 593 1246 628 Ῥωμαίους
1257 593 1307 627 μὲν
1319 592 1442 627 ἀμαχητὶ
1459 591 1677 626 ὖπαναχωρῆσαι
1685 591 1734 624 τῆς
1748 592 1881 624 Περι-αρ-

1087 639 1183 674 μενίας
1204 639 1251 665 καὶ
1271 639 1405 673 Ἰϐηρίας”
1418 638 1576 664 τελευταῖον
1588 637 1619 664 δὲ
1633 638 1705 672 ἀμφὶ
1719 637 1767 663 τοῦ
1790 637 1883 672 Δάρας

1085 685 1170 711 αἰτεῖν
1189 685 1236 710 καὶ
1260 684 1315 711 τῶν
1346 683 1561 718 ἐπηγγελμένων
1587 683 1690 718 ἥκιστα
1719 683 1882 717 τυγχάνειν,

1085 727 1146 755 εἶτα
1161 729 1210 763 τὴν
1227 729 1256 754 ὲν
1274 728 1382 764 ὑστέρῳ
1397 729 1507 764 βουλὴν,
1533 728 1605 755 καθά
1620 729 1707 764 δήπου
1723 727 1755 754 τὸ
1767 736 1882 762 περιφε-

1087 775 1200 810 ρόμενον
1211 775 1299 802 ἐκεῖνό
1316 783 1394 810 φησι,
1427 775 1464 810 μὴ
1488 774 1561 809 ἔχειν
1586 775 1675 810 ἰσχὺν,
1704 774 1802 809 ὥσπερ
1832 775 1881 800 καὶ

1085 821 1220 853 Σουανίας
1232 821 1296 857 πέρι
1309 822 1339 847 ὲν
1365 820 1405 856 τῷ
1430 820 1532 856 πρώτῳ
1559 820 1688 856 ἠπατήθη
1709 820 1814 854 Πέτρος
1829 819 1882 846 ὑπὸ

243 869 352 899 tempus
374 869 486 897 terunt,
513 865 670 901 intereaqne
698 866 797 894 bellum
827 866 854 893 in
881 866 990 894 Oriente
1006 868 1033 895 in

1090 867 1131 894 τοῦ
1149 868 1208 902 Ζίχ.
1225 866 1342 902 Ὁμοίως
1358 866 1406 894 οὖν
1422 867 1469 893 καὶ
1484 867 1499 893 ὸ
1513 866 1646 901 Μεϐώδης
1661 865 1795 900 ἠϐούλετο
1809 865 1878 901 δρά-

245 916 381 944 suspenso
399 909 461 942 fuit,
481 910 555 937 circa
574 914 701 945 quartum
726 911 832 945 imperii
847 910 949 938 Tiberii
962 912 1036 939 Con-

244 955 355 982 stantini
377 963 479 983 annum
501 960 610 983 centum
637 955 693 982 fere
716 956 798 983 millia
824 955 981 983 Sciavo'rum
1005 957 1034 984 in

244 999 389 1027 Thraciam
416 1000 574 1035 irruperunt
586 1006 613 1028 et
626 1000 772 1028 Thraciam
798 1001 954 1037 multasque
967 1003 1035 1029 alias

245 1046 369 1081 regiones
380 1046 491 1081 praedati
506 1051 580 1074 sunt.

1089 920 1157 948 σειν.
1176 913 1255 939 Ἐπεὶ
1265 912 1293 938 δὲ
1311 912 1383 946 ἑώρα
1397 912 1535 947 Ζαχαρίαν
1559 911 1632 937 έσότι
1655 911 1881 946 ὲμφρονέστατον

1087 958 1135 985 καὶ
1145 958 1195 993 οὐχ
1208 956 1265 985 οἷόν
1279 966 1308 984 τε
1327 958 1357 984 ὃν
1371 958 1447 993 αὐτῷ
1461 955 1708 993 παρακρούσασθαι
1718 957 1765 982 τὸν
1784 955 1881 989 ἄνδρα,

1100 1005 1114 1030 ὸ
1130 1003 1159 1030 δὲ
1179 1003 1229 1038 τὴν
1244 1003 1344 1039 ἑτέραν
1359 1004 1505 1039 ἐτράπετο,
1514 1003 1552 1034 ὡς
1562 1002 1596 1029 ἂν
1609 1003 1703 1038 τρόπῳ
1713 1003 1747 1037 τῇ
1759 1002 1782 1017 ⁸³
1791 1001 1883 1037 ἀπάτῃ

1085 1049 1225 1084 περιέλθοι
1248 1049 1312 1080 τοὺς
1345 1048 1510 1084 Ῥωμαίους.
1534 1048 1597 1075 Ἐπὶ
1623 1047 1719 1083 χρόνον
1749 1047 1807 1081 γάρ
1821 1054 1882 1072 τινα

246 1092 339 1127 ξυνῄει
353 1093 383 1124 ἐς
399 1093 482 1119 ταυτδ
494 1094 551 1124 τοῖς
563 1092 636 1128 ἀμφὶ
658 1092 807 1128 Ζαχαρίαν,
822 1093 912 1120 ἐλπίσι
926 1093 949 1109 ⁵³
982 1093 1185 1131 ὑποστρωννὺς,
1215 1095 1253 1127 ὼς
1284 1095 1373 1122 ἔσοιτο
1387 1096 1482 1132 είρήνη
1496 1096 1543 1122 καὶ
1553 1095 1590 1127 ὼς
1601 1093 1741 1121 ὲπινεὺσοι
1760 1094 1775 1120 ὸ
1805 1093 1879 1127 Περ-

245 1141 302 1168 σῶν
319 1140 448 1176 βασιλεὺς
462 1141 585 1168 ἐνδοῦναι
623 1140 771 1175 Ῥωμαίοις
795 1141 826 1167 τὺ
850 1141 951 1176 Δάρας,
984 1142 1070 1179 ταύτῃ
1089 1144 1213 1179 οἰόμενος
1227 1142 1351 1170 ἐκλύσειν
1377 1143 1427 1178 τὴν
1447 1143 1488 1175 είς
1511 1142 1557 1169 τὸν
1577 1142 1696 1177 πόλεμον
1724 1140 1883 1176 προθυμίαν

245 1185 295 1213 τοῦ
327 1185 476 1221 Καίσαρος.
501 1185 557 1212 Καὶ
577 1183 624 1212 οὖν
650 1187 679 1212 ὲν
704 1186 819 1212 τοιοῖσδε
832 1186 854 1202 ⁵⁸
870 1187 1033 1222 τριϐομένου
1051 1188 1099 1214 τοῦ
1132 1182 1240 1224 χρόνου,
1268 1187 1389 1215 καὶτῶν
1418 1188 1448 1221 ὲξ
1472 1188 1608 1223 ἑκατέρας
1643 1186 1784 1218 πολιτείας
1815 1185 1884 1220 πρέ-

248 1234 339 1261 σϐεων
355 1234 419 1269 περὶ
430 1233 517 1260 ταῦτα
528 1234 764 1270 ὲνησχολημένων,
775 1234 847 1261 οὕτω
861 1243 890 1261 τε
902 1236 1052 1270 φερομένου
1072 1236 1119 1262 τοῦ
1135 1235 1203 1271 ἑῴου
1219 1236 1338 1271 πολέμου
1355 1237 1398 1263 ἐπ’
1416 1236 1534 1271 ἀδήλοις,
1557 1235 1629 1262 κατά
1641 1235 1670 1262 δὲ
1687 1235 1718 1261 τὺ
1749 1233 1882 1268 τέταρτον

246 1281 307 1312 ἔτος
324 1280 452 1316 Τιϐερίου
467 1281 673 1307 Κωνσταντίνου
689 1281 829 1316 Καίσαρος
853 1281 992 1316 βασιλείας
1008 1283 1036 1308 ἐν
1057 1284 1091 1319 τῇ
1103 1283 1199 1320 θρᾴκῃ
1228 1283 1378 1319 ξυνηνέχθη
1395 1283 1426 1310 τὺ
1441 1283 1604 1318 Σκλαϐηνῶν
1621 1283 1698 1314 levo;
1714 1281 1798 1317 μέχρι
1826 1289 1878 1307 που

246 1327 374 1364 χιλιάδων
403 1327 500 1353 ἑκατὸν
530 1326 641 1362 Θρᾴκην
672 1327 719 1353 καὶ
743 1327 810 1353 ἄλλα
836 1326 921 1353 πολλὰ
942 1327 1099 1363 ληΐσασθαι.

280 1374 326 1402 25.
346 1373 438 1401 Caesar
451 1373 523 1401 misit
541 1373 570 1400 in
588 1372 691 1400 Italiam
711 1381 837 1408 magnam
856 1373 916 1401 auri
930 1375 983 1401 vim
1001 1375 1034 1402 ad

244 1420 355 1455 triginta
391 1418 570 1450 centenaria,
601 1425 661 1453 quae
682 1417 885 1452 Pamphronius
912 1418 1033 1451 nomine,

245 1465 379 1500 dignitate
392 1464 532 1499 patricius,
557 1471 573 1490 a
588 1468 680 1491 vetere
693 1462 780 1491 Roma
792 1463 826 1490 ad
840 1463 1033 1499 imperatorem

247 1511 391 1538 attulerat.
420 1509 446 1536 Is
465 1514 529 1537 tunc
550 1509 583 1536 ad
605 1509 706 1544 regiam
720 1514 844 1543 venerat,
865 1515 894 1537 ut
908 1511 1035 1544 precibus

1123 1378 1172 1402 κε’.
1188 1375 1249 1402 Ὀτι
1261 1375 1275 1401 ὁ
1290 1375 1399 1409 Καῖσαρ
1412 1374 1516 1401 ἔστειλε
1533 1373 1603 1400 κατά
1615 1373 1664 1408 τὴν
1683 1373 1802 1400 Ἰταλίαν
1815 1382 1881 1409 χρυ-

1089 1421 1146 1448 σίον
1161 1421 1269 1456 συχνὸν,
1291 1421 1355 1457 ἄχρι
1378 1420 1563 1456 κεντηναρίων
1576 1419 1734 1454 τριάκοντα,
1754 1419 1837 1448 ἅτινά
1850 1427 1881 1453 γε

1088 1467 1176 1502 δήπου
1192 1467 1368 1502 Παμφρόνιος
1391 1467 1487 1501 ὄνομα,
1502 1465 1611 1500 ἀξίωμα
1625 1464 1758 1500 βασιλέως
1775 1465 1880 1500 πατὴρ,

1050 1536 1073 1567 c
1088 1511 1237 1546 ἐκομίσατο
1258 1513 1291 1538 ὲκ
1313 1512 1364 1547 τῆς
1389 1511 1579 1546 πρεσϐυτέρας
1602 1511 1723 1546 Ῥώμης,
1754 1510 1828 1538 κατά
1850 1510 1882 1545 δὴ

246 1564 263 1584 a
279 1556 386 1583 Catsare
402 1555 570 1589 impetraret,
588 1560 618 1582 ut
635 1554 740 1582 Italiam
761 1562 775 1582 a
794 1554 1036 1590 Longobardorum

246 1601 457 1630 excursionibus
473 1607 630 1635 oppressam
653 1600 680 1627 in
701 1600 854 1628 libertatem
874 1601 1034 1628 vindicaret.

247 1647 342 1675 Cmsar
367 1652 442 1680 vero,
468 1645 511 1673 cui
525 1645 617 1673 omnia
639 1653 696 1681 prae
717 1645 787 1673 bello
804 1645 913 1674 Persico
937 1646 1038 1674 nullius

248 1692 382 1721 momenti
398 1696 487 1726 erant,
512 1693 612 1727 quippe
635 1692 681 1726 qui
700 1696 773 1720 totus
794 1692 821 1719 in
847 1692 911 1719 illud
935 1693 1039 1719 incum-

248 1738 335 1771 heret,
349 1738 498 1766 exercitum
515 1738 624 1766 mittere
640 1745 692 1765 non
711 1739 808 1774 potttit,
831 1745 919 1772 neque
939 1737 1037 1765 bellum

249 1784 277 1812 in
293 1783 404 1811 Oriente
427 1788 454 1811 et
468 1783 614 1811 Occidente
639 1783 718 1810 simul
741 1783 794 1811 sibi
811 1784 958 1819 gerendum
982 1787 1039 1811 sta-

248 1829 311 1857 tuit.
342 1829 397 1856 Sed
423 1829 553 1864 pecunias
575 1829 647 1856 dedit
665 1829 862 1864 Pamphronio,
879 1829 989 1864 quibus,
1014 1829 1038 1857 si

249 1883 302 1910 qua
326 1879 435 1910 posset,
467 1875 571 1910 aliquos
589 1875 827 1910 Longobardorum
842 1880 1039 1910 commoveret,

249 1924 279 1947 ut
290 1919 323 1947 ad
338 1920 476 1947 Romanos
491 1920 639 1947 transirent
656 1927 707 1946 nna
722 1927 784 1947 cum
800 1927 894 1947 eorum
906 1921 1038 1955 exercitu,

248 1970 277 1994 et
291 1964 395 1992 Italiam
410 1965 522 1992 minime
538 1965 688 1992 turbarent.
709 1965 784 1998 Quod
806 1964 953 1999 edicerent,
971 1966 994 1993 si
1012 1966 1039 1994 in

249 2010 390 2039 Orientem
405 2018 479 2038 arma
496 2015 602 2038 vertere
616 2010 715 2038 vellent
729 2015 756 2038 et
768 2009 898 2039 Romanis
910 2011 1039 2040 auxilium

251 2057 337 2085 ferre.
352 2056 382 2084 Si
399 2056 571 2092 Longobardi
587 2061 745 2090 renuerent,
762 2061 791 2083 ut
806 2057 950 2085 verisimile
970 2062 1040 2090 erat,

250 2103 332 2131 aliam
351 2104 421 2130 viam
440 2111 501 2130 emn
521 2103 625 2137 ingredi
641 2103 735 2138 jussit,
759 2102 926 2131 Francorum
941 2103 1040 2131 ducum

250 2149 358 2183 aliquos
380 2148 505 2176 mercede
524 2149 573 2175 sibi
590 2148 679 2176 socios
702 2148 860 2183 adjungere,
887 2153 914 2175 et
930 2148 981 2176 hac
995 2156 1041 2175 ra-

1087 1557 1138 1592 τὴν
1154 1557 1277 1592 βασιλίδα
1297 1557 1451 1592 τηνικαῦτα
1475 1556 1627 1592 ἀφιγμένος
1647 1557 1695 1584 ἐπὶ
1719 1556 1819 1591 τούτῳ,
1836 1556 1880 1591 ἐφ’

1088 1598 1110 1635 ᾧ
1125 1602 1232 1638 δεήσεις
1248 1602 1287 1638 τῷ
1301 1604 1422 1639 Καίσαρι
1445 1603 1634 1638 προσαγαγεῖν
1660 1603 1695 1637 τῇ
1714 1601 1816 1637 Ἰταλίᾳ
1834 1603 1882 1628 ὲκ-

1088 1649 1284 1685 τετρυχωμένῃ
1307 1649 1368 1680 ταῖς
1403 1648 1458 1675 τῶν
1490 1647 1686 1683 Δογγιϐάρδων
1718 1647 1882 1682 ἐπιδρομαῖς

1089 1694 1237 1728 ἐπαμῦναι.
1260 1694 1290 1721 ὐ
1318 1694 1347 1721 δὲ
1374 1695 1494 1729 Καῖσαρ,
1520 1694 1582 1720 ἐπεὶ
1608 1692 1712 1727 αὺτῷὁ
1736 1693 1883 1727 πόλεμοςδ

1089 1740 1225 1775 Περσικὸς
1254 1740 1365 1767 ἅπαντα
1389 1737 1424 1776 ἦν
1445 1740 1493 1766 καὶ
1514 1738 1634 1766 ἐνέκειτό
1650 1746 1682 1773 γε
1699 1738 1770 1770 ὅλος,
1789 1739 1883 1765 ἐκεῖσε

1091 1787 1223 1822 στρατιὰν
1237 1787 1286 1821 οὐχ
1302 1784 1358 1818 οἷός
1373 1796 1404 1813 τε
1425 1785 1459 1822 ἦν
1474 1786 1640 1821 ἐκπέμπειν,
1665 1785 1734 1811 Οὐδὲ
1753 1784 1808 1820 μὴν
1823 1784 1884 1819 ἅμα

1089 1833 1124 1867 τῇ
1140 1833 1199 1866 Ἕῳ
1216 1833 1263 1859 καὶ
1277 1833 1348 1859 κατὰ
1362 1832 1412 1867 τὴν
1433 1832 1569 1867 Ἑσπέραν
1589 1831 1745 1865 πολεμητέα
1758 1838 1791 1864 γε
1806 1829 1882 1865 αὐτῷ

1091 1876 1163 1906 εἶναι
1182 1879 1282 1906 wine.
1297 1878 1439 1914 Χρήματα
1457 1877 1487 1904 δὲ
1501 1877 1589 1908 ἄλλως
1610 1877 1732 1904 ἐπέδωκε
1747 1877 1883 1911 Παμφρο-

1090 1923 1151 1959 νίῳ,
1169 1923 1212 1958 ἐφ’
1225 1920 1247 1958 ᾧ
1271 1932 1348 1955 τινας
1377 1923 1431 1949 τῶν
1453 1922 1600 1958 ἡγεμόνων
1617 1922 1668 1949 τοῦ
1685 1921 1883 1957 Δογγιϐἁρεων

1090 1969 1194 2003 ἔθνους,
1208 1970 1235 1997 εῐ
1249 1969 1309 2001 πώς
1332 1978 1364 2004 γε
1386 1969 1464 1996 ἔσται
1487 1968 1563 2004 αὐτῷ
1582 1968 1696 2000 δυνατὰ,
1714 1969 1811 1995 πείσαι
1835 1968 1885 1994 ἰῑῦ

1090 2014 1202 2049 κέρδους
1221 2014 1382 2050 ίμείραντας
1397 2013 1420 2030 δ’
1439 2012 1644 2048 μεταϐαλέσθαι
1671 2013 1710 2044 ὡς
1729 2012 1884 2047 Ῥωμαίους

1092 2059 1140 2092 ξὺν
1153 2061 1186 2095 τῇ
1205 2060 1266 2087 κατ’
1283 2059 1384 2092 αὐτοὺς
1409 2059 1534 2095 δυνάμει,
1561 2058 1609 2086 καὶ
1637 2058 1717 2085 τοῦτο
1744 2058 1794 2094 μὲν
1814 2058 1837 2074 ⁸⁵
1849 2059 1882 2093 τῇ

1096 2106 1199 2141 Ἰταλίᾳ
1212 2106 1250 2141 μὴ
1266 2106 1394 2141 ἐνοχλεῖν,
1411 2104 1491 2133 τοῦτο
1503 2106 1531 2131 δὲ
1547 2105 1595 2132 καὶ
1614 2104 1686 2132 κατά
1696 2105 1746 2140 τὴν
1762 2104 1820 2131 Ἕω
1835 2113 1883 2130 πο-

1091 2149 1287 2186 λεμησείοντας
1312 2151 1359 2178 καὶ
1382 2152 1416 2186 τῇ
1434 2150 1577 2185 Ῥωμαίων
1594 2149 1758 2185 ἐπικρατείᾳ
1771 2150 1883 2176 ἐπικου-

250 2194 326 2221 tione
338 2193 580 2229 Longobardorum
596 2193 745 2228 potentiam
768 2193 932 2221 labefactare
951 2197 980 2221 et
997 2193 1039 2221 in-

1093 2196 1186 2232 ρῆσαι.
1203 2196 1401 2223 ’Δπειθούντων
1413 2195 1442 2222 δὲ
1453 2196 1506 2221 τῶν
1518 2194 1723 2230 Λογγιϐάρδων,
1737 2191 1782 2221 οἷα
1796 2195 1881 2227 είκὺς,

250 2238 378 2274 fringere.

1094 2243 1144 2278 τὴν
1158 2243 1256 2279 ἑτέραν
1271 2243 1350 2276 ἰέναι,
1365 2242 1412 2269 καί
1424 2250 1501 2273 τινας
1516 2242 1570 2268 τῶν
1585 2241 1752 2276 Φραγγικῶν
1777 2241 1882 2276 ήγιμὸ·

250 2297 305 2316 νων
319 2288 363 2315 διὰ
374 2287 424 2322 τῆς
435 2286 490 2313 τῶν
506 2285 655 2321 χρημάτων
675 2286 822 2318 ἐπιδόσεως
836 2286 1036 2322 ἑταιρίσασθαι,
1054 2290 1103 2316 καὶ
1117 2291 1203 2327 ταύτῃ
1219 2290 1355 2326 σελειῆναί
1388 2291 1410 2306 ⁸⁷
1431 2298 1462 2316 τε
1477 2290 1526 2316 καὶ
1549 2288 1678 2325 ὲκτρίψαι
1711 2288 1766 2316 τῶν
1783 2290 1884 2324 Δοτγι-

250 2335 360 2371 ϐάρδων
371 2333 422 2369 τὴν
436 2332 561 2367 δύναμιν.

285 2380 332 2408 26,
351 2379 394 2415 (Α.
412 2379 442 2406 C.
455 2378 509 2406 578
528 2378 585 2406 Ind.
602 2378 631 2404 II
647 2376 744 2405 Justini
760 2377 817 2414 14.)
837 2377 926 2407 Persa:
950 2381 1041 2414 veriti,

253 2426 333 2463 125
350 2433 384 2453 ne
402 2424 518 2452 Romani
535 2425 562 2451 in
580 2424 647 2451 lines
664 2430 728 2451 suos
744 2423 935 2459 irrumperent,
951 2425 1042 2453 Thau-

252 2473 359 2500 narium
377 2471 531 2503 castellum,
559 2470 690 2498 nudatum
707 2470 832 2505 praesidio
846 2469 1041 2504 Romanorum,

251 2518 425 2552 invadentes,
439 2522 607 2553 occuparunt
623 2521 650 2544 et
663 2517 770 2544 domum
789 2521 967 2549 reverterunt,
981 2525 1041 2544 cum

250 2565 318 2592 nihil
330 2565 439 2599 dignum
457 2567 511 2592 tam
529 2564 599 2599 turpi
615 2562 727 2591 fmdcris
739 2562 989 2590 violationelucrati
1000 2569 1042 2589 es-

251 2616 324 2643 sent,
352 2615 380 2637 et
414 2611 526 2638 minime
547 2615 622 2637 tanta
646 2609 756 2641 damna,
781 2613 880 2643 quanta
896 2608 973 2636 initio
989 2609 1041 2636 sibi

251 2660 460 2691 proposuerunt,
475 2655 606 2684 Romanis
615 2655 779 2683 intulissent.

1129 2383 1187 2412 σις’.
1205 2379 1266 2406 Ὀτι
1290 2379 1315 2405 οῑ
1341 2379 1429 2414 Μῆδοι
1451 2378 1567 2409 δεδιότες
1589 2378 1639 2413 τὴν
1661 2377 1716 2404 τῶν
1736 2379 1883 2413 Ῥωμαίων

1092 2425 1217 2460 εῐσόολὴν
1225 2424 1247 2440 ⁸⁸
1265 2424 1336 2451 κατὰ
1351 2424 1402 2459 τῆς
1424 2424 1538 2459 Περσῶν
1562 2424 1625 2450 ὅσον
1641 2423 1719 2451 οὔπω
1737 2425 1881 2459 ἐσομένην,

1093 2471 1141 2498 καὶ
1163 2470 1322 2501 ἐπανιόντες
1347 2469 1378 2496 τὸ
1392 2470 1539 2504 λεγόμενον
1563 2469 1715 2505 Θαυνάριος
1740 2471 1882 2506 φρούριον,

1093 2516 1210 2551 χηρεῡον
1232 2516 1390 2551 Ῥωμαῖκῆς
1415 2516 1588 2551 ἐπικουρίας,
1614 2516 1643 2542 ἐν
1667 2517 1769 2551 κατοχῇ
1787 2516 1882 2550 ὲποιήι

1094 2570 1175 2588 σαντο
1187 2570 1195 2578 ι
1214 2561 1262 2589 καὶ
1275 2562 1319 2589 ἐπ’
1336 2561 1412 2588 οῐκου
1435 2561 1625 2598 ἀνεχώρησαν,
1647 2561 1731 2597 μηδὲν
1745 2562 1777 2588 τὸ
1792 2562 1883 2596 παρά-

1092 2615 1146 2634 παν
1170 2607 1219 2643 τῆς
1241 2607 1422 2642 ἀναισχύντου
1446 2607 1501 2634 τῶν
1527 2607 1651 2634 σπονδῶν
1661 2606 1683 2623 ⁸⁸
1726 2606 1884 2642 ξυγχύσεως

1093 2652 1169 2685 ἄξιόν
1184 2662 1211 2679 τι
1225 2653 1418 2688 πορισάμενοι,
1436 2654 1506 2688 μήτε
1522 2653 1576 2688 μὴν
1593 2653 1665 2688 μέγα
1681 2662 1708 2679 τι
1728 2652 1884 2687 Ῥωμαίους

1090 2698 1256 2734 βλάψαντες,
1272 2699 1310 2731 ὡς
1325 2698 1546 2734 ὑπωπτεύθησαν
1559 2698 1608 2733 τὴν
1624 2698 1723 2734 ἀρχήν.

895 2745 1013 2773 νΑΒΙᾸΞ
1029 2745 1232 2774 LECTIONES.

285 2791 314 2832 ⁸¹¹
325 2790 429 2832 δὶκιιιιιο
455 2791 640 2832 ἐμπηςμυε..
651 2792 690 2832 Ν..
720 2792 744 2809 ⁸³
760 2791 868 2832 τῇλτῳ
886 2793 969 2832 conj.
984 2793 1016 2820 Β.

1071 2793 1094 2809 ⁸³
1108 2792 1340 2834 ξλπίδα-οριῄ.-Β.
1354 2828 1359 2834 ‘
1416 2792 1556 2834 τοῖσδε.ῐὶ
1574 2801 1629 2834 mg.

1686 2792 1709 2808 "
1724 2793 1884 2827 ίμείραντας

253 2826 491 2870 ξιηρίμξίρανμτοῦ
506 2826 605 2870 ιζὶνιιιεη
618 2826 859 2870 είμείρονταξᾘί
885 2828 909 2843 ⁸⁸
927 2828 977 2870 μέν
998 2836 1056 2870 2m.
1077 2828 1152 2870 vulg.
1191 2829 1213 2844 ⁸⁷
1227 2829 1255 2855 δὲ
1266 2828 1359 2870 λεῇναί
1378 2828 1425 2870 Il.,_
1439 2829 1564 2855 σαλεύειν
1579 2826 1616 2855 NI
1650 2827 1674 2844 "
1693 2827 1819 2862 εἰσϐολὴν
1839 2827 1882 2861 N.,

253 2860 369 2895 ἐκϐολὴν
383 2861 455 2896 vulg.

506 2860 529 2877 ⁵⁵
548 2860 669 2889 σπονδῶν
681 2860 716 2882 4
729 2862 906 2898 πορισάμενοι
927 2860 982 2897 ’Νη
998 2864 1110 2899 Περσῶν
1123 2860 1158 2884 ἒ-
1170 2860 1368 2899 πρῡρισάμίενοι
1382 2864 1454 2898 vulg.
