1951 3074
90 141 142 172 837

481 139 530 170 DE
549 138 834 170 LEGATIONIBUS
851 138 1033 170 GENTIUM
1055 139 1105 170 AD
1125 139 1314 171 ROMANOS.

1664 145 1719 176 838

126 194 179 227 κζ’.
193 194 256 222 Ὅτι
281 193 429 230 Ταχοσδρὼ
437 193 460 210 ⁸⁸
476 193 572 228 σαφῶς
594 193 807 229 ἐξεπιστάμενος
830 192 874 220 καῖ

963 194 1008 222 27.
1031 194 1074 230 (Α.
1101 194 1134 222 C.
1159 194 1211 222 578
1239 194 1298 223 lnd.
1314 195 1357 223 Η.
1376 195 1475 224 Justini
1499 197 1554 233 Ην.)
1580 196 1648 226 Cum
1669 200 1721 226 Tu-

88 241 172 272 αὺτὺς
186 241 237 276 τὴν
253 241 374 276 Χοσρόου
389 239 499 275 βουλὴν,
516 239 553 271 ὡς
567 238 701 274 Μεὸὡδης
715 238 879 274 ἀναπτερώ-

90 295 141 318 σας
157 287 240 312 αὐτὸν
257 286 299 322 εῑη
316 286 354 322 μὴ
373 286 495 321 μεῖναι⁵¹
512 286 545 312 τὸ
567 285 655 321 πέρας
671 285 726 312 τῶν
740 285 879 321 τριετηρί-

89 332 144 359 δων
158 332 291 364 σπονδῶν,
319 332 350 359 ατ
372 340 404 366 γε
429 331 503 367 ἀμφὶ
524 332 575 367 τῆς
600 331 658 358 Ἕω
679 330 879 366 ἐμπεδωθεῖσαι

90 376 252 412 ἐτύγχανον,
278 377 326 404 καὶ
341 377 382 404 ὅτι
397 376 469 404 οὕτω
482 376 578 403 δοκοῦν
593 376 669 412 αὐτῷ
685 376 879 411 ἀναμφιϐόλως

90 421 222 456 ἐμϐαλεῖν
236 422 316 448 αὐτόν
327 431 357 448 τε
370 421 503 457 Μεὸώδην
514 422 561 448 καὶ
572 421 706 457 Σσπώρην
714 421 762 447 τὸν
770 421 879 457 Μαιρά-

89 476 136 494 νου
150 468 221 495 κατὰ
233 470 283 504 τῆς
300 469 368 505 πρὸς
381 469 431 504 τὴν
447 468 505 495 Ἕω
520 468 576 495 τῶν
595 469 739 503 Ῥωμαίων
763 469 879 504 ἐπικρα-

88 514 167 545 τείας
180 534 188 547 ,
206 515 264 541 εῑτε
279 514 522 549 προστεταγμένον
543 515 567 540 οἱ
591 513 680 540 τοιάδε
696 514 728 540 ἐκ
745 513 876 549 Χοσρόυυ,

88 560 145 586 είτε
170 561 218 587 καὶ
243 559 406 595 αὐτομάτως
434 559 514 586 τοῦτο
536 560 645 586 σκοπῶν
666 559 710 594 ἐφ’
736 559 877 592 έαυτοῦη,

87 604 185 640 ὥσπερ
200 606 296 641 ἀμέλει
323 606 453 640 δευτέραν
469 606 550 640 ἀφεὶς
573 606 709 642 ἄγκυραν,
728 605 878 641 ἐκτραπεὶς

87 651 144 677 ἀπὸ
160 651 206 678 τοῦ
222 651 413 687 Κιθαρίξων⁵³
435 651 550 687 ὥρμησε
567 652 616 678 καὶ
637 651 718 683 αὐτὸς
742 652 813 678 κατὰ
830 652 878 686 τῆς

94 696 240 731 Ῥωμαίων
267 697 297 724 ἐν
322 698 439 733 ἀνατολῇ
458 697 551 733 χώρας
575 697 631 724 ἀπὸ
657 697 711 725 τῶν
733 698 878 733 Ἀρμενίας

88 741 226 776 ἐμὸολῶν,
239 742 337 778 διπλῆν
357 743 448 769 ἐκεῖσε
464 743 514 778 τὴν
538 744 662 779 ταραχὴν
684 744 876 779 ποιησόμενος.

125 787 180 823 κη’.
196 789 258 814 Ὀτι
271 788 489 825 πολιορκούντων
504 789 649 825 Ῥωμαίων
664 789 694 816 τὸ
705 789 877 825 Χλωμάρων,

88 833 139 860 καὶ
155 833 312 869 προσϐολὰς
326 835 354 861 ἐν
366 834 459 870 κύκλῳ
477 835 659 871 ποιουμένων,
676 835 725 867 τάς
736 844 766 862 τε
784 835 878 862 ἑλεπό-

88 879 146 911 λεις
165 879 290 915 μηχανὰς
305 881 542 916 περιστησάντων,
560 881 628 916 προς
649 881 677 907 δέ
693 890 725 916 γε
743 882 790 908 καὶ
810 882 877 909 ὑποα

87 927 189 961 νόμους
206 926 318 962 ἔνερθεν
333 926 539 962 ὕπορυττόντων
553 928 583 959 ἐς
597 927 629 954 τὸ
641 927 754 962 ἀφανὲς,
771 928 877 956 στέλλει

88 972 228 1008 Βιγγάνης
250 971 288 1004 ὡς
304 973 458 1008 Μαυρίκιον
482 973 528 1000 τόν
548 972 600 1009 [τε]
615 973 661 1000 τοῦ
677 974 809 1009 φρουρίου
827 975 877 1011 ἀρ-

88 1018 201 1054 χιερέα·
219 1018 379 1054 Χριστιανοὶ
394 1019 449 1054 γὰρ
464 1016 536 1054 ἦσαν
559 1020 583 1046 oi
604 1019 655 1054 τῆς
677 1019 845 1055 ’Δρζανηνῆς
853 1020 877 1036 ⁵⁵

90 1066 220 1096 ἅπαντες.
236 1064 329 1100 Ταύτῃ
341 1073 399 1096 τοι,
415 1064 453 1096 ὡς
465 1065 557 1096 αίδοῦς
574 1064 792 1101 ἀξιωθησόμενον
808 1065 876 1101 πρὸς

95 1108 240 1144 Ῥωμαίων
257 1109 428 1144 Χριστιανῶν
452 1109 537 1137 ὖντων
561 1111 608 1137 τὸν
633 1110 794 1146 προεστῶτα
821 1110 876 1138 τῶν

91 1154 175 1190 ιερῶν
190 1155 237 1182 τοῦ
258 1156 389 1191 Χριστοῦ,
408 1156 541 1183 ἱκετεύειν
573 1156 708 1192 ἐπέτρεψε
733 1156 773 1192 τῷ
788 1165 875 1192 μυστ-

90 1201 205 1237 αγωγῷ,
222 1202 371 1237 ειληφότας
394 1202 495 1234 ὁπόσος
510 1200 545 1237 ἦν
559 1201 651 1233 αὐτοῖς
664 1202 764 1237 χρυσός
779 1210 810 1228 τε
829 1202 876 1229 καὶ

88 1249 210 1285 ἄργυρος
224 1249 415 1283 ἀπαναστῆναι
430 1249 478 1275 καὶ
492 1248 530 1284 μὴ
545 1247 616 1283 πέρα
630 1250 731 1275 πονεῖν.
741 1248 810 1275 οὔτε
821 1248 876 1284 γὰρ

88 1295 216 1323 ἐνδώσειν
237 1296 313 1328 ποτέ,
340 1295 475 1329 Βιγγάνου
501 1295 546 1322 τὸν
563 1295 639 1330 ἥλιον
660 1294 788 1330 ὁρῶντος,
812 1295 876 1326 τοὺς

89 1342 147 1368 ὅσοι
162 1350 194 1376 γε
209 1341 239 1373 ἐς
260 1341 292 1368 τὸ
314 1341 474 1376 Χλωμάρων
499 1341 554 1367 είσὶ
579 1341 727 1376 Ῥωμαίοις
743 1340 874 1372 ἑαυτούς’

90 1388 298 1424 προσμενόντων
311 1395 341 1414 τε
355 1388 390 1422 τῇ
411 1386 555 1422 πολιορκίᾳ,
572 1386 745 1422 Χριστιανῶν
763 1385 875 1413 ἔσεσθαι

88 1433 119 1460 τδ
131 1433 357 1468 διαφθειρόμενον
369 1431 482 1468 πλῆθος,
508 1431 555 1459 καὶ
569 1431 716 1467 ἀσεϐήσειν
723 1431 875 1466 Ῥωμαίους

89 1479 157 1515 πρὸς
168 1479 234 1505 Θεὸν
243 1479 431 1515 περιορῶντας
443 1477 572 1509 ἀναιτίως
587 1478 650 1508 τοὺς
664 1477 738 1504 Ενδον
751 1477 872 1504 ἀπολλυ-

89 1525 200 1561 μένους.
208 1523 301 1551 Ταῦτα
313 1523 451 1558 Βιγγάνης
463 1522 570 1557 ἐδήλου.
586 1522 738 1557 Μαυρίκιος
748 1522 777 1548 δὲ
789 1522 872 1550 πολλὰ
884 1532 906 1564 C

87 1579 119 1597 τε
131 1570 180 1598 καὶ
192 1569 327 1604 ἐπαγωγὰ
335 1569 359 1586 ⁸³
374 1568 414 1604 τῷ
430 1569 500 1604 ἱερεῖ
516 1567 667 1603 διαλεχθεὶς
681 1568 729 1594 καὶ
743 1568 800 1600 τοῖς
814 1568 872 1603 ἅμα

87 1615 163 1651 αὺτῷ
179 1614 247 1651 πρὸς
261 1613 380 1641 ἱκετείαν
395 1612 584 1648 ἀφικομένοις,
601 1612 708 1644 πίστεις
720 1621 751 1639 τε
766 1613 873 1645 εὐνοίας

87 1662 156 1698 πρὸς
179 1661 226 1688 τοῦ
252 1661 347 1696 ῑερέως
369 1658 500 1694 εἰληφὼς,
531 1657 715 1693 ἀπαγγέλλειν
746 1658 873 1685 ἐκέλευσε

88 1707 221 1743 Βιγγάνῃ,
234 1707 282 1739 ὡς,
294 1706 372 1740 ειπερ
386 1704 483 1732 ἑαυτὸν
499 1704 610 1731 ἐνδώσει
625 1703 872 1739 ¹Ρωμαίοις,ἀξιώ-

89 1752 173 1788 ματός
189 1760 218 1778 τε
235 1751 360 1787 μείζονος
374 1749 447 1786 ήπερ
464 1748 507 1784 ἐφ’
523 1745 554 1776 οὗ
568 1748 616 1776 νῦν
630 1749 689 1775 ἐστι
703 1749 781 1785 παρά
801 1749 873 1784 Πέρ-

88 1806 150 1830 σαις
169 1797 352 1833 ἀξιωθήσεται
372 1796 441 1831 πρὸς
464 1794 619 1830 Ῥωμαίων,
644 1794 767 1830 κτήσεώς
782 1803 812 1821 τε
831 1794 871 1822 δι-

88 1844 205 1876 πλασίας
224 1843 273 1871 καὶ
298 1842 381 1878 ἄλλης
407 1840 566 1876 sumptas”
586 1841 732 1876 γενήσεται
758 1840 872 1876 Κύριος.

88 1890 143 1916 Καὶ
159 1888 241 1924 ἔτερα
256 1888 295 1921 δὲ,
311 1887 397 1914 ὁπόσα
411 1884 445 1922 ἦν
457 1885 572 1920 ἐφολκά,
594 1885 679 1913 εἰπὼν
691 1886 805 1922 ἀφίησιν
823 1884 872 1913 αὗ-

89 1935 131 1967 οις
145 1934 220 1962 ἔνδον
236 1933 283 1961 τοῦ
300 1932 432 1969 φρουρίου
456 1932 585 1966 γενέσθαι
596 1932 642 1959 τὸν
659 1932 735 1967 ἱερέα
749 1933 795 1960 καὶ
809 1933 873 1964 τοὺς

88 1981 136 2014 ξὺν
148 1979 232 2015 αὐτῷ.
252 1979 333 2006 Ἀλλά
354 1979 408 2014 γὰρ
424 1979 438 2005 ό
455 1978 592 2013 Βιγγάνης
614 1977 779 2005 εὐνούστατα
802 1978 873 2013 ἔχων

87 2026 126 2058 ὡς
139 2025 252 2061 βασιλέα
265 2024 378 2060 Περσῶν
390 2024 438 2050 καὶ
453 2024 482 2055 ἐς
494 2023 542 2059 τὴν
554 2023 614 2050 κατ’
627 2023 708 2050 αὐτὸν
722 2023 872 2057 πολιτείαν,

87 2073 128 2099 ἐτι
144 2080 177 2106 γε
186 2072 208 2088 ⁸⁷
227 2071 281 2107 μὴν
296 2070 335 2105 τῷ
349 2069 431 2105 χώρῳ
447 2069 575 2102 πίσυνος,
602 2069 703 2104 ἥκιστα
718 2069 779 2101 ταῖς
792 2069 872 2105 μεγί-

89 2126 168 2149 σταις
191 2115 356 2151 ὑποσχέσεσι
380 2113 535 2150 Μαυρικίου
551 2114 586 2141 τὰ
609 2110 669 2141 ὦτα
684 2112 797 2148 ὑπέσχε,
826 2114 874 2140 καὶ

88 2162 176 2190 ταῦτα
196 2162 340 2198 Βάρσαρος
354 2159 392 2187 ὣν
407 2160 457 2187 οὐκ
481 2159 615 2195 ἀφηνίασε
636 2159 683 2187 τοῦ
710 2159 872 2195 πρέποντος,

930 240 1050 268 cbosdro
1066 248 1174 275 quoque
1190 240 1322 269 Chosrois
1344 243 1456 270 consilia
1475 245 1640 278 rescivisset,
1661 245 1719 272 Mc-

930 286 1027 313 bodem
1045 286 1197 314 Chosroem
1214 287 1240 314 in
1253 295 1312 314 eam
1331 293 1446 316 mentem
1462 289 1610 324 impulisse,
1626 296 1718 318 utnon

929 337 1102 367 exspectaret
1116 333 1199 365 diem,
1212 341 1265 368 qua
1278 334 1407 362 ﬁniebant
1421 335 1582 363 tricennales
1594 337 1719 370 intlucizn,

930 385 991 412 qua:
1008 378 1034 405 in
1052 378 1164 406 Oriente
1188 385 1327 406 conventa:
1349 379 1466 412 fuerant,
1492 385 1519 408 et
1535 381 1608 408 illum
1634 382 1719 416 impe-

930 429 1006 450 rasse
1037 422 1141 450 Mebodi
1168 429 1196 450 et
1224 424 1331 459 Sapori,
1359 424 1460 452 Merani
1490 425 1560 457 lilio,
1591 426 1719 454 invadere

928 467 1113 496 Romanorum
1131 469 1261 496 ditionem
1285 471 1310 497 in
1337 470 1459 500 Oriente.
1490 471 1558 505 ipse,
1583 471 1641 499 sive
1668 473 1719 500 hoc

930 515 1085 542 mandatum
1102 515 1191 543 fuerat
1211 523 1225 542 a
1248 516 1382 548 Chosroe.
1403 517 1461 544 sive
1477 525 1523 544 sua
1540 523 1635 552 sponte
1649 519 1718 552 apud

929 566 959 586 se
977 560 1100 586 eamdem
1114 567 1168 586 rem
1187 560 1277 586 animo
1297 560 1434 592 volvisset.
1461 565 1588 594 tanquam
1615 561 1720 589 scilicet

929 607 1075 632 secundam
1091 605 1237 632 anchoram
1253 605 1391 639 injiciens,
1407 614 1421 632 a
1436 606 1590 633 Citharizon
1606 607 1718 634 castello

929 656 1064 684 egressus,
1086 649 1112 675 in
1130 649 1311 676 Romanorum
1328 649 1438 676 ditionis
1454 650 1587 683 regiones,
1608 658 1668 684 qua:
1684 651 1718 678 ad

929 693 1070 721 Orientem
1085 698 1174 726 erant,
1190 694 1318 728 impetum
1333 694 1406 726 fecit,
1425 693 1497 721 circa
1512 695 1647 722 Armenia:
1671 694 1719 722 ad-

930 740 984 766 itus
1000 739 1133 773 duplicem
1156 739 1299 766 tuntnltnm
1318 744 1345 766 et
1363 745 1496 767 terrorem
1513 740 1662 768 oblaturus.

963 784 1008 811 28,
1029 785 1072 820 (Α.
1089 784 1120 811 C.
1138 783 1191 812 579
1204 783 1262 812 Ind.
1279 785 1313 811 12
1330 783 1423 813 Tiber.
1438 784 1479 819 2.)
1508 784 1576 813 Cum
1600 785 1717 813 Romani

930 829 1093 858 Chlomarou
1116 829 1244 865 oppidum
1261 830 1421 858 obsiderent
1436 835 1463 857 et
1476 832 1588 858 armatis
1601 832 1717 859 homini-

929 876 979 904 bus
990 876 1140 911 cingerent,
1155 881 1182 903 et
1197 875 1347 908 machinas,
1362 875 1459 911 quibus
1470 877 1551 903 urbes
1562 878 1715 912 rapiuntur.

928 921 1114 954 admoverent,
1128 921 1246 949 cuniculi
1258 929 1366 956 quoque
1382 921 1552 949 subterranei
1567 921 1594 948 in
1609 924 1718 950 occulto

927 967 1020 994 subter
1034 972 1133 994 terram
1151 965 1325 998 ducerentur,
1343 965 1459 1001 Bigancs
1475 966 1548 993 misit
1563 967 1638 994 urbis
1658 968 1716 1001 cpi-

927 1020 1037 1046 scopum
1064 1011 1152 1047 (erant
1167 1012 1239 1039 enim
1256 1010 1400 1038 Christiani
1426 1018 1521 1038 omnes
1556 1011 1649 1039 incola:
1669 1012 1718 1038 Ar-

928 1057 1072 1092 zattenm),
1101 1064 1181 1092 quem
1200 1057 1351 1091 Romanos,
1377 1056 1438 1092 quia
1458 1056 1605 1084 Christiani
1627 1062 1715 1089 erant,

927 1102 1029 1138 majore
1046 1101 1196 1129 reverentia
1219 1107 1246 1129 et
1270 1102 1373 1129 honore
1394 1105 1566 1136 excepturos,
1587 1106 1715 1136 tanquam

927 1155 1065 1176 sacrorum
1094 1148 1257 1180 antistitem,
1282 1148 1458 1180 existimavit,
1488 1148 1522 1175 ad
1545 1147 1715 1180 Mauricium,

926 1201 1042 1228 eumque
1057 1200 1136 1221 orare
1146 1193 1238 1229 jussit.
1257 1197 1286 1221 ut
1305 1198 1417 1228 accepto
1436 1192 1566 1227 quidquid
1579 1193 1649 1227 apud
1665 1192 1714 1219 ob-

926 1247 1017 1267 sessos
1035 1244 1093 1267 erat
1106 1239 1165 1266 auri
1177 1243 1203 1266 et
1217 1236 1332 1274 argenti,
1350 1236 1463 1265 Romani
1477 1237 1645 1265 obsidionem
1658 1237 1698 1264 sol
1708 1250 1716 1257 -

930 1288 1033 1316 vercnt,
1060 1290 1147 1317 neque
1173 1282 1243 1309 ultra
1266 1282 1292 1309 in
1314 1290 1413 1309 vanum
1427 1282 1592 1309 laborarent.
1622 1281 1716 1317 Neque

927 1329 999 1357 enim
1015 1335 1144 1363 unquam,
1167 1328 1295 1363 quamdiu
1313 1327 1407 1363 Bigani
1430 1329 1514 1356 solem
1533 1328 1631 1356 intueri
1649 1329 1715 1356 lice-

928 1379 979 1407 ret,
1004 1374 1184 1406 Christianos,
1217 1374 1263 1409 qui
1287 1374 1315 1401 in
1340 1374 1440 1409 oppido
1458 1379 1561 1407 essent,
1585 1373 1715 1402 Romanis

926 1427 988 1448 sese
1016 1420 1171 1447 tradituros.
1201 1419 1302 1453 Quodsi
1327 1420 1494 1447 obsidionem
1515 1420 1713 1450 continuarent,

926 1465 994 1499 fore,
1014 1465 1272 1493 utChristianorum
1288 1464 1433 1493 multitudo
1455 1465 1567 1500 periret.
1598 1465 1637 1492 Ex
1659 1472 1714 1499 quo

927 1512 1013 1545 lieret,
1030 1516 1059 1539 ut
1070 1510 1184 1538 Romani
1198 1510 1272 1545 impii
1286 1517 1349 1544 erga
1363 1510 1445 1538 Deum
1458 1515 1562 1542 essent,
1577 1510 1623 1545 qui
1636 1509 1715 1536 Clu-i—

923 1558 1038 1589 stianos,
1055 1557 1101 1592 qui
1124 1556 1195 1584 intra
1221 1556 1348 1590 oppidum
1374 1561 1477 1589 essent,
1501 1556 1559 1584 sine
1586 1555 1640 1583 ulla
1663 1563 1713 1582 sua

922 1603 1000 1638 culpa
1019 1602 1118 1630 misere
1133 1602 1222 1636 perire
1240 1606 1409 1636 paterentur.
1431 1600 1495 1629 Haec
1515 1601 1630 1636 Biganes
1644 1608 1713 1635 prte-

922 1648 1031 1677 dicavit.
1063 1649 1099 1677 At
1121 1647 1277 1680 Mauricius,
1305 1655 1367 1675 cum
1393 1648 1508 1675 comiter
1535 1647 1617 1674 multa
1644 1653 1707 1674 cum

921 1695 1049 1730 episcopo
1060 1698 1133 1721 esset
1146 1693 1306 1724 collocutus.
1322 1698 1349 1721 et
1366 1700 1427 1721 cum
1447 1692 1501 1725 his,
1527 1692 1574 1728 qui
1599 1699 1651 1720 una
1676 1692 1713 1719 ad

923 1751 1077 1779 exorandus
1093 1750 1229 1779 Romanos
1246 1754 1388 1783 venerant,
1415 1749 1484 1776 bona
1511 1749 1563 1776 ﬁde
1584 1748 1715 1783 utrinque

922 1796 1097 1832 jurejurando
1112 1797 1229 1830 ﬁrmata,
1252 1804 1313 1825 eum
1332 1796 1488 1824 renuntiare
1503 1794 1585 1830 jussit
1601 1794 1708 1829 Bigani,

923 1844 946 1871 si
958 1851 988 1871 se
1003 1843 1133 1871 Romanis
1153 1844 1283 1876 traderet,
1297 1843 1324 1870 in
1338 1842 1441 1878 majore
1453 1842 1555 1869 honore
1568 1848 1629 1868 eum
1641 1842 1713 1875 apud

924 1890 1062 1918 Romanos
1073 1889 1204 1921 futurum.
1222 1896 1304 1924 quam
1326 1896 1397 1915 nunc
1421 1887 1492 1923 apud
1505 1887 1603 1914 Persas
1622 1886 1669 1919 sit,
1686 1891 1714 1913 et

923 1935 1122 1970 possessionem
1141 1934 1223 1968 duplo
1249 1933 1408 1968 ampliorem
1434 1937 1462 1959 et
1483 1931 1602 1958 omnium
1622 1938 1712 1957 rerum

923 1980 1089 2008 afﬂuentiam
1105 1984 1249 2006 nacturum
1263 1987 1271 2012 ;
1287 1978 1417 2014 pluraque
1434 1977 1497 2010 alia,
1515 1977 1613 2011 quibus
1634 1976 1712 2003 illum

923 2026 1054 2058 alliceret,
1069 2025 1208 2058 dictitans,
1232 2024 1334 2051 dimlsit
1348 2023 1517 2051 sacerdotem
1536 2027 1564 2050 et
1586 2029 1645 2056 eos,
1665 2023 1713 2057 qui

923 2079 985 2100 cum
1003 2079 1036 2100 eo
1059 2075 1146 2103 erant,
1167 2075 1196 2098 ut
1213 2070 1240 2098 in
1256 2073 1350 2097 urbem
1366 2074 1578 2096 reverterentur.
1598 2068 1652 2096 Sed
1667 2069 1712 2096 Bi-

924 2118 1001 2154 ganis
1015 2124 1120 2146 summa
1133 2121 1192 2144 erat
1206 2123 1270 2151 erga
1285 2122 1374 2149 regem
1387 2120 1415 2142 et
1437 2114 1630 2149 rempublicam
1647 2114 1712 2142 Per-

924 2171 1014 2192 sarum
1028 2163 1163 2196 voluntas,
1174 2165 1201 2190 et
1215 2169 1312 2197 magna
1323 2161 1374 2189 loci
1388 2160 1494 2188 ﬁducia.
1510 2159 1603 2194 Itaque
1614 2166 1712 2195 quam-

86 2209 138 2244 τὴν
151 2208 180 2235 δέ
194 2208 223 2242 ἐξ
238 2207 326 2243 ἀρχῆς
337 2206 461 2234 δουλείαν
471 2205 637 2241 τιμιωτέραν
652 2206 776 2242 ἡγήσατο
790 2205 873 2232 πλού-

927 2210 966 2237 vis
982 2209 1116 2237 barbarus
1132 2212 1216 2241 esset,
1231 2206 1356 2234 maximis
1372 2205 1495 2233 Mauricii
1514 2205 1594 2240 126
1609 2204 1712 2239 pollici-

87 2263 146 2283 του.
162 2254 269 2282 Στέλλει
281 2253 309 2280 δὲ
322 2250 401 2285 αὖθις
414 2252 450 2279 τὰ
460 2253 489 2284 ἐς
503 2251 645 2286 ἁγιστείαν
653 2251 700 2278 τοῦ
715 2251 784 2278 Θεοῦ
798 2252 873 2278 ἀνει-

90 2301 169 2337 μένα,
185 2298 405 2336 περιρραντήρια
429 2306 459 2324 τε
485 2298 532 2324 καὶ
557 2296 710 2332 ἐκπώματα
735 2296 783 2323 καὶ
806 2296 874 2324 ἀλλα

88 2348 138 2375 ὅσα
158 2346 365 2382 τιμαλφέστατα
388 2344 487 2380 σκεύη,
504 2344 541 2376 ὡς
557 2344 721 2379 Μαυρίκιον,
747 2343 874 2379 καθάπερ

89 2394 185 2430 ἀμέλει
198 2393 284 2427 λύτρα
295 2391 390 2419 τούτου
402 2390 449 2417 τοῦ
463 2389 593 2425 φρουρίου
602 2389 689 2416 ταῦτα
698 2389 874 2424 ὑποδέχεσθαι

90 2439 248 2471 ἀντιϐολῶν,
270 2437 320 2474 τὴν
344 2437 502 2473 πολιορκίαν
525 2436 722 2464 καταλύσοντα.
755 2435 836 2472 ’Λτὰρ
858 2436 873 2462 ό

91 2485 243 2522 στρατηγὸς
260 2484 355 2520 ἐπειδὴ
375 2483 463 2511 ταῦτα
485 2482 627 2516 ἐθεάσατο,
651 2483 681 2509 οὐ
704 2483 871 2518 προσήκατο,

91 2530 183 2558 καίτοι
200 2528 312 2565 ἐρίτιμα
321 2528 344 2544 ³⁸
359 2528 527 2563 τυγχάνοντα
539 2535 545 2542 ·
555 2527 631 2562 ἥξειν
643 2527 698 2562 γὰρ
712 2527 832 2562 ἔφασκεν
842 2526 873 2554 οὐ

90 2576 125 2603 τὰ
141 2575 202 2612 ίερὰ
222 2573 378 2602 σκυλεύσων
389 2573 450 2601 οὒτε
465 2572 518 2608 μὴν
541 2573 652 2608 Χριστῷ
672 2573 873 2608 μαχησόμενος,

90 2622 158 2650 ἀλλὰ
172 2622 221 2649 σὺν
237 2620 347 2656 Χριστῷ
362 2619 534 2654 πολεμήσων,
551 2618 598 2645 καὶ
613 2618 713 2653 μᾶλλον
730 2618 875 2654 ἐξαιρησό-

92 2677 171 2704 μενος
186 2667 248 2700 τοὺς
260 2665 404 2702 ὁμοδόξους
425 2664 493 2700 πρὸς
513 2663 568 2691 τῶν
582 2664 642 2699 ζούκ
659 2664 727 2699 ὀρθὰ
744 2664 873 2700 φρονούν-

925 2254 1072 2284 tationibus
1086 2253 1197 2280 minime
1210 2259 1290 2280 aures
1304 2251 1428 2287 praebuit,
1451 2258 1538 2286 neque
1553 2251 1588 2278 ab
1601 2250 1713 2278 honesto

925 2299 1049 2329 recessit.
1067 2298 1171 2327 Justam
1185 2298 1258 2326 enim
1272 2302 1299 2325 et
1314 2296 1462 2332 legitimam
1478 2296 1634 2323 servitutem
1648 2301 1712 2329 erga

927 2354 1001 2379 eum,
1021 2345 1066 2380 qui
1090 2351 1174 2380 regno
1193 2347 1319 2379 pmerat,
1343 2343 1422 2378 longe
1446 2341 1548 2369 divitiis
1580 2339 1713 2368 honoriil-

926 2392 1074 2421 centiorem
1093 2390 1179 2419 duxit.
1207 2389 1387 2423 Quamobrem
1411 2389 1508 2416 iterum
1533 2385 1713 2421 aquitninaria

927 2443 954 2467 et
970 2438 1066 2474 pocula
1082 2442 1110 2464 et
1131 2437 1182 2464 alia
1201 2436 1362 2471 pretiosiora
1378 2442 1453 2468 vasa,
1480 2440 1542 2469 quae
1557 2433 1603 2460 Dei
1628 2430 1713 2459 cultui

927 2484 1122 2516 inserviebam,
1140 2483 1173 2509 ad
1187 2481 1346 2509 Mauricium
1362 2481 1446 2511 misit.
1459 2487 1551 2511 orans,
1569 2483 1598 2506 ut
1613 2485 1645 2505 ea
1662 2484 1714 2511 pro

927 2530 1018 2566 oppidi
1034 2529 1219 2563 redemptione
1235 2531 1354 2555 sumeret
1367 2531 1395 2553 et
1415 2525 1449 2553 ab
1471 2524 1613 2552 obsidione
1641 2523 1714 2550 desi-

928 2581 1022 2606 steret.
1054 2574 1107 2603 Sed
1133 2575 1187 2602 dux
1215 2573 1259 2601 ubi
1287 2573 1344 2600 haec
1368 2572 1445 2605 vidit,
1469 2570 1593 2606 quamvis
1622 2568 1713 2603 magni

928 2622 1007 2657 pretii
1027 2624 1128 2653 essent,
1151 2624 1240 2646 tamen
1262 2617 1436 2652 contempsit.
1463 2615 1528 2643 Illuc
1549 2614 1622 2642 enim
1645 2613 1714 2641 dixit

930 2677 960 2697 se
975 2668 1090 2699 venisse,
1106 2674 1158 2694 non
1172 2670 1201 2692 ut
1214 2671 1290 2692 sacra
1308 2663 1451 2698 expilaret,
1471 2665 1516 2689 aut
1530 2660 1639 2689 Christo
1654 2659 1712 2688 bel-

715 2731 830 2761 VARIAS
846 2733 1049 2764 LECTIONES.

127 2788 315 2827 Vinosae?)
328 2788 399 2827 Vala
410 2788 447 2827 Ξά
461 2787 582 2827 Χοσδρίὶ)
593 2788 666 2827 vuls-
703 2790 725 2806 “
747 2792 836 2826 μεῖναι
856 2792 902 2827 Νι,

946 2793 1020 2824 είνας
1037 2791 1110 2827 vuig.
1149 2792 1171 2808 "
1186 2791 1233 2825 ἀφ’
1250 2788 1348 2827 ἐαυτοῦ
1364 2788 1396 2816 Η.
1409 2824 1415 2827 _
1434 2788 1457 2805 "
1468 2787 1624 2827 Κιβαρίςων
1640 2786 1711 2827 Val._.

93 2821 245 2864 gtOdeiCﬁiy
258 2821 345 2864 “"8;
367 2824 392 2864 ’ξ
410 2821 575 2864 ᾌΡεανηνῆς
588 2821 660 2861 γυῐέ.
697 2826 721 2843 ⁸⁸
736 2821 874 2863 ἇπαγωγᾰ
888 2821 963 2864 vuig.
1001 2821 1025 2844 ’δ
1035 2821 1171 2863 ἐμπορίας
1191 2821 1263 2861 vulg.
1280 2826 1303 2842 ⁸⁷
1311 2824 1415 2860 ἕτοιμοί
1425 2832 1456 2859 γε
1470 2821 1554 2859 νυΙεξ,
1571 2823 1612 2850 ἔτι
1627 2829 1658 2857 γε
1671 2821 1712 2858 μὴ

92 2861 126 2889 ιι,
161 2859 185 2878 δ’*
198 2859 369 2896 ὲρίτιμαῚίη
385 2859 508 2895 ἐρύτημα
524 2860 596 2894 vult;-
