1951 3074
241 149 296 179 839

680 143 876 174 EXCERPTA
894 144 945 174 EX
965 143 1179 174 MENANDRO
1198 144 1446 174 PROTECTORE

1818 146 1870 177 840

243 203 298 228 Ιιιηι
316 201 429 233 faceret,
454 199 501 226 sed
530 199 618 234 potius
644 203 672 225 ut
697 197 806 226 Christo
833 199 981 233 opitulante
1006 204 1033 225 et

1083 207 1137 225 των
1149 199 1272 234 Περσῶν,
1287 197 1353 226 Εἶτα
1370 200 1399 226 ἐν
1413 201 1562 236 ἀπορρήτῳ
1584 201 1658 233 ἔλεξε
1675 201 1714 236 τῷ
1738 202 1871 237 ἱερουργῷ

240 248 347 273 favente
361 245 458 271 bellum
474 249 588 279 gereret,
615 247 643 271 et
666 247 738 270 recta
755 243 788 270 de
812 243 863 271 (ide
887 244 1034 271 sentientes

239 295 333 317 contra
349 291 459 322 Persas,
487 290 531 323 qui
557 297 572 316 a
588 297 650 316 vera
673 289 718 316 Dei
747 289 899 322 cognitione
921 290 1032 316 aberra-

238 337 315 367 bant,
334 340 465 362 tueretur.
482 335 582 362 Deinde
596 335 718 370 quamam
735 339 840 361 secreto
855 341 918 361 cum
934 341 1030 362 sacer—

240 384 314 416 dote,
330 391 389 418 qua:
405 383 438 410 ad
454 382 603 417 negotium,
619 382 690 417 quod
707 382 777 409 inter
789 388 837 408 cos
849 381 1028 414 tractabatur,

240 429 423 463 pertinebant,
437 428 597 460 collocutus,
615 428 762 459 concessit,
777 431 806 453 ut
823 434 916 454 rursus
938 427 963 454 in
979 434 1029 461 op-

240 474 332 508 pidum
355 474 464 500 rediret.
483 472 623 500 Postremo
644 478 675 499 ut
696 480 791 500 rursus
812 472 940 500 sacerdos
965 472 1032 500 exiit

241 518 307 545 nihil
332 518 490 552 quidquam,
517 517 587 552 quod
607 524 640 544 ex
670 524 698 544 rc
722 522 804 550 esset,
830 517 956 551 aﬂerens,
983 517 1030 545 sed

1084 245 1134 271 ὅσα
1149 245 1244 280 ἐχρῆν,
1258 246 1431 281 συνεχώρησέ
1458 255 1486 272 τε
1498 247 1578 279 αὖθις
1593 247 1659 274 εἴσω
1678 247 1806 281 γενέσθαι
1825 248 1870 274 τοῦ

1083 289 1225 324 φρουρίου.
1246 290 1290 321 Ὠς
1304 290 1333 318 δὲ
1364 290 1485 325 ἐπανῆκε
1501 291 1532 317 τὸ
1547 291 1704 318 τελευταῖον
1720 293 1735 318 ό
1753 292 1843 326 ἱερεὺς
1859 293 1872 318 ό

1083 336 1232 371 βάρὸαρος,
1257 336 1304 362 καὶ
1317 336 1393 363 οὐδὲν
1410 336 1499 363 ότιοῦν
1521 338 1548 369 ἐς
1571 338 1602 363 τὸ
1629 337 1671 364 ἰθὺ
1693 338 1741 372 τῆς
1759 337 1871 372 γνώμης

1082 381 1245 415 ἐξθέγξατο,
1257 382 1285 413 ἐς
1301 382 1456 410 τούναντίον
1470 383 1519 418 μὲν
1534 381 1581 409 οὖν
1592 383 1626 409 τὰ
1637 383 1750 418 Περσῶν
1767 383 1872 417 ἐπεφώ-

1083 435 1148 461 ρατο
1163 427 1364 463 ἀσπαζόμενος,
1386 428 1605 463 ξυλλαμϐάνεται
1627 429 1677 464 μὲν
1700 430 1748 462 ὅγε
1776 429 1825 456 καὶ
1849 431 1872 456 οἱ

1083 473 1129 505 ξὺν
1145 473 1230 509 αὐτῷ,
1246 471 1324 505 αὖθις
1351 474 1380 501 δὲ
1396 475 1419 490 η
1445 475 1679 510 ἐγκελευσαμένου
1701 475 1748 502 τοῦ
1775 483 1873 511 στρατ-

1085 519 1164 554 ηγοῦ,
1177 520 1281 554 είχοντο
1293 520 1343 555 τῆς
1356 520 1515 556 πολιορκίας
1529 521 1712 566 οίςΡωμαῖοι.

240 567 334 598 aperte
346 561 493 590 Persarum
507 562 588 589 rebus
607 561 721 594 faveret,
745 562 801 596 ipse
821 567 848 590 et
865 562 911 597 qui
939 569 1000 589 cum
1015 570 1048 591 co
1067 569 1143 591 erant
1160 563 1238 598 jussu
1256 565 1333 593 ducis
1348 566 1374 593 in
1390 567 1495 594 vincula
1513 561 1629 602 coniecti
1644 573 1718 596 sunt.
1754 568 1873 597 Romani

239 617 304 638 vero
318 609 487 637 obsidionem
506 607 708 635 cominuarunt.

278 659 322 686 29.
344 658 419 685 ltalia
439 662 494 685 tota
512 656 568 684 fere
585 664 599 683 a
622 656 808 690 Longobardis
830 661 871 684 est
891 664 985 684 eversa
1001 663 1029 685 et

242 705 340 731 diruta.
353 704 445 737 Itaque
455 701 577 729 nonnulli
591 709 624 729 ex
639 706 736 729 senatu
748 703 847 729 veteris
857 702 950 730 Romae
965 711 1026 730 cum

241 750 401 785 quibusdam
412 749 610 780 sacerdotibus,
623 755 691 783 quos
703 749 747 782 qui
761 756 875 776 summa;
888 756 1026 777 sacrorum

1118 659 1170 687 κθ’.
1185 659 1246 686 Ὀτι
1266 659 1365 686 Ἰταλία
1388 660 1467 687 ἐπὶ⁸⁰
1490 661 1544 687 τῶν
1557 661 1753 698 Λογγιόἀρδων
1775 665 1871 699 σχεδὸν

1082 703 1177 730 ἅπασα
1195 704 1377 747 ἐπεπόρθητο.
1403 705 1449 732 At?)
1473 706 1567 741 δήκαὶ
1594 707 1626 734 ἐκ
1640 708 1689 742 τῆς
1717 710 1869 745 συγκλήτου

1083 749 1182 784 βουλῆς
1202 750 1251 785 τῆς
1277 751 1466 786 πρεσϐυτέρας
1486 751 1594 788 Ῥώμης
1616 754 1676 788 ἅμα
1698 754 1818 790 ίερεῦσιν
1838 757 1870 783 ἐκ

242 799 359 831 przeerat
379 794 558 828 delegaverat,
581 793 615 820 ad
643 794 834 828 imperatorem
850 794 930 829 legati
947 802 1028 823 vene-

295 845 302 849 .
326 848 331 849 ,
356 847 361 849 Α
504 839 544 849 ,εκ
565 839 684 849 μαι-,η
892 840 908 849 η
938 841 980 849 ,η

1081 795 1127 821 τοῦ
1145 796 1317 831 προεστῶτος
1333 796 1404 833 [τῆς]
1419 797 1548 834 ὲνῬώμῃ
1561 799 1615 826 τῶν
1632 800 1713 835 ιερῶν
1724 801 1866 835 πεμφθέν-

241 845 306 868 runt
320 844 442 871 orantes,
457 843 485 866 nt
503 839 545 866 liis
564 839 687 874 partibus
706 840 873 868 subveniret.
892 840 944 868 Sed
961 841 1025 869 Per-

241 887 327 914 sicum
342 885 440 913 bellum
452 885 503 912 hoc
519 890 640 920 tempore
652 886 677 912 in
691 885 818 913 Armenia
832 891 859 914 et
875 887 902 914 in
919 887 1031 915 Oriente

240 937 309 964 erat,
328 931 398 966 quod
432 939 484 958 non
503 931 583 958 modo
611 939 664 958 non
687 931 904 965 intermittebat.
928 933 982 961 imo
1003 933 1030 960 in

241 977 422 1004 ar-lentiorcm
434 977 638 1004 contentionem
650 978 867 1012 ingravescrbat.
879 978 917 1006 Eo
929 979 1030 1007 factum

240 1028 292 1055 est,
311 1027 339 1049 ut
351 1022 500 1057 imperator
511 1022 599 1049 nullas
612 1023 722 1050 idoneas
738 1024 840 1058 copias,
855 1031 914 1058 quae
925 1024 1029 1052 illarum

242 1066 357 1099 partium
384 1066 464 1093 rebus
494 1066 668 1094 sublevandis
697 1067 863 1100 suﬂicerem,
895 1069 1025 1097 mitteret.

244 1109 436 1138 Verumtamen
470 1111 586 1145 delectu,
612 1116 642 1138 ut
667 1119 711 1139 res
735 1113 805 1146 tulit,
825 1113 926 1146 habito,
949 1121 1031 1142 exer-

243 1156 340 1189 citum,
359 1164 440 1190 quem
459 1157 557 1190 potuit,
574 1156 659 1189 misit,
680 1161 763 1192 atque
777 1159 859 1185 etiam
876 1167 957 1187 omne
969 1166 1028 1187 stn-

244 1201 316 1228 ilium
333 1206 359 1228 et
378 1202 543 1236 diligentiam
566 1203 701 1235 adhibuit,
719 1211 772 1238 quo
789 1204 1028 1239 Longobardorum

244 1247 326 1274 duces
344 1247 422 1273 donis
441 1247 635 1279 demereretur,
653 1255 721 1283 quos
737 1257 833 1283 magna
852 1250 904 1278 illis
919 1253 1029 1286 prtemia

244 1291 436 1323 retributurus,
452 1293 485 1318 ad
503 1300 567 1320 suas
582 1299 672 1328 partes
687 1295 851 1322 traduceret.
863 1295 957 1330 Itaque
974 1298 1029 1332 ple.

243 1337 320 1371 rique
340 1344 373 1364 ex
402 1337 641 1373 Longobardorum
668 1339 835 1375 principibus
851 1361 859 1375 ,
886 1342 1028 1377 largitione

243 1383 419 1418 imperatoris
442 1389 565 1419 accepta,
585 1385 618 1412 ad
638 1384 774 1414 Romanos
789 1386 956 1415 defecerunt.

277 1515 321 1542 50.
349 1515 483 1551 Bajanus,
513 1516 632 1544 Avarum
656 1517 803 1552 chaganus,
831 1519 928 1546 eodem
957 1528 1026 1548 anno

245 1560 394 1595 Targitium
411 1561 443 1588 ad
460 1562 665 1596 imperatorem,
683 1563 728 1597 qui
743 1565 866 1598 praestari
885 1565 965 1592 solita
980 1566 1027 1592 sti-

245 1606 342 1640 pemlia
357 1606 488 1640 exigeret,
509 1607 583 1634 misit
602 1608 690 1642 (erant
705 1613 793 1635 autem
815 1610 951 1644 octoginta
968 1611 1026 1638 mil«

244 1651 277 1676 lia
302 1659 484 1683 nummorum.
509 1660 569 1686 quae
592 1655 739 1688 quotannis
764 1655 975 1692 pendebantur),
1002 1661 1029 1684 et

243 1697 288 1724 ubi
310 1704 371 1723 cum
391 1697 500 1732 reliquis
518 1699 759 1734 mercibusﬁquas
785 1705 899 1734 emerat,
917 1706 943 1729 et
966 1709 1027 1729 cum

243 1749 310 1770 auro
331 1742 364 1769 ad
382 1743 456 1770 illum
479 1744 608 1777 redierat,
635 1745 778 1778 barbarus,
797 1746 870 1774 nulla
885 1748 1028 1776 occasione

244 1793 291 1815 aut
305 1795 386 1816 causa
402 1789 531 1822 conficta,
543 1797 577 1816 ne
591 1789 688 1818 falsam
704 1792 812 1826 quidem
825 1793 1026 1821 accusationem

237 1835 270 1860 .in
284 1833 421 1862 Romanos
435 1835 607 1863 comminisci
626 1837 763 1871 dignatus,
783 1838 1027 1872 impudentissime,

241 1880 286 1915 qui
300 1881 424 1908 barbaris
443 1881 523 1916 127
533 1889 591 1910 mos
605 1887 657 1914 est,
672 1883 787 1917 foedera,
798 1892 857 1918 qua:
869 1893 930 1912 cum
947 1885 1027 1913 Tibe-

242 1926 284 1952 rio
299 1926 378 1953 initio
395 1926 454 1961 ejus
472 1928 578 1962 imperii
597 1927 709 1960 fecerat.
732 1930 816 1964 rupit,
828 1934 857 1957 et
876 1938 937 1958 cum
954 1932 1027 1958 omni

241 1972 361 1999 exercitu
397 1979 509 2000 movens
534 1973 568 2000 ad
603 1974 703 2002 Savum
733 1974 844 2002 ﬂuvium
876 1976 946 2004 inter
970 1976 1029 2004 Sir—

243 2017 326 2044 mium
356 2018 483 2052 oppidum
511 2019 575 2054 (ltoc
607 2027 640 2047 ex
661 2019 766 2047 insidiis
797 2028 893 2055 capere
918 2022 1028 2056 cogita—

243 2064 299 2098 bat)
327 2067 354 2090 et
370 2062 548 2099 Singedonem
565 2070 653 2092 castra
676 2066 762 2100 ponit,
776 2070 805 2093 et
821 2066 932 2094 ﬂuvium
946 2073 1028 2102 ponte

240 2107 354 2143 jungere
367 2109 490 2143 suscipit.
509 2108 576 2136 Curti
587 2114 676 2137 autern
692 2111 809 2145 timeret,
821 2119 855 2139 ne
871 2120 886 2139 a
899 2112 1028 2142 Romanis

1081 849 1134 867 των
1151 840 1242 873 τινῶν,
1260 842 1442 876 παρεγένοντο
1453 844 1666 880 πρεσϐευόμενοι
1679 845 1717 877 ὡς
1732 847 1778 874 τὸν
1789 847 1868 874 αὑτο-

1081 886 1212 921 κράτορα,
1239 887 1296 918 τοῖς
1319 888 1407 914 ἐκεῖσε
1431 889 1543 923 μέρεσιν
1570 890 1735 926 ἐπαρκέσαι.
1767 892 1840 919 Ἀλλ’
1855 895 1869 920 ὁ

1082 931 1217 966 Περσικὸς
1234 932 1352 967 πόλεμος
1367 935 1396 960 ἐν
1418 934 1549 970 Ἀρμενίᾳ
1572 943 1602 962 τε
1624 937 1694 963 κατὰ
1706 938 1805 964 ταυτὸν
1822 940 1869 966 καὶ

1081 977 1110 1007 ἐς
1127 977 1162 1004 τὰ
1177 978 1241 1012 περὶ
1254 978 1304 1013 τὴν
1321 978 1392 1013 ἐῴαν
1408 979 1578 1015 ξυνεστηκώς
1591 990 1620 1008 τε
1633 982 1682 1008 καὶ
1697 983 1747 1010 οὐκ
1760 984 1869 1020 ἀπολή-

1080 1029 1147 1054 γων,
1169 1021 1269 1056 μᾶλλον
1283 1022 1332 1057 μὲν
1347 1020 1393 1049 οὖν
1409 1024 1456 1050 ἐπὶ
1467 1024 1501 1050 τὰ
1519 1024 1631 1059 μείζονα
1646 1027 1765 1063 δυσχερῆ
1779 1028 1868 1056 ἐκτει-

1080 1066 1202 1102 νόμενος,
1229 1069 1357 1103 οὐδεμίαν
1372 1070 1512 1104 ἀξιόλογον
1536 1072 1711 1108 συνεχώρησε
1736 1075 1869 1109 στρατιάν

1080 1121 1110 1139 τε
1123 1114 1169 1140 τὸν
1180 1114 1379 1151 αὐτοκράτορα,
1389 1116 1449 1142 οὐδὲ
1466 1116 1520 1151 μὴν
1529 1118 1694 1152 ἀποχρῶσαν
1705 1121 1761 1151 τοῖς
1776 1121 1869 1147 ἐκεῖσε

1081 1160 1224 1194 πράγμασι
1248 1160 1362 1196 δύναμιν
1389 1162 1501 1189 στεῖλαι.
1526 1163 1622 1198 Ὅμως
1648 1164 1675 1191 δὲ
1697 1165 1744 1191 καὶ
1763 1166 1795 1192 ἐκ
1814 1167 1869 1192 τιίν

1082 1205 1223 1239 παρόντων
1237 1214 1266 1231 τε
1280 1207 1328 1232 καὶ
1340 1206 1522 1242 ἐνδεχομένων
1535 1207 1691 1244 στράτευμα
1707 1209 1870 1246 ξυναγείρας

1080 1249 1205 1277 ἔστελλεν
1224 1252 1238 1277 ό
1263 1251 1388 1286 βασιλεύς
1398 1260 1405 1266 ·
1420 1252 1468 1278 καὶ
1486 1253 1534 1288 τὴν
1547 1253 1632 1289 ἀλλην
1648 1254 1752 1281 ἐτίθετο
1766 1255 1868 1291 ἐπιμέ-

1080 1296 1154 1323 λειάν
1169 1305 1198 1323 τε
1216 1298 1264 1324 καὶ
1282 1298 1401 1333 σπουδὴν
1411 1318 1419 1331 ,
1435 1298 1462 1325 εἴ
1475 1293 1535 1330 trib;
1554 1308 1629 1333 τινας
1641 1300 1696 1327 τῶν
1709 1302 1869 1336 ἡγουμένων

1079 1341 1127 1368 τοῦ
1145 1342 1339 1378 Λογγιὸἁρδων
1354 1343 1447 1376 ἔθνους
1460 1344 1620 1380 δεξιώσηται
1637 1346 1734 1381 δώροις
1752 1348 1869 1374 ὑποπεὲ-

1081 1387 1134 1414 θων
1149 1388 1195 1414 καὶ
1211 1388 1342 1423 μεγίστας
1356 1389 1591 1424 ἐπαγγελλόμενος
1605 1390 1731 1425 χάριτας.
1750 1392 1820 1427 Ἤδη
1835 1401 1865 1418 τε

1080 1433 1201 1459 πλεῖστοι
1225 1433 1280 1460 τῶν
1311 1434 1431 1462 δυνατῶν
1450 1435 1619 1470 μετετίθεντο
1633 1437 1671 1469 ὡς
1691 1438 1847 1472 Ῥωμαίους
1859 1458 1867 1470 ,

1041 1485 1063 1516 C
1079 1479 1128 1513 τὴν
1151 1480 1184 1505 ἐκ
1208 1480 1255 1505 τοῦ
1272 1480 1471 1516 αὐτοκράτορος
1485 1481 1618 1515 ὠφέλειαν
1640 1483 1864 1518 προσδεχόμενοι.

1115 1524 1146 1552 λ’.
1163 1524 1225 1551 Ὅτι
1240 1525 1353 1558 Βαῖανὺς
1373 1526 1449 1553 ὁτῶν
1467 1527 1620 1562 Ἀϐἀρων⁸¹
1637 1528 1768 1562 χαγάνος,
1789 1529 1868 1556 οὐδε.

1081 1571 1145 1605 μιᾶς
1173 1571 1301 1606 ἀφορμῆς
1322 1570 1338 1606 ἢ
1363 1572 1488 1607 σκήψεως
1515 1572 1675 1608 λαδόμενος,
1701 1574 1761 1600 οὐδὲ
1778 1574 1865 1610 ψευδῆ

1079 1615 1145 1650 γοῦν
1160 1617 1229 1643 κατὰ
1244 1617 1387 1652 Ῥωμαίων
1402 1618 1491 1645 αἰτίαν
1507 1618 1624 1650 ἀξιώσας
1641 1620 1702 1647 τινὰ
1717 1621 1865 1654 συνθεῖναι,

1079 1661 1146 1688 ἀλλὰ
1161 1662 1215 1697 γὰρ
1237 1663 1285 1689 καὶ
1308 1663 1379 1690 κατὰ
1395 1665 1453 1691 τόδε
1468 1665 1569 1699 ὁμοίως
1583 1666 1614 1692 τὺ
1637 1665 1696 1698 ἔτος
1718 1667 1866 1702 Ταργίτιον

1080 1709 1147 1741 πρὸς
1163 1707 1276 1742 βασιλέα
1290 1708 1408 1742 στείλας,
1420 1709 1458 1741 ὡς
1472 1710 1505 1736 τὰ
1524 1712 1705 1747 συνταχθέντα
1721 1714 1867 1748 κομίσαιτο

1078 1750 1133 1776 τῶν
1152 1752 1303 1786 χρημάτων
1329 1753 1503 1788 (ὀγδοήκοντα
1516 1755 1544 1781 δὲ
1559 1756 1677 1790 χιλιάδες
1689 1758 1812 1793 ὑπῆρχον
1826 1761 1867 1791 εἰς

1078 1796 1138 1829 ἔτος
1165 1798 1280 1825 ἕκαστον
1305 1800 1505 1836 νομισμάτων),
1531 1803 1624 1838 ἐπειδὴ
1647 1804 1692 1830 τόν
1721 1812 1751 1830 τε
1784 1805 1866 1832 ἄλλον

1079 1843 1188 1879 φόρτον,
1217 1844 1245 1870 ὃν
1261 1846 1294 1872 ἐκ
1307 1846 1360 1872 τῶν
1377 1847 1526 1882 χρημάτων
1542 1849 1748 1884 ἐνεπορεύσατο,
1769 1851 1816 1878 καὶ
1835 1851 1867 1877 τὸ

1078 1889 1190 1924 χρυσίον
1203 1890 1272 1925 ἔχων
1285 1891 1422 1926 ἐπανῆκεν
1437 1893 1473 1925 ὡς
1487 1893 1579 1926 αὐτὸν,
1597 1895 1699 1927 ἐκεῖνος
1715 1896 1865 1931 ἀναισχυν-

1078 1936 1177 1964 τότατα
1191 1939 1237 1964 καὶ
1253 1938 1454 1974 βαρϐαρώτατα
1466 1940 1545 1976 ἄφνω
1558 1942 1718 1978 παραλύσας
1733 1943 1783 1976 τὰς
1799 1952 1866 1971 συνο

1079 1982 1175 2016 θήκας,
1199 1982 1232 2014 ἃς
1253 1984 1321 2019 πρὸς
1345 1985 1469 2020 Τιϐέριον
1493 1986 1543 2022 τῆς
1570 1988 1709 2024 Καίσαρος
1730 1989 1866 2017 ἐπιῦάντα

1078 2027 1162 2062 τύχης
1175 2029 1255 2060 εὐθὺς
1277 2029 1306 2057 ὲν
1322 2030 1420 2065 ἀρχαῖς
1445 2033 1601 2066 ἐποιήσατο,
1621 2035 1668 2060 καὶ
1691 2037 1865 2073 πανστρατιᾷ

1078 2074 1204 2108 κινήσας,
1230 2074 1383 2108 ἀφικνεῖται
1412 2077 1482 2104 κατὰ
1508 2078 1539 2114 δὴ
1566 2078 1612 2105 τὸν
1638 2080 1707 2106 Σάον
1728 2081 1864 2116 ποταμὸν,

1080 2119 1182 2154 μεταξὺ
1198 2120 1312 2155 Σιρμίου
1328 2122 1431 2154 πόλεως
1447 2123 1494 2150 καὶ
1509 2124 1681 2159 Σιγγηδόνος.
1707 2127 1762 2153 Καὶ
1778 2135 1863 2162 γεφυ-

244 2153 424 2187 impediretur
452 2156 498 2189 qui
529 2153 685 2190 Singedone
712 2156 736 2183 in
771 2158 904 2192 prasidiis
933 2164 1026 2191 erant.

1081 2164 1143 2200 ροῦν
1164 2153 1301 2202 ἐπεχείρει
1317 2167 1364 2193 τὸν
1381 2153 1456 2202 ῥοῦν,
1473 2153 1669 2197 ἐπιϐουλεύων-
1685 2171 1735 2206 μὲν
1759 2153 1865 2208 Σίρμίῳ

244 2198 361 2225 maxime
376 2199 448 2234 quod
473 2200 588 2227 multum
602 2208 680 2228 usum
705 2207 732 2229 et
755 2203 898 2230 scientiam
915 2205 1023 2232 navium

244 2242 364 2270 ﬂuminis
376 2244 521 2279 habebant,
529 2240 668 2273 consilium
680 2255 769 2281 suum,
780 2253 922 2284 antequam
933 2250 960 2278 in
971 2251 1026 2278 vul-

241 2296 291 2323 gus
312 2289 504 2323 iunotesceret,
525 2296 714 2326 exsecuturus,
731 2294 812 2321 multa
833 2296 953 2323 vectoria
967 2305 1026 2332 gra-

242 2335 339 2369 viaque
358 2335 464 2370 navigia
479 2336 505 2363 in
522 2335 591 2364 Istro
610 2345 658 2372 per
672 2339 840 2373 superiorem
855 2340 1023 2371 Pannoniam

241 2380 340 2415 coegit,
358 2387 391 2407 ex
405 2381 514 2416 quibus,
533 2389 709 2418 quaecumque
721 2385 842 2412 nancisci
859 2387 955 2420 potuit,
972 2395 1023 2415 non

241 2427 349 2462 quidem
367 2428 400 2455 ad
420 2429 486 2456 artis
502 2429 610 2456 navium
632 2430 851 2459 asditicandarum
879 2434 1022 2467 rationem,

243 2479 332 2502 tamen
353 2481 435 2502 naves
459 2481 490 2502 ea
514 2476 709 2511 magnitudine,
731 2482 761 2505 ut
782 2479 816 2506 ad
842 2479 940 2507 bellum
954 2487 1023 2516 aptae

241 2524 343 2554 essent,
363 2520 506 2554 exstruxit.
523 2526 550 2549 et
570 2530 616 2550 eas
633 2523 789 2552 hominibus
809 2527 920 2555 armatis
937 2533 964 2556 et
982 2537 1023 2556 re-

242 2566 358 2602 migibus
374 2567 512 2600 instruxit,
532 2569 578 2604 qui
595 2570 739 2598 barbarum
765 2571 791 2598 in
810 2579 912 2600 morem
933 2575 1024 2602 incon-

242 2611 306 2639 ditis
329 2611 429 2640 ictibus
447 2621 543 2648 aquam
565 2616 755 2644 verberabant.
771 2617 809 2644 lta
835 2618 913 2646 simul
938 2620 1024 2649 classe

245 2665 342 2692 magno
354 2664 426 2687 motu
438 2659 547 2689 ﬂumine
561 2661 682 2695 derecta.
693 2672 754 2691 cum
769 2665 894 2692 omnibus
906 2665 1023 2695 Avarum

1077 2212 1110 2246 τῇ
1129 2211 1203 2237 πόλει
1233 2213 1279 2238 καί¹
1303 2215 1531 2249 παραστήσασθαι
1551 2216 1654 2252 ταύτην
1679 2217 1862 2253 βουλόμενος·

1079 2256 1171 2289 δείσας
1186 2257 1225 2290 δὲ,
1242 2257 1279 2293 μὴ
1297 2258 1476 2296 διακωλυθείη
1491 2261 1559 2296 πρὸς
1573 2262 1628 2289 τῶν
1647 2263 1790 2298 Ῥωμαίων
1807 2265 1864 2291 τῶν

1079 2303 1314 2337 ἐπιφυλαττόντων
1336 2305 1364 2331 ἐν
1389 2306 1564 2341 Σιγγηδόνι⁶¹
1584 2308 1631 2335 καὶ
1645 2308 1694 2344 τὴν
1713 2309 1745 2335 ἐκ
1761 2309 1863 2336 πολλοῦ

1077 2348 1125 2375 τοῦ
1151 2350 1247 2384 χρόνου
1271 2351 1370 2386 πεῖράν
1386 2360 1416 2378 τε
1434 2353 1481 2379 καὶ
1505 2354 1659 2389 ἐπιστήμην
1675 2356 1704 2381 ἐν
1727 2357 1788 2387 ταῖς
1814 2357 1862 2382 τοῦ

1078 2395 1203 2430 ποταμοῦ
1227 2398 1323 2424 ναυσὶν
1346 2398 1542 2433 ὑπειδόμενος,
1565 2400 1726 2435 βουλόμενός
1752 2409 1781 2427 τε
1810 2402 1864 2436 πρὸ

1077 2441 1124 2467 τοῦ
1133 2441 1155 2457 ⁸³
1169 2441 1218 2477 τὴν
1239 2442 1335 2477 βουλὴν
1353 2445 1382 2475 ἐς
1397 2444 1427 2470 τὸ
1449 2446 1564 2480 φανερὸν
1582 2447 1709 2473 ἐκπεσεῖν
1720 2447 1749 2474 τὸ
1769 2448 1847 2482 ὲγχεί

1078 2494 1155 2522 ρημα
1166 2487 1361 2521 τελεώσασθαι,
1381 2489 1461 2516 πλοῖα
1477 2492 1642 2527 συναγείρας
1658 2493 1730 2519 κατὰ
1744 2493 1794 2527 τὴν
1806 2494 1863 2520 ἄνω

1077 2532 1234 2560 Παννωνίαν
1249 2535 1289 2566 είς
1301 2535 1346 2561 τὸν
1357 2536 1464 2571 Ἵστρον
1477 2537 1563 2564 πολλὰ
1574 2538 1671 2573 βαρέα,
1687 2539 1734 2565 καὶ
1747 2539 1778 2565 οὐ
1791 2539 1864 2564 κατὰ

1077 2577 1156 2612 λόγον
1169 2580 1218 2614 τῆς
1231 2582 1406 2616 ναυπηγικῆς
1419 2582 1526 2617 τέχνης,
1542 2583 1617 2617 ὅμως
1632 2584 1664 2610 ἐκ
1677 2583 1732 2610 τῶν
1748 2584 1862 2610 ἐνόντων

1079 2625 1188 2659 μακρὰς
1221 2627 1467 2662 συμπηξιψενομδ
1492 2629 1687 2663 στρατιώτιδας
1713 2630 1789 2663 ναῦς,
1815 2630 1863 2657 καὶ

1077 2669 1192 2702 πολλοὺς
1209 2671 1238 2698 ἐν
1253 2672 1348 2705 αὐταῖς
1362 2673 1525 2706 ἐπισιόάσας
1538 2675 1648 2706 όπλίτας
1663 2675 1759 2710 ἐρέτας
1772 2684 1814 2708 τε,
1830 2675 1861 2702 οὖ

891 2745 1006 2773 νΑιιιιΕ
1031 2746 1233 2778 LECTIONES.

278 2802 418 2860 Irasci:
434 2805 506 2860 ris-
520 2807 567 2860 νίς
581 2807 1081 2860 “"3:13:...Ilgéfé.?eV.l'--;4§4§s°v
1096 2818 1169 2860 νιιιςς-
1208 2819 1230 2835 σε
1242 2820 1392 2857 mnsam
1649 2825 1672 2842 υ
1685 2825 1737 2860 πρδ
1755 2825 1802 2852 τοῦ
1814 2824 1860 2859 N»

481 2838 494 2849 Γ
771 2846 776 2853 ’
824 2838 830 2847 ι
854 2838 857 2839 ν
894 2838 938 2844 ἡ..
966 2838 1078 2850 ν-Γν--η
1101 2838 1169 2852 ..υθ-
1242 2838 1392 2857 null”vaE
1407 2838 1508 2857 ιιιιξθιιη
1541 2838 1609 2860 Πυδ-

242 2838 310 2872 πρδς
334 2839 419 2874 vulg.,
441 2848 506 2875 πριν
520 2841 579 2869 Val.
613 2843 635 2859 “
651 2846 862 2881 συμπηξαμενος
879 2847 922 2882 H.,
940 2849 1086 2887 ἀμπηξάμ.
1104 2854 1177 2889 vulg.
1600 2871 1609 2881 ν
