  <div class='ocr_page' id='page_1' title='image "/cluster/home/n/w/nwhite01/storage/ocr_20150623/113/njp.32101077772968/480.png"; bbox 0 0 1951 3074; ppageno 0'>
   <div class='ocr_carea' id='block_1_1' title="bbox 146 144 200 174">
    <p class='ocr_par' dir='ltr' id='par_1_1' title="bbox 146 144 200 174">
     <span class='ocr_line' id='line_1_1' title="bbox 146 144 200 174; baseline 0.019 -1"><span class='ocrx_word' id='word_1_1' title='bbox 146 144 200 174; x_wconf 70' lang='lat'><strong>853</strong></span> 
     </span>
    </p>
   </div>
   <div class='ocr_carea' id='block_1_2' title="bbox 556 136 1411 171">
    <p class='ocr_par' dir='ltr' id='par_1_2' title="bbox 556 136 1411 171">
     <span class='ocr_line' id='line_1_2' title="bbox 556 136 1411 171; baseline -0.007 0"><span class='ocrx_word' id='word_1_2' title='bbox 556 141 605 171; x_wconf 89' lang='lat' dir='ltr'><strong>DE</strong></span> <span class='ocrx_word' id='word_1_3' title='bbox 625 139 908 170; x_wconf 81' lang='lat' dir='ltr'><strong>LEGATlONlBUS</strong></span> <span class='ocrx_word' id='word_1_4' title='bbox 929 138 1173 168; x_wconf 65' lang='grc' dir='ltr'><strong>ίίΟΜΑΝΟῐὶυΜ</strong></span> <span class='ocrx_word' id='word_1_5' title='bbox 1189 137 1238 168; x_wconf 84' lang='lat' dir='ltr'><strong>AD</strong></span> <span class='ocrx_word' id='word_1_6' title='bbox 1252 136 1411 167; x_wconf 86' lang='lat' dir='ltr'><strong>GENTES.</strong></span> 
     </span>
    </p>
   </div>
   <div class='ocr_carea' id='block_1_3' title="bbox 1713 130 1765 163">
    <p class='ocr_par' dir='ltr' id='par_1_3' title="bbox 1713 130 1765 163">
     <span class='ocr_line' id='line_1_3' title="bbox 1713 130 1765 163; baseline -0.038 0"><span class='ocrx_word' id='word_1_7' title='bbox 1713 130 1765 163; x_wconf 59' lang='lat' dir='ltr'><strong>8-H</strong></span> 
     </span>
    </p>
   </div>
   <div class='ocr_carea' id='block_1_4' title="bbox 147 190 935 232">
    <p class='ocr_par' dir='ltr' id='par_1_4' title="bbox 147 196 935 232">
     <span class='ocr_line' id='line_1_4' title="bbox 147 196 935 232; baseline -0.004 -7"><span class='ocrx_word' id='word_1_8' title='bbox 147 198 277 226; x_wconf 80' lang='grc' dir='ltr'>ταθέσθαι</span> <span class='ocrx_word' id='word_1_9' title='bbox 297 198 331 225; x_wconf 74' lang='grc' dir='ltr'>τὰ</span> <span class='ocrx_word' id='word_1_10' title='bbox 353 198 422 225; x_wconf 82' lang='grc' dir='ltr'>ὅπλα</span> <span class='ocrx_word' id='word_1_11' title='bbox 445 197 628 232; x_wconf 81' lang='grc' dir='ltr'>ἑκασταχόσε,</span> <span class='ocrx_word' id='word_1_12' title='bbox 648 197 820 232; x_wconf 78' lang='grc' dir='ltr'><strong>ἐκπέμπεται</strong></span> <span class='ocrx_word' id='word_1_13' title='bbox 842 196 935 223; x_wconf 77' lang='grc' dir='ltr'>αὐτόθι</span> 
     </span>
    </p>
   </div>
   <div class='ocr_carea' id='block_1_5' title="bbox 989 190 1765 232">
    <p class='ocr_par' dir='ltr' id='par_1_5' title="bbox 989 190 1765 230">
     <span class='ocr_line' id='line_1_5' title="bbox 989 190 1765 230; baseline -0.005 -9"><span class='ocrx_word' id='word_1_14' title='bbox 989 202 1092 230; x_wconf 79' lang='lat' dir='ltr'><strong>quoque</strong></span> <span class='ocrx_word' id='word_1_15' title='bbox 1112 194 1208 222; x_wconf 85' lang='lat' dir='ltr'><strong>missus</strong></span> <span class='ocrx_word' id='word_1_16' title='bbox 1229 201 1244 221; x_wconf 88' lang='lat' dir='ltr'><strong>a</strong></span> <span class='ocrx_word' id='word_1_17' title='bbox 1268 192 1358 221; x_wconf 79' lang='lat' dir='ltr'><strong>Persis</strong></span> <span class='ocrx_word' id='word_1_18' title='bbox 1377 193 1482 227; x_wconf 84' lang='lat' dir='ltr'><strong>legatus</strong></span> <span class='ocrx_word' id='word_1_19' title='bbox 1503 191 1631 226; x_wconf 87' lang='lat' dir='ltr'><strong>dignitate</strong></span> <span class='ocrx_word' id='word_1_20' title='bbox 1654 190 1765 222; x_wconf 81' lang='lat' dir='ltr'><strong>Zichus,</strong></span> 
     </span>
    </p>
   </div>
   <div class='ocr_carea' id='block_1_6' title="bbox 148 239 931 279">
    <p class='ocr_par' dir='ltr' id='par_1_6' title="bbox 148 239 931 279">
     <span class='ocr_line' id='line_1_6' title="bbox 148 239 931 279; baseline -0.005 -7"><span class='ocrx_word' id='word_1_21' title='bbox 148 245 195 272; x_wconf 76' lang='grc' dir='ltr'>καὶ</span> <span class='ocrx_word' id='word_1_22' title='bbox 208 244 320 279; x_wconf 81' lang='grc' dir='ltr'>Περσῶν</span> <span class='ocrx_word' id='word_1_23' title='bbox 332 243 510 278; x_wconf 79' lang='grc' dir='ltr'>πρεσϐευτὴς,</span> <span class='ocrx_word' id='word_1_24' title='bbox 522 239 544 276; x_wconf 87' lang='grc' dir='ltr'>ᾦ</span> <span class='ocrx_word' id='word_1_25' title='bbox 557 242 624 277; x_wconf 80' lang='grc' dir='ltr'>δῆτα</span> <span class='ocrx_word' id='word_1_26' title='bbox 640 242 745 277; x_wconf 76' lang='grc' dir='ltr'>ὑπῆρχε</span> <span class='ocrx_word' id='word_1_27' title='bbox 762 242 810 276; x_wconf 80' lang='grc' dir='ltr'>μὲν</span> <span class='ocrx_word' id='word_1_28' title='bbox 823 242 931 276; x_wconf 74' lang='grc' dir='ltr'>ἀξίωμα</span> 
     </span>
    </p>
   </div>
   <div class='ocr_carea' id='block_1_7' title="bbox 147 287 931 324">
    <p class='ocr_par' dir='ltr' id='par_1_7' title="bbox 147 287 931 324">
     <span class='ocr_line' id='line_1_7' title="bbox 147 287 931 324; baseline -0.004 -8"><span class='ocrx_word' id='word_1_29' title='bbox 147 289 208 316; x_wconf 54' lang='lat' dir='ltr'><strong>es&quot;</strong></span> <span class='ocrx_word' id='word_1_30' title='bbox 225 289 273 324; x_wconf 78' lang='grc' dir='ltr'><strong>Ζὶχ</strong></span> <span class='ocrx_word' id='word_1_31' title='bbox 283 308 291 320; x_wconf 82' lang='grc'><strong>.</strong></span> <span class='ocrx_word' id='word_1_32' title='bbox 308 289 437 324; x_wconf 85' lang='grc' dir='ltr'>μέγιστόν</span> <span class='ocrx_word' id='word_1_33' title='bbox 452 298 477 316; x_wconf 88' lang='grc' dir='ltr'><strong>τι</strong></span> <span class='ocrx_word' id='word_1_34' title='bbox 493 288 572 315; x_wconf 84' lang='grc' dir='ltr'>τοῦτο</span> <span class='ocrx_word' id='word_1_35' title='bbox 588 288 664 322; x_wconf 79' lang='grc' dir='ltr'>παρὰ</span> <span class='ocrx_word' id='word_1_36' title='bbox 676 290 732 319; x_wconf 85' lang='grc' dir='ltr'>τοῖς</span> <span class='ocrx_word' id='word_1_37' title='bbox 750 288 869 322; x_wconf 82' lang='grc' dir='ltr'><strong>Πέρσαις</strong></span> <span class='ocrx_word' id='word_1_38' title='bbox 883 287 931 320; x_wconf 88' lang='grc' dir='ltr'>γέ-</span> 
     </span>
    </p>
   </div>
   <div class='ocr_carea' id='block_1_8' title="bbox 149 330 931 370">
    <p class='ocr_par' dir='ltr' id='par_1_8' title="bbox 149 330 931 370">
     <span class='ocr_line' id='line_1_8' title="bbox 149 330 931 370; baseline -0.003 -9"><span class='ocrx_word' id='word_1_39' title='bbox 149 343 214 370; x_wconf 85' lang='grc' dir='ltr'>ρας,</span> <span class='ocrx_word' id='word_1_40' title='bbox 235 335 403 370; x_wconf 80' lang='grc' dir='ltr'>προσηγορία</span> <span class='ocrx_word' id='word_1_41' title='bbox 422 335 450 362; x_wconf 79' lang='grc' dir='ltr'>δὲ</span> <span class='ocrx_word' id='word_1_42' title='bbox 469 335 552 361; x_wconf 83' lang='grc' dir='ltr'>αὑτοῦ</span> <span class='ocrx_word' id='word_1_43' title='bbox 570 334 784 368; x_wconf 77' lang='grc' dir='ltr'>Ίεσδεγουσνάφ.</span> <span class='ocrx_word' id='word_1_44' title='bbox 803 330 886 365; x_wconf 79' lang='grc' dir='ltr'>Οὗτος</span> <span class='ocrx_word' id='word_1_45' title='bbox 903 333 931 360; x_wconf 72' lang='grc' dir='ltr'>δὲ</span> 
     </span>
    </p>
   </div>
   <div class='ocr_carea' id='block_1_9' title="bbox 147 378 932 413">
    <p class='ocr_par' dir='ltr' id='par_1_9' title="bbox 147 378 932 413">
     <span class='ocr_line' id='line_1_9' title="bbox 147 378 932 413; baseline -0.001 -9"><span class='ocrx_word' id='word_1_46' title='bbox 147 378 340 413; x_wconf 77' lang='grc' dir='ltr'>παρευναστὴρ</span> <span class='ocrx_word' id='word_1_47' title='bbox 352 378 398 404; x_wconf 82' lang='grc' dir='ltr'><strong>τοῦ</strong></span> <span class='ocrx_word' id='word_1_48' title='bbox 411 378 587 404; x_wconf 69' lang='grc' dir='ltr'><strong>κατάίθτὸνη</strong></span> <span class='ocrx_word' id='word_1_49' title='bbox 601 378 732 413; x_wconf 80' lang='grc' dir='ltr'>βασιλέως</span> <span class='ocrx_word' id='word_1_50' title='bbox 745 378 860 412; x_wconf 80' lang='grc' dir='ltr'>ὑπῆρχε,</span> <span class='ocrx_word' id='word_1_51' title='bbox 875 379 932 405; x_wconf 77' lang='grc' dir='ltr'><strong>Καὶ</strong></span> 
     </span>
    </p>
   </div>
   <div class='ocr_carea' id='block_1_10' title="bbox 147 422 931 457">
    <p class='ocr_par' dir='ltr' id='par_1_10' title="bbox 147 422 931 457">
     <span class='ocr_line' id='line_1_10' title="bbox 147 422 931 457; baseline -0.001 -8"><span class='ocrx_word' id='word_1_52' title='bbox 147 424 235 449; x_wconf 80' lang='grc' dir='ltr'><strong>τοίνυν</strong></span> <span class='ocrx_word' id='word_1_53' title='bbox 253 423 282 449; x_wconf 76' lang='grc' dir='ltr'>ἐν</span> <span class='ocrx_word' id='word_1_54' title='bbox 302 422 393 457; x_wconf 86' lang='grc' dir='ltr'>ταυτῷ</span> <span class='ocrx_word' id='word_1_55' title='bbox 405 422 427 438; x_wconf 64' lang='grc'><strong>’⁸</strong></span> <span class='ocrx_word' id='word_1_56' title='bbox 444 422 585 457; x_wconf 84' lang='grc' dir='ltr'>γενόμενοι</span> <span class='ocrx_word' id='word_1_57' title='bbox 604 423 628 448; x_wconf 83' lang='lat' dir='ltr'><strong>oi</strong></span> <span class='ocrx_word' id='word_1_58' title='bbox 650 422 794 457; x_wconf 76' lang='grc' dir='ltr'>πρέσϐεις,</span> <span class='ocrx_word' id='word_1_59' title='bbox 814 423 861 449; x_wconf 83' lang='grc' dir='ltr'><strong>καὶ</strong></span> <span class='ocrx_word' id='word_1_60' title='bbox 877 422 931 448; x_wconf 86' lang='grc' dir='ltr'><strong>τῶν</strong></span> 
     </span>
    </p>
   </div>
   <div class='ocr_carea' id='block_1_11' title="bbox 147 467 932 503">
    <p class='ocr_par' dir='ltr' id='par_1_11' title="bbox 147 467 932 503">
     <span class='ocr_line' id='line_1_11' title="bbox 147 467 932 503; baseline 0 -9"><span class='ocrx_word' id='word_1_61' title='bbox 147 468 301 495; x_wconf 83' lang='grc' dir='ltr'>κατάὑτῶν</span> <span class='ocrx_word' id='word_1_62' title='bbox 313 467 468 503; x_wconf 74' lang='grc' dir='ltr'><strong>ἐπιχωρίων</strong></span> <span class='ocrx_word' id='word_1_63' title='bbox 479 468 618 502; x_wconf 79' lang='grc' dir='ltr'><strong>ἀρχόντων</strong></span> <span class='ocrx_word' id='word_1_64' title='bbox 630 468 669 499; x_wconf 82' lang='grc' dir='ltr'><strong>είς</strong></span> <span class='ocrx_word' id='word_1_65' title='bbox 685 467 712 494; x_wconf 75' lang='grc' dir='ltr'><strong>ἐν</strong></span> <span class='ocrx_word' id='word_1_66' title='bbox 726 467 932 502; x_wconf 74' lang='grc' dir='ltr'>ξυναθροισθέν-</span> 
     </span>
    </p>
   </div>
   <div class='ocr_carea' id='block_1_12' title="bbox 146 513 932 549">
    <p class='ocr_par' dir='ltr' id='par_1_12' title="bbox 146 513 932 549">
     <span class='ocr_line' id='line_1_12' title="bbox 146 513 932 549; baseline -0.001 -9"><span class='ocrx_word' id='word_1_67' title='bbox 146 523 211 546; x_wconf 84' lang='grc' dir='ltr'>των,</span> <span class='ocrx_word' id='word_1_68' title='bbox 230 514 399 548; x_wconf 77' lang='grc' dir='ltr'><strong>κατέστησαν</strong></span> <span class='ocrx_word' id='word_1_69' title='bbox 417 514 445 545; x_wconf 80' lang='grc' dir='ltr'><strong>ἐς</strong></span> <span class='ocrx_word' id='word_1_70' title='bbox 468 514 627 549; x_wconf 81' lang='grc' dir='ltr'><strong>ἐκκλησίαν.</strong></span> <span class='ocrx_word' id='word_1_71' title='bbox 647 514 702 541; x_wconf 82' lang='grc' dir='ltr'><strong>Καὶ</strong></span> <span class='ocrx_word' id='word_1_72' title='bbox 723 513 826 549; x_wconf 84' lang='grc' dir='ltr'><strong>Πέτρος</strong></span> <span class='ocrx_word' id='word_1_73' title='bbox 846 514 860 540; x_wconf 83' lang='grc' dir='ltr'><strong>ὁ</strong></span> <span class='ocrx_word' id='word_1_74' title='bbox 879 513 932 540; x_wconf 82' lang='grc' dir='ltr'>τῶν</span> 
     </span>
    </p>
   </div>
   <div class='ocr_carea' id='block_1_13' title="bbox 154 559 933 596">
    <p class='ocr_par' dir='ltr' id='par_1_13' title="bbox 154 559 933 596">
     <span class='ocr_line' id='line_1_13' title="bbox 154 559 933 596; baseline -0.003 -9"><span class='ocrx_word' id='word_1_75' title='bbox 154 560 295 595; x_wconf 81' lang='grc' dir='ltr'>Ῥωμαίων</span> <span class='ocrx_word' id='word_1_76' title='bbox 309 560 490 596; x_wconf 74' lang='grc' dir='ltr'>πρεσϐευτὴς,</span> <span class='ocrx_word' id='word_1_77' title='bbox 504 559 687 596; x_wconf 76' lang='grc' dir='ltr'><strong>ἀποχρώντως</strong></span> <span class='ocrx_word' id='word_1_78' title='bbox 700 559 770 595; x_wconf 76' lang='grc' dir='ltr'>ἔχων</span> <span class='ocrx_word' id='word_1_79' title='bbox 781 561 830 595; x_wconf 83' lang='grc' dir='ltr'>τῆς</span> <span class='ocrx_word' id='word_1_80' title='bbox 843 568 872 586; x_wconf 84' lang='grc' dir='ltr'><strong>τε</strong></span> <span class='ocrx_word' id='word_1_81' title='bbox 886 560 933 586; x_wconf 75' lang='grc' dir='ltr'><strong>ἅλ-</strong></span> 
     </span>
    </p>
   </div>
   <div class='ocr_carea' id='block_1_14' title="bbox 146 602 933 641">
    <p class='ocr_par' dir='ltr' id='par_1_14' title="bbox 146 602 933 641">
     <span class='ocr_line' id='line_1_14' title="bbox 146 602 933 641; baseline 0.001 -10"><span class='ocrx_word' id='word_1_82' title='bbox 146 606 194 640; x_wconf 78' lang='grc' dir='ltr'><strong>λης</strong></span> <span class='ocrx_word' id='word_1_83' title='bbox 206 606 327 638; x_wconf 77' lang='grc' dir='ltr'><strong>παιδείας</strong></span> <span class='ocrx_word' id='word_1_84' title='bbox 337 606 447 640; x_wconf 75' lang='grc' dir='ltr'>καὶτῆς</span> <span class='ocrx_word' id='word_1_85' title='bbox 460 607 513 633; x_wconf 87' lang='grc' dir='ltr'>τῶν</span> <span class='ocrx_word' id='word_1_86' title='bbox 527 606 628 641; x_wconf 86' lang='grc' dir='ltr'>νόμων,</span> <span class='ocrx_word' id='word_1_87' title='bbox 641 606 731 639; x_wconf 76' lang='grc' dir='ltr'>ἔλεξεν</span> <span class='ocrx_word' id='word_1_88' title='bbox 745 602 795 633; x_wconf 77' lang='grc' dir='ltr'><strong>ὦδε</strong></span> <span class='ocrx_word' id='word_1_89' title='bbox 804 613 811 620; x_wconf 82' lang='grc'><strong>”</strong></span> <span class='ocrx_word' id='word_1_90' title='bbox 832 614 841 631; x_wconf 86' lang='grc' dir='ltr'><strong>ι</strong></span> <span class='ocrx_word' id='word_1_91' title='bbox 859 605 933 640; x_wconf 84' lang='grc' dir='ltr'><strong>Ηάρ-</strong></span> 
     </span>
    </p>
   </div>
   <div class='ocr_carea' id='block_1_15' title="bbox 147 649 932 687">
    <p class='ocr_par' dir='ltr' id='par_1_15' title="bbox 147 649 932 687">
     <span class='ocr_line' id='line_1_15' title="bbox 147 649 932 687; baseline 0.001 -10"><span class='ocrx_word' id='word_1_92' title='bbox 147 660 240 686; x_wconf 72' lang='grc' dir='ltr'>εσμεν,</span> <span class='ocrx_word' id='word_1_93' title='bbox 266 649 287 678; x_wconf 83' lang='grc' dir='ltr'><strong>ὦ</strong></span> <span class='ocrx_word' id='word_1_94' title='bbox 301 652 396 686; x_wconf 81' lang='grc' dir='ltr'>ἄνδρες</span> <span class='ocrx_word' id='word_1_95' title='bbox 411 652 524 686; x_wconf 82' lang='grc' dir='ltr'><strong>Πέρσαι,</strong></span> <span class='ocrx_word' id='word_1_96' title='bbox 539 651 606 687; x_wconf 80' lang='grc' dir='ltr'>πρὸς</span> <span class='ocrx_word' id='word_1_97' title='bbox 621 651 670 678; x_wconf 82' lang='grc' dir='ltr'><strong>τοῦ</strong></span> <span class='ocrx_word' id='word_1_98' title='bbox 693 651 835 686; x_wconf 87' lang='grc' dir='ltr'>Ῥωμαίων</span> <span class='ocrx_word' id='word_1_99' title='bbox 855 651 932 686; x_wconf 87' lang='grc' dir='ltr'>βασι-</span> 
     </span>
    </p>
   </div>
   <div class='ocr_carea' id='block_1_16' title="bbox 147 697 932 732">
    <p class='ocr_par' dir='ltr' id='par_1_16' title="bbox 147 697 932 732">
     <span class='ocr_line' id='line_1_16' title="bbox 147 697 932 732; baseline 0 -9"><span class='ocrx_word' id='word_1_100' title='bbox 147 697 216 728; x_wconf 79' lang='grc' dir='ltr'>λέως</span> <span class='ocrx_word' id='word_1_101' title='bbox 238 697 390 729; x_wconf 83' lang='grc' dir='ltr'>σταλέντες.</span> <span class='ocrx_word' id='word_1_102' title='bbox 409 697 516 729; x_wconf 80' lang='grc' dir='ltr'>Ὀποῖος</span> <span class='ocrx_word' id='word_1_103' title='bbox 536 698 564 724; x_wconf 81' lang='grc' dir='ltr'>δὲ</span> <span class='ocrx_word' id='word_1_104' title='bbox 584 698 598 724; x_wconf 86' lang='grc' dir='ltr'><strong>ό</strong></span> <span class='ocrx_word' id='word_1_105' title='bbox 618 697 680 724; x_wconf 76' lang='grc' dir='ltr'>καθ’</span> <span class='ocrx_word' id='word_1_106' title='bbox 692 698 766 732; x_wconf 79' lang='grc' dir='ltr'>ἡμᾶς</span> <span class='ocrx_word' id='word_1_107' title='bbox 788 697 932 732; x_wconf 77' lang='grc' dir='ltr'>βασιλεὺς,</span> 
     </span>
    </p>
   </div>
   <div class='ocr_carea' id='block_1_17' title="bbox 148 739 934 777">
    <p class='ocr_par' dir='ltr' id='par_1_17' title="bbox 148 739 934 777">
     <span class='ocr_line' id='line_1_17' title="bbox 148 739 934 777; baseline 0.003 -12"><span class='ocrx_word' id='word_1_108' title='bbox 148 739 274 773; x_wconf 76' lang='grc' dir='ltr'>περιττὸν</span> <span class='ocrx_word' id='word_1_109' title='bbox 291 740 324 766; x_wconf 76' lang='grc' dir='ltr'>ἂν</span> <span class='ocrx_word' id='word_1_110' title='bbox 341 740 383 775; x_wconf 76' lang='grc' dir='ltr'>εἴη</span> <span class='ocrx_word' id='word_1_111' title='bbox 402 740 493 774; x_wconf 77' lang='grc' dir='ltr'>λέγειν</span> <span class='ocrx_word' id='word_1_112' title='bbox 506 761 513 773; x_wconf 85' lang='grc'>,</span> <span class='ocrx_word' id='word_1_113' title='bbox 544 741 715 776; x_wconf 83' lang='grc' dir='ltr'><strong>πραγμάτων</strong></span> <span class='ocrx_word' id='word_1_114' title='bbox 731 741 775 767; x_wconf 81' lang='grc' dir='ltr'>τὸν</span> <span class='ocrx_word' id='word_1_115' title='bbox 792 741 877 777; x_wconf 70' lang='grc' dir='ltr'>ἄνδρα</span> <span class='ocrx_word' id='word_1_116' title='bbox 893 741 934 768; x_wconf 79' lang='grc' dir='ltr'><strong>διο</strong></span> 
     </span>
    </p>
   </div>
   <div class='ocr_carea' id='block_1_18' title="bbox 147 784 933 821">
    <p class='ocr_par' dir='ltr' id='par_1_18' title="bbox 147 784 933 821">
     <span class='ocr_line' id='line_1_18' title="bbox 147 784 933 821; baseline 0.003 -10"><span class='ocrx_word' id='word_1_117' title='bbox 147 784 307 819; x_wconf 70' lang='grc' dir='ltr'>ηγουμένων</span> <span class='ocrx_word' id='word_1_118' title='bbox 326 786 400 820; x_wconf 81' lang='grc' dir='ltr'>ὑμῖν.</span> <span class='ocrx_word' id='word_1_119' title='bbox 419 785 539 821; x_wconf 56' lang='lat' dir='ltr'><strong>napum</strong></span> <span class='ocrx_word' id='word_1_120' title='bbox 552 786 600 820; x_wconf 75' lang='grc' dir='ltr'>μὲν</span> <span class='ocrx_word' id='word_1_121' title='bbox 616 785 662 813; x_wconf 83' lang='grc' dir='ltr'><strong>οὖν</strong></span> <span class='ocrx_word' id='word_1_122' title='bbox 679 787 722 820; x_wconf 80' lang='grc' dir='ltr'><strong>ἐφ’</strong></span> <span class='ocrx_word' id='word_1_123' title='bbox 733 784 756 820; x_wconf 80' lang='grc' dir='ltr'>ᾧ</span> <span class='ocrx_word' id='word_1_124' title='bbox 773 786 805 813; x_wconf 84' lang='grc' dir='ltr'><strong>τὰ</strong></span> <span class='ocrx_word' id='word_1_125' title='bbox 821 785 871 820; x_wconf 79' lang='grc' dir='ltr'>τῆς</span> <span class='ocrx_word' id='word_1_126' title='bbox 882 786 933 821; x_wconf 79' lang='grc' dir='ltr'>ήδη</span> 
     </span>
    </p>
   </div>
   <div class='ocr_carea' id='block_1_19' title="bbox 147 831 932 867">
    <p class='ocr_par' dir='ltr' id='par_1_19' title="bbox 147 831 932 867">
     <span class='ocr_line' id='line_1_19' title="bbox 147 831 932 867; baseline 0.004 -12"><span class='ocrx_word' id='word_1_127' title='bbox 147 831 333 864; x_wconf 77' lang='grc' dir='ltr'><strong>γεγενημένης</strong></span> <span class='ocrx_word' id='word_1_128' title='bbox 352 832 381 862; x_wconf 82' lang='grc' dir='ltr'><strong>ἐς</strong></span> <span class='ocrx_word' id='word_1_129' title='bbox 397 831 566 866; x_wconf 78' lang='grc' dir='ltr'><strong>τελεωτάτην</strong></span> <span class='ocrx_word' id='word_1_130' title='bbox 583 832 696 867; x_wconf 83' lang='grc' dir='ltr'>είρήνην</span> <span class='ocrx_word' id='word_1_131' title='bbox 716 831 932 866; x_wconf 75' lang='grc' dir='ltr'><strong>μετασκευάσαι.</strong></span> 
     </span>
    </p>
   </div>
   <div class='ocr_carea' id='block_1_20' title="bbox 153 874 932 912">
    <p class='ocr_par' dir='ltr' id='par_1_20' title="bbox 153 874 932 912">
     <span class='ocr_line' id='line_1_20' title="bbox 153 874 932 912; baseline 0.005 -12"><span class='ocrx_word' id='word_1_132' title='bbox 153 874 322 909; x_wconf 71' lang='grc' dir='ltr'>Ἀναδιδάξαι</span> <span class='ocrx_word' id='word_1_133' title='bbox 337 876 365 902; x_wconf 74' lang='grc' dir='ltr'>δὲ</span> <span class='ocrx_word' id='word_1_134' title='bbox 382 875 512 911; x_wconf 84' lang='grc' dir='ltr'>βούλομαι</span> <span class='ocrx_word' id='word_1_135' title='bbox 530 876 662 912; x_wconf 74' lang='grc' dir='ltr'>πρότερον</span> <span class='ocrx_word' id='word_1_136' title='bbox 675 876 744 912; x_wconf 78' lang='grc' dir='ltr'>πρὸς</span> <span class='ocrx_word' id='word_1_137' title='bbox 758 877 817 904; x_wconf 81' lang='grc' dir='ltr'>οἵαν</span> <span class='ocrx_word' id='word_1_138' title='bbox 829 877 851 893; x_wconf 78' lang='grc'><strong>¹⁶</strong></span> <span class='ocrx_word' id='word_1_139' title='bbox 868 877 932 912; x_wconf 80' lang='grc' dir='ltr'>ὑμῖν</span> 
     </span>
    </p>
   </div>
   <div class='ocr_carea' id='block_1_21' title="bbox 147 921 932 958">
    <p class='ocr_par' dir='ltr' id='par_1_21' title="bbox 147 921 932 958">
     <span class='ocr_line' id='line_1_21' title="bbox 147 921 932 958; baseline 0.001 -12"><span class='ocrx_word' id='word_1_140' title='bbox 147 921 286 947; x_wconf 80' lang='grc' dir='ltr'>πολιτείαν</span> <span class='ocrx_word' id='word_1_141' title='bbox 299 922 345 947; x_wconf 76' lang='grc' dir='ltr'><strong>καὶ</strong></span> <span class='ocrx_word' id='word_1_142' title='bbox 361 921 427 955; x_wconf 83' lang='grc' dir='ltr'>ὅσην</span> <span class='ocrx_word' id='word_1_143' title='bbox 440 921 468 947; x_wconf 83' lang='grc' dir='ltr'>αι</span> <span class='ocrx_word' id='word_1_144' title='bbox 483 921 596 948; x_wconf 85' lang='grc' dir='ltr'>σπονδαὶ</span> <span class='ocrx_word' id='word_1_145' title='bbox 610 921 851 958; x_wconf 80' lang='grc' dir='ltr'>βεΰαιωθήσονται.</span> <span class='ocrx_word' id='word_1_146' title='bbox 862 921 932 948; x_wconf 80' lang='grc' dir='ltr'>Ἀλλ’</span> 
     </span>
    </p>
   </div>
   <div class='ocr_carea' id='block_1_22' title="bbox 147 965 933 1002">
    <p class='ocr_par' dir='ltr' id='par_1_22' title="bbox 147 965 933 1002">
     <span class='ocr_line' id='line_1_22' title="bbox 147 965 933 1002; baseline 0.001 -10"><span class='ocrx_word' id='word_1_147' title='bbox 147 967 170 992; x_wconf 87' lang='grc' dir='ltr'><strong>εί</strong></span> <span class='ocrx_word' id='word_1_148' title='bbox 194 966 239 992; x_wconf 83' lang='grc' dir='ltr'><strong>καί</strong></span> <span class='ocrx_word' id='word_1_149' title='bbox 260 974 302 998; x_wconf 77' lang='grc' dir='ltr'><strong>τις</strong></span> <span class='ocrx_word' id='word_1_150' title='bbox 326 967 545 1002; x_wconf 79' lang='grc' dir='ltr'>μεγαλοῤῥήμων</span> <span class='ocrx_word' id='word_1_151' title='bbox 567 965 635 994; x_wconf 80' lang='grc' dir='ltr'>εἶναι</span> <span class='ocrx_word' id='word_1_152' title='bbox 657 967 735 1000; x_wconf 83' lang='grc' dir='ltr'><strong>δόξω,</strong></span> <span class='ocrx_word' id='word_1_153' title='bbox 756 968 787 993; x_wconf 81' lang='grc' dir='ltr'>τὸ</span> <span class='ocrx_word' id='word_1_154' title='bbox 811 968 933 994; x_wconf 75' lang='grc' dir='ltr'>συνοῖσον</span> 
     </span>
    </p>
   </div>
   <div class='ocr_carea' id='block_1_23' title="bbox 147 1011 933 1048">
    <p class='ocr_par' dir='ltr' id='par_1_23' title="bbox 147 1011 933 1048">
     <span class='ocr_line' id='line_1_23' title="bbox 147 1011 933 1048; baseline 0 -10"><span class='ocrx_word' id='word_1_155' title='bbox 147 1011 315 1047; x_wconf 74' lang='grc' dir='ltr'>ἀμφοτέραις</span> <span class='ocrx_word' id='word_1_156' title='bbox 326 1012 386 1043; x_wconf 80' lang='grc' dir='ltr'>ταῖς</span> <span class='ocrx_word' id='word_1_157' title='bbox 402 1012 548 1043; x_wconf 76' lang='grc' dir='ltr'>πολιτείαις</span> <span class='ocrx_word' id='word_1_158' title='bbox 563 1012 716 1047; x_wconf 84' lang='grc' dir='ltr'>θηρώμενοι</span> <span class='ocrx_word' id='word_1_159' title='bbox 730 1012 768 1048; x_wconf 86' lang='grc' dir='ltr'>μὴ</span> <span class='ocrx_word' id='word_1_160' title='bbox 781 1012 933 1048; x_wconf 83' lang='grc' dir='ltr'>ἀχθεσθῆτε</span> 
     </span>
    </p>
   </div>
   <div class='ocr_carea' id='block_1_24' title="bbox 146 1058 934 1094">
    <p class='ocr_par' dir='ltr' id='par_1_24' title="bbox 146 1058 934 1094">
     <span class='ocr_line' id='line_1_24' title="bbox 146 1058 934 1094; baseline 0.004 -11"><span class='ocrx_word' id='word_1_161' title='bbox 146 1059 180 1091; x_wconf 78' lang='grc' dir='ltr'>τῇ</span> <span class='ocrx_word' id='word_1_162' title='bbox 200 1058 400 1093; x_wconf 83' lang='grc' dir='ltr'>περιττολογίᾳ.</span> <span class='ocrx_word' id='word_1_163' title='bbox 419 1058 476 1085; x_wconf 82' lang='grc' dir='ltr'><strong>Οὐκ</strong></span> <span class='ocrx_word' id='word_1_164' title='bbox 496 1059 524 1090; x_wconf 74' lang='grc' dir='ltr'><strong>ἐς</strong></span> <span class='ocrx_word' id='word_1_165' title='bbox 545 1059 655 1094; x_wconf 70' lang='grc' dir='ltr'>μακρὰν</span> <span class='ocrx_word' id='word_1_166' title='bbox 672 1059 726 1094; x_wconf 83' lang='grc' dir='ltr'><strong>γὰρ</strong></span> <span class='ocrx_word' id='word_1_167' title='bbox 746 1060 775 1085; x_wconf 83' lang='grc' dir='ltr'><strong>ἐν</strong></span> <span class='ocrx_word' id='word_1_168' title='bbox 792 1059 876 1085; x_wconf 84' lang='grc' dir='ltr'>δέοντι</span> <span class='ocrx_word' id='word_1_169' title='bbox 894 1059 934 1086; x_wconf 67' lang='grc' dir='ltr'>δό-</span> 
     </span>
    </p>
   </div>
   <div class='ocr_carea' id='block_1_25' title="bbox 148 1103 934 1141">
    <p class='ocr_par' dir='ltr' id='par_1_25' title="bbox 148 1103 934 1141">
     <span class='ocr_line' id='line_1_25' title="bbox 148 1103 934 1141; baseline 0.004 -12"><span class='ocrx_word' id='word_1_170' title='bbox 148 1103 218 1135; x_wconf 70' lang='grc' dir='ltr'>ξειία</span> <span class='ocrx_word' id='word_1_171' title='bbox 236 1103 270 1130; x_wconf 76' lang='grc' dir='ltr'>τὰ</span> <span class='ocrx_word' id='word_1_172' title='bbox 291 1103 405 1130; x_wconf 85' lang='grc' dir='ltr'>τοιαῦτα</span> <span class='ocrx_word' id='word_1_173' title='bbox 424 1104 561 1139; x_wconf 74' lang='grc' dir='ltr'>λελέχθαι,</span> <span class='ocrx_word' id='word_1_174' title='bbox 581 1105 796 1140; x_wconf 81' lang='grc' dir='ltr'>ἐπαινεθήσομαί</span> <span class='ocrx_word' id='word_1_175' title='bbox 816 1114 845 1132; x_wconf 83' lang='grc' dir='ltr'><strong>τε</strong></span> <span class='ocrx_word' id='word_1_176' title='bbox 865 1105 934 1141; x_wconf 80' lang='grc' dir='ltr'>πρὸς</span> 
     </span>
    </p>
   </div>
   <div class='ocr_carea' id='block_1_26' title="bbox 148 1149 934 1186">
    <p class='ocr_par' dir='ltr' id='par_1_26' title="bbox 148 1149 934 1186">
     <span class='ocr_line' id='line_1_26' title="bbox 148 1149 934 1186; baseline 0.005 -12"><span class='ocrx_word' id='word_1_177' title='bbox 148 1149 234 1183; x_wconf 80' lang='grc' dir='ltr'>ὑμῶν,</span> <span class='ocrx_word' id='word_1_178' title='bbox 249 1149 303 1175; x_wconf 82' lang='grc' dir='ltr'>τῶν</span> <span class='ocrx_word' id='word_1_179' title='bbox 318 1150 488 1185; x_wconf 76' lang='grc' dir='ltr'>πραγμάτων</span> <span class='ocrx_word' id='word_1_180' title='bbox 504 1151 576 1184; x_wconf 80' lang='grc' dir='ltr'>ὑμᾶς</span> <span class='ocrx_word' id='word_1_181' title='bbox 592 1150 824 1178; x_wconf 78' lang='grc' dir='ltr'>ὰναδιδασκόντων</span> <span class='ocrx_word' id='word_1_182' title='bbox 839 1151 888 1186; x_wconf 83' lang='grc' dir='ltr'>τὴν</span> <span class='ocrx_word' id='word_1_183' title='bbox 901 1152 934 1178; x_wconf 66' lang='grc' dir='ltr'><strong>ἐκ</strong></span> 
     </span>
    </p>
   </div>
   <div class='ocr_carea' id='block_1_27' title="bbox 148 1194 935 1231">
    <p class='ocr_par' dir='ltr' id='par_1_27' title="bbox 148 1194 935 1231">
     <span class='ocr_line' id='line_1_27' title="bbox 148 1194 935 1231; baseline 0.003 -11"><span class='ocrx_word' id='word_1_184' title='bbox 148 1194 201 1220; x_wconf 85' lang='grc' dir='ltr'>τῶν</span> <span class='ocrx_word' id='word_1_185' title='bbox 216 1194 302 1228; x_wconf 87' lang='grc' dir='ltr'>λόγων</span> <span class='ocrx_word' id='word_1_186' title='bbox 316 1194 459 1229; x_wconf 81' lang='grc' dir='ltr'>ὠφέλειαν.</span> <span class='ocrx_word' id='word_1_187' title='bbox 474 1195 634 1231; x_wconf 86' lang='grc' dir='ltr'>Γενὴσονται</span> <span class='ocrx_word' id='word_1_188' title='bbox 648 1195 737 1222; x_wconf 82' lang='grc' dir='ltr'>τοίνυν</span> <span class='ocrx_word' id='word_1_189' title='bbox 752 1196 815 1230; x_wconf 82' lang='grc' dir='ltr'>ὑμῖν</span> <span class='ocrx_word' id='word_1_190' title='bbox 830 1197 856 1222; x_wconf 87' lang='grc' dir='ltr'>αί</span> <span class='ocrx_word' id='word_1_191' title='bbox 873 1196 935 1229; x_wconf 81' lang='grc' dir='ltr'>ξυν-</span> 
     </span>
    </p>
   </div>
   <div class='ocr_carea' id='block_1_28' title="bbox 149 1240 933 1276">
    <p class='ocr_par' dir='ltr' id='par_1_28' title="bbox 149 1240 933 1276">
     <span class='ocr_line' id='line_1_28' title="bbox 149 1240 933 1276; baseline 0.001 -10"><span class='ocrx_word' id='word_1_192' title='bbox 149 1240 231 1274; x_wconf 76' lang='grc' dir='ltr'>θηκαι</span> <span class='ocrx_word' id='word_1_193' title='bbox 242 1240 308 1275; x_wconf 80' lang='grc' dir='ltr'>πρὸς</span> <span class='ocrx_word' id='word_1_194' title='bbox 321 1240 616 1276; x_wconf 78' lang='grc' dir='ltr'>Ῥωμαίου;.Ἀρκέσει</span> <span class='ocrx_word' id='word_1_195' title='bbox 627 1241 654 1267; x_wconf 81' lang='grc' dir='ltr'>δὲ</span> <span class='ocrx_word' id='word_1_196' title='bbox 667 1241 819 1276; x_wconf 82' lang='grc' dir='ltr'>Ῥωμαίους</span> <span class='ocrx_word' id='word_1_197' title='bbox 829 1242 916 1267; x_wconf 67' lang='lat' dir='ltr'><strong>ettrst</strong></span> <span class='ocrx_word' id='word_1_198' title='bbox 925 1250 933 1257; x_wconf 71' lang='grc'><strong><em>⁸</em></strong></span> 
     </span>
    </p>
   </div>
   <div class='ocr_carea' id='block_1_29' title="bbox 148 1286 934 1322">
    <p class='ocr_par' dir='ltr' id='par_1_29' title="bbox 148 1286 934 1322">
     <span class='ocr_line' id='line_1_29' title="bbox 148 1286 934 1322; baseline 0.004 -11"><span class='ocrx_word' id='word_1_199' title='bbox 148 1286 223 1320; x_wconf 86' lang='grc' dir='ltr'>δηλοί</span> <span class='ocrx_word' id='word_1_200' title='bbox 243 1286 296 1321; x_wconf 67' lang='grc' dir='ltr'>γὰρ</span> <span class='ocrx_word' id='word_1_201' title='bbox 319 1287 335 1321; x_wconf 87' lang='grc' dir='ltr'>ἠ</span> <span class='ocrx_word' id='word_1_202' title='bbox 356 1287 528 1322; x_wconf 76' lang='grc' dir='ltr'>προσηγορία</span> <span class='ocrx_word' id='word_1_203' title='bbox 544 1287 577 1313; x_wconf 79' lang='grc' dir='ltr'>τὰ</span> <span class='ocrx_word' id='word_1_204' title='bbox 598 1287 756 1322; x_wconf 84' lang='grc' dir='ltr'>λειπόμενα.</span> <span class='ocrx_word' id='word_1_205' title='bbox 774 1287 870 1322; x_wconf 78' lang='grc' dir='ltr'>Χρεὼν</span> <span class='ocrx_word' id='word_1_206' title='bbox 888 1287 934 1314; x_wconf 78' lang='grc' dir='ltr'>οὖν</span> 
     </span>
    </p>
   </div>
   <div class='ocr_carea' id='block_1_30' title="bbox 150 1332 936 1368">
    <p class='ocr_par' dir='ltr' id='par_1_30' title="bbox 150 1332 936 1368">
     <span class='ocr_line' id='line_1_30' title="bbox 150 1332 936 1368; baseline 0.001 -10"><span class='ocrx_word' id='word_1_207' title='bbox 150 1332 237 1366; x_wconf 78' lang='grc' dir='ltr'>ὑμᾶς,</span> <span class='ocrx_word' id='word_1_208' title='bbox 251 1333 288 1363; x_wconf 82' lang='grc' dir='ltr'><strong>ὡς</strong></span> <span class='ocrx_word' id='word_1_209' title='bbox 302 1333 369 1367; x_wconf 75' lang='grc' dir='ltr'>πρὸς</span> <span class='ocrx_word' id='word_1_210' title='bbox 383 1333 515 1368; x_wconf 78' lang='grc' dir='ltr'>τοσαύτην</span> <span class='ocrx_word' id='word_1_211' title='bbox 529 1333 666 1360; x_wconf 84' lang='grc' dir='ltr'>πολιτείαν</span> <span class='ocrx_word' id='word_1_212' title='bbox 680 1333 873 1368; x_wconf 72' lang='grc' dir='ltr'>σπεισομένους</span> <span class='ocrx_word' id='word_1_213' title='bbox 888 1334 936 1360; x_wconf 78' lang='grc' dir='ltr'>καὶ</span> 
     </span>
    </p>
   </div>
   <div class='ocr_carea' id='block_1_31' title="bbox 149 1378 936 1414">
    <p class='ocr_par' dir='ltr' id='par_1_31' title="bbox 149 1378 936 1414">
     <span class='ocr_line' id='line_1_31' title="bbox 149 1378 936 1414; baseline 0 -10"><span class='ocrx_word' id='word_1_214' title='bbox 149 1379 180 1404; x_wconf 68' lang='grc' dir='ltr'>οὗ</span> <span class='ocrx_word' id='word_1_215' title='bbox 197 1379 260 1412; x_wconf 69' lang='grc' dir='ltr'>περὶ</span> <span class='ocrx_word' id='word_1_216' title='bbox 276 1378 399 1413; x_wconf 80' lang='grc' dir='ltr'>βραχέων</span> <span class='ocrx_word' id='word_1_217' title='bbox 414 1378 634 1414; x_wconf 77' lang='grc' dir='ltr'>βουλευομένους,</span> <span class='ocrx_word' id='word_1_218' title='bbox 649 1378 683 1405; x_wconf 82' lang='grc' dir='ltr'>τὰ</span> <span class='ocrx_word' id='word_1_219' title='bbox 697 1379 828 1405; x_wconf 76' lang='grc' dir='ltr'>κάλλιστά</span> <span class='ocrx_word' id='word_1_220' title='bbox 843 1387 871 1404; x_wconf 90' lang='grc' dir='ltr'><strong>τε</strong></span> <span class='ocrx_word' id='word_1_221' title='bbox 888 1379 936 1405; x_wconf 78' lang='grc' dir='ltr'><strong>καὶ</strong></span> 
     </span>
    </p>
   </div>
   <div class='ocr_carea' id='block_1_32' title="bbox 151 1423 935 1459">
    <p class='ocr_par' dir='ltr' id='par_1_32' title="bbox 151 1423 935 1459">
     <span class='ocr_line' id='line_1_32' title="bbox 151 1423 935 1459; baseline 0.003 -11"><span class='ocrx_word' id='word_1_222' title='bbox 151 1423 307 1450; x_wconf 84' lang='grc' dir='ltr'>συνοίσοντα</span> <span class='ocrx_word' id='word_1_223' title='bbox 322 1423 422 1458; x_wconf 76' lang='grc' dir='ltr'>μᾶλλον</span> <span class='ocrx_word' id='word_1_224' title='bbox 438 1423 557 1455; x_wconf 78' lang='grc' dir='ltr'>ἑλέσθαι,</span> <span class='ocrx_word' id='word_1_225' title='bbox 573 1423 618 1450; x_wconf 72' lang='grc' dir='ltr'><strong>καὶ</strong></span> <span class='ocrx_word' id='word_1_226' title='bbox 633 1424 693 1450; x_wconf 81' lang='grc' dir='ltr'>ἀντὶ</span> <span class='ocrx_word' id='word_1_227' title='bbox 707 1424 760 1450; x_wconf 86' lang='grc' dir='ltr'>τῶν</span> <span class='ocrx_word' id='word_1_228' title='bbox 773 1424 876 1459; x_wconf 79' lang='grc' dir='ltr'>ἀδήλων</span> <span class='ocrx_word' id='word_1_229' title='bbox 888 1423 935 1450; x_wconf 75' lang='grc' dir='ltr'>τοῦ</span> 
     </span>
    </p>
   </div>
   <div class='ocr_carea' id='block_1_33' title="bbox 152 1468 935 1504">
    <p class='ocr_par' dir='ltr' id='par_1_33' title="bbox 152 1468 935 1504">
     <span class='ocr_line' id='line_1_33' title="bbox 152 1468 935 1504; baseline 0 -10"><span class='ocrx_word' id='word_1_230' title='bbox 152 1468 271 1503; x_wconf 84' lang='grc' dir='ltr'>πολέμου</span> <span class='ocrx_word' id='word_1_231' title='bbox 287 1469 317 1495; x_wconf 83' lang='grc' dir='ltr'>τὸ</span> <span class='ocrx_word' id='word_1_232' title='bbox 335 1469 534 1503; x_wconf 85' lang='grc' dir='ltr'>προδηλότατον</span> <span class='ocrx_word' id='word_1_233' title='bbox 550 1469 631 1495; x_wconf 83' lang='grc' dir='ltr'>πᾶσιν</span> <span class='ocrx_word' id='word_1_234' title='bbox 647 1468 817 1504; x_wconf 77' lang='grc' dir='ltr'>ἀνθρώποις,</span> <span class='ocrx_word' id='word_1_235' title='bbox 832 1468 881 1504; x_wconf 85' lang='grc' dir='ltr'>τὴν</span> <span class='ocrx_word' id='word_1_236' title='bbox 896 1470 935 1494; x_wconf 85' lang='grc' dir='ltr'><strong>εἰ-</strong></span> 
     </span>
    </p>
   </div>
   <div class='ocr_carea' id='block_1_34' title="bbox 153 1514 934 1549">
    <p class='ocr_par' dir='ltr' id='par_1_34' title="bbox 153 1514 934 1549">
     <span class='ocr_line' id='line_1_34' title="bbox 153 1514 934 1549; baseline 0.003 -10"><span class='ocrx_word' id='word_1_237' title='bbox 153 1515 250 1549; x_wconf 80' lang='grc' dir='ltr'>ρήνην,</span> <span class='ocrx_word' id='word_1_238' title='bbox 267 1514 368 1548; x_wconf 79' lang='grc' dir='ltr'>ἀγαθὸν</span> <span class='ocrx_word' id='word_1_239' title='bbox 384 1514 565 1547; x_wconf 79' lang='grc' dir='ltr'>ἀσπάζεσθαι.</span> <span class='ocrx_word' id='word_1_240' title='bbox 584 1515 638 1541; x_wconf 78' lang='grc' dir='ltr'><strong>Καὶ</strong></span> <span class='ocrx_word' id='word_1_241' title='bbox 658 1515 694 1549; x_wconf 85' lang='grc' dir='ltr'>μή</span> <span class='ocrx_word' id='word_1_242' title='bbox 711 1523 753 1545; x_wconf 81' lang='grc' dir='ltr'><strong>τις</strong></span> <span class='ocrx_word' id='word_1_243' title='bbox 772 1515 844 1549; x_wconf 81' lang='grc' dir='ltr'>ὑμᾶς</span> <span class='ocrx_word' id='word_1_244' title='bbox 861 1516 934 1541; x_wconf 79' lang='grc' dir='ltr'>απα-</span> 
     </span>
    </p>
   </div>
   <div class='ocr_carea' id='block_1_35' title="bbox 150 1559 936 1596">
    <p class='ocr_par' dir='ltr' id='par_1_35' title="bbox 150 1559 936 1596">
     <span class='ocr_line' id='line_1_35' title="bbox 150 1559 936 1596; baseline 0.001 -10"><span class='ocrx_word' id='word_1_245' title='bbox 150 1561 223 1586; x_wconf 81' lang='grc' dir='ltr'>τάτω</span> <span class='ocrx_word' id='word_1_246' title='bbox 239 1559 384 1594; x_wconf 82' lang='grc' dir='ltr'>λογισμὸς,</span> <span class='ocrx_word' id='word_1_247' title='bbox 401 1560 438 1591; x_wconf 85' lang='grc' dir='ltr'>ὡς</span> <span class='ocrx_word' id='word_1_248' title='bbox 455 1560 615 1594; x_wconf 83' lang='grc' dir='ltr'>νενικήκατε</span> <span class='ocrx_word' id='word_1_249' title='bbox 629 1560 797 1595; x_wconf 74' lang='grc' dir='ltr'>Ῥωμαίους,</span> <span class='ocrx_word' id='word_1_250' title='bbox 815 1561 936 1596; x_wconf 84' lang='grc' dir='ltr'>ἐπηρμέ-</span> 
     </span>
    </p>
   </div>
   <div class='ocr_carea' id='block_1_36' title="bbox 150 1605 935 1640">
    <p class='ocr_par' dir='ltr' id='par_1_36' title="bbox 150 1605 935 1640">
     <span class='ocr_line' id='line_1_36' title="bbox 150 1605 935 1640; baseline 0.003 -10"><span class='ocrx_word' id='word_1_251' title='bbox 150 1613 190 1630; x_wconf 88' lang='grc' dir='ltr'><strong>νοι</strong></span> <span class='ocrx_word' id='word_1_252' title='bbox 206 1605 244 1639; x_wconf 86' lang='grc' dir='ltr'><strong>τῷ</strong></span> <span class='ocrx_word' id='word_1_253' title='bbox 258 1606 307 1640; x_wconf 83' lang='grc' dir='ltr'>τὴν</span> <span class='ocrx_word' id='word_1_254' title='bbox 324 1605 488 1640; x_wconf 71' lang='grc' dir='ltr'>Ἀντιόχειαν</span> <span class='ocrx_word' id='word_1_255' title='bbox 506 1605 606 1631; x_wconf 81' lang='grc' dir='ltr'>ἁλῶναι</span> <span class='ocrx_word' id='word_1_256' title='bbox 623 1605 693 1640; x_wconf 69' lang='grc' dir='ltr'>πρὸς</span> <span class='ocrx_word' id='word_1_257' title='bbox 711 1605 788 1639; x_wconf 81' lang='grc' dir='ltr'>ὑμῶν</span> <span class='ocrx_word' id='word_1_258' title='bbox 805 1605 851 1631; x_wconf 72' lang='grc' dir='ltr'><strong>καὶ</strong></span> <span class='ocrx_word' id='word_1_259' title='bbox 868 1606 935 1632; x_wconf 79' lang='grc' dir='ltr'>ἄττα</span> 
     </span>
    </p>
   </div>
   <div class='ocr_carea' id='block_1_37' title="bbox 158 1649 936 1686">
    <p class='ocr_par' dir='ltr' id='par_1_37' title="bbox 158 1649 936 1686">
     <span class='ocr_line' id='line_1_37' title="bbox 158 1649 936 1686; baseline 0.003 -10"><span class='ocrx_word' id='word_1_260' title='bbox 158 1649 299 1684; x_wconf 86' lang='grc' dir='ltr'>Ῥωμαϊκὰ</span> <span class='ocrx_word' id='word_1_261' title='bbox 313 1651 409 1686; x_wconf 85' lang='grc' dir='ltr'>χωρία.</span> <span class='ocrx_word' id='word_1_262' title='bbox 422 1650 457 1677; x_wconf 79' lang='grc' dir='ltr'><strong>Τὸ</strong></span> <span class='ocrx_word' id='word_1_263' title='bbox 470 1651 524 1686; x_wconf 87' lang='grc' dir='ltr'><strong>γὰρ</strong></span> <span class='ocrx_word' id='word_1_264' title='bbox 537 1650 707 1686; x_wconf 77' lang='grc' dir='ltr'>ὑπερῦάλλον</span> <span class='ocrx_word' id='word_1_265' title='bbox 719 1651 767 1686; x_wconf 85' lang='grc' dir='ltr'>τῆς</span> <span class='ocrx_word' id='word_1_266' title='bbox 780 1650 936 1686; x_wconf 83' lang='grc' dir='ltr'>Ῥωμαῖκῆς</span> 
     </span>
    </p>
   </div>
   <div class='ocr_carea' id='block_1_38' title="bbox 151 1696 936 1732">
    <p class='ocr_par' dir='ltr' id='par_1_38' title="bbox 151 1696 936 1732">
     <span class='ocr_line' id='line_1_38' title="bbox 151 1696 936 1732; baseline 0.003 -11"><span class='ocrx_word' id='word_1_267' title='bbox 151 1696 277 1730; x_wconf 75' lang='grc' dir='ltr'>εὐτυχίας</span> <span class='ocrx_word' id='word_1_268' title='bbox 294 1697 383 1728; x_wconf 70' lang='grc' dir='ltr'>όΘεὺς</span> <span class='ocrx_word' id='word_1_269' title='bbox 401 1697 530 1724; x_wconf 74' lang='grc' dir='ltr'>ἐκόλασεν</span> <span class='ocrx_word' id='word_1_270' title='bbox 546 1698 574 1724; x_wconf 86' lang='grc' dir='ltr'>ὲν</span> <span class='ocrx_word' id='word_1_271' title='bbox 590 1697 687 1732; x_wconf 77' lang='grc' dir='ltr'>τούτῳ,</span> <span class='ocrx_word' id='word_1_272' title='bbox 703 1697 742 1732; x_wconf 85' lang='grc' dir='ltr'>τῷ</span> <span class='ocrx_word' id='word_1_273' title='bbox 761 1697 798 1732; x_wconf 86' lang='grc' dir='ltr'>μὴ</span> <span class='ocrx_word' id='word_1_274' title='bbox 814 1697 936 1732; x_wconf 79' lang='grc' dir='ltr'>νομίζειν</span> 
     </span>
    </p>
   </div>
   <div class='ocr_carea' id='block_1_39' title="bbox 151 1738 936 1777">
    <p class='ocr_par' dir='ltr' id='par_1_39' title="bbox 151 1738 936 1777">
     <span class='ocr_line' id='line_1_39' title="bbox 151 1738 936 1777; baseline 0.004 -12"><span class='ocrx_word' id='word_1_275' title='bbox 151 1738 292 1774; x_wconf 82' lang='grc' dir='ltr'>ἄνθρωπον</span> <span class='ocrx_word' id='word_1_276' title='bbox 308 1740 450 1776; x_wconf 86' lang='grc' dir='ltr'>ἀνθρώπου</span> <span class='ocrx_word' id='word_1_277' title='bbox 469 1741 609 1777; x_wconf 81' lang='grc' dir='ltr'>διαφέρειν</span> <span class='ocrx_word' id='word_1_278' title='bbox 625 1742 704 1769; x_wconf 90' lang='grc' dir='ltr'>πολύ.</span> <span class='ocrx_word' id='word_1_279' title='bbox 722 1741 777 1768; x_wconf 82' lang='grc' dir='ltr'><strong>Καὶ</strong></span> <span class='ocrx_word' id='word_1_280' title='bbox 797 1742 821 1768; x_wconf 89' lang='grc' dir='ltr'><strong>εί</strong></span> <span class='ocrx_word' id='word_1_281' title='bbox 843 1742 891 1776; x_wconf 86' lang='grc' dir='ltr'>μὲν</span> <span class='ocrx_word' id='word_1_282' title='bbox 906 1741 936 1768; x_wconf 84' lang='grc' dir='ltr'><strong>τδ</strong></span> 
     </span>
    </p>
   </div>
   <div class='ocr_carea' id='block_1_40' title="bbox 153 1785 937 1822">
    <p class='ocr_par' dir='ltr' id='par_1_40' title="bbox 153 1785 937 1822">
     <span class='ocr_line' id='line_1_40' title="bbox 153 1785 937 1822; baseline 0.003 -10"><span class='ocrx_word' id='word_1_283' title='bbox 153 1785 233 1820; x_wconf 80' lang='grc' dir='ltr'>φύσει</span> <span class='ocrx_word' id='word_1_284' title='bbox 255 1786 358 1813; x_wconf 82' lang='grc' dir='ltr'>δίκαιον</span> <span class='ocrx_word' id='word_1_285' title='bbox 382 1787 510 1821; x_wconf 84' lang='grc' dir='ltr'>ἐκράτει,</span> <span class='ocrx_word' id='word_1_286' title='bbox 533 1786 595 1813; x_wconf 69' lang='grc' dir='ltr'>οὔτε</span> <span class='ocrx_word' id='word_1_287' title='bbox 620 1787 744 1822; x_wconf 81' lang='grc' dir='ltr'>ῥητόρων</span> <span class='ocrx_word' id='word_1_288' title='bbox 765 1785 826 1813; x_wconf 77' lang='grc' dir='ltr'>οὔτε</span> <span class='ocrx_word' id='word_1_289' title='bbox 847 1787 937 1822; x_wconf 86' lang='grc' dir='ltr'>νόμων</span> 
     </span>
    </p>
   </div>
   <div class='ocr_carea' id='block_1_41' title="bbox 152 1830 938 1866">
    <p class='ocr_par' dir='ltr' id='par_1_41' title="bbox 152 1830 938 1866">
     <span class='ocr_line' id='line_1_41' title="bbox 152 1830 938 1866; baseline 0.003 -10"><span class='ocrx_word' id='word_1_290' title='bbox 152 1831 295 1866; x_wconf 74' lang='grc' dir='ltr'>ἀκριϐείας</span> <span class='ocrx_word' id='word_1_291' title='bbox 313 1830 375 1857; x_wconf 68' lang='grc' dir='ltr'>οὔτε</span> <span class='ocrx_word' id='word_1_292' title='bbox 395 1831 448 1866; x_wconf 82' lang='grc' dir='ltr'>μὴν</span> <span class='ocrx_word' id='word_1_293' title='bbox 467 1831 614 1866; x_wconf 72' lang='grc' dir='ltr'>ἐκκλησίας</span> <span class='ocrx_word' id='word_1_294' title='bbox 633 1832 681 1858; x_wconf 79' lang='grc' dir='ltr'><strong>καὶ</strong></span> <span class='ocrx_word' id='word_1_295' title='bbox 699 1831 749 1866; x_wconf 81' lang='grc' dir='ltr'>τῆς</span> <span class='ocrx_word' id='word_1_296' title='bbox 768 1831 833 1866; x_wconf 73' lang='grc' dir='ltr'>περὶ</span> <span class='ocrx_word' id='word_1_297' title='bbox 851 1831 938 1858; x_wconf 79' lang='grc' dir='ltr'>ταῦτα</span> 
     </span>
    </p>
   </div>
   <div class='ocr_carea' id='block_1_42' title="bbox 153 1876 937 1912">
    <p class='ocr_par' dir='ltr' id='par_1_42' title="bbox 153 1876 937 1912">
     <span class='ocr_line' id='line_1_42' title="bbox 153 1876 937 1912; baseline 0.003 -10"><span class='ocrx_word' id='word_1_298' title='bbox 153 1877 288 1908; x_wconf 71' lang='grc' dir='ltr'>ποικιλίας</span> <span class='ocrx_word' id='word_1_299' title='bbox 303 1876 356 1903; x_wconf 82' lang='grc' dir='ltr'>τῶν</span> <span class='ocrx_word' id='word_1_300' title='bbox 371 1877 457 1910; x_wconf 85' lang='grc' dir='ltr'>λόγων</span> <span class='ocrx_word' id='word_1_301' title='bbox 473 1877 526 1903; x_wconf 73' lang='grc' dir='ltr'>ἔδει</span> <span class='ocrx_word' id='word_1_302' title='bbox 538 1885 544 1891; x_wconf 71' lang='grc' dir='ltr'><strong>ε</strong></span> <span class='ocrx_word' id='word_1_303' title='bbox 558 1876 711 1911; x_wconf 83' lang='grc' dir='ltr'>αὐθαίρετα</span> <span class='ocrx_word' id='word_1_304' title='bbox 729 1876 784 1912; x_wconf 85' lang='grc' dir='ltr'>γὰρ</span> <span class='ocrx_word' id='word_1_305' title='bbox 798 1878 854 1908; x_wconf 82' lang='grc' dir='ltr'>τοῖς</span> <span class='ocrx_word' id='word_1_306' title='bbox 874 1877 937 1912; x_wconf 80' lang='grc' dir='ltr'>βιω-</span> 
     </span>
    </p>
   </div>
   <div class='ocr_carea' id='block_1_43' title="bbox 153 1922 937 1958">
    <p class='ocr_par' dir='ltr' id='par_1_43' title="bbox 153 1922 937 1958">
     <span class='ocr_line' id='line_1_43' title="bbox 153 1922 937 1958; baseline 0.003 -10"><span class='ocrx_word' id='word_1_307' title='bbox 153 1922 246 1956; x_wconf 81' lang='grc' dir='ltr'>φελέσι</span> <span class='ocrx_word' id='word_1_308' title='bbox 261 1923 315 1949; x_wconf 87' lang='grc' dir='ltr'>τῶν</span> <span class='ocrx_word' id='word_1_309' title='bbox 330 1923 501 1958; x_wconf 74' lang='grc' dir='ltr'>πραγμᾴτων</span> <span class='ocrx_word' id='word_1_310' title='bbox 516 1922 719 1958; x_wconf 71' lang='grc' dir='ltr'>προσετέθημεν</span> <span class='ocrx_word' id='word_1_311' title='bbox 732 1923 766 1950; x_wconf 79' lang='grc'><strong>’⁷.</strong></span> <span class='ocrx_word' id='word_1_312' title='bbox 785 1923 893 1958; x_wconf 83' lang='grc' dir='ltr'>Ἐπειδὴ</span> <span class='ocrx_word' id='word_1_313' title='bbox 909 1923 937 1950; x_wconf 86' lang='grc' dir='ltr'>δὲ</span> 
     </span>
    </p>
   </div>
   <div class='ocr_carea' id='block_1_44' title="bbox 153 1968 937 2004">
    <p class='ocr_par' dir='ltr' id='par_1_44' title="bbox 153 1968 937 2004">
     <span class='ocr_line' id='line_1_44' title="bbox 153 1968 937 2004; baseline 0.003 -10"><span class='ocrx_word' id='word_1_314' title='bbox 153 1969 252 1999; x_wconf 76' lang='grc' dir='ltr'>πάντες</span> <span class='ocrx_word' id='word_1_315' title='bbox 274 1968 412 2004; x_wconf 75' lang='grc' dir='ltr'>ἅνθρωποι</span> <span class='ocrx_word' id='word_1_316' title='bbox 436 1969 528 1995; x_wconf 87' lang='grc' dir='ltr'>δίκαια</span> <span class='ocrx_word' id='word_1_317' title='bbox 554 1968 720 1995; x_wconf 84' lang='grc' dir='ltr'>καθεστάναι</span> <span class='ocrx_word' id='word_1_318' title='bbox 744 1969 891 2004; x_wconf 74' lang='grc' dir='ltr'>νομίζομεν</span> <span class='ocrx_word' id='word_1_319' title='bbox 903 1969 937 2002; x_wconf 79' lang='grc'><strong>⁸⁸,</strong></span> 
     </span>
    </p>
   </div>
   <div class='ocr_carea' id='block_1_45' title="bbox 153 2013 936 2049">
    <p class='ocr_par' dir='ltr' id='par_1_45' title="bbox 153 2013 936 2049">
     <span class='ocr_line' id='line_1_45' title="bbox 153 2013 936 2049; baseline 0.001 -10"><span class='ocrx_word' id='word_1_320' title='bbox 153 2014 263 2048; x_wconf 71' lang='grc' dir='ltr'>προσδεῖ</span> <span class='ocrx_word' id='word_1_321' title='bbox 275 2014 297 2029; x_wconf 85' lang='grc'><strong>¹⁹</strong></span> <span class='ocrx_word' id='word_1_322' title='bbox 318 2015 365 2040; x_wconf 71' lang='grc' dir='ltr'>καὶ</span> <span class='ocrx_word' id='word_1_323' title='bbox 385 2014 434 2048; x_wconf 83' lang='grc' dir='ltr'>τῆς</span> <span class='ocrx_word' id='word_1_324' title='bbox 458 2015 489 2040; x_wconf 78' lang='grc' dir='ltr'><strong>ἐκ</strong></span> <span class='ocrx_word' id='word_1_325' title='bbox 511 2014 564 2040; x_wconf 87' lang='grc' dir='ltr'>τῶν</span> <span class='ocrx_word' id='word_1_326' title='bbox 585 2013 671 2046; x_wconf 86' lang='grc' dir='ltr'>λόγων</span> <span class='ocrx_word' id='word_1_327' title='bbox 692 2013 835 2049; x_wconf 84' lang='grc' dir='ltr'>τερθρείας</span> <span class='ocrx_word' id='word_1_328' title='bbox 861 2014 936 2048; x_wconf 77' lang='grc' dir='ltr'>ἡμῖν.</span> 
     </span>
    </p>
   </div>
   <div class='ocr_carea' id='block_1_46' title="bbox 154 2059 938 2095">
    <p class='ocr_par' dir='ltr' id='par_1_46' title="bbox 154 2059 938 2095">
     <span class='ocr_line' id='line_1_46' title="bbox 154 2059 938 2095; baseline 0.001 -9"><span class='ocrx_word' id='word_1_329' title='bbox 154 2060 303 2095; x_wconf 77' lang='grc' dir='ltr'>Τοιγαροῦν</span> <span class='ocrx_word' id='word_1_330' title='bbox 321 2060 367 2086; x_wconf 81' lang='grc' dir='ltr'>καὶ</span> <span class='ocrx_word' id='word_1_331' title='bbox 385 2061 413 2092; x_wconf 82' lang='grc' dir='ltr'><strong>ἐς</strong></span> <span class='ocrx_word' id='word_1_332' title='bbox 432 2060 581 2095; x_wconf 83' lang='grc' dir='ltr'>ἐκκλησίαν</span> <span class='ocrx_word' id='word_1_333' title='bbox 602 2059 831 2095; x_wconf 77' lang='grc' dir='ltr'>ξυνεληλύθαμεν,</span> <span class='ocrx_word' id='word_1_334' title='bbox 848 2060 885 2091; x_wconf 80' lang='grc' dir='ltr'>ὡς</span> <span class='ocrx_word' id='word_1_335' title='bbox 905 2060 938 2087; x_wconf 80' lang='grc' dir='ltr'>ἂν</span> 
     </span>
    </p>
   </div>
   <div class='ocr_carea' id='block_1_47' title="bbox 153 2105 940 2140">
    <p class='ocr_par' dir='ltr' id='par_1_47' title="bbox 153 2105 940 2140">
     <span class='ocr_line' id='line_1_47' title="bbox 153 2105 940 2140; baseline 0.001 -9"><span class='ocrx_word' id='word_1_336' title='bbox 153 2106 295 2140; x_wconf 75' lang='grc' dir='ltr'>πείσωμεν</span> <span class='ocrx_word' id='word_1_337' title='bbox 305 2106 326 2121; x_wconf 75' lang='grc'><strong>³⁸</strong></span> <span class='ocrx_word' id='word_1_338' title='bbox 347 2105 458 2132; x_wconf 74' lang='grc' dir='ltr'>ἕκαστοι</span> <span class='ocrx_word' id='word_1_339' title='bbox 479 2106 540 2137; x_wconf 76' lang='grc' dir='ltr'>τοὺς</span> <span class='ocrx_word' id='word_1_340' title='bbox 552 2106 573 2121; x_wconf 83' lang='grc'><strong>³¹</strong></span> <span class='ocrx_word' id='word_1_341' title='bbox 592 2105 724 2140; x_wconf 85' lang='grc' dir='ltr'>δεινότητι</span> <span class='ocrx_word' id='word_1_342' title='bbox 745 2105 833 2139; x_wconf 85' lang='grc' dir='ltr'>λόγων</span> <span class='ocrx_word' id='word_1_343' title='bbox 854 2106 940 2132; x_wconf 83' lang='grc' dir='ltr'>ἐπιει-</span> 
     </span>
    </p>
   </div>
   <div class='ocr_carea' id='block_1_48' title="bbox 154 2149 939 2187">
    <p class='ocr_par' dir='ltr' id='par_1_48' title="bbox 154 2149 939 2187">
     <span class='ocr_line' id='line_1_48' title="bbox 154 2149 939 2187; baseline 0 -9"><span class='ocrx_word' id='word_1_344' title='bbox 154 2152 211 2182; x_wconf 86' lang='grc' dir='ltr'>κεῖς</span> <span class='ocrx_word' id='word_1_345' title='bbox 229 2149 309 2178; x_wconf 81' lang='grc' dir='ltr'>εἶναι.</span> <span class='ocrx_word' id='word_1_346' title='bbox 321 2151 382 2178; x_wconf 73' lang='grc' dir='ltr'>Ὀτι</span> <span class='ocrx_word' id='word_1_347' title='bbox 401 2151 450 2186; x_wconf 82' lang='grc' dir='ltr'><strong>μὲν</strong></span> <span class='ocrx_word' id='word_1_348' title='bbox 465 2151 512 2178; x_wconf 75' lang='grc' dir='ltr'>οὖν</span> <span class='ocrx_word' id='word_1_349' title='bbox 528 2151 631 2185; x_wconf 77' lang='grc' dir='ltr'>ἀγαθὸν</span> <span class='ocrx_word' id='word_1_350' title='bbox 648 2152 743 2187; x_wconf 77' lang='grc' dir='ltr'>εἰρήνη</span> <span class='ocrx_word' id='word_1_351' title='bbox 763 2152 811 2179; x_wconf 82' lang='grc' dir='ltr'><strong>καὶ</strong></span> <span class='ocrx_word' id='word_1_352' title='bbox 827 2152 939 2178; x_wconf 68' lang='grc' dir='ltr'>τούνανη</span> 
     </span>
    </p>
   </div>
   <div class='ocr_carea' id='block_1_49' title="bbox 153 2199 978 2240">
    <p class='ocr_par' dir='ltr' id='par_1_49' title="bbox 153 2199 978 2240">
     <span class='ocr_line' id='line_1_49' title="bbox 153 2199 978 2240; baseline 0 -15"><span class='ocrx_word' id='word_1_353' title='bbox 153 2200 210 2225; x_wconf 78' lang='grc' dir='ltr'>τίον</span> <span class='ocrx_word' id='word_1_354' title='bbox 227 2199 344 2234; x_wconf 70' lang='grc' dir='ltr'>πονηρὸν</span> <span class='ocrx_word' id='word_1_355' title='bbox 359 2200 372 2226; x_wconf 83' lang='grc' dir='ltr'>ὁ</span> <span class='ocrx_word' id='word_1_356' title='bbox 389 2199 519 2234; x_wconf 78' lang='grc' dir='ltr'>πόλεμος,</span> <span class='ocrx_word' id='word_1_357' title='bbox 536 2199 625 2231; x_wconf 75' lang='grc' dir='ltr'>οὐδεὶς</span> <span class='ocrx_word' id='word_1_358' title='bbox 641 2200 760 2235; x_wconf 56' lang='grc' dir='ltr'>ἀντερεῖ,</span> <span class='ocrx_word' id='word_1_359' title='bbox 774 2200 806 2226; x_wconf 77' lang='lat' dir='ltr'><strong>Ei</strong></span> <span class='ocrx_word' id='word_1_360' title='bbox 821 2199 876 2234; x_wconf 79' lang='grc' dir='ltr'>γὰρ</span> <span class='ocrx_word' id='word_1_361' title='bbox 893 2199 939 2226; x_wconf 81' lang='grc' dir='ltr'><strong>καὶ</strong></span> <span class='ocrx_word' id='word_1_362' title='bbox 956 2212 978 2240; x_wconf 79' lang='lat' dir='ltr'><strong>D</strong></span> 
     </span>
    </p>
   </div>
   <div class='ocr_carea' id='block_1_50' title="bbox 154 2244 938 2280">
    <p class='ocr_par' dir='ltr' id='par_1_50' title="bbox 154 2244 938 2280">
     <span class='ocr_line' id='line_1_50' title="bbox 154 2244 938 2280; baseline 0 -8"><span class='ocrx_word' id='word_1_363' title='bbox 154 2245 231 2280; x_wconf 75' lang='grc' dir='ltr'>παρὰ</span> <span class='ocrx_word' id='word_1_364' title='bbox 244 2244 292 2280; x_wconf 85' lang='grc' dir='ltr'>τὴν</span> <span class='ocrx_word' id='word_1_365' title='bbox 308 2245 399 2279; x_wconf 84' lang='grc' dir='ltr'>κοινὴν</span> <span class='ocrx_word' id='word_1_366' title='bbox 415 2245 468 2272; x_wconf 85' lang='grc' dir='ltr'><strong>τῶν</strong></span> <span class='ocrx_word' id='word_1_367' title='bbox 484 2244 635 2280; x_wconf 85' lang='grc' dir='ltr'>ἀνθρώπων</span> <span class='ocrx_word' id='word_1_368' title='bbox 649 2245 728 2275; x_wconf 78' lang='grc' dir='ltr'>δόξαν</span> <span class='ocrx_word' id='word_1_369' title='bbox 745 2245 852 2280; x_wconf 76' lang='grc' dir='ltr'>βέϐαιον</span> <span class='ocrx_word' id='word_1_370' title='bbox 867 2247 938 2280; x_wconf 76' lang='grc' dir='ltr'>ἡγη-</span> 
     </span>
    </p>
   </div>
   <div class='ocr_carea' id='block_1_51' title="bbox 155 2287 940 2326">
    <p class='ocr_par' dir='ltr' id='par_1_51' title="bbox 155 2287 940 2326">
     <span class='ocr_line' id='line_1_51' title="bbox 155 2287 940 2326; baseline 0.001 -10"><span class='ocrx_word' id='word_1_371' title='bbox 155 2290 257 2325; x_wconf 82' lang='grc' dir='ltr'>σόμεθα</span> <span class='ocrx_word' id='word_1_372' title='bbox 274 2290 303 2316; x_wconf 74' lang='grc' dir='ltr'>τὺ</span> <span class='ocrx_word' id='word_1_373' title='bbox 319 2291 408 2325; x_wconf 81' lang='grc' dir='ltr'>νικᾷν,</span> <span class='ocrx_word' id='word_1_374' title='bbox 426 2287 504 2325; x_wconf 75' lang='grc' dir='ltr'>οἴμαι</span> <span class='ocrx_word' id='word_1_375' title='bbox 518 2290 564 2316; x_wconf 72' lang='grc' dir='ltr'>τὸν</span> <span class='ocrx_word' id='word_1_376' title='bbox 579 2291 740 2324; x_wconf 84' lang='grc' dir='ltr'>νενικηκότα</span> <span class='ocrx_word' id='word_1_377' title='bbox 755 2290 873 2317; x_wconf 84' lang='grc' dir='ltr'>κάκιστα</span> <span class='ocrx_word' id='word_1_378' title='bbox 890 2291 940 2326; x_wconf 77' lang='grc' dir='ltr'><strong>ζῇν</strong></span> 
     </span>
    </p>
   </div>
   <div class='ocr_carea' id='block_1_52' title="bbox 155 2332 941 2371">
    <p class='ocr_par' dir='ltr' id='par_1_52' title="bbox 155 2332 941 2371">
     <span class='ocr_line' id='line_1_52' title="bbox 155 2332 941 2371; baseline 0 -9"><span class='ocrx_word' id='word_1_379' title='bbox 155 2336 184 2369; x_wconf 76' lang='grc' dir='ltr'>ἐξ</span> <span class='ocrx_word' id='word_1_380' title='bbox 198 2332 235 2362; x_wconf 82' lang='grc' dir='ltr'>ὧν</span> <span class='ocrx_word' id='word_1_381' title='bbox 247 2335 410 2371; x_wconf 73' lang='grc' dir='ltr'>δακρύουσιν</span> <span class='ocrx_word' id='word_1_382' title='bbox 422 2335 522 2370; x_wconf 85' lang='grc' dir='ltr'>ἐτεροι.</span> <span class='ocrx_word' id='word_1_383' title='bbox 535 2335 613 2362; x_wconf 80' lang='grc' dir='ltr'>Οὕτω</span> <span class='ocrx_word' id='word_1_384' title='bbox 628 2335 713 2370; x_wconf 62' lang='grc' dir='ltr'>δήπου</span> <span class='ocrx_word' id='word_1_385' title='bbox 728 2337 775 2362; x_wconf 72' lang='grc' dir='ltr'>καὶ</span> <span class='ocrx_word' id='word_1_386' title='bbox 786 2336 816 2362; x_wconf 88' lang='grc' dir='ltr'>τὺ</span> <span class='ocrx_word' id='word_1_387' title='bbox 831 2338 941 2371; x_wconf 83' lang='grc' dir='ltr'>κρατεῖν</span> 
     </span>
    </p>
   </div>
   <div class='ocr_carea' id='block_1_53' title="bbox 154 2381 942 2418">
    <p class='ocr_par' dir='ltr' id='par_1_53' title="bbox 154 2381 942 2418">
     <span class='ocr_line' id='line_1_53' title="bbox 154 2381 942 2418; baseline 0 -10"><span class='ocrx_word' id='word_1_388' title='bbox 154 2382 284 2418; x_wconf 73' lang='grc' dir='ltr'>λυπηρὸν,</span> <span class='ocrx_word' id='word_1_389' title='bbox 303 2383 340 2417; x_wconf 78' lang='grc' dir='ltr'>μή</span> <span class='ocrx_word' id='word_1_390' title='bbox 358 2382 384 2408; x_wconf 86' lang='grc' dir='ltr'><strong>τί</strong></span> <span class='ocrx_word' id='word_1_391' title='bbox 404 2390 435 2416; x_wconf 86' lang='grc' dir='ltr'><strong>γε</strong></span> <span class='ocrx_word' id='word_1_392' title='bbox 454 2381 484 2407; x_wconf 74' lang='grc' dir='ltr'><strong>το</strong></span> <span class='ocrx_word' id='word_1_393' title='bbox 505 2381 665 2415; x_wconf 84' lang='grc' dir='ltr'>κρατεῖσθαι</span> <span class='ocrx_word' id='word_1_394' title='bbox 683 2381 878 2417; x_wconf 84' lang='grc' dir='ltr'>λυπηρότερον.</span> <span class='ocrx_word' id='word_1_395' title='bbox 897 2382 942 2408; x_wconf 75' lang='grc' dir='ltr'><strong>Διὸ</strong></span> 
     </span>
    </p>
   </div>
   <div class='ocr_carea' id='block_1_54' title="bbox 155 2427 940 2462">
    <p class='ocr_par' dir='ltr' id='par_1_54' title="bbox 155 2427 940 2462">
     <span class='ocr_line' id='line_1_54' title="bbox 155 2427 940 2462; baseline 0 -8"><span class='ocrx_word' id='word_1_396' title='bbox 155 2428 243 2454; x_wconf 78' lang='grc' dir='ltr'>τοίνυν</span> <span class='ocrx_word' id='word_1_397' title='bbox 264 2430 277 2454; x_wconf 80' lang='grc' dir='ltr'>ὁ</span> <span class='ocrx_word' id='word_1_398' title='bbox 299 2428 358 2454; x_wconf 79' lang='grc' dir='ltr'>καθ’</span> <span class='ocrx_word' id='word_1_399' title='bbox 373 2428 445 2462; x_wconf 79' lang='grc' dir='ltr'>ἡμᾶς</span> <span class='ocrx_word' id='word_1_400' title='bbox 466 2427 592 2462; x_wconf 84' lang='grc' dir='ltr'>βασιλεὺς</span> <span class='ocrx_word' id='word_1_401' title='bbox 613 2427 769 2454; x_wconf 81' lang='grc' dir='ltr'>ἀπέσταλκε</span> <span class='ocrx_word' id='word_1_402' title='bbox 792 2428 940 2462; x_wconf 78' lang='grc' dir='ltr'>σπεισομέ-</span> 
     </span>
    </p>
   </div>
   <div class='ocr_carea' id='block_1_55' title="bbox 157 2473 941 2508">
    <p class='ocr_par' dir='ltr' id='par_1_55' title="bbox 157 2473 941 2508">
     <span class='ocr_line' id='line_1_55' title="bbox 157 2473 941 2508; baseline 0.001 -9"><span class='ocrx_word' id='word_1_403' title='bbox 157 2481 219 2504; x_wconf 77' lang='grc' dir='ltr'>νους</span> <span class='ocrx_word' id='word_1_404' title='bbox 237 2474 312 2508; x_wconf 78' lang='grc' dir='ltr'>ἡμᾶς</span> <span class='ocrx_word' id='word_1_405' title='bbox 334 2474 379 2499; x_wconf 74' lang='grc' dir='ltr'><strong>καὶ</strong></span> <span class='ocrx_word' id='word_1_406' title='bbox 396 2473 546 2507; x_wconf 81' lang='grc' dir='ltr'>προτέρους</span> <span class='ocrx_word' id='word_1_407' title='bbox 567 2473 756 2505; x_wconf 82' lang='grc' dir='ltr'>ίκετεύσοντας</span> <span class='ocrx_word' id='word_1_408' title='bbox 775 2474 941 2500; x_wconf 79' lang='grc' dir='ltr'>καταθέσθαι</span> 
     </span>
    </p>
   </div>
   <div class='ocr_carea' id='block_1_56' title="bbox 158 2516 942 2552">
    <p class='ocr_par' dir='ltr' id='par_1_56' title="bbox 158 2516 942 2552">
     <span class='ocr_line' id='line_1_56' title="bbox 158 2516 942 2552; baseline 0.001 -9"><span class='ocrx_word' id='word_1_409' title='bbox 158 2518 203 2543; x_wconf 71' lang='grc' dir='ltr'>τὸν</span> <span class='ocrx_word' id='word_1_410' title='bbox 219 2516 345 2551; x_wconf 84' lang='grc' dir='ltr'>πόλεμον,</span> <span class='ocrx_word' id='word_1_411' title='bbox 361 2518 410 2552; x_wconf 86' lang='grc' dir='ltr'><strong>οὐχ</strong></span> <span class='ocrx_word' id='word_1_412' title='bbox 424 2517 460 2548; x_wconf 85' lang='grc' dir='ltr'>ὼς</span> <span class='ocrx_word' id='word_1_413' title='bbox 476 2517 568 2548; x_wconf 86' lang='grc' dir='ltr'>δεδιὼς</span> <span class='ocrx_word' id='word_1_414' title='bbox 586 2517 634 2552; x_wconf 85' lang='grc' dir='ltr'>μὲν</span> <span class='ocrx_word' id='word_1_415' title='bbox 648 2517 683 2544; x_wconf 84' lang='grc' dir='ltr'><strong>τὰ</strong></span> <span class='ocrx_word' id='word_1_416' title='bbox 698 2517 827 2552; x_wconf 80' lang='grc' dir='ltr'>πολέμια,</span> <span class='ocrx_word' id='word_1_417' title='bbox 844 2518 942 2551; x_wconf 64' lang='grc' dir='ltr'><strong>φοϐού-</strong></span> 
     </span>
    </p>
   </div>
   <div class='ocr_carea' id='block_1_57' title="bbox 160 2562 944 2598">
    <p class='ocr_par' dir='ltr' id='par_1_57' title="bbox 160 2562 944 2598">
     <span class='ocr_line' id='line_1_57' title="bbox 160 2562 944 2598; baseline 0.001 -10"><span class='ocrx_word' id='word_1_418' title='bbox 160 2571 240 2598; x_wconf 87' lang='grc' dir='ltr'>μενος</span> <span class='ocrx_word' id='word_1_419' title='bbox 264 2562 309 2594; x_wconf 80' lang='grc' dir='ltr'>δὲ,</span> <span class='ocrx_word' id='word_1_420' title='bbox 338 2562 374 2597; x_wconf 86' lang='grc' dir='ltr'>μὴ</span> <span class='ocrx_word' id='word_1_421' title='bbox 399 2562 582 2597; x_wconf 84' lang='grc' dir='ltr'>προφθάσοιτε</span> <span class='ocrx_word' id='word_1_422' title='bbox 607 2562 792 2598; x_wconf 82' lang='grc' dir='ltr'>διαλεγόμενοι</span> <span class='ocrx_word' id='word_1_423' title='bbox 816 2563 944 2598; x_wconf 81' lang='grc' dir='ltr'>πρότεροι</span> 
     </span>
    </p>
   </div>
   <div class='ocr_carea' id='block_1_58' title="bbox 159 2607 943 2650">
    <p class='ocr_par' dir='ltr' id='par_1_58' title="bbox 159 2607 943 2650">
     <span class='ocr_line' id='line_1_58' title="bbox 159 2607 943 2650; baseline -0.001 -15"><span class='ocrx_word' id='word_1_424' title='bbox 159 2609 224 2644; x_wconf 77' lang='grc' dir='ltr'>περὶ</span> <span class='ocrx_word' id='word_1_425' title='bbox 238 2610 286 2644; x_wconf 80' lang='grc' dir='ltr'>τῆς</span> <span class='ocrx_word' id='word_1_426' title='bbox 304 2609 414 2650; x_wconf 70' lang='grc' dir='ltr'>εἰρήνης</span> <span class='ocrx_word' id='word_1_427' title='bbox 428 2610 477 2644; x_wconf 80' lang='grc' dir='ltr'>τῆς</span> <span class='ocrx_word' id='word_1_428' title='bbox 495 2609 624 2643; x_wconf 82' lang='grc' dir='ltr'>φιλτάτης</span> <span class='ocrx_word' id='word_1_429' title='bbox 641 2609 718 2644; x_wconf 76' lang='grc' dir='ltr'>ἡμῖν.</span> <span class='ocrx_word' id='word_1_430' title='bbox 733 2609 779 2644; x_wconf 84' lang='grc' dir='ltr'><strong>Μὴ</strong></span> <span class='ocrx_word' id='word_1_431' title='bbox 795 2608 863 2644; x_wconf 86' lang='grc' dir='ltr'>δῆτα</span> <span class='ocrx_word' id='word_1_432' title='bbox 879 2607 943 2641; x_wconf 80' lang='grc' dir='ltr'>οὗν,</span> 
     </span>
    </p>
   </div>
   <div class='ocr_carea' id='block_1_59' title="bbox 982 236 1768 274">
    <p class='ocr_par' dir='ltr' id='par_1_59' title="bbox 982 236 1768 274">
     <span class='ocr_line' id='line_1_59' title="bbox 982 236 1768 274; baseline -0.008 -8"><span class='ocrx_word' id='word_1_433' title='bbox 982 247 1042 274; x_wconf 74' lang='lat' dir='ltr'><strong>qum</strong></span> <span class='ocrx_word' id='word_1_434' title='bbox 1059 239 1184 267; x_wconf 60' lang='lat' dir='ltr'><strong>maxima;</strong></span> <span class='ocrx_word' id='word_1_435' title='bbox 1193 243 1237 266; x_wconf 87' lang='lat' dir='ltr'><strong>est</strong></span> <span class='ocrx_word' id='word_1_436' title='bbox 1253 239 1323 273; x_wconf 86' lang='lat' dir='ltr'><strong>apud</strong></span> <span class='ocrx_word' id='word_1_437' title='bbox 1345 236 1443 264; x_wconf 79' lang='lat' dir='ltr'><strong>Persas</strong></span> <span class='ocrx_word' id='word_1_438' title='bbox 1464 236 1641 267; x_wconf 69' lang='lat' dir='ltr'><strong>auctoritatis,</strong></span> <span class='ocrx_word' id='word_1_439' title='bbox 1660 236 1768 261; x_wconf 81' lang='lat' dir='ltr'><strong>notuine</strong></span> 
     </span>
    </p>
   </div>
   <div class='ocr_carea' id='block_1_60' title="bbox 980 279 1765 318">
    <p class='ocr_par' dir='ltr' id='par_1_60' title="bbox 980 279 1765 318">
     <span class='ocr_line' id='line_1_60' title="bbox 980 279 1765 318; baseline -0.009 -7"><span class='ocrx_word' id='word_1_440' title='bbox 980 283 1195 318; x_wconf 82' lang='lat' dir='ltr'><strong>.lesdcgusnaph,</strong></span> <span class='ocrx_word' id='word_1_441' title='bbox 1221 282 1268 317; x_wconf 93' lang='lat' dir='ltr'><strong>qui</strong></span> <span class='ocrx_word' id='word_1_442' title='bbox 1291 286 1350 310; x_wconf 83' lang='lat' dir='ltr'><strong>eral</strong></span> <span class='ocrx_word' id='word_1_443' title='bbox 1370 281 1451 308; x_wconf 86' lang='lat' dir='ltr'><strong>etiam</strong></span> <span class='ocrx_word' id='word_1_444' title='bbox 1475 280 1547 315; x_wconf 85' lang='lat' dir='ltr'><strong>regis</strong></span> <span class='ocrx_word' id='word_1_445' title='bbox 1572 279 1765 310; x_wconf 72' lang='lat' dir='ltr'><strong>cubicularius,</strong></span> 
     </span>
    </p>
   </div>
   <div class='ocr_carea' id='block_1_61' title="bbox 983 329 1768 364">
    <p class='ocr_par' dir='ltr' id='par_1_61' title="bbox 983 329 1768 364">
     <span class='ocr_line' id='line_1_61' title="bbox 983 329 1768 364; baseline -0.009 -7"><span class='ocrx_word' id='word_1_446' title='bbox 983 330 1099 357; x_wconf 88' lang='lat' dir='ltr'><strong>advenit.</strong></span> <span class='ocrx_word' id='word_1_447' title='bbox 1116 329 1208 364; x_wconf 80' lang='lat' dir='ltr'><strong>Legati</strong></span> <span class='ocrx_word' id='word_1_448' title='bbox 1234 329 1314 363; x_wconf 88' lang='lat' dir='ltr'><strong>igitur</strong></span> <span class='ocrx_word' id='word_1_449' title='bbox 1331 330 1526 357; x_wconf 85' lang='lat' dir='ltr'><strong>convenerunt,</strong></span> <span class='ocrx_word' id='word_1_450' title='bbox 1541 329 1569 353; x_wconf 84' lang='lat' dir='ltr'><strong>et</strong></span> <span class='ocrx_word' id='word_1_451' title='bbox 1594 332 1646 352; x_wconf 89' lang='lat' dir='ltr'><strong>una</strong></span> <span class='ocrx_word' id='word_1_452' title='bbox 1660 331 1768 359; x_wconf 89' lang='lat' dir='ltr'><strong>quoque</strong></span> 
     </span>
    </p>
   </div>
   <div class='ocr_carea' id='block_1_62' title="bbox 981 370 1768 410">
    <p class='ocr_par' dir='ltr' id='par_1_62' title="bbox 981 370 1768 410">
     <span class='ocr_line' id='line_1_62' title="bbox 981 370 1768 410; baseline -0.006 -8"><span class='ocrx_word' id='word_1_453' title='bbox 981 383 1043 402; x_wconf 88' lang='lat' dir='ltr'><strong>cum</strong></span> <span class='ocrx_word' id='word_1_454' title='bbox 1059 375 1112 402; x_wconf 71' lang='lat' dir='ltr'><strong>illis</strong></span> <span class='ocrx_word' id='word_1_455' title='bbox 1127 375 1247 410; x_wconf 83' lang='lat' dir='ltr'><strong>ipsarum</strong></span> <span class='ocrx_word' id='word_1_456' title='bbox 1265 374 1404 408; x_wconf 81' lang='lat' dir='ltr'><strong>regionum</strong></span> <span class='ocrx_word' id='word_1_457' title='bbox 1421 372 1469 398; x_wconf 83' lang='lat' dir='ltr'><strong>viri</strong></span> <span class='ocrx_word' id='word_1_458' title='bbox 1488 371 1622 406; x_wconf 84' lang='lat' dir='ltr'><strong>primarii,</strong></span> <span class='ocrx_word' id='word_1_459' title='bbox 1638 375 1666 397; x_wconf 90' lang='lat' dir='ltr'><strong>ut</strong></span> <span class='ocrx_word' id='word_1_460' title='bbox 1683 370 1768 397; x_wconf 88' lang='lat' dir='ltr'><strong>dehis</strong></span> 
     </span>
    </p>
   </div>
   <div class='ocr_carea' id='block_1_63' title="bbox 983 415 1770 452">
    <p class='ocr_par' dir='ltr' id='par_1_63' title="bbox 983 415 1770 452">
     <span class='ocr_line' id='line_1_63' title="bbox 983 415 1770 452; baseline -0.006 -5"><span class='ocrx_word' id='word_1_461' title='bbox 983 421 1064 447; x_wconf 81' lang='lat' dir='ltr'><strong>rebus</strong></span> <span class='ocrx_word' id='word_1_462' title='bbox 1077 420 1268 450; x_wconf 76' lang='lat' dir='ltr'><strong>deliberarent,</strong></span> <span class='ocrx_word' id='word_1_463' title='bbox 1284 423 1346 445; x_wconf 84' lang='lat' dir='ltr'><strong>sunt</strong></span> <span class='ocrx_word' id='word_1_464' title='bbox 1366 417 1535 452; x_wconf 76' lang='lat' dir='ltr'><strong>congregati.</strong></span> <span class='ocrx_word' id='word_1_465' title='bbox 1552 416 1628 450; x_wconf 83' lang='lat' dir='ltr'><strong>Apud</strong></span> <span class='ocrx_word' id='word_1_466' title='bbox 1640 424 1708 449; x_wconf 85' lang='lat' dir='ltr'><strong>quos</strong></span> <span class='ocrx_word' id='word_1_467' title='bbox 1720 415 1770 442; x_wconf 81' lang='lat' dir='ltr'><strong>Pe-</strong></span> 
     </span>
    </p>
   </div>
   <div class='ocr_carea' id='block_1_64' title="bbox 983 461 1769 498">
    <p class='ocr_par' dir='ltr' id='par_1_64' title="bbox 983 461 1769 498">
     <span class='ocr_line' id='line_1_64' title="bbox 983 461 1769 498; baseline -0.006 -6"><span class='ocrx_word' id='word_1_468' title='bbox 983 470 1052 497; x_wconf 87' lang='lat' dir='ltr'><strong>trus,</strong></span> <span class='ocrx_word' id='word_1_469' title='bbox 1068 464 1249 492; x_wconf 80' lang='lat' dir='ltr'><strong>Romanorum</strong></span> <span class='ocrx_word' id='word_1_470' title='bbox 1265 463 1377 498; x_wconf 87' lang='lat' dir='ltr'><strong>legatus,</strong></span> <span class='ocrx_word' id='word_1_471' title='bbox 1397 469 1457 490; x_wconf 86' lang='lat' dir='ltr'><strong>cum</strong></span> <span class='ocrx_word' id='word_1_472' title='bbox 1473 462 1600 489; x_wconf 86' lang='lat' dir='ltr'><strong>omnibus</strong></span> <span class='ocrx_word' id='word_1_473' title='bbox 1617 461 1769 494; x_wconf 85' lang='lat' dir='ltr'><strong>disciplinis</strong></span> 
     </span>
    </p>
   </div>
   <div class='ocr_carea' id='block_1_65' title="bbox 983 507 1771 542">
    <p class='ocr_par' dir='ltr' id='par_1_65' title="bbox 983 507 1771 542">
     <span class='ocr_line' id='line_1_65' title="bbox 983 507 1771 542; baseline -0.008 -5"><span class='ocrx_word' id='word_1_474' title='bbox 983 510 1059 537; x_wconf 88' lang='lat' dir='ltr'><strong>valde</strong></span> <span class='ocrx_word' id='word_1_475' title='bbox 1070 510 1204 541; x_wconf 80' lang='lat' dir='ltr'><strong>excultus,</strong></span> <span class='ocrx_word' id='word_1_476' title='bbox 1220 514 1273 536; x_wconf 91' lang='lat' dir='ltr'><strong>tum</strong></span> <span class='ocrx_word' id='word_1_477' title='bbox 1290 508 1423 542; x_wconf 65' lang='lat' dir='ltr'><strong>prmcipue</strong></span> <span class='ocrx_word' id='word_1_478' title='bbox 1438 508 1463 535; x_wconf 93' lang='lat' dir='ltr'><strong>iu</strong></span> <span class='ocrx_word' id='word_1_479' title='bbox 1474 507 1535 541; x_wconf 86' lang='lat' dir='ltr'><strong>jure</strong></span> <span class='ocrx_word' id='word_1_480' title='bbox 1551 511 1685 538; x_wconf 81' lang='lat' dir='ltr'><strong>versatus,</strong></span> <span class='ocrx_word' id='word_1_481' title='bbox 1698 516 1707 532; x_wconf 88' lang='grc' dir='ltr'><strong>ι</strong></span> <span class='ocrx_word' id='word_1_482' title='bbox 1722 507 1771 532; x_wconf 61' lang='lat' dir='ltr'><strong>Ae!-</strong></span> 
     </span>
    </p>
   </div>
   <div class='ocr_carea' id='block_1_66' title="bbox 983 553 1771 588">
    <p class='ocr_par' dir='ltr' id='par_1_66' title="bbox 983 553 1771 588">
     <span class='ocr_line' id='line_1_66' title="bbox 983 553 1771 588; baseline -0.008 -5"><span class='ocrx_word' id='word_1_483' title='bbox 983 563 1087 588; x_wconf 83' lang='lat' dir='ltr'><strong>sumus,</strong></span> <span class='ocrx_word' id='word_1_484' title='bbox 1104 563 1120 583; x_wconf 92' lang='grc' dir='ltr'><strong>ο</strong></span> <span class='ocrx_word' id='word_1_485' title='bbox 1133 555 1184 582; x_wconf 84' lang='lat' dir='ltr'><strong>viri</strong></span> <span class='ocrx_word' id='word_1_486' title='bbox 1198 554 1298 584; x_wconf 68' lang='lat' dir='ltr'><strong>Persze,</strong></span> <span class='ocrx_word' id='word_1_487' title='bbox 1310 554 1407 588; x_wconf 89' lang='lat' dir='ltr'><strong>inquit,</strong></span> <span class='ocrx_word' id='word_1_488' title='bbox 1422 561 1437 580; x_wconf 75' lang='grc' dir='ltr'><strong>ιι</strong></span> <span class='ocrx_word' id='word_1_489' title='bbox 1453 553 1634 580; x_wconf 74' lang='lat' dir='ltr'><strong>llotnauorum</strong></span> <span class='ocrx_word' id='word_1_490' title='bbox 1654 553 1771 586; x_wconf 88' lang='lat' dir='ltr'><strong>impera-</strong></span> 
     </span>
    </p>
   </div>
   <div class='ocr_carea' id='block_1_67' title="bbox 985 598 1765 634">
    <p class='ocr_par' dir='ltr' id='par_1_67' title="bbox 985 598 1765 634">
     <span class='ocr_line' id='line_1_67' title="bbox 985 598 1765 634; baseline -0.005 -8"><span class='ocrx_word' id='word_1_491' title='bbox 985 606 1042 628; x_wconf 87' lang='lat' dir='ltr'><strong>tore</strong></span> <span class='ocrx_word' id='word_1_492' title='bbox 1056 600 1217 634; x_wconf 74' lang='lat' dir='ltr'><strong>missi.Quis</strong></span> <span class='ocrx_word' id='word_1_493' title='bbox 1230 607 1294 626; x_wconf 91' lang='lat' dir='ltr'><strong>vero</strong></span> <span class='ocrx_word' id='word_1_494' title='bbox 1309 603 1336 626; x_wconf 89' lang='lat' dir='ltr'><strong>et</strong></span> <span class='ocrx_word' id='word_1_495' title='bbox 1353 599 1441 633; x_wconf 82' lang='lat' dir='ltr'><strong>qualis</strong></span> <span class='ocrx_word' id='word_1_496' title='bbox 1452 598 1488 625; x_wconf 81' lang='lat' dir='ltr'><strong>sit</strong></span> <span class='ocrx_word' id='word_1_497' title='bbox 1501 603 1593 625; x_wconf 87' lang='lat' dir='ltr'><strong>noster</strong></span> <span class='ocrx_word' id='word_1_498' title='bbox 1609 598 1765 632; x_wconf 86' lang='lat' dir='ltr'><strong>imperator,</strong></span> 
     </span>
    </p>
   </div>
   <div class='ocr_carea' id='block_1_68' title="bbox 983 643 1774 680">
    <p class='ocr_par' dir='ltr' id='par_1_68' title="bbox 983 643 1774 680">
     <span class='ocr_line' id='line_1_68' title="bbox 983 643 1774 680; baseline -0.005 -7"><span class='ocrx_word' id='word_1_499' title='bbox 983 653 1179 680; x_wconf 87' lang='lat' dir='ltr'><strong>supervacuum</strong></span> <span class='ocrx_word' id='word_1_500' title='bbox 1202 649 1245 672; x_wconf 83' lang='lat' dir='ltr'><strong>est</strong></span> <span class='ocrx_word' id='word_1_501' title='bbox 1269 645 1369 671; x_wconf 81' lang='lat' dir='ltr'><strong>dicere.</strong></span> <span class='ocrx_word' id='word_1_502' title='bbox 1393 644 1496 670; x_wconf 86' lang='lat' dir='ltr'><strong>Etenim</strong></span> <span class='ocrx_word' id='word_1_503' title='bbox 1514 643 1572 678; x_wconf 84' lang='lat' dir='ltr'><strong>ejus</strong></span> <span class='ocrx_word' id='word_1_504' title='bbox 1594 651 1674 677; x_wconf 89' lang='lat' dir='ltr'><strong>opera</strong></span> <span class='ocrx_word' id='word_1_505' title='bbox 1697 643 1774 670; x_wconf 82' lang='lat' dir='ltr'><strong>vobs</strong></span> 
     </span>
    </p>
   </div>
   <div class='ocr_carea' id='block_1_69' title="bbox 985 689 1771 723">
    <p class='ocr_par' dir='ltr' id='par_1_69' title="bbox 985 689 1771 723">
     <span class='ocr_line' id='line_1_69' title="bbox 985 689 1771 723; baseline -0.004 -6"><span class='ocrx_word' id='word_1_506' title='bbox 985 691 1070 718; x_wconf 88' lang='lat' dir='ltr'><strong>virum</strong></span> <span class='ocrx_word' id='word_1_507' title='bbox 1084 692 1270 718; x_wconf 83' lang='lat' dir='ltr'><strong>demonstrant</strong></span> <span class='ocrx_word' id='word_1_508' title='bbox 1283 696 1310 718; x_wconf 88' lang='lat' dir='ltr'><strong>et</strong></span> <span class='ocrx_word' id='word_1_509' title='bbox 1326 690 1456 717; x_wconf 89' lang='lat' dir='ltr'><strong>indicant.</strong></span> <span class='ocrx_word' id='word_1_510' title='bbox 1468 689 1569 716; x_wconf 87' lang='lat' dir='ltr'><strong>Adsum</strong></span> <span class='ocrx_word' id='word_1_511' title='bbox 1587 689 1665 723; x_wconf 84' lang='lat' dir='ltr'><strong>igitur</strong></span> <span class='ocrx_word' id='word_1_512' title='bbox 1677 694 1705 715; x_wconf 92' lang='lat' dir='ltr'><strong>ut</strong></span> <span class='ocrx_word' id='word_1_513' title='bbox 1716 689 1771 723; x_wconf 84' lang='lat' dir='ltr'><strong>jam</strong></span> 
     </span>
    </p>
   </div>
   <div class='ocr_carea' id='block_1_70' title="bbox 986 735 1773 770">
    <p class='ocr_par' dir='ltr' id='par_1_70' title="bbox 986 735 1773 770">
     <span class='ocr_line' id='line_1_70' title="bbox 986 735 1773 770; baseline -0.005 -6"><span class='ocrx_word' id='word_1_514' title='bbox 986 738 1066 765; x_wconf 87' lang='lat' dir='ltr'><strong>initas</strong></span> <span class='ocrx_word' id='word_1_515' title='bbox 1079 742 1106 764; x_wconf 89' lang='lat' dir='ltr'><strong>et</strong></span> <span class='ocrx_word' id='word_1_516' title='bbox 1122 737 1208 764; x_wconf 80' lang='lat' dir='ltr'><strong>factas</strong></span> <span class='ocrx_word' id='word_1_517' title='bbox 1226 736 1419 764; x_wconf 85' lang='lat' dir='ltr'><strong>conventiones</strong></span> <span class='ocrx_word' id='word_1_518' title='bbox 1433 737 1466 763; x_wconf 81' lang='lat' dir='ltr'><strong>ad</strong></span> <span class='ocrx_word' id='word_1_519' title='bbox 1485 735 1633 770; x_wconf 85' lang='lat' dir='ltr'><strong>perlectam</strong></span> <span class='ocrx_word' id='word_1_520' title='bbox 1646 739 1673 761; x_wconf 90' lang='lat' dir='ltr'><strong>et</strong></span> <span class='ocrx_word' id='word_1_521' title='bbox 1689 735 1773 761; x_wconf 86' lang='lat' dir='ltr'><strong>abso-</strong></span> 
     </span>
    </p>
   </div>
   <div class='ocr_carea' id='block_1_71' title="bbox 985 779 1774 817">
    <p class='ocr_par' dir='ltr' id='par_1_71' title="bbox 985 779 1774 817">
     <span class='ocr_line' id='line_1_71' title="bbox 985 779 1774 817; baseline -0.004 -8"><span class='ocrx_word' id='word_1_522' title='bbox 985 782 1066 809; x_wconf 90' lang='lat' dir='ltr'><strong>lutam</strong></span> <span class='ocrx_word' id='word_1_523' title='bbox 1085 790 1176 817; x_wconf 85' lang='lat' dir='ltr'><strong>pacem</strong></span> <span class='ocrx_word' id='word_1_524' title='bbox 1199 782 1349 810; x_wconf 89' lang='lat' dir='ltr'><strong>traducam.</strong></span> <span class='ocrx_word' id='word_1_525' title='bbox 1366 781 1422 816; x_wconf 86' lang='lat' dir='ltr'><strong>Ego</strong></span> <span class='ocrx_word' id='word_1_526' title='bbox 1440 789 1504 808; x_wconf 89' lang='lat' dir='ltr'><strong>vero</strong></span> <span class='ocrx_word' id='word_1_527' title='bbox 1525 781 1640 815; x_wconf 84' lang='lat' dir='ltr'><strong>primum</strong></span> <span class='ocrx_word' id='word_1_528' title='bbox 1656 779 1728 814; x_wconf 89' lang='lat' dir='ltr'><strong>quali</strong></span> <span class='ocrx_word' id='word_1_529' title='bbox 1747 784 1774 807; x_wconf 83' lang='lat' dir='ltr'><strong>et</strong></span> 
     </span>
    </p>
   </div>
   <div class='ocr_carea' id='block_1_72' title="bbox 986 825 1771 862">
    <p class='ocr_par' dir='ltr' id='par_1_72' title="bbox 986 825 1771 862">
     <span class='ocr_line' id='line_1_72' title="bbox 986 825 1771 862; baseline -0.005 -8"><span class='ocrx_word' id='word_1_530' title='bbox 986 835 1067 861; x_wconf 86' lang='lat' dir='ltr'><strong>quam</strong></span> <span class='ocrx_word' id='word_1_531' title='bbox 1091 827 1193 862; x_wconf 83' lang='lat' dir='ltr'><strong>potenti</strong></span> <span class='ocrx_word' id='word_1_532' title='bbox 1218 835 1278 854; x_wconf 88' lang='lat' dir='ltr'><strong>cum</strong></span> <span class='ocrx_word' id='word_1_533' title='bbox 1306 829 1404 861; x_wconf 88' lang='lat' dir='ltr'><strong>popqu</strong></span> <span class='ocrx_word' id='word_1_534' title='bbox 1430 825 1578 853; x_wconf 74' lang='lat' dir='ltr'><strong>amicitiam</strong></span> <span class='ocrx_word' id='word_1_535' title='bbox 1603 825 1771 853; x_wconf 77' lang='lat' dir='ltr'><strong>conti-acturi</strong></span> 
     </span>
    </p>
   </div>
   <div class='ocr_carea' id='block_1_73' title="bbox 949 866 1772 906">
    <p class='ocr_par' dir='ltr' id='par_1_73' title="bbox 949 866 1772 906">
     <span class='ocr_line' id='line_1_73' title="bbox 949 866 1772 906; baseline -0.006 -5"><span class='ocrx_word' id='word_1_536' title='bbox 949 866 969 893; x_wconf 73' lang='grc' dir='ltr'><strong>Β</strong></span> <span class='ocrx_word' id='word_1_537' title='bbox 984 873 1055 905; x_wconf 84' lang='lat' dir='ltr'><strong>silis,</strong></span> <span class='ocrx_word' id='word_1_538' title='bbox 1067 873 1145 901; x_wconf 75' lang='lat' dir='ltr'><strong>vobis</strong></span> <span class='ocrx_word' id='word_1_539' title='bbox 1154 873 1298 900; x_wconf 72' lang='lat' dir='ltr'><strong>ostendere</strong></span> <span class='ocrx_word' id='word_1_540' title='bbox 1315 873 1386 901; x_wconf 81' lang='lat' dir='ltr'><strong>volo.</strong></span> <span class='ocrx_word' id='word_1_541' title='bbox 1399 873 1475 906; x_wconf 84' lang='lat' dir='ltr'><strong>Quod</strong></span> <span class='ocrx_word' id='word_1_542' title='bbox 1489 873 1509 899; x_wconf 88' lang='lat' dir='ltr'><strong>si</strong></span> <span class='ocrx_word' id='word_1_543' title='bbox 1525 871 1626 899; x_wconf 78' lang='lat' dir='ltr'><strong>multus</strong></span> <span class='ocrx_word' id='word_1_544' title='bbox 1638 871 1664 898; x_wconf 89' lang='lat' dir='ltr'><strong>in</strong></span> <span class='ocrx_word' id='word_1_545' title='bbox 1682 871 1772 898; x_wconf 87' lang='lat' dir='ltr'><strong>dicen-</strong></span> 
     </span>
    </p>
   </div>
   <div class='ocr_carea' id='block_1_74' title="bbox 987 916 1774 952">
    <p class='ocr_par' dir='ltr' id='par_1_74' title="bbox 987 916 1774 952">
     <span class='ocr_line' id='line_1_74' title="bbox 987 916 1774 952; baseline -0.005 -6"><span class='ocrx_word' id='word_1_546' title='bbox 987 918 1022 946; x_wconf 84' lang='lat' dir='ltr'><strong>do</strong></span> <span class='ocrx_word' id='word_1_547' title='bbox 1033 925 1093 946; x_wconf 89' lang='lat' dir='ltr'><strong>esse</strong></span> <span class='ocrx_word' id='word_1_548' title='bbox 1106 917 1226 950; x_wconf 78' lang='lat' dir='ltr'><strong>videbor,</strong></span> <span class='ocrx_word' id='word_1_549' title='bbox 1242 922 1330 945; x_wconf 86' lang='lat' dir='ltr'><strong>tamen</strong></span> <span class='ocrx_word' id='word_1_550' title='bbox 1343 918 1414 952; x_wconf 89' lang='lat' dir='ltr'><strong>quod</strong></span> <span class='ocrx_word' id='word_1_551' title='bbox 1426 917 1557 944; x_wconf 77' lang='lat' dir='ltr'><strong>Romanis</strong></span> <span class='ocrx_word' id='word_1_552' title='bbox 1568 921 1598 943; x_wconf 85' lang='lat' dir='ltr'><strong>et</strong></span> <span class='ocrx_word' id='word_1_553' title='bbox 1607 916 1698 943; x_wconf 83' lang='lat' dir='ltr'><strong>Persis</strong></span> <span class='ocrx_word' id='word_1_554' title='bbox 1709 924 1774 942; x_wconf 76' lang='lat' dir='ltr'><strong>con-</strong></span> 
     </span>
    </p>
   </div>
   <div class='ocr_carea' id='block_1_75' title="bbox 987 961 1775 998">
    <p class='ocr_par' dir='ltr' id='par_1_75' title="bbox 987 961 1775 998">
     <span class='ocr_line' id='line_1_75' title="bbox 987 961 1775 998; baseline -0.004 -9"><span class='ocrx_word' id='word_1_555' title='bbox 987 964 1067 991; x_wconf 88' lang='lat' dir='ltr'><strong>ducat</strong></span> <span class='ocrx_word' id='word_1_556' title='bbox 1085 964 1273 998; x_wconf 73' lang='lat' dir='ltr'><strong>respicientes,</strong></span> <span class='ocrx_word' id='word_1_557' title='bbox 1289 971 1381 998; x_wconf 73' lang='lat' dir='ltr'><strong>qumso</strong></span> <span class='ocrx_word' id='word_1_558' title='bbox 1403 970 1436 990; x_wconf 92' lang='lat' dir='ltr'><strong>ne</strong></span> <span class='ocrx_word' id='word_1_559' title='bbox 1453 962 1585 989; x_wconf 88' lang='lat' dir='ltr'><strong>orationis</strong></span> <span class='ocrx_word' id='word_1_560' title='bbox 1609 961 1775 995; x_wconf 78' lang='lat' dir='ltr'><strong>longitudine</strong></span> 
     </span>
    </p>
   </div>
   <div class='ocr_carea' id='block_1_76' title="bbox 986 1007 1773 1043">
    <p class='ocr_par' dir='ltr' id='par_1_76' title="bbox 986 1007 1773 1043">
     <span class='ocr_line' id='line_1_76' title="bbox 986 1007 1773 1043; baseline -0.006 -7"><span class='ocrx_word' id='word_1_561' title='bbox 986 1008 1172 1036; x_wconf 76' lang='lat' dir='ltr'><strong>oll‘endamiui.</strong></span> <span class='ocrx_word' id='word_1_562' title='bbox 1192 1008 1259 1036; x_wconf 57' lang='lat' dir='ltr'><strong>ﬁam</strong></span> <span class='ocrx_word' id='word_1_563' title='bbox 1275 1009 1362 1040; x_wconf 82' lang='lat' dir='ltr'><strong>brevi.</strong></span> <span class='ocrx_word' id='word_1_564' title='bbox 1378 1009 1434 1036; x_wconf 60' lang='lat' dir='ltr'><strong>haec</strong></span> <span class='ocrx_word' id='word_1_565' title='bbox 1447 1012 1599 1043; x_wconf 87' lang='lat' dir='ltr'><strong>opportuno</strong></span> <span class='ocrx_word' id='word_1_566' title='bbox 1616 1007 1686 1034; x_wconf 84' lang='lat' dir='ltr'><strong>dicta</strong></span> <span class='ocrx_word' id='word_1_567' title='bbox 1703 1013 1773 1037; x_wconf 75' lang='lat' dir='ltr'><strong>esse,</strong></span> 
     </span>
    </p>
   </div>
   <div class='ocr_carea' id='block_1_77' title="bbox 987 1054 1773 1090">
    <p class='ocr_par' dir='ltr' id='par_1_77' title="bbox 987 1054 1773 1090">
     <span class='ocr_line' id='line_1_77' title="bbox 987 1054 1773 1090; baseline -0.005 -8"><span class='ocrx_word' id='word_1_568' title='bbox 987 1055 1138 1090; x_wconf 86' lang='lat' dir='ltr'><strong>apparebit,</strong></span> <span class='ocrx_word' id='word_1_569' title='bbox 1159 1055 1313 1088; x_wconf 61' lang='lat' dir='ltr'><strong>etglaudem</strong></span> <span class='ocrx_word' id='word_1_570' title='bbox 1332 1062 1348 1082; x_wconf 83' lang='lat' dir='ltr'><strong>a</strong></span> <span class='ocrx_word' id='word_1_571' title='bbox 1365 1054 1441 1082; x_wconf 81' lang='lat' dir='ltr'><strong>vobis</strong></span> <span class='ocrx_word' id='word_1_572' title='bbox 1463 1061 1627 1088; x_wconf 81' lang='lat' dir='ltr'><strong>consequar,</strong></span> <span class='ocrx_word' id='word_1_573' title='bbox 1644 1060 1705 1080; x_wconf 90' lang='lat' dir='ltr'><strong>cum</strong></span> <span class='ocrx_word' id='word_1_574' title='bbox 1729 1059 1773 1079; x_wconf 90' lang='lat' dir='ltr'><strong>res</strong></span> 
     </span>
    </p>
   </div>
   <div class='ocr_carea' id='block_1_78' title="bbox 988 1099 1774 1136">
    <p class='ocr_par' dir='ltr' id='par_1_78' title="bbox 988 1099 1774 1136">
     <span class='ocr_line' id='line_1_78' title="bbox 988 1099 1774 1136; baseline -0.005 -8"><span class='ocrx_word' id='word_1_575' title='bbox 988 1102 1053 1135; x_wconf 64' lang='lat' dir='ltr'><strong>ipsa!</strong></span> <span class='ocrx_word' id='word_1_576' title='bbox 1071 1100 1151 1136; x_wconf 57' lang='lat'><strong>135</strong></span> <span class='ocrx_word' id='word_1_577' title='bbox 1166 1108 1214 1128; x_wconf 90' lang='lat' dir='ltr'><strong>vos</strong></span> <span class='ocrx_word' id='word_1_578' title='bbox 1228 1100 1370 1128; x_wconf 87' lang='lat' dir='ltr'><strong>docuerint</strong></span> <span class='ocrx_word' id='word_1_579' title='bbox 1384 1107 1442 1128; x_wconf 83' lang='lat' dir='ltr'><strong>eam</strong></span> <span class='ocrx_word' id='word_1_580' title='bbox 1452 1107 1531 1134; x_wconf 87' lang='lat' dir='ltr'><strong>quam</strong></span> <span class='ocrx_word' id='word_1_581' title='bbox 1541 1106 1573 1126; x_wconf 82' lang='lat' dir='ltr'><strong>ex</strong></span> <span class='ocrx_word' id='word_1_582' title='bbox 1586 1099 1707 1126; x_wconf 86' lang='lat' dir='ltr'><strong>oratione</strong></span> <span class='ocrx_word' id='word_1_583' title='bbox 1716 1105 1774 1125; x_wconf 87' lang='lat' dir='ltr'><strong>mea</strong></span> 
     </span>
    </p>
   </div>
   <div class='ocr_carea' id='block_1_79' title="bbox 989 1144 1773 1182">
    <p class='ocr_par' dir='ltr' id='par_1_79' title="bbox 989 1144 1773 1182">
     <span class='ocr_line' id='line_1_79' title="bbox 989 1144 1773 1182; baseline -0.005 -8"><span class='ocrx_word' id='word_1_584' title='bbox 989 1147 1100 1182; x_wconf 74' lang='lat' dir='ltr'><strong>capietis</strong></span> <span class='ocrx_word' id='word_1_585' title='bbox 1117 1147 1271 1174; x_wconf 90' lang='lat' dir='ltr'><strong>utilitatem.</strong></span> <span class='ocrx_word' id='word_1_586' title='bbox 1298 1147 1350 1175; x_wconf 88' lang='lat' dir='ltr'><strong>Vos</strong></span> <span class='ocrx_word' id='word_1_587' title='bbox 1372 1146 1455 1181; x_wconf 82' lang='lat' dir='ltr'><strong>igitur</strong></span> <span class='ocrx_word' id='word_1_588' title='bbox 1473 1145 1561 1173; x_wconf 63' lang='lat' dir='ltr'><strong>foedus</strong></span> <span class='ocrx_word' id='word_1_589' title='bbox 1578 1149 1605 1172; x_wconf 84' lang='lat' dir='ltr'><strong>et</strong></span> <span class='ocrx_word' id='word_1_590' title='bbox 1625 1144 1773 1172; x_wconf 82' lang='lat' dir='ltr'><strong>amicitiam</strong></span> 
     </span>
    </p>
   </div>
   <div class='ocr_carea' id='block_1_80' title="bbox 988 1190 1776 1225">
    <p class='ocr_par' dir='ltr' id='par_1_80' title="bbox 988 1190 1776 1225">
     <span class='ocr_line' id='line_1_80' title="bbox 988 1190 1776 1225; baseline -0.005 -5"><span class='ocrx_word' id='word_1_591' title='bbox 988 1193 1153 1221; x_wconf 88' lang='lat' dir='ltr'><strong>contrahetis</strong></span> <span class='ocrx_word' id='word_1_592' title='bbox 1167 1201 1227 1220; x_wconf 93' lang='lat' dir='ltr'><strong>cum</strong></span> <span class='ocrx_word' id='word_1_593' title='bbox 1247 1192 1392 1225; x_wconf 84' lang='lat' dir='ltr'><strong>Romanis;</strong></span> <span class='ocrx_word' id='word_1_594' title='bbox 1409 1192 1509 1220; x_wconf 78' lang='lat' dir='ltr'><strong>sullicit</strong></span> <span class='ocrx_word' id='word_1_595' title='bbox 1529 1199 1593 1219; x_wconf 87' lang='lat' dir='ltr'><strong>vero</strong></span> <span class='ocrx_word' id='word_1_596' title='bbox 1610 1191 1700 1218; x_wconf 86' lang='lat' dir='ltr'><strong>dicere</strong></span> <span class='ocrx_word' id='word_1_597' title='bbox 1721 1190 1776 1217; x_wconf 77' lang='lat' dir='ltr'><strong>llo-</strong></span> 
     </span>
    </p>
   </div>
   <div class='ocr_carea' id='block_1_81' title="bbox 991 1235 1776 1270">
    <p class='ocr_par' dir='ltr' id='par_1_81' title="bbox 991 1235 1776 1270">
     <span class='ocr_line' id='line_1_81' title="bbox 991 1235 1776 1270; baseline -0.005 -5"><span class='ocrx_word' id='word_1_598' title='bbox 991 1245 1093 1265; x_wconf 85' lang='lat' dir='ltr'><strong>manos.</strong></span> <span class='ocrx_word' id='word_1_599' title='bbox 1111 1237 1218 1265; x_wconf 84' lang='lat' dir='ltr'><strong>Etenim</strong></span> <span class='ocrx_word' id='word_1_600' title='bbox 1238 1238 1288 1265; x_wconf 90' lang='lat' dir='ltr'><strong>hac</strong></span> <span class='ocrx_word' id='word_1_601' title='bbox 1307 1237 1364 1265; x_wconf 89' lang='lat' dir='ltr'><strong>sola</strong></span> <span class='ocrx_word' id='word_1_602' title='bbox 1384 1237 1605 1266; x_wconf 87' lang='lat' dir='ltr'><strong>denominatione</strong></span> <span class='ocrx_word' id='word_1_603' title='bbox 1618 1236 1722 1270; x_wconf 87' lang='lat' dir='ltr'><strong>reliqua</strong></span> <span class='ocrx_word' id='word_1_604' title='bbox 1735 1235 1776 1262; x_wconf 73' lang='grc' dir='ltr'><strong>[ςι-</strong></span> 
     </span>
    </p>
   </div>
   <div class='ocr_carea' id='block_1_82' title="bbox 991 1283 1777 1319">
    <p class='ocr_par' dir='ltr' id='par_1_82' title="bbox 991 1283 1777 1319">
     <span class='ocr_line' id='line_1_82' title="bbox 991 1283 1777 1319; baseline -0.003 -8"><span class='ocrx_word' id='word_1_605' title='bbox 991 1284 1042 1311; x_wconf 64' lang='lat' dir='ltr'><strong>die</strong></span> <span class='ocrx_word' id='word_1_606' title='bbox 1054 1284 1251 1319; x_wconf 86' lang='lat' dir='ltr'><strong>intelliguntur.</strong></span> <span class='ocrx_word' id='word_1_607' title='bbox 1266 1283 1378 1317; x_wconf 85' lang='lat' dir='ltr'><strong>Oportet</strong></span> <span class='ocrx_word' id='word_1_608' title='bbox 1389 1283 1481 1317; x_wconf 83' lang='lat' dir='ltr'><strong>igitur,</strong></span> <span class='ocrx_word' id='word_1_609' title='bbox 1496 1283 1714 1318; x_wconf 85' lang='lat' dir='ltr'><strong>quandoquidem</strong></span> <span class='ocrx_word' id='word_1_610' title='bbox 1728 1289 1777 1309; x_wconf 83' lang='lat' dir='ltr'><strong>vos</strong></span> 
     </span>
    </p>
   </div>
   <div class='ocr_carea' id='block_1_83' title="bbox 991 1328 1777 1364">
    <p class='ocr_par' dir='ltr' id='par_1_83' title="bbox 991 1328 1777 1364">
     <span class='ocr_line' id='line_1_83' title="bbox 991 1328 1777 1364; baseline -0.001 -9"><span class='ocrx_word' id='word_1_611' title='bbox 991 1336 1051 1355; x_wconf 88' lang='lat' dir='ltr'><strong>cum</strong></span> <span class='ocrx_word' id='word_1_612' title='bbox 1066 1333 1119 1356; x_wconf 88' lang='lat' dir='ltr'><strong>tam</strong></span> <span class='ocrx_word' id='word_1_613' title='bbox 1136 1329 1238 1364; x_wconf 85' lang='lat' dir='ltr'><strong>potenti</strong></span> <span class='ocrx_word' id='word_1_614' title='bbox 1253 1334 1333 1362; x_wconf 85' lang='lat' dir='ltr'><strong>gente</strong></span> <span class='ocrx_word' id='word_1_615' title='bbox 1345 1329 1433 1357; x_wconf 61' lang='lat' dir='ltr'><strong>foedus</strong></span> <span class='ocrx_word' id='word_1_616' title='bbox 1449 1329 1533 1362; x_wconf 88' lang='lat' dir='ltr'><strong>initis,</strong></span> <span class='ocrx_word' id='word_1_617' title='bbox 1548 1335 1635 1363; x_wconf 84' lang='lat' dir='ltr'><strong>neque</strong></span> <span class='ocrx_word' id='word_1_618' title='bbox 1648 1328 1681 1354; x_wconf 90' lang='lat' dir='ltr'><strong>de</strong></span> <span class='ocrx_word' id='word_1_619' title='bbox 1697 1328 1777 1355; x_wconf 91' lang='lat' dir='ltr'><strong>rebus</strong></span> 
     </span>
    </p>
   </div>
   <div class='ocr_carea' id='block_1_84' title="bbox 992 1374 1778 1409">
    <p class='ocr_par' dir='ltr' id='par_1_84' title="bbox 992 1374 1778 1409">
     <span class='ocr_line' id='line_1_84' title="bbox 992 1374 1778 1409; baseline -0.001 -8"><span class='ocrx_word' id='word_1_620' title='bbox 992 1375 1066 1409; x_wconf 84' lang='lat' dir='ltr'><strong>parvi</strong></span> <span class='ocrx_word' id='word_1_621' title='bbox 1090 1375 1218 1402; x_wconf 87' lang='lat' dir='ltr'><strong>momenti</strong></span> <span class='ocrx_word' id='word_1_622' title='bbox 1236 1376 1380 1402; x_wconf 90' lang='lat' dir='ltr'><strong>consilium</strong></span> <span class='ocrx_word' id='word_1_623' title='bbox 1399 1375 1516 1408; x_wconf 81' lang='lat' dir='ltr'><strong>habetis,</strong></span> <span class='ocrx_word' id='word_1_624' title='bbox 1536 1374 1728 1403; x_wconf 62' lang='lat' dir='ltr'><strong>honestissima</strong></span> <span class='ocrx_word' id='word_1_625' title='bbox 1750 1378 1778 1400; x_wconf 87' lang='lat' dir='ltr'><strong>et</strong></span> 
     </span>
    </p>
   </div>
   <div class='ocr_carea' id='block_1_85' title="bbox 992 1422 1777 1458">
    <p class='ocr_par' dir='ltr' id='par_1_85' title="bbox 992 1422 1777 1458">
     <span class='ocr_line' id='line_1_85' title="bbox 992 1422 1777 1458; baseline 0.001 -9"><span class='ocrx_word' id='word_1_626' title='bbox 992 1423 1135 1450; x_wconf 88' lang='lat' dir='ltr'><strong>utilissima</strong></span> <span class='ocrx_word' id='word_1_627' title='bbox 1152 1431 1268 1458; x_wconf 68' lang='lat' dir='ltr'><strong>quaeque</strong></span> <span class='ocrx_word' id='word_1_628' title='bbox 1294 1431 1435 1458; x_wconf 83' lang='lat' dir='ltr'><strong>capessere</strong></span> <span class='ocrx_word' id='word_1_629' title='bbox 1459 1429 1485 1451; x_wconf 93' lang='lat' dir='ltr'><strong>et</strong></span> <span class='ocrx_word' id='word_1_630' title='bbox 1509 1432 1557 1457; x_wconf 87' lang='lat' dir='ltr'><strong>pro</strong></span> <span class='ocrx_word' id='word_1_631' title='bbox 1579 1423 1690 1452; x_wconf 85' lang='lat' dir='ltr'><strong>incertis</strong></span> <span class='ocrx_word' id='word_1_632' title='bbox 1714 1422 1777 1450; x_wconf 87' lang='lat' dir='ltr'><strong>belli</strong></span> 
     </span>
    </p>
   </div>
   <div class='ocr_carea' id='block_1_86' title="bbox 989 1467 1775 1503">
    <p class='ocr_par' dir='ltr' id='par_1_86' title="bbox 989 1467 1775 1503">
     <span class='ocr_line' id='line_1_86' title="bbox 989 1467 1775 1503; baseline 0.001 -10"><span class='ocrx_word' id='word_1_633' title='bbox 989 1467 1173 1495; x_wconf 86' lang='lat' dir='ltr'><strong>certissimum</strong></span> <span class='ocrx_word' id='word_1_634' title='bbox 1203 1468 1328 1495; x_wconf 86' lang='lat' dir='ltr'><strong>omnibus</strong></span> <span class='ocrx_word' id='word_1_635' title='bbox 1353 1468 1515 1496; x_wconf 88' lang='lat' dir='ltr'><strong>mortalibus</strong></span> <span class='ocrx_word' id='word_1_636' title='bbox 1537 1469 1648 1501; x_wconf 89' lang='lat' dir='ltr'><strong>bonum,</strong></span> <span class='ocrx_word' id='word_1_637' title='bbox 1670 1476 1775 1503; x_wconf 85' lang='lat' dir='ltr'><strong>pacem,</strong></span> 
     </span>
    </p>
   </div>
   <div class='ocr_carea' id='block_1_87' title="bbox 990 1512 1776 1548">
    <p class='ocr_par' dir='ltr' id='par_1_87' title="bbox 990 1512 1776 1548">
     <span class='ocr_line' id='line_1_87' title="bbox 990 1512 1776 1548; baseline 0.004 -10"><span class='ocrx_word' id='word_1_638' title='bbox 990 1512 1115 1546; x_wconf 81' lang='lat' dir='ltr'><strong>amplecti</strong></span> <span class='ocrx_word' id='word_1_639' title='bbox 1134 1518 1161 1539; x_wconf 85' lang='lat' dir='ltr'><strong>et</strong></span> <span class='ocrx_word' id='word_1_640' title='bbox 1173 1520 1291 1540; x_wconf 86' lang='lat' dir='ltr'><strong>servare.</strong></span> <span class='ocrx_word' id='word_1_641' title='bbox 1309 1513 1344 1540; x_wconf 84' lang='lat' dir='ltr'><strong>At</strong></span> <span class='ocrx_word' id='word_1_642' title='bbox 1357 1520 1390 1540; x_wconf 88' lang='lat' dir='ltr'><strong>ue</strong></span> <span class='ocrx_word' id='word_1_643' title='bbox 1406 1520 1457 1547; x_wconf 89' lang='lat' dir='ltr'><strong>qua</strong></span> <span class='ocrx_word' id='word_1_644' title='bbox 1474 1513 1570 1540; x_wconf 87' lang='lat' dir='ltr'><strong>blanda</strong></span> <span class='ocrx_word' id='word_1_645' title='bbox 1584 1514 1714 1548; x_wconf 76' lang='lat' dir='ltr'><strong>cogitatio</strong></span> <span class='ocrx_word' id='word_1_646' title='bbox 1729 1522 1776 1541; x_wconf 88' lang='lat' dir='ltr'><strong>vos</strong></span> 
     </span>
    </p>
   </div>
   <div class='ocr_carea' id='block_1_88' title="bbox 991 1557 1776 1594">
    <p class='ocr_par' dir='ltr' id='par_1_88' title="bbox 991 1557 1776 1594">
     <span class='ocr_line' id='line_1_88' title="bbox 991 1557 1776 1594; baseline 0.003 -10"><span class='ocrx_word' id='word_1_647' title='bbox 991 1557 1116 1589; x_wconf 90' lang='lat' dir='ltr'><strong>deludat,</strong></span> <span class='ocrx_word' id='word_1_648' title='bbox 1146 1563 1274 1593; x_wconf 82' lang='lat' dir='ltr'><strong>tauquam</strong></span> <span class='ocrx_word' id='word_1_649' title='bbox 1296 1558 1434 1586; x_wconf 84' lang='lat' dir='ltr'><strong>Romanos</strong></span> <span class='ocrx_word' id='word_1_650' title='bbox 1458 1559 1586 1590; x_wconf 74' lang='lat' dir='ltr'><strong>viceritis,</strong></span> <span class='ocrx_word' id='word_1_651' title='bbox 1608 1559 1681 1591; x_wconf 84' lang='lat' dir='ltr'><strong>elati,</strong></span> <span class='ocrx_word' id='word_1_652' title='bbox 1705 1561 1776 1594; x_wconf 85' lang='lat' dir='ltr'><strong>quod</strong></span> 
     </span>
    </p>
   </div>
   <div class='ocr_carea' id='block_1_89' title="bbox 991 1603 1777 1640">
    <p class='ocr_par' dir='ltr' id='par_1_89' title="bbox 991 1603 1777 1640">
     <span class='ocr_line' id='line_1_89' title="bbox 991 1603 1777 1640; baseline 0.004 -11"><span class='ocrx_word' id='word_1_653' title='bbox 991 1603 1161 1630; x_wconf 81' lang='lat' dir='ltr'><strong>Antiochiam</strong></span> <span class='ocrx_word' id='word_1_654' title='bbox 1175 1608 1201 1631; x_wconf 84' lang='lat' dir='ltr'><strong>et</strong></span> <span class='ocrx_word' id='word_1_655' title='bbox 1217 1604 1268 1631; x_wconf 84' lang='lat' dir='ltr'><strong>alia</strong></span> <span class='ocrx_word' id='word_1_656' title='bbox 1287 1606 1409 1640; x_wconf 63' lang='lat' dir='ltr'><strong>quoniam</strong></span> <span class='ocrx_word' id='word_1_657' title='bbox 1423 1605 1548 1640; x_wconf 86' lang='lat' dir='ltr'><strong>ignobilia</strong></span> <span class='ocrx_word' id='word_1_658' title='bbox 1565 1605 1634 1638; x_wconf 87' lang='lat' dir='ltr'><strong>loca,</strong></span> <span class='ocrx_word' id='word_1_659' title='bbox 1649 1613 1708 1640; x_wconf 64' lang='lat' dir='ltr'><strong>quin</strong></span> <span class='ocrx_word' id='word_1_660' title='bbox 1725 1606 1777 1632; x_wconf 80' lang='lat' dir='ltr'><strong>Bo-</strong></span> 
     </span>
    </p>
   </div>
   <div class='ocr_carea' id='block_1_90' title="bbox 992 1649 1776 1684">
    <p class='ocr_par' dir='ltr' id='par_1_90' title="bbox 992 1649 1776 1684">
     <span class='ocr_line' id='line_1_90' title="bbox 992 1649 1776 1684; baseline 0.005 -11"><span class='ocrx_word' id='word_1_661' title='bbox 992 1654 1132 1675; x_wconf 85' lang='lat' dir='ltr'><strong>manorum</strong></span> <span class='ocrx_word' id='word_1_662' title='bbox 1153 1653 1250 1680; x_wconf 81' lang='lat' dir='ltr'><strong>erant,</strong></span> <span class='ocrx_word' id='word_1_663' title='bbox 1270 1649 1389 1684; x_wconf 88' lang='lat' dir='ltr'><strong>cepistis,</strong></span> <span class='ocrx_word' id='word_1_664' title='bbox 1415 1651 1440 1677; x_wconf 93' lang='lat' dir='ltr'><strong>iu</strong></span> <span class='ocrx_word' id='word_1_665' title='bbox 1462 1650 1513 1677; x_wconf 89' lang='lat' dir='ltr'><strong>hoc</strong></span> <span class='ocrx_word' id='word_1_666' title='bbox 1527 1649 1599 1677; x_wconf 83' lang='lat' dir='ltr'><strong>Deus</strong></span> <span class='ocrx_word' id='word_1_667' title='bbox 1621 1650 1776 1678; x_wconf 77' lang='lat' dir='ltr'><strong>felicitatem</strong></span> 
     </span>
    </p>
   </div>
   <div class='ocr_carea' id='block_1_91' title="bbox 990 1692 1777 1732">
    <p class='ocr_par' dir='ltr' id='par_1_91' title="bbox 990 1692 1777 1732">
     <span class='ocr_line' id='line_1_91' title="bbox 990 1692 1777 1732; baseline 0.005 -13"><span class='ocrx_word' id='word_1_668' title='bbox 990 1692 1186 1726; x_wconf 83' lang='lat' dir='ltr'><strong>Romanorum,</strong></span> <span class='ocrx_word' id='word_1_669' title='bbox 1201 1702 1260 1729; x_wconf 69' lang='lat' dir='ltr'><strong>qum</strong></span> <span class='ocrx_word' id='word_1_670' title='bbox 1278 1695 1359 1722; x_wconf 89' lang='lat' dir='ltr'><strong>nimia</strong></span> <span class='ocrx_word' id='word_1_671' title='bbox 1377 1700 1446 1727; x_wconf 86' lang='lat' dir='ltr'><strong>erat,</strong></span> <span class='ocrx_word' id='word_1_672' title='bbox 1458 1696 1570 1730; x_wconf 88' lang='lat' dir='ltr'><strong>punivit,</strong></span> <span class='ocrx_word' id='word_1_673' title='bbox 1583 1703 1672 1732; x_wconf 86' lang='lat' dir='ltr'><strong>neque</strong></span> <span class='ocrx_word' id='word_1_674' title='bbox 1688 1697 1777 1723; x_wconf 90' lang='lat' dir='ltr'><strong>homi-</strong></span> 
     </span>
    </p>
   </div>
   <div class='ocr_carea' id='block_1_92' title="bbox 992 1739 1776 1776">
    <p class='ocr_par' dir='ltr' id='par_1_92' title="bbox 992 1739 1776 1776">
     <span class='ocr_line' id='line_1_92' title="bbox 992 1739 1776 1776; baseline 0.003 -10"><span class='ocrx_word' id='word_1_675' title='bbox 992 1746 1054 1766; x_wconf 85' lang='lat' dir='ltr'><strong>nem</strong></span> <span class='ocrx_word' id='word_1_676' title='bbox 1081 1739 1192 1767; x_wconf 86' lang='lat' dir='ltr'><strong>bomine</strong></span> <span class='ocrx_word' id='word_1_677' title='bbox 1215 1741 1329 1767; x_wconf 87' lang='lat' dir='ltr'><strong>multum</strong></span> <span class='ocrx_word' id='word_1_678' title='bbox 1353 1746 1483 1776; x_wconf 82' lang='lat' dir='ltr'><strong>praestare</strong></span> <span class='ocrx_word' id='word_1_679' title='bbox 1509 1742 1606 1769; x_wconf 84' lang='lat' dir='ltr'><strong>debere</strong></span> <span class='ocrx_word' id='word_1_680' title='bbox 1637 1743 1776 1770; x_wconf 82' lang='lat' dir='ltr'><strong>indicavit.</strong></span> 
     </span>
    </p>
   </div>
   <div class='ocr_carea' id='block_1_93' title="bbox 992 1784 1777 1821">
    <p class='ocr_par' dir='ltr' id='par_1_93' title="bbox 992 1784 1777 1821">
     <span class='ocr_line' id='line_1_93' title="bbox 992 1784 1777 1821; baseline 0.004 -11"><span class='ocrx_word' id='word_1_681' title='bbox 992 1784 1067 1817; x_wconf 88' lang='lat' dir='ltr'><strong>Quod</strong></span> <span class='ocrx_word' id='word_1_682' title='bbox 1087 1785 1108 1812; x_wconf 89' lang='lat' dir='ltr'><strong>si</strong></span> <span class='ocrx_word' id='word_1_683' title='bbox 1125 1785 1195 1819; x_wconf 90' lang='lat' dir='ltr'><strong>quod</strong></span> <span class='ocrx_word' id='word_1_684' title='bbox 1213 1791 1309 1812; x_wconf 88' lang='lat' dir='ltr'><strong>natura</strong></span> <span class='ocrx_word' id='word_1_685' title='bbox 1320 1785 1421 1821; x_wconf 85' lang='lat' dir='ltr'><strong>justum</strong></span> <span class='ocrx_word' id='word_1_686' title='bbox 1439 1792 1482 1814; x_wconf 85' lang='lat' dir='ltr'><strong>est</strong></span> <span class='ocrx_word' id='word_1_687' title='bbox 1498 1787 1694 1820; x_wconf 87' lang='lat' dir='ltr'><strong>dominaretur,</strong></span> <span class='ocrx_word' id='word_1_688' title='bbox 1711 1788 1777 1815; x_wconf 89' lang='lat' dir='ltr'><strong>nihil</strong></span> 
     </span>
    </p>
   </div>
   <div class='ocr_carea' id='block_1_94' title="bbox 991 1832 1778 1868">
    <p class='ocr_par' dir='ltr' id='par_1_94' title="bbox 991 1832 1778 1868">
     <span class='ocr_line' id='line_1_94' title="bbox 991 1832 1778 1868; baseline 0.003 -10"><span class='ocrx_word' id='word_1_689' title='bbox 991 1838 1059 1865; x_wconf 86' lang='lat' dir='ltr'><strong>opus</strong></span> <span class='ocrx_word' id='word_1_690' title='bbox 1072 1836 1144 1858; x_wconf 85' lang='lat' dir='ltr'><strong>esset</strong></span> <span class='ocrx_word' id='word_1_691' title='bbox 1164 1839 1249 1866; x_wconf 90' lang='lat' dir='ltr'><strong>neque</strong></span> <span class='ocrx_word' id='word_1_692' title='bbox 1271 1832 1419 1863; x_wconf 86' lang='lat' dir='ltr'><strong>rhetorum,</strong></span> <span class='ocrx_word' id='word_1_693' title='bbox 1440 1840 1527 1867; x_wconf 88' lang='lat' dir='ltr'><strong>neque</strong></span> <span class='ocrx_word' id='word_1_694' title='bbox 1552 1833 1640 1868; x_wconf 81' lang='lat' dir='ltr'><strong>legum</strong></span> <span class='ocrx_word' id='word_1_695' title='bbox 1658 1834 1730 1861; x_wconf 90' lang='lat' dir='ltr'><strong>cultu</strong></span> <span class='ocrx_word' id='word_1_696' title='bbox 1751 1840 1778 1860; x_wconf 78' lang='lat' dir='ltr'><strong>ct</strong></span> 
     </span>
    </p>
   </div>
   <div class='ocr_carea' id='block_1_95' title="bbox 992 1876 1776 1912">
    <p class='ocr_par' dir='ltr' id='par_1_95' title="bbox 992 1876 1776 1912">
     <span class='ocr_line' id='line_1_95' title="bbox 992 1876 1776 1912; baseline 0.005 -10"><span class='ocrx_word' id='word_1_697' title='bbox 992 1876 1140 1911; x_wconf 87' lang='lat' dir='ltr'><strong>diligentia,</strong></span> <span class='ocrx_word' id='word_1_698' title='bbox 1158 1885 1206 1904; x_wconf 86' lang='lat' dir='ltr'><strong>nec</strong></span> <span class='ocrx_word' id='word_1_699' title='bbox 1219 1878 1408 1910; x_wconf 85' lang='lat' dir='ltr'><strong>concionibus,</strong></span> <span class='ocrx_word' id='word_1_700' title='bbox 1420 1883 1466 1906; x_wconf 92' lang='lat' dir='ltr'><strong>aut</strong></span> <span class='ocrx_word' id='word_1_701' title='bbox 1479 1878 1630 1906; x_wconf 77' lang='lat' dir='ltr'><strong>orationum</strong></span> <span class='ocrx_word' id='word_1_702' title='bbox 1644 1879 1776 1912; x_wconf 82' lang='lat' dir='ltr'><strong>ubertate,</strong></span> 
     </span>
    </p>
   </div>
   <div class='ocr_carea' id='block_1_96' title="bbox 991 1923 1777 1958">
    <p class='ocr_par' dir='ltr' id='par_1_96' title="bbox 991 1923 1777 1958">
     <span class='ocr_line' id='line_1_96' title="bbox 991 1923 1777 1958; baseline 0.005 -10"><span class='ocrx_word' id='word_1_703' title='bbox 991 1929 1052 1956; x_wconf 69' lang='lat' dir='ltr'><strong>qua:</strong></span> <span class='ocrx_word' id='word_1_704' title='bbox 1066 1923 1092 1949; x_wconf 91' lang='lat' dir='ltr'><strong>in</strong></span> <span class='ocrx_word' id='word_1_705' title='bbox 1105 1923 1146 1949; x_wconf 85' lang='lat' dir='ltr'><strong>his</strong></span> <span class='ocrx_word' id='word_1_706' title='bbox 1159 1928 1314 1958; x_wconf 80' lang='lat' dir='ltr'><strong>usurpatur.</strong></span> <span class='ocrx_word' id='word_1_707' title='bbox 1327 1923 1427 1958; x_wconf 91' lang='lat' dir='ltr'><strong>Sponte</strong></span> <span class='ocrx_word' id='word_1_708' title='bbox 1440 1925 1512 1951; x_wconf 84' lang='lat' dir='ltr'><strong>enim</strong></span> <span class='ocrx_word' id='word_1_709' title='bbox 1528 1932 1618 1952; x_wconf 89' lang='lat' dir='ltr'><strong>rerum</strong></span> <span class='ocrx_word' id='word_1_710' title='bbox 1635 1925 1777 1952; x_wconf 86' lang='lat' dir='ltr'><strong>utilitatem</strong></span> 
     </span>
    </p>
   </div>
   <div class='ocr_carea' id='block_1_97' title="bbox 992 1967 1777 2004">
    <p class='ocr_par' dir='ltr' id='par_1_97' title="bbox 992 1967 1777 2004">
     <span class='ocr_line' id='line_1_97' title="bbox 992 1967 1777 2004; baseline 0.005 -11"><span class='ocrx_word' id='word_1_711' title='bbox 992 1973 1178 2000; x_wconf 88' lang='lat' dir='ltr'><strong>sequeremur.</strong></span> <span class='ocrx_word' id='word_1_712' title='bbox 1203 1967 1255 1995; x_wconf 87' lang='lat' dir='ltr'><strong>Sed</strong></span> <span class='ocrx_word' id='word_1_713' title='bbox 1279 1975 1362 2002; x_wconf 92' lang='lat' dir='ltr'><strong>quum</strong></span> <span class='ocrx_word' id='word_1_714' title='bbox 1375 1975 1471 1996; x_wconf 88' lang='lat' dir='ltr'><strong>omnes</strong></span> <span class='ocrx_word' id='word_1_715' title='bbox 1492 1969 1629 2002; x_wconf 75' lang='lat' dir='ltr'><strong>mortales,</strong></span> <span class='ocrx_word' id='word_1_716' title='bbox 1647 1978 1707 2004; x_wconf 83' lang='lat' dir='ltr'><strong>quae</strong></span> <span class='ocrx_word' id='word_1_717' title='bbox 1726 1970 1777 1997; x_wconf 90' lang='lat' dir='ltr'><strong>sibi</strong></span> 
     </span>
    </p>
   </div>
   <div class='ocr_carea' id='block_1_98' title="bbox 992 2012 1778 2047">
    <p class='ocr_par' dir='ltr' id='par_1_98' title="bbox 992 2012 1778 2047">
     <span class='ocr_line' id='line_1_98' title="bbox 992 2012 1778 2047; baseline 0.006 -9"><span class='ocrx_word' id='word_1_718' title='bbox 992 2012 1110 2046; x_wconf 85' lang='lat' dir='ltr'><strong>placent,</strong></span> <span class='ocrx_word' id='word_1_719' title='bbox 1120 2012 1192 2047; x_wconf 82' lang='lat' dir='ltr'><strong>justa</strong></span> <span class='ocrx_word' id='word_1_720' title='bbox 1206 2020 1267 2040; x_wconf 88' lang='lat' dir='ltr'><strong>esse</strong></span> <span class='ocrx_word' id='word_1_721' title='bbox 1279 2013 1360 2040; x_wconf 81' lang='lat' dir='ltr'><strong>Velint</strong></span> <span class='ocrx_word' id='word_1_722' title='bbox 1375 2022 1382 2040; x_wconf 85' lang='lat'><strong><em>:</em></strong></span> <span class='ocrx_word' id='word_1_723' title='bbox 1399 2015 1478 2041; x_wconf 80' lang='lat' dir='ltr'><strong>etimit</strong></span> <span class='ocrx_word' id='word_1_724' title='bbox 1494 2015 1625 2043; x_wconf 87' lang='lat' dir='ltr'><strong>orationis</strong></span> <span class='ocrx_word' id='word_1_725' title='bbox 1643 2016 1778 2044; x_wconf 83' lang='lat' dir='ltr'><strong>illecebris</strong></span> 
     </span>
    </p>
   </div>
   <div class='ocr_carea' id='block_1_99' title="bbox 993 2058 1779 2095">
    <p class='ocr_par' dir='ltr' id='par_1_99' title="bbox 993 2058 1779 2095">
     <span class='ocr_line' id='line_1_99' title="bbox 993 2058 1779 2095; baseline 0.008 -11"><span class='ocrx_word' id='word_1_726' title='bbox 993 2058 1071 2086; x_wconf 85' lang='lat' dir='ltr'><strong>nobis</strong></span> <span class='ocrx_word' id='word_1_727' title='bbox 1088 2065 1154 2092; x_wconf 88' lang='lat' dir='ltr'><strong>opus</strong></span> <span class='ocrx_word' id='word_1_728' title='bbox 1179 2065 1232 2086; x_wconf 88' lang='lat' dir='ltr'><strong>est.</strong></span> <span class='ocrx_word' id='word_1_729' title='bbox 1254 2058 1329 2087; x_wconf 86' lang='lat' dir='ltr'><strong>Hanc</strong></span> <span class='ocrx_word' id='word_1_730' title='bbox 1353 2061 1387 2087; x_wconf 88' lang='lat' dir='ltr'><strong>ob</strong></span> <span class='ocrx_word' id='word_1_731' title='bbox 1409 2068 1517 2088; x_wconf 84' lang='lat' dir='ltr'><strong>causam</strong></span> <span class='ocrx_word' id='word_1_732' title='bbox 1541 2063 1725 2095; x_wconf 87' lang='lat' dir='ltr'><strong>convenimus,</strong></span> <span class='ocrx_word' id='word_1_733' title='bbox 1751 2068 1779 2089; x_wconf 91' lang='lat' dir='ltr'><strong>ut</strong></span> 
     </span>
    </p>
   </div>
   <div class='ocr_carea' id='block_1_100' title="bbox 993 2105 1779 2145">
    <p class='ocr_par' dir='ltr' id='par_1_100' title="bbox 993 2105 1779 2145">
     <span class='ocr_line' id='line_1_100' title="bbox 993 2105 1779 2145; baseline 0.008 -14"><span class='ocrx_word' id='word_1_734' title='bbox 993 2105 1180 2140; x_wconf 85' lang='lat' dir='ltr'><strong>unusquisque</strong></span> <span class='ocrx_word' id='word_1_735' title='bbox 1193 2111 1315 2133; x_wconf 91' lang='lat' dir='ltr'><strong>nostrum</strong></span> <span class='ocrx_word' id='word_1_736' title='bbox 1331 2108 1439 2135; x_wconf 86' lang='lat' dir='ltr'><strong>evincat</strong></span> <span class='ocrx_word' id='word_1_737' title='bbox 1457 2109 1589 2136; x_wconf 85' lang='lat' dir='ltr'><strong>orationis</strong></span> <span class='ocrx_word' id='word_1_738' title='bbox 1605 2110 1629 2136; x_wconf 94' lang='lat' dir='ltr'><strong>vi</strong></span> <span class='ocrx_word' id='word_1_739' title='bbox 1649 2114 1676 2136; x_wconf 89' lang='lat' dir='ltr'><strong>et</strong></span> <span class='ocrx_word' id='word_1_740' title='bbox 1690 2111 1779 2145; x_wconf 85' lang='lat' dir='ltr'><strong>gravi-</strong></span> 
     </span>
    </p>
   </div>
   <div class='ocr_carea' id='block_1_101' title="bbox 994 2151 1780 2188">
    <p class='ocr_par' dir='ltr' id='par_1_101' title="bbox 994 2151 1780 2188">
     <span class='ocr_line' id='line_1_101' title="bbox 994 2151 1780 2188; baseline 0.009 -11"><span class='ocrx_word' id='word_1_741' title='bbox 994 2156 1059 2184; x_wconf 85' lang='lat' dir='ltr'><strong>tate,</strong></span> <span class='ocrx_word' id='word_1_742' title='bbox 1077 2159 1106 2179; x_wconf 86' lang='lat' dir='ltr'><strong>se</strong></span> <span class='ocrx_word' id='word_1_743' title='bbox 1122 2151 1225 2186; x_wconf 85' lang='lat' dir='ltr'><strong>justum</strong></span> <span class='ocrx_word' id='word_1_744' title='bbox 1243 2161 1313 2180; x_wconf 87' lang='lat' dir='ltr'><strong>esse.</strong></span> <span class='ocrx_word' id='word_1_745' title='bbox 1331 2153 1428 2181; x_wconf 89' lang='lat' dir='ltr'><strong>Pacem</strong></span> <span class='ocrx_word' id='word_1_746' title='bbox 1447 2163 1511 2182; x_wconf 90' lang='lat' dir='ltr'><strong>vero</strong></span> <span class='ocrx_word' id='word_1_747' title='bbox 1527 2155 1623 2183; x_wconf 88' lang='lat' dir='ltr'><strong>bonam</strong></span> <span class='ocrx_word' id='word_1_748' title='bbox 1638 2164 1708 2188; x_wconf 81' lang='lat' dir='ltr'><strong>esse.</strong></span> <span class='ocrx_word' id='word_1_749' title='bbox 1723 2157 1780 2184; x_wconf 63' lang='lat' dir='ltr'><strong>belo</strong></span> 
     </span>
    </p>
   </div>
   <div class='ocr_carea' id='block_1_102' title="bbox 994 2196 1778 2237">
    <p class='ocr_par' dir='ltr' id='par_1_102' title="bbox 994 2196 1778 2237">
     <span class='ocr_line' id='line_1_102' title="bbox 994 2196 1778 2237; baseline 0.008 -14"><span class='ocrx_word' id='word_1_750' title='bbox 994 2196 1047 2223; x_wconf 94' lang='lat' dir='ltr'><strong>lum</strong></span> <span class='ocrx_word' id='word_1_751' title='bbox 1080 2202 1170 2225; x_wconf 88' lang='lat' dir='ltr'><strong>aulem</strong></span> <span class='ocrx_word' id='word_1_752' title='bbox 1199 2206 1256 2226; x_wconf 86' lang='lat' dir='ltr'><strong>rem</strong></span> <span class='ocrx_word' id='word_1_753' title='bbox 1278 2199 1388 2233; x_wconf 85' lang='lat' dir='ltr'><strong>malam,</strong></span> <span class='ocrx_word' id='word_1_754' title='bbox 1414 2207 1494 2228; x_wconf 88' lang='lat' dir='ltr'><strong>nemo</strong></span> <span class='ocrx_word' id='word_1_755' title='bbox 1516 2201 1632 2235; x_wconf 86' lang='lat' dir='ltr'><strong>dubitat,</strong></span> <span class='ocrx_word' id='word_1_756' title='bbox 1660 2203 1778 2237; x_wconf 80' lang='lat' dir='ltr'><strong>etiamsi,</strong></span> 
     </span>
    </p>
   </div>
   <div class='ocr_carea' id='block_1_103' title="bbox 994 2243 1779 2282">
    <p class='ocr_par' dir='ltr' id='par_1_103' title="bbox 994 2243 1779 2282">
     <span class='ocr_line' id='line_1_103' title="bbox 994 2243 1779 2282; baseline 0.009 -14"><span class='ocrx_word' id='word_1_757' title='bbox 994 2246 1088 2269; x_wconf 80' lang='lat' dir='ltr'><strong>contra</strong></span> <span class='ocrx_word' id='word_1_758' title='bbox 1114 2243 1151 2274; x_wconf 88' lang='lat' dir='ltr'><strong>id,</strong></span> <span class='ocrx_word' id='word_1_759' title='bbox 1166 2245 1236 2277; x_wconf 88' lang='lat' dir='ltr'><strong>quod</strong></span> <span class='ocrx_word' id='word_1_760' title='bbox 1258 2245 1337 2280; x_wconf 89' lang='lat' dir='ltr'><strong>vulgo</strong></span> <span class='ocrx_word' id='word_1_761' title='bbox 1353 2245 1477 2272; x_wconf 84' lang='lat' dir='ltr'><strong>homines</strong></span> <span class='ocrx_word' id='word_1_762' title='bbox 1501 2247 1657 2282; x_wconf 84' lang='lat' dir='ltr'><strong>opinantur,</strong></span> <span class='ocrx_word' id='word_1_763' title='bbox 1676 2254 1779 2275; x_wconf 89' lang='lat' dir='ltr'><strong>certqu</strong></span> 
     </span>
    </p>
   </div>
   <div class='ocr_carea' id='block_1_104' title="bbox 995 2286 1780 2324">
    <p class='ocr_par' dir='ltr' id='par_1_104' title="bbox 995 2286 1780 2324">
     <span class='ocr_line' id='line_1_104' title="bbox 995 2286 1780 2324; baseline 0.006 -11"><span class='ocrx_word' id='word_1_764' title='bbox 995 2286 1221 2322; x_wconf 81' lang='lat' dir='ltr'><strong>exploratumque</strong></span> <span class='ocrx_word' id='word_1_765' title='bbox 1237 2289 1399 2316; x_wconf 84' lang='lat' dir='ltr'><strong>haberemus</strong></span> <span class='ocrx_word' id='word_1_766' title='bbox 1413 2298 1461 2317; x_wconf 89' lang='lat' dir='ltr'><strong>nos</strong></span> <span class='ocrx_word' id='word_1_767' title='bbox 1470 2291 1609 2317; x_wconf 90' lang='lat' dir='ltr'><strong>victoriam</strong></span> <span class='ocrx_word' id='word_1_768' title='bbox 1624 2291 1780 2324; x_wconf 80' lang='lat' dir='ltr'><strong>adepturos,</strong></span> 
     </span>
    </p>
   </div>
   <div class='ocr_carea' id='block_1_105' title="bbox 995 2334 1781 2372">
    <p class='ocr_par' dir='ltr' id='par_1_105' title="bbox 995 2334 1781 2372">
     <span class='ocr_line' id='line_1_105' title="bbox 995 2334 1781 2372; baseline 0.006 -13"><span class='ocrx_word' id='word_1_769' title='bbox 995 2334 1089 2367; x_wconf 89' lang='lat' dir='ltr'><strong>opinor</strong></span> <span class='ocrx_word' id='word_1_770' title='bbox 1102 2338 1203 2365; x_wconf 83' lang='lat' dir='ltr'><strong>tamen,</strong></span> <span class='ocrx_word' id='word_1_771' title='bbox 1217 2342 1291 2367; x_wconf 85' lang='lat' dir='ltr'><strong>eutu,</strong></span> <span class='ocrx_word' id='word_1_772' title='bbox 1301 2336 1345 2370; x_wconf 89' lang='lat' dir='ltr'><strong>qui</strong></span> <span class='ocrx_word' id='word_1_773' title='bbox 1359 2335 1436 2367; x_wconf 80' lang='lat' dir='ltr'><strong>vicit,</strong></span> <span class='ocrx_word' id='word_1_774' title='bbox 1451 2335 1596 2363; x_wconf 79' lang='lat' dir='ltr'><strong>infeliciter</strong></span> <span class='ocrx_word' id='word_1_775' title='bbox 1607 2345 1696 2372; x_wconf 84' lang='lat' dir='ltr'><strong>agere,</strong></span> <span class='ocrx_word' id='word_1_776' title='bbox 1710 2338 1781 2372; x_wconf 87' lang='lat' dir='ltr'><strong>quod</strong></span> 
     </span>
    </p>
   </div>
   <div class='ocr_carea' id='block_1_106' title="bbox 996 2379 1782 2416">
    <p class='ocr_par' dir='ltr' id='par_1_106' title="bbox 996 2379 1782 2416">
     <span class='ocr_line' id='line_1_106' title="bbox 996 2379 1782 2416; baseline 0.008 -12"><span class='ocrx_word' id='word_1_777' title='bbox 996 2379 1109 2406; x_wconf 88' lang='lat' dir='ltr'><strong>alterum</strong></span> <span class='ocrx_word' id='word_1_778' title='bbox 1129 2380 1246 2413; x_wconf 78' lang='lat' dir='ltr'><strong>graviter</strong></span> <span class='ocrx_word' id='word_1_779' title='bbox 1261 2380 1386 2407; x_wconf 82' lang='lat' dir='ltr'><strong>amictum</strong></span> <span class='ocrx_word' id='word_1_780' title='bbox 1411 2381 1493 2408; x_wconf 86' lang='lat' dir='ltr'><strong>videt.</strong></span> <span class='ocrx_word' id='word_1_781' title='bbox 1515 2381 1562 2409; x_wconf 88' lang='lat' dir='ltr'><strong>Sic</strong></span> <span class='ocrx_word' id='word_1_782' title='bbox 1581 2383 1661 2416; x_wconf 74' lang='lat' dir='ltr'><strong>igitur</strong></span> <span class='ocrx_word' id='word_1_783' title='bbox 1674 2384 1782 2410; x_wconf 81' lang='lat' dir='ltr'><strong>vincere</strong></span> 
     </span>
    </p>
   </div>
   <div class='ocr_carea' id='block_1_107' title="bbox 997 2426 1782 2459">
    <p class='ocr_par' dir='ltr' id='par_1_107' title="bbox 997 2426 1782 2459">
     <span class='ocr_line' id='line_1_107' title="bbox 997 2426 1782 2459; baseline 0.006 -8"><span class='ocrx_word' id='word_1_784' title='bbox 997 2433 1104 2459; x_wconf 89' lang='lat' dir='ltr'><strong>quoque</strong></span> <span class='ocrx_word' id='word_1_785' title='bbox 1125 2426 1268 2453; x_wconf 82' lang='lat' dir='ltr'><strong>molestum</strong></span> <span class='ocrx_word' id='word_1_786' title='bbox 1286 2431 1338 2458; x_wconf 84' lang='lat' dir='ltr'><strong>est,</strong></span> <span class='ocrx_word' id='word_1_787' title='bbox 1356 2427 1406 2454; x_wconf 89' lang='lat' dir='ltr'><strong>etsi</strong></span> <span class='ocrx_word' id='word_1_788' title='bbox 1422 2427 1492 2454; x_wconf 89' lang='lat' dir='ltr'><strong>vinci</strong></span> <span class='ocrx_word' id='word_1_789' title='bbox 1506 2433 1547 2455; x_wconf 87' lang='lat' dir='ltr'><strong>est</strong></span> <span class='ocrx_word' id='word_1_790' title='bbox 1561 2429 1711 2456; x_wconf 88' lang='lat' dir='ltr'><strong>molestius.</strong></span> <span class='ocrx_word' id='word_1_791' title='bbox 1728 2428 1782 2456; x_wconf 86' lang='lat' dir='ltr'><strong>Ita-</strong></span> 
     </span>
    </p>
   </div>
   <div class='ocr_carea' id='block_1_108' title="bbox 996 2472 1781 2506">
    <p class='ocr_par' dir='ltr' id='par_1_108' title="bbox 996 2472 1781 2506">
     <span class='ocr_line' id='line_1_108' title="bbox 996 2472 1781 2506; baseline 0.006 -9"><span class='ocrx_word' id='word_1_792' title='bbox 996 2478 1049 2506; x_wconf 86' lang='lat' dir='ltr'><strong>que</strong></span> <span class='ocrx_word' id='word_1_793' title='bbox 1064 2477 1158 2498; x_wconf 88' lang='lat' dir='ltr'><strong>noster</strong></span> <span class='ocrx_word' id='word_1_794' title='bbox 1172 2472 1318 2506; x_wconf 87' lang='lat' dir='ltr'><strong>imperator</strong></span> <span class='ocrx_word' id='word_1_795' title='bbox 1331 2473 1403 2499; x_wconf 89' lang='lat' dir='ltr'><strong>misit</strong></span> <span class='ocrx_word' id='word_1_796' title='bbox 1418 2480 1476 2505; x_wconf 88' lang='lat' dir='ltr'><strong>nos,</strong></span> <span class='ocrx_word' id='word_1_797' title='bbox 1489 2478 1517 2500; x_wconf 92' lang='lat' dir='ltr'><strong>ut</strong></span> <span class='ocrx_word' id='word_1_798' title='bbox 1531 2473 1633 2501; x_wconf 61' lang='lat' dir='ltr'><strong>foedera</strong></span> <span class='ocrx_word' id='word_1_799' title='bbox 1643 2475 1781 2502; x_wconf 80' lang='lat' dir='ltr'><strong>vobiscum</strong></span> 
     </span>
    </p>
   </div>
   <div class='ocr_carea' id='block_1_109' title="bbox 998 2517 1780 2555">
    <p class='ocr_par' dir='ltr' id='par_1_109' title="bbox 998 2517 1780 2555">
     <span class='ocr_line' id='line_1_109' title="bbox 998 2517 1780 2555; baseline 0.005 -11"><span class='ocrx_word' id='word_1_800' title='bbox 998 2517 1140 2549; x_wconf 80' lang='lat' dir='ltr'><strong>iniremus,</strong></span> <span class='ocrx_word' id='word_1_801' title='bbox 1155 2523 1182 2544; x_wconf 90' lang='lat' dir='ltr'><strong>et</strong></span> <span class='ocrx_word' id='word_1_802' title='bbox 1197 2517 1301 2552; x_wconf 81' lang='lat' dir='ltr'><strong>primos</strong></span> <span class='ocrx_word' id='word_1_803' title='bbox 1312 2518 1530 2552; x_wconf 85' lang='lat' dir='ltr'><strong>deprecaremur,</strong></span> <span class='ocrx_word' id='word_1_804' title='bbox 1546 2524 1573 2546; x_wconf 86' lang='lat' dir='ltr'><strong>ut</strong></span> <span class='ocrx_word' id='word_1_805' title='bbox 1589 2520 1685 2547; x_wconf 87' lang='lat' dir='ltr'><strong>bellum</strong></span> <span class='ocrx_word' id='word_1_806' title='bbox 1698 2521 1780 2555; x_wconf 77' lang='lat' dir='ltr'><strong>depo-</strong></span> 
     </span>
    </p>
   </div>
   <div class='ocr_carea' id='block_1_110' title="bbox 999 2563 1781 2600">
    <p class='ocr_par' dir='ltr' id='par_1_110' title="bbox 999 2563 1781 2600">
     <span class='ocr_line' id='line_1_110' title="bbox 999 2563 1781 2600; baseline 0.005 -11"><span class='ocrx_word' id='word_1_807' title='bbox 999 2563 1071 2590; x_wconf 86' lang='lat' dir='ltr'><strong>natis</strong></span> <span class='ocrx_word' id='word_1_808' title='bbox 1090 2572 1096 2590; x_wconf 87' lang='lat'>:</span> <span class='ocrx_word' id='word_1_809' title='bbox 1117 2571 1170 2590; x_wconf 89' lang='lat' dir='ltr'><strong>non</strong></span> <span class='ocrx_word' id='word_1_810' title='bbox 1189 2565 1260 2598; x_wconf 85' lang='lat' dir='ltr'><strong>quod</strong></span> <span class='ocrx_word' id='word_1_811' title='bbox 1277 2564 1371 2590; x_wconf 83' lang='lat' dir='ltr'><strong>timeat</strong></span> <span class='ocrx_word' id='word_1_812' title='bbox 1393 2563 1536 2592; x_wconf 86' lang='lat' dir='ltr'><strong>adversam</strong></span> <span class='ocrx_word' id='word_1_813' title='bbox 1560 2565 1619 2593; x_wconf 90' lang='lat' dir='ltr'><strong>belli</strong></span> <span class='ocrx_word' id='word_1_814' title='bbox 1637 2566 1781 2600; x_wconf 76' lang='lat' dir='ltr'><strong>fortunam,</strong></span> 
     </span>
    </p>
   </div>
   <div class='ocr_carea' id='block_1_111' title="bbox 998 2608 1782 2645">
    <p class='ocr_par' dir='ltr' id='par_1_111' title="bbox 998 2608 1782 2645">
     <span class='ocr_line' id='line_1_111' title="bbox 998 2608 1782 2645; baseline 0.003 -9"><span class='ocrx_word' id='word_1_815' title='bbox 998 2608 1046 2636; x_wconf 89' lang='lat' dir='ltr'><strong>sed</strong></span> <span class='ocrx_word' id='word_1_816' title='bbox 1061 2616 1095 2636; x_wconf 88' lang='lat' dir='ltr'><strong>ne</strong></span> <span class='ocrx_word' id='word_1_817' title='bbox 1109 2615 1169 2635; x_wconf 88' lang='lat' dir='ltr'><strong>eum</strong></span> <span class='ocrx_word' id='word_1_818' title='bbox 1186 2609 1391 2643; x_wconf 64' lang='lat' dir='ltr'><strong>prmrenialisiu</strong></span> <span class='ocrx_word' id='word_1_819' title='bbox 1404 2617 1479 2644; x_wconf 88' lang='lat' dir='ltr'><strong>pace,</strong></span> <span class='ocrx_word' id='word_1_820' title='bbox 1492 2618 1552 2645; x_wconf 69' lang='lat' dir='ltr'><strong>qua:</strong></span> <span class='ocrx_word' id='word_1_821' title='bbox 1563 2611 1641 2639; x_wconf 87' lang='lat' dir='ltr'><strong>nobis</strong></span> <span class='ocrx_word' id='word_1_822' title='bbox 1656 2617 1707 2639; x_wconf 88' lang='lat' dir='ltr'><strong>tam</strong></span> <span class='ocrx_word' id='word_1_823' title='bbox 1720 2620 1782 2640; x_wconf 87' lang='lat' dir='ltr'><strong>cara</strong></span> 
     </span>
    </p>
   </div>
   <div class='ocr_carea' id='block_1_112' title="bbox 805 2679 1140 2707">
    <p class='ocr_par' dir='ltr' id='par_1_112' title="bbox 805 2679 1140 2707">
     <span class='ocr_line' id='line_1_112' title="bbox 805 2679 1140 2707; baseline 0.003 -1"><span class='ocrx_word' id='word_1_824' title='bbox 805 2679 924 2706; x_wconf 72' lang='lat' dir='ltr'><strong>VAlil/E</strong></span> <span class='ocrx_word' id='word_1_825' title='bbox 946 2679 1140 2707; x_wconf 75' lang='lat' dir='ltr'><strong>LECTIONES</strong></span> 
     </span>
    </p>
   </div>
   <div class='ocr_carea' id='block_1_113' title="bbox 197 2738 707 2776">
    <p class='ocr_par' dir='ltr' id='par_1_113' title="bbox 197 2738 707 2776">
     <span class='ocr_line' id='line_1_113' title="bbox 197 2738 707 2776; baseline -0.01 -8"><span class='ocrx_word' id='word_1_826' title='bbox 197 2741 220 2756; x_wconf 83' lang='lat'><strong>&quot;</strong></span> <span class='ocrx_word' id='word_1_827' title='bbox 234 2741 343 2776; x_wconf 82' lang='grc' dir='ltr'>ἀξίωμα</span> <span class='ocrx_word' id='word_1_828' title='bbox 359 2738 615 2776; x_wconf 34' lang='grc' dir='ltr'>τδηιῐηλᾲξιῲματι</span> <span class='ocrx_word' id='word_1_829' title='bbox 635 2738 707 2776; x_wconf 73' lang='lat' dir='ltr'><strong>vulg.</strong></span> 
     </span>
    </p>
   </div>
   <div class='ocr_carea' id='block_1_114' title="bbox 161 2773 697 2810">
    <p class='ocr_par' dir='ltr' id='par_1_114' title="bbox 161 2773 697 2810">
     <span class='ocr_line' id='line_1_114' title="bbox 161 2773 697 2810; baseline -0.009 -7"><span class='ocrx_word' id='word_1_830' title='bbox 161 2773 205 2803; x_wconf 70' lang='grc' dir='ltr'><strong>οἷα</strong></span> <span class='ocrx_word' id='word_1_831' title='bbox 220 2776 292 2810; x_wconf 78' lang='lat' dir='ltr'><strong>vulg.</strong></span> <span class='ocrx_word' id='word_1_832' title='bbox 307 2773 312 2776; x_wconf 80' lang='grc'><em>’</em></span> <span class='ocrx_word' id='word_1_833' title='bbox 330 2777 355 2792; x_wconf 85' lang='lat'>&quot;‘</span> <span class='ocrx_word' id='word_1_834' title='bbox 364 2775 434 2807; x_wconf 80' lang='grc' dir='ltr'>δόξει</span> <span class='ocrx_word' id='word_1_835' title='bbox 460 2773 500 2810; x_wconf 71' lang='lat' dir='ltr'><strong>Cl.</strong></span> <span class='ocrx_word' id='word_1_836' title='bbox 520 2773 697 2810; x_wconf 52' lang='lat' dir='ltr'><strong>detéetvulg.</strong></span> 
     </span>
    </p>
   </div>
   <div class='ocr_carea' id='block_1_115' title="bbox 161 2846 223 2874">
    <p class='ocr_par' dir='ltr' id='par_1_115' title="bbox 161 2846 223 2874">
     <span class='ocr_line' id='line_1_115' title="bbox 161 2846 223 2874; baseline 0 -1"><span class='ocrx_word' id='word_1_837' title='bbox 161 2846 223 2874; x_wconf 84' lang='lat' dir='ltr'><strong>add.</strong></span> 
     </span>
    </p>
   </div>
   <div class='ocr_carea' id='block_1_116' title="bbox 746 2736 1103 2771">
    <p class='ocr_par' dir='ltr' id='par_1_116' title="bbox 746 2736 1103 2771">
     <span class='ocr_line' id='line_1_116' title="bbox 746 2736 1103 2771; baseline -0.003 -8"><span class='ocrx_word' id='word_1_838' title='bbox 746 2737 768 2753; x_wconf 79' lang='lat'><strong>&quot;</strong></span> <span class='ocrx_word' id='word_1_839' title='bbox 782 2737 863 2763; x_wconf 79' lang='grc' dir='ltr'>αὑτὸν</span> <span class='ocrx_word' id='word_1_840' title='bbox 878 2737 921 2766; x_wconf 80' lang='grc' dir='ltr'><strong>Η.,</strong></span> <span class='ocrx_word' id='word_1_841' title='bbox 937 2736 1012 2771; x_wconf 84' lang='grc' dir='ltr'><strong>αὺτῷ</strong></span> <span class='ocrx_word' id='word_1_842' title='bbox 1031 2736 1103 2771; x_wconf 82' lang='lat' dir='ltr'><strong>vulg.</strong></span> 
     </span>
    </p>
   </div>
   <div class='ocr_carea' id='block_1_117' title="bbox 736 2771 1099 2807">
    <p class='ocr_par' dir='ltr' id='par_1_117' title="bbox 736 2771 1099 2807">
     <span class='ocr_line' id='line_1_117' title="bbox 736 2771 1099 2807; baseline 0 -10"><span class='ocrx_word' id='word_1_843' title='bbox 736 2773 757 2787; x_wconf 88' lang='lat'><strong>&quot;&#39;</strong></span> <span class='ocrx_word' id='word_1_844' title='bbox 774 2772 939 2807; x_wconf 75' lang='grc' dir='ltr'>προσετέθη</span> <span class='ocrx_word' id='word_1_845' title='bbox 956 2771 1006 2806; x_wconf 78' lang='grc' dir='ltr'>μὲν</span> <span class='ocrx_word' id='word_1_846' title='bbox 1026 2772 1099 2805; x_wconf 78' lang='lat' dir='ltr'><strong>vulg.</strong></span> 
     </span>
    </p>
   </div>
   <div class='ocr_carea' id='block_1_118' title="bbox 161 2806 1802 2872">
    <p class='ocr_par' dir='ltr' id='par_1_118' title="bbox 161 2806 1802 2872">
     <span class='ocr_line' id='line_1_118' title="bbox 161 2806 1802 2872; baseline 0.006 -45"><span class='ocrx_word' id='word_1_847' title='bbox 161 2806 328 2872; x_wconf 46' lang='grc' dir='ltr'><strong>ιυωπῆοξδεῖ</strong></span> <span class='ocrx_word' id='word_1_848' title='bbox 356 2806 406 2844; x_wconf 55' lang='grc' dir='ltr'><strong>ΝῚ⁷</strong></span> <span class='ocrx_word' id='word_1_849' title='bbox 424 2808 493 2844; x_wconf 79' lang='grc' dir='ltr'>πρὸς</span> <span class='ocrx_word' id='word_1_850' title='bbox 517 2808 550 2843; x_wconf 80' lang='grc' dir='ltr'>δὴ</span> <span class='ocrx_word' id='word_1_851' title='bbox 572 2807 644 2842; x_wconf 85' lang='lat' dir='ltr'><strong>vulg.</strong></span> <span class='ocrx_word' id='word_1_852' title='bbox 677 2806 715 2824; x_wconf 58' lang='lat'><strong>&quot;°</strong></span> <span class='ocrx_word' id='word_1_853' title='bbox 734 2806 863 2840; x_wconf 82' lang='grc' dir='ltr'>πείσομεν</span> <span class='ocrx_word' id='word_1_854' title='bbox 885 2806 937 2833; x_wconf 53' lang='grc' dir='ltr'>ειίζ</span> <span class='ocrx_word' id='word_1_855' title='bbox 955 2807 1015 2833; x_wconf 85' lang='lat' dir='ltr'><strong>Par.</strong></span> <span class='ocrx_word' id='word_1_856' title='bbox 1054 2807 1074 2822; x_wconf 85' lang='grc'><strong>¹¹</strong></span> <span class='ocrx_word' id='word_1_857' title='bbox 1090 2806 1199 2833; x_wconf 74' lang='grc' dir='ltr'>ἕκαστοι</span> <span class='ocrx_word' id='word_1_858' title='bbox 1222 2806 1296 2841; x_wconf 79' lang='grc' dir='ltr'>τοὺς]</span> <span class='ocrx_word' id='word_1_859' title='bbox 1312 2806 1385 2842; x_wconf 75' lang='grc' dir='ltr'>ἡμᾶς</span> <span class='ocrx_word' id='word_1_860' title='bbox 1399 2806 1498 2840; x_wconf 70' lang='grc' dir='ltr'>αὐτοῦς</span> <span class='ocrx_word' id='word_1_861' title='bbox 1516 2806 1592 2844; x_wconf 69' lang='lat' dir='ltr'><strong>conj.</strong></span> <span class='ocrx_word' id='word_1_862' title='bbox 1618 2809 1659 2843; x_wconf 87' lang='lat' dir='ltr'><strong>B.,</strong></span> <span class='ocrx_word' id='word_1_863' title='bbox 1689 2810 1802 2843; x_wconf 68' lang='grc' dir='ltr'>ἄλλους</span> 
     </span>
     <span class='ocr_line' id='line_1_119' title="bbox 161 2854 271 2872; baseline 0 0"><span class='ocrx_word' id='word_1_864' title='bbox 161 2854 186 2872; x_wconf 78' lang='lat' dir='ltr'><strong>at</strong></span> <span class='ocrx_word' id='word_1_865' title='bbox 216 2866 223 2872; x_wconf 96' lang='lat'><strong>.</strong></span> <span class='ocrx_word' id='word_1_866' title='bbox 239 2867 247 2872; x_wconf 85' lang='lat'><strong>.</strong></span> <span class='ocrx_word' id='word_1_867' title='bbox 264 2866 271 2872; x_wconf 97' lang='lat'><strong>.</strong></span> 
     </span>
    </p>
   </div>
   <div class='ocr_carea' id='block_1_119' title="bbox 1142 2736 1783 2774">
    <p class='ocr_par' dir='ltr' id='par_1_119' title="bbox 1142 2736 1783 2774">
     <span class='ocr_line' id='line_1_120' title="bbox 1142 2736 1783 2774; baseline 0.008 -12"><span class='ocrx_word' id='word_1_868' title='bbox 1142 2737 1206 2774; x_wconf 39' lang='grc' dir='ltr'>’λέν</span> <span class='ocrx_word' id='word_1_869' title='bbox 1222 2736 1313 2774; x_wconf 39' lang='grc' dir='ltr'>ταρμτῷ</span> <span class='ocrx_word' id='word_1_870' title='bbox 1330 2736 1372 2774; x_wconf 86' lang='lat' dir='ltr'><strong>B_.,</strong></span> <span class='ocrx_word' id='word_1_871' title='bbox 1387 2738 1416 2774; x_wconf 80' lang='grc' dir='ltr'><strong>ἐν</strong></span> <span class='ocrx_word' id='word_1_872' title='bbox 1428 2737 1503 2772; x_wconf 84' lang='grc' dir='ltr'>αὑτῷ</span> <span class='ocrx_word' id='word_1_873' title='bbox 1519 2739 1589 2774; x_wconf 84' lang='lat' dir='ltr'><strong>vulg.</strong></span> <span class='ocrx_word' id='word_1_874' title='bbox 1629 2740 1651 2756; x_wconf 78' lang='lat'>&quot;</span> <span class='ocrx_word' id='word_1_875' title='bbox 1667 2740 1726 2766; x_wconf 76' lang='grc' dir='ltr'>οἵαν</span> <span class='ocrx_word' id='word_1_876' title='bbox 1739 2741 1783 2774; x_wconf 87' lang='lat' dir='ltr'><strong>ll._.</strong></span> 
     </span>
    </p>
   </div>
   <div class='ocr_carea' id='block_1_120' title="bbox 1154 2771 1783 2815">
    <p class='ocr_par' dir='ltr' id='par_1_120' title="bbox 1154 2771 1783 2815">
     <span class='ocr_line' id='line_1_121' title="bbox 1154 2771 1783 2815; baseline 0.008 -18"><span class='ocrx_word' id='word_1_877' title='bbox 1154 2771 1176 2787; x_wconf 79' lang='grc'><strong>’⁸</strong></span> <span class='ocrx_word' id='word_1_878' title='bbox 1200 2771 1368 2815; x_wconf 61' lang='grc' dir='ltr'><strong>νομίζομεν]⁴</strong></span> <span class='ocrx_word' id='word_1_879' title='bbox 1381 2773 1429 2815; x_wconf 44' lang='grc' dir='ltr'><strong>τὰ.</strong></span> <span class='ocrx_word' id='word_1_880' title='bbox 1444 2771 1636 2815; x_wconf 66' lang='grc' dir='ltr'>κεχαρισμένῇ</span> <span class='ocrx_word' id='word_1_881' title='bbox 1657 2775 1729 2815; x_wconf 39' lang='lat' dir='ltr'><strong>add.</strong></span> <span class='ocrx_word' id='word_1_882' title='bbox 1752 2772 1783 2802; x_wconf 83' lang='lat' dir='ltr'><strong><em>N.</em></strong></span> 
     </span>
    </p>
   </div>
  </div>
