1951 3074
155 144 189 174 85
193 145 208 174 ‘3

563 141 612 172 DE
632 139 916 171 LEGATIONIBUS
937 138 1180 168 ROMANORUM
1195 137 1245 168 AD
1259 136 1418 168 GENTES.

1720 132 1754 163 8»;
1760 131 1772 161 ι

154 198 284 226 ταθέσθαι
304 198 338 225 τὰ
360 198 429 225 ὅπλα
451 197 635 232 ἑκασταχόσε,
655 197 827 232 ἐκπέμπεται
849 196 942 223 αὐτόθι

996 202 1098 230 quoque
1119 195 1214 222 missus
1236 202 1251 221 a
1275 193 1364 222 Persis
1384 193 1488 228 legatus
1509 191 1638 226 dignitate
1661 190 1771 222 lichns.

155 244 202 272 καὶ
215 244 327 279 Περσῶν
339 243 516 278 πρεσϐευτὴς,
529 240 551 276 ᾦ
563 242 631 278 δῆτα
646 243 752 278 ὑπῆρχε
769 242 817 276 μὲν
830 242 938 276 ἀξίωμα

154 289 215 316 eo"
231 289 280 324 Ζὶχ
290 308 298 321 ,
316 289 444 324 μέγιστόν
459 298 484 316 τι
499 288 578 316 τοῦτο
595 288 671 322 παρὰ
683 290 739 320 τοῖς
757 288 875 323 Πέρσαις
891 287 938 321 γέ-

157 344 222 370 ρας⁹
242 335 410 370 προσηγορία
429 335 457 362 δὲ
476 335 558 361 αὑτοῦ
577 334 790 368 Ίεσδεγουσνάφ.
809 331 893 365 Οὗτος
910 334 938 360 δὲ

155 378 347 413 παρευναστὴρ
359 379 405 404 τοῦ
418 378 593 405 meum"
608 378 739 413 βασιλέως
752 379 867 412 ὑπῆρχε.
883 379 938 405 Καὶ

155 424 242 449 τοίνυν
260 424 288 449 ἐν
309 422 400 457 ταυτῷ
412 423 433 438 ’⁸
451 423 591 458 γενόμενοι
611 423 635 448 οἱ
657 423 800 457 πρέσϐεις,
820 423 868 449 καὶ
884 423 938 448 τῶν

155 467 307 494 κατάὑτῶν
320 467 474 503 ἐπιχωρίων
486 468 624 503 ἀρχόντων
637 469 676 499 εις
692 468 720 494 ἓν
733 467 938 502 ξυναθροισθένε-

153 523 217 545 των,
237 513 406 548 κατέστησαν
424 514 452 545 ἐς
474 514 633 549 ἐκκλησίαν.
653 514 709 541 Καὶ
730 514 833 549 Πέτρος
852 515 866 540 ὁ
886 513 939 540 τῶν

161 560 302 594 Ῥωμαίων
316 559 496 596 πρεσϐευτὴς,
510 559 694 596 ἀποχρώντως
707 559 777 595 ἔχων
788 561 837 595 τῆς
850 567 879 586 τε
893 559 940 586 άλ-

154 606 201 640 λης
213 606 334 638 παιδείας
344 606 392 633 καὶ
403 606 453 640 τῆς
467 607 520 633 τῶν
533 606 634 641 νόμων,
648 606 738 639 ἔλεξεν
751 602 802 633 ὦδε
811 613 818 621 ⁸
839 615 848 631 ι
865 606 940 640 Ηάρ-

154 659 248 686 εσμεν,
273 649 295 678 ὦ
308 651 403 686 ἄνδρες
417 651 530 686 Πέρσαι,
545 652 613 687 πρὸς
627 651 676 678 τοῦ
699 651 842 686 Ῥωμαίων
862 651 939 686 βασι-

154 697 223 728 λέως
245 697 397 729 σταλέντες.
415 697 522 729 Ὀποῖος
543 698 571 724 δὲ
591 698 605 724 ό
625 697 686 724 καθ’
699 698 773 732 ἡμᾶς
795 697 939 732 βασιλεὺς,

155 739 281 772 περιττὸν
298 740 331 766 ἂν
348 740 390 775 εἴη
409 740 499 774 λέγειν
512 761 520 773 ,
551 741 722 776 πραγμάτων
737 741 782 767 τὸν
799 741 883 777 ἄνδρα
900 741 941 768 δι-

154 784 315 818 ηγουμέιων
333 786 407 819 ὑμῖν.
426 785 546 821 Πάρειμι
559 786 607 821 μὲν
622 785 668 813 οὖν
685 786 728 820 ἐφ’
740 784 762 820 ᾧ
779 786 812 813 τὰ
828 786 877 820 τῆς
889 786 940 821 ήδη

154 830 340 864 γεγενημένης
359 832 388 861 ὲς
404 831 573 866 τελεωτάτην
589 831 703 867 εἰρήνην
723 831 938 866 μετασκευάσαι.

160 874 329 906 Ἀναδιδάξαι
345 875 372 902 δὲ
389 875 519 911 βούλομαι
537 876 668 912 πρότερον
682 876 750 912 πρὸς
765 877 824 904 οῖαν
836 877 858 893 ’⁸
875 877 938 912 ὑμῖν

155 920 293 946 πολιτείαν
307 921 353 946 καὶ
368 921 433 955 ὅσην
447 921 475 947 αἱ
490 921 602 948 σπονδαὶ
617 921 857 957 βεϐαιωθήσονται.
868 921 939 948 Ἀλλ’

154 966 178 992 εί
201 966 246 992 καί
267 975 309 997 τις
333 966 552 1002 μεγαλορρήμων
573 964 642 993 εἶναι
663 967 741 1000 δόξω,
763 967 794 993 τὸ
817 968 940 993 συνοῖσον

154 1011 321 1046 ἀμφοτέραις
332 1012 393 1043 ταῖς
408 1012 555 1043 πολιτείαις
570 1011 722 1047 θηρώμενοι
736 1012 774 1047 μὴ
787 1012 940 1047 ἀχθεσθῆτε

154 1059 187 1091 τῇ
207 1058 407 1093 περιττολογίᾳ.
425 1058 483 1085 Οὐκ
503 1059 531 1090 ἐς
552 1058 661 1093 μακρὰν
678 1058 733 1094 γὰρ
753 1059 781 1084 ὲν
798 1059 883 1085 δέοντι
900 1058 941 1086 δέ·

155 1103 225 1135 ξει¹⁶
243 1102 277 1129 τὰ
298 1103 412 1130 τοιαῦτα
431 1103 568 1139 λελέχθαι,
588 1104 802 1140 ἑπαινεΘήσομαί
822 1113 851 1131 τε
871 1105 940 1140 πρδς

155 1148 242 1183 ὑμῶν,
257 1148 310 1175 τῶν
325 1149 495 1184 πραγμάτων
511 1150 582 1184 ὑμᾶς
598 1150 830 1178 ἀναδιδασκόντων
845 1151 894 1186 τὴν
908 1152 940 1178 ἐκ

155 1193 208 1220 τῶν
223 1194 309 1227 λόγων
323 1194 465 1228 ὠφέλειαν.
480 1195 641 1230 Γενήσονται
655 1195 744 1221 τοίνυν
759 1195 822 1230 ὑμῖν
836 1197 863 1222 αἱ
879 1196 941 1229 ξυν-

156 1239 238 1274 θῇκαι
249 1240 315 1274 πρὸς
327 1239 622 1276 Ῥωμαίους.⁸Αρκέσει
634 1241 661 1267 δὲ
673 1241 826 1276 Ῥωμαίους
836 1242 922 1267 εἰπεῖν
932 1249 939 1256 ·

155 1285 230 1320 δηλοῖ
250 1286 303 1321 γὰρ
325 1287 342 1321 ὴ
363 1286 534 1322 προσηγορία
550 1287 583 1313 τὰ
604 1287 762 1322 λειπόμενα.
781 1287 877 1322 Χρεὼν
895 1286 941 1313 οὖν

157 1332 244 1365 ὑμᾶς,
257 1332 295 1363 ὡς
309 1333 375 1367 πρὸς
389 1332 521 1368 τοσαύτην
535 1333 673 1360 πολιτείαν
687 1333 879 1368 σπεισομένους
895 1333 942 1360 καὶ

156 1378 186 1404 οὗ
203 1379 266 1412 περὶ
283 1377 405 1412 βραχέων
420 1378 640 1414 βουλευομένους,
655 1379 690 1405 τὰ
704 1379 835 1405 κάλλιστά
849 1387 877 1404 τε
894 1379 942 1405 καὶ

158 1422 313 1450 συνοίσοντα
329 1423 428 1458 μᾶλλον
444 1423 564 1455 ἑλέσθαι,
579 1423 625 1450 καὶ
640 1424 700 1450 ἀντὶ
713 1424 767 1450 τῶν
779 1423 882 1459 ἀδήλων
894 1423 942 1450 τοῦ

159 1468 278 1503 πολέμου
294 1469 324 1495 τὸ
341 1469 540 1504 προδηλότατον
556 1469 638 1496 πᾶσιν
654 1468 823 1504 ἀνθρώποις,
838 1469 888 1504 τὴν
903 1470 941 1495 εἰ-

159 1515 257 1549 ρήνην,
273 1514 375 1548 ἀγαθὸν
391 1514 572 1547 ἀσπάζεσθαι.
591 1515 645 1541 Καὶ
664 1515 701 1550 μή
718 1523 760 1546 τις
779 1515 850 1550 ὑμᾶς
868 1516 941 1541 ἁπα-

157 1561 230 1586 τάτω
246 1559 391 1594 λογισμὸς,
408 1560 446 1591 ὡς
462 1560 622 1594 νενικήκατε
636 1560 803 1595 Ῥωμαίους,
821 1561 943 1595 ἐπηρμέ-

157 1613 197 1631 νοι
213 1605 251 1640 τῷ
265 1606 313 1640 τὴν
331 1605 495 1640 Ἀντιόχειαν
513 1604 612 1632 ἁλῶναι
630 1606 700 1640 πρὸς
718 1605 794 1640 ὑμῶν
811 1605 858 1632 καὶ
874 1606 942 1632 ἄττα

165 1649 305 1685 Ῥωμαϊκὰ
319 1651 416 1686 χωρία.
429 1650 465 1678 Τὸ
477 1650 531 1686 γὰρ
544 1651 713 1686 ὑπερῦάλλον
725 1651 773 1686 τῆς
786 1651 943 1687 Ῥωμαῖκῆς

158 1697 284 1731 εὐτυχίας
300 1698 314 1723 ό
325 1697 390 1728 Θεὸς
408 1697 538 1724 ἐκόλασεν
554 1698 581 1724 ἐν
597 1697 694 1732 τούτῳ,
710 1697 749 1732 τῷ
767 1697 804 1732 μὴ
820 1697 942 1732 νομίζειν

158 1739 299 1775 ἄνθρωπον
314 1741 458 1777 ἀνθρώπου
476 1742 616 1777 διαφέρειν
632 1742 711 1769 πολύ,
729 1742 783 1768 Καὶ
803 1742 827 1768 ει
849 1742 898 1776 μὲν
913 1742 944 1768 τὺ

160 1785 240 1821 φύσει
261 1786 365 1814 δίκαιον
389 1787 517 1822 ἐκράτει,
540 1786 602 1814 οὕτε
628 1787 751 1822 ῥητόρων
772 1786 832 1813 οὔτε
854 1787 944 1822 νόμων

159 1831 302 1866 ἀκριὸεἱας
320 1831 382 1858 οὕτε
403 1832 455 1867 μὴν
474 1831 620 1866 ἐκκλησίας
640 1831 688 1858 καὶ
706 1831 755 1866 τῆς
774 1831 839 1866 περὶ
857 1831 945 1858 ταῦτα

160 1877 295 1908 ποικιλίας
310 1877 364 1904 τῶν
378 1877 464 1910 λόγων
480 1877 532 1903 ἔδει
545 1885 552 1891 ·
569 1877 718 1911 αὐθαίρετα
736 1877 791 1912 γὰρ
805 1878 861 1908 τοῖς
881 1877 944 1912 βιω-

160 1923 253 1956 φελέσι
268 1923 322 1949 τῶν
338 1923 508 1958 πραγμάτων
523 1922 727 1958 προσετέθημεν
739 1923 773 1950 ’⁷.
792 1923 900 1958 Ἐπειδὴ
916 1923 944 1950 δὲ

160 1970 259 2000 πάντες
281 1969 419 2004 ἄνθρωποι
443 1969 535 1995 δίκαια
561 1968 727 1995 καθεστάναι
751 1969 898 2004 νομίζομεν
910 1969 943 2002 ’³,

160 2014 271 2048 προσδεῖ
282 2015 304 2029 ’⁸
325 2014 372 2041 καὶ
392 2014 441 2049 τῆς
465 2015 496 2040 ὲκ
518 2014 571 2040 τῶν
592 2013 678 2046 λόγων
700 2013 842 2049 τερθρείας
867 2014 943 2048 ἡμῖν.

161 2060 310 2094 Τοιγαροῦν
328 2060 374 2086 καὶ
392 2061 420 2091 ἐς
440 2060 588 2095 ἐκκλησίαν
610 2059 838 2095 ξυνεληλύθαμεν,
855 2059 892 2091 ὡς
912 2060 945 2087 ἂν

160 2106 333 2140 πείσοιμεν³⁹
354 2105 465 2132 ἕκαστοι
486 2107 547 2137 τοὺς
558 2106 580 2121 ¹¹
599 2105 731 2140 δεινότητι
753 2105 840 2139 λόγων
861 2106 946 2132 ἐπιει-

160 2152 219 2182 κεῖς
236 2149 316 2178 εἶναι.
328 2152 389 2178 Ὀτι
408 2151 457 2186 μὲν
472 2151 518 2178 οὖν
535 2151 638 2185 ἀγαθὸν
655 2151 750 2186 εἰρήνη
770 2152 818 2179 καὶ
834 2152 945 2178 τούναν-

160 2200 217 2226 τίον
234 2199 351 2234 πονηρὸν
366 2200 380 2226 ό
396 2199 526 2234 πόλεμος,
543 2199 632 2231 οὐδεὶς
649 2200 766 2235 ἀντερεῖ.
781 2200 812 2226 El
828 2199 882 2234 γὰρ
900 2199 946 2226 καὶ
963 2212 985 2240 D

161 2245 238 2280 παρὰ
251 2244 299 2280 τὴν
315 2245 406 2279 κοινὴν
422 2246 476 2272 τῶν
491 2245 642 2280 ἀνθρώπων
657 2245 735 2275 δόξαν
752 2245 858 2280 βέϐαιον
874 2247 945 2280 ἡγη-

162 2290 264 2326 σόμεθα
281 2290 310 2316 τὸ
326 2291 415 2325 νικᾷν,
433 2287 511 2325 οἶμαι
525 2290 571 2316 τὸν
586 2290 747 2324 νενικηκότα
762 2290 880 2317 κάκιστα
898 2291 947 2326 ζῇν

162 2337 191 2370 ἐξ
205 2333 242 2363 ὧν
254 2335 417 2371 δακρύουσιν
430 2335 530 2370 ἕτεροι.
542 2335 621 2362 Οὕτω
635 2335 720 2370 δήπου
735 2336 824 2362 καὶτὸ
838 2338 948 2371 κρατεῖν

161 2383 291 2418 λυπηρὸν,
310 2383 346 2417 μή
366 2382 391 2408 τί
412 2390 442 2416 γε
462 2382 492 2407 τὸ
512 2381 672 2415 κρατεῖσθαι
691 2381 885 2416 λυπηρότερον.
903 2382 949 2408 Διὸ

162 2429 250 2455 τοίνυν
271 2430 284 2455 ὁ
306 2428 366 2455 καθ’
380 2429 453 2463 ἡμᾶς
474 2427 600 2462 βασιλεὺς
621 2427 776 2453 ἀπέσταλκε
799 2428 948 2462 σπεισομέ-

164 2482 226 2505 νους
244 2475 319 2508 ἡμᾶς
341 2474 387 2500 καὶ
404 2474 553 2508 προτέρους
575 2472 762 2505 ἱκετεύσαντας
782 2473 948 2500 καταθέσθαι

165 2518 210 2544 τὸν
226 2517 352 2552 πόλεμον,
368 2518 417 2552 οὐχ
431 2517 468 2548 ὡς
483 2517 575 2548 δεδιὼς
593 2518 641 2552 μὲν
656 2517 690 2544 τὰ
705 2517 834 2552 πολέμια,
851 2518 949 2552 (9960:5-

168 2571 247 2599 μενος
271 2563 317 2594 δὲ,
345 2563 382 2598 μὴ
407 2562 589 2597 προφθάσοιτε
614 2562 799 2597 διαλεγόμενοι
823 2563 951 2598 πρότεροι

167 2610 231 2645 περὶ
245 2610 294 2645 τῆς
311 2609 421 2650 εἰρήνης
436 2610 485 2644 τῆς
502 2609 632 2643 φιλτάτης
649 2609 724 2644 ἡμῖν.
740 2609 786 2644 Μὴ
803 2609 870 2644 δῆτα
886 2607 950 2641 οὖν,

989 247 1048 274 qurc
1066 238 1191 267 maximae
1200 243 1244 267 est
1260 239 1329 273 apud
1352 237 1449 265 Persas
1471 236 1648 268 auctoritatis,
1667 236 1775 262 nomine

987 283 1201 318 Jesdegusnaph,
1229 282 1274 317 qui
1298 285 1357 309 crat
1377 281 1458 309 etiam
1481 280 1554 315 regis
1579 278 1772 310 cubicularius,

989 330 1106 357 advenit.
1123 329 1215 365 Legati
1240 329 1321 363 igitur
1338 331 1533 357 convenerunt,
1548 330 1575 353 et
1600 333 1653 352 una
1666 331 1775 359 quoque

988 383 1049 403 cum
1065 375 1118 402 illis
1134 375 1253 410 ipsarum
1271 374 1410 408 regionum
1428 372 1476 398 viri
1494 371 1628 406 primarii,
1645 375 1673 397 ut
1690 370 1775 397 dehis

990 421 1071 448 rebus
1083 421 1274 450 deliberarent,
1290 423 1352 445 sunt
1373 417 1541 452 congregati.
1559 417 1635 450 Apud
1647 423 1714 450 quos
1727 415 1776 442 Pc-

989 470 1058 497 trus,
1075 464 1255 492 Romanorum
1271 463 1384 498 legatus,
1404 470 1464 490 cum
1480 462 1606 489 omnibus
1623 461 1776 494 disciplinis

989 511 1066 537 valde
1076 510 1210 541 excultus,
1226 514 1280 535 tum
1296 509 1430 542 praecipue
1445 508 1470 535 in
1481 508 1542 541 jure
1559 511 1692 538 versattts,
1705 516 1713 532 I
1728 507 1778 532 Λει-

989 563 1094 588 sumus,
1111 563 1127 582 ο
1140 555 1191 582 viri
1204 554 1304 584 Persae.
1317 554 1414 588 inquit,
1429 561 1444 580 a
1460 553 1640 580 [loruanorum
1660 553 1777 586 impera-

991 606 1048 627 tore
1063 600 1224 633 missi.0uis
1236 607 1301 626 vero
1316 603 1343 626 et
1360 599 1448 633 qualis
1459 599 1495 625 sit.
1508 603 1600 625 uoster
1616 599 1772 633 itnpcralor,

990 653 1186 680 supervacuum
1208 648 1252 672 est
1276 645 1376 671 dicere.
1400 644 1503 670 Eteuim
1520 643 1579 678 ejus
1600 651 1681 677 opera
1703 643 1781 670 vob‘s

991 692 1077 718 virum
1091 692 1277 718 demonstrant
1290 695 1316 718 et
1333 690 1463 717 indicant.
1475 689 1576 716 Adsum
1594 689 1672 723 igitur
1684 693 1712 715 ut
1723 689 1778 723 jam

993 737 1073 764 initas
1086 742 1112 764 et
1128 737 1214 764 factas
1233 736 1426 764 conventiones
1440 737 1474 762 ad
1493 736 1640 770 perfectam
1652 739 1679 761 ct
1695 735 1779 760 ahso-

991 782 1073 809 ltttam
1091 790 1183 817 pacem
1206 782 1355 810 traducam.
1373 781 1429 816 Ego
1447 789 1510 808 vero
1531 781 1646 815 primum
1662 780 1735 814 quali
1753 785 1780 806 et

993 834 1073 861 quam
1098 827 1200 862 potenti
1225 835 1284 854 cttm
1313 829 1411 861 populo
1436 825 1585 853 amicitiam
1609 825 1778 853 contracturi

991 873 1062 905 sitis,
1074 873 1153 901 vobis
1161 873 1305 900 ostendere
1323 873 1392 901 volo.
1406 873 1482 906 Quod
1496 872 1517 899 si
1532 872 1634 899 multus
1645 871 1670 898 in
1689 871 1778 898 dicen-

994 918 1029 946 do
1040 925 1100 945 esse
1113 917 1233 950 videbor,
1249 922 1337 944 tamen
1350 918 1420 952 quod
1433 917 1564 944 Rotunauls
1575 921 1603 944 et
1615 916 1704 943 Persis
1716 923 1781 942 con-

993 964 1073 990 ducat
1091 964 1279 998 respicientes,
1296 971 1388 998 quzcso
1409 970 1443 990 ne
1459 962 1592 990 orationis
1615 961 1781 996 longitudine

993 1008 1178 1036 offendamini.
1199 1009 1265 1036 Nam
1281 1009 1369 1040 brevi.
1385 1009 1441 1036 lucc
1454 1012 1606 1043 opportuno
1623 1007 1693 1034 dicta
1709 1013 1780 1037 esse,

994 1055 1146 1089 apparebit,
1166 1055 1319 1088 et5laudcm
1339 1062 1354 1082 a
1372 1055 1448 1082 vobis
1470 1061 1634 1088 consequar,
1651 1060 1712 1079 cum
1736 1059 1780 1080 res

995 1102 1060 1135 ipsae
1078 1100 1157 1136 134
1173 1107 1221 1128 vos
1235 1100 1377 1128 docuerint
1391 1107 1449 1127 eam
1459 1107 1538 1134 quam
1548 1106 1579 1126 ex
1594 1099 1714 1126 oratione
1723 1105 1781 1125 mea

995 1147 1106 1181 capietis
1123 1147 1277 1174 utilitatetn.
1305 1147 1357 1174 Vos
1379 1147 1461 1181 igitur
1480 1145 1568 1173 foedus
1585 1149 1612 1172 et
1632 1144 1780 1172 amicitiam

994 1193 1159 1221 contrahetis
1174 1200 1234 1220 cum
1254 1192 1399 1225 Romanis;
1416 1192 1516 1220 sullicit
1536 1199 1600 1219 vero
1617 1191 1707 1219 dicere
1728 1190 1783 1217 Ro-

998 1245 1100 1265 manos.
1118 1237 1224 1265 Etenim
1245 1237 1295 1264 hac
1314 1237 1370 1265 sola
1391 1237 1612 1265 denominationc
1625 1236 1729 1270 reliqua
1743 1235 1784 1262 fn-

997 1283 1048 1311 cile
1061 1284 1258 1319 intelliguntur.
1273 1283 1385 1317 Oportet
1396 1283 1488 1317 igitur,
1503 1282 1721 1318 quandoquidem
1736 1289 1785 1309 vos

997 1336 1058 1355 cum
1072 1333 1126 1356 tam
1143 1329 1245 1364 potenti
1260 1334 1340 1363 gente
1352 1329 1440 1356 fmdus
1456 1329 1540 1361 initis,
1555 1335 1642 1363 neque
1655 1329 1688 1354 de
1704 1328 1784 1355 rebus

998 1375 1072 1409 parvi
1096 1376 1224 1402 momenti
1243 1376 1387 1402 consilium
1406 1375 1522 1408 habetis,
1543 1374 1735 1402 honestissima
1757 1378 1784 1400 et

998 1422 1141 1450 utilissima
1159 1431 1274 1458 qua-que
1301 1431 1442 1458 capessere
1466 1429 1492 1451 et
1515 1432 1564 1457 pro
1586 1423 1697 1452 incertis
1721 1422 1783 1450 belli

996 1467 1179 1494 certissimum
1209 1468 1335 1495 omnibus
1360 1468 1521 1496 mortalibus
1545 1469 1655 1501 bonum,
1677 1476 1782 1503 pacem,

997 1512 1122 1546 amplecti
1141 1517 1167 1539 et
1180 1519 1298 1540 scrvare.
1315 1513 1351 1540 At
1364 1520 1396 1539 ne
1413 1520 1464 1547 qua
1481 1513 1578 1540 blanda
1591 1514 1722 1548 cogitatio
1736 1522 1784 1541 vos

998 1557 1123 1589 deludat,
1153 1562 1280 1592 tauquam
1303 1558 1441 1586 Romanos
1465 1559 1594 1590 viceritis,
1615 1559 1688 1591 elati,
1712 1562 1783 1594 quod

997 1602 1168 1630 Antiochiam
1182 1608 1208 1630 et
1224 1604 1275 1631 alia
1293 1606 1416 1639 quamam
1430 1605 1555 1640 ignobilia
1572 1605 1641 1638 loca,
1657 1613 1715 1640 qua:
1732 1605 1784 1632 Ro-

999 1655 1139 1675 manorum
1160 1653 1256 1680 erant.
1277 1649 1397 1684 cepistis,
1422 1651 1447 1677 in
1470 1651 1520 1677 hoc
1535 1649 1607 1677 Deus
1628 1650 1784 1678 felicitatem

997 1693 1193 1726 Romanorum,
1207 1702 1266 1729 qua:
1285 1695 1366 1722 nimia
1385 1700 1453 1728 erat,
1465 1696 1577 1730 punivit,
1590 1703 1680 1731 neque
1695 1696 1784 1723 homi-

999 1747 1060 1766 nem
1087 1739 1199 1767 homine
1222 1741 1336 1768 multum
1359 1746 1490 1776 prmstare
1516 1742 1612 1769 debere
1644 1743 1783 1770 indicavit.

999 1784 1075 1817 Quod
1094 1785 1116 1811 si
1131 1785 1202 1819 quod
1220 1791 1316 1812 natura
1327 1786 1429 1821 justum
1447 1792 1489 1814 est
1505 1787 1701 1819 dominaretur,
1718 1788 1785 1815 nihil

997 1838 1065 1865 opus
1078 1836 1150 1858 esset
1171 1839 1256 1866 neque
1277 1833 1426 1864 rhetorum,
1447 1840 1534 1867 neque
1558 1833 1647 1868 legum
1665 1834 1737 1860 cultu
1758 1839 1786 1860 ct

998 1876 1146 1911 diligentia,
1165 1885 1213 1904 nec
1227 1878 1415 1911 concionibus,
1427 1883 1474 1906 aut
1486 1879 1637 1906 orationum
1651 1879 1783 1912 ubertate,

998 1929 1058 1956 quae
1073 1923 1099 1948 in
1112 1922 1152 1950 his
1166 1928 1320 1957 usurpatur.
1334 1923 1434 1958 Sponte
1447 1925 1519 1951 enim
1535 1932 1624 1952 rerum
1642 1925 1784 1952 utilitatem

999 1973 1185 1999 sequeremur.
1210 1967 1262 1995 Sed
1286 1975 1369 2002 quum
1382 1976 1478 1996 omnes
1499 1969 1636 2002 mortales,
1654 1978 1714 2004 quae
1733 1970 1784 1997 sibi

999 2012 1198 2046 placent,justa
1214 2020 1274 2040 esse
1287 2013 1367 2040 velint
1382 2022 1389 2040 :
1406 2015 1485 2041 etiam
1501 2015 1632 2043 orationis
1651 2016 1785 2043 illecebris

1000 2057 1078 2085 nobis
1094 2065 1161 2092 opus
1186 2064 1240 2086 est.
1261 2058 1336 2087 Hauc
1360 2060 1394 2087 ob
1416 2067 1524 2088 causam
1548 2063 1732 2096 convenimus,
1757 2067 1786 2089 ut

1000 2105 1186 2140 unusquisque
1200 2110 1322 2133 nostrum
1338 2107 1447 2134 evincat
1464 2109 1596 2136 orationis
1613 2109 1637 2136 vi
1657 2114 1682 2136 et
1697 2111 1786 2144 gravi-

1000 2155 1066 2184 tate,
1083 2159 1113 2178 sc
1129 2151 1232 2186 justum
1250 2161 1321 2180 esse.
1339 2153 1436 2181 Pacem
1454 2163 1518 2182 vero
1534 2155 1630 2182 bonam
1645 2163 1715 2187 esse,
1730 2157 1787 2184 hel-

1000 2195 1054 2223 lum
1087 2202 1177 2224 autem
1207 2206 1263 2225 rem
1285 2199 1395 2233 malam,
1421 2207 1501 2227 nemo
1524 2201 1639 2234 dubitat,
1668 2202 1785 2236 etiamsi,

1001 2246 1095 2269 contra
1121 2243 1158 2275 id,
1173 2244 1243 2277 quod
1266 2245 1344 2280 vulgo
1360 2245 1484 2272 homines
1509 2247 1664 2281 opinantur,
1683 2253 1786 2275 certum

1001 2287 1228 2322 exploratumque
1245 2288 1405 2316 haberemus
1420 2297 1469 2317 nos
1478 2290 1617 2317 victoriam
1631 2291 1787 2324 adepturos,

1001 2334 1096 2367 opinor
1109 2338 1210 2365 taineu,
1224 2341 1298 2367 eum,
1308 2335 1352 2369 qui
1366 2335 1443 2367 vicit.
1458 2335 1603 2364 infeliciter
1614 2345 1704 2372 agere,
1717 2338 1788 2372 quod

1002 2378 1115 2406 alterum
1136 2380 1253 2413 graviter
1268 2380 1392 2408 amictum
1418 2381 1501 2408 videt.
1523 2381 1570 2409 Sic
1588 2383 1669 2416 igitur
1682 2383 1790 2410 vincere

1004 2433 1111 2460 quoque
1132 2425 1275 2453 molestum
1293 2431 1344 2459 est,
1363 2427 1414 2454 etsi
1430 2427 1499 2454 vinci
1514 2433 1554 2455 est
1569 2429 1719 2456 molestius.
1735 2428 1789 2456 lla-

1004 2478 1056 2506 que
1071 2477 1165 2498 noster
1179 2472 1325 2506 imperator
1338 2473 1411 2499 misit
1425 2480 1483 2505 nos,
1496 2479 1525 2500 ut
1539 2474 1641 2501 foedera
1651 2475 1788 2502 vobiscum

1005 2517 1148 2549 iniremus,
1162 2522 1188 2544 et
1204 2518 1308 2551 priores
1320 2519 1537 2553 deprecaremur,
1554 2525 1580 2546 ιιι
1596 2520 1692 2547 bellum
1705 2521 1788 2555 depo-

1007 2563 1079 2589 natls
1097 2572 1103 2589 :
1124 2570 1177 2590 non
1197 2564 1267 2597 quod
1285 2564 1378 2590 timeat
1401 2564 1543 2593 adversam
1567 2565 1627 2593 belli
1644 2566 1789 2600 fortunam,

1005 2608 1052 2636 sed
1069 2615 1102 2636 ne
1116 2615 1175 2635 emn
1193 2609 1398 2643 praevenialisin
1411 2617 1486 2644 pace,
1499 2618 1559 2645 qua:
1570 2611 1649 2639 nobis
1663 2617 1715 2639 tam
1727 2620 1789 2639 cara

813 2679 932 2707 VAlilAi
953 2679 1147 2707 LECTIONES

205 2742 227 2757 "
242 2741 351 2776 ἀξίωμα
367 2738 622 2776 τὸννιιηλᾲξιῴματι
641 2738 714 2776 vulg.

168 2774 212 2803 οἶα
227 2777 299 2811 vulg.
314 2773 320 2776 “
338 2777 362 2792 ’⁸
372 2775 442 2808 δόξει
468 2773 507 2811 Cl.
527 2773 704 2811 _6_sl€ervulg,

168 2813 191 2828 "
224 2807 335 2846 προσδεῖ
363 2811 409 2844 N.,
431 2809 500 2844 πρὸς
525 2808 557 2843 δὴ
579 2807 652 2843 vulg.

168 2847 230 2874 add.
246 2847 278 2874 Ν.

754 2737 776 2774 ξ³
789 2737 870 2763 αὑτὸν
945 2737 1019 2774 αὑτῷ
1038 2737 1110 2774 vulg.
1149 2737 1214 2774 ’λέν
1229 2736 1321 2774 τοιρμτῷ
1338 2737 1379 2774 B_.,
1395 2738 1423 2774 ὲν
1436 2738 1510 2772 αὐτῷ
1526 2739 1596 2774 vulg.

743 2773 764 2787 ’τ
782 2772 946 2807 προσετέθη
963 2772 1013 2805 μὲν
1033 2772 1106 2805 vulg.

700 2807 722 2824 ³⁸
741 2806 870 2841 πείσομεν
892 2806 945 2834 οιΙί
962 2807 1021 2834 Par.
1061 2807 1082 2822 "
1097 2806 1206 2833 ἔκαστοι
1229 2806 1304 2841 τοὺς]
1320 2806 1392 2842 ἡμᾶς
1407 2806 1506 2839 αὐτοίἰς
1523 2806 1600 2844 conj.
1625 2809 1666 2843 13.,

1162 2740 1172 2752 ι
1185 2740 1214 2762 ὲν
1229 2740 1321 2772 ταύτῷ
1338 2740 1379 2769 Β..
1395 2740 1423 2764 ὲν
1436 2740 1510 2772 αὐτῷ
1526 2740 1596 2774 vulg.
1636 2740 1658 2756 ’⁸
1673 2740 1733 2766 οἵαν
1747 2741 1791 2770 Il..

1161 2771 1184 2787 ’³
1208 2771 1366 2807 νομίζομεν]
1388 2773 1423 2802 τὰ
1452 2774 1637 2808 κεχαρισμένα
1665 2775 1727 2801 add.
1759 2772 1791 2801 N.

1161 2814 1206 2833 fTOl.
1229 2806 1304 2837 τοὺς]
1320 2807 1392 2837 ἡμᾶς
1407 2809 1506 2837 αὐτοὺς
1528 2809 1600 2837 coni.
1625 2809 1666 2837 Β..
1696 2810 1791 2837 ἄλλους

1724 2819 1793 2841 ιΛους
