1943 3072
97 180 151 212 865

488 181 536 210 DE
555 180 834 211 LEGATIONIBUS
856 181 1101 211 ROMANORUNI
1124 182 1172 211 AD
1192 181 1350 211 GENTES.

1672 183 1726 213 806

99 242 150 260 σαν
184 234 214 260 ai.
245 232 500 268 πεντηκοντούτιδες
533 234 646 260 σπονδαὶ
676 234 807 269 Περσιστὶ
838 233 884 260 καὶ

942 241 997 260 tum
1011 234 1035 259 in
1059 235 1255 268 quinquaginta
1276 242 1360 261 annos
1379 235 1545 263 conditiones
1569 241 1633 264 situt
1657 245 1723 270 pne.

103 281 266 315 Ἑλληνιστὶ,
278 280 428 315 μετεϐλήθη
447 289 475 306 τε
488 280 519 306 τὺ
538 280 693 315 Ἑλληνικδν
711 281 751 311 εἰς
768 280 885 314 Περσῖδσι

98 326 191 361 φωνὴν
221 327 268 353 καὶ
287 325 317 352 τὸ
338 326 470 360 Περσικὸν
485 326 524 355 εἰς
552 324 704 360 Ἑλληνίδα.
731 327 761 352 Οἱ
785 326 813 352 δὲ
836 326 886 357 τὰς

99 369 234 404 Ευνθήκας
249 369 420 404 βεϐαιοῦντες
447 369 590 404 Ῥωμαίων
614 369 664 404 μὲν
683 369 787 403 Πέτρος
803 370 816 395 ὁ
831 369 885 395 τῶν

98 415 162 449 περὶ
183 414 296 449 βασιλέα
319 414 477 448 καταλόγων
493 413 605 449 ⁴ἡγεμὼν
625 414 671 440 καὶ
687 414 815 445 Εύσέὸιος
839 414 886 440 καὶ

98 460 198 496 ἕτεροι,
225 461 340 496 Περσῶν
360 460 388 486 δὲ
410 461 424 486 6
447 459 650 493 Ἰεσδεγουσνὰφ
674 460 721 486 καὶ
748 459 885 494 Σουρήνας

100 507 147 533 καὶ
170 507 270 542 ἕτεροι.
289 506 352 534 Τῶν
370 504 416 533 οὖν
433 507 462 539 ἐξ
479 506 610 542 ἐκατέρου
625 507 724 541 μέρους
736 505 886 541 ὁμολογιῶν

100 554 129 579 ὲν
159 552 306 584 συλλαϐαῖς
342 552 550 588 ἀναληφθεισῶν
568 572 575 584 ,
611 551 886 586 ἀντιπαρεόλήθησαν

99 597 228 633 ἀλλήλαις
250 599 289 633 τῷ
316 598 470 634 ῑσοδυνάμῳ
492 598 548 624 τῶν
565 597 766 633 ἐνθυμημάτων
791 606 821 624 τε
839 598 886 623 καὶ

100 644 240 677 ῥημάτων.
256 643 326 669 Ὀσα
339 643 367 669 δὲ
380 643 502 678 ἐσήμηνε
518 643 553 670 τὰ
567 643 615 678 τῆς
629 643 740 678 εἰρήνης
752 651 886 677 γραμμα-

99 690 168 720 τεῖα,
186 688 330 720 λελέξεται.
355 689 409 715 Καὶ
427 689 458 724 δὴ
473 688 561 724 δόγμα
582 688 689 723 ἐγράφη
711 687 831 723 πρῶτον,
847 687 885 719 ὡς

99 732 142 761 διὰ
169 735 218 769 τῆς
247 733 423 769 στενοπορίας
455 734 504 769 τῆς
535 733 638 760 εἰσόδου
662 733 709 760 τοῦ
741 733 886 768 λεγομένου

100 779 253 815 Χορουτζδν
283 780 330 806 καὶ
357 779 412 806 τῶν
439 779 571 806 Κασπίων
594 779 687 806 πυλῶν
716 778 753 814 μὴ
783 779 887 813 ἐφεῖναι

101 825 238 859 Πέρσαςῆ
263 825 380 857 Οὗννους
395 826 411 861 ἦ
426 826 553 857 ’Δλανοὺς
570 826 586 861 ἢ
604 826 714 862 ἐτέρους
730 826 888 861 Βαρϐἀρους

101 869 217 904 πάροδον
231 869 366 896 ποιεῖσθαι
382 871 452 897 κατὰ
466 871 516 905 τῆς
537 870 681 905 Ῥωμαίων
696 871 886 906 ἐπικρατείας·

101 915 170 949 μήτε
185 915 213 940 δὲ
236 913 388 949 Ῥωμαίους
412 916 441 942 ἑν
457 916 531 950 αὐτῷ
547 917 632 952 δήπου
648 917 687 951 τῷ
702 916 792 952 χώρῳ,
818 917 886 952 μήτε

102 961 155 994 μὴν
169 961 197 986 ἐν
219 959 308 992 ἄλλοις
330 961 461 995 Μηδικοῖς
478 961 562 996 ὁρίοις
588 962 744 997 στράτευμα
768 963 887 989 στέλλειν

100 1005 170 1031 κατὰ
186 1005 307 1040 Περσῶν.
331 1006 472 1041 Δεύτερον,
495 1006 532 1038 ὡς
548 1006 581 1033 ἂν
599 1008 622 1034 οί
638 1008 778 1042 σύμμαχοι
798 1008 886 1043 Σαρα-

101 1051 179 1085 κηνοὶ
206 1050 340 1086 ἑκατέρας
368 1051 506 1083 πολιτείας
534 1052 679 1087 ἐμμένοιέν
707 1053 755 1079 καὶ
782 1054 807 1080 οἳ
833 1055 888 1086 τοῖς

102 1097 283 1132 βεὸαιωθεῖσι.
297 1097 345 1123 καὶ
358 1098 427 1132 μήτε
438 1098 502 1129 τοὺς
518 1098 632 1134 Περσῶν
645 1099 715 1125 κατὰ
742 1099 887 1134 Ρωμαίων,

103 1143 171 1176 μήτε
202 1141 266 1172 τοὺς
301 1141 446 1176 Ῥωμαίων
473 1143 630 1174 ὁπλίζεσθαι
663 1144 734 1170 κατὰ
762 1144 886 1179 Περσῶν.

103 1186 181 1212 Κατὰ
195 1186 289 1221 τρίτην
303 1186 389 1219 τάξιν,
408 1186 479 1213 ὥστε
501 1187 563 1219 τοὺς
579 1188 716 1223 ἐμπόρους
745 1188 888 1224 Ῥωμαίων

101 1240 131 1258 τε
149 1232 195 1258 καὶ
211 1231 322 1267 Περσῶν
336 1232 389 1259 τῶν
407 1233 556 1260 ὁποιωνοῦν
579 1234 707 1269 φορτίων,
726 1234 838 1266 τούτους
859 1235 888 1261 δὲ

102 1280 149 1305 καὶ
169 1279 231 1311 τοὺς
252 1279 372 1306 τοιούσδε
384 1280 514 1315 ποριστὰς
531 1281 602 1307 κατὰ
618 1281 648 1307 τὸ
667 1281 696 1313 ἐξ
713 1282 800 1316 ἀρχῆς
821 1291 887 1317 κρα-

102 1326 187 1361 τῆσαν
202 1325 261 1357 ἔθος
279 1326 484 1361 ἐμπορεύεσθαι
504 1327 548 1353 διὰ
567 1327 621 1353 τῶν
637 1327 790 1363 εἰρημένων
810 1328 890 1355 δεκα-

102 1371 263 1407 τευτηρίων.
281 1373 318 1404 Δ’,
335 1371 373 1403 ὡς
388 1371 421 1398 ἂν
435 1372 459 1398 οἱ
475 1371 603 1407 πρέσϐεις
615 1373 661 1399 καὶ
675 1374 698 1399 οἱ
711 1374 743 1408 τῇ
758 1374 888 1409 ταχυτῆτι

103 1417 238 1453 χρώμενοι
248 1417 302 1444 τῶν
317 1418 455 1453 δημοσίων
466 1417 556 1445 ἵππων
567 1418 634 1453 πρὸς
648 1419 696 1450 τὰς
709 1419 888 1452 ἀπαγγελίας,

102 1463 117 1489 ὸ
130 1463 178 1497 μὲν
194 1463 222 1495 ἐς
238 1463 272 1490 τὰ
300 1463 454 1498 Ῥωμαίων,
480 1463 494 1489 6
514 1463 536 1489 δ’
557 1464 584 1495 ἐς
600 1464 624 1479 ⁷⁸
646 1464 679 1489 τὰ
696 1464 809 1499 Περσῶν
836 1464 888 1500 ἢθη

103 1507 306 1543 ἀφικνούμενοι,
328 1508 400 1535 κατὰ
421 1508 522 1544 ταύτην
542 1509 620 1541 ἀξίαν
646 1510 692 1535 καὶ
707 1510 737 1535 τὸ
753 1509 889 1544 προσῆκον

105 1552 215 1579 ἕκαστοι
225 1553 376 1588 τιμηθεῖεν,
392 1553 440 1580 καὶ
450 1553 499 1588 τῆς
514 1554 627 1589 δεούσης
639 1553 778 1586 τεύξονται
791 1555 888 1590 ἐπιμε-

103 1597 186 1629 λείας·
199 1598 416 1625 ἀπαλλάττεσθαι
427 1608 456 1625 τε
473 1599 541 1634 σφᾶς
558 1600 594 1633 μὴ
606 1599 845 1634 χρονοτριΰοῦντας
854 1600 889 1626 ⁷⁷.

110 1643 190 1670 Ἀλλά
202 1644 256 1679 γὰρ
271 1645 317 1671 καὶ
331 1644 381 1675 τὰς
399 1645 543 1680 ἐμπορίας,
560 1644 592 1676 ἃς
609 1645 797 1680 ἐπιφέρονται,
810 1646 890 1679 ἀμοι-

105 1688 197 1720 δάζειν
214 1689 360 1721 ἀκωλύτως
383 1698 413 1716 τε
437 1690 484 1717 καὶ
499 1690 563 1716 ἄνευ
582 1689 733 1720 συντελείας
758 1690 840 1721 τινός.
862 1691 889 1715 E’

104 1735 267 1770 διετυπώθη,
281 1736 351 1763 ὥστε
367 1737 429 1768 τοὺς
445 1737 618 1771 Σαρακηνοὺς
634 1736 681 1763 καὶ
702 1737 765 1768 τοὺς
784 1738 890 1763 ὁποιου-

106 1780 168 1807 σοῦν
189 1781 348 1817 Βαρσὶρους
371 1782 508 1816 ἐμπόρους
534 1782 666 1817 ἑκατέρας
694 1782 831 1813 πολιτείας
853 1782 891 1817 μὴ

105 1826 149 1853 διὰ
165 1827 248 1859 ξένων
264 1827 394 1862 ἀτραπῶν
419 1827 556 1854 ποιεῖσθαι
579 1828 629 1858 τὰς
646 1827 769 1862 πορείας,
792 1827 891 1861 μᾶλλον

107 1872 156 1907 μὲν
170 1870 216 1898 οὖν
230 1872 275 1899 διὰ
289 1873 336 1907 τῆς
358 1872 492 1904 Νισίῦεως
508 1873 614 1900 καὶτοῦ
635 1874 734 1908 Δάρας,
752 1874 819 1908 μήτε
839 1873 891 1909 μὴν

105 1917 169 1945 ἄνευ
187 1918 339 1949 κελεύσεως
356 1918 473 1953 ἀρχικῆς
489 1918 557 1944 ἰέναι
578 1919 647 1945 κατὰ
663 1919 711 1954 τὴν
728 1919 890 1955 ἀλλοδαπήν.

107 1963 137 1988 Ei
153 1963 243 1997 μέντοι
265 1964 340 1998 παρὰ
356 1963 386 1990 τὸ
401 1964 496 1990 δοκοῦν
517 1965 674 1999 τολμήσωσί
696 1973 732 1996 τι,
748 1966 842 2000 ἤγουν,
861 1966 892 1992 τὸ

106 2007 261 2042 λεγόμενον,
276 2008 586 2044 κλεπτοτελωνήσουσιν,
601 2011 824 2045 ἀνιχνευομὲνους
840 2011 893 2037 ὑπὸ

107 2053 130 2069 ⁷⁸
147 2053 200 2080 τῶν
214 2054 243 2080 ὲν
256 2055 312 2086 τοῖς
324 2054 407 2090 ὁρίοις
420 2055 569 2090 ἀρχόντων,
592 2055 638 2087 ξὶιν
660 2057 714 2085 rei;
730 2056 779 2082 ὅσα
799 2057 892 2090 ἐπιφέ-

108 2107 210 2134 ρονται,
228 2099 283 2126 εἴτε
309 2100 440 2136 Ἀσσύρια
465 2101 563 2136 φορτία
584 2099 640 2127 εἷεν
668 2102 723 2127 εἴτε
759 2102 892 2136 Ῥωμαῖα,

106 2143 300 2177 παραδίδοσθαι
320 2144 435 2176 εὐθύνας
465 2145 623 2180 ὑφέξοντας.
655 2146 700 2180 q',
722 2146 759 2177 ὡς
769 2147 795 2172 εἴ
810 2155 892 2179 τινες,

107 2188 138 2214 ὲν
157 2183 179 2221 ᾧ
200 2189 287 2224 χρόνῳ
314 2191 328 2216 6
345 2190 461 2225 πόλεμος
489 2191 669 2226 ξυνειστήκει,
693 2192 891 2227 ηὐτομόλησαν,

937 279 1145 313 scriptmGrtcce
1159 285 1186 306 et
1200 279 1318 306 Persice.
1353 281 1455 307 Dcinde
1470 281 1563 308 Cratca
1577 281 1602 307 in
1622 290 1726 309 acrum-

938 330 996 349 nem
1010 323 1158 355 Persicum,
1171 327 1198 350 et
1210 322 1319 350 Persica
1335 324 1360 351 in
1373 325 1494 351 Glil‘Clllll
1506 331 1567 351 aUIIl
1584 327 1724 353 translata.

938 368 1096 396 Fmderibus
1107 376 1196 395 autem
1215 369 1363 396 scribendis
1379 373 1406 396 et
1424 369 1552 397 faciendis
1565 370 1698 398 :dl‘ucrunt
1711 380 1726 398 ιε

939 412 1066 440 Romanis
1076 413 1182 445 Petrus,
1193 415 1245 440 dux
1257 415 1382 446 utilittttn,
1393 415 1439 447 qui
1450 415 1522 442 circa
1535 415 1725 448 imperatorem

938 458 1099 490 militabant,
1113 459 1244 487 EuSt-bius
1254 465 1280 487 et
1294 460 1350 493 alii;
1360 468 1392 487 ex
1409 460 1498 487 Persis
1515 461 1531 486 1η
1541 462 1724 497 sdvgusnaph,

939 504 1062 531 Surenas
1078 510 1103 531 ct
1123 505 1179 532 alii.
1196 505 1287 538 Quum
1302 506 1383 540 igitur
1395 506 1588 534 conventioncs
1607 508 1640 534 ab
1653 513 1726 534 utra-

939 557 991 583 que
1029 554 1105 584 parte
1141 550 1239 578 litteris
1273 552 1407 579 mandatu:
1443 558 1550 585 essent,
1584 558 1726 587 utramque

939 596 1008 622 inter
1042 603 1071 622 se
1105 602 1315 630 compararunt,
1349 602 1378 624 ut
1411 599 1492 624 verba
1526 603 1554 625 ct
1587 599 1728 625 sententia:

939 641 973 668 idl
986 650 1009 667 Ill
1028 642 1158 669 valerent.
1173 643 1237 675 Quae
1253 649 1342 679 autem
1359 642 1433 676 pacis
1450 642 1531 669 libelli
1545 643 1726 674 continerent,

939 687 1071 716 dicentur.
1092 687 1211 714 Primum
1227 688 1308 722 igitur
1328 689 1467 714 decretum
1486 687 1534 714 fuit
1550 695 1557 714 :
1572 695 1605 713 ne
1619 696 1664 722 per
1676 697 1726 715 att-

939 733 1042 765 gustias
1059 734 1116 767 ejus
1131 734 1264 765 intruitu<,
1281 735 1325 768 qui
1342 734 1494 761 CIIOI‘IHSOI‘I
1516 735 1677 769 appellatur,
1700 740 1727 762 ct

939 781 1030 811 portas
1046 778 1157 812 Caspias
1180 778 1278 810 l’crds,
1299 783 1346 805 aut.
1372 779 1485 812 llnnnis,
1503 785 1548 806 aut
1563 780 1667 813 Alanis,
1680 786 1728 807 aut

940 820 999 847 altis
1016 821 1141 849 Bai-buris
1162 824 1188 848 in
1206 821 1390 849 Rninmmrutn
1406 824 1473 851 lines
1489 826 1605 852 transire
1620 825 1726 857 liceret,

941 873 1009 892 neve
1033 865 1147 893 Romani
1163 869 1187 893 in
1205 875 1235 894 ea
1256 867 1312 894 loca
1328 875 1373 895 aut
1399 869 1423 895 in
1440 870 1520 896 aliam
1537 878 1728 906 quamcunque

941 916 1044 945 partem
1060 912 1151 938 liuium
1168 912 1332 939 Medicorum
1356 915 1503 941 exercitum
1521 920 1614 943 contra
1633 917 1728 948 Persas

939 957 1092 990 mitterent;
1103 959 1266 989 secundum,
1277 963 1304 985 ut
1316 959 1457 992 Saraceni,
1466 961 1604 996 utriusque
1611 961 1729 989 civitatis

938 1003 1014 1035 socii,
1033 1003 1126 1029 eadem
1142 1009 1217 1037 pacta
1234 1010 1384 1035 servarent.
1402 1013 1489 1040 neque
1516 1007 1541 1034 hi
1562 1008 1607 1041 qui
1629 1007 1728 1035 Roma-

939 1056 1036 1074 norum
1055 1049 1170 1082 partium
1195 1054 1288 1075 essent
1301 1069 1307 1081 ,
1325 1055 1418 1077 contra
1434 1051 1550 1084 Persas,
1573 1060 1660 1088 neque
1681 1054 1726 1088 qui

939 1092 1093 1126 Persarum,
1119 1099 1213 1120 contra
1242 1093 1378 1122 Romanos
1403 1103 1477 1123 arma
1500 1096 1601 1124 ferrent
1629 1107 1635 1126 :
1672 1103 1727 1126 ter-

940 1138 977 1165 tio
993 1138 1080 1172 capite
1107 1143 1227 1169 cavetur.
1251 1144 1278 1165 ιιι
1306 1139 1418 1168 Romani
1435 1147 1463 1169 et
1484 1142 1583 1174 Persae,
1601 1150 1729 1177 quarum-

940 1190 1045 1217 cnnquc
1059 1183 1188 1210 mercium
1201 1191 1367 1213 mercatores
1383 1191 1409 1213 et
1424 1188 1617 1222 negotiatores,
1634 1196 1729 1216 secun-

941 1228 1004 1254 dum
1021 1232 1138 1256 veterem
1157 1237 1259 1257 morem
1274 1239 1360 1265 neque
1377 1232 1404 1258 in
1420 1232 1481 1260 aliis
1509 1233 1585 1265 locis,
1602 1241 1682 1268 quam
1697 1234 1724 1260 in

942 1274 1039 1308 quibus
1065 1275 1230 1302 decimarum
1248 1277 1346 1304 solutio
1363 1283 1404 1305 est
1422 1278 1535 1311 indicta,
1558 1285 1729 1308 mercaturas

944 1320 1066 1353 faciant;
1083 1326 1183 1355 quarto
1207 1326 1235 1347 ut
1253 1322 1331 1356 legati
1349 1328 1374 1349 ct
1397 1323 1504 1358 reliqui,
1520 1325 1576 1359 qui,
1591 1333 1651 1351 ctnn
1666 1325 1729 1359 quid

945 1367 1034 1393 numii
1045 1367 1191 1401 perferant,
1206 1369 1283 1403 cquis
1293 1369 1406 1402 publicis
1420 1375 1550 1402 tltantur,.
1560 1375 1613 1397 tum
1627 1371 1672 1406 qui
1683 1379 1730 1405 per

945 1413 1139 1446 Romanorum,
1152 1418 1207 1440 tum
1218 1415 1262 1448 qui
1277 1422 1323 1448 per
1337 1414 1478 1442 Persarum
1490 1416 1611 1451 regiones
1624 1417 1675 1444 iter
1688 1417 1730 1445 Ita-

941 1457 1032 1489 beant,
1042 1465 1090 1491 pro
1102 1458 1231 1492 cujusque
1255 1463 1338 1493 gradu
1359 1464 1386 1486 ct
1402 1461 1530 1494 dignitate
1547 1462 1648 1489 honore
1671 1462 1730 1489 alli-

942 1502 992 1529 ciat
1007 1507 1060 1535 tur,
1073 1508 1100 1530 et
1114 1503 1203 1530 debila
1219 1511 1283 1531 cura
1304 1505 1484 1540 excipiantur,
1499 1514 1586 1541 nequc
1597 1513 1729 1534 cuncten-

944 1554 996 1580 tur,
1011 1553 1038 1575 et
1064 1557 1169 1576 merces
1188 1549 1210 1577 si
1230 1546 1297 1584 quas
1323 1550 1458 1585 aﬂ'erunt,
1489 1557 1642 1586 permutent
1670 1554 1728 1580 sine

943 1594 995 1620 ullo
1011 1595 1205 1628 impedimento
1227 1600 1272 1622 attt
1301 1597 1393 1622 lributi
1411 1597 1575 1625 exaetione:
1597 1597 1729 1625 sancitum

945 1641 1042 1676 qttinto
1061 1646 1113 1673 est,
1130 1649 1165 1668 ne
1182 1647 1348 1669 mercatores
1372 1643 1500 1670 Saraceni
1532 1648 1578 1670 aut
1603 1643 1647 1670 alii
1665 1645 1726 1678 qui-

942 1694 1048 1721 cunque
1059 1686 1169 1713 Barbari
1189 1688 1215 1714 in
1237 1688 1379 1715 atnborntn
1406 1697 1498 1724 regunt
1515 1690 1668 1724 regionibus
1684 1698 1731 1724 per

943 1732 1093 1766 incognitas
1103 1738 1131 1759 et
1148 1733 1261 1760 minitne
1279 1734 1356 1761 tritas
1369 1735 1428 1761 vias
1443 1735 1577 1768 incedant,
1601 1737 1648 1763 sed
1660 1737 1731 1764 Nisi-

942 1777 997 1804 bim
1015 1777 1264 1813 autDaraspetant,
1279 1787 1367 1813 neque
1388 1780 1447 1807 sine
1473 1781 1550 1815 jussu
1578 1782 1728 1817 principum

942 1823 1058 1849 alienam
1085 1824 1220 1858 regionem
1248 1825 1355 1852 adeant.
1385 1825 1413 1852 Si
1431 1827 1495 1859 quid
1518 1833 1606 1855 tamen
1633 1834 1731 1862 prteter

943 1870 1013 1904 quod
1042 1874 1168 1896 statutum
1189 1874 1231 1897 est
1246 1872 1374 1904 audeant,
1397 1878 1453 1905 aut,
1468 1877 1496 1899 ut
1521 1874 1630 1906 dicitur,
1651 1874 1728 1910 14],

943 1916 1085 1950 vectigalia
1095 1915 1291 1948 fraudaverim,
1305 1918 1326 1944 si
1335 1918 1570 1952 deprehendantur
1578 1921 1612 1946 ab
1623 1920 1676 1952 Itis,
1684 1921 1730 1954 qui

945 1962 1076 1989 lnnilibus
1090 1968 1217 1996 pra-sunt,
1232 1970 1284 1989 una
1308 1971 1368 1990 cum
1385 1964 1529 1995 ntercibus,
1542 1972 1609 1999 quas
1621 1966 1730 1998 vehunt,

945 2008 1001 2034 sive
1015 2008 1069 2034 sint
1082 2015 1187 2035 merces
1200 2007 1327 2044 Assyriae,
1348 2009 1404 2036 sive
1420 2009 1559 2040 Romamn.
1586 2018 1680 2045 plenas
1703 2017 1731 2039 et

936 2054 1043 2084 ,ntultas
1053 2062 1065 2079 a
1080 2054 1184 2088 legibus
1195 2058 1312 2081 statutas
1327 2054 1501 2082 luant:sexto
1514 2056 1600 2086 uthis.
1613 2057 1657 2090 qtti
1668 2057 1730 2083 dum

946 2098 1044 2124 bellum
1062 2103 1130 2131 orat,
1144 2098 1202 2126 sive
1216 2107 1230 2124 a
1248 2099 1377 2126 Romanis
1393 2101 1426 2127 ad
1442 2100 1549 2133 Persas,
1563 2102 1618 2128 sive
1635 2110 1650 2129 a
1667 2102 1732 2130 Per-

946 2146 983 2171 sis
995 2145 1026 2171 ad
1045 2144 1180 2172 Rullianus
1209 2144 1385 2176 transierunt,
1402 2145 1425 2172 si
1449 2147 1554 2180 regredi
1577 2153 1604 2174 et
1629 2148 1660 2174 ad
1683 2156 1731 2175 sua

948 2191 1034 2217 redire
1052 2190 1197 2223 voluerint,
1213 2190 1313 2217 nullum
1341 2191 1560 2226 impedimentum
1577 2198 1621 2219 aut
1642 2193 1732 2220 mole-

106 2233 186 2260 τοῦτο
214 2234 263 2269 μὲν
286 2234 323 2266 ὼς
352 2236 458 2270 Πέρσας
481 2238 536 2262 ἀπὸ
553 2237 575 2253 ⁷⁸
600 2237 753 2272 Ῥωμαίων,
774 2237 853 2264 τοῦτο
867 2239 889 2265 δὲ

949 2237 997 2263 stia
1015 2236 1078 2269 ﬁat;
1099 2236 1144 2263 sed
1158 2237 1203 2271 qui
1227 2244 1275 2270 per
1291 2244 1383 2271 pacem
1403 2238 1530 2272 deinceps
1555 2239 1692 2274 aufugit-nt
1706 2244 1733 2267 et

108 2279 163 2305 ἀπὺ
182 2280 294 2315 Περσῶν
306 2274 346 2312 ’ὡς
367 2279 528 2316 Ῥωμαίους,
548 2282 607 2316 εἴγε
625 2282 761 2317 βούλοιντο
774 2283 797 2309 οἱ
813 2292 896 2317 προσ-

108 2326 296 2362 κεχωρηκότες
320 2328 342 2344 ⁵ο
364 2329 392 2359 ἐς
421 2329 455 2355 τὰ
488 2329 558 2355 οἴκοι
584 2330 819 2365 ἐπαναστρέφειν,
854 2330 892 2365 μὴ

109 2371 231 2404 γίνεσθαί
258 2380 349 2407 σφισιν
371 2373 499 2409 ἐμποδὼν
513 2375 581 2410 μήτε
596 2374 649 2410 μὴν
667 2374 782 2412 κωλύμῂ
794 2376 897 2410 “qua-

110 2416 172 2442 σθαι
183 2425 246 2444 τινι.
264 2418 333 2451 Τοὺς
350 2419 442 2453 μέντοι
456 2420 485 2446 ὲν
500 2419 589 2455 καιρῷ
602 2421 714 2456 εἰρήνης
730 2421 896 2457 αὐτομόλους

110 2462 195 2496 ἡγουν
219 2464 440 2499 καταφεύγοντας
468 2465 497 2499 ἐξ
524 2466 626 2501 ἑτέρων
652 2467 692 2498 εἰς
718 2467 830 2502 ἑτέρους
859 2467 896 2502 μὴ

111 2508 303 2542 ὑποδέχεσθαι,
329 2510 386 2536 ἀλλ’
405 2511 436 2537 ἐκ
459 2511 561 2543 παντὸς
585 2512 687 2547 τρόπου
714 2512 761 2538 καὶ
780 2512 897 2543 ἄκοντας

111 2553 311 2588 ἐγχειρίζεσθαι
324 2556 380 2586 τοῖς
390 2555 420 2587 ἐξ
435 2555 457 2571 ⁸¹
469 2553 507 2582 ὧν
524 2557 572 2583 καὶ
590 2557 756 2592 ἀπέδρασαν,
771 2557 797 2583 Ζ¹
813 2556 895 2592 μέρος

110 2598 166 2624 τῶν
186 2598 324 2632 σπονδῶν,
345 2599 415 2626 ὥστε
433 2600 496 2632 τοὺς
517 2602 736 2636 ὲπεγκαλοῦντας
759 2603 824 2638 περὶ
848 2602 895 2629 τοῦ

111 2642 233 2670 σίνεσθαί
259 2653 286 2670 τι
321 2645 392 2680 σφᾶς
422 2646 485 2677 τοὺς
516 2647 802 2682 ἀντιπολιτευομένους
833 2649 895 2684 δίκῃ

110 2688 258 2724 τέμνεσθαι
273 2689 303 2716 τὸ
323 2691 571 2726 φιλονεικούμενον,
586 2693 603 2728 ἦ
616 2693 650 2720 δι’
660 2693 764 2719 ἑαυτῶν
779 2694 833 2720 τῶν
846 2694 896 2730 τὴν

949 2281 1101 2315 Ιιιίὲΐειίιυηῑ
1113 2289 1144 2308 ει
1156 2281 1269 2308 alterius
1281 2281 1391 2308 ditionis
1407 2283 1497 2314 terris,
1520 2283 1545 2310 in
1566 2283 1677 2311 alterius
1693 2291 1734 2311 rc-

948 2327 1053 2362 gionetn
1068 2327 1179 2354 minime
1202 2327 1390 2360 admittantur,
1406 2329 1452 2355 sed
1468 2330 1540 2356 oinni
1558 2330 1636 2357 modo
1650 2330 1732 2357 etiam

949 2372 1023 2399 inviti
1051 2372 1196 2399 reddantur
1220 2372 1273 2405 his,
1292 2379 1305 2398 a
1332 2380 1447 2407 quorum
1470 2373 1605 2401 dmuinatu
1632 2374 1731 2407 etl'uge-

948 2423 1010 2444 runt
1025 2427 1032 2451 ;
1048 2426 1110 2453 pars
1128 2418 1254 2452 septima
1272 2418 1403 2445 [ederunt
1421 2419 1481 2450 fuit,
1497 2424 1526 2445 nt
1540 2419 1561 2446 si
1574 2420 1618 2454 qui
1636 2427 1733 2454 quere-

951 2470 1055 2496 rentur,
1071 2463 1121 2490 sibi
1144 2464 1207 2498 qttid
1226 2464 1316 2490 datnni
1341 2463 1444 2490 illatum
1469 2471 1529 2491 esse
1546 2472 1561 2491 a
1590 2466 1733 2492 contrariae

949 2510 1034 2544 partis
1057 2509 1169 2542 civibus,
1187 2509 1287 2536 indicio
1310 2510 1453 2536 dirintatur
1468 2511 1653 2537 controversia
1674 2510 1732 2538 sive

949 2564 998 2591 per
1006 2555 1133 2590 eosipsos
1148 2575 1155 2586 ,
1173 2555 1218 2590 qui
1235 2555 1360 2589 injuriam
1372 2555 1442 2590 passi
1457 2555 1522 2586 sint.
1543 2555 1600 2583 sive
1617 2563 1664 2590 per
1673 2563 1731 2582 cer-

951 2607 992 2628 tos
1010 2601 1143 2633 homines,
1158 2601 1202 2634 qui
1228 2600 1253 2627 in
1273 2600 1400 2628 conﬁniis
1412 2601 1480 2635 apud
1495 2601 1633 2635 utriusque
1649 2601 1733 2636 partis

951 2647 1094 2682 prafectos
1112 2646 1285 2679 conveniant,
1303 2650 1330 2673 et
1342 2647 1389 2679 ita,
1405 2646 1622 2681 quipeccavcrit,
1636 2646 1733 2672 damno

950 2692 1104 2726 medeatur;
1112 2696 1221 2724 octava,
1229 2696 1259 2718 ut
1267 2692 1292 2719 in
1301 2696 1439 2727 posterum
1446 2691 1536 2719 Persa:
1543 2692 1733 2726 Romanisnon

750 2759 866 2787 VARle
885 2758 1087 2787 LECTIONES.

147 2829 170 2867 ’ζῗ
181 2829 195 2855 6
209 2828 231 2855 δ’
243 2829 272 2867 ξς
289 2827 334 2861 Η.,
349 2828 401 2867 gae
415 2829 488 2867 vulg.
519 2829 541 2845 "
559 2830 797 2867 χρονοτριὸοὖντες
811 2830 899 2867 vnng
912 2829 1063 2867 "ai-uolt,
1078 2829 1131 2867 ἀπὸ
1145 2829 1217 2867 vulg.
1240 2831 1270 2867 ,⁷³
1284 2831 1339 2859 ἀπὸ
1348 2836 1411 2860 ante
1424 2830 1536 2867 Περσῶν
1551 2840 1583 2860 ex
1598 2831 1670 2867 conj.
1685 2833 1732 2860 ad-

111 2863 214 2892 didisse
229 2864 335 2892 videtur
349 2863 383 2891 Η.
420 2864 444 2880 ⁸ο
457 2863 700 2900 προκεχωρηκότες
712 2865 782 2900 vulg.

822 2865 843 2880 ⁸⁸
859 2866 914 2895 τοῖς
938 2865 968 2896 ἐξ
999 2864 1044 2898 IL,
1065 2865 1128 2896 τοὺς
1155 2864 1275 2901 ἐξιιιιε.
