1943 3072
238 175 289 207 8‘37

656 167 852 198 EXCERl’TA
874 166 923 195 EX
942 163 1154 195 MENANDRO
1174 160 1421 192 PROTECTORE

1816 156 1870 188 8(8

237 231 426 258 succenseant,
436 224 506 260 quod
518 223 602 250 Daras
614 222 747 253 muniant,
760 220 869 256 placuit,
882 226 1023 253 utramque
1040 241 1041 245 η

1086 217 1184 252 Βλάϐην
1205 215 1404 250 πεπονθότωνῆ
1423 215 1456 241 δι’
1471 215 1580 241 οἰκείων
1596 213 1751 247 ἀνθρώπιον
1766 213 1795 238 ἐν
1814 214 1869 243 τοῖς

239 283 294 302 rem
318 273 475 309 publicama
495 268 648 297 muniendis
673 267 738 295 locis
762 274 845 301 prope
878 266 944 292 lines
966 265 1024 292 sitis

239 327 319 354 porro
346 319 492 348 abstinere,
509 323 597 350 neque
611 321 641 341 ea
657 314 742 340 muris
767 319 794 339 et
819 311 1026 347 propugnaculis

237 365 417 395 circumdare,
425 370 458 389 ne
466 361 528 388 inde
536 361 674 388 turbarum
684 358 792 386 occasio
800 363 938 389 nascatur,
945 362 971 383 et
981 356 1027 384 Γω-

239 412 302 438 dcra
316 409 514 440 dissolvantur;
525 415 609 439 nona,
618 406 753 432 neminem
764 405 889 431 invadere
902 409 946 430 aut
957 403 1026 430 bello

240 457 374 484 laces>ere
405 459 510 490 gentem
528 457 574 479 aut
598 453 744 487 regionem,
761 458 819 484 qua:
848 450 897 477 sub
914 449 1026 476 alterius

240 497 354 536 imperio
368 500 412 532 sit,
423 499 469 526 sed
479 498 568 534 pclius
580 504 674 525 omnes
687 497 757 523 nulla
773 495 869 530 injuria
885 495 1025 522 lacessitos

239 548 333 574 eodem
343 551 413 573 statu
428 552 549 577 manere,
559 548 588 570 ut
600 544 652 570 illis
660 550 768 578 quoque
779 550 844 576 pace
862 542 912 568 l'rui
929 542 1023 574 licem;

240 593 358 624 decima,
373 599 405 619 ne
421 597 516 625 magna
534 589 647 616 militum
661 597 756 616 manus
769 588 851 615 Daras
864 588 933 614 ultra
944 595 1024 621 quam

241 638 416 666 custodiendo
434 637 532 671 oppido
543 637 610 662 satis
622 636 670 667 sit,
686 635 839 667 conveniat,
861 641 948 668 neque
972 633 1026 659 dux

241 685 359 712 Orientis
383 684 455 711 circa
472 691 502 710 ea
526 683 585 710 loca
610 686 803 712 commoretur,
829 688 861 707 ne
878 680 944 706 [iant
966 679 1028 706 inde

242 731 417 758 excursiones
439 729 464 756 in
485 728 596 760 Persas,
623 732 649 754 et
672 728 770 754 damna
788 727 840 753 illis
866 726 1026 752 inferantur.

242 775 318 809 Quod
330 775 351 802 si
367 775 430 810 quid
443 775 494 801 tale
509 773 662 807 contigerit,
680 777 811 799 statutum
828 776 880 804 est,
891 776 919 798 ut
935 770 1030 800 ιιι-δίο·

243 828 303 849 ctus
320 820 404 848 Daras
418 820 507 855 oppidi
520 821 647 846 datunutn
666 819 806 853 rependat.
817 817 962 845 Undecima
977 816 1029 844 fte-

243 868 316 896 deris
325 868 445 895 conditio
455 867 511 894 lucc
520 871 576 893 est:
587 865 614 892 Si
627 874 678 892 una
688 865 785 892 civitas
797 865 874 890 alteri
885 863 1030 890 detrimen-

1081 264 1215 299 μεθορίοις
1239 263 1313 298 παρὰ
1345 263 1401 293 τοῖς
1422 262 1551 297 ἄρχουσιν
1573 261 1708 294 ἑκατέρας
1728 259 1868 289 πολιτείας

1078 309 1222 341 ξυνιόντων
1233 316 1240 322 ·
1258 308 1330 334 οὕτω
1345 307 1374 334 δὲ
1400 307 1445 333 τδν
1471 305 1649 341 ζημιώσαντα
1669 304 1825 331 ἀκέσασθαι
1840 303 1868 329 τδ

1079 355 1188 387 σκάζον.
1205 356 1246 387 H',
1272 354 1342 381 ὥστε
1367 353 1415 380 τοῦ
1439 351 1534 378 λοιποῦ
1552 352 1588 386 μὴ
1610 351 1737 385 ἐγκαλεῖν
1760 349 1869 384 Πέρσας

1077 400 1229 435 ⁴¹Ρωμαίοι.ς
1244 400 1326 425 ἕνεκα
1345 398 1393 425 τοῦ
1414 397 1604 429 ἐπικτίζεσθαι
1621 397 1652 422 τὸ
1672 396 1773 430 Δάρας,
1794 395 1868 427 ἔδοξε

1078 448 1124 475 καὶ
1139 447 1298 481 ἁμᾳοτέραν
1315 444 1454 471 πολιτείαν
1470 443 1517 470 τοῦ
1536 442 1632 469 λοιποῦ
1651 442 1786 477 μηδαμῶς
1809 442 1869 466 ἐπι-

1077 493 1216 528 τειχίζειν,
1239 492 1323 526 ἧγουν
1346 491 1460 526 περιοχῇ
1481 498 1535 516 τινι
1548 488 1762 522 κατασφαλὶςειν
1774 495 1800 513 τι
1814 486 1870 512 τῶν

1078 541 1106 566 ἐν
1116 540 1172 570 τοῖς
1183 538 1330 574 δροθεσίοις
1342 536 1458 572 χωρίων,
1472 535 1514 562 ἵνα
1534 535 1571 570 μὴ
1587 535 1724 569 πρόφασις
1740 532 1869 559 ἐντεῦθεν

1078 585 1165 611 ἔσοιτο
1192 583 1326 618 ταραχῆς,
1358 582 1404 609 καὶ
1431 583 1462 608 ὲκ
1481 581 1578 608 τούτου
1606 579 1817 613 διαλυθήσονται
1840 579 1868 609 αξ

1079 630 1202 657 σπονδαί.
1218 629 1261 660 ϐ’,
1279 630 1316 664 μὴ
1331 629 1435 655 ἐπιέναι
1450 628 1466 663 ἢ
1485 628 1614 662 πολεμεῖν
1628 625 1742 660 ὑπηκόῳ
1765 624 1837 650 ἑθνει
1853 624 1870 658 ἢ

1079 676 1156 712 χώρα
1175 677 1228 701 τινὶ
1249 675 1315 710 ἄλλῃ
1332 675 1396 705 τοὺς
1416 675 1513 708 ἐτέρας
1533 671 1686 703 πολιτείας⁴
1707 671 1807 705 μᾶλλον
1821 669 1871 704 μὲν

1079 721 1125 749 οὖν
1142 722 1206 748 ἄνευ
1225 720 1327 756 βλάϐης
1348 720 1394 746 καὶ
1422 719 1482 746 κατ’
1498 718 1572 745 οὐδὲν
1591 717 1679 744 ὁτιοῦν
1693 715 1871 750 πημαι-,ομέ-

1080 777 1140 798 νους
1157 767 1180 782 δ’
1202 767 1230 792 ἐν
1243 765 1282 801 τῷ
1295 765 1370 800 αὐτῷ
1389 765 1491 800 μένειν,
1509 764 1548 794 ὡς
1567 763 1600 789 ἂν
1622 762 1668 789 καὶ
1680 761 1735 787 οἵδε
1749 758 1872 787 ἀπολαιῖὲ

1080 822 1135 840 οιεν
1156 813 1204 846 τῆς
1221 812 1342 847 εἰρήνης.
1358 810 1386 843 ι’,
1406 810 1475 836 ὥστε
1492 809 1529 844 μὴ
1550 807 1738 842 πολυπληθίαν
1754 805 1872 841 στρατοῦ

1081 860 1110 891 ἐς
1125 859 1154 886 τὸ
1174 859 1265 893 Δάρας
1282 857 1425 889 ἐνιζάνειν,
1450 856 1519 890 πλὴν
1539 855 1588 890 ὂση
1614 862 1646 889 γε
1667 853 1780 889 ἀρκέσει
1805 852 1873 886 πρὸς

246 919 273 940 ιο
289 913 387 944 fuerit,
401 917 426 939 et
446 915 607 946 quodunque
634 911 722 942 modo,
741 917 792 936 non
818 909 935 943 legitimo
949 907 1029 939 bello,

1086 903 1206 938 φυλακὴν
1217 902 1264 928 τοῦ
1276 902 1381 933 ἄστεος.
1395 902 1471 936 Μήτε
1485 901 1512 927 δὲ
1523 900 1568 926 τὸν
1578 901 1627 935 τῆς
1643 899 1700 925 Ἕω
1717 896 1875 932 στρατηγὸν

1143 950 1148 955 ι
1218 948 1223 955 Ι
1302 949 1308 955 .
1343 947 1355 955 α
1377 947 1388 952 -
1411 947 1423 955 Λ
1527 945 1539 951 ~
1576 945 1599 955 ,t,
1634 945 1664 955 ιι.
1696 953 1709 955 -
1728 944 1740 955 ξ
1766 941 1873 955 -.ηεξ-

247 966 332 994 neque
348 958 483 986 exercitus
495 957 530 988 vi.
549 956 594 984 sed
605 957 665 983 dolo
678 961 702 982 et
715 955 882 982 clandestina
893 954 1032 981 iuvasione

246 1006 371 1032 damnum
388 1004 507 1031 intulerit
517 1005 591 1037 (sunt
607 1003 677 1029 enim
694 1002 769 1028 multi
801 1001 926 1028 homines
945 1001 977 1027 ad
988 1001 1034 1026 lu:-

244 1050 362 1085 jusmodi
387 1049 505 1076 facinora
532 1048 709 1083 perpetranda
727 1047 871 1074 admodum
891 1046 1033 1081 proclives,

246 1089 300 1131 quo
315 1097 374 1124 belli
388 1097 449 1123 imle
471 1097 580 1123 occasio
599 1095 730 1126 oriatur},
743 1098 873 1121 statutum
891 1098 941 1126 est,
964 1098 991 1120 ut
1008 1093 1033 1120 in

246 1142 378 1177 ejusmodi
397 1141 510 1176 injurias
527 1141 672 1175 diligenter
698 1140 864 1175 inquiratur,
881 1139 1032 1174 etjudiccs,

247 1188 292 1223 qui
311 1188 336 1214 in
354 1187 494 1221 utriusque
517 1187 590 1221 regni
614 1186 738 1214 cculiniis
761 1185 814 1219 juri
837 1186 953 1213 dicundo
973 1190 1036 1212 sunt

249 1233 396 1268 prmpositi,
411 1232 438 1259 in
453 1240 500 1260 eos
517 1232 744 1259 animadvertant.
773 1231 825 1264 Qui
841 1231 862 1258 si
878 1231 1034 1258 coercendis

250 1279 386 1306 linitortttn
403 1279 522 1306 dissidiis
535 1286 587 1305 non
599 1278 742 1310 sulliciaut,
757 1277 887 1308 sancitur,
902 1282 930 1303 ιιι
948 1276 1036 1303 disce-

249 1324 333 1358 ptatio
347 1324 378 1350 ad
399 1323 553 1357 pra'fcclum
572 1322 691 1350 Orientis
717 1323 927 1354 transmittatur,
950 1322 994 1357 qui
1012 1321 1034 1349 si

249 1370 318 1396 intra
334 1377 380 1396 sex
403 1377 507 1397 menses
523 1369 739 1396 concertationes
760 1368 819 1394 illas
839 1375 892 1394 non
911 1374 1036 1394 resccue~

250 1416 294 1447 rit,
312 1420 339 1442 et
355 1416 452 1442 damno
462 1415 573 1442 allectus
594 1422 644 1441 non
660 1414 801 1448 receperit,
819 1414 889 1447 quod
909 1413 1034 1447 perdidit,

249 1469 322 1493 etttn,
345 1459 424 1496 142
435 1461 478 1495 qui
495 1460 620 1494 injuriam
638 1459 737 1492 intulit,
757 1459 902 1485 obnoxium
925 1458 980 1484 l'nre
997 1457 1037 1484 al-

251 1506 301 1533 teri
318 1507 344 1532 in
362 1506 480 1540 duplum.
497 1507 525 1532 Si
545 1513 577 1532 ne
593 1506 631 1532 sic
647 1505 754 1539 quidem
778 1512 820 1531 res
836 1504 914 1530 linem
927 1511 1038 1538 accepe-

251 1552 295 1585 rit,
317 1559 378 1586 pars
395 1559 454 1585 qua:
468 1558 596 1586 oppressa
615 1550 707 1583 fuerit,
724 1548 884 1585 legationem
899 1550 988 1576 mittat.
1003 1551 1036 1576 ad

251 1605 340 1632 regem
352 1598 420 1629 eius.
437 1596 482 1630 qui
499 1597 551 1623 vim
568 1596 672 1628 lecerit,
693 1603 707 1622 a
726 1603 778 1630 quo
791 1603 853 1630 rege
873 1596 1000 1622 damnum
1015 1596 1037 1622 si
1052 1603 1073 1632 ε

251 1650 306 1670 non
323 1642 497 1676 rependatur,
514 1648 599 1675 neque
613 1641 745 1675 duplicem
765 1641 869 1676 injuria:
884 1642 1037 1668 restitutio-

252 1694 313 1714 nem
328 1686 405 1714 lzesus
421 1687 492 1713 intra
514 1687 698 1721 pra-scriptum
716 1687 778 1713 anni
794 1693 898 1721 tempus
912 1687 1036 1721 accipiat,

251 1731 343 1760 fwdus
361 1733 410 1759 hoc
423 1732 532 1767 quidem
546 1732 633 1766 capite
648 1732 774 1758 violatum
792 1732 855 1761 erit.
871 1732 897 1758 lu
911 1733 1038 1759 duodeci-

253 1785 295 1804 ma
311 1777 440 1804 {edet-um
454 1782 530 1812 parte
545 1777 648 1804 videbis
659 1778 690 1804 ad
710 1777 791 1804 Deum
805 1785 908 1812 preces,
922 1783 948 1804 et
958 1785 1038 1805 exse-

251 1823 386 1850 crationes
404 1830 523 1857 quoque,
537 1823 641 1850 scilicet
657 1827 684 1850 ut
699 1822 769 1850 Deus
782 1831 874 1858 pacem
890 1823 988 1850 colenti
1004 1823 1040 1850 sit

251 1870 384 1905 propitius
406 1875 432 1896 et
455 1874 601 1904 perpetuus
625 1869 733 1904 adjutor
749 1879 756 1897 :
773 1874 866 1897 contra
895 1869 1038 1904 decipieuti

252 1920 279 1942 et
291 1914 393 1950 aliquid
412 1915 437 1941 in
456 1915 655 1942 conditionibus
667 1923 767 1942 novare
782 1915 900 1950 cupienti
915 1915 1000 1942 hostis
1012 1920 1039 1942 et

253 1962 390 1989 inimicus.
407 1961 500 1989 Tertio
514 1967 541 1989 et
553 1961 658 1989 decimo
673 1962 763 1996 capite
771 1962 889 1994 additur,
904 1962 1039 1996 quinqua-

252 2008 376 2042 genarias
393 2014 452 2034 esse
480 2008 631 2042 pactiones,
655 2012 682 2034 et
698 2008 723 2034 in
741 2008 936 2043 quinquaginta
954 2014 1040 2034 annos

253 2054 349 2080 dlil‘ill‘t}
361 2061 453 2088 pacem
467 2062 475 2079 ι
491 2061 590 2080 artuum
601 2055 795 2081 numerandqu
808 2061 878 2086 esse,
891 2054 1039 2081 secundum

253 2106 355 2126 morem
394 2100 547 2133 antiquum,
577 2100 623 2134 qui
657 2099 817 2126 terminatur
852 2099 1040 2126 trecentesimo

252 2145 422 2180 sexagesimo
439 2145 532 2180 quinto
557 2145 611 2172 die.
628 2143 693 2172 Illud
714 2153 823 2180 quoque
849 2145 984 2176 obtinere,
1012 2149 1040 2170 ut

253 2192 398 2225 utrimque,
416 2191 494 2218 sicuti
521 2191 622 2218 dictum
642 2196 721 2223 erat,
743 2191 905 2218 all‘errentur
932 2191 1038 2222 litterze,

251 2243 312 2271 qua:
327 2236 507 2268 declararent,
531 2241 676 2270 utrumque
702 2244 791 2271 regem
822 2236 970 2270 approbare
995 2243 1037 2267 ea.

1084 950 1154 976 κατὰ
1175 948 1277 981 ταύτην
1301 947 1466 979 ἐνιδρῦσθαι,
1495 945 1541 972 τοῦ
1566 945 1603 980 μὴ
1633 945 1665 970 ὲκ
1695 944 1742 970 τοῦ
1766 941 1874 982 τιι-,ῦδε

1084 993 1261 1029 ἐπιδρομὰςῆ
1276 992 1376 1028 βλάϐας
1391 992 1512 1026 γίνεσθαι
1526 990 1596 1017 κατὰ
1611 989 1734 1024 Περσῶν.
1753 989 1785 1015 Εἰ
1798 989 1827 1014 δὲ
1843 995 1876 1021 γε

1083 1041 1137 1076 ἄρα
1152 1050 1178 1067 τι
1194 1040 1314 1066 τοιοῦτον
1325 1038 1507 1073 ξυνενεχθείη,
1526 1036 1667 1071 ἐπαγιώθη
1688 1036 1734 1062 τὸν
1754 1036 1875 1069 ἄρχοντα

1083 1087 1130 1114 τοῦ
1147 1087 1237 1122 Δάρας
1248 1085 1396 1112 διατιθέναι
1413 1085 1442 1111 τὸ
1453 1082 1661 1118 πλημμεληθέν.
1675 1082 1732 1108 Μία
1755 1081 1824 1117 πρὸς
1842 1083 1874 1115 τῇ

1084 1133 1184 1167 δεκάτῃ
1207 1131 1260 1158 τῶν
1287 1130 1407 1157 σπονδῶν
1435 1129 1598 1164 βεϐαίωσις,
1623 1128 1711 1159 ὥστε,
1744 1129 1767 1153 εί
1797 1127 1876 1157 πόλις

1085 1179 1182 1214 ἑτέραν
1201 1178 1224 1193 ⁸³
1243 1176 1377 1212 ξημιώσει
1396 1175 1505 1210 πόλινῆ
1529 1173 1654 1201 ὁπωσοῦν
1674 1173 1827 1208 διαφθείρει
1847 1181 1875 1199 τι

1085 1225 1140 1252 τῶν
1153 1225 1249 1259 αὐτῆς,
1282 1223 1319 1259 μὴ
1349 1223 1387 1258 τῷ
1407 1223 1481 1258 νόμῳ
1504 1221 1552 1248 τοῦ
1578 1221 1697 1255 πολέμου
1726 1221 1794 1255 μήτε
1822 1220 1878 1254 μὴν

1086 1271 1200 1305 δυνάμει
1216 1270 1409 1304 στρατιωτικῇ,
1423 1268 1509 1299 ἄλλως
1523 1268 1552 1294 δὲ
1573 1267 1642 1302 δόλῳ
1656 1266 1709 1293 τινὶ
1723 1266 1770 1293 καὶ
1787 1265 1876 1299 κλοπῇ

1090 1316 1156 1350 (εἰσὶ
1178 1316 1232 1350 γὰρ
1246 1315 1341 1342 τοιοίδε
1354 1315 1424 1346 τινὲς
1446 1313 1621 1349 ὰτοσιουργοὶ
1643 1313 1668 1339 οἱ
1685 1312 1772 1339 ταῦτα
1788 1311 1879 1346 πράτ-

1087 1369 1189 1392 σοντες,
1206 1361 1243 1392 ὡς
1257 1361 1289 1387 ἂν
1304 1360 1422 1395 πολέμου
1440 1359 1527 1386 ἔσοιτο
1541 1358 1702 1394 πρόφασις),
1721 1357 1878 1391 ἐϐεϐαιώθη

1087 1408 1231 1442 τοιγαροῦν
1245 1408 1279 1433 τὰ.
1295 1408 1489 1441 τοιουτότροπα
1504 1407 1651 1441 ἀναζητεῖν
1667 1407 1696 1436 ἐς
1707 1405 1737 1431 τὸ
1750 1405 1878 1440 ἀκριϐὲς,

1088 1455 1133 1482 καὶ
1151 1454 1366 1489 ἐπανορθοῦσθαι
1377 1454 1438 1484 τοὺς
1449 1453 1580 1484 δικαστὰς
1591 1453 1654 1483 τοὺς
1671 1452 1700 1478 ἐν
1714 1453 1771 1482 τοῖς
1791 1452 1882 1486 πέρα-

1089 1510 1130 1527 σιν
1150 1501 1281 1535 ἑκατέρας
1299 1500 1436 1531 πολιτείας
1458 1499 1630 1534 ἱδρυμένους.
1656 1499 1687 1524 Εἰ
1702 1498 1730 1523 δέ
1751 1506 1782 1531 γε
1801 1497 1881 1523 αὐτοὶ

1089 1548 1138 1573 οὐκ
1164 1547 1269 1572 ἔσονται
1290 1547 1377 1572 ἱκανοὶ
1397 1545 1571 1572 ἀναστέλλειν
1596 1545 1646 1576 τὰς
1665 1545 1732 1579 πρὸς
1744 1543 1881 1579 ἀλλήλους

1089 1595 1142 1620 τῶν
1170 1593 1368 1627 ἀστυγειτόνων
1393 1592 1519 1627 φθορὰς,
1548 1592 1702 1627 ἐστέρχθη,
1735 1592 1807 1619 ὥστε
1829 1593 1881 1626 τὴν

1088 1639 1256 1666 διαδικασίαν
1269 1640 1292 1654 ⁸⁸
1304 1638 1513 1673 ἀναπέμπεσθαι
1525 1639 1562 1670 ὡς
1580 1638 1626 1665 τὸν
1641 1639 1690 1673 τῆς
1707 1639 1765 1665 Ἕω
1778 1646 1881 1673 στρατ-

1089 1687 1166 1721 ηγὶιν,
1181 1686 1218 1717 ὡς
1232 1706 1239 1718 ,
1255 1686 1281 1712 εί
1302 1694 1334 1719 γε
1350 1685 1415 1712 εἴσω
1431 1685 1524 1720 μηνῶν
1539 1685 1568 1718 ἓξ
1591 1684 1628 1720 μὴ
1642 1685 1762 1720 τμηθείη
1781 1686 1814 1712 τὰ
1830 1686 1882 1719 τῆς

1089 1733 1205 1768 ἁμίλλης
1227 1733 1272 1758 καὶ
1290 1733 1304 1758 ὁ
1321 1732 1472 1766 ζημιωθεὶς
1497 1732 1534 1766 μὴ
1549 1731 1664 1767 λήψεται
1678 1731 1708 1758 τὸ
1726 1731 1881 1763 ἀπολωλὸς.

1089 1778 1133 1803 τὸν
1158 1778 1324 1812 ἀδικήσαντα
1344 1777 1437 1803 λοιπὴν
1468 1777 1513 1803 ἐπὶ
1531 1778 1610 1812 ποινῇ
1642 1778 1671 1808 ἐς
1691 1777 1722 1803 τὸ
1738 1777 1882 1804 διπλάσιον

1626 1823 1685 1855 Ὡς,
1706 1823 1733 1849 εἷ
1753 1832 1785 1857 γε
1811 1824 1882 1858 μηδὲ

1089 1871 1160 1897 οὕτω
1177 1871 1262 1905 πέρας
1282 1870 1349 1903 ἕξοι,
1366 1869 1520 1905 διετυπώθη
1531 1870 1562 1897 τὸ
1587 1870 1681 1896 ποιοῦν
1704 1870 1787 1904 μέρος
1808 1878 1881 1904 πρε-

1091 1916 1185 1942 σόείαν
1212 1916 1333 1943 στέλλειν
1357 1917 1394 1948 ὡς
1422 1916 1467 1943 τὸν
1492 1916 1604 1951 βασιλέα
1632 1916 1678 1942 τοῦ
1703 1915 1880 1950 ὴδικηκότος.

1090 1960 1155 1989 Εἶτα
1175 1962 1199 1988 εί
1221 1962 1289 1997 μηδὲ
1307 1962 1359 1988 ὑπὸ
1390 1961 1435 1988 τοῦ
1460 1961 1592 1997 βασιλέως
1621 1962 1767 1997 γενήσεταί
1792 1963 1818 1988 οἱ
1851 1962 1881 1988 τὸ

1091 2007 1220 2043 ἀποχρῶν
1238 2008 1286 2034 καὶ
1305 2007 1415 2035 διπλοῦν
1433 2009 1463 2034 τὸ
1484 2007 1602 2043 ὀφληθὲν
1616 2007 1786 2043 ἀναλήψεται
1807 2009 1881 2035 κατὰ

1089 2053 1119 2079 τδ
1139 2053 1290 2088 ὡρισμένον
1309 2053 1384 2084 ἐντὸς
1406 2053 1543 2086 ἐνιαυτοῦ,
1573 2054 1634 2079 ὅσον
1659 2053 1703 2080 ἐπ’
1729 2053 1828 2088 ἐκείνῳ
1840 2055 1881 2090 τῷ

1089 2099 1202 2134 δόγματι
1217 2097 1381 2125 διαλελύσθω
1395 2098 1430 2125 τὰ
1445 2099 1497 2124 τῶν
1511 2098 1642 2125 σπονδῶν.
1657 2099 1796 2134 Δευτέραν
1811 2101 1881 2135 πρὶς

1090 2145 1122 2178 τῇ
1151 2143 1252 2178 δεκάτῃ
1278 2145 1375 2179 μοῖραν
1401 2144 1455 2170 τῶν
1486 2144 1608 2170 σπονδῶν
1633 2146 1815 2180 κατανοήσεις
1831 2146 1880 2176 τὰς

1091 2190 1159 2224 πρὸς
1175 2190 1243 2216 Θεὸν
1263 2189 1392 2220 ἱκετείας,
1413 2189 1454 2215 ἔτι
1474 2198 1503 2216 τε
1522 2189 1569 2216 καὶ
1587 2189 1637 2221 τὰς
1653 2190 1723 2225 ἀρὰς
1737 2210 1743 2221 ,
1759 2188 1816 2217 οἷον
1841 2191 1881 2226 τῷ

1093 2236 1140 2271 μὲν
1168 2236 1308 2270 στὲργοντι
1325 2235 1374 2270 τὴν
1394 2236 1503 2271 εἰρήνην
1519 2233 1589 2261 εἶναι
1603 2236 1649 2261 τὶν
1669 2236 1735 2263 Θεὸν
1756 2236 1837 2262 ἴλεών
1851 2245 1881 2263 τε

1089 1825 1127 1859 τῷ
1158 1825 1317 1860 ἠδικημένῳ
1343 1821 1412 1850 εἶναι
1433 1823 1592 1851 ὑπεύθυνον.

252 2289 312 2315 quae
327 2289 341 2308 ιι
356 2282 450 2316 legatis
468 2286 543 2316 gesta
559 2286 749 2315 transactaque
762 2286 850 2308 erant.
877 2281 1039 2308 Constitulis

1093 2283 1138 2308 καὶ
1159 2281 1302 2316 ξύμμαχον
1322 2282 1366 2308 διὰ
1388 2281 1498 2314 παντὸς,
1519 2281 1558 2317 τῷ
1581 2282 1609 2308 δὲ
1625 2282 1758 2317 ἀπατηλῴ
1778 2283 1833 2308 τῶν
1850 2292 1881 2309 τε

253 2326 334 2360 igitur
351 2327 424 2360 pacis
437 2325 647 2358 conditionibus,
666 2331 759 2353 mutuo
771 2332 836 2353 sunt
854 2327 968 2359 traditm,
981 2335 1041 2361 qua:

253 2379 385 2399 νοεοιιιιιι·
395 2379 490 2399 sacrm.

1099 2328 1312 2363 ἐμπεδωοέντων
1337 2327 1491 2362 νεοχμῶσαί
1518 2336 1545 2353 τι
1572 2327 1727 2363 βουλομένῳ
1749 2329 1795 2355 τὸν
1815 2329 1882 2355 Θεὶν

1094 2374 1203 2400 ἔσεσθαι
1220 2374 1365 2401 ἀντίπαλόν
1388 2382 1416 2400 τε
1430 2373 1476 2399 καὶ
1499 2373 1636 2408 πολέμιον.
1662 2374 1747 2409 Τρίτη
1761 2375 1832 2410 πρὸς
1850 2377 1881 2409 τῇ

252 2417 352 2453 δεκάτῃ
380 2417 433 2444 τῶν
462 2416 643 2452 νομισθέντων
668 2416 754 2452 ἰσχὺς,
781 2418 1039 2451 πεντηκοντούτιδας
1077 2417 1146 2446 εἶναι
1170 2419 1218 2450 τὰς
1235 2419 1360 2450 σπονδὰς,
1377 2418 1516 2454 ἐρρῶσθαί
1535 2427 1565 2445 τε
1593 2419 1627 2445 τὰ
1643 2419 1693 2452 τῆς
1707 2419 1821 2455 εἰρήνης
1838 2418 1882 2447 ἐπὶ

252 2467 420 2502 πεντήκοντα
443 2465 592 2496 ἐνιαυτοὺς,
610 2464 810 2500 ἀριθμουμένου
834 2465 880 2492 τοῦ
904 2467 1027 2494 ἐνιαυτοῦ
1044 2467 1114 2494 κατὰ
1137 2467 1166 2494 τὸ
1181 2468 1293 2502 ἀρχαῖον
1307 2466 1377 2499 ἔθος,
1400 2466 1517 2493 ἑκάστου
1545 2466 1622 2498 ἔτους
1640 2468 1672 2502 τῇ
1688 2470 1881 2502 τριακοσιοστῇ

252 2515 300 2542 καὶ
329 2515 461 2550 ἑξηκοστῇ
475 2513 522 2540 καὶ
531 2513 644 2548 πέμπτῃ
659 2513 750 2548 ἡμέρᾳ
776 2516 991 2548 περατουμένου.
1013 2515 1131 2550 ’ἰσχῦσαι
1147 2515 1175 2541 δὲ
1190 2515 1237 2541 καὶ
1253 2514 1342 2547 τοῦτο,
1365 2513 1437 2540 καθὰ
1460 2514 1539 2548 ἔφην,
1561 2513 1631 2540 ὥστε
1645 2514 1674 2546 ἐξ
1692 2515 1796 2549 ἀμφοῖν
1817 2516 1883 2542 ἀπο-

252 2564 415 2600 κομισθῆναι
441 2563 575 2593 συλλαὸας
600 2562 688 2589 ἐκεῖσε
701 2582 709 2594 ,
729 2561 862 2596 δηλούσας
882 2562 918 2594 ὡς
936 2563 989 2589 καὶ.
1001 2564 1085 2598 ἄμφω
1113 2562 1223 2598 στέρξαι
1248 2561 1334 2589 ταῦτα
1348 2563 1371 2579 ⁸⁵
1388 2563 1430 2597 ἐφ’
1449 2560 1489 2594 οἷς
1505 2562 1672 2590 ἐϐεϐαίωσαν
1691 2562 1716 2588 οἱ
1736 2562 1881 2597 πρέσϐεις.

253 2613 344 2649 Πέρας
359 2621 388 2639 τε
403 2612 557 2648 δεξαμένων
574 2611 626 2637 τῶν
645 2610 796 2646 συνθηκῶν,
814 2610 978 2647 ἁντεδόθησα
1008 2613 1035 2638 αἱ
1048 2611 1194 2646 λεγόμεναι
1209 2611 1319 2646 σάκραι.

291 2661 338 2688 llis
360 2662 394 2688 ita
416 2660 532 2688 decretis
548 2664 575 2686 et
588 2659 768 2692 confirmatis,
782 2660 928 2693 separatim
955 2666 1035 2694 pacta

253 2711 315 2735 sunt
333 2706 490 2741 interposita
503 2705 538 2734 de
559 2704 734 2737 Christianis,
757 2705 802 2740 qui
823 2705 849 2732 in
868 2703 978 2733 Perside
995 2705 1034 2732 vi-

1128 2659 1237 2687 Τούτων
1251 2659 1278 2686 δὲ
1289 2659 1422 2692 δοξάντων
1451 2659 1498 2686 καὶ
1519 2658 1784 2694 ίσχυροποιηθέντων
1804 2660 1881 2691 ἐκτὸς

1091 2705 1223 2740 ἐνομίσθη
1243 2705 1278 2732 τὰ
1295 2705 1427 2741 περὶτῶν
1446 2706 1474 2732 ἐν
1488 2705 1602 2740 Περσίδι
1617 2705 1801 2740 Χριστιανῶν,
1812 2706 1880 2732 ὥστε

886 2775 1004 2804 νΑῐζΙέΕ
1023 2775 1226 2804 LECTIONES.

286 2836 310 2874 ξ·
325 2835 546 2874 πημαινομένους
569 2834 667 2874 Νηπη
684 2835 848 2874 μενομένους
866 2835 938 2871 vulg.
978 2837 1001 2853 “
1019 2836 1115 2872 ἑτέραν
1126 2837 1170 2871 8.,
1190 2837 1271 2873 ἑτέρα
1284 2839 1357 2874 vulg.
1395 2839 1418 2855 ⁸⁸
1434 2838 1605 2866 διαδικασίαν
1634 2838 1678 2872 H.,
1702 2837 1747 2865 διὰ
1772 2837 1880 2865 δικαίαν

253 2870 322 2905 vulg.
359 2870 382 2886 ³⁵
397 2869 485 2896 ταῦτα
499 2869 597 2901 RL,th
604 2870 637 2896 τὰ
650 2871 722 2905 vulg.
