1943 3072
80 181 131 212 869

452 179 501 209 DE
521 176 806 208 LEGATIONIBUS
823 175 1069 205 ROMANORUBI
1091 175 1139 205 AD
1159 175 1316 206 GENTES.

1652 176 1705 206 δη

79 238 125 264 καὶ
141 236 208 268 νεὼς
225 237 377 271 οἰκοδομεῖν
387 236 434 262 καὶ
449 234 614 267 ἐπιθειάζειν
627 235 697 269 σφᾶς
709 233 806 264 ἀδεῶς,
822 233 868 259 καὶ

922 237 999 265 vunt,
1015 237 1044 258 ut
1054 232 1108 259 illis
1124 232 1220 260 liceret
1235 233 1334 267 templa
1347 238 1514 263 construere.
1534 238 1560 259 ct
1576 233 1635 259 sine
1652 234 1706 259 ullo

79 282 141 314 τοὺς
161 281 356 317 χαριστηρίους
380 281 492 316 ὕμνους,
520 280 592 307 καθὰ
607 280 761 314 νενόμισται
777 279 844 313 ἡμῖν
857 299 864 311 ,

80 326 226 357 ἀκωλύτως
242 326 386 358 ἐπιτελεῖν,
403 325 471 352 ἀλλὰ
494 324 549 360 γὰρ
573 324 642 360 μήτε
660 322 865 357 καταναγκάζε-

81 371 143 397 σθαι
161 370 282 406 μαγικὴν
296 370 320 386 ⁸⁸
337 370 457 404 μετιέναι
474 369 632 405 θρησκείαν,
652 369 720 404 μήτε
734 368 788 403 μὴν
802 367 862 394 θεο-

81 417 187 442 κλυτεῖν
203 416 337 447 ἀκουσίως
356 415 419 446 τοὺς
439 415 514 450 παρὰ
539 415 641 450 Μήδοις
657 413 866 448 νενομισμένους

80 461 167 493 θεούς.
186 462 239 488 Καὶ
253 462 277 488 οί
294 461 452 496 Χριστιανοὶ
474 461 513 491 δὲ,
539 460 609 486 ὥστε
626 460 726 495 ἣκιστα
751 459 799 485 καὶ
812 458 866 485 οἵδε

79 507 201 541 τολμῷεν
223 506 395 541 μετατιθέναι
414 506 517 541 μάγους
541 507 568 536 ἐς
583 505 632 540 τὴν
651 504 713 531 καθ’
735 505 809 539 ἡμᾶς
824 504 867 530 δό-

80 553 138 584 ξαν.
160 552 311 587 Ἐκράτησε
326 552 354 578 δὲ
380 551 451 578 ὥστε
465 552 512 577 καὶ
539 551 602 582 τοὺς
631 550 797 585 θνήσκοντας
812 550 866 580 τοῖς

80 597 253 630 Χριστιανοῖς
262 597 304 622 ἐπ’
319 596 442 628 ἐξουσίας
451 594 519 622 εἶναι
532 595 644 622 θάπτειν
657 597 685 622 ἐν
695 595 800 628 τάφοις,
843 594 865 609 ⁸⁷

83 641 238 675 νενόμισται
268 641 430 676 παρ’ἡμῖν.
447 639 555 666 Τούτων
584 639 654 666 οὕτω
683 639 868 674 προελθόντων

81 687 127 712 καὶ
143 687 171 712 ἐν
183 686 280 720 κόσμῳ
293 685 340 711 καὶ
355 684 429 716 τάξει
445 685 607 718 γενομένων,
633 684 693 709 ἐπεὶ
708 682 867 714 ἀνεδέξαντο

79 731 107 756 οἵ
119 739 151 764 γε
169 731 196 762 ἐς
214 731 292 757 τοῦτο
317 730 480 765 τεταγμένοι
495 729 544 761 τὰς
565 729 699 759 συλλαϐὰς
723 730 779 755 τοῖν
796 729 867 754 δυοῖν

81 776 204 811 βιὸλίοιν,
228 777 275 803 καὶ
301 776 501 810 ἀπηκρίόωσαν
520 775 656 810 ίσορῤόπῳ
679 774 718 809 τῷ
738 775 785 800 καί
812 775 868 800 ισο-

81 822 194 857 δυνάμῳ
212 822 266 848 τῶν
282 821 411 857 ῥημάτων
427 821 460 847 τὰ
489 820 680 855 ἐνθυμήματα,
696 820 794 846 αὐτίκα
809 819 868 852 οἵγε

82 868 218 902 ίσόγραφα
248 867 329 901 ἕτερα
361 863 515 892 ἐπετέλουν.
538 866 591 892 Καὶ
615 865 648 891 τὰ
680 865 728 899 μὲν
764 863 866 899 κυριώ-

80 921 147 948 τερα
163 912 354 946 ξυνειληίὶέντα
379 920 408 938 τε
438 912 484 937 καὶ
509 911 762 944 κατασφαλισθέντα
781 912 867 945 ὲκμα-
883 900 904 928 Β

80 957 164 992 γιίοις
180 966 209 983 τε
238 958 370 992 κηρίνοις,
395 957 498 991 ἑτέροις
523 965 552 982 τε
569 954 610 987 οἷς
628 956 739 982 εἰώθασι
764 956 867 991 Πέρσαι

80 1003 209 1039 χρῆσθαι,
227 1003 274 1030 καὶ
289 1003 470 1037 ὲκτυπὼμασι
483 1002 632 1029 δακτυλίων
649 1002 705 1028 ὑπὸ
719 1001 773 1028 τῶν
800 1002 868 1036 πρέ-

82 1049 179 1082 σϐεων,
203 1049 243 1076 ἔτι
269 1049 322 1084 μὴν
342 1050 389 1075 καὶ
411 1048 552 1083 ἑρμηνέων
564 1047 629 1074 δέκα
653 1048 722 1082 προς
737 1048 791 1078 τοῖς
810 1047 866 1078 δύο,

81 1094 112 1127 ἓξ
125 1095 174 1128 μὲν
194 1094 348 1129 Ῥωμαίων,
363 1094 411 1128 οὐχ
426 1091 508 1130 ἦττον
525 1093 553 1119 δὲ
582 1093 706 1126 Περσῶν,
732 1092 868 1128 ὰμοιΰαίᾳ

82 1142 114 1175 τῇ
126 1141 195 1168 δόσει
207 1140 240 1167 τὰ
257 1141 307 1174 τῆς
318 1140 428 1175 εἰρήνης
447 1139 536 1173 βιϐλία
550 1139 715 1173 παρέσχοντο
732 1138 868 1173 ἀλλήλοις.

81 1187 119 1212 Τὸ
131 1186 180 1220 μὲν
194 1187 227 1220 τῇ
240 1185 351 1221 Περσῶν
365 1186 441 1220 φωνῇ
452 1185 644 1221 γεγραμμένον
657 1186 804 1219 ἐνεχείρισε
817 1185 869 1210 Πέ-

81 1218 139 1264 τρῷ
155 1231 168 1256 ὁ
182 1218 241 1264 Ζιχ,
259 1218 306 1256 καὶ
322 1218 467 1264 Πέὲροξδὲ
479 1218 518 1264 τῷ
533 1218 581 1264 ὶιχ
596 1230 626 1255 τδ
651 1230 684 1264 τῇ
702 1218 844 1264 "minus;
860 1236 868 1243 -

82 1276 129 1302 καὶ
143 1272 221 1306 αὖθις
232 1274 277 1301 τοῦ
288 1274 337 1309 Ζὶχ
349 1275 379 1300 τδ
393 1275 552 1310 ίσῑρροποῦν
566 1276 599 1309 τῇ
618 1274 749 1310 Ἑλληνίδι
766 1273 871 1308 βιϐλίον

81 1319 226 1354 γράμμασι
240 1319 382 1354 Περσικοῖς
395 1319 660 1354 διασεσημασμένον,
675 1318 739 1345 ἄνευ
754 1318 804 1352 τῆς
815 1317 869 1343 τῶν

82 1365 287 1400 ὲκτυπωμάτων
302 1364 464 1399 ἀσφαλείας,
484 1365 636 1399 εἰληφότος,
656 1365 686 1391 τὸ
705 1365 727 1380 ⁸⁸
744 1364 868 1399 σωθήσε-

83 1410 145 1437 σθαί
157 1411 181 1437 οἱ
196 1410 246 1441 τὰς
267 1410 388 1446 μνήμας,
405 1410 453 1437 καὶ
481 1411 582 1446 Πέτρος
597 1411 646 1437 οὐκ
669 1411 755 1442 ἄλλως
770 1410 869 1437 ἐπετέ-

83 1456 158 1483 λεσεν
174 1456 335 1491 ἀμοιϐαίως.

118 1499 183 1527 Εἶτα
201 1502 247 1527 ἐπὶ
265 1500 371 1532 τούτοις
397 1501 570 1536 διελύθησαν,
598 1501 652 1529 τῶν
675 1510 704 1528 τε
721 1501 801 1537 ὁρίων
815 1502 869 1529 ἄπο

81 1546 216 1580 ἐγένοντο,
233 1547 281 1573 καὶ
308 1546 322 1572 ὁ
339 1547 388 1581 Ζὶχ
407 1547 447 1578 είς
466 1547 499 1573 τὰ
518 1547 621 1582 πάτρια
640 1547 692 1582 ἢθη
712 1547 867 1582 ἐπορεύετο.

918 278 1014 305 timore
1031 285 1106 305 sacra
1124 285 1263 312 peragere,
1293 282 1319 304 et
1345 277 1492 312 gratiarum
1521 279 1640 305 actiones
1658 286 1705 312 per

918 324 1030 359 hymnos
1063 323 1128 355 Deo,
1145 329 1216 351 sreut
1240 324 1310 358 apud
1331 331 1379 351 nos
1405 323 1463 350 ﬁeri
1490 324 1568 356 solet,
1597 331 1705 356 cauere,

917 377 984 397 neve
994 375 1155 405 cogeremur
1177 370 1290 405 magicis
1310 371 1467 397 cerimoniis
1479 370 1621 403 interesse,
1636 375 1706 397 aula:

918 416 1017 443 invitos
1034 416 1123 443 colere
1138 420 1164 442 et
1178 417 1312 447 venerari,
1329 416 1374 450 qui
1393 417 1462 450 apud
1480 415 1570 443 Medos
1593 418 1704 443 deorum

918 468 1030 488 numero
1045 461 1188 488 habentur.
1203 460 1296 494 Neque
1311 465 1401 488 tamen
1419 460 1479 487 ideo
1493 460 1639 487 Christiani
1654 469 1702 487 au-

917 507 1011 534 derent
1025 506 1117 533 conari
1131 506 1232 541 magica
1253 510 1389 533 sectantes
1408 506 1433 532 in
1447 510 1568 532 nostram
1596 507 1704 540 religio-

918 559 978 578 nem
1003 551 1172 585 pertrahere.
1195 551 1320 578 Obtlnuit
1348 558 1465 586 quoque,
1488 555 1516 577 ut
1542 550 1705 578 Christianis

918 601 1037 629 potestas
1045 601 1119 623 esset
1134 600 1255 622 mortuos
1270 595 1402 629 sepulcris
1413 596 1541 628 condere,
1559 601 1585 622 et
1601 596 1653 623 illis
1673 598 1704 622 ait

919 648 1039 669 nostrum
1056 649 1158 669 morem
1170 642 1242 676 jnsla
1259 642 1424 676 persolvere,
1442 641 1505 669 lla-e
1521 650 1580 668 cum
1601 643 1636 668 ita
1655 643 1706 669 rite

918 691 945 714 et
960 687 1054 714 ordine
1067 691 1142 722 gesta
1158 687 1402 722 adntinistrataque
1415 686 1538 719 fuissent,
1552 687 1656 714 litteras
1667 687 1704 718 hi,

918 732 1015 765 quibus
1033 732 1090 765 ejus
1106 731 1144 758 rei
1161 738 1223 758 cura
1241 732 1400 758 demandata
1419 736 1488 761 erat.
1505 731 1611 759 duolms
1627 731 1704 759 libel-

919 776 952 803 lis
968 781 1095 803 exaratas
1110 782 1297 811 susceperunt,
1326 781 1351 804 et
1373 785 1465 803 earnm
1482 778 1535 804 vim
1552 782 1576 804 et
1595 785 1707 804 Sensum

919 829 1046 850 accurate
1058 823 1130 850 inter
1143 830 1172 850 se
1187 822 1369 854 contulerunt,
1382 830 1495 857 quarunt
1509 824 1600 850 statim
1618 822 1703 849 altera

918 869 1039 904 exempla
1053 868 1238 896 confecerunt.
1260 868 1292 894 Et
1305 869 1413 902 quidem
1428 876 1466 896 ea:
1485 869 1592 902 tahnlm,
1607 869 1705 902 quibus

919 915 1025 950 plenior
1041 915 1106 941 ﬁdes
1129 914 1286 944 haberetur,
1306 913 1450 948 diligenter
1466 913 1602 944 involuta},
1622 918 1649 940 et
1662 920 1703 939 se-

918 961 1042 988 curitatis
1058 967 1138 986 causa
1150 967 1212 987 cera
1230 959 1326 986 iterum
1340 966 1486 993 expressas,
1504 958 1600 985 etaliis
1615 959 1704 987 rebus,

918 1015 977 1042 qua:
991 1007 1060 1041 apud
1078 1006 1175 1033 Persas
1190 1010 1252 1032 sunt
1279 1006 1304 1032 in
1331 1013 1390 1037 usu,
1412 1005 1524 1032 ﬁrmata:
1548 1009 1611 1031 Sunt
1629 1012 1636 1031 :
1651 1010 1705 1030 tum

918 1053 998 1080 etiam
1013 1054 1164 1086 legatorum
1176 1051 1261 1085 sigilla
1279 1050 1385 1077 annulis
1403 1051 1545 1084 impressa,
1561 1055 1588 1076 et
1606 1049 1706 1075 duode-

919 1098 970 1124 cim
1002 1098 1178 1131 interpretum
1196 1116 1204 1127 ,
1231 1103 1278 1123 sex
1310 1097 1504 1127 Romanorum,
1539 1100 1567 1122 et
1595 1094 1705 1122 totidem

918 1143 1074 1170 Persarum.
1092 1142 1137 1169 Sic
1150 1146 1241 1168 mutua
1258 1142 1405 1168 traditione
1428 1141 1496 1168 inter
1514 1148 1543 1168 se
1558 1141 1608 1168 sibi
1633 1141 1706 1175 pacis

921 1188 1026 1215 tabulas
1045 1187 1145 1214 Ziclms
1165 1187 1248 1214 Petro
1264 1186 1408 1213 Persarqu
1422 1185 1510 1220 lingua
1527 1186 1651 1219 scriptas,
1680 1189 1707 1211 et

919 1233 1018 1278 Graeca.
1032 1232 1129 1260 Petrus
1152 1232 1234 1260 Zicho
1251 1233 1433 1259 tradiderunt.
1451 1230 1555 1258 Rursus
1579 1237 1640 1257 cum
1663 1230 1708 1257 Zi-

919 1281 986 1307 ehus
1000 1277 1149 1314 accepisset
1163 1287 1177 1306 a
1193 1279 1274 1307 Petro
1287 1278 1360 1306 aliud
1376 1278 1449 1305 illius
1466 1277 1598 1311 pactionis
1613 1284 1708 1305 exem-

920 1327 992 1361 plum
1007 1326 1100 1353 Graeca
1114 1326 1215 1360 lingua,
1228 1326 1274 1353 sed
1298 1325 1395 1353 litteris
1414 1324 1532 1352 Persicis
1553 1329 1706 1356 exaratum,

920 1373 977 1399 sine
991 1372 1043 1398 ulla
1058 1371 1208 1403 sigillorum
1231 1367 1420 1405 impressione,
1434 1370 1505 1404 quod
1523 1369 1601 1405 143
1616 1370 1649 1396 ad
1662 1378 1708 1398 so—

919 1417 972 1443 lam
1000 1417 1038 1444 rei
1066 1421 1147 1450 gesta:
1169 1416 1326 1443 memoriam
1352 1415 1467 1446 valeret,
1493 1416 1587 1442 eadem
1613 1415 1705 1442 itidem

921 1462 1014 1490 Pen-us
1031 1469 1045 1489 ο
1065 1462 1149 1489 Zicho
1164 1461 1222 1497 pari
1237 1461 1323 1489 forma
1338 1461 1456 1495 accepit.

960 1507 1005 1534 llis
1021 1508 1166 1535 transactis
1187 1507 1300 1534 seorsim
1318 1506 1386 1533 alter
1410 1507 1444 1533 ab
1463 1507 1548 1533 altero
1570 1506 1661 1540 procul
1691 1514 1705 1532 ο

921 1553 1045 1581 conﬁniis
1062 1553 1199 1585 abierunt,
1225 1557 1252 1579 et
1269 1551 1369 1578 Zichus
1386 1551 1492 1585 quidem
1509 1551 1542 1577 ad
1564 1552 1641 1578 sedes
1658 1558 1709 1585 pa—

83 1579 166 1627 ’Ᾰτὰρ
180 1594 194 1619 ὁ
208 1593 310 1627 Πέτρος
325 1579 432 1627 ἔμεινεν
452 1592 545 1625 αὑτοῦ,
562 1579 724 1619 hodist-duim!
738 1579 771 1626 τῇ
790 1600 866 1626 γενε-

922 1599 986 1626 trias
997 1598 1148 1626 remeavit:
1168 1598 1213 1624 sed
1229 1596 1324 1623 Petrus
1340 1595 1396 1623 illic
1410 1596 1551 1628 remansit,
1567 1600 1595 1622 ut
1608 1594 1705 1622 festum

83 1638 145 1673 0M;
171 1639 252 1674 ἑορτῇ
275 1637 392 1673 Χριστοῦ
409 1638 456 1664 τοῦ
473 1638 540 1665 Θεοῦ
554 1647 561 1654 ·
588 1638 638 1673 ἠδη
656 1638 711 1673 γὰρ
730 1638 867 1673 προσεπέ-

82 1684 147 1717 λαξε
160 1685 209 1719 τῆς
227 1685 334 1720 ἠμέρας
352 1684 383 1710 τὸ
398 1683 491 1716 σέϐας.
508 1685 568 1711 Ἔτι
583 1685 611 1711 δὲ
626 1684 674 1711 καὶ
686 1686 718 1719 τῇ
739 1684 786 1710 τοῦ
801 1684 867 1710 Θεοῦ

83 1732 229 1767 ὲπιῳανείᾳ
248 1732 282 1759 τὰ
299 1732 403 1768 νόμιμα
416 1732 588 1766 ἁγιστεύσας,
604 1732 673 1768 μετὰ
683 1732 770 1759 ταῦτα
782 1732 867 1766 ἐπέϐη

84 1778 133 1813 τῆς
152 1777 276 1812 Περσῶν.
300 1779 356 1805 Καὶ
375 1779 403 1804 ὲν
422 1778 510 1805 τοῖσδε
523 1778 608 1813 πέρας
625 1778 731 1812 εἰλήφει
755 1777 791 1804 τὰ
815 1777 868 1804 τῶν

85 1822 234 1858 ξυνθηκῶν.
255 1823 311 1858 Πρὸ
336 1823 366 1849 δὲ
384 1823 416 1859 δὴ
442 1823 492 1856 τῆς
511 1823 709 1858 ἀναχωρήσεως
728 1823 781 1849 τῶν
799 1823 865 1858 πρέ-

85 1869 184 1901 σϐεων,
205 1869 433 1904 παραγενομένων
448 1869 530 1895 τινῶν
542 1869 654 1904 Περσῶν
667 1870 706 1901 είς
721 1870 752 1895 τὸ
768 1870 867 1904 Δάρπς,

84 1913 124 1944 οἷς
137 1915 168 1942 τὸ
181 1915 280 1942 τοιόνδε
295 1916 325 1942 ὲν
341 1915 479 1950 φροντίσιν
495 1915 627 1950 ὑπῆρχεν,
641 1915 699 1949 ἅμα
720 1916 801 1946 ἐνίοις
814 1915 869 1942 τῶν

85 1960 226 1995 ἑρμηνέων
240 1959 287 1986 καὶ
309 1961 364 1991 τοῖς
376 1960 430 1986 τῶν
444 1959 621 1993 πλαστίγγων
635 1960 804 1992 ἐπιστάταις,
818 1960 869 1986 ἀπ-

84 2006 218 2040 ικατέστη
234 2006 290 2036 τοῖς
306 2005 370 2040 περὶ
385 2005 430 2031 τὴν
447 2005 496 2039 Ζὶχ
512 2005 547 2030 τὰ
565 2004 727 2038 ὀφειλόμενα
740 2006 870 2040 χρήματα

84 2052 138 2079 τῶν
161 2051 182 2085 ζ’
207 2052 348 2084 ἐνιαυτῶν,
377 2052 424 2086 ἐφ’
450 2049 491 2082 οἷς
517 2053 546 2077 αι
579 2051 745 2086 ξυνθῆκαι⁸⁰
768 2051 869 2086 προῆλ-

85 2098 141 2125 Θον.
164 2098 207 2129 Ὡς
225 2098 253 2123 δὲ
279 2097 380 2133 Πέτρος
406 2097 517 2130 ἀφίκετο
536 2096 604 2131 πρὸς
624 2096 736 2131 βασιλέα
760 2096 870 2132 Περσῶν

84 2147 113 2172 ὲν
130 2144 169 2180 τῷ
192 2144 453 2179 προσαγορευομένῳ
476 2142 639 2178 Βιθαρματς,
658 2142 870 2177 διαλεχθησόμεέ

84 2191 130 2222 νος
143 2191 169 2217 oi
181 2191 243 2224 περὶ
258 2189 388 2221 Σουανὶας
402 2189 425 2205 ὀ
440 2190 468 2221 ὲς
479 2190 513 2216 τὰ
529 2189 650 2224 βασίλεια
662 2188 800 2224 προελθὼν
814 2189 870 2215 ἐλε-

918 1644 1075 1671 Nativitatis
1092 1643 1194 1670 Christi
1230 1642 1277 1669 Dei
1307 1642 1439 1677 (instabat
1455 1643 1527 1669 enim
1553 1641 1706 1668 veneranda

919 1690 998 1726 dies.)
1014 1694 1106 1717 sancte
1125 1694 1150 1716 el
1169 1688 1295 1722 religiose
1319 1687 1431 1715 coleret.
1458 1686 1512 1714 Nec
1536 1687 1620 1714 multo
1647 1691 1707 1720 post

921 1736 974 1763 illic
988 1736 1077 1762 adhuc
1088 1734 1247 1768 Epiphania:
1263 1733 1360 1760 festum
1374 1733 1478 1760 solenni
1497 1739 1571 1759 more
1585 1732 1706 1759 celehra-

919 1782 958 1807 vit
973 1789 980 1806 :
993 1780 1088 1806 deinde
1104 1779 1136 1806 ad
1151 1779 1249 1806 Persas
1264 1778 1401 1813 profectus
1425 1783 1476 1805 est.
1494 1778 1527 1804 Et
1542 1777 1580 1804 sic
1597 1777 1706 1812 quidem

920 1826 992 1861 pacis
1007 1825 1155 1855 transactio
1168 1825 1200 1852 ad
1215 1824 1295 1851 ﬁnem
1313 1824 1440 1859 perducta
1466 1828 1517 1851 est.
1533 1823 1603 1850 Ante
1619 1823 1708 1858 perfe-

921 1871 1039 1898 ctionem
1057 1871 1218 1905 legatorum.
1238 1877 1298 1897 cum
1325 1877 1358 1897 ex
1379 1869 1469 1897 Persis
1491 1870 1516 1896 hi
1529 1889 1536 1902 ,
1563 1870 1660 1904 quibus
1675 1878 1706 1897 ea

921 1924 964 1944 res
981 1923 1051 1943 cura:
1067 1921 1137 1948 erat,
1164 1915 1197 1942 ad
1215 1915 1298 1942 Daras
1310 1914 1494 1942 accessissent
1509 1923 1561 1941 una
1583 1923 1646 1943 cum
1665 1915 1707 1941 iu-

922 1961 1086 1995 terpretibus
1113 1965 1140 1987 et
1155 1960 1196 1993 iis,
1217 1960 1262 1994 qui
1288 1960 1404 1987 trutinas
1427 1959 1586 1990 all‘crebant,
1607 1967 1709 1995 τοίη-εει

921 2011 1032 2033 scutatae
1047 2010 1110 2034 sunt
1127 2013 1188 2040 quae
1206 2005 1290 2032 Zicho
1306 2013 1354 2040 pro
1369 2009 1471 2039 septem
1495 2012 1627 2032 annorum
1645 2012 1708 2040 pen-

922 2051 1043 2078 sionibus
1058 2051 1196 2083 promissae
1208 2050 1316 2078 fuerant
1332 2050 1464 2085 pecuniae.
1487 2050 1583 2078 Petrus
1594 2059 1658 2078 vero
1673 2053 1706 2079 ad

922 2105 1010 2131 regem
1029 2096 1172 2124 Persarum
1197 2097 1312 2124 accessit
1338 2097 1449 2128 inloco,
1474 2098 1519 2131 qui
1544 2097 1710 2125 Bitharmais

922 2142 1080 2177 appellatur,
1100 2147 1126 2168 ιιι
1141 2143 1173 2168 de
1192 2140 1291 2168 Suania
1309 2149 1370 2168 cum
1388 2142 1434 2168 illo
1446 2147 1550 2177 ageret,
1568 2148 1594 2170 et
1610 2144 1636 2170 in
1662 2151 1706 2171 re-

922 2190 990 2223 giam
1017 2188 1189 2214 introductus
1216 2187 1265 2214 sic‘
1284 2187 1389 2215 locutus
1414 2193 1455 2215 est
1472 2198 1479 2216 :
1499 2197 1508 2214 ι
1528 2189 1667 2222 Venimus,
1690 2197 1711 2216 ο

86 2237 131 2268 ξεν
144 2232 222 2262 ὦδε-ι
235 2235 369 2270 Ἧχομεν,
381 2232 404 2261 ὦ
419 2234 541 2269 βασιλεῦ,
551 2233 627 2268 παρὰ
638 2234 676 2266 σὲ,
687 2233 717 2260 τὸ
730 2233 778 2268 μὲν
787 2234 814 2260 ιν
828 2234 868 2269 βε-

926 2241 981 2263 rex.
1009 2234 1041 2260 ad
1055 2238 1089 2264 te,
1112 2241 1285 2267 cummagna
1308 2241 1342 2260 cx
1367 2238 1443 2268 parte
1456 2234 1529 2268 pacis
1543 2235 1709 2262 beneﬁcium

86 2282 157 2317 σαίῳ
173 2281 222 2317 τὴν
237 2281 347 2316 είρήνην
361 2280 431 2315 ἔχειν
444 2281 642 2315 εὐτυχήσαντες
660 2279 722 2315 ήδη,
737 2279 767 2306 τὸ
783 2279 811 2306 δὲ
827 2280 874 2306 καὶ

85 2328 134 2361 ὀᾲὲ
150 2327 213 2361 γοῦν
224 2327 379 2362 τευξόμενοι
400 2326 455 2353 τῶν
474 2325 648 2360 δικαιοτέρων
677 2325 751 2360 παρὰ
769 2324 816 2351 σοῦ
836 2325 873 2360 μὴ

73 2373 276 2408 ,ὰχϐησόμενοι.
298 2373 328 2400 '0
343 2372 397 2407 γὰρ
421 2372 451 2398 τὸ
475 2371 563 2407 παρὸν
579 2370 609 2397 εὖ
634 2371 736 2402 διαθεὶς
750 2371 795 2397 καὶ
810 2379 873 2405 σχε-

85 2419 192 2450 διάσας,
206 2419 243 2450 ὡς
262 2420 358 2450 είπεῖν,
374 2418 404 2444 τὺ
419 2419 552 2450 συνοῖσον,
572 2417 630 2448 πῶς
653 2417 713 2451 οὐχὶ
732 2416 786 2442 τῶν
810 2417 875 2451 μελ-

85 2465 186 2491 λόντων
206 2463 407 2499 προμηθεὺεται
431 2463 520 2498 πολλῴ
553 2462 592 2498 τῷ
608 2463 736 2498 διαφόρῳ,
758 2463 873 2490 καθόσον

86 2511 133 2536 καί
149 2509 236 2544 χρόνῳ
251 2509 290 2543 τῷ
306 2509 419 2536 πλείονι.
433 2509 571 2543 Μεγίστου
589 2509 681 2535 τοίνυν
699 2509 803 2542 πέφυκε
821 2508 870 2543 βα-

87 2553 185 2584 σιλέως
205 2553 236 2579 τὸ
252 2553 380 2579 δύνασθαι
396 2554 444 2588 μὲν
461 2553 541 2579 πλέον
567 2553 649 2587 ἔχειν,
668 2552 704 2587 μὴ
725 2552 871 2588 βούλεσθαι

85 2599 116 2625 δέ
130 2607 137 2614 ·
152 2599 182 2625 τὸ
196 2598 250 2634 γὰρ
265 2598 432 2633 ὑπερϐάλλον
446 2598 495 2633 τῆς
511 2599 601 2633 ίσχύος
611 2600 640 2625 ὲν
656 2599 772 2634 σώφρονι
789 2599 870 2626 κολά-

86 2645 164 2677 ζεται
176 2645 308 2680 λογισμῷ.
327 2645 402 2672 Ἐπεὶ
428 2644 474 2672 οὖν
491 2645 521 2671 τὸ
535 2645 594 2676 ζέον
611 2645 656 2671 τοῦ
671 2646 790 2681 πολέμου
804 2655 871 2672 κατ-

86 2690 214 2718 έσϐεσται
230 2690 277 2718 νῦν
294 2691 359 2726 ἡμῖν
384 2691 429 2718 καὶ
442 2690 535 2726 ὥσπερ
552 2690 766 2726 ἀνεπνεύσαμεν,
780 2689 819 2722 εἷς
843 2691 871 2717 δὲ

922 2279 976 2312 jam
993 2278 1080 2312 adepti
1097 2278 1192 2310 simus,
1217 2283 1246 2305 ut
1270 2279 1297 2305 in
1324 2279 1435 2313 reliquis
1448 2287 1555 2314 quoque
1581 2281 1710 2314 quamvis

925 2323 1128 2357 sorojnstitiam
1142 2332 1156 2349 a
1175 2329 1199 2350 te
1215 2323 1408 2357 impetremus;
1433 2332 1481 2351 nec
1501 2331 1550 2352 nos
1567 2325 1710 2359 deceptum

925 2370 956 2396 iri
983 2377 1134 2404 speramus.
1150 2369 1215 2396 Nam
1241 2370 1286 2404 qui
1313 2375 1474 2404 pra‘sentcm
1502 2378 1591 2397 rerum
1607 2375 1708 2398 statum

924 2420 997 2441 recte
1024 2414 1185 2449 composuit,
1206 2419 1233 2441 et
1257 2415 1387 2442 instantia
1406 2416 1548 2442 commoda
1571 2416 1709 2450 respexit,

923 2465 1025 2495 quanto
1039 2461 1123 2495 magis
1139 2461 1162 2487 is
1178 2460 1275 2488 futuris
1291 2461 1458 2495 providebit,
1478 2462 1540 2496 quia
1557 2465 1585 2489 et
1604 2462 1712 2488 diuturv

924 2507 998 2533 uiora
1012 2506 1095 2533 sunt?
1110 2506 1197 2541 Magni
1219 2506 1289 2541 regis
1305 2511 1347 2534 est
1362 2514 1441 2540 posse
1456 2507 1563 2541 quidem
1580 2507 1639 2542 plus
1658 2508 1707 2534 ha-

923 2551 996 2583 bere,
1012 2551 1059 2578 sed
1075 2550 1155 2578 nolle.
1180 2550 1315 2585 Quidquid
1340 2551 1412 2577 enim
1437 2551 1565 2586 potentia:
1585 2556 1709 2586 superat,

922 2597 1076 2628 cohibetur,
1104 2601 1131 2623 et
1156 2597 1344 2630 comprimitur
1361 2597 1483 2631 prudenti
1511 2597 1708 2625 moderatione.

921 2643 1010 2677 Itaque
1027 2650 1086 2670 cum
1105 2642 1212 2669 fervens
1228 2642 1288 2669 belli
1309 2643 1379 2670 inter
1394 2650 1442 2670 nos
1466 2643 1548 2670 ardor
1568 2643 1624 2679 jam
1655 2644 1702 2671 ded

923 2688 1054 2715 ferlmerit
1071 2694 1095 2715 et
1108 2687 1306 2722 quodammodo
1327 2686 1502 2722 respiremus,
1518 2696 1570 2715 una
1586 2688 1707 2716 scintilla

727 2756 845 2783 VARIIE
866 2756 1069 2784 LECTIONES.

123 2824 147 2841 ⁸⁶
155 2825 224 2852 Ante
246 2823 365 2859 μαγικὴν
381 2823 460 2856 vulgo
471 2822 668 2859 algriniseritur,
680 2822 726 2849 sed
744 2822 821 2859 uncis
837 2823 981 2859 inclusum.
1019 2823 1041 2859 f7
1082 2822 1155 2857 H.,-il
1173 2822 1246 2859 vulg.
1284 2822 1306 2838 ⁸³
1318 2821 1360 2859 τὸ]
1378 2823 1407 2855 ἐς
1419 2823 1450 2850 τὸ
1462 2822 1496 2851 Ν.
1533 2822 1592 2850 "al
1608 2822 1704 2859 ευνυῆ-

88 2868 136 2887 και
157 2859 202 2893 H.,
229 2857 327 2893 ὲξυνθῆ
339 2859 386 2885 καὶ
401 2859 472 2893 vulg.
511 2857 535 2874 ’θ
550 2857 681 2888 Σουανίας
699 2863 726 2884 et
741 2858 884 2893 προελῠὼν
899 2858 946 2891 H.,
958 2857 1077 2889 Σουάνας
1093 2862 1120 2884 et
1135 2857 1276 2893 προελθεῖν
1293 2857 1366 2893 vulgi
