1943 3072
124 102 178 134 873

509 104 558 134 DE
577 103 860 134 LEGATIONIBUS
880 103 1126 135 ROMANORUM
1152 106 1200 135 AD
1217 87 1373 136 GENTE‘S.

1692 101 1745 133 δτι

123 156 182 183 οὐδὲ
206 156 288 188 αὐτός
318 165 346 183 σε
367 157 378 173 ⁸
394 177 401 190 ,
417 153 440 184 ὧ
463 156 606 193 Ῥωμαίων
629 158 794 194 πρεσὸευτὰ,
817 158 903 193 ὥσπει

963 164 990 185 et
1007 167 1068 186 eum
1084 160 1130 194 qui
1157 161 1240 194 ipsam
1263 161 1392 195 possidet,
1419 159 1524 187 salvum
1538 165 1566 187 ct
1581 160 1744 188 incolnnmn

123 203 198 234 είκὸς
212 203 241 229 ὲν
258 203 376 239 τοσαύτῃ
395 203 539 239 φιλοσοφίᾳ
547 204 736 240 τεθραμμένον
753 205 764 220 ⁸
808 205 910 239 περιεῖ-

120 257 166 290 ναι
183 249 193 265 ”¹
205 251 261 282 τοῖς
276 250 379 285 ῥήμασι
391 249 573 286 μεμάθηκας,
589 250 743 285 μεμφθείην
756 250 825 285 πρός
837 258 909 282 τινος

121 295 210 328 ἔγωγε
229 295 266 330 μὴ
280 295 383 322 πείθειν
395 295 489 330 μαθών
500 303 509 312 ο
525 295 594 331 πλὴν
608 297 646 328 ὡς
662 296 695 323 ἂν
709 294 796 323 οἷόστε
807 293 840 328 ὦ,
856 296 908 322 κᾶν

121 340 147 366 εί
167 340 204 376 μὴ
215 342 271 373 τοῖς
285 341 297 356 ⁸
319 341 423 376 ῥήμασι
445 341 598 377 τηλαυγῶς,
617 342 681 369 ἀλλ’
702 343 777 376 ὅμως
795 341 834 376 τῷ
851 341 909 376 βου-

121 386 227 421 λομένῳ
235 387 284 422 τῆς
296 388 418 422 γνώμης,
431 387 468 419 ὡς
484 387 598 420 ἔνεστιν,
612 388 640 414 ὲν
655 386 763 422 φανερῷ
779 387 908 422 προθείην

119 432 151 458 τὸ
164 432 267 459 δίκαιον
282 440 290 448 ⁸
306 433 427 468 δοίημεν,
453 434 490 465 ὡς
510 433 721 468 ὲδικαιολογήσω
738 433 801 468 περὶ
824 433 908 459 Σουα-

118 475 191 508 νίας,
207 477 257 511 τὴν
271 477 400 512 ἀλήθειαν
425 477 512 509 οὕτως
527 478 608 514 ἔχειν.
637 477 758 513 Λαζικὴν
775 477 824 513 μὲν
840 478 909 512 ἔχει·

119 523 264 557 ρωσάμην,
299 524 427 555 Σουάνοις
456 524 483 550 δὲ
510 524 570 550 οὐδὲ
599 524 813 559 προσέδαλον,ἦ
840 524 908 560 μόνῃ

117 568 187 603 ἀκοῇ
201 568 239 603 τῷ
253 569 297 596 τὸν
306 571 345 596 Ms
352 571 470 605 ρμερόην
482 571 548 605 ἡμῖν
559 572 692 606 σημῆναι,
712 571 750 602 ὡς
771 571 820 597 οὐκ
835 571 908 597 ἔστιν

117 613 258 648 ἀξιόλογος
273 615 333 641 οὐδὲ
349 617 402 650 μὴν
420 615 608 651 περιμάχητος
623 617 639 650 ὴ
655 615 740 651 χώρα,
754 615 815 642 οὐδὲ
826 608 908 650 ’βασι-

117 657 198 693 λικῆς
213 659 293 694 ἔργον
307 661 497 696 ἐκστρατείας,
509 660 573 688 ἀλλ’
584 661 613 687 ἓν
626 661 744 696 ὑπάρχει
757 662 810 687 τῶν
822 661 908 688 ὲθνῶν

115 703 174 731 τῶν
189 706 253 738 περὶ
268 705 312 731 τὸν
326 706 482 738 Καύκασον,
498 707 545 733 καὶ
559 707 597 738 ὡς
620 706 712 741 ἔχουσι
736 706 905 742 βασιλίσκον,

117 751 168 778 καὶ
190 751 227 782 ὡς
241 753 255 778 ὁ
270 751 358 786 χῶρός
369 753 426 779 ἐστι
440 753 552 780 Σκυθῶν
567 753 694 789 πάροδος.
708 753 827 780 ’Δπεσίω
838 754 908 788 Μερ-

120 798 234 833 μερόης,
250 797 309 824 εἶτα
326 798 340 824 ὁ
353 798 515 834 Ναχόεργαν
529 799 540 814 ⁹
565 799 668 835 ὑπῆλθε
691 801 723 835 τῇ
740 800 906 836 στρατηγίᾳ.

119 843 243 878 Γέγραφε
264 844 355 870 τοίνυν
379 845 445 879 ἡμῖν
474 846 520 872 καὶ
533 845 614 877 αὐτὸς
641 845 690 872 οὐκ
721 846 809 877 ἄλλως
843 847 907 880 περὶ

118 889 219 921 αὐτῶν,
239 889 279 916 ὅτι
304 890 351 916 τοῦ
376 890 525 917 Καυκάσου
545 891 595 923 τὰς
611 891 766 927 ἀκρωρείας
790 891 905 924 οἰκοῦσι,

117 934 167 960 καὶ
194 934 234 961 ὅτι
254 935 275 950 ¹⁰
303 935 372 970 δῆτα
397 935 506 967 κλῶπές
523 945 553 962 τε
569 937 617 963 καὶ
641 936 836 972 λαφυραγωγοὶ
859 938 907 964 καί¹

117 979 244 1014 χαλεπῶν
255 980 275 996 ¹¹
287 981 376 1016 ἔργων
389 982 437 1008 καὶ
445 982 560 1009 ἀνοσίων
570 983 770 1018 καῦεστήκασιν
780 984 905 1019 ἐργάται.

125 1024 296 1060 Ἡσουλόμην
309 1024 355 1053 οὖν
370 1027 441 1053 κατὰ
459 1028 533 1062 σφῶν
551 1028 645 1055 ἐλάσαι
664 1029 818 1063 στρατείαν,
838 1030 862 1055 οἱ
876 1029 905 1056 δὲ

118 1071 379 1106 κατορῤωδήσαντες
409 1073 470 1100 ἀντὶ
493 1073 618 1101 Σουάνων
643 1074 768 1108 ἐγένοντο
789 1073 904 1109 Πέρσαι.

124 1115 168 1148 Ὧς
184 1115 343 1152 εἶναιδῆλον
356 1119 482 1147 ἐντεῦθεν
496 1120 608 1155 ἀνήκειν
622 1129 667 1155 μοι
676 1121 726 1156 τὴν
739 1119 841 1155 χώραν,
858 1121 905 1146 καὶ

118 1161 191 1196 ἔχειν
207 1162 257 1189 οὐκ
274 1163 420 1198 ἀρνοῦμαι.
435 1165 489 1191 Καὶ
508 1165 597 1192 τοίνυν
612 1165 737 1199 δηλοῦσιν
754 1165 905 1192 ὑπακούον-

117 1216 164 1240 τες
178 1209 244 1244 ἡμῖν
259 1209 450 1244 ἁσμενέστατα
463 1211 502 1246 τῷ
517 1212 563 1238 καὶ
576 1213 632 1243 τοῖς
651 1211 754 1243 δούλοις
773 1212 905 1247 ἄρχεσθαι

119 1254 174 1284 τοῖς
187 1254 275 1288 ἡμῶν.
291 1254 400 1289 ’Δμέλει
419 1256 466 1283 καὶ
485 1255 533 1283 τοῦ
547 1256 596 1292 Ζὶχ
613 1257 641 1283 tv
657 1257 803 1292 γράμμασι
820 1257 906 1292 δηλώ-

120 1307 227 1332 σαντος,
246 1299 284 1331 ὡς
312 1300 442 1335 Ῥωμαῖοι
462 1302 592 1329 Σουανίαν
619 1302 777 1337 ἐπιζητοῦσι
800 1302 904 1336 λαϐεῖν,

118 1345 245 1372 τοσοῦτον
257 1346 398 1382 πόρρωθεν
417 1347 510 1382 ᾠήθην
525 1347 596 1382 ὑμᾶς
608 1347 653 1374 τοῦ
669 1347 776 1374 δικαίου
807 1348 903 1383 φῆσαι,

117 1389 233 1417 καθόσον
258 1391 288 1417 οὐ
317 1391 432 1426 πλησίον
460 1392 593 1427 ἐγενόμην
620 1392 667 1419 τοῦ
693 1391 834 1419 πείθεσθαι
865 1392 904 1427 τῷ

116 1435 265 1470 παραλόγῳ
275 1436 323 1471 τῆς
335 1436 428 1471 ἀκοῆς.
441 1437 514 1472 Πλὴν
525 1438 714 1474 ἡττηθήσομαι
724 1438 770 1464 τοῦ
779 1437 902 1471 δυνατοῦ,

960 210 1051 232 servat
1065 210 1092 232 et
1103 210 1224 240 praestat.
1243 205 1423 239 Quamobrem
1440 206 1524 233 nolim
1546 206 1598 233 hoc
1620 207 1685 234 mihi
1702 208 1745 234 vi-

961 251 1066 285 tuperio
1077 251 1146 284 dari,
1162 259 1178 278 o
1193 251 1374 279 Romanorum
1393 251 1490 286 legate,
1503 252 1525 278 si
1543 259 1603 286 ego,
1616 252 1660 286 qui
1671 259 1687 278 a
1697 261 1743 279 ne-

960 296 1032 323 mine
1040 296 1132 330 didici,
1148 297 1195 324 tibi
1214 305 1267 324 non
1282 298 1471 332 persuadeam,
1486 297 1531 332 qui
1551 298 1745 331 philosophicis

960 342 1110 377 disciplinis
1136 344 1203 370 adeo
1227 343 1373 370 innutritus
1396 347 1424 370 et
1449 343 1567 370 imbutus
1596 344 1689 377 fueris,
1717 349 1745 370 nt

959 387 1084 414 oratione
1095 388 1264 422 superiorem
1279 394 1340 415 esse
1348 388 1477 415 didiceris
1494 397 1501 415 :
1518 393 1604 415 tamen
1614 394 1745 423 quantum

959 431 986 458 in
1004 439 1047 458 me
1067 432 1129 465 erit,
1145 432 1196 458 etsi
1219 440 1272 459 nott
1295 432 1431 459 luculento
1448 432 1590 460 verborum
1617 433 1745 464 artiﬁcio.

958 484 990 504 ex
1007 477 1089 503 animi
1109 477 1160 503 tnei
1182 477 1316 504 sententia
1333 478 1403 512 quod
1423 477 1524 512 justum
1549 482 1592 505 est
1609 486 1743 513 promam.

960 523 1070 554 Demus,
1088 523 1121 550 de
1145 523 1244 550 Suania
1268 529 1294 551 te
1310 531 1372 551 vera
1397 524 1511 555 dixisse,
1534 529 1562 551 et
1572 525 1608 551 ita
1636 532 1666 552 se
1687 533 1744 552 rem

960 569 1058 596 habere
1075 578 1081 596 :
1100 575 1127 596 at
1141 569 1266 597 Lazicam
1279 570 1350 597 bello
1363 570 1473 603 subegi;
1488 569 1592 597 Snanos
1607 578 1744 605 nunquam

959 613 1030 641 bello
1045 615 1157 649 appetii.
1175 614 1238 642 Solo
1258 615 1350 642 auditu
1370 623 1383 641 a
1405 614 1554 642 Mertneroe
1575 616 1678 650 accepi,
1699 616 1744 650 qui

960 660 1132 694 signiﬁcavit,
1146 661 1283 694 regionem
1299 668 1349 687 non
1366 667 1425 687 esse
1441 660 1548 694 dignam
1561 665 1653 687 nostra
1667 667 1744 693 cura,

960 712 1046 739 neque
1070 712 1120 740 ιιι-ο
1143 713 1196 740 qua
1226 709 1401 736 certaremus,
1420 711 1506 738 neque
1533 711 1622 739 regem
1650 704 1746 731 decere

960 751 1022 778 huic
1043 755 1122 777 terra:
1144 750 1243 777 bellum
1265 749 1377 779 inferre.
1403 749 1482 785 145
1497 749 1582 776 Sitam
1597 757 1657 777 esse
1674 749 1747 777 inter

960 803 1005 823 eas
1020 803 1125 831 gentes,
1143 804 1203 831 quae
1220 795 1292 824 circa
1312 797 1461 823 Caucasum
1478 796 1615 829 habitant,
1644 797 1744 824 habere

959 843 1092 876 regulum,
1121 848 1148 870 ct
1175 850 1236 870 esse
1267 843 1408 869 transitum
1427 842 1600 877 Scytharum.
1623 843 1744 870 Decessit

959 887 1140 920 MermeroesI
1172 888 1433 915 administrationem
1460 888 1597 916 exercitus
1626 889 1745 924 suscepit

957 932 1144 969 Nachoergan.
1177 934 1293 968 Scripsit
1327 934 1371 961 ille
1397 934 1474 961 nobis
1502 935 1596 962 eadem
1612 943 1619 961 :
1638 933 1744 962 Suauos

955 979 1018 1014 jnga
1048 979 1162 1007 Caucasi
1181 980 1326 1012 habitare,
1356 987 1416 1007 esse
1442 979 1570 1012 latrones,
1592 980 1743 1014 prmdarum

957 1025 1099 1053 abactores
1117 1030 1145 1052 et
1157 1032 1385 1060 quorumcumque
1399 1025 1523 1060 gravium
1540 1030 1566 1052 et
1585 1025 1743 1053 immanium

957 1070 1088 1097 scelerum
1118 1075 1280 1105 patratores.
1304 1071 1498 1099 Constituimus
1523 1071 1653 1099 adversus
1684 1071 1744 1099 illos

955 1115 1104 1143 exercitum
1116 1116 1234 1149 mittere,
1243 1115 1290 1143 sed
1304 1115 1394 1143 subito
1402 1120 1473 1142 metu
1483 1115 1615 1149 compulsi
1626 1122 1659 1143 ex
1673 1115 1744 1142 Sua-

957 1161 998 1188 nis
1011 1161 1099 1189 Persa:
1118 1161 1180 1189 facti
1198 1166 1260 1189 sunt
1277 1170 1284 1188 :
1300 1162 1369 1188 unde
1388 1161 1455 1188 satis
1466 1167 1588 1196 apertum
1607 1166 1658 1195 est,
1673 1162 1742 1188 hanc

957 1206 1092 1240 regionem
1109 1206 1135 1232 in
1151 1211 1243 1234 nostra
1260 1211 1393 1240 potestate
1403 1213 1474 1238 esse,
1488 1212 1515 1233 et
1525 1213 1585 1233 eam
1595 1213 1638 1233 me
1651 1212 1744 1234 tenere

956 1253 1067 1279 minime
1079 1253 1194 1280 inﬁcior.
1204 1252 1259 1280 Nec
1265 1252 1410 1280 obscurum
1419 1258 1470 1286 est,
1487 1253 1545 1280 illos
1554 1252 1632 1279 nobis
1641 1252 1743 1279 lubenti

956 1298 1047 1325 animo
1062 1304 1165 1332 parere,
1181 1303 1209 1325 et
1222 1298 1346 1325 anostris
1361 1297 1449 1325 servis
1464 1298 1530 1333 regi.
1541 1297 1683 1325 Postremo
1698 1297 1743 1324 Zi-

955 1345 1022 1372 chus
1031 1351 1081 1371 nos
1089 1352 1137 1379 per
1144 1344 1250 1372 litteras
1258 1345 1388 1372 certiores
1394 1343 1467 1377 fecit,
1477 1343 1614 1371 Romanos
1622 1349 1744 1378 repetere

956 1390 1097 1422 Suaniam,
1110 1391 1138 1417 in
1152 1397 1205 1425 quo
1218 1394 1272 1418 tam
1288 1390 1368 1424 longe
1383 1398 1431 1417 vos
1445 1389 1478 1417 ab
1488 1397 1529 1423 eo,
1546 1390 1616 1424 quod
1637 1390 1739 1423 justum

955 1441 1022 1468 erat,
1038 1435 1178 1463 discedere
1190 1436 1354 1468 existimavi,
1368 1440 1498 1470 quantum
1515 1435 1587 1462 abl‘ul
1600 1442 1614 1462 a
1632 1435 1683 1462 [ide
1697 1435 1744 1462 ad-

117 1480 233 1508 καθόσον
247 1482 366 1517 οίηθείην
390 1483 414 1498 ¹¹’
428 1483 613 1518 περιέσεσθαι,
644 1484 681 1519 μὴ
704 1484 765 1519 οὐχὶ
779 1483 866 1511 ταύτὰ
880 1483 901 1499 ¹³

956 1481 1071 1509 hibenda
1089 1481 1141 1512 Itis,
1157 1489 1217 1516 qua:
1246 1481 1280 1508 ad
1308 1488 1350 1508 tne
1364 1486 1459 1508 contra
1483 1482 1614 1508 rationem
1640 1479 1744 1508 defere-

118 1529 226 1562 φρονείν
239 1527 279 1563 τῷ
293 1527 345 1554 καθ
354 1529 361 1539 '
374 1529 446 1563 ὑμᾶς
465 1529 597 1564 βασιλεῖ.»

960 1529 1070 1556 hantur.
1100 1525 1152 1554 Sed
1168 1527 1272 1558 cedatn,
1293 1531 1424 1560 quantutn
1449 1526 1506 1553 ﬁeri
1529 1530 1628 1561 potest,
1651 1533 1744 1553 rerum

118 1574 286 1608 necessitati,
309 1581 461 1608 quanquam
485 1583 526 1602 tne
551 1575 684 1603 victurum
699 1583 760 1604 esse
770 1583 940 1611 speraveram
953 1573 1096 1609 quominus
1111 1581 1126 1599 ιι
1142 1579 1204 1606 rege
1218 1575 1308 1599 vestro
1323 1571 1491 1600 dissentiam.
1512 1581 1522 1597 ι

152 1619 261 1651 Ταύτας
284 1620 418 1655 δήπουθεν
443 1621 528 1653 αὑτὰς
552 1621 693 1658 ἀπεκύησε
720 1622 762 1657 τῷ
788 1622 826 1657 νῷ
852 1623 903 1654 τὰς

75 1685 82 1693 ι
118 1665 221 1697 ἑννοίας
241 1666 256 1692 ὸ
268 1666 381 1701 Περσῶν
396 1666 533 1701 βασιλεὺς,
567 1668 614 1694 καὶ
629 1668 658 1694 ἐν
670 1668 776 1700 τούτοις
797 1669 810 1695 ὁ
824 1667 903 1701 λόγος

117 1710 252 1737 ἐπέπαυτο
261 1711 327 1746 πρὸς
340 1710 426 1746 βραχὺ
439 1712 504 1747 περὶ
512 1712 644 1744 Σουανίας
656 1712 802 1748 σύτῷ.Καὶ
814 1711 901 1745 αὖθις,

117 1755 211 1791 ὥσπερ
222 1757 250 1782 ἐν
268 1756 450 1792 μεταξυλογίᾳ
462 1758 526 1790 τινὶ,
542 1759 606 1793 περὶ
624 1758 749 1794 ’Λμσρου
761 1758 807 1785 τοῦ
825 1758 904 1784 Ἀλα-

119 1801 268 1837 μουνδάρου
297 1801 345 1828 τοῦ
367 1802 527 1837 Σαρακηνοῦ
555 1803 727 1839 διελεγέσθην
747 1803 840 1838 amo),
855 1803 902 1830 τοῦ

119 1846 250 1880 βασιλέως
266 1847 337 1873 οὕτω
367 1856 425 1879 πως
454 1848 608 1883 ἀρξαμένου
629 1870 636 1876 .
660 1859 670 1874 ι
705 1850 719 1876 ὁ
739 1849 806 1876 καθ’
829 1850 904 1885 ἡμᾶς

118 1892 239 1926 ’Λμϐρος
249 1893 263 1919 ὁ
271 1893 428 1928 Σαρακηιιὺς
435 1894 483 1928 οὐχ
493 1893 591 1929 ἥκιστα
599 1895 784 1930 ἐπιμέμφεται
792 1896 831 1930 τῷ
842 1896 901 1930 Ζὶχ,

117 1937 163 1964 καὶ
179 1937 314 1974 καταϐοὴν
332 1938 354 1954 ⁸⁵
382 1941 529 1975 πεποίηται
554 1940 666 1976 τάνδρὸς
681 1941 731 1968 οὐκ
746 1941 901 1976 ἐλαχίστην,

117 1983 165 2009 ἅτε
179 1983 256 2010 οὐδέν
272 1992 299 2010 τι
310 1984 456 2020 ὀνήσαντός
471 1994 502 2019 γε
516 1985 608 2018 αὑτὸν,
621 1986 703 2021 ἡνίκα
719 1986 902 2022 ὲσπενδόμεοα

117 2028 153 2060 ὡς
178 2029 260 2063 ὑμᾶς.
278 2039 288 2056 ι
302 2031 358 2057 Καὶ
372 2031 387 2057 ὁ
401 2031 516 2066 Πέτρος,
533 2040 543 2057 ι
565 2031 609 2058 Ἐν
625 2032 712 2058 οὐδενὶ
735 2032 823 2068 χρόνῳ
844 2033 902 2060 πώ-

117 2083 193 2108 ποτε,
222 2075 286 2110 εφη,
313 2078 394 2112 ῥητόν
422 2086 448 2103 τι
469 2077 581 2113 χρυσίον
603 2078 765 2113 ἐκομίσαντο
783 2080 815 2105 ἐκ
834 2079 901 2105 Ῥω-

119 2121 206 2155 μαίων
223 2122 246 2148 al
261 2122 329 2149 καθ’
345 2122 416 2156 ὑμᾶς
429 2123 450 2138 ’⁸
468 2123 633 2157 Σαρακηνοὶ,
650 2123 711 2150 οὕτε
726 2124 778 2159 μὴν
794 2124 902 2159 ἀνάγκῃ

115 2167 177 2198 τινὶ,
195 2166 256 2194 οὔτε
272 2167 341 2197 καθ’,
349 2168 495 2202 ὁμολογίαν
509 2168 571 2195 τινά
588 2177 595 2185 ·
617 2169 685 2196 ἀλλὰ
698 2170 766 2204 δῆτα
781 2171 794 2196 ό
810 2170 900 2206 πατὴρ

117 2212 240 2247 Ἀμσρου
262 2212 478 2250 ’Δλαμούνδαρος
497 2213 604 2240 ἔστελλε
615 2214 689 2249 δῶρα
702 2214 740 2250 τῷ
759 2214 901 2250 Ῥωμαίων

114 2257 305 2293 αὐτοκράτορι,
333 2258 381 2285 καὶ
408 2259 422 2285 ὃ
441 2267 473 2293 γε
494 2259 638 2294 δεχόμενος
662 2259 844 2295 ἀντεδωρεῖτό
864 2268 896 2294 γε
912 2252 940 2282 Ῑ)

114 2303 204 2331 αὐτόν.
221 2303 309 2338 Ὅπερ
317 2303 360 2338 ἐφ’
377 2304 485 2340 ἑκάστῳ
494 2304 610 2340 ὲνιαντῷ
620 2305 651 2332 τὸ
664 2305 765 2332 τοιόνδε
777 2305 899 2340 ἐγίγνετο

114 2349 247 2384 οὐδαμῶς,
263 2349 320 2376 ἀλλ’
342 2349 415 2376 ἔστιν
439 2351 484 2376 ὅτε
511 2351 557 2377 καὶ
582 2351 662 2377 πέντε
692 2351 899 2386 παρῳχημένων

114 2394 191 2421 ἑτῶν.
207 2394 292 2422 Τοῦτο
311 2395 378 2429 γοῦν
397 2395 514 2431 διεσώθη
529 2404 558 2422 τε
575 2395 623 2423 καὶ
641 2396 803 2432 διεφυλάχθη
820 2396 899 2423 ’Δλα-

116 2438 255 2473 μουνδάρῳ
279 2447 308 2465 τε
324 2439 370 2466 καὶ
395 2440 460 2474 ἡμῖν
489 2440 536 2466 ἐπὶ
549 2441 643 2475 χρόνον
670 2441 770 2476 ἥκιστα
796 2441 896 2476 ὀλίγον.

119 2482 309 2515 Ἑξεπίσταται
319 2484 347 2510 δὲ
361 2485 390 2510 τὺ
400 2486 533 2520 κρεῖττον,
544 2485 586 2512 ὃτι
599 2486 658 2521 οὐχὶ
672 2486 739 2521 δῆτα
754 2486 898 2521 ὲρρωμένα

115 2529 220 2565 φρονῶν
243 2530 271 2561 ἐς
296 2529 402 2565 Πέρσας
422 2530 456 2557 τὰ
475 2531 563 2557 τοιάδε
591 2531 728 2566 ἔπρασσεν
749 2532 897 2566 ’Λλαμούν-

113 2575 202 2612 δαρος.
234 2575 386 2611 Τοιγαροῦν
411 2575 604 2609 διεϐεϐαιοῦτο,
622 2577 670 2610 ὡς,
699 2578 722 2604 sl
745 2578 792 2604 καὶ
817 2578 897 2612 ὑμεῖς

962 1616 964 1618 ’
989 1619 1046 1646 Has
1071 1618 1154 1654 igitur
1176 1617 1356 1653 cogitationes
1378 1625 1393 1644 e
1416 1622 1507 1644 mente
1522 1625 1570 1645 sua
1585 1617 1678 1645 eﬂudit
1696 1626 1743 1646 rex

955 1664 1101 1692 Persarum
1125 1671 1133 1690 :
1160 1668 1188 1690 et
1205 1668 1260 1689 tum
1283 1663 1391 1697 paulum
1412 1662 1515 1697 quievit
1533 1663 1696 1698 disceptatio
1711 1666 1744 1691 de

955 1709 1070 1736 Suania.
1086 1708 1145 1735 Mox
1157 1712 1259 1739 autent,
1278 1707 1358 1734 veluti
1372 1708 1460 1734 medio
1477 1709 1593 1741 quodam
1608 1709 1744 1744 colloquio

955 1763 1048 1782 rursus
1073 1755 1106 1782 de
1129 1754 1232 1781 Ambro
1255 1753 1392 1781 Saraccno
1417 1754 1487 1781 inter
1503 1761 1550 1781 eos
1572 1760 1684 1782 exortus
1703 1761 1745 1783 est

954 1808 1053 1828 sermo.
1069 1799 1125 1827 Rex
1138 1799 1177 1826 sic
1189 1799 1289 1834 incl-pit
1305 1809 1312 1826 :
1327 1807 1336 1824 t
1347 1799 1397 1831 Qui
1413 1798 1480 1834 apud
1493 1807 1540 1825 nos
1553 1804 1594 1826 est
1613 1799 1742 1832 Ambrus,

955 1845 1129 1872 Alamundari
1153 1844 1238 1876 ﬁlius,
1265 1845 1431 1876 Saracenus,
1461 1851 1514 1871 non
1534 1851 1630 1879 parum
1660 1845 1744 1872 Zicho

955 1895 1109 1923 succenset,
1127 1898 1214 1925 neque
1230 1897 1340 1924 parvam
1356 1889 1494 1924 querelam
1510 1891 1543 1917 de
1558 1897 1591 1916 co
1613 1890 1742 1922 instituit,

953 1939 1024 1974 quod
1048 1938 1121 1966 illitis
1143 1937 1295 1964 rationibus
1318 1936 1481 1968 consulere,
1512 1943 1573 1963 cum
1599 1937 1669 1963 inter
1694 1945 1742 1963 nos

954 1992 1047 2020 pacem
1064 1984 1137 2016 fecit,
1155 1983 1341 2018 praetermisit.
1362 1991 1371 2008 ι
1391 1982 1423 2008 Ει
1437 1981 1547 2013 Petrus,
1567 1990 1577 2007 t
1595 1981 1674 2009 Nullo
1691 1989 1741 2009 un-

953 2036 1035 2064 quam
1063 2035 1194 2063 temporc,
1220 2028 1318 2062 inquit,
1349 2027 1488 2060 Sarucrni,
1520 2027 1566 2062 qui
1594 2027 1664 2062 apud
1694 2035 1742 2055 vos

953 2081 1027 2106 sunt,
1044 2080 1145 2102 certam
1159 2074 1217 2101 auri
1235 2081 1368 2101 summam
1382 2081 1396 2100 a
1414 2073 1542 2100 Romanis
1556 2072 1739 2100 abstulerunt.

953 2120 1010 2148 Nec
1031 2121 1103 2148 enim
1125 2120 1150 2147 id
1169 2124 1321 2147 nostrarum
1340 2126 1429 2146 rerum
1452 2120 1601 2147 necessitas
1623 2126 1740 2154 unquam

953 2167 1108 2203 postulavit,
1125 2174 1213 2201 neque
1231 2165 1310 2193 nobis
1334 2172 1395 2192 cum
1418 2165 1459 2192 his
1476 2165 1624 2200 quidquam
1639 2173 1739 2193 convc-

953 2217 1040 2240 nerat.
1061 2212 1113 2240 Sed
1132 2217 1207 2247 pater
1224 2210 1328 2243 Ambri,
1347 2210 1560 2244 Alamundarus,
1581 2211 1657 2239 misit
1669 2212 1738 2239 dona

952 2259 985 2286 ad
1001 2258 1183 2286 Romanorum
1199 2258 1408 2292 imperatorem:
1421 2256 1444 2284 is
1459 2263 1522 2283 eum
1537 2263 1568 2283 ea
1578 2257 1738 2292 accepisset,

954 2303 1072 2331 vicissim
1098 2311 1160 2330 eum
1178 2303 1258 2330 donis
1280 2307 1321 2330 est
1337 2306 1538 2335 remuneratus,
1559 2303 1632 2337 quod
1650 2307 1739 2330 tamen

954 2357 1115 2384 unoquoque
1140 2356 1210 2376 anno
1231 2355 1402 2384 nequaquam
1433 2348 1533 2375 factum
1549 2353 1599 2381 est,
1620 2348 1666 2376 sed
1688 2350 1740 2376 ali-

953 2396 1062 2430 quando
1076 2395 1265 2430 interpositum
1277 2399 1317 2422 est
1332 2394 1449 2429 spatium
1469 2395 1659 2428 quinquennii.
1683 2393 1738 2422 lloc

956 2441 1036 2476 igitur
1048 2441 1120 2468 inter
1134 2441 1346 2468 Alamundarum
1361 2444 1388 2467 et
1409 2447 1459 2468 nos
1473 2446 1630 2474 usurpatum
1645 2445 1672 2468 et
1688 2442 1738 2467 oh-

953 2491 1089 2513 servatum
1105 2491 1145 2514 est
1162 2494 1214 2514 non
1230 2486 1304 2513 brevi
1328 2491 1457 2521 tempore.
1473 2486 1544 2513 Deus
1562 2492 1651 2513 autem
1664 2488 1738 2514 ttOt'il

953 2531 1164 2559 Alamundarum
1180 2534 1230 2559 hoc
1249 2531 1355 2563 fecisse.
1378 2540 1439 2560 cum
1457 2533 1537 2560 rebus
1549 2533 1667 2561 Persicis
1685 2535 1737 2560 mi-

952 2577 1024 2604 nitne
1052 2577 1182 2605 studeret.
1210 2576 1378 2605 Conventum
1406 2579 1478 2606 enitn
1503 2578 1562 2611 fuit,
1586 2579 1609 2606 si
1636 2578 1736 2606 bellum

754 2653 869 2682 VARle
888 2653 1088 2682 LECTIONES.

154 2719 165 2767 ξ
177 2723 206 2767 αξ
223 2722 335 2767 adfluit
354 2759 360 2765 .
373 2723 630 2767 "rstappévovli.
641 2723 832 2767 tebpaupévo;
843 2725 957 2767 unum.“
1029 2725 1170 2767 περιεῖναι.
1180 2723 1233 2767 Ν,
1245 2723 1408 2767 εἴτεερξῖναι
1423 2726 1512 2767 vulg},
1531 2723 1602 2767 ᾗπερ
1617 2725 1733 2767 alvus".

113 2754 123 2770 ¹
137 2759 161 2784 εί
173 2759 211 2793 μὴ
220 2760 276 2790 τοῖς
290 2759 324 2794 Ην.
337 2758 395 2794 sip.)
404 2754 460 2789 τοῖς
471 2754 544 2794 vulg.
582 2760 592 2775 '
603 2754 769 2794 Ναχοραγὰῖι
785 2754 920 2794 Agathine:
936 2760 957 2775 ⁸⁸
973 2754 1049 2794 νῆ’δτι
1067 2754 1099 2786 Η.

312 2793 333 2809 ¹³
345 2793 428 2820 ταῦτα
439 2793 528 2828 ιἰιιςί
551 2794 573 2810 ³³
589 2793 724 2829 καταϐοὴν
737 2793 778 2826 IL,
795 2793 948 2830 καταϐολὴν
970 2793 1041 2829 vulg.

113 2794 186 2828 Θείην
199 2793 272 2828 vulg.

209 2841 344 2871 ΡΑτιιοι..
368 2840 426 2871 Gtt.
451 2840 562 2873 CXIII.

1152 2759 1176 2797 ‘i
1189 2759 1314 2797 χαλεπῶν
1329 2760 1372 2792 ΙΙ.,
1388 2759 1513 2796 χαλεπῶς
1530 2759 1603 2797 iutg.

1082 2795 1103 2809 ¹³
1119 2795 1194 2828 ἡμᾶς
1209 2795 1276 2829 vulg.

1644 2762 1664 2777 "
1679 2763 1736 2797 (ξπ,-

1541 2844 1580 2873 ~25
