1943 3072
194 119 255 151 875

613 112 812 144 EXCERP’I‘A
830 110 880 140 EX
896 109 1109 140 MENANDRO
1129 108 1375 138 PROTECTORE

1780 107 1834 140 876

202 178 296 201 contra
310 179 360 200 nos
378 171 527 203 moveritis,
543 174 571 196 ut
583 169 755 197 Alanmndari
769 170 844 196 ensis
859 169 988 195 adversus

1043 163 1157 198 πόλεμον
1184 164 1319 198 κινήσοιτε
1348 163 1409 189 καθ’
1435 162 1535 197 ἡμῶν,
1562 162 1775 199 ’Δλιιμουνδάρῳ
1801 171 1833 198 γε

203 218 395 254 rempublicam
433 217 582 244 Romanam
616 216 768 250 quiesceret
801 215 884 243 etab
915 214 988 242 omni

203 264 297 292 bellico
324 270 407 298 opere
435 261 563 289 immunis
587 266 670 288 esset.
700 261 762 288 lla'c
789 261 871 296 igitur
899 260 989 294 aliquo

203 313 325 342 tempore
349 307 491 334 durarunt.
516 305 594 333 Nunc
619 313 682 333 vero
705 306 788 332 lrater
814 309 885 335 tuus,
915 311 989 331 mens

203 354 338 385 dominus,
357 360 373 380 ο
388 360 446 384 rex,
463 352 621 388 prudenter,
636 352 744 386 opinor,
763 352 789 378 in
815 351 935 378 animmn
949 350 989 376 ia-

204 399 279 426 duxit
295 406 386 432 suum,
400 402 428 425 et
443 398 481 425 ait
499 407 506 424 :
527 398 556 424 Si
577 404 669 432 pacem
691 397 743 424 ista
765 397 818 424 duo
842 403 924 430 regna
941 395 990 422 ob-

204 448 321 474 servent.
334 442 398 478 quid
410 443 473 470 mihi
488 450 569 477 porro
584 441 713 476 proderit,
725 441 847 469 subditos
858 446 884 468 et
897 448 990 468 servos

203 489 347 516 Persarum
361 489 518 521 sollicitare,
531 492 559 515 ut
571 487 897 522 dominossuosprodant,
912 486 991 522 146

204 539 230 562 et
253 534 400 568 quidquam
424 533 476 561 illis
502 533 674 568 largiri,.aut
693 534 726 560 ab
745 533 797 560 illis
815 533 958 568 accipere?
977 542 987 559 ›

207 588 217 606 ι
241 579 270 606 Si
288 584 351 606 ante
366 586 470 613 pacem,
486 579 628 614 respondit
640 586 697 611 rex.
715 583 809 606 mutuo
826 578 915 606 missa:
927 583 990 605 sunt

204 624 361 660 legationes,
382 628 409 651 et
432 631 480 651 vos
506 624 621 651 invicem
638 623 717 651 donis
739 623 827 651 amice
854 623 987 655 coluistis,

205 670 332 697 existimo
348 669 473 696 inviolata
491 673 517 696 et
533 669 616 696 illtesa
635 676 793 703 permanere
808 668 916 699 debere,
929 675 989 702 qua:

206 715 278 741 inter
305 720 354 740 vos
373 718 434 740 sunt
459 713 533 748 prius
559 713 717 740 constituta.
735 721 744 738 ›
768 711 814 739 llis
841 711 922 746 igitur
936 719 990 747 quo

206 766 282 786 suam
303 759 416 793 quisque
437 765 547 785 causam
563 757 598 785 de
621 757 721 784 Ambro
752 761 882 788 tueretur,
908 763 990 791 argu-

208 804 306 831 mentis
323 804 362 831 usi
380 807 443 831 sunt
459 811 467 830 :
484 803 582 830 deinde
599 810 693 830 rursus
713 803 782 829 inter
797 809 826 830 se
839 803 872 829 de
889 802 989 829 Suania

207 849 413 881 contenderunt,
429 853 457 876 et
474 856 521 876 rex
537 848 604 875 dixit
618 857 625 875 :
644 857 654 874 ι
671 847 739 875 Cum
755 850 883 882 occupavi
907 847 991 874 Scen-

208 897 254 923 des
269 917 276 928 ,
309 895 409 931 Serapa
437 900 463 922 et
492 895 617 923 Lazicam
633 916 640 929 ,
663 900 719 923 tum
741 895 790 930 ipsi
815 895 917 930 negatis
943 902 992 922 nos

208 942 334 969 Suaniam
375 948 483 975 quoque
516 940 566 968 sub
601 945 693 967 nostra
726 940 827 967 ditione
855 939 990 966 habuisse.

208 987 246 1014 Es
270 994 323 1021 quo
347 991 469 1021 apparet,
495 993 555 1013 eam
577 993 714 1020 numquam
740 985 888 1019 subjectam
910 984 993 1011 fuisse

208 1032 298 1060 Lazis.
316 1031 345 1059 Si
360 1032 431 1059 enim
448 1032 486 1059 ita
500 1039 529 1059 se
543 1039 586 1059 res
596 1030 746 1064 habuisset,
763 1038 813 1058 una
825 1037 886 1058 cum
903 1030 991 1062 Lazis,

208 1079 308 1113 quippe
332 1078 377 1113 qui
406 1077 549 1112 iutperium
572 1077 631 1111 ejus
662 1080 796 1110 tenerent,
819 1076 847 1103 in
870 1081 991 1103 nostram

207 1128 370 1159 potestatem
393 1123 522 1151 venisset.
553 1132 563 1149 ι
588 1122 685 1150 Petrus
705 1127 799 1150 contra
826 1121 990 1156 respondit:

211 1177 222 1195 ι
243 1169 300 1197 Hoc
314 1169 416 1196 factum
436 1176 489 1196 non
511 1172 563 1200 est,
577 1167 639 1203 quia
654 1167 738 1195 Suani
751 1175 766 1194 a
781 1167 858 1194 nobis
873 1174 925 1193 nun
946 1166 993 1194 de-

209 1213 352 1245 fecerunt,
380 1213 610 1248 quemadmodum
637 1212 721 1245 Lazi,
750 1212 848 1247 quibus
879 1211 991 1245 subjecti

209 1264 297 1287 erant.
311 1259 367 1286 Hoc
383 1259 464 1293 igitur
478 1258 593 1290 alIirmo,
613 1265 706 1285 servos
723 1265 862 1285 servorum
885 1261 986 1284 nostro-

208 1313 269 1332 rum
279 1312 416 1339 nunquam
430 1312 442 1330 a
456 1304 533 1331 nobis
544 1303 701 1331 descivisse.
719 1312 729 1329 ι
744 1302 779 1330 At
793 1310 841 1330 rex
855 1312 863 1330 :
882 1311 892 1329 ι
908 1301 992 1330 Hodie

209 1351 397 1384 praeterierunt
411 1350 504 1377 decem
519 1349 593 1382 anni,
605 1357 638 1377 ex
653 1356 709 1384 quo
733 1349 862 1377 Suaniam
877 1355 991 1383 Occupa-

209 1397 307 1422 vimus.
333 1394 447 1430 Legatos
469 1395 568 1430 saepius
592 1403 607 1422 a
631 1395 709 1423 vobis
731 1394 898 1429 excepimus,
912 1398 939 1421 et
958 1394 991 1420 ad

209 1448 258 1468 vos
273 1441 404 1468 misimus.
427 1440 481 1468 Cur
496 1441 605 1467 tandem
623 1440 723 1467 nullam
741 1447 861 1474 unquam
875 1438 990 1466 mentio-

209 1493 270 1513 nem
286 1487 319 1512 de
327 1485 429 1512 Suania
443 1485 563 1513 fecistis?
575 1494 585 1511 ι
597 1499 633 1505 -
645 1493 654 1510 ι
673 1485 752 1518 Quia,
764 1484 859 1512 Petrus
874 1483 922 1516 ait,
938 1482 991 1510 La—
1003 1499 1026 1530 Ο

210 1530 282 1557 zices
297 1529 445 1557 dominium
468 1536 528 1556 eras
543 1530 664 1562 adeptus.
689 1528 794 1555 Etenim
817 1528 840 1556 si
861 1532 887 1555 te
905 1527 991 1555 adiis-

210 1583 277 1608 sem,
295 1580 323 1602 ut
339 1575 403 1601 mihi
418 1575 548 1602 Suaniam
561 1574 683 1607 cederes,
702 1581 824 1606 causam,
843 1581 892 1601 cur
906 1573 933 1601 id
953 1573 992 1600 l'a-

211 1628 307 1653 t-eres,
329 1621 542 1655 interrogasses';
558 1628 639 1655 quam
665 1620 686 1647 si
702 1620 875 1647 reddidissem
896 1628 904 1648 :
930 1620 991 1654 quia

211 1666 290 1693 Lazis
303 1670 345 1693 est
360 1665 468 1692 subdita
485 1673 493 1692 :
510 1665 551 1692 An
568 1665 657 1692 nescis
673 1672 715 1692 me
739 1663 841 1692 Lazicze
855 1665 991 1692 dominum

211 1709 334 1738 elfectum
357 1710 437 1738 esse?
462 1710 670 1744 respondisses,
700 1717 788 1744 neque
813 1709 891 1737 nobis
917 1709 994 1744 quid-

211 1766 291 1794 quam
317 1758 412 1793 reliqui
435 1758 542 1790 fuisset,
570 1757 641 1792 quod
664 1757 733 1784 ultra
753 1757 842 1792 eloqui
858 1757 993 1792 potuisse-

212 1811 280 1831 mus.
297 1813 307 1830 ι
325 1821 335 1824 ο
354 1813 363 1830 ι
383 1803 433 1831 Ain
449 1807 487 1835 tu,
505 1803 590 1838 inquit
605 1809 663 1833 rex,
679 1801 808 1829 Suaniam
823 1801 902 1829 Lazis
911 1801 994 1829 fuisse

211 1847 359 1882 subiectam
368 1847 379 1874 ?
389 1847 445 1874 Hoc
458 1847 480 1874 si
494 1852 520 1874 tu
533 1846 630 1874 tabulis
642 1846 748 1880 scriptis
759 1852 872 1880 pronare
880 1845 991 1880 poteris,

210 1894 368 1930 impetrabis
382 1893 454 1928 quod
465 1893 566 1928 justum
585 1897 636 1920 est.
661 1902 670 1918 ι
699 1892 733 1919 Ει
750 1893 846 1920 Petrus
862 1901 869 1919 :
889 1901 899 1918 ι
917 1892 994 1920 Haud

210 1939 368 1966 euuctabor.
386 1939 493 1966 Docebo
509 1944 534 1965 te
548 1946 650 1966 verum.
663 1937 746 1966 Vetus
764 1945 833 1970 mos,
843 1945 860 1965 ο
875 1937 994 1969 domine,

210 1983 338 2016 obtinuit,
352 1983 422 2018 apud
438 1983 525 2010 Lazos
542 1983 617 2010 liicce
635 1991 642 2010 :
665 1990 726 2009 cum
740 1981 849 2010 Suaniai
862 1982 916 2009 dux
929 1982 994 2009 sub-

210 2033 282 2055 esset
307 2028 390 2060 Lazo,
407 2029 479 2055 inter
501 2028 560 2060 bos,
584 2027 631 2062 qui
653 2027 691 2054 illi
716 2027 814 2054 tributa
831 2026 994 2061 pendebant,

209 2074 342 2108 ascriptus
365 2077 432 2101 erat.
465 2073 644 2107 Quamobrem
670 2073 758 2100 Lazus
784 2072 933 2110 accipiebat
962 2071 995 2099 ab

210 2119 269 2155 ipso
284 2118 399 2150 fructus,
419 2119 508 2151 mella,
531 2119 614 2154 pelles
625 2123 652 2147 et
665 2119 716 2146 alia
732 2118 865 2152 quaedam.
882 2117 995 2150 Quando

1041 208 1182 243 ἄπρακτος
1204 217 1234 234 τε
1256 209 1302 234 καὶ
1318 207 1498 243 ἀνενέργητος
1516 207 1593 234 ἔσται
1611 209 1628 244 ἡ
1647 208 1771 244 μάχαιρα
1784 210 1833 244 τῆς

1045 252 1189 288 Ῥωμαίων
1202 252 1279 279 ἕκατι
1294 252 1430 283 πολιτείας
1453 252 1545 278 Ταῦτα
1558 252 1607 287 μὲν
1620 251 1666 279 οὖν
1681 254 1727 279 ὲπί
1737 262 1799 280 τινα
1812 254 1833 269 ⁵⁸

1040 299 1146 333 διέμενε
1159 298 1264 333 χρόνον.
1280 298 1338 325 Νῦν
1349 299 1377 325 δὲ
1395 299 1409 325 ό
1434 297 1480 330 σὸς
1496 298 1546 332 μὲν
1560 298 1684 333 ἀδελφὸς,
1697 299 1834 334 δεσπότης

1040 343 1068 369 δὲ
1079 343 1153 378 ἐμὸς,
1163 343 1240 370 ἔθετο
1263 345 1292 370 ὲν
1304 343 1342 378 νῷ
1355 342 1564 378 ἐμφρονέστατα
1578 340 1695 378 οἷμαι,ὦ
1709 343 1832 379 βασιλεῦ,

1041 386 1092 423 ἔφη
1109 395 1138 414 τε
1156 407 1163 420 ,
1180 387 1228 420 ὡς,
1246 387 1270 413 εἰ
1299 386 1415 422 βεϐαίως
1439 387 1494 421 ἔχει
1521 386 1555 413 τὰ
1580 387 1765 422 πολιτεύματα
1783 387 1836 422 τὴν

1040 433 1162 467 εἰρήνην,
1181 431 1207 458 τι
1224 432 1324 467 δήποτε
1341 431 1394 467 ἄρα
1419 432 1592 466 λυσιτελήσει
1608 441 1652 466 μοι
1667 433 1715 459 τοῦ
1737 432 1832 462 λοιποῦ

1041 478 1172 513 ὑπηκόοις
1199 486 1229 504 τε
1247 479 1293 504 καὶ
1315 477 1420 509 δούλοις
1439 478 1679 514 προσφθέγγεσοαι
1707 479 1833 512 Περσῶν,

1040 523 1077 554 ὼς
1088 523 1120 550 ἂν
1129 524 1324 559 καταπρόοιντο
1337 523 1359 539 ¹⁷
1372 523 1426 550 τῶν
1438 525 1614 559 κεκτημένων
1623 524 1657 551 τὰ
1669 520 1833 559 πράγματα,

1041 569 1124 604 ἤγουν
1142 569 1263 605 πορίζειν
1275 578 1300 596 τι
1315 569 1406 601 αὐτοῖς
1418 569 1435 604 ἢ
1448 570 1607 604 πορίζεσθαι
1623 571 1698 606 παρὰ
1714 571 1802 605 agdn;
1821 579 1830 595 ι

1044 623 1054 640 ι
1069 614 1101 640 Ei
1116 615 1169 649 πρὸ
1181 614 1229 649 τῆς
1248 615 1369 649 εἰρήνης,
1389 624 1398 640 ν
1418 614 1509 648 ἔλεξεν
1525 616 1539 642 ὁ
1553 615 1690 650 βασιλεὺς,
1705 616 1829 647 νὲκατὲ-

1037 659 1128 695 ρωθεν
1150 659 1304 687 ἐστέλλοντο
1321 660 1466 696 πρεσϐεῖαι
1482 661 1529 687 καὶ
1556 660 1711 695 ἁμοιόαίοις
1740 660 1834 694 ὲφιλςρ

1041 705 1186 740 φρονεῖσθε
1210 705 1307 741 δώροις
1329 705 1471 740 ἀλλήλους,
1491 706 1592 741 χρῆναι
1618 705 1694 741 οἶμαι
1719 707 1830 741 aspecta

1041 747 1110 776 εἶναι
1128 750 1162 777 τὰ
1179 751 1230 777 ὅσα
1254 751 1385 786 ἑστέρχθη
1409 751 1461 787 πρὸ
1476 751 1533 778 τοῦ.
1550 761 1559 777 ι
1580 751 1698 783 Ταύταις
1721 752 1771 786 μὲν
1785 752 1834 778 οὖν

1041 795 1136 828 αὐταῖς
1158 797 1206 823 καὶ
1220 796 1284 831 περὶ
1309 797 1434 832 Ἀμὸρου
1456 798 1517 828 ταῖς
1540 797 1733 831 δικαιολογίαις
1747 798 1834 832 ἐχρη-

1043 841 1156 876 σάσοην,
1169 842 1216 868 καὶ
1230 840 1308 874 αὖθις
1317 842 1520 876 ἀντελογίζοντο
1534 843 1598 878 περὶ
1609 843 1749 874 Σουανίας.
1760 843 1789 869 ’0
1804 843 1833 868 δὲ

1044 888 1170 923 βασιλεὺς
1188 886 1282 915 εἶπενο
1303 898 1312 914 ι
1338 888 1474 923 Ὀπηνίκα
1499 888 1586 922 ἔγωγε
1614 889 1834 922 παρεπηςὰμην

1044 934 1167 965 Σκένδεις
1181 943 1211 960 τε
1221 934 1268 961 καὶ
1284 934 1399 969 Σαραπα
1413 934 1460 961 καὶ
1474 934 1606 969 Λαζικὴν,
1620 935 1699 969 ὑμεῖς
1714 935 1743 960 οὗ
1763 942 1831 967 φατε

1043 980 1084 1005 ὄτι
1102 979 1123 995 ¹⁸
1137 979 1288 1015 τηνικαῦτα
1302 979 1433 1006 Σουανίαν
1448 980 1476 1006 ὲν
1491 979 1619 1014 ὑπηκόων
1630 979 1716 1014 εῐχετε
1737 979 1832 1014 μοίρᾳ.

1044 1025 1160 1052 Εὔδηλον
1176 1025 1222 1053 οὖν
1236 1025 1369 1057 ἐντεῦθεν,
1393 1026 1432 1057 ὡς
1456 1025 1506 1052 οὐκ
1527 1025 1674 1060 ἐτύγχανον
1688 1027 1762 1057 ὄντες
1780 1026 1834 1052 ὑπὸ

1043 1072 1158 1104 Λαζοὺς.
1172 1070 1211 1098 Ἦ
1233 1072 1287 1107 γὰρ
1298 1072 1330 1099 ἂν
1352 1072 1374 1088 ¹⁹
1391 1072 1438 1098 καὶ
1453 1072 1529 1098 αὐτοὶ
1547 1072 1593 1105 ξὺν
1610 1072 1668 1103 τοῖς
1685 1071 1833 1105 κρατοῦσιν

1043 1119 1108 1154 ἡμῖν
1139 1118 1347 1154 προεχώρησαν.
1364 1128 1376 1152 ρ
1401 1118 1430 1145 '0
1457 1118 1561 1153 Πέτρος
1585 1117 1638 1153 ἔφη
1665 1117 1831 1153 ἀμοιϐαδὸν-

1045 1171 1056 1188 ‹
1072 1162 1151 1189 τοῦτο
1178 1162 1208 1189 οὐ
1222 1162 1344 1196 γέγονεν,
1363 1161 1424 1188 ἐπεὶ
1453 1162 1466 1188 ὁ
1490 1162 1607 1193 Σουὰνος
1637 1162 1689 1188 οὐκ
1713 1161 1832 1196 ἀπέστη,

1043 1207 1114 1235 καθὰ
1137 1207 1269 1242 δήπουθεν
1289 1205 1319 1235 οὗ
1345 1207 1368 1223 ’⁸
1392 1206 1484 1238 δοῦλος
1505 1205 1538 1242 ἦν
1554 1207 1568 1234 ὁ
1588 1206 1687 1239 Λαζός.
1705 1208 1778 1241 Φημὶ
1790 1207 1831 1240 δὲ,

1042 1254 1080 1285 ὡς
1103 1254 1149 1280 τοῦ
1166 1254 1233 1280 καθ’
1247 1254 1320 1289 ἡμᾶς
1334 1253 1427 1280 δούλου
1444 1255 1458 1280 ὁ
1474 1253 1567 1285 δοῦλος
1583 1254 1734 1287 ἀφηνίασεν
1749 1254 1831 1280 οὖδα-

1045 1297 1113 1332 μῶς.
1131 1298 1286 1333 (Τήμερον,
1307 1306 1316 1323 ι
1329 1295 1405 1323 εἶπεν
1421 1297 1442 1313 ¹¹
1456 1297 1471 1323 ὸ
1493 1296 1637 1336 ᾕασιλεὺς,
1661 1305 1671 1322 ι
1693 1297 1757 1323 δέκα
1779 1298 1831 1333 ἢδη

1043 1343 1239 1378 παρῳχήκασιν
1262 1343 1398 1374 ἐνιαυτοὶ,
1426 1342 1457 1375 ἑξ
1485 1339 1516 1368 οὗ
1533 1342 1664 1369 Σουανίαν
1683 1342 1712 1369 ἐν
1729 1345 1832 1378 κατοχῇ

1043 1391 1212 1426 ἐποιήσαμεν
1226 1397 1232 1404 ·
1251 1389 1380 1425 πρέσϐεις
1404 1388 1534 1419 πολλάκις
1566 1388 1716 1423 ἐδεξάμεοά
1739 1396 1768 1414 τε
1785 1389 1834 1415 καὶ

1042 1435 1239 1470 ἐξεπέμψαμεν
1253 1435 1291 1467 ὡς
1310 1435 1462 1470 Ῥωμαίους
1477 1442 1484 1450 ·
1500 1434 1547 1461 καὶ
1558 1434 1585 1460 τί
1596 1433 1664 1469 δῆτα
1684 1435 1712 1466 ἐξ
1725 1435 1832 1461 ἐκείνου

1041 1481 1087 1508 τὸν
1100 1481 1237 1508 ὁντιναοῦν
1245 1481 1277 1508 οὗ
1289 1482 1452 1516 κεκινήκατε
1467 1481 1546 1515 λόγον
1555 1481 1635 1508 ἕνεκα
1646 1480 1777 1512 Σουανίας
1791 1490 1798 1513 ;
1819 1491 1828 1506 ι

1041 1542 1076 1548 -
1087 1537 1097 1554 ι
1108 1527 1217 1563 Ἐπειδὴ
1230 1528 1389 1563 τηνικαῦτα,
1402 1527 1510 1559 ἔλεξενό
1525 1527 1637 1562 Πέτρος,
1653 1527 1699 1554 καὶ
1710 1527 1833 1562 Λαζικῆς

1042 1574 1144 1610 Κύριος
1159 1575 1306 1610 ὲγεγὸνεις.
1322 1575 1378 1602 Καὶ
1401 1576 1481 1611 εἰπερ
1498 1574 1567 1610 ἔφην
1577 1583 1584 1591 ·
1602 1574 1640 1606 ὡς
1654 1575 1693 1601 δεῖ
1707 1575 1730 1590 ²¹
1743 1583 1834 1610 παρα-

1042 1619 1166 1654 χωρῆσαι
1184 1627 1230 1654 μοι
1243 1619 1385 1652 Σουανίας,
1406 1619 1552 1651 ἀντέλεξας
1570 1619 1602 1647 ἄν
1616 1628 1622 1635 ·
1641 1619 1712 1650 τίνος
1728 1619 1808 1654 χάριν
1822 1628 1830 1635 ·

1043 1666 1090 1692 καὶ
1109 1666 1187 1701 εἴπερ
1198 1665 1276 1698 αὖθις
1289 1666 1357 1702 ἔφην
1375 1674 1383 1683 ·
1399 1666 1461 1693 ἐπεὶ
1481 1665 1604 1702 Λαζικῆς
1615 1666 1673 1693 ἐστι
1686 1666 1831 1701 κατήκοος.

1042 1711 1182 1747 ἀπεκρίνω
1193 1719 1200 1726 ·
1217 1712 1278 1738 τινα
1294 1712 1349 1748 γὰρ
1376 1720 1406 1738 σε
1431 1711 1602 1747 γνωρίζομεν
1618 1711 1740 1747 Λαζικῆς
1755 1721 1762 1744 ;
1785 1713 1833 1739 καὶ

1044 1756 1137 1784 λοιπὸν
1146 1757 1270 1793 ἀντερεῖν
1286 1757 1395 1793 εἴχομεν
1404 1758 1434 1784 τὸ
1444 1758 1573 1793 παράπαν
1586 1758 1670 1786 οὐδέν.
1679 1767 1740 1784 »-ι
1747 1757 1833 1784 Τοῦτο

1044 1810 1106 1837 pm,
1115 1800 1192 1829 εἴπεν
1207 1802 1221 1828 ὸ
1237 1802 1374 1836 βασιλεὺς.
1387 1803 1428 1829 ὅτι
1437 1802 1552 1830 Σουανία
1560 1803 1657 1835 Λαζῶν
1665 1803 1717 1829 ὑπο
1729 1803 1832 1839 χείριος

1043 1845 1175 1883 imm-nep
1183 1848 1212 1874 ἐν
1218 1847 1378 1883 γράμμασιν
1388 1845 1475 1874 οἷόστε
1485 1846 1702 1883 εἶτεκμηριῶσαι
1711 1849 1738 1875 τὸ
1749 1849 1834 1875 τοιόν-

1043 1891 1084 1925 δε,
1101 1892 1203 1927 ἥκιστα
1219 1893 1357 1929 ἀποτεύξῃ
1371 1893 1418 1920 τοῦ
1433 1893 1550 1924 δέοντος.
1575 1903 1584 1920 ι
1605 1894 1660 1920 Καὶ
1678 1895 1692 1920 ὀ
1707 1895 1812 1929 Πέτρος
1824 1902 1830 1908 ·

1046 1947 1056 1964 ι
1073 1937 1110 1965 Οὔ
1126 1947 1152 1964 τι
1169 1938 1308 1974 μελλήσω,
1338 1939 1490 1972 ἀναδιδάξω
1515 1939 1543 1966 δέ
1562 1948 1590 1966 σε
1617 1940 1746 1975 τάληθές.
1767 1940 1831 1974 Ἀρ-

1044 1984 1120 2018 χαϊον
1133 1983 1204 2015 ἔθος,
1219 1983 1241 2010 ὦ
1254 1984 1383 2017 δέσποτα,
1397 1984 1457 2011 τότε
1473 1984 1608 2020 ἐκράτησε
1626 1982 1704 2020 παρὰ
1719 1986 1831 2018 Λαζοϊς.

1052 2027 1081 2054 '0
1098 2028 1228 2060 Σουανίας
1241 2028 1365 2069 ιήγεμὼν
1391 2029 1514 2063 ὑπήκουε
1541 2029 1580 2065 τῷ
1597 2029 1690 2065 Λαζῷ,
1706 2030 1754 2056 καὶ
1768 2030 1832 2057 ἀνά-

1044 2074 1167 2109 γραπτός
1183 2075 1206 2101 οι
1235 2074 1368 2109 ἐπεφύκει
1396 2075 1425 2106 ἐς
1440 2075 1636 2111 δασμοφορίαν.
1667 2076 1722 2102 Kal.
1740 2076 1831 2102 τοίνυν

1045 2118 1188 2160 Moagete
1206 2118 1270 2154 παρ’
1283 2118 1366 2146 αὑτοῦ
1381 2118 1395 2144 ὁ
1409 2119 1497 2150 Λαζδς
1510 2119 1633 2155 καρπούς
1651 2129 1680 2146 τε
1697 2119 1831 2155 μελιττῶν

210 2169 299 2192 autem
309 2165 417 2191 Suaniae
425 2164 548 2199 princeps
562 2165 614 2192 vita
624 2164 782 2196 excedebat,
790 2163 917 2199 suil‘ragio
925 2163 994 2197 ejus,

1048 2162 1094 2190 καὶ
1108 2162 1215 2199 δέρρεις
1227 2163 1274 2190 καὶ
1284 2163 1366 2199 ἕτερα
1377 2163 1454 2191 ἄττα.
1475 2164 1608 2199 Ὀπηνίκα
1619 2165 1646 2192 δὲ
1659 2163 1706 2192 οὖν
1721 2166 1736 2191 ὁ
1745 2165 1832 2192 Σουά-

209 2210 255 2244 qui
276 2209 354 2237 Lazis
368 2215 493 2244 praeerat,
511 2209 679 2245 eligebatur,
695 2209 740 2244 qui
756 2210 783 2236 in
798 2209 888 2236 locum
903 2208 994 2235 deiun-

209 2256 245 2283 cti
284 2254 403 2290 regionis
433 2254 694 2282 administrationem
727 2253 887 2288 susciperet.
918 2251 993 2279 Tunc

209 2300 342 2328 Lazorum
368 2299 511 2336 prtel'ectus
533 2300 631 2327 litteris
647 2300 835 2334 imperatorem
849 2297 992 2325 certiorem

210 2345 326 2373 faciebat
344 2346 376 2373 de
398 2345 441 2374 bis
466 2353 527 2380 quae
549 2348 706 2372 evenerant.
723 2344 756 2372 Et
774 2345 920 2378 imperator
943 2342 993 2370 La-

209 2391 274 2418 ziete
287 2390 415 2426 prafecto
441 2398 489 2425 per
501 2389 642 2426 epistolam
655 2389 768 2424 iubebat
783 2389 870 2423 ipsum
886 2389 994 2416 mittere

208 2437 325 2473 insignia
339 2437 508 2472 praefectum
525 2437 633 2465 Suania:
646 2437 689 2465 cui
708 2437 798 2468 vellet,
820 2436 899 2464 modo
921 2435 993 2463 Sua-

210 2491 261 2512 nus
275 2488 357 2512 esset.
386 2482 463 2516 Quod
488 2483 542 2518 jam
573 2491 589 2510 a
618 2488 738 2518 tempore
761 2482 910 2514 l‘lieodosii,
927 2482 992 2516 imp.

210 2530 307 2561 nostri,
325 2536 411 2564 usque
427 2528 461 2556 ad
479 2529 619 2561 l‘erosem,
639 2536 720 2556 avum
738 2534 870 2560 vestrum,
884 2533 911 2556 et
926 2527 994 2555 Leo-

210 2584 284 2610 nem,
299 2577 344 2611 qui
358 2576 428 2611 apud
445 2584 495 2604 nos
515 2577 668 2611 imperarit,
687 2576 810 2603 invaluit.
831 2584 840 2602 ι
861 2575 960 2603 Deinde
975 2583 990 2602 e

208 2623 353 2658 chlamyde
369 2623 465 2652 Petrus
486 2623 512 2651 in
539 2623 656 2650 medium
678 2623 787 2658 protulit
811 2622 940 2655 libe"um,
958 2622 985 2649 in

1047 2217 1091 2240 νος
1104 2209 1196 2244 ἄρχων
1224 2209 1342 2242 ἀπεῦίω,
1368 2210 1530 2245 ἐχειροτόνει
1547 2210 1561 2237 ὸ
1585 2212 1643 2243 τοῖς
1667 2212 1766 2244 Λαζοίς
1781 2212 1830 2246 ἐφ-

1047 2253 1133 2286 εστὼς
1151 2255 1174 2271 ’³
1186 2254 1232 2281 τὸν
1248 2254 1445 2289 διαφυλάξοντα
1459 2255 1506 2282 τοῦ
1521 2256 1702 2291 ἀποιχομένου
1717 2257 1766 2292 τὴν
1779 2258 1830 2293 ἁρ-

1047 2301 1107 2336 χήν.
1124 2300 1169 2327 Ἑν
1178 2300 1265 2337 τούτῳ
1276 2301 1439 2337 γράμμασιν
1454 2302 1555 2337 εχρῆτο
1565 2303 1602 2335 ὡς
1613 2303 1667 2329 τῶν
1688 2303 1832 2339 Ῥωμαίων

1048 2346 1237 2382 αὐτοκράτορα
1262 2346 1317 2373 τῶν
1336 2347 1547 2382 ξυμϐεϐηκότων
1573 2348 1654 2383 πέρι·
1672 2349 1720 2375 καὶ
1751 2349 1833 2381 αὐτὸς

1046 2392 1205 2427 ἁντιγράφῳ
1235 2385 1563 2428 δπιστολῇένεκελεύετό
1585 2394 1610 2420 oi
1636 2394 1775 2428 ἐκπέμψαι
1797 2395 1832 2422 τὰ

1048 2435 1170 2471 σύμῦολα
1184 2437 1234 2469 τῆς
1261 2436 1317 2463 ¹τῶν
1336 2437 1459 2464 Σουάνων
1473 2438 1620 2473 ἡγεμονίας
1637 2439 1690 2474 ὅτῳ
1706 2439 1755 2474 μὲν
1771 2438 1834 2473 βού-

1046 2481 1128 2514 λοιτο,
1141 2481 1249 2517 Σουάνῳ
1259 2481 1281 2508 δ’
1299 2481 1373 2516 ὅμως
1382 2481 1469 2516 ἀνδρί.
1482 2482 1568 2509 Τοῦτο
1579 2483 1628 2518 τὴν
1644 2483 1719 2518 ἰσχὺν
1736 2483 1833 2510 ἐλαὸεν

1048 2528 1080 2553 ὲκ
1098 2526 1150 2553 τῶν
1179 2526 1320 2553 Θεοδοσίου
1348 2527 1396 2554 τοῦ
1414 2527 1475 2554 καθ’
1491 2528 1564 2563 ἡμᾶς
1581 2528 1712 2564 βασιλέως
1728 2530 1834 2564 χρόνων

1050 2573 1130 2608 μέχρι
1157 2572 1275 2608 Περόξον
1293 2573 1340 2600 τοῦ
1357 2574 1490 2610 ὑμετέρου
1513 2574 1628 2601 πάππου
1653 2575 1701 2601 καὶ
1718 2575 1834 2603 Λέοντος

1049 2619 1096 2646 τοῦ
1114 2617 1175 2645 καθ’
1188 2619 1273 2653 ἡμᾶς.
1293 2628 1302 2645 ι
1320 2616 1387 2646 Εἶτα
1401 2620 1434 2646 ὲκ
1448 2619 1497 2654 τῆς
1512 2618 1647 2654 χλαμύδος
1663 2620 1676 2645 ὁ
1690 2619 1793 2654 Πέτρος
1804 2619 1834 2645 ὲν

856 2677 972 2706 ΥΑΠΙᾸΞ
985 2674 1186 2705 LECTIONES.

247 2736 268 2752 ⁸⁸
278 2744 340 2772 ⁴εινοι
354 2737 401 2770 H.,
415 2745 470 2764 τινι
483 2745 557 2772 vutg.
596 2737 616 2753 ’⁷
634 2737 832 2772 καταπρροιντο
859 2735 905 2768 ιι,
920 2735 1090 2772 κατὰΑπρόην
1107 2733 1232 2772 riguis.
1265 2733 1292 2772 _"
1322 2733 1363 2772 ὅτι
1377 2733 1535 2772 deest‘vulg.
1558 2719 1560 2721 Ι
1575 2733 1599 2772 "_
1617 2730 1636 2768 ἦ
1650 2731 1752 2772 γξρρν
1766 2732 1834 2772 Νκὴ

208 2771 262 2807 γὰρ
279 2768 313 2805 ἦν
329 2766 565 2807 γιιΙεί.τοιγαροῖῧν
580 2772 612 2799 H.
651 2772 674 2788 '°
688 2771 718 2798 οὗ
730 2766 777 2804 Νη
793 2766 903 2806 ὁνιιιςξ
929 2771 951 2786 ¹¹
971 2766 1048 2797 εἶπέν
1064 2766 1109 2801 Π.,
1132 2766 1300 2803 emes/vulg.
1339 2769 1361 2783 "
1377 2768 1418 2794 δεῖ
1442 2767 1486 2801 Ν.,
1504 2766 1532 2795 δὲ
1556 2766 1636 2803 vulg;
1666 2766 1689 2783 ²³
1707 2766 1832 2802 ὑφεστὼς

208 2805 280 2839 valg.
