  <div class='ocr_page' id='page_1' title='image "/cluster/home/n/w/nwhite01/storage/ocr_20150623/113/njp.32101077772968/495.png"; bbox 0 0 1943 3072; ppageno 0'>
   <div class='ocr_carea' id='block_1_1' title="bbox 184 130 241 161">
    <p class='ocr_par' dir='ltr' id='par_1_1' title="bbox 184 130 241 161">
     <span class='ocr_line' id='line_1_1' title="bbox 184 130 241 161; baseline 0 0"><span class='ocrx_word' id='word_1_1' title='bbox 184 130 241 161; x_wconf 70' lang='lat'><strong>879</strong></span> 
     </span>
    </p>
   </div>
   <div class='ocr_carea' id='block_1_2' title="bbox 627 123 1394 156">
    <p class='ocr_par' dir='ltr' id='par_1_2' title="bbox 627 123 1394 156">
     <span class='ocr_line' id='line_1_2' title="bbox 627 123 1394 156; baseline -0.003 0"><span class='ocrx_word' id='word_1_2' title='bbox 627 126 832 156; x_wconf 54' lang='lat' dir='ltr'><strong>EEXCERI’I‘A</strong></span> <span class='ocrx_word' id='word_1_3' title='bbox 849 125 898 154; x_wconf 77' lang='lat' dir='ltr'><strong>EX</strong></span> <span class='ocrx_word' id='word_1_4' title='bbox 915 123 1126 154; x_wconf 78' lang='lat' dir='ltr'><strong>MENANDRO</strong></span> <span class='ocrx_word' id='word_1_5' title='bbox 1144 123 1394 154; x_wconf 70' lang='lat' dir='ltr'><strong>PORTECTORE</strong></span> 
     </span>
    </p>
   </div>
   <div class='ocr_carea' id='block_1_3' title="bbox 1759 125 1814 156">
    <p class='ocr_par' dir='ltr' id='par_1_3' title="bbox 1759 125 1814 156">
     <span class='ocr_line' id='line_1_3' title="bbox 1759 125 1814 156; baseline 0.018 -1"><span class='ocrx_word' id='word_1_6' title='bbox 1759 125 1814 156; x_wconf 87' lang='lat'><strong>880</strong></span> 
     </span>
    </p>
   </div>
   <div class='ocr_carea' id='block_1_4' title="bbox 189 178 981 219">
    <p class='ocr_par' dir='ltr' id='par_1_4' title="bbox 189 180 973 219">
     <span class='ocr_line' id='line_1_4' title="bbox 189 180 973 219; baseline -0.008 -7"><span class='ocrx_word' id='word_1_7' title='bbox 189 190 262 219; x_wconf 85' lang='lat' dir='ltr'><strong>apto,</strong></span> <span class='ocrx_word' id='word_1_8' title='bbox 280 187 309 211; x_wconf 91' lang='lat' dir='ltr'><strong>ut</strong></span> <span class='ocrx_word' id='word_1_9' title='bbox 322 185 445 216; x_wconf 83' lang='lat' dir='ltr'><strong>magnum</strong></span> <span class='ocrx_word' id='word_1_10' title='bbox 462 181 646 216; x_wconf 85' lang='lat' dir='ltr'><strong>adjumentum</strong></span> <span class='ocrx_word' id='word_1_11' title='bbox 671 180 779 209; x_wconf 83' lang='lat' dir='ltr'><strong>aﬂ&#39;erret</strong></span> <span class='ocrx_word' id='word_1_12' title='bbox 795 180 828 207; x_wconf 90' lang='lat' dir='ltr'><strong>ad</strong></span> <span class='ocrx_word' id='word_1_13' title='bbox 843 181 973 207; x_wconf 81' lang='lat' dir='ltr'><strong>arcendos</strong></span> 
     </span>
    </p>
   </div>
   <div class='ocr_carea' id='block_1_5' title="bbox 1026 178 1814 219">
    <p class='ocr_par' dir='ltr' id='par_1_5' title="bbox 1026 178 1814 219">
     <span class='ocr_line' id='line_1_5' title="bbox 1026 178 1814 219; baseline 0.005 -15"><span class='ocrx_word' id='word_1_14' title='bbox 1026 179 1099 212; x_wconf 76' lang='grc' dir='ltr'>ὅμως</span> <span class='ocrx_word' id='word_1_15' title='bbox 1113 178 1140 205; x_wconf 81' lang='grc' dir='ltr'><strong>δὲ</strong></span> <span class='ocrx_word' id='word_1_16' title='bbox 1154 179 1314 219; x_wconf 72' lang='grc' dir='ltr'>ἐπιτηδείως</span> <span class='ocrx_word' id='word_1_17' title='bbox 1338 179 1436 213; x_wconf 76' lang='grc' dir='ltr'>ἔχουσα</span> <span class='ocrx_word' id='word_1_18' title='bbox 1456 179 1557 211; x_wconf 82' lang='grc' dir='ltr'>θέσεως</span> <span class='ocrx_word' id='word_1_19' title='bbox 1583 180 1612 212; x_wconf 81' lang='grc' dir='ltr'><strong>ἐς</strong></span> <span class='ocrx_word' id='word_1_20' title='bbox 1637 179 1672 206; x_wconf 77' lang='grc' dir='ltr'><strong>τὰ</strong></span> <span class='ocrx_word' id='word_1_21' title='bbox 1694 181 1814 215; x_wconf 70' lang='grc' dir='ltr'>μάλιστα</span> 
     </span>
    </p>
   </div>
   <div class='ocr_carea' id='block_1_6' title="bbox 189 225 972 260">
    <p class='ocr_par' dir='ltr' id='par_1_6' title="bbox 189 225 972 260">
     <span class='ocr_line' id='line_1_6' title="bbox 189 225 972 260; baseline -0.008 -2"><span class='ocrx_word' id='word_1_22' title='bbox 189 231 286 258; x_wconf 78' lang='lat' dir='ltr'><strong>Persas</strong></span> <span class='ocrx_word' id='word_1_23' title='bbox 308 229 342 256; x_wconf 86' lang='lat' dir='ltr'><strong>ab</strong></span> <span class='ocrx_word' id='word_1_24' title='bbox 366 227 523 255; x_wconf 87' lang='lat' dir='ltr'><strong>invadendis</strong></span> <span class='ocrx_word' id='word_1_25' title='bbox 553 227 712 254; x_wconf 81' lang='lat' dir='ltr'><strong>Colchorum</strong></span> <span class='ocrx_word' id='word_1_26' title='bbox 741 226 848 253; x_wconf 85' lang='lat' dir='ltr'><strong>finibus.</strong></span> <span class='ocrx_word' id='word_1_27' title='bbox 879 225 972 260; x_wconf 86' lang='lat' dir='ltr'><strong>Itaque</strong></span> 
     </span>
    </p>
   </div>
   <div class='ocr_carea' id='block_1_7' title="bbox 188 272 972 309">
    <p class='ocr_par' dir='ltr' id='par_1_7' title="bbox 188 272 972 309">
     <span class='ocr_line' id='line_1_7' title="bbox 188 272 972 309; baseline -0.006 -6"><span class='ocrx_word' id='word_1_28' title='bbox 188 276 315 306; x_wconf 83' lang='lat' dir='ltr'><strong>Joannes,</strong></span> <span class='ocrx_word' id='word_1_29' title='bbox 329 274 458 309; x_wconf 83' lang='lat' dir='ltr'><strong>Byzantio</strong></span> <span class='ocrx_word' id='word_1_30' title='bbox 471 272 617 308; x_wconf 85' lang='lat' dir='ltr'><strong>profectus,</strong></span> <span class='ocrx_word' id='word_1_31' title='bbox 633 279 695 300; x_wconf 91' lang='lat' dir='ltr'><strong>cum</strong></span> <span class='ocrx_word' id='word_1_32' title='bbox 712 272 828 304; x_wconf 82' lang='lat' dir='ltr'><strong>urbium,</strong></span> <span class='ocrx_word' id='word_1_33' title='bbox 844 279 892 306; x_wconf 90' lang='lat' dir='ltr'><strong>per</strong></span> <span class='ocrx_word' id='word_1_34' title='bbox 904 279 972 306; x_wconf 84' lang='lat' dir='ltr'><strong>quas</strong></span> 
     </span>
    </p>
   </div>
   <div class='ocr_carea' id='block_1_8' title="bbox 189 316 971 352">
    <p class='ocr_par' dir='ltr' id='par_1_8' title="bbox 189 316 971 352">
     <span class='ocr_line' id='line_1_8' title="bbox 189 316 971 352; baseline -0.005 -5"><span class='ocrx_word' id='word_1_35' title='bbox 189 321 240 347; x_wconf 92' lang='lat' dir='ltr'><strong>iter</strong></span> <span class='ocrx_word' id='word_1_36' title='bbox 252 319 289 348; x_wconf 93' lang='lat' dir='ltr'><strong>illi</strong></span> <span class='ocrx_word' id='word_1_37' title='bbox 305 323 374 350; x_wconf 86' lang='lat' dir='ltr'><strong>erat,</strong></span> <span class='ocrx_word' id='word_1_38' title='bbox 389 323 419 345; x_wconf 92' lang='lat' dir='ltr'><strong>ut</strong></span> <span class='ocrx_word' id='word_1_39' title='bbox 440 319 474 345; x_wconf 88' lang='lat' dir='ltr'><strong>ab</strong></span> <span class='ocrx_word' id='word_1_40' title='bbox 492 318 654 352; x_wconf 90' lang='lat' dir='ltr'><strong>imperatore</strong></span> <span class='ocrx_word' id='word_1_41' title='bbox 669 317 854 351; x_wconf 77' lang='lat' dir='ltr'><strong>praescriptum</strong></span> <span class='ocrx_word' id='word_1_42' title='bbox 872 316 971 349; x_wconf 79' lang='lat' dir='ltr'><strong>fueral,</strong></span> 
     </span>
    </p>
   </div>
   <div class='ocr_carea' id='block_1_9' title="bbox 189 361 972 398">
    <p class='ocr_par' dir='ltr' id='par_1_9' title="bbox 189 361 972 398">
     <span class='ocr_line' id='line_1_9' title="bbox 189 361 972 398; baseline -0.004 -7"><span class='ocrx_word' id='word_1_43' title='bbox 189 364 272 392; x_wconf 83' lang='lat' dir='ltr'><strong>multa</strong></span> <span class='ocrx_word' id='word_1_44' title='bbox 287 371 350 391; x_wconf 87' lang='lat' dir='ltr'><strong>cura</strong></span> <span class='ocrx_word' id='word_1_45' title='bbox 367 362 448 398; x_wconf 60' lang='lat'><strong>159</strong></span> <span class='ocrx_word' id='word_1_46' title='bbox 462 368 488 390; x_wconf 89' lang='lat' dir='ltr'><strong>et</strong></span> <span class='ocrx_word' id='word_1_47' title='bbox 498 362 634 397; x_wconf 90' lang='lat' dir='ltr'><strong>diligentia</strong></span> <span class='ocrx_word' id='word_1_48' title='bbox 650 362 729 389; x_wconf 81' lang='lat' dir='ltr'><strong>rebus</strong></span> <span class='ocrx_word' id='word_1_49' title='bbox 744 361 924 394; x_wconf 69' lang='lat' dir='ltr'><strong>subvenisset,</strong></span> <span class='ocrx_word' id='word_1_50' title='bbox 939 361 972 388; x_wconf 89' lang='lat' dir='ltr'><strong>ad</strong></span> 
     </span>
    </p>
   </div>
   <div class='ocr_carea' id='block_1_10' title="bbox 190 406 973 444">
    <p class='ocr_par' dir='ltr' id='par_1_10' title="bbox 190 406 973 444">
     <span class='ocr_line' id='line_1_10' title="bbox 190 406 973 444; baseline -0.006 -7"><span class='ocrx_word' id='word_1_51' title='bbox 190 409 275 437; x_wconf 81' lang='lat' dir='ltr'><strong>Duras</strong></span> <span class='ocrx_word' id='word_1_52' title='bbox 287 409 418 444; x_wconf 87' lang='lat' dir='ltr'><strong>pervenit.</strong></span> <span class='ocrx_word' id='word_1_53' title='bbox 436 407 492 435; x_wconf 73' lang='lat' dir='ltr'><strong>illic</strong></span> <span class='ocrx_word' id='word_1_54' title='bbox 507 414 583 442; x_wconf 71' lang='lat' dir='ltr'><strong>aqum</strong></span> <span class='ocrx_word' id='word_1_55' title='bbox 596 407 705 434; x_wconf 89' lang='lat' dir='ltr'><strong>ductum</strong></span> <span class='ocrx_word' id='word_1_56' title='bbox 725 406 902 434; x_wconf 84' lang='lat' dir='ltr'><strong>reficiendum</strong></span> <span class='ocrx_word' id='word_1_57' title='bbox 917 413 973 433; x_wconf 83' lang='lat' dir='ltr'><strong>eu-</strong></span> 
     </span>
    </p>
   </div>
   <div class='ocr_carea' id='block_1_11' title="bbox 190 451 972 489">
    <p class='ocr_par' dir='ltr' id='par_1_11' title="bbox 190 451 972 489">
     <span class='ocr_line' id='line_1_11' title="bbox 190 451 972 489; baseline -0.006 -7"><span class='ocrx_word' id='word_1_58' title='bbox 190 455 270 487; x_wconf 84' lang='lat' dir='ltr'><strong>ravit,</strong></span> <span class='ocrx_word' id='word_1_59' title='bbox 284 458 314 482; x_wconf 85' lang='lat' dir='ltr'><strong>et</strong></span> <span class='ocrx_word' id='word_1_60' title='bbox 326 461 402 489; x_wconf 64' lang='lat' dir='ltr'><strong>aqua:</strong></span> <span class='ocrx_word' id='word_1_61' title='bbox 417 452 586 488; x_wconf 89' lang='lat' dir='ltr'><strong>receptacula</strong></span> <span class='ocrx_word' id='word_1_62' title='bbox 597 452 725 484; x_wconf 89' lang='lat' dir='ltr'><strong>condidit,</strong></span> <span class='ocrx_word' id='word_1_63' title='bbox 741 456 768 479; x_wconf 86' lang='lat' dir='ltr'><strong>et</strong></span> <span class='ocrx_word' id='word_1_64' title='bbox 782 451 834 478; x_wconf 87' lang='lat' dir='ltr'><strong>alia</strong></span> <span class='ocrx_word' id='word_1_65' title='bbox 849 451 972 486; x_wconf 62' lang='lat' dir='ltr'><strong>quedam</strong></span> 
     </span>
    </p>
   </div>
   <div class='ocr_carea' id='block_1_12' title="bbox 189 497 974 535">
    <p class='ocr_par' dir='ltr' id='par_1_12' title="bbox 189 497 974 535">
     <span class='ocr_line' id='line_1_12' title="bbox 189 497 974 535; baseline -0.006 -7"><span class='ocrx_word' id='word_1_66' title='bbox 189 507 270 535; x_wconf 85' lang='lat' dir='ltr'><strong>opera</strong></span> <span class='ocrx_word' id='word_1_67' title='bbox 293 500 446 527; x_wconf 77' lang='lat' dir='ltr'><strong>necessaria</strong></span> <span class='ocrx_word' id='word_1_68' title='bbox 461 498 608 526; x_wconf 75' lang='lat' dir='ltr'><strong>exstruxit.</strong></span> <span class='ocrx_word' id='word_1_69' title='bbox 626 497 664 524; x_wconf 94' lang='lat' dir='ltr'><strong>lbi</strong></span> <span class='ocrx_word' id='word_1_70' title='bbox 679 505 725 532; x_wconf 88' lang='lat' dir='ltr'><strong>per</strong></span> <span class='ocrx_word' id='word_1_71' title='bbox 752 497 843 524; x_wconf 84' lang='lat' dir='ltr'><strong>decem</strong></span> <span class='ocrx_word' id='word_1_72' title='bbox 859 497 917 524; x_wconf 85' lang='lat' dir='ltr'><strong>dies</strong></span> <span class='ocrx_word' id='word_1_73' title='bbox 932 501 974 523; x_wconf 84' lang='lat' dir='ltr'><strong>est</strong></span> 
     </span>
    </p>
   </div>
   <div class='ocr_carea' id='block_1_13' title="bbox 190 541 974 578">
    <p class='ocr_par' dir='ltr' id='par_1_13' title="bbox 190 541 974 578">
     <span class='ocr_line' id='line_1_13' title="bbox 190 541 974 578; baseline -0.008 -5"><span class='ocrx_word' id='word_1_74' title='bbox 190 549 386 577; x_wconf 83' lang='lat' dir='ltr'><strong>commoratus,</strong></span> <span class='ocrx_word' id='word_1_75' title='bbox 405 543 538 578; x_wconf 84' lang='lat' dir='ltr'><strong>tantisper</strong></span> <span class='ocrx_word' id='word_1_76' title='bbox 552 543 614 570; x_wconf 91' lang='lat' dir='ltr'><strong>dum</strong></span> <span class='ocrx_word' id='word_1_77' title='bbox 637 541 721 569; x_wconf 87' lang='lat' dir='ltr'><strong>Nisibi</strong></span> <span class='ocrx_word' id='word_1_78' title='bbox 739 541 835 569; x_wconf 84' lang='lat' dir='ltr'><strong>festum</strong></span> <span class='ocrx_word' id='word_1_79' title='bbox 853 541 974 569; x_wconf 88' lang='lat' dir='ltr'><strong>celebra-</strong></span> 
     </span>
    </p>
   </div>
   <div class='ocr_carea' id='block_1_14' title="bbox 192 585 974 624">
    <p class='ocr_par' dir='ltr' id='par_1_14' title="bbox 192 585 974 624">
     <span class='ocr_line' id='line_1_14' title="bbox 192 585 974 624; baseline -0.008 -6"><span class='ocrx_word' id='word_1_80' title='bbox 192 585 267 618; x_wconf 81' lang='lat' dir='ltr'><strong>retur</strong></span> <span class='ocrx_word' id='word_1_81' title='bbox 283 594 310 618; x_wconf 85' lang='lat' dir='ltr'><strong>et</strong></span> <span class='ocrx_word' id='word_1_82' title='bbox 332 594 518 624; x_wconf 73' lang='lat' dir='ltr'><strong>perageretur.</strong></span> <span class='ocrx_word' id='word_1_83' title='bbox 542 587 606 615; x_wconf 60' lang='lat' dir='ltr'><strong>Haec</strong></span> <span class='ocrx_word' id='word_1_84' title='bbox 620 594 700 615; x_wconf 82' lang='lat' dir='ltr'><strong>causa</strong></span> <span class='ocrx_word' id='word_1_85' title='bbox 721 591 781 614; x_wconf 85' lang='lat' dir='ltr'><strong>erat</strong></span> <span class='ocrx_word' id='word_1_86' title='bbox 805 594 852 614; x_wconf 92' lang='lat' dir='ltr'><strong>cur</strong></span> <span class='ocrx_word' id='word_1_87' title='bbox 874 586 974 621; x_wconf 87' lang='lat' dir='ltr'><strong>legatio</strong></span> 
     </span>
    </p>
   </div>
   <div class='ocr_carea' id='block_1_15' title="bbox 191 631 974 669">
    <p class='ocr_par' dir='ltr' id='par_1_15' title="bbox 191 631 974 669">
     <span class='ocr_line' id='line_1_15' title="bbox 191 631 974 669; baseline -0.008 -5"><span class='ocrx_word' id='word_1_88' title='bbox 191 636 297 664; x_wconf 87' lang='lat' dir='ltr'><strong>admitti</strong></span> <span class='ocrx_word' id='word_1_89' title='bbox 320 643 372 663; x_wconf 92' lang='lat' dir='ltr'><strong>non</strong></span> <span class='ocrx_word' id='word_1_90' title='bbox 398 633 605 669; x_wconf 82' lang='lat' dir='ltr'><strong>poterat.&#39;Festo</strong></span> <span class='ocrx_word' id='word_1_91' title='bbox 619 638 740 668; x_wconf 86' lang='lat' dir='ltr'><strong>peracto,</strong></span> <span class='ocrx_word' id='word_1_92' title='bbox 754 631 824 666; x_wconf 87' lang='lat' dir='ltr'><strong>quod</strong></span> <span class='ocrx_word' id='word_1_93' title='bbox 840 631 911 666; x_wconf 87' lang='lat' dir='ltr'><strong>apud</strong></span> <span class='ocrx_word' id='word_1_94' title='bbox 926 639 974 658; x_wconf 89' lang='lat' dir='ltr'><strong>eos</strong></span> 
     </span>
    </p>
   </div>
   <div class='ocr_carea' id='block_1_16' title="bbox 190 675 972 716">
    <p class='ocr_par' dir='ltr' id='par_1_16' title="bbox 190 675 972 716">
     <span class='ocr_line' id='line_1_16' title="bbox 190 675 972 716; baseline -0.006 -8"><span class='ocrx_word' id='word_1_95' title='bbox 190 681 325 716; x_wconf 81' lang='lat' dir='ltr'><strong>Furdigau</strong></span> <span class='ocrx_word' id='word_1_96' title='bbox 340 679 439 707; x_wconf 91' lang='lat' dir='ltr'><strong>dicitur</strong></span> <span class='ocrx_word' id='word_1_97' title='bbox 449 698 456 710; x_wconf 87' lang='lat'><strong>,</strong></span> <span class='ocrx_word' id='word_1_98' title='bbox 474 677 569 706; x_wconf 79' lang='lat' dir='ltr'><strong>feralia</strong></span> <span class='ocrx_word' id='word_1_99' title='bbox 581 677 696 709; x_wconf 81' lang='lat' dir='ltr'><strong>diceres,</strong></span> <span class='ocrx_word' id='word_1_100' title='bbox 712 681 841 711; x_wconf 79' lang='lat' dir='ltr'><strong>exceptus</strong></span> <span class='ocrx_word' id='word_1_101' title='bbox 852 675 972 704; x_wconf 75' lang='lat' dir='ltr'><strong>Joannes</strong></span> 
     </span>
    </p>
   </div>
   <div class='ocr_carea' id='block_1_17' title="bbox 191 722 973 760">
    <p class='ocr_par' dir='ltr' id='par_1_17' title="bbox 191 722 973 760">
     <span class='ocr_line' id='line_1_17' title="bbox 191 722 973 760; baseline -0.004 -8"><span class='ocrx_word' id='word_1_102' title='bbox 191 735 204 752; x_wconf 72' lang='grc' dir='ltr'>ιι</span> <span class='ocrx_word' id='word_1_103' title='bbox 221 725 385 760; x_wconf 90' lang='lat' dir='ltr'><strong>primoribus</strong></span> <span class='ocrx_word' id='word_1_104' title='bbox 405 724 506 752; x_wconf 83' lang='lat' dir='ltr'><strong>Nisibis</strong></span> <span class='ocrx_word' id='word_1_105' title='bbox 527 731 589 750; x_wconf 89' lang='lat' dir='ltr'><strong>cum</strong></span> <span class='ocrx_word' id='word_1_106' title='bbox 611 722 714 750; x_wconf 87' lang='lat' dir='ltr'><strong>solenni</strong></span> <span class='ocrx_word' id='word_1_107' title='bbox 731 722 833 749; x_wconf 83' lang='lat' dir='ltr'><strong>honore</strong></span> <span class='ocrx_word' id='word_1_108' title='bbox 847 722 879 748; x_wconf 90' lang='lat' dir='ltr'><strong>ad</strong></span> <span class='ocrx_word' id='word_1_109' title='bbox 895 729 973 749; x_wconf 81' lang='lat' dir='ltr'><strong>exse-</strong></span> 
     </span>
    </p>
   </div>
   <div class='ocr_carea' id='block_1_18' title="bbox 190 767 974 806">
    <p class='ocr_par' dir='ltr' id='par_1_18' title="bbox 190 767 974 806">
     <span class='ocr_line' id='line_1_18' title="bbox 190 767 974 806; baseline -0.005 -8"><span class='ocrx_word' id='word_1_110' title='bbox 190 771 323 806; x_wconf 84' lang='lat' dir='ltr'><strong>quendam</strong></span> <span class='ocrx_word' id='word_1_111' title='bbox 338 770 497 805; x_wconf 74' lang='lat' dir='ltr'><strong>legationem</strong></span> <span class='ocrx_word' id='word_1_112' title='bbox 511 768 536 795; x_wconf 92' lang='lat' dir='ltr'><strong>in</strong></span> <span class='ocrx_word' id='word_1_113' title='bbox 552 767 652 802; x_wconf 83' lang='lat' dir='ltr'><strong>regiam</strong></span> <span class='ocrx_word' id='word_1_114' title='bbox 672 767 815 794; x_wconf 87' lang='lat' dir='ltr'><strong>Persarum</strong></span> <span class='ocrx_word' id='word_1_115' title='bbox 826 771 867 794; x_wconf 88' lang='lat' dir='ltr'><strong>est</strong></span> <span class='ocrx_word' id='word_1_116' title='bbox 881 767 974 794; x_wconf 85' lang='lat' dir='ltr'><strong>dimis-</strong></span> 
     </span>
    </p>
   </div>
   <div class='ocr_carea' id='block_1_19' title="bbox 191 812 974 847">
    <p class='ocr_par' dir='ltr' id='par_1_19' title="bbox 191 812 974 847">
     <span class='ocr_line' id='line_1_19' title="bbox 191 812 974 847; baseline -0.006 -3"><span class='ocrx_word' id='word_1_117' title='bbox 191 824 249 844; x_wconf 83' lang='lat' dir='ltr'><strong>sus.</strong></span> <span class='ocrx_word' id='word_1_118' title='bbox 263 815 288 843; x_wconf 90' lang='lat' dir='ltr'><strong>ls</strong></span> <span class='ocrx_word' id='word_1_119' title='bbox 301 822 334 843; x_wconf 92' lang='lat' dir='ltr'><strong>eo</strong></span> <span class='ocrx_word' id='word_1_120' title='bbox 350 815 474 847; x_wconf 89' lang='lat' dir='ltr'><strong>accessit,</strong></span> <span class='ocrx_word' id='word_1_121' title='bbox 490 819 516 841; x_wconf 94' lang='lat' dir='ltr'><strong>et</strong></span> <span class='ocrx_word' id='word_1_122' title='bbox 530 813 666 845; x_wconf 83' lang='lat' dir='ltr'><strong>omnibus,</strong></span> <span class='ocrx_word' id='word_1_123' title='bbox 676 819 790 847; x_wconf 90' lang='lat' dir='ltr'><strong>quorutn</strong></span> <span class='ocrx_word' id='word_1_124' title='bbox 802 819 884 839; x_wconf 79' lang='lat' dir='ltr'><strong>causa</strong></span> <span class='ocrx_word' id='word_1_125' title='bbox 901 812 974 839; x_wconf 93' lang='lat' dir='ltr'><strong>mis-</strong></span> 
     </span>
    </p>
   </div>
   <div class='ocr_carea' id='block_1_20' title="bbox 191 855 974 894">
    <p class='ocr_par' dir='ltr' id='par_1_20' title="bbox 191 855 974 894">
     <span class='ocr_line' id='line_1_20' title="bbox 191 855 974 894; baseline -0.006 -7"><span class='ocrx_word' id='word_1_126' title='bbox 191 867 237 888; x_wconf 83' lang='lat' dir='ltr'><strong>sus</strong></span> <span class='ocrx_word' id='word_1_127' title='bbox 253 859 373 893; x_wconf 88' lang='lat' dir='ltr'><strong>fuil,rite</strong></span> <span class='ocrx_word' id='word_1_128' title='bbox 381 858 506 894; x_wconf 74' lang='lat' dir='ltr'><strong>peractis,</strong></span> <span class='ocrx_word' id='word_1_129' title='bbox 521 864 678 892; x_wconf 86' lang='lat' dir='ltr'><strong>resp0nsum</strong></span> <span class='ocrx_word' id='word_1_130' title='bbox 690 856 824 883; x_wconf 86' lang='lat' dir='ltr'><strong>manebat.</strong></span> <span class='ocrx_word' id='word_1_131' title='bbox 839 855 974 883; x_wconf 85' lang='lat' dir='ltr'><strong>Chosroes</strong></span> 
     </span>
    </p>
   </div>
   <div class='ocr_carea' id='block_1_21' title="bbox 191 900 971 940">
    <p class='ocr_par' dir='ltr' id='par_1_21' title="bbox 191 900 971 940">
     <span class='ocr_line' id='line_1_21' title="bbox 191 900 971 940; baseline -0.005 -8"><span class='ocrx_word' id='word_1_132' title='bbox 191 910 279 932; x_wconf 82' lang='lat' dir='ltr'><strong>autem</strong></span> <span class='ocrx_word' id='word_1_133' title='bbox 295 905 409 940; x_wconf 88' lang='lat' dir='ltr'><strong>quadam</strong></span> <span class='ocrx_word' id='word_1_134' title='bbox 426 903 470 931; x_wconf 89' lang='lat' dir='ltr'><strong>die</strong></span> <span class='ocrx_word' id='word_1_135' title='bbox 485 909 636 930; x_wconf 88' lang='lat' dir='ltr'><strong>sermonem</strong></span> <span class='ocrx_word' id='word_1_136' title='bbox 653 901 738 928; x_wconf 77' lang='lat' dir='ltr'><strong>movit</strong></span> <span class='ocrx_word' id='word_1_137' title='bbox 757 902 790 928; x_wconf 88' lang='lat' dir='ltr'><strong>de</strong></span> <span class='ocrx_word' id='word_1_138' title='bbox 812 900 971 928; x_wconf 82' lang='lat' dir='ltr'><strong>Saracenis.</strong></span> 
     </span>
    </p>
   </div>
   <div class='ocr_carea' id='block_1_22' title="bbox 190 947 973 981">
    <p class='ocr_par' dir='ltr' id='par_1_22' title="bbox 190 947 973 981">
     <span class='ocr_line' id='line_1_22' title="bbox 190 947 973 981; baseline -0.008 -3"><span class='ocrx_word' id='word_1_139' title='bbox 190 951 291 978; x_wconf 86' lang='lat' dir='ltr'><strong>Gentes</strong></span> <span class='ocrx_word' id='word_1_140' title='bbox 312 949 383 978; x_wconf 90' lang='lat' dir='ltr'><strong>enim</strong></span> <span class='ocrx_word' id='word_1_141' title='bbox 401 947 572 976; x_wconf 83' lang='lat' dir='ltr'><strong>Saracenicte</strong></span> <span class='ocrx_word' id='word_1_142' title='bbox 599 947 749 974; x_wconf 79' lang='lat' dir='ltr'><strong>innumerae</strong></span> <span class='ocrx_word' id='word_1_143' title='bbox 769 950 842 979; x_wconf 87' lang='lat' dir='ltr'><strong>sunt,</strong></span> <span class='ocrx_word' id='word_1_144' title='bbox 859 953 973 981; x_wconf 89' lang='lat' dir='ltr'><strong>quarum</strong></span> 
     </span>
    </p>
   </div>
   <div class='ocr_carea' id='block_1_23' title="bbox 191 992 976 1031">
    <p class='ocr_par' dir='ltr' id='par_1_23' title="bbox 191 992 976 1031">
     <span class='ocr_line' id='line_1_23' title="bbox 191 992 976 1031; baseline -0.006 -7"><span class='ocrx_word' id='word_1_145' title='bbox 191 997 309 1024; x_wconf 76' lang='lat' dir='ltr'><strong>maxima</strong></span> <span class='ocrx_word' id='word_1_146' title='bbox 324 1003 387 1031; x_wconf 81' lang='lat' dir='ltr'><strong>pars</strong></span> <span class='ocrx_word' id='word_1_147' title='bbox 408 1002 456 1030; x_wconf 89' lang='lat' dir='ltr'><strong>per</strong></span> <span class='ocrx_word' id='word_1_148' title='bbox 469 994 575 1022; x_wconf 85' lang='lat' dir='ltr'><strong>deserta</strong></span> <span class='ocrx_word' id='word_1_149' title='bbox 591 997 732 1028; x_wconf 86' lang='lat' dir='ltr'><strong>pascentes</strong></span> <span class='ocrx_word' id='word_1_150' title='bbox 747 996 775 1019; x_wconf 84' lang='lat' dir='ltr'><strong>et</strong></span> <span class='ocrx_word' id='word_1_151' title='bbox 789 992 848 1020; x_wconf 88' lang='lat' dir='ltr'><strong>sine</strong></span> <span class='ocrx_word' id='word_1_152' title='bbox 866 993 976 1020; x_wconf 89' lang='lat' dir='ltr'><strong>domino</strong></span> 
     </span>
    </p>
   </div>
   <div class='ocr_carea' id='block_1_24' title="bbox 191 1037 977 1077">
    <p class='ocr_par' dir='ltr' id='par_1_24' title="bbox 191 1037 977 1077">
     <span class='ocr_line' id='line_1_24' title="bbox 191 1037 977 1077; baseline -0.004 -9"><span class='ocrx_word' id='word_1_153' title='bbox 191 1047 332 1077; x_wconf 75' lang='lat' dir='ltr'><strong>vagantur,</strong></span> <span class='ocrx_word' id='word_1_154' title='bbox 355 1041 413 1068; x_wconf 79' lang='lat' dir='ltr'><strong>aliae</strong></span> <span class='ocrx_word' id='word_1_155' title='bbox 430 1039 624 1071; x_wconf 78' lang='lat' dir='ltr'><strong>Rmnanorum,</strong></span> <span class='ocrx_word' id='word_1_156' title='bbox 650 1038 708 1066; x_wconf 75' lang='lat' dir='ltr'><strong>alite</strong></span> <span class='ocrx_word' id='word_1_157' title='bbox 728 1037 872 1065; x_wconf 84' lang='lat' dir='ltr'><strong>Persarum</strong></span> <span class='ocrx_word' id='word_1_158' title='bbox 893 1038 977 1072; x_wconf 80' lang='lat' dir='ltr'><strong>impc-</strong></span> 
     </span>
    </p>
   </div>
   <div class='ocr_carea' id='block_1_25' title="bbox 191 1082 974 1122">
    <p class='ocr_par' dir='ltr' id='par_1_25' title="bbox 191 1082 974 1122">
     <span class='ocr_line' id='line_1_25' title="bbox 191 1082 974 1122; baseline -0.009 -6"><span class='ocrx_word' id='word_1_159' title='bbox 191 1089 233 1116; x_wconf 86' lang='lat' dir='ltr'><strong>rio</strong></span> <span class='ocrx_word' id='word_1_160' title='bbox 248 1091 354 1122; x_wconf 90' lang='lat' dir='ltr'><strong>parent.</strong></span> <span class='ocrx_word' id='word_1_161' title='bbox 381 1085 420 1112; x_wconf 88' lang='lat' dir='ltr'><strong>ita</strong></span> <span class='ocrx_word' id='word_1_162' title='bbox 457 1084 550 1112; x_wconf 75' lang='lat' dir='ltr'><strong>divisae</strong></span> <span class='ocrx_word' id='word_1_163' title='bbox 578 1091 639 1111; x_wconf 89' lang='lat' dir='ltr'><strong>cum</strong></span> <span class='ocrx_word' id='word_1_164' title='bbox 667 1087 769 1115; x_wconf 88' lang='lat' dir='ltr'><strong>essent,</strong></span> <span class='ocrx_word' id='word_1_165' title='bbox 797 1082 974 1116; x_wconf 78' lang='lat' dir='ltr'><strong>Justinianus,</strong></span> 
     </span>
    </p>
   </div>
   <div class='ocr_carea' id='block_1_26' title="bbox 192 1129 977 1170">
    <p class='ocr_par' dir='ltr' id='par_1_26' title="bbox 192 1129 977 1170">
     <span class='ocr_line' id='line_1_26' title="bbox 192 1129 977 1170; baseline -0.006 -8"><span class='ocrx_word' id='word_1_166' title='bbox 192 1134 282 1170; x_wconf 80' lang='lat' dir='ltr'><strong>magni</strong></span> <span class='ocrx_word' id='word_1_167' title='bbox 292 1132 389 1168; x_wconf 80' lang='lat' dir='ltr'><strong>judicii</strong></span> <span class='ocrx_word' id='word_1_168' title='bbox 408 1131 459 1163; x_wconf 80' lang='lat' dir='ltr'><strong>vir,</strong></span> <span class='ocrx_word' id='word_1_169' title='bbox 482 1135 510 1158; x_wconf 88' lang='lat' dir='ltr'><strong>et</strong></span> <span class='ocrx_word' id='word_1_170' title='bbox 524 1129 569 1165; x_wconf 91' lang='lat' dir='ltr'><strong>qui</strong></span> <span class='ocrx_word' id='word_1_171' title='bbox 584 1137 715 1165; x_wconf 83' lang='lat' dir='ltr'><strong>magnum</strong></span> <span class='ocrx_word' id='word_1_172' title='bbox 739 1136 817 1156; x_wconf 90' lang='lat' dir='ltr'><strong>usum</strong></span> <span class='ocrx_word' id='word_1_173' title='bbox 835 1129 915 1164; x_wconf 73' lang='lat' dir='ltr'><strong>regite</strong></span> <span class='ocrx_word' id='word_1_174' title='bbox 930 1130 977 1157; x_wconf 87' lang='lat' dir='ltr'><strong>ad-</strong></span> 
     </span>
    </p>
   </div>
   <div class='ocr_carea' id='block_1_27' title="bbox 191 1174 976 1209">
    <p class='ocr_par' dir='ltr' id='par_1_27' title="bbox 191 1174 976 1209">
     <span class='ocr_line' id='line_1_27' title="bbox 191 1174 976 1209; baseline -0.008 -1"><span class='ocrx_word' id='word_1_175' title='bbox 191 1178 398 1208; x_wconf 76' lang='lat' dir='ltr'><strong>ministrationis</strong></span> <span class='ocrx_word' id='word_1_176' title='bbox 413 1176 540 1209; x_wconf 76' lang='lat' dir='ltr'><strong>habebat,</strong></span> <span class='ocrx_word' id='word_1_177' title='bbox 557 1175 719 1208; x_wconf 85' lang='lat' dir='ltr'><strong>Saracenos,</strong></span> <span class='ocrx_word' id='word_1_178' title='bbox 737 1175 782 1209; x_wconf 88' lang='lat' dir='ltr'><strong>qui</strong></span> <span class='ocrx_word' id='word_1_179' title='bbox 798 1174 825 1201; x_wconf 92' lang='lat' dir='ltr'><strong>in</strong></span> <span class='ocrx_word' id='word_1_180' title='bbox 839 1174 976 1202; x_wconf 82' lang='lat' dir='ltr'><strong>Medorum</strong></span> 
     </span>
    </p>
   </div>
   <div class='ocr_carea' id='block_1_28' title="bbox 189 1219 975 1262">
    <p class='ocr_par' dir='ltr' id='par_1_28' title="bbox 189 1219 975 1262">
     <span class='ocr_line' id='line_1_28' title="bbox 189 1219 975 1262; baseline -0.008 -9"><span class='ocrx_word' id='word_1_181' title='bbox 189 1226 315 1262; x_wconf 81' lang='lat' dir='ltr'><strong>partibus</strong></span> <span class='ocrx_word' id='word_1_182' title='bbox 330 1227 420 1255; x_wconf 89' lang='lat' dir='ltr'><strong>erant,</strong></span> <span class='ocrx_word' id='word_1_183' title='bbox 434 1229 482 1258; x_wconf 91' lang='lat' dir='ltr'><strong>per</strong></span> <span class='ocrx_word' id='word_1_184' title='bbox 498 1228 591 1257; x_wconf 87' lang='lat' dir='ltr'><strong>pacem</strong></span> <span class='ocrx_word' id='word_1_185' title='bbox 611 1220 688 1248; x_wconf 89' lang='lat' dir='ltr'><strong>donis</strong></span> <span class='ocrx_word' id='word_1_186' title='bbox 703 1225 864 1255; x_wconf 85' lang='lat' dir='ltr'><strong>prosecutus</strong></span> <span class='ocrx_word' id='word_1_187' title='bbox 877 1219 975 1247; x_wconf 85' lang='lat' dir='ltr'><strong>fuerat.</strong></span> 
     </span>
    </p>
   </div>
   <div class='ocr_carea' id='block_1_29' title="bbox 191 1266 977 1302">
    <p class='ocr_par' dir='ltr' id='par_1_29' title="bbox 191 1266 977 1302">
     <span class='ocr_line' id='line_1_29' title="bbox 191 1266 977 1302; baseline -0.01 -2"><span class='ocrx_word' id='word_1_188' title='bbox 191 1272 243 1300; x_wconf 89' lang='lat' dir='ltr'><strong>Sed</strong></span> <span class='ocrx_word' id='word_1_189' title='bbox 261 1270 391 1302; x_wconf 84' lang='lat' dir='ltr'><strong>Justinus,</strong></span> <span class='ocrx_word' id='word_1_190' title='bbox 408 1269 448 1295; x_wconf 89' lang='lat' dir='ltr'><strong>vir</strong></span> <span class='ocrx_word' id='word_1_191' title='bbox 472 1267 561 1302; x_wconf 77' lang='lat' dir='ltr'><strong>gravis</strong></span> <span class='ocrx_word' id='word_1_192' title='bbox 586 1270 614 1294; x_wconf 88' lang='lat' dir='ltr'><strong>et</strong></span> <span class='ocrx_word' id='word_1_193' title='bbox 629 1271 770 1298; x_wconf 84' lang='lat' dir='ltr'><strong>constans,</strong></span> <span class='ocrx_word' id='word_1_194' title='bbox 787 1273 874 1300; x_wconf 91' lang='lat' dir='ltr'><strong>neque</strong></span> <span class='ocrx_word' id='word_1_195' title='bbox 897 1266 977 1301; x_wconf 83' lang='lat' dir='ltr'><strong>quid-</strong></span> 
     </span>
    </p>
   </div>
   <div class='ocr_carea' id='block_1_30' title="bbox 191 1309 976 1354">
    <p class='ocr_par' dir='ltr' id='par_1_30' title="bbox 191 1309 976 1354">
     <span class='ocr_line' id='line_1_30' title="bbox 191 1309 976 1354; baseline -0.006 -9"><span class='ocrx_word' id='word_1_196' title='bbox 191 1325 271 1354; x_wconf 82' lang='lat' dir='ltr'><strong>quam</strong></span> <span class='ocrx_word' id='word_1_197' title='bbox 287 1316 468 1344; x_wconf 81' lang='lat' dir='ltr'><strong>Barbarorum</strong></span> <span class='ocrx_word' id='word_1_198' title='bbox 483 1312 618 1348; x_wconf 65' lang='lat' dir='ltr'><strong>superbia:</strong></span> <span class='ocrx_word' id='word_1_199' title='bbox 632 1312 741 1345; x_wconf 83' lang='lat' dir='ltr'><strong>cedens,</strong></span> <span class='ocrx_word' id='word_1_200' title='bbox 758 1311 917 1345; x_wconf 77' lang='lat' dir='ltr'><strong>Saracenos,</strong></span> <span class='ocrx_word' id='word_1_201' title='bbox 931 1309 976 1348; x_wconf 89' lang='lat' dir='ltr'><strong>qui</strong></span> 
     </span>
    </p>
   </div>
   <div class='ocr_carea' id='block_1_31' title="bbox 191 1358 975 1394">
    <p class='ocr_par' dir='ltr' id='par_1_31' title="bbox 191 1358 975 1394">
     <span class='ocr_line' id='line_1_31' title="bbox 191 1358 975 1394; baseline -0.009 -2"><span class='ocrx_word' id='word_1_202' title='bbox 191 1363 282 1392; x_wconf 85' lang='lat' dir='ltr'><strong>Persis</strong></span> <span class='ocrx_word' id='word_1_203' title='bbox 304 1362 440 1394; x_wconf 83' lang='lat' dir='ltr'><strong>favebant,</strong></span> <span class='ocrx_word' id='word_1_204' title='bbox 457 1359 622 1394; x_wconf 77' lang='lat' dir='ltr'><strong>contemptui</strong></span> <span class='ocrx_word' id='word_1_205' title='bbox 639 1358 744 1390; x_wconf 84' lang='lat' dir='ltr'><strong>habuit,</strong></span> <span class='ocrx_word' id='word_1_206' title='bbox 767 1363 794 1386; x_wconf 90' lang='lat' dir='ltr'><strong>et</strong></span> <span class='ocrx_word' id='word_1_207' title='bbox 813 1358 888 1385; x_wconf 86' lang='lat' dir='ltr'><strong>nihili</strong></span> <span class='ocrx_word' id='word_1_208' title='bbox 903 1358 975 1386; x_wconf 89' lang='lat' dir='ltr'><strong>fecit.</strong></span> 
     </span>
    </p>
   </div>
   <div class='ocr_carea' id='block_1_32' title="bbox 191 1404 976 1442">
    <p class='ocr_par' dir='ltr' id='par_1_32' title="bbox 191 1404 976 1442">
     <span class='ocr_line' id='line_1_32' title="bbox 191 1404 976 1442; baseline -0.01 -5"><span class='ocrx_word' id='word_1_209' title='bbox 191 1410 227 1437; x_wconf 81' lang='lat' dir='ltr'><strong>At</strong></span> <span class='ocrx_word' id='word_1_210' title='bbox 255 1408 290 1436; x_wconf 77' lang='lat' dir='ltr'><strong>iiii</strong></span> <span class='ocrx_word' id='word_1_211' title='bbox 317 1407 369 1442; x_wconf 77' lang='lat' dir='ltr'><strong>(est</strong></span> <span class='ocrx_word' id='word_1_212' title='bbox 386 1406 458 1433; x_wconf 85' lang='lat' dir='ltr'><strong>enim</strong></span> <span class='ocrx_word' id='word_1_213' title='bbox 476 1412 543 1440; x_wconf 81' lang='lat' dir='ltr'><strong>gens</strong></span> <span class='ocrx_word' id='word_1_214' title='bbox 566 1404 735 1438; x_wconf 81' lang='lat' dir='ltr'><strong>avidissima)</strong></span> <span class='ocrx_word' id='word_1_215' title='bbox 761 1410 822 1430; x_wconf 86' lang='lat' dir='ltr'><strong>eum</strong></span> <span class='ocrx_word' id='word_1_216' title='bbox 849 1408 976 1437; x_wconf 87' lang='lat' dir='ltr'><strong>tanquam</strong></span> 
     </span>
    </p>
   </div>
   <div class='ocr_carea' id='block_1_33' title="bbox 192 1447 976 1489">
    <p class='ocr_par' dir='ltr' id='par_1_33' title="bbox 192 1447 976 1489">
     <span class='ocr_line' id='line_1_33' title="bbox 192 1447 976 1489; baseline -0.009 -9"><span class='ocrx_word' id='word_1_217' title='bbox 192 1453 264 1489; x_wconf 87' lang='lat' dir='ltr'><strong>quod</strong></span> <span class='ocrx_word' id='word_1_218' title='bbox 281 1459 359 1480; x_wconf 81' lang='lat' dir='ltr'><strong>suum</strong></span> <span class='ocrx_word' id='word_1_219' title='bbox 373 1455 456 1483; x_wconf 84' lang='lat' dir='ltr'><strong>esset,</strong></span> <span class='ocrx_word' id='word_1_220' title='bbox 472 1450 522 1478; x_wconf 84' lang='lat' dir='ltr'><strong>sibi</strong></span> <span class='ocrx_word' id='word_1_221' title='bbox 539 1449 816 1489; x_wconf 75' lang='lat' dir='ltr'><strong>eripi_existimarent,</strong></span> <span class='ocrx_word' id='word_1_222' title='bbox 832 1447 976 1475; x_wconf 82' lang='lat' dir='ltr'><strong>Persarum</strong></span> 
     </span>
    </p>
   </div>
   <div class='ocr_carea' id='block_1_34' title="bbox 193 1487 1010 1543">
    <p class='ocr_par' dir='ltr' id='par_1_34' title="bbox 193 1487 1010 1543">
     <span class='ocr_line' id='line_1_34' title="bbox 193 1487 1010 1543; baseline -0.01 -15"><span class='ocrx_word' id='word_1_223' title='bbox 193 1487 295 1535; x_wconf 76' lang='lat' dir='ltr'><strong>regem,</strong></span> <span class='ocrx_word' id='word_1_224' title='bbox 313 1505 347 1526; x_wconf 88' lang='lat' dir='ltr'><strong>ne</strong></span> <span class='ocrx_word' id='word_1_225' title='bbox 364 1505 392 1525; x_wconf 89' lang='lat' dir='ltr'><strong>se</strong></span> <span class='ocrx_word' id='word_1_226' title='bbox 410 1498 447 1525; x_wconf 74' lang='lat' dir='ltr'><strong>ad</strong></span> <span class='ocrx_word' id='word_1_227' title='bbox 473 1504 520 1525; x_wconf 82' lang='lat' dir='ltr'><strong>sua</strong></span> <span class='ocrx_word' id='word_1_228' title='bbox 543 1487 631 1531; x_wconf 54' lang='lat' dir='ltr'><strong>genu&#39;a</strong></span> <span class='ocrx_word' id='word_1_229' title='bbox 649 1499 799 1529; x_wconf 82' lang='lat' dir='ltr'><strong>prostratos</strong></span> <span class='ocrx_word' id='word_1_230' title='bbox 817 1498 976 1522; x_wconf 87' lang='lat' dir='ltr'><strong>contemne-</strong></span> <span class='ocrx_word' id='word_1_231' title='bbox 989 1513 1010 1543; x_wconf 65' lang='grc' dir='ltr'>ο</span> 
     </span>
    </p>
   </div>
   <div class='ocr_carea' id='block_1_35' title="bbox 193 1539 973 1580">
    <p class='ocr_par' dir='ltr' id='par_1_35' title="bbox 193 1539 973 1580">
     <span class='ocr_line' id='line_1_35' title="bbox 193 1539 973 1580; baseline -0.006 -7"><span class='ocrx_word' id='word_1_232' title='bbox 193 1551 244 1579; x_wconf 85' lang='lat' dir='ltr'><strong>ret,</strong></span> <span class='ocrx_word' id='word_1_233' title='bbox 269 1545 406 1580; x_wconf 88' lang='lat' dir='ltr'><strong>supplices</strong></span> <span class='ocrx_word' id='word_1_234' title='bbox 426 1547 547 1571; x_wconf 87' lang='lat' dir='ltr'><strong>orarunt.</strong></span> <span class='ocrx_word' id='word_1_235' title='bbox 565 1541 659 1576; x_wconf 84' lang='lat' dir='ltr'><strong>itaque</strong></span> <span class='ocrx_word' id='word_1_236' title='bbox 677 1540 822 1573; x_wconf 84' lang='lat' dir='ltr'><strong>Chosroes,</strong></span> <span class='ocrx_word' id='word_1_237' title='bbox 847 1548 907 1568; x_wconf 90' lang='lat' dir='ltr'><strong>cum</strong></span> <span class='ocrx_word' id='word_1_238' title='bbox 923 1539 973 1568; x_wconf 87' lang='lat' dir='ltr'><strong>Pe-</strong></span> 
     </span>
    </p>
   </div>
   <div class='ocr_carea' id='block_1_36' title="bbox 191 1585 974 1625">
    <p class='ocr_par' dir='ltr' id='par_1_36' title="bbox 191 1585 974 1625">
     <span class='ocr_line' id='line_1_36' title="bbox 191 1585 974 1625; baseline -0.006 -6"><span class='ocrx_word' id='word_1_239' title='bbox 191 1597 251 1619; x_wconf 82' lang='lat' dir='ltr'><strong>trus</strong></span> <span class='ocrx_word' id='word_1_240' title='bbox 268 1590 338 1625; x_wconf 88' lang='lat' dir='ltr'><strong>apud</strong></span> <span class='ocrx_word' id='word_1_241' title='bbox 355 1596 415 1616; x_wconf 91' lang='lat' dir='ltr'><strong>eum</strong></span> <span class='ocrx_word' id='word_1_242' title='bbox 432 1587 548 1623; x_wconf 84' lang='lat' dir='ltr'><strong>legatum</strong></span> <span class='ocrx_word' id='word_1_243' title='bbox 562 1591 663 1622; x_wconf 90' lang='lat' dir='ltr'><strong>ageret,</strong></span> <span class='ocrx_word' id='word_1_244' title='bbox 681 1585 818 1613; x_wconf 77' lang='lat' dir='ltr'><strong>Romanos</strong></span> <span class='ocrx_word' id='word_1_245' title='bbox 831 1585 974 1614; x_wconf 81' lang='lat' dir='ltr'><strong>Saracenis</strong></span> 
     </span>
    </p>
   </div>
   <div class='ocr_carea' id='block_1_37' title="bbox 193 1631 973 1667">
    <p class='ocr_par' dir='ltr' id='par_1_37' title="bbox 193 1631 973 1667">
     <span class='ocr_line' id='line_1_37' title="bbox 193 1631 973 1667; baseline -0.005 -3"><span class='ocrx_word' id='word_1_246' title='bbox 193 1635 312 1664; x_wconf 84' lang='lat' dir='ltr'><strong>debitum</strong></span> <span class='ocrx_word' id='word_1_247' title='bbox 346 1633 453 1662; x_wconf 85' lang='lat' dir='ltr'><strong>solvere</strong></span> <span class='ocrx_word' id='word_1_248' title='bbox 480 1639 586 1667; x_wconf 63' lang='lat' dir='ltr'><strong>equum</strong></span> <span class='ocrx_word' id='word_1_249' title='bbox 615 1631 752 1659; x_wconf 84' lang='lat' dir='ltr'><strong>censebat.</strong></span> <span class='ocrx_word' id='word_1_250' title='bbox 787 1631 887 1659; x_wconf 84' lang='lat' dir='ltr'><strong>Deinde</strong></span> <span class='ocrx_word' id='word_1_251' title='bbox 913 1638 973 1660; x_wconf 89' lang='lat' dir='ltr'><strong>cum</strong></span> 
     </span>
    </p>
   </div>
   <div class='ocr_carea' id='block_1_38' title="bbox 192 1677 972 1710">
    <p class='ocr_par' dir='ltr' id='par_1_38' title="bbox 192 1677 972 1710">
     <span class='ocr_line' id='line_1_38' title="bbox 192 1677 972 1710; baseline -0.005 -1"><span class='ocrx_word' id='word_1_252' title='bbox 192 1681 309 1709; x_wconf 75' lang='lat' dir='ltr'><strong>Joannes</strong></span> <span class='ocrx_word' id='word_1_253' title='bbox 320 1680 353 1707; x_wconf 81' lang='lat' dir='ltr'><strong>ad</strong></span> <span class='ocrx_word' id='word_1_254' title='bbox 368 1686 429 1706; x_wconf 90' lang='lat' dir='ltr'><strong>eum</strong></span> <span class='ocrx_word' id='word_1_255' title='bbox 444 1677 614 1710; x_wconf 86' lang='lat' dir='ltr'><strong>accessisset,</strong></span> <span class='ocrx_word' id='word_1_256' title='bbox 630 1677 726 1705; x_wconf 87' lang='lat' dir='ltr'><strong>iisdem</strong></span> <span class='ocrx_word' id='word_1_257' title='bbox 743 1677 832 1705; x_wconf 85' lang='lat' dir='ltr'><strong>verbis</strong></span> <span class='ocrx_word' id='word_1_258' title='bbox 843 1681 883 1705; x_wconf 86' lang='lat' dir='ltr'><strong>est</strong></span> <span class='ocrx_word' id='word_1_259' title='bbox 897 1685 972 1705; x_wconf 86' lang='lat' dir='ltr'><strong>usus.</strong></span> 
     </span>
    </p>
   </div>
   <div class='ocr_carea' id='block_1_39' title="bbox 193 1723 974 1756">
    <p class='ocr_par' dir='ltr' id='par_1_39' title="bbox 193 1723 974 1756">
     <span class='ocr_line' id='line_1_39' title="bbox 193 1723 974 1756; baseline -0.004 -2"><span class='ocrx_word' id='word_1_260' title='bbox 193 1725 320 1754; x_wconf 86' lang='lat' dir='ltr'><strong>Saraceni</strong></span> <span class='ocrx_word' id='word_1_261' title='bbox 339 1725 411 1752; x_wconf 88' lang='lat' dir='ltr'><strong>enim</strong></span> <span class='ocrx_word' id='word_1_262' title='bbox 424 1723 627 1755; x_wconf 88' lang='lat' dir='ltr'><strong>asseverabant,</strong></span> <span class='ocrx_word' id='word_1_263' title='bbox 644 1730 674 1750; x_wconf 85' lang='lat' dir='ltr'><strong>se</strong></span> <span class='ocrx_word' id='word_1_264' title='bbox 687 1723 722 1750; x_wconf 91' lang='lat' dir='ltr'><strong>ob</strong></span> <span class='ocrx_word' id='word_1_265' title='bbox 737 1730 796 1750; x_wconf 91' lang='lat' dir='ltr'><strong>eam</strong></span> <span class='ocrx_word' id='word_1_266' title='bbox 811 1730 931 1756; x_wconf 88' lang='lat' dir='ltr'><strong>causam,</strong></span> <span class='ocrx_word' id='word_1_267' title='bbox 944 1728 974 1751; x_wconf 90' lang='lat' dir='ltr'><strong>ut</strong></span> 
     </span>
    </p>
   </div>
   <div class='ocr_carea' id='block_1_40' title="bbox 192 1767 971 1807">
    <p class='ocr_par' dir='ltr' id='par_1_40' title="bbox 192 1767 971 1807">
     <span class='ocr_line' id='line_1_40' title="bbox 192 1767 971 1807; baseline -0.004 -8"><span class='ocrx_word' id='word_1_268' title='bbox 192 1772 309 1807; x_wconf 86' lang='lat' dir='ltr'><strong>quietem</strong></span> <span class='ocrx_word' id='word_1_269' title='bbox 324 1773 445 1805; x_wconf 88' lang='lat' dir='ltr'><strong>agerent,</strong></span> <span class='ocrx_word' id='word_1_270' title='bbox 466 1776 554 1804; x_wconf 89' lang='lat' dir='ltr'><strong>neque</strong></span> <span class='ocrx_word' id='word_1_271' title='bbox 574 1767 760 1796; x_wconf 78' lang='lat' dir='ltr'><strong>Romanarum</strong></span> <span class='ocrx_word' id='word_1_272' title='bbox 786 1769 866 1796; x_wconf 88' lang='lat' dir='ltr'><strong>terris</strong></span> <span class='ocrx_word' id='word_1_273' title='bbox 881 1768 971 1797; x_wconf 78' lang='lat' dir='ltr'><strong>infesti</strong></span> 
     </span>
    </p>
   </div>
   <div class='ocr_carea' id='block_1_41' title="bbox 191 1814 972 1850">
    <p class='ocr_par' dir='ltr' id='par_1_41' title="bbox 191 1814 972 1850">
     <span class='ocr_line' id='line_1_41' title="bbox 191 1814 972 1850; baseline -0.003 -5"><span class='ocrx_word' id='word_1_274' title='bbox 191 1822 292 1850; x_wconf 86' lang='lat' dir='ltr'><strong>essent,</strong></span> <span class='ocrx_word' id='word_1_275' title='bbox 319 1823 366 1844; x_wconf 87' lang='lat' dir='ltr'><strong>eas</strong></span> <span class='ocrx_word' id='word_1_276' title='bbox 389 1815 515 1849; x_wconf 83' lang='lat' dir='ltr'><strong>pecunias</strong></span> <span class='ocrx_word' id='word_1_277' title='bbox 536 1815 668 1850; x_wconf 88' lang='lat' dir='ltr'><strong>accipere,</strong></span> <span class='ocrx_word' id='word_1_278' title='bbox 694 1819 722 1842; x_wconf 90' lang='lat' dir='ltr'><strong>et</strong></span> <span class='ocrx_word' id='word_1_279' title='bbox 745 1814 797 1842; x_wconf 90' lang='lat' dir='ltr'><strong>hac</strong></span> <span class='ocrx_word' id='word_1_280' title='bbox 819 1815 924 1842; x_wconf 88' lang='lat' dir='ltr'><strong>ratione</strong></span> <span class='ocrx_word' id='word_1_281' title='bbox 946 1815 972 1843; x_wconf 90' lang='lat' dir='ltr'><strong>in</strong></span> 
     </span>
    </p>
   </div>
   <div class='ocr_carea' id='block_1_42' title="bbox 192 1860 973 1895">
    <p class='ocr_par' dir='ltr' id='par_1_42' title="bbox 192 1860 973 1895">
     <span class='ocr_line' id='line_1_42' title="bbox 192 1860 973 1895; baseline -0.004 -5"><span class='ocrx_word' id='word_1_282' title='bbox 192 1870 274 1891; x_wconf 86' lang='lat' dir='ltr'><strong>causa</strong></span> <span class='ocrx_word' id='word_1_283' title='bbox 288 1861 456 1889; x_wconf 85' lang='lat' dir='ltr'><strong>defendenda</strong></span> <span class='ocrx_word' id='word_1_284' title='bbox 471 1860 587 1888; x_wconf 83' lang='lat' dir='ltr'><strong>maxime</strong></span> <span class='ocrx_word' id='word_1_285' title='bbox 603 1860 771 1888; x_wconf 89' lang='lat' dir='ltr'><strong>nitebantur.</strong></span> <span class='ocrx_word' id='word_1_286' title='bbox 783 1860 876 1895; x_wconf 83' lang='lat' dir='ltr'><strong>Itaque</strong></span> <span class='ocrx_word' id='word_1_287' title='bbox 890 1860 973 1888; x_wconf 85' lang='lat' dir='ltr'><strong>Joan—</strong></span> 
     </span>
    </p>
   </div>
   <div class='ocr_carea' id='block_1_43' title="bbox 192 1906 971 1942">
    <p class='ocr_par' dir='ltr' id='par_1_43' title="bbox 192 1906 971 1942">
     <span class='ocr_line' id='line_1_43' title="bbox 192 1906 971 1942; baseline -0.003 -6"><span class='ocrx_word' id='word_1_288' title='bbox 192 1916 251 1942; x_wconf 75' lang='lat' dir='ltr'><strong>nes,</strong></span> <span class='ocrx_word' id='word_1_289' title='bbox 268 1912 297 1936; x_wconf 94' lang='lat' dir='ltr'><strong>ut</strong></span> <span class='ocrx_word' id='word_1_290' title='bbox 311 1907 378 1935; x_wconf 85' lang='lat' dir='ltr'><strong>vidit</strong></span> <span class='ocrx_word' id='word_1_291' title='bbox 392 1906 554 1939; x_wconf 85' lang='lat' dir='ltr'><strong>Saracenos,</strong></span> <span class='ocrx_word' id='word_1_292' title='bbox 570 1911 748 1941; x_wconf 52' lang='lat' dir='ltr'><strong>praeterquam</strong></span> <span class='ocrx_word' id='word_1_293' title='bbox 766 1907 837 1941; x_wconf 88' lang='lat' dir='ltr'><strong>quod</strong></span> <span class='ocrx_word' id='word_1_294' title='bbox 851 1907 892 1934; x_wconf 83' lang='lat' dir='ltr'><strong>fas</strong></span> <span class='ocrx_word' id='word_1_295' title='bbox 903 1911 971 1941; x_wconf 89' lang='lat' dir='ltr'><strong>erat,</strong></span> 
     </span>
    </p>
   </div>
   <div class='ocr_carea' id='block_1_44' title="bbox 192 1951 974 1986">
    <p class='ocr_par' dir='ltr' id='par_1_44' title="bbox 192 1951 974 1986">
     <span class='ocr_line' id='line_1_44' title="bbox 192 1951 974 1986; baseline -0.003 -5"><span class='ocrx_word' id='word_1_296' title='bbox 192 1953 331 1982; x_wconf 90' lang='lat' dir='ltr'><strong>criminari</strong></span> <span class='ocrx_word' id='word_1_297' title='bbox 347 1956 374 1980; x_wconf 89' lang='lat' dir='ltr'><strong>et</strong></span> <span class='ocrx_word' id='word_1_298' title='bbox 391 1958 521 1980; x_wconf 83' lang='lat' dir='ltr'><strong>accusare</strong></span> <span class='ocrx_word' id='word_1_299' title='bbox 547 1951 693 1984; x_wconf 79' lang='lat' dir='ltr'><strong>Romanos,</strong></span> <span class='ocrx_word' id='word_1_300' title='bbox 710 1952 779 1979; x_wconf 79' lang='lat' dir='ltr'><strong>dixit</strong></span> <span class='ocrx_word' id='word_1_301' title='bbox 803 1959 810 1977; x_wconf 89' lang='lat'><strong>:</strong></span> <span class='ocrx_word' id='word_1_302' title='bbox 839 1961 849 1978; x_wconf 79' lang='grc' dir='ltr'>ι</span> <span class='ocrx_word' id='word_1_303' title='bbox 868 1951 897 1979; x_wconf 87' lang='lat' dir='ltr'><strong>Si</strong></span> <span class='ocrx_word' id='word_1_304' title='bbox 912 1952 974 1986; x_wconf 83' lang='lat' dir='ltr'><strong>quis</strong></span> 
     </span>
    </p>
   </div>
   <div class='ocr_carea' id='block_1_45' title="bbox 193 1995 972 2033">
    <p class='ocr_par' dir='ltr' id='par_1_45' title="bbox 193 1995 972 2033">
     <span class='ocr_line' id='line_1_45' title="bbox 193 1995 972 2033; baseline -0.004 -6"><span class='ocrx_word' id='word_1_305' title='bbox 193 1999 272 2031; x_wconf 87' lang='lat' dir='ltr'><strong>alius,</strong></span> <span class='ocrx_word' id='word_1_306' title='bbox 288 2005 368 2033; x_wconf 83' lang='lat' dir='ltr'><strong>quam</strong></span> <span class='ocrx_word' id='word_1_307' title='bbox 391 1997 536 2029; x_wconf 85' lang='lat' dir='ltr'><strong>Cbosroes,</strong></span> <span class='ocrx_word' id='word_1_308' title='bbox 565 1995 762 2024; x_wconf 82' lang='lat' dir='ltr'><strong>Saracenorum</strong></span> <span class='ocrx_word' id='word_1_309' title='bbox 784 2005 905 2031; x_wconf 84' lang='lat' dir='ltr'><strong>causam,</strong></span> <span class='ocrx_word' id='word_1_310' title='bbox 926 1997 972 2032; x_wconf 88' lang='lat' dir='ltr'><strong>qui</strong></span> 
     </span>
    </p>
   </div>
   <div class='ocr_carea' id='block_1_46' title="bbox 193 2041 973 2078">
    <p class='ocr_par' dir='ltr' id='par_1_46' title="bbox 193 2041 973 2078">
     <span class='ocr_line' id='line_1_46' title="bbox 193 2041 973 2078; baseline -0.004 -7"><span class='ocrx_word' id='word_1_311' title='bbox 193 2042 330 2072; x_wconf 82' lang='lat' dir='ltr'><strong>Romanos</strong></span> <span class='ocrx_word' id='word_1_312' title='bbox 355 2043 455 2078; x_wconf 79' lang='lat' dir='ltr'><strong>injuste</strong></span> <span class='ocrx_word' id='word_1_313' title='bbox 475 2043 665 2075; x_wconf 88' lang='lat' dir='ltr'><strong>criminantur,</strong></span> <span class='ocrx_word' id='word_1_314' title='bbox 683 2046 815 2074; x_wconf 88' lang='lat' dir='ltr'><strong>tueretur,</strong></span> <span class='ocrx_word' id='word_1_315' title='bbox 839 2042 929 2069; x_wconf 87' lang='lat' dir='ltr'><strong>minus</strong></span> <span class='ocrx_word' id='word_1_316' title='bbox 947 2041 973 2069; x_wconf 88' lang='lat' dir='ltr'><strong>id</strong></span> 
     </span>
    </p>
   </div>
   <div class='ocr_carea' id='block_1_47' title="bbox 192 2087 973 2124">
    <p class='ocr_par' dir='ltr' id='par_1_47' title="bbox 192 2087 973 2124">
     <span class='ocr_line' id='line_1_47' title="bbox 192 2087 973 2124; baseline 0 -8"><span class='ocrx_word' id='word_1_317' title='bbox 192 2089 300 2124; x_wconf 88' lang='lat' dir='ltr'><strong>quidem</strong></span> <span class='ocrx_word' id='word_1_318' title='bbox 317 2095 400 2124; x_wconf 87' lang='lat' dir='ltr'><strong>grave</strong></span> <span class='ocrx_word' id='word_1_319' title='bbox 418 2092 445 2116; x_wconf 89' lang='lat' dir='ltr'><strong>et</strong></span> <span class='ocrx_word' id='word_1_320' title='bbox 464 2088 605 2116; x_wconf 84' lang='lat' dir='ltr'><strong>molestum</strong></span> <span class='ocrx_word' id='word_1_321' title='bbox 629 2092 708 2115; x_wconf 87' lang='lat' dir='ltr'><strong>esset.</strong></span> <span class='ocrx_word' id='word_1_322' title='bbox 740 2087 883 2115; x_wconf 83' lang='lat' dir='ltr'><strong>Persarum</strong></span> <span class='ocrx_word' id='word_1_323' title='bbox 908 2095 973 2116; x_wconf 83' lang='lat' dir='ltr'><strong>vero</strong></span> 
     </span>
    </p>
   </div>
   <div class='ocr_carea' id='block_1_48' title="bbox 194 2133 973 2169">
    <p class='ocr_par' dir='ltr' id='par_1_48' title="bbox 194 2133 973 2169">
     <span class='ocr_line' id='line_1_48' title="bbox 194 2133 973 2169; baseline 0 -8"><span class='ocrx_word' id='word_1_324' title='bbox 194 2138 297 2161; x_wconf 90' lang='lat' dir='ltr'><strong>tantum</strong></span> <span class='ocrx_word' id='word_1_325' title='bbox 310 2141 412 2169; x_wconf 74' lang='lat' dir='ltr'><strong>regem,</strong></span> <span class='ocrx_word' id='word_1_326' title='bbox 428 2133 472 2168; x_wconf 91' lang='lat' dir='ltr'><strong>qui</strong></span> <span class='ocrx_word' id='word_1_327' title='bbox 491 2140 549 2168; x_wconf 83' lang='lat' dir='ltr'><strong>quae</strong></span> <span class='ocrx_word' id='word_1_328' title='bbox 566 2140 655 2160; x_wconf 90' lang='lat' dir='ltr'><strong>rerum</strong></span> <span class='ocrx_word' id='word_1_329' title='bbox 670 2137 772 2160; x_wconf 82' lang='lat' dir='ltr'><strong>natura:</strong></span> <span class='ocrx_word' id='word_1_330' title='bbox 792 2138 973 2161; x_wconf 81' lang='lat' dir='ltr'><strong>consentanea</strong></span> 
     </span>
    </p>
   </div>
   <div class='ocr_carea' id='block_1_49' title="bbox 1022 216 1814 261">
    <p class='ocr_par' dir='ltr' id='par_1_49' title="bbox 1022 216 1814 261">
     <span class='ocr_line' id='line_1_49' title="bbox 1022 216 1814 261; baseline 0.005 -12"><span class='ocrx_word' id='word_1_331' title='bbox 1022 223 1124 258; x_wconf 75' lang='grc' dir='ltr'><strong>ὀνίνησι</strong></span> <span class='ocrx_word' id='word_1_332' title='bbox 1137 225 1186 258; x_wconf 85' lang='grc' dir='ltr'>τὴν</span> <span class='ocrx_word' id='word_1_333' title='bbox 1201 216 1346 258; x_wconf 70' lang='grc' dir='ltr'>Ῥωμαίων</span> <span class='ocrx_word' id='word_1_334' title='bbox 1356 225 1444 259; x_wconf 78' lang='grc' dir='ltr'>ἀρχὴν</span> <span class='ocrx_word' id='word_1_335' title='bbox 1456 225 1496 260; x_wconf 84' lang='grc' dir='ltr'>τῷ</span> <span class='ocrx_word' id='word_1_336' title='bbox 1511 225 1549 260; x_wconf 82' lang='grc' dir='ltr'>μὴ</span> <span class='ocrx_word' id='word_1_337' title='bbox 1560 226 1594 252; x_wconf 83' lang='grc' dir='ltr'><strong>δι’</strong></span> <span class='ocrx_word' id='word_1_338' title='bbox 1614 226 1701 261; x_wconf 82' lang='grc' dir='ltr'>αὐτῆς</span> <span class='ocrx_word' id='word_1_339' title='bbox 1716 226 1739 242; x_wconf 75' lang='grc'><strong>⁸⁸</strong></span> <span class='ocrx_word' id='word_1_340' title='bbox 1755 227 1814 253; x_wconf 81' lang='grc' dir='ltr'>ἐπι-</span> 
     </span>
    </p>
   </div>
   <div class='ocr_carea' id='block_1_50' title="bbox 1022 268 1811 305">
    <p class='ocr_par' dir='ltr' id='par_1_50' title="bbox 1022 268 1811 305">
     <span class='ocr_line' id='line_1_50' title="bbox 1022 268 1811 305; baseline 0.005 -11"><span class='ocrx_word' id='word_1_341' title='bbox 1022 268 1179 303; x_wconf 78' lang='grc' dir='ltr'><strong>τιθεμένους</strong></span> <span class='ocrx_word' id='word_1_342' title='bbox 1193 269 1300 303; x_wconf 77' lang='grc' dir='ltr'>Πέρσας</span> <span class='ocrx_word' id='word_1_343' title='bbox 1314 269 1348 295; x_wconf 83' lang='grc' dir='ltr'>τὰ</span> <span class='ocrx_word' id='word_1_344' title='bbox 1358 269 1413 296; x_wconf 79' lang='grc' dir='ltr'>τῶν</span> <span class='ocrx_word' id='word_1_345' title='bbox 1425 269 1535 305; x_wconf 82' lang='grc' dir='ltr'><strong>Κόλχων</strong></span> <span class='ocrx_word' id='word_1_346' title='bbox 1545 271 1607 305; x_wconf 83' lang='grc' dir='ltr'>ὅρια</span> <span class='ocrx_word' id='word_1_347' title='bbox 1618 271 1811 305; x_wconf 77' lang='grc' dir='ltr'><strong>λυμαίνεσθαι.</strong></span> 
     </span>
    </p>
   </div>
   <div class='ocr_carea' id='block_1_51' title="bbox 1030 314 1814 352">
    <p class='ocr_par' dir='ltr' id='par_1_51' title="bbox 1030 314 1814 352">
     <span class='ocr_line' id='line_1_51' title="bbox 1030 314 1814 352; baseline 0.005 -12"><span class='ocrx_word' id='word_1_348' title='bbox 1030 314 1157 349; x_wconf 84' lang='grc' dir='ltr'><strong>Ἰωάννης</strong></span> <span class='ocrx_word' id='word_1_349' title='bbox 1173 314 1221 341; x_wconf 80' lang='grc' dir='ltr'>οὖν</span> <span class='ocrx_word' id='word_1_350' title='bbox 1236 315 1268 341; x_wconf 83' lang='grc' dir='ltr'>ἐκ</span> <span class='ocrx_word' id='word_1_351' title='bbox 1281 315 1429 347; x_wconf 74' lang='grc' dir='ltr'><strong>Βυζαντίου</strong></span> <span class='ocrx_word' id='word_1_352' title='bbox 1443 316 1524 350; x_wconf 82' lang='grc' dir='ltr'>άρας,</span> <span class='ocrx_word' id='word_1_353' title='bbox 1556 316 1603 342; x_wconf 78' lang='grc' dir='ltr'>καὶ</span> <span class='ocrx_word' id='word_1_354' title='bbox 1626 316 1665 348; x_wconf 77' lang='grc' dir='ltr'>ὡς</span> <span class='ocrx_word' id='word_1_355' title='bbox 1695 317 1814 352; x_wconf 81' lang='grc' dir='ltr'>τάχιστα</span> 
     </span>
    </p>
   </div>
   <div class='ocr_carea' id='block_1_52' title="bbox 1022 359 1814 397">
    <p class='ocr_par' dir='ltr' id='par_1_52' title="bbox 1022 359 1814 397">
     <span class='ocr_line' id='line_1_52' title="bbox 1022 359 1814 397; baseline 0.006 -12"><span class='ocrx_word' id='word_1_356' title='bbox 1022 359 1073 395; x_wconf 81' lang='grc' dir='ltr'>τὴν</span> <span class='ocrx_word' id='word_1_357' title='bbox 1093 361 1208 395; x_wconf 76' lang='grc' dir='ltr'><strong>πορείαν</strong></span> <span class='ocrx_word' id='word_1_358' title='bbox 1224 360 1336 392; x_wconf 80' lang='grc' dir='ltr'><strong>ἀνύσας,</strong></span> <span class='ocrx_word' id='word_1_359' title='bbox 1353 361 1381 387; x_wconf 79' lang='grc' dir='ltr'>ὲν</span> <span class='ocrx_word' id='word_1_360' title='bbox 1402 362 1461 392; x_wconf 81' lang='grc' dir='ltr'>ταῖς</span> <span class='ocrx_word' id='word_1_361' title='bbox 1483 361 1555 388; x_wconf 77' lang='grc' dir='ltr'>κατὰ</span> <span class='ocrx_word' id='word_1_362' title='bbox 1570 361 1620 397; x_wconf 79' lang='grc' dir='ltr'><strong>τὴν</strong></span> <span class='ocrx_word' id='word_1_363' title='bbox 1632 363 1750 397; x_wconf 73' lang='grc' dir='ltr'>πάροδον</span> <span class='ocrx_word' id='word_1_364' title='bbox 1763 363 1814 389; x_wconf 81' lang='grc' dir='ltr'><strong>πό-</strong></span> 
     </span>
    </p>
   </div>
   <div class='ocr_carea' id='block_1_53' title="bbox 1024 403 1814 442">
    <p class='ocr_par' dir='ltr' id='par_1_53' title="bbox 1024 403 1814 442">
     <span class='ocr_line' id='line_1_53' title="bbox 1024 403 1814 442; baseline 0.005 -12"><span class='ocrx_word' id='word_1_365' title='bbox 1024 403 1082 430; x_wconf 84' lang='grc' dir='ltr'>λεσι</span> <span class='ocrx_word' id='word_1_366' title='bbox 1098 404 1153 431; x_wconf 83' lang='grc' dir='ltr'>τῶν</span> <span class='ocrx_word' id='word_1_367' title='bbox 1169 405 1328 438; x_wconf 81' lang='grc' dir='ltr'><strong>ἀναγκαίων</strong></span> <span class='ocrx_word' id='word_1_368' title='bbox 1342 405 1473 439; x_wconf 83' lang='grc' dir='ltr'>φροντίδα</span> <span class='ocrx_word' id='word_1_369' title='bbox 1484 405 1597 440; x_wconf 78' lang='grc' dir='ltr'><strong>θέμενος</strong></span> <span class='ocrx_word' id='word_1_370' title='bbox 1611 407 1722 442; x_wconf 78' lang='grc' dir='ltr'>πολλὴν,</span> <span class='ocrx_word' id='word_1_371' title='bbox 1733 407 1814 434; x_wconf 77' lang='grc' dir='ltr'>τοῦτο</span> 
     </span>
    </p>
   </div>
   <div class='ocr_carea' id='block_1_54' title="bbox 1025 449 1813 486">
    <p class='ocr_par' dir='ltr' id='par_1_54' title="bbox 1025 449 1813 486">
     <span class='ocr_line' id='line_1_54' title="bbox 1025 449 1813 486; baseline 0.005 -11"><span class='ocrx_word' id='word_1_372' title='bbox 1025 449 1226 484; x_wconf 77' lang='grc' dir='ltr'><strong>προειρημένον</strong></span> <span class='ocrx_word' id='word_1_373' title='bbox 1254 449 1329 484; x_wconf 79' lang='grc' dir='ltr'>αὐτῷ</span> <span class='ocrx_word' id='word_1_374' title='bbox 1354 451 1385 476; x_wconf 77' lang='grc' dir='ltr'>ἐκ</span> <span class='ocrx_word' id='word_1_375' title='bbox 1415 449 1558 485; x_wconf 83' lang='grc' dir='ltr'>βασιλέως,</span> <span class='ocrx_word' id='word_1_376' title='bbox 1586 451 1700 486; x_wconf 78' lang='grc' dir='ltr'>ἀφίκετο</span> <span class='ocrx_word' id='word_1_377' title='bbox 1726 453 1766 484; x_wconf 83' lang='grc' dir='ltr'><strong>είς</strong></span> <span class='ocrx_word' id='word_1_378' title='bbox 1780 454 1813 479; x_wconf 80' lang='grc' dir='ltr'>τὸ</span> 
     </span>
    </p>
   </div>
   <div class='ocr_carea' id='block_1_55' title="bbox 1024 495 1813 531">
    <p class='ocr_par' dir='ltr' id='par_1_55' title="bbox 1024 495 1813 531">
     <span class='ocr_line' id='line_1_55' title="bbox 1024 495 1813 531; baseline 0.005 -10"><span class='ocrx_word' id='word_1_379' title='bbox 1024 495 1123 529; x_wconf 71' lang='grc' dir='ltr'>Δάρας.</span> <span class='ocrx_word' id='word_1_380' title='bbox 1146 495 1280 522; x_wconf 82' lang='grc' dir='ltr'>Ἐνταῦοα</span> <span class='ocrx_word' id='word_1_381' title='bbox 1293 496 1338 522; x_wconf 80' lang='grc' dir='ltr'>τὸν</span> <span class='ocrx_word' id='word_1_382' title='bbox 1353 496 1425 523; x_wconf 75' lang='grc' dir='ltr'>κατὰ</span> <span class='ocrx_word' id='word_1_383' title='bbox 1447 496 1524 523; x_wconf 88' lang='grc' dir='ltr'>πόλιν</span> <span class='ocrx_word' id='word_1_384' title='bbox 1550 497 1629 524; x_wconf 83' lang='grc' dir='ltr'>ὁλκὸν</span> <span class='ocrx_word' id='word_1_385' title='bbox 1643 498 1690 525; x_wconf 82' lang='grc' dir='ltr'>τοῦ</span> <span class='ocrx_word' id='word_1_386' title='bbox 1715 498 1813 531; x_wconf 77' lang='grc' dir='ltr'>ὕδατος</span> 
     </span>
    </p>
   </div>
   <div class='ocr_carea' id='block_1_56' title="bbox 1024 539 1808 578">
    <p class='ocr_par' dir='ltr' id='par_1_56' title="bbox 1024 539 1808 578">
     <span class='ocr_line' id='line_1_56' title="bbox 1024 539 1808 578; baseline 0.005 -12"><span class='ocrx_word' id='word_1_387' title='bbox 1024 539 1195 567; x_wconf 77' lang='grc' dir='ltr'><strong>ἐπεσκεύασε</strong></span> <span class='ocrx_word' id='word_1_388' title='bbox 1213 541 1259 567; x_wconf 79' lang='grc' dir='ltr'>καὶ</span> <span class='ocrx_word' id='word_1_389' title='bbox 1273 541 1413 576; x_wconf 78' lang='grc' dir='ltr'>ὑδροχοεϊα</span> <span class='ocrx_word' id='word_1_390' title='bbox 1439 542 1581 577; x_wconf 72' lang='grc' dir='ltr'>ἐπενόησε,</span> <span class='ocrx_word' id='word_1_391' title='bbox 1611 543 1659 570; x_wconf 76' lang='grc' dir='ltr'><strong>καὶ</strong></span> <span class='ocrx_word' id='word_1_392' title='bbox 1687 543 1736 578; x_wconf 59' lang='grc' dir='ltr'>μὲν</span> <span class='ocrx_word' id='word_1_393' title='bbox 1760 541 1808 570; x_wconf 72' lang='grc' dir='ltr'><strong>οὖν</strong></span> 
     </span>
    </p>
   </div>
   <div class='ocr_carea' id='block_1_57' title="bbox 1024 585 1809 623">
    <p class='ocr_par' dir='ltr' id='par_1_57' title="bbox 1024 585 1809 623">
     <span class='ocr_line' id='line_1_57' title="bbox 1024 585 1809 623; baseline 0.005 -12"><span class='ocrx_word' id='word_1_394' title='bbox 1024 585 1090 612; x_wconf 75' lang='grc' dir='ltr'>ἄλλα</span> <span class='ocrx_word' id='word_1_395' title='bbox 1103 586 1172 612; x_wconf 85' lang='grc' dir='ltr'>άττα</span> <span class='ocrx_word' id='word_1_396' title='bbox 1185 586 1238 612; x_wconf 83' lang='grc' dir='ltr'>τῶν</span> <span class='ocrx_word' id='word_1_397' title='bbox 1249 586 1279 612; x_wconf 79' lang='grc' dir='ltr'><strong>ἐν</strong></span> <span class='ocrx_word' id='word_1_398' title='bbox 1298 586 1376 613; x_wconf 73' lang='grc' dir='ltr'>ἄστει</span> <span class='ocrx_word' id='word_1_399' title='bbox 1397 587 1533 621; x_wconf 82' lang='grc' dir='ltr'>ἀναγκαῖα</span> <span class='ocrx_word' id='word_1_400' title='bbox 1551 588 1573 604; x_wconf 89' lang='grc'><strong>³⁷</strong></span> <span class='ocrx_word' id='word_1_401' title='bbox 1586 589 1744 623; x_wconf 81' lang='grc' dir='ltr'>εἰργάσατο.</span> <span class='ocrx_word' id='word_1_402' title='bbox 1762 591 1809 615; x_wconf 86' lang='grc' dir='ltr'><strong>Δι-</strong></span> 
     </span>
    </p>
   </div>
   <div class='ocr_carea' id='block_1_58' title="bbox 1024 630 1813 668">
    <p class='ocr_par' dir='ltr' id='par_1_58' title="bbox 1024 630 1813 668">
     <span class='ocr_line' id='line_1_58' title="bbox 1024 630 1813 668; baseline 0.005 -12"><span class='ocrx_word' id='word_1_403' title='bbox 1024 631 1111 665; x_wconf 76' lang='grc' dir='ltr'>ήγαγε</span> <span class='ocrx_word' id='word_1_404' title='bbox 1131 630 1159 657; x_wconf 75' lang='grc' dir='ltr'><strong>δὲ</strong></span> <span class='ocrx_word' id='word_1_405' title='bbox 1174 631 1256 657; x_wconf 75' lang='grc' dir='ltr'>αὑτοῦ</span> <span class='ocrx_word' id='word_1_406' title='bbox 1268 631 1374 667; x_wconf 82' lang='grc' dir='ltr'>ἡμέρας</span> <span class='ocrx_word' id='word_1_407' title='bbox 1386 631 1453 658; x_wconf 82' lang='grc' dir='ltr'><strong>δέκα</strong></span> <span class='ocrx_word' id='word_1_408' title='bbox 1474 632 1514 668; x_wconf 83' lang='grc' dir='ltr'>τῷ</span> <span class='ocrx_word' id='word_1_409' title='bbox 1533 632 1582 667; x_wconf 83' lang='grc' dir='ltr'><strong>τὴν</strong></span> <span class='ocrx_word' id='word_1_410' title='bbox 1593 633 1616 648; x_wconf 82' lang='grc'><strong>³⁸</strong></span> <span class='ocrx_word' id='word_1_411' title='bbox 1630 634 1660 660; x_wconf 83' lang='grc' dir='ltr'>ἑν</span> <span class='ocrx_word' id='word_1_412' title='bbox 1676 635 1708 668; x_wconf 88' lang='grc' dir='ltr'>τῇ</span> <span class='ocrx_word' id='word_1_413' title='bbox 1734 635 1813 660; x_wconf 67' lang='grc' dir='ltr'>Νισίι</span> 
     </span>
    </p>
   </div>
   <div class='ocr_carea' id='block_1_59' title="bbox 1024 676 1810 716">
    <p class='ocr_par' dir='ltr' id='par_1_59' title="bbox 1024 676 1810 716">
     <span class='ocr_line' id='line_1_59' title="bbox 1024 676 1810 716; baseline 0.006 -14"><span class='ocrx_word' id='word_1_414' title='bbox 1024 676 1066 702; x_wconf 72' lang='grc' dir='ltr'><strong>ἧει</strong></span> <span class='ocrx_word' id='word_1_415' title='bbox 1085 677 1107 693; x_wconf 77' lang='grc'><em>⁸³</em></span> <span class='ocrx_word' id='word_1_416' title='bbox 1123 678 1156 712; x_wconf 79' lang='grc' dir='ltr'><strong>τῇ</strong></span> <span class='ocrx_word' id='word_1_417' title='bbox 1171 677 1249 704; x_wconf 87' lang='grc' dir='ltr'>πόλει</span> <span class='ocrx_word' id='word_1_418' title='bbox 1263 677 1460 712; x_wconf 75' lang='grc' dir='ltr'><strong>πανηγυρίζειν</strong></span> <span class='ocrx_word' id='word_1_419' title='bbox 1477 687 1507 704; x_wconf 80' lang='grc' dir='ltr'>τε</span> <span class='ocrx_word' id='word_1_420' title='bbox 1533 679 1580 706; x_wconf 85' lang='grc' dir='ltr'><strong>καὶ</strong></span> <span class='ocrx_word' id='word_1_421' title='bbox 1601 679 1679 713; x_wconf 74' lang='grc' dir='ltr'>ἄγειν</span> <span class='ocrx_word' id='word_1_422' title='bbox 1701 681 1810 716; x_wconf 70' lang='grc' dir='ltr'><strong>ἑορτὴν,</strong></span> 
     </span>
    </p>
   </div>
   <div class='ocr_carea' id='block_1_60' title="bbox 1024 723 1810 760">
    <p class='ocr_par' dir='ltr' id='par_1_60' title="bbox 1024 723 1810 760">
     <span class='ocr_line' id='line_1_60' title="bbox 1024 723 1810 760; baseline 0.008 -12"><span class='ocrx_word' id='word_1_423' title='bbox 1024 723 1081 749; x_wconf 76' lang='grc' dir='ltr'><strong>κάκ</strong></span> <span class='ocrx_word' id='word_1_424' title='bbox 1096 723 1191 749; x_wconf 83' lang='grc' dir='ltr'>τούτου</span> <span class='ocrx_word' id='word_1_425' title='bbox 1216 723 1266 758; x_wconf 79' lang='grc' dir='ltr'>τὴν</span> <span class='ocrx_word' id='word_1_426' title='bbox 1293 724 1445 760; x_wconf 80' lang='grc' dir='ltr'>πρεσὸείαν</span> <span class='ocrx_word' id='word_1_427' title='bbox 1467 725 1505 759; x_wconf 81' lang='grc' dir='ltr'>μὴ</span> <span class='ocrx_word' id='word_1_428' title='bbox 1522 725 1713 757; x_wconf 73' lang='grc' dir='ltr'>ὐποδέξασθαι.</span> <span class='ocrx_word' id='word_1_429' title='bbox 1736 727 1765 753; x_wconf 87' lang='grc'><strong>’0</strong></span> <span class='ocrx_word' id='word_1_430' title='bbox 1781 728 1810 754; x_wconf 74' lang='grc' dir='ltr'><strong>δὲ</strong></span> 
     </span>
    </p>
   </div>
   <div class='ocr_carea' id='block_1_61' title="bbox 1029 768 1811 807">
    <p class='ocr_par' dir='ltr' id='par_1_61' title="bbox 1029 768 1811 807">
     <span class='ocr_line' id='line_1_61' title="bbox 1029 768 1811 807; baseline 0.005 -13"><span class='ocrx_word' id='word_1_431' title='bbox 1029 768 1154 803; x_wconf 74' lang='grc' dir='ltr'>Ἰωάννης</span> <span class='ocrx_word' id='word_1_432' title='bbox 1184 769 1289 803; x_wconf 75' lang='grc' dir='ltr'><strong>δεχθεὶς</strong></span> <span class='ocrx_word' id='word_1_433' title='bbox 1324 770 1394 804; x_wconf 77' lang='grc' dir='ltr'>μετὰ</span> <span class='ocrx_word' id='word_1_434' title='bbox 1414 770 1464 805; x_wconf 81' lang='grc' dir='ltr'><strong>τὴν</strong></span> <span class='ocrx_word' id='word_1_435' title='bbox 1481 771 1578 806; x_wconf 78' lang='grc' dir='ltr'>ἑορτὴν</span> <span class='ocrx_word' id='word_1_436' title='bbox 1598 772 1647 806; x_wconf 74' lang='grc' dir='ltr'><strong>τὴν</strong></span> <span class='ocrx_word' id='word_1_437' title='bbox 1660 772 1811 807; x_wconf 74' lang='grc' dir='ltr'>Φουρδίγαν</span> 
     </span>
    </p>
   </div>
   <div class='ocr_carea' id='block_1_62' title="bbox 1024 812 1811 850">
    <p class='ocr_par' dir='ltr' id='par_1_62' title="bbox 1024 812 1811 850">
     <span class='ocr_line' id='line_1_62' title="bbox 1024 812 1811 850; baseline 0.009 -13"><span class='ocrx_word' id='word_1_438' title='bbox 1024 812 1313 848; x_wconf 73' lang='grc' dir='ltr'><strong>προσαγορευομένην,</strong></span> <span class='ocrx_word' id='word_1_439' title='bbox 1338 813 1352 840; x_wconf 82' lang='grc' dir='ltr'><strong>ὃ</strong></span> <span class='ocrx_word' id='word_1_440' title='bbox 1379 814 1454 841; x_wconf 69' lang='grc' dir='ltr'>ἐστιν</span> <span class='ocrx_word' id='word_1_441' title='bbox 1476 814 1627 849; x_wconf 79' lang='grc' dir='ltr'>Ἑλληνιστὶ</span> <span class='ocrx_word' id='word_1_442' title='bbox 1655 817 1761 850; x_wconf 78' lang='grc' dir='ltr'>νεκυία,</span> <span class='ocrx_word' id='word_1_443' title='bbox 1778 819 1811 844; x_wconf 75' lang='grc' dir='ltr'>ἐκ</span> 
     </span>
    </p>
   </div>
   <div class='ocr_carea' id='block_1_63' title="bbox 1025 858 1809 898">
    <p class='ocr_par' dir='ltr' id='par_1_63' title="bbox 1025 858 1809 898">
     <span class='ocr_line' id='line_1_63' title="bbox 1025 858 1809 898; baseline 0.006 -15"><span class='ocrx_word' id='word_1_444' title='bbox 1025 858 1080 884; x_wconf 83' lang='grc' dir='ltr'><strong>τῶν</strong></span> <span class='ocrx_word' id='word_1_445' title='bbox 1094 858 1124 884; x_wconf 79' lang='grc' dir='ltr'>ὲν</span> <span class='ocrx_word' id='word_1_446' title='bbox 1135 859 1167 893; x_wconf 82' lang='grc' dir='ltr'>τῇ</span> <span class='ocrx_word' id='word_1_447' title='bbox 1182 858 1289 885; x_wconf 80' lang='grc' dir='ltr'>Νισίὸει</span> <span class='ocrx_word' id='word_1_448' title='bbox 1313 859 1453 894; x_wconf 80' lang='grc' dir='ltr'><strong>ἀρχόντων</strong></span> <span class='ocrx_word' id='word_1_449' title='bbox 1478 859 1636 896; x_wconf 73' lang='grc' dir='ltr'><strong>ἐξεπέμφθη</strong></span> <span class='ocrx_word' id='word_1_450' title='bbox 1654 863 1702 889; x_wconf 70' lang='grc' dir='ltr'><strong>σὺν</strong></span> <span class='ocrx_word' id='word_1_451' title='bbox 1717 865 1750 898; x_wconf 83' lang='grc' dir='ltr'>τῇ</span> <span class='ocrx_word' id='word_1_452' title='bbox 1764 872 1809 889; x_wconf 81' lang='grc' dir='ltr'><strong>νο-</strong></span> 
     </span>
    </p>
   </div>
   <div class='ocr_carea' id='block_1_64' title="bbox 1027 903 1809 944">
    <p class='ocr_par' dir='ltr' id='par_1_64' title="bbox 1027 903 1809 944">
     <span class='ocr_line' id='line_1_64' title="bbox 1027 903 1809 944; baseline 0.008 -15"><span class='ocrx_word' id='word_1_453' title='bbox 1027 903 1161 940; x_wconf 77' lang='grc' dir='ltr'>μιζομένῃ</span> <span class='ocrx_word' id='word_1_454' title='bbox 1173 905 1240 939; x_wconf 80' lang='grc' dir='ltr'>τιμῇ</span> <span class='ocrx_word' id='word_1_455' title='bbox 1262 904 1425 941; x_wconf 72' lang='grc' dir='ltr'><strong>πρεσϐεύειν</strong></span> <span class='ocrx_word' id='word_1_456' title='bbox 1439 907 1466 937; x_wconf 78' lang='grc' dir='ltr'>ἐς</span> <span class='ocrx_word' id='word_1_457' title='bbox 1478 906 1512 933; x_wconf 77' lang='grc' dir='ltr'><strong>τὰ</strong></span> <span class='ocrx_word' id='word_1_458' title='bbox 1525 906 1649 941; x_wconf 79' lang='grc' dir='ltr'>βασίλεια</span> <span class='ocrx_word' id='word_1_459' title='bbox 1674 908 1788 944; x_wconf 83' lang='grc' dir='ltr'><strong>Περσῶν</strong></span> <span class='ocrx_word' id='word_1_460' title='bbox 1800 917 1809 925; x_wconf 67' lang='grc'><strong><em>*</em></strong></span> 
     </span>
    </p>
   </div>
   <div class='ocr_carea' id='block_1_65' title="bbox 1027 946 1812 985">
    <p class='ocr_par' dir='ltr' id='par_1_65' title="bbox 1027 946 1812 985">
     <span class='ocr_line' id='line_1_65' title="bbox 1027 946 1812 985; baseline 0.008 -10"><span class='ocrx_word' id='word_1_461' title='bbox 1027 949 1075 975; x_wconf 76' lang='grc' dir='ltr'><strong>καὶ</strong></span> <span class='ocrx_word' id='word_1_462' title='bbox 1090 949 1197 976; x_wconf 74' lang='grc' dir='ltr'>ἅπαντα</span> <span class='ocrx_word' id='word_1_463' title='bbox 1213 949 1246 983; x_wconf 72' lang='grc' dir='ltr'><strong>⁸ο,</strong></span> <span class='ocrx_word' id='word_1_464' title='bbox 1261 946 1298 976; x_wconf 79' lang='grc' dir='ltr'><strong>ὧν</strong></span> <span class='ocrx_word' id='word_1_465' title='bbox 1313 950 1394 977; x_wconf 71' lang='grc' dir='ltr'>ἕνεκα</span> <span class='ocrx_word' id='word_1_466' title='bbox 1410 951 1534 985; x_wconf 76' lang='grc' dir='ltr'><strong>ἔσταλτο,</strong></span> <span class='ocrx_word' id='word_1_467' title='bbox 1562 953 1591 979; x_wconf 82' lang='grc' dir='ltr'>ὲν</span> <span class='ocrx_word' id='word_1_468' title='bbox 1612 953 1698 980; x_wconf 82' lang='grc' dir='ltr'>δέοντι</span> <span class='ocrx_word' id='word_1_469' title='bbox 1728 963 1812 981; x_wconf 70' lang='lat' dir='ltr'><strong>atat:-</strong></span> 
     </span>
    </p>
   </div>
   <div class='ocr_carea' id='block_1_66' title="bbox 1028 993 1812 1031">
    <p class='ocr_par' dir='ltr' id='par_1_66' title="bbox 1028 993 1812 1031">
     <span class='ocr_line' id='line_1_66' title="bbox 1028 993 1812 1031; baseline 0.005 -12"><span class='ocrx_word' id='word_1_470' title='bbox 1028 993 1209 1028; x_wconf 69' lang='grc' dir='ltr'>στησάμενος,</span> <span class='ocrx_word' id='word_1_471' title='bbox 1227 994 1256 1020; x_wconf 80' lang='grc' dir='ltr'><strong>ἐν</strong></span> <span class='ocrx_word' id='word_1_472' title='bbox 1267 993 1372 1026; x_wconf 87' lang='grc' dir='ltr'><strong>τούτοις</strong></span> <span class='ocrx_word' id='word_1_473' title='bbox 1391 994 1525 1030; x_wconf 78' lang='grc' dir='ltr'><strong>ὑπῆρχεν.</strong></span> <span class='ocrx_word' id='word_1_474' title='bbox 1543 995 1572 1023; x_wconf 78' lang='grc'><strong>⁸0</strong></span> <span class='ocrx_word' id='word_1_475' title='bbox 1593 996 1622 1022; x_wconf 67' lang='grc' dir='ltr'><strong>δὲ</strong></span> <span class='ocrx_word' id='word_1_476' title='bbox 1640 997 1762 1031; x_wconf 75' lang='grc' dir='ltr'>Χοσρόης</span> <span class='ocrx_word' id='word_1_477' title='bbox 1782 998 1812 1023; x_wconf 85' lang='grc' dir='ltr'><strong>ὲν</strong></span> 
     </span>
    </p>
   </div>
   <div class='ocr_carea' id='block_1_67' title="bbox 1029 1039 1811 1078">
    <p class='ocr_par' dir='ltr' id='par_1_67' title="bbox 1029 1039 1811 1078">
     <span class='ocr_line' id='line_1_67' title="bbox 1029 1039 1811 1078; baseline 0.006 -14"><span class='ocrx_word' id='word_1_478' title='bbox 1029 1040 1078 1074; x_wconf 73' lang='grc' dir='ltr'>μεᾷ</span> <span class='ocrx_word' id='word_1_479' title='bbox 1093 1039 1148 1065; x_wconf 87' lang='grc' dir='ltr'><strong>τῶν</strong></span> <span class='ocrx_word' id='word_1_480' title='bbox 1163 1040 1274 1075; x_wconf 81' lang='grc' dir='ltr'>ἡμερῶν</span> <span class='ocrx_word' id='word_1_481' title='bbox 1285 1039 1340 1066; x_wconf 83' lang='grc' dir='ltr'><strong>τῶν</strong></span> <span class='ocrx_word' id='word_1_482' title='bbox 1352 1040 1520 1076; x_wconf 81' lang='grc' dir='ltr'>Σαρακηνῶν</span> <span class='ocrx_word' id='word_1_483' title='bbox 1535 1042 1600 1076; x_wconf 82' lang='grc' dir='ltr'>πέρι</span> <span class='ocrx_word' id='word_1_484' title='bbox 1613 1041 1687 1077; x_wconf 73' lang='grc' dir='ltr'>αὐτῷ</span> <span class='ocrx_word' id='word_1_485' title='bbox 1700 1043 1811 1078; x_wconf 72' lang='grc' dir='ltr'>ἐκίνησε</span> 
     </span>
    </p>
   </div>
   <div class='ocr_carea' id='block_1_68' title="bbox 1027 1084 1809 1122">
    <p class='ocr_par' dir='ltr' id='par_1_68' title="bbox 1027 1084 1809 1122">
     <span class='ocr_line' id='line_1_68' title="bbox 1027 1084 1809 1122; baseline 0.006 -12"><span class='ocrx_word' id='word_1_486' title='bbox 1027 1084 1133 1118; x_wconf 79' lang='grc' dir='ltr'>λόγους.</span> <span class='ocrx_word' id='word_1_487' title='bbox 1150 1085 1190 1112; x_wconf 82' lang='grc' dir='ltr'><strong>Τά</strong></span> <span class='ocrx_word' id='word_1_488' title='bbox 1198 1086 1251 1120; x_wconf 81' lang='grc' dir='ltr'><strong>γὰρ</strong></span> <span class='ocrx_word' id='word_1_489' title='bbox 1261 1086 1438 1122; x_wconf 81' lang='grc' dir='ltr'>Σαρακηνικὰ</span> <span class='ocrx_word' id='word_1_490' title='bbox 1449 1086 1520 1121; x_wconf 79' lang='grc' dir='ltr'>φῦλα</span> <span class='ocrx_word' id='word_1_491' title='bbox 1538 1088 1667 1122; x_wconf 82' lang='grc' dir='ltr'><strong>μυριάδες</strong></span> <span class='ocrx_word' id='word_1_492' title='bbox 1677 1089 1697 1104; x_wconf 71' lang='grc'><strong>⁵¹</strong></span> <span class='ocrx_word' id='word_1_493' title='bbox 1713 1088 1809 1121; x_wconf 76' lang='grc' dir='ltr'>ταῦτα,</span> 
     </span>
    </p>
   </div>
   <div class='ocr_carea' id='block_1_69' title="bbox 1027 1130 1810 1167">
    <p class='ocr_par' dir='ltr' id='par_1_69' title="bbox 1027 1130 1810 1167">
     <span class='ocr_line' id='line_1_69' title="bbox 1027 1130 1810 1167; baseline 0.006 -11"><span class='ocrx_word' id='word_1_494' title='bbox 1027 1131 1074 1157; x_wconf 72' lang='grc' dir='ltr'>καὶ</span> <span class='ocrx_word' id='word_1_495' title='bbox 1091 1130 1122 1157; x_wconf 85' lang='grc' dir='ltr'><strong>τὺ</strong></span> <span class='ocrx_word' id='word_1_496' title='bbox 1137 1130 1262 1157; x_wconf 83' lang='grc' dir='ltr'>πλεῖστον</span> <span class='ocrx_word' id='word_1_497' title='bbox 1274 1131 1367 1158; x_wconf 76' lang='grc' dir='ltr'>αὐτῶν</span> <span class='ocrx_word' id='word_1_498' title='bbox 1380 1132 1545 1167; x_wconf 75' lang='grc' dir='ltr'><strong>ἐρημονόμοι</strong></span> <span class='ocrx_word' id='word_1_499' title='bbox 1559 1134 1613 1160; x_wconf 75' lang='grc' dir='ltr'>εἰσὶ</span> <span class='ocrx_word' id='word_1_500' title='bbox 1632 1134 1678 1160; x_wconf 73' lang='grc' dir='ltr'>καὶ</span> <span class='ocrx_word' id='word_1_501' title='bbox 1694 1133 1810 1160; x_wconf 76' lang='grc' dir='ltr'>ἀδέσπο-</span> 
     </span>
    </p>
   </div>
   <div class='ocr_carea' id='block_1_70' title="bbox 1025 1175 1809 1214">
    <p class='ocr_par' dir='ltr' id='par_1_70' title="bbox 1025 1175 1809 1214">
     <span class='ocr_line' id='line_1_70' title="bbox 1025 1175 1809 1214; baseline 0.004 -11"><span class='ocrx_word' id='word_1_502' title='bbox 1025 1184 1087 1203; x_wconf 86' lang='grc' dir='ltr'>τοι·</span> <span class='ocrx_word' id='word_1_503' title='bbox 1109 1177 1156 1203; x_wconf 84' lang='grc' dir='ltr'><strong>καὶ</strong></span> <span class='ocrx_word' id='word_1_504' title='bbox 1174 1177 1223 1212; x_wconf 84' lang='grc' dir='ltr'><strong>μὲν</strong></span> <span class='ocrx_word' id='word_1_505' title='bbox 1237 1177 1260 1192; x_wconf 61' lang='grc' dir='ltr'>θ’</span> <span class='ocrx_word' id='word_1_506' title='bbox 1274 1175 1322 1204; x_wconf 82' lang='grc' dir='ltr'>οὖν</span> <span class='ocrx_word' id='word_1_507' title='bbox 1336 1177 1386 1212; x_wconf 83' lang='grc' dir='ltr'><strong>τῆς</strong></span> <span class='ocrx_word' id='word_1_508' title='bbox 1402 1178 1553 1213; x_wconf 85' lang='grc' dir='ltr'>Ῥωμαίων,</span> <span class='ocrx_word' id='word_1_509' title='bbox 1565 1179 1640 1206; x_wconf 74' lang='grc' dir='ltr'>ἐστὶν</span> <span class='ocrx_word' id='word_1_510' title='bbox 1657 1179 1674 1206; x_wconf 77' lang='grc' dir='ltr'>ἃ</span> <span class='ocrx_word' id='word_1_511' title='bbox 1692 1180 1738 1206; x_wconf 77' lang='grc' dir='ltr'><strong>καὶ</strong></span> <span class='ocrx_word' id='word_1_512' title='bbox 1759 1180 1809 1214; x_wconf 72' lang='grc' dir='ltr'><strong>τῆς</strong></span> 
     </span>
    </p>
   </div>
   <div class='ocr_carea' id='block_1_71' title="bbox 1027 1223 1810 1260">
    <p class='ocr_par' dir='ltr' id='par_1_71' title="bbox 1027 1223 1810 1260">
     <span class='ocr_line' id='line_1_71' title="bbox 1027 1223 1810 1260; baseline 0.004 -12"><span class='ocrx_word' id='word_1_513' title='bbox 1027 1223 1140 1258; x_wconf 83' lang='grc' dir='ltr'>Περσῶν</span> <span class='ocrx_word' id='word_1_514' title='bbox 1152 1223 1260 1258; x_wconf 76' lang='grc' dir='ltr'>ὑπήκοα,</span> <span class='ocrx_word' id='word_1_515' title='bbox 1277 1223 1425 1255; x_wconf 81' lang='grc' dir='ltr'>πολιτείας.</span> <span class='ocrx_word' id='word_1_516' title='bbox 1443 1223 1522 1250; x_wconf 83' lang='grc' dir='ltr'>Οὒτω</span> <span class='ocrx_word' id='word_1_517' title='bbox 1543 1224 1571 1250; x_wconf 82' lang='grc' dir='ltr'><strong>δὲ</strong></span> <span class='ocrx_word' id='word_1_518' title='bbox 1590 1224 1810 1260; x_wconf 73' lang='grc' dir='ltr'><strong>διακεκριμένων</strong></span> 
     </span>
    </p>
   </div>
   <div class='ocr_carea' id='block_1_72' title="bbox 1027 1268 1810 1305">
    <p class='ocr_par' dir='ltr' id='par_1_72' title="bbox 1027 1268 1810 1305">
     <span class='ocr_line' id='line_1_72' title="bbox 1027 1268 1810 1305; baseline 0.003 -10"><span class='ocrx_word' id='word_1_519' title='bbox 1027 1268 1128 1301; x_wconf 82' lang='grc' dir='ltr'>αὐτῶν,</span> <span class='ocrx_word' id='word_1_520' title='bbox 1151 1269 1349 1301; x_wconf 83' lang='grc' dir='ltr'>Ίουστινιανὺς,</span> <span class='ocrx_word' id='word_1_521' title='bbox 1363 1269 1542 1304; x_wconf 79' lang='grc' dir='ltr'><strong>μεγαλόφρων</strong></span> <span class='ocrx_word' id='word_1_522' title='bbox 1560 1270 1629 1305; x_wconf 80' lang='grc' dir='ltr'>ἀνὴρ</span> <span class='ocrx_word' id='word_1_523' title='bbox 1645 1271 1691 1296; x_wconf 76' lang='grc' dir='ltr'>καὶ</span> <span class='ocrx_word' id='word_1_524' title='bbox 1704 1270 1810 1305; x_wconf 78' lang='grc' dir='ltr'>βασιλι-</span> 
     </span>
    </p>
   </div>
   <div class='ocr_carea' id='block_1_73' title="bbox 1027 1314 1813 1351">
    <p class='ocr_par' dir='ltr' id='par_1_73' title="bbox 1027 1314 1813 1351">
     <span class='ocr_line' id='line_1_73' title="bbox 1027 1314 1813 1351; baseline 0.001 -10"><span class='ocrx_word' id='word_1_525' title='bbox 1027 1314 1160 1347; x_wconf 79' lang='grc' dir='ltr'>κώτατος,</span> <span class='ocrx_word' id='word_1_526' title='bbox 1185 1315 1248 1347; x_wconf 81' lang='grc' dir='ltr'>τοὺς</span> <span class='ocrx_word' id='word_1_527' title='bbox 1268 1315 1431 1350; x_wconf 77' lang='grc' dir='ltr'><strong>μηδίζοντας</strong></span> <span class='ocrx_word' id='word_1_528' title='bbox 1455 1315 1622 1350; x_wconf 84' lang='grc' dir='ltr'>Σαρακηνῶν</span> <span class='ocrx_word' id='word_1_529' title='bbox 1645 1315 1741 1351; x_wconf 78' lang='grc' dir='ltr'>δώροις</span> <span class='ocrx_word' id='word_1_530' title='bbox 1758 1316 1813 1342; x_wconf 82' lang='grc' dir='ltr'><strong>ἑδε-</strong></span> 
     </span>
    </p>
   </div>
   <div class='ocr_carea' id='block_1_74' title="bbox 1028 1360 1811 1396">
    <p class='ocr_par' dir='ltr' id='par_1_74' title="bbox 1028 1360 1811 1396">
     <span class='ocr_line' id='line_1_74' title="bbox 1028 1360 1811 1396; baseline -0.01 -3"><span class='ocrx_word' id='word_1_531' title='bbox 1028 1360 1118 1393; x_wconf 78' lang='grc' dir='ltr'>ξισῦτο</span> <span class='ocrx_word' id='word_1_532' title='bbox 1135 1360 1289 1396; x_wconf 77' lang='grc' dir='ltr'><strong>κρατούσης</strong></span> <span class='ocrx_word' id='word_1_533' title='bbox 1312 1361 1435 1396; x_wconf 76' lang='grc' dir='ltr'><strong>εἰρήνης.</strong></span> <span class='ocrx_word' id='word_1_534' title='bbox 1457 1360 1486 1387; x_wconf 88' lang='lat'><strong>&#39;0</strong></span> <span class='ocrx_word' id='word_1_535' title='bbox 1507 1360 1535 1387; x_wconf 85' lang='grc' dir='ltr'><strong>δὲ</strong></span> <span class='ocrx_word' id='word_1_536' title='bbox 1553 1361 1740 1393; x_wconf 66' lang='grc' dir='ltr'>Ἰουσττνοςυ,</span> <span class='ocrx_word' id='word_1_537' title='bbox 1758 1362 1811 1396; x_wconf 56' lang='lat' dir='ltr'><strong>sp-</strong></span> 
     </span>
    </p>
   </div>
   <div class='ocr_carea' id='block_1_75' title="bbox 1027 1405 1812 1442">
    <p class='ocr_par' dir='ltr' id='par_1_75' title="bbox 1027 1405 1812 1442">
     <span class='ocr_line' id='line_1_75' title="bbox 1027 1405 1812 1442; baseline 0.003 -10"><span class='ocrx_word' id='word_1_538' title='bbox 1027 1405 1125 1442; x_wconf 75' lang='grc' dir='ltr'>ϐριθής</span> <span class='ocrx_word' id='word_1_539' title='bbox 1136 1414 1166 1432; x_wconf 81' lang='grc' dir='ltr'>τε</span> <span class='ocrx_word' id='word_1_540' title='bbox 1184 1405 1223 1433; x_wconf 83' lang='grc' dir='ltr'>ὢν</span> <span class='ocrx_word' id='word_1_541' title='bbox 1236 1406 1282 1432; x_wconf 73' lang='grc' dir='ltr'><strong>καὶ</strong></span> <span class='ocrx_word' id='word_1_542' title='bbox 1293 1405 1442 1441; x_wconf 81' lang='grc' dir='ltr'>Βαρόάρων</span> <span class='ocrx_word' id='word_1_543' title='bbox 1460 1407 1621 1441; x_wconf 74' lang='grc' dir='ltr'>φρονήματι·</span> <span class='ocrx_word' id='word_1_544' title='bbox 1631 1407 1730 1441; x_wconf 79' lang='grc' dir='ltr'>ἥκιστα</span> <span class='ocrx_word' id='word_1_545' title='bbox 1745 1408 1812 1434; x_wconf 79' lang='grc' dir='ltr'><strong>ὐπο-</strong></span> 
     </span>
    </p>
   </div>
   <div class='ocr_carea' id='block_1_76' title="bbox 1028 1451 1811 1488">
    <p class='ocr_par' dir='ltr' id='par_1_76' title="bbox 1028 1451 1811 1488">
     <span class='ocr_line' id='line_1_76' title="bbox 1028 1451 1811 1488; baseline 0.001 -10"><span class='ocrx_word' id='word_1_546' title='bbox 1028 1452 1128 1486; x_wconf 84' lang='grc' dir='ltr'>χαλῶν.</span> <span class='ocrx_word' id='word_1_547' title='bbox 1145 1452 1174 1478; x_wconf 83' lang='grc' dir='ltr'>ὲν</span> <span class='ocrx_word' id='word_1_548' title='bbox 1188 1452 1276 1478; x_wconf 76' lang='grc' dir='ltr'>οὐδενὶ</span> <span class='ocrx_word' id='word_1_549' title='bbox 1289 1451 1360 1487; x_wconf 74' lang='grc' dir='ltr'>λόγῳ</span> <span class='ocrx_word' id='word_1_550' title='bbox 1375 1452 1521 1486; x_wconf 76' lang='grc' dir='ltr'>ἐποιήσατο</span> <span class='ocrx_word' id='word_1_551' title='bbox 1534 1452 1596 1484; x_wconf 81' lang='grc' dir='ltr'>τοὺς</span> <span class='ocrx_word' id='word_1_552' title='bbox 1609 1452 1665 1479; x_wconf 81' lang='grc' dir='ltr'>ὅσοι</span> <span class='ocrx_word' id='word_1_553' title='bbox 1683 1453 1811 1488; x_wconf 77' lang='grc' dir='ltr'><strong>ἐμήδιζον</strong></span> 
     </span>
    </p>
   </div>
   <div class='ocr_carea' id='block_1_77' title="bbox 1027 1497 1811 1534">
    <p class='ocr_par' dir='ltr' id='par_1_77' title="bbox 1027 1497 1811 1534">
     <span class='ocr_line' id='line_1_77' title="bbox 1027 1497 1811 1534; baseline 0.001 -10"><span class='ocrx_word' id='word_1_554' title='bbox 1027 1497 1082 1524; x_wconf 80' lang='grc' dir='ltr'>τῶν</span> <span class='ocrx_word' id='word_1_555' title='bbox 1098 1498 1274 1533; x_wconf 76' lang='grc' dir='ltr'>Σαρακηνῶν.</span> <span class='ocrx_word' id='word_1_556' title='bbox 1294 1499 1325 1524; x_wconf 86' lang='grc' dir='ltr'>Οί</span> <span class='ocrx_word' id='word_1_557' title='bbox 1346 1497 1374 1524; x_wconf 80' lang='grc' dir='ltr'><strong>δὲ</strong></span> <span class='ocrx_word' id='word_1_558' title='bbox 1400 1497 1676 1532; x_wconf 81' lang='grc' dir='ltr'><strong>(πλεονεκτικώτατον</strong></span> <span class='ocrx_word' id='word_1_559' title='bbox 1702 1500 1759 1534; x_wconf 82' lang='grc' dir='ltr'><strong>γὰρ</strong></span> <span class='ocrx_word' id='word_1_560' title='bbox 1779 1500 1811 1525; x_wconf 85' lang='grc' dir='ltr'>τὸ</span> 
     </span>
    </p>
   </div>
   <div class='ocr_carea' id='block_1_78' title="bbox 1029 1543 1811 1579">
    <p class='ocr_par' dir='ltr' id='par_1_78' title="bbox 1029 1543 1811 1579">
     <span class='ocr_line' id='line_1_78' title="bbox 1029 1543 1811 1579; baseline 0.003 -9"><span class='ocrx_word' id='word_1_561' title='bbox 1029 1543 1120 1578; x_wconf 79' lang='grc' dir='ltr'>φῦλον)</span> <span class='ocrx_word' id='word_1_562' title='bbox 1135 1543 1274 1578; x_wconf 77' lang='grc' dir='ltr'><strong>ἀποκοπὴν</strong></span> <span class='ocrx_word' id='word_1_563' title='bbox 1297 1543 1376 1570; x_wconf 77' lang='grc' dir='ltr'>τοῦτο</span> <span class='ocrx_word' id='word_1_564' title='bbox 1395 1544 1566 1578; x_wconf 81' lang='grc' dir='ltr'><strong>ἡγησάμενοι</strong></span> <span class='ocrx_word' id='word_1_565' title='bbox 1582 1543 1621 1578; x_wconf 81' lang='grc' dir='ltr'>τῷ</span> <span class='ocrx_word' id='word_1_566' title='bbox 1647 1545 1753 1579; x_wconf 79' lang='grc' dir='ltr'>βασιλεῖ</span> <span class='ocrx_word' id='word_1_567' title='bbox 1766 1547 1811 1572; x_wconf 81' lang='grc' dir='ltr'><strong>ἐν-</strong></span> 
     </span>
    </p>
   </div>
   <div class='ocr_carea' id='block_1_79' title="bbox 1028 1589 1810 1626">
    <p class='ocr_par' dir='ltr' id='par_1_79' title="bbox 1028 1589 1810 1626">
     <span class='ocr_line' id='line_1_79' title="bbox 1028 1589 1810 1626; baseline 0.003 -10"><span class='ocrx_word' id='word_1_568' title='bbox 1028 1589 1133 1616; x_wconf 84' lang='grc' dir='ltr'>έκειντο</span> <span class='ocrx_word' id='word_1_569' title='bbox 1149 1589 1172 1605; x_wconf 74' lang='lat'>”</span> <span class='ocrx_word' id='word_1_570' title='bbox 1186 1589 1298 1624; x_wconf 84' lang='grc' dir='ltr'>Περσῶν</span> <span class='ocrx_word' id='word_1_571' title='bbox 1315 1589 1352 1624; x_wconf 79' lang='grc' dir='ltr'>μὴ</span> <span class='ocrx_word' id='word_1_572' title='bbox 1373 1589 1506 1624; x_wconf 78' lang='grc' dir='ltr'>περιιδεῖν</span> <span class='ocrx_word' id='word_1_573' title='bbox 1535 1590 1636 1621; x_wconf 70' lang='grc' dir='ltr'>αὐτοὺς</span> <span class='ocrx_word' id='word_1_574' title='bbox 1660 1591 1734 1626; x_wconf 72' lang='grc' dir='ltr'>αὐτῷ</span> <span class='ocrx_word' id='word_1_575' title='bbox 1745 1591 1810 1618; x_wconf 87' lang='grc' dir='ltr'>ἀνα-</span> 
     </span>
    </p>
   </div>
   <div class='ocr_carea' id='block_1_80' title="bbox 1028 1634 1810 1671">
    <p class='ocr_par' dir='ltr' id='par_1_80' title="bbox 1028 1634 1810 1671">
     <span class='ocr_line' id='line_1_80' title="bbox 1028 1634 1810 1671; baseline -0.001 -8"><span class='ocrx_word' id='word_1_576' title='bbox 1028 1635 1181 1669; x_wconf 81' lang='grc' dir='ltr'>κειμένους.</span> <span class='ocrx_word' id='word_1_577' title='bbox 1196 1634 1242 1669; x_wconf 84' lang='grc' dir='ltr'>Τῷ</span> <span class='ocrx_word' id='word_1_578' title='bbox 1257 1643 1297 1661; x_wconf 83' lang='grc' dir='ltr'>τοι</span> <span class='ocrx_word' id='word_1_579' title='bbox 1311 1635 1366 1669; x_wconf 82' lang='grc' dir='ltr'>ἀρα</span> <span class='ocrx_word' id='word_1_580' title='bbox 1385 1636 1432 1661; x_wconf 79' lang='grc' dir='ltr'><strong>καὶ</strong></span> <span class='ocrx_word' id='word_1_581' title='bbox 1445 1635 1548 1670; x_wconf 82' lang='grc' dir='ltr'>Πέτρου</span> <span class='ocrx_word' id='word_1_582' title='bbox 1564 1636 1653 1662; x_wconf 74' lang='grc' dir='ltr'>ἐκεῖσε</span> <span class='ocrx_word' id='word_1_583' title='bbox 1673 1636 1810 1671; x_wconf 67' lang='grc' dir='ltr'>πρεσϐευ-</span> 
     </span>
    </p>
   </div>
   <div class='ocr_carea' id='block_1_81' title="bbox 1028 1679 1809 1716">
    <p class='ocr_par' dir='ltr' id='par_1_81' title="bbox 1028 1679 1809 1716">
     <span class='ocr_line' id='line_1_81' title="bbox 1028 1679 1809 1716; baseline 0.003 -10"><span class='ocrx_word' id='word_1_584' title='bbox 1028 1680 1156 1715; x_wconf 80' lang='grc' dir='ltr'>σαμένου,</span> <span class='ocrx_word' id='word_1_585' title='bbox 1168 1679 1262 1715; x_wconf 83' lang='grc' dir='ltr'>ὥσπερ</span> <span class='ocrx_word' id='word_1_586' title='bbox 1282 1681 1337 1712; x_wconf 86' lang='grc' dir='ltr'>τοίς</span> <span class='ocrx_word' id='word_1_587' title='bbox 1351 1681 1518 1716; x_wconf 86' lang='grc' dir='ltr'>Σαρακηνοῖς</span> <span class='ocrx_word' id='word_1_588' title='bbox 1541 1680 1708 1713; x_wconf 81' lang='grc' dir='ltr'><strong>ὑπευθύνους</strong></span> <span class='ocrx_word' id='word_1_589' title='bbox 1729 1682 1809 1712; x_wconf 71' lang='grc' dir='ltr'>ὄντας</span> 
     </span>
    </p>
   </div>
   <div class='ocr_carea' id='block_1_82' title="bbox 1032 1725 1810 1761">
    <p class='ocr_par' dir='ltr' id='par_1_82' title="bbox 1032 1725 1810 1761">
     <span class='ocr_line' id='line_1_82' title="bbox 1032 1725 1810 1761; baseline 0.004 -10"><span class='ocrx_word' id='word_1_590' title='bbox 1032 1725 1184 1760; x_wconf 80' lang='grc' dir='ltr'>Ῥωμαίους</span> <span class='ocrx_word' id='word_1_591' title='bbox 1197 1725 1274 1760; x_wconf 75' lang='grc' dir='ltr'>ἔλεγε</span> <span class='ocrx_word' id='word_1_592' title='bbox 1286 1725 1341 1752; x_wconf 85' lang='grc' dir='ltr'>δεῖν</span> <span class='ocrx_word' id='word_1_593' title='bbox 1361 1727 1376 1752; x_wconf 91' lang='grc' dir='ltr'><strong>ό</strong></span> <span class='ocrx_word' id='word_1_594' title='bbox 1389 1726 1513 1761; x_wconf 86' lang='grc' dir='ltr'>Χοσρόης</span> <span class='ocrx_word' id='word_1_595' title='bbox 1538 1727 1712 1754; x_wconf 80' lang='grc' dir='ltr'>ἁποδίδοσθαί</span> <span class='ocrx_word' id='word_1_596' title='bbox 1733 1737 1810 1761; x_wconf 74' lang='grc' dir='ltr'>σφισι</span> 
     </span>
    </p>
   </div>
   <div class='ocr_carea' id='block_1_83' title="bbox 1026 1769 1810 1808">
    <p class='ocr_par' dir='ltr' id='par_1_83' title="bbox 1026 1769 1810 1808">
     <span class='ocr_line' id='line_1_83' title="bbox 1026 1769 1810 1808; baseline 0.004 -11"><span class='ocrx_word' id='word_1_597' title='bbox 1026 1770 1057 1797; x_wconf 70' lang='grc' dir='ltr'>τὸ</span> <span class='ocrx_word' id='word_1_598' title='bbox 1073 1771 1161 1806; x_wconf 77' lang='grc' dir='ltr'>χρέος.</span> <span class='ocrx_word' id='word_1_599' title='bbox 1178 1769 1245 1798; x_wconf 83' lang='grc' dir='ltr'>Εῐτα</span> <span class='ocrx_word' id='word_1_600' title='bbox 1259 1771 1306 1797; x_wconf 76' lang='grc' dir='ltr'><strong>καὶ</strong></span> <span class='ocrx_word' id='word_1_601' title='bbox 1324 1771 1446 1798; x_wconf 80' lang='grc' dir='ltr'>Ἰωάννου</span> <span class='ocrx_word' id='word_1_602' title='bbox 1458 1772 1555 1798; x_wconf 76' lang='grc' dir='ltr'>αὐτόσε</span> <span class='ocrx_word' id='word_1_603' title='bbox 1575 1773 1742 1808; x_wconf 80' lang='grc' dir='ltr'>ἀφικομένου</span> <span class='ocrx_word' id='word_1_604' title='bbox 1752 1775 1810 1805; x_wconf 71' lang='grc' dir='ltr'>τοῖς</span> 
     </span>
    </p>
   </div>
   <div class='ocr_carea' id='block_1_84' title="bbox 1027 1816 1808 1852">
    <p class='ocr_par' dir='ltr' id='par_1_84' title="bbox 1027 1816 1808 1852">
     <span class='ocr_line' id='line_1_84' title="bbox 1027 1816 1808 1852; baseline 0.001 -9"><span class='ocrx_word' id='word_1_605' title='bbox 1027 1816 1118 1848; x_wconf 80' lang='grc' dir='ltr'>αὐτοῖς</span> <span class='ocrx_word' id='word_1_606' title='bbox 1132 1816 1267 1852; x_wconf 78' lang='grc' dir='ltr'><strong>ἐχρήσατο</strong></span> <span class='ocrx_word' id='word_1_607' title='bbox 1289 1816 1403 1852; x_wconf 82' lang='grc' dir='ltr'>ῥήμασι.</span> <span class='ocrx_word' id='word_1_608' title='bbox 1423 1817 1625 1852; x_wconf 75' lang='grc' dir='ltr'>Διισχυριζοντο</span> <span class='ocrx_word' id='word_1_609' title='bbox 1647 1818 1700 1852; x_wconf 81' lang='grc' dir='ltr'><strong>γάρ</strong></span> <span class='ocrx_word' id='word_1_610' title='bbox 1714 1827 1772 1850; x_wconf 82' lang='grc' dir='ltr'>πως</span> <span class='ocrx_word' id='word_1_611' title='bbox 1784 1820 1808 1844; x_wconf 84' lang='grc' dir='ltr'><strong>οἱ</strong></span> 
     </span>
    </p>
   </div>
   <div class='ocr_carea' id='block_1_85' title="bbox 1027 1860 1809 1898">
    <p class='ocr_par' dir='ltr' id='par_1_85' title="bbox 1027 1860 1809 1898">
     <span class='ocr_line' id='line_1_85' title="bbox 1027 1860 1809 1898; baseline 0.005 -12"><span class='ocrx_word' id='word_1_612' title='bbox 1027 1861 1191 1896; x_wconf 76' lang='grc' dir='ltr'>Σαρακηνοὶ,</span> <span class='ocrx_word' id='word_1_613' title='bbox 1205 1860 1242 1892; x_wconf 81' lang='grc' dir='ltr'>ὡς</span> <span class='ocrx_word' id='word_1_614' title='bbox 1260 1861 1329 1896; x_wconf 80' lang='grc' dir='ltr'><strong>ὑπὲρ</strong></span> <span class='ocrx_word' id='word_1_615' title='bbox 1338 1861 1385 1888; x_wconf 82' lang='grc' dir='ltr'><strong>τοῦ</strong></span> <span class='ocrx_word' id='word_1_616' title='bbox 1397 1862 1508 1897; x_wconf 80' lang='grc' dir='ltr'><strong>εἰρήνην</strong></span> <span class='ocrx_word' id='word_1_617' title='bbox 1522 1862 1600 1897; x_wconf 76' lang='grc' dir='ltr'>ἄγειν</span> <span class='ocrx_word' id='word_1_618' title='bbox 1611 1863 1658 1889; x_wconf 66' lang='grc' dir='ltr'>καὶ</span> <span class='ocrx_word' id='word_1_619' title='bbox 1675 1864 1712 1898; x_wconf 78' lang='grc' dir='ltr'>μὴ</span> <span class='ocrx_word' id='word_1_620' title='bbox 1725 1872 1809 1890; x_wconf 75' lang='grc' dir='ltr'>κατα-</span> 
     </span>
    </p>
   </div>
   <div class='ocr_carea' id='block_1_86' title="bbox 1027 1905 1810 1944">
    <p class='ocr_par' dir='ltr' id='par_1_86' title="bbox 1027 1905 1810 1944">
     <span class='ocr_line' id='line_1_86' title="bbox 1027 1905 1810 1944; baseline 0.004 -12"><span class='ocrx_word' id='word_1_621' title='bbox 1027 1905 1098 1933; x_wconf 84' lang='grc' dir='ltr'>θέειν</span> <span class='ocrx_word' id='word_1_622' title='bbox 1122 1905 1171 1941; x_wconf 84' lang='grc' dir='ltr'><strong>τὴν</strong></span> <span class='ocrx_word' id='word_1_623' title='bbox 1193 1906 1336 1941; x_wconf 82' lang='grc' dir='ltr'>Ῥωμαίων</span> <span class='ocrx_word' id='word_1_624' title='bbox 1360 1907 1394 1934; x_wconf 82' lang='grc' dir='ltr'>τὰ</span> <span class='ocrx_word' id='word_1_625' title='bbox 1419 1907 1532 1934; x_wconf 70' lang='grc' dir='ltr'>τοιαῦτα</span> <span class='ocrx_word' id='word_1_626' title='bbox 1558 1908 1716 1943; x_wconf 75' lang='grc' dir='ltr'><strong>ἐκομίζοντο</strong></span> <span class='ocrx_word' id='word_1_627' title='bbox 1741 1910 1810 1944; x_wconf 71' lang='grc' dir='ltr'><strong>χρή-</strong></span> 
     </span>
    </p>
   </div>
   <div class='ocr_carea' id='block_1_87' title="bbox 1029 1951 1810 1989">
    <p class='ocr_par' dir='ltr' id='par_1_87' title="bbox 1029 1951 1810 1989">
     <span class='ocr_line' id='line_1_87' title="bbox 1029 1951 1810 1989; baseline 0.004 -12"><span class='ocrx_word' id='word_1_628' title='bbox 1029 1960 1112 1986; x_wconf 81' lang='grc' dir='ltr'>ματα,</span> <span class='ocrx_word' id='word_1_629' title='bbox 1128 1951 1251 1978; x_wconf 82' lang='grc' dir='ltr'><strong>ἐντεῦθέν</strong></span> <span class='ocrx_word' id='word_1_630' title='bbox 1275 1959 1304 1978; x_wconf 83' lang='grc' dir='ltr'>τε</span> <span class='ocrx_word' id='word_1_631' title='bbox 1332 1951 1473 1984; x_wconf 77' lang='grc' dir='ltr'><strong>ὲὸιάζοντο</strong></span> <span class='ocrx_word' id='word_1_632' title='bbox 1499 1954 1547 1989; x_wconf 78' lang='grc' dir='ltr'><strong>τὴν</strong></span> <span class='ocrx_word' id='word_1_633' title='bbox 1572 1953 1621 1980; x_wconf 78' lang='grc' dir='ltr'><strong>τοῦ</strong></span> <span class='ocrx_word' id='word_1_634' title='bbox 1647 1955 1810 1989; x_wconf 79' lang='grc' dir='ltr'>πράγματος</span> 
     </span>
    </p>
   </div>
   <div class='ocr_carea' id='block_1_88' title="bbox 1027 1995 1810 2032">
    <p class='ocr_par' dir='ltr' id='par_1_88' title="bbox 1027 1995 1810 2032">
     <span class='ocr_line' id='line_1_88' title="bbox 1027 1995 1810 2032; baseline 0.005 -11"><span class='ocrx_word' id='word_1_635' title='bbox 1027 1996 1117 2029; x_wconf 79' lang='grc' dir='ltr'>φύσιν.</span> <span class='ocrx_word' id='word_1_636' title='bbox 1142 1995 1210 2022; x_wconf 79' lang='grc' dir='ltr'><strong>Ὀδὲ</strong></span> <span class='ocrx_word' id='word_1_637' title='bbox 1231 1995 1365 2031; x_wconf 84' lang='grc' dir='ltr'><strong>Ἰωάννης,</strong></span> <span class='ocrx_word' id='word_1_638' title='bbox 1388 1997 1424 2028; x_wconf 83' lang='grc' dir='ltr'>ὡς</span> <span class='ocrx_word' id='word_1_639' title='bbox 1442 1997 1516 2032; x_wconf 77' lang='grc' dir='ltr'>ἑώρα</span> <span class='ocrx_word' id='word_1_640' title='bbox 1540 1999 1610 2032; x_wconf 78' lang='grc' dir='ltr'>σφᾶς</span> <span class='ocrx_word' id='word_1_641' title='bbox 1631 1999 1662 2025; x_wconf 80' lang='grc' dir='ltr'><strong>οὐ</strong></span> <span class='ocrx_word' id='word_1_642' title='bbox 1682 1999 1754 2025; x_wconf 75' lang='grc' dir='ltr'>κατὰ</span> <span class='ocrx_word' id='word_1_643' title='bbox 1779 2000 1810 2025; x_wconf 80' lang='grc' dir='ltr'><strong>τὸ</strong></span> 
     </span>
    </p>
   </div>
   <div class='ocr_carea' id='block_1_89' title="bbox 1025 2040 1807 2079">
    <p class='ocr_par' dir='ltr' id='par_1_89' title="bbox 1025 2040 1807 2079">
     <span class='ocr_line' id='line_1_89' title="bbox 1025 2040 1807 2079; baseline 0.004 -12"><span class='ocrx_word' id='word_1_644' title='bbox 1025 2041 1084 2068; x_wconf 88' lang='grc' dir='ltr'>δέον</span> <span class='ocrx_word' id='word_1_645' title='bbox 1097 2041 1127 2068; x_wconf 84' lang='grc' dir='ltr'><strong>τδ</strong></span> <span class='ocrx_word' id='word_1_646' title='bbox 1147 2040 1288 2076; x_wconf 75' lang='grc' dir='ltr'>ἐπίκλημα</span> <span class='ocrx_word' id='word_1_647' title='bbox 1312 2043 1501 2076; x_wconf 77' lang='grc' dir='ltr'>ποιουμένους,</span> <span class='ocrx_word' id='word_1_648' title='bbox 1529 2041 1605 2070; x_wconf 74' lang='grc' dir='ltr'>εἶπεν</span> <span class='ocrx_word' id='word_1_649' title='bbox 1618 2052 1625 2060; x_wconf 93' lang='grc'><strong>·</strong></span> <span class='ocrx_word' id='word_1_650' title='bbox 1645 2053 1654 2069; x_wconf 81' lang='grc' dir='ltr'>ι</span> <span class='ocrx_word' id='word_1_651' title='bbox 1674 2044 1704 2070; x_wconf 77' lang='grc' dir='ltr'>Εἰ</span> <span class='ocrx_word' id='word_1_652' title='bbox 1722 2044 1770 2079; x_wconf 84' lang='grc' dir='ltr'>μὲν</span> <span class='ocrx_word' id='word_1_653' title='bbox 1784 2044 1807 2060; x_wconf 74' lang='grc'><strong>⁸⁵</strong></span> 
     </span>
    </p>
   </div>
   <div class='ocr_carea' id='block_1_90' title="bbox 1025 2087 1810 2125">
    <p class='ocr_par' dir='ltr' id='par_1_90' title="bbox 1025 2087 1810 2125">
     <span class='ocr_line' id='line_1_90' title="bbox 1025 2087 1810 2125; baseline 0.004 -12"><span class='ocrx_word' id='word_1_654' title='bbox 1025 2087 1119 2123; x_wconf 67' lang='grc' dir='ltr'>ἕτερός</span> <span class='ocrx_word' id='word_1_655' title='bbox 1135 2095 1186 2119; x_wconf 86' lang='grc' dir='ltr'>τις,</span> <span class='ocrx_word' id='word_1_656' title='bbox 1208 2087 1255 2114; x_wconf 61' lang='grc' dir='ltr'>καὶ.</span> <span class='ocrx_word' id='word_1_657' title='bbox 1276 2087 1338 2122; x_wconf 68' lang='grc' dir='ltr'><strong>οὐχὶ</strong></span> <span class='ocrx_word' id='word_1_658' title='bbox 1362 2087 1486 2123; x_wconf 84' lang='grc' dir='ltr'>Χοσρόης</span> <span class='ocrx_word' id='word_1_659' title='bbox 1509 2089 1524 2114; x_wconf 80' lang='grc' dir='ltr'><strong>ό</strong></span> <span class='ocrx_word' id='word_1_660' title='bbox 1540 2089 1621 2121; x_wconf 84' lang='grc' dir='ltr'>πάνυ,</span> <span class='ocrx_word' id='word_1_661' title='bbox 1642 2089 1810 2125; x_wconf 76' lang='grc' dir='ltr'>ξυνεπελαμ·</span> 
     </span>
    </p>
   </div>
   <div class='ocr_carea' id='block_1_91' title="bbox 1027 2133 1810 2171">
    <p class='ocr_par' dir='ltr' id='par_1_91' title="bbox 1027 2133 1810 2171">
     <span class='ocr_line' id='line_1_91' title="bbox 1027 2133 1810 2171; baseline 0.003 -11"><span class='ocrx_word' id='word_1_662' title='bbox 1027 2133 1122 2161; x_wconf 76' lang='grc' dir='ltr'>ϐάνετο</span> <span class='ocrx_word' id='word_1_663' title='bbox 1136 2135 1192 2166; x_wconf 85' lang='grc' dir='ltr'>τοῖς</span> <span class='ocrx_word' id='word_1_664' title='bbox 1206 2134 1306 2166; x_wconf 82' lang='grc' dir='ltr'>ἀδίκως</span> <span class='ocrx_word' id='word_1_665' title='bbox 1318 2134 1502 2168; x_wconf 83' lang='grc' dir='ltr'>ὲπεγκαλοῦσι</span> <span class='ocrx_word' id='word_1_666' title='bbox 1526 2136 1707 2171; x_wconf 81' lang='grc' dir='ltr'>Σαρακηνοῖς,</span> <span class='ocrx_word' id='word_1_667' title='bbox 1729 2135 1810 2171; x_wconf 80' lang='grc' dir='ltr'>ἧττον</span> 
     </span>
    </p>
   </div>
   <div class='ocr_carea' id='block_1_92' title="bbox 192 2178 981 2216">
    <p class='ocr_par' dir='ltr' id='par_1_92' title="bbox 192 2178 974 2214">
     <span class='ocr_line' id='line_1_92' title="bbox 192 2178 974 2214; baseline 0 -7"><span class='ocrx_word' id='word_1_668' title='bbox 192 2183 266 2212; x_wconf 87' lang='lat' dir='ltr'><strong>sunt,</strong></span> <span class='ocrx_word' id='word_1_669' title='bbox 283 2179 390 2214; x_wconf 92' lang='lat' dir='ltr'><strong>plurimi</strong></span> <span class='ocrx_word' id='word_1_670' title='bbox 408 2178 484 2211; x_wconf 87' lang='lat' dir='ltr'><strong>facit,</strong></span> <span class='ocrx_word' id='word_1_671' title='bbox 499 2178 596 2205; x_wconf 88' lang='lat' dir='ltr'><strong>addam</strong></span> <span class='ocrx_word' id='word_1_672' title='bbox 614 2179 706 2210; x_wconf 88' lang='lat' dir='ltr'><strong>etiam,</strong></span> <span class='ocrx_word' id='word_1_673' title='bbox 725 2179 771 2212; x_wconf 91' lang='lat' dir='ltr'><strong>qui</strong></span> <span class='ocrx_word' id='word_1_674' title='bbox 786 2179 854 2206; x_wconf 89' lang='lat' dir='ltr'><strong>bene</strong></span> <span class='ocrx_word' id='word_1_675' title='bbox 868 2182 902 2206; x_wconf 84' lang='lat' dir='ltr'><strong>de</strong></span> <span class='ocrx_word' id='word_1_676' title='bbox 918 2178 974 2207; x_wconf 84' lang='lat' dir='ltr'><strong>Ro—</strong></span> 
     </span>
    </p>
   </div>
   <div class='ocr_carea' id='block_1_93' title="bbox 1026 2178 1810 2216">
    <p class='ocr_par' dir='ltr' id='par_1_93' title="bbox 1028 2178 1810 2216">
     <span class='ocr_line' id='line_1_93' title="bbox 1028 2178 1810 2216; baseline 0 -11"><span class='ocrx_word' id='word_1_677' title='bbox 1028 2178 1060 2205; x_wconf 81' lang='grc' dir='ltr'><strong>ἃν</strong></span> <span class='ocrx_word' id='word_1_678' title='bbox 1072 2179 1178 2215; x_wconf 82' lang='grc' dir='ltr'><strong>ὑπῆρχε</strong></span> <span class='ocrx_word' id='word_1_679' title='bbox 1189 2179 1285 2206; x_wconf 82' lang='grc' dir='ltr'>δεινόν.</span> <span class='ocrx_word' id='word_1_680' title='bbox 1298 2178 1432 2205; x_wconf 83' lang='grc' dir='ltr'><strong>Τοσοῦτον</strong></span> <span class='ocrx_word' id='word_1_681' title='bbox 1443 2179 1472 2205; x_wconf 77' lang='grc' dir='ltr'>δὲ</span> <span class='ocrx_word' id='word_1_682' title='bbox 1485 2179 1598 2214; x_wconf 81' lang='grc' dir='ltr'>βασιλέα</span> <span class='ocrx_word' id='word_1_683' title='bbox 1609 2180 1731 2216; x_wconf 84' lang='grc' dir='ltr'><strong>Περσῶν,</strong></span> <span class='ocrx_word' id='word_1_684' title='bbox 1745 2182 1810 2215; x_wconf 76' lang='grc' dir='ltr'>περὶ</span> 
     </span>
    </p>
   </div>
   <div class='ocr_carea' id='block_1_94' title="bbox 193 2223 975 2258">
    <p class='ocr_par' dir='ltr' id='par_1_94' title="bbox 193 2223 975 2258">
     <span class='ocr_line' id='line_1_94' title="bbox 193 2223 975 2258; baseline -0.001 -6"><span class='ocrx_word' id='word_1_685' title='bbox 193 2226 282 2252; x_wconf 80' lang='lat' dir='ltr'><strong>manis</strong></span> <span class='ocrx_word' id='word_1_686' title='bbox 302 2225 384 2252; x_wconf 87' lang='lat' dir='ltr'><strong>rebus</strong></span> <span class='ocrx_word' id='word_1_687' title='bbox 399 2224 490 2257; x_wconf 86' lang='lat' dir='ltr'><strong>sentit,</strong></span> <span class='ocrx_word' id='word_1_688' title='bbox 509 2224 665 2251; x_wconf 85' lang='lat' dir='ltr'><strong>consentire</strong></span> <span class='ocrx_word' id='word_1_689' title='bbox 686 2224 738 2257; x_wconf 89' lang='lat' dir='ltr'><strong>his,</strong></span> <span class='ocrx_word' id='word_1_690' title='bbox 759 2224 805 2258; x_wconf 91' lang='lat' dir='ltr'><strong>qui</strong></span> <span class='ocrx_word' id='word_1_691' title='bbox 824 2223 918 2252; x_wconf 86' lang='lat' dir='ltr'><strong>volunt</strong></span> <span class='ocrx_word' id='word_1_692' title='bbox 933 2224 975 2251; x_wconf 90' lang='lat' dir='ltr'><strong>in-</strong></span> 
     </span>
    </p>
   </div>
   <div class='ocr_carea' id='block_1_95' title="bbox 190 2269 976 2306">
    <p class='ocr_par' dir='ltr' id='par_1_95' title="bbox 190 2269 976 2306">
     <span class='ocr_line' id='line_1_95' title="bbox 190 2269 976 2306; baseline 0.001 -9"><span class='ocrx_word' id='word_1_693' title='bbox 190 2271 263 2306; x_wconf 74' lang='lat' dir='ltr'><strong>juste</strong></span> <span class='ocrx_word' id='word_1_694' title='bbox 279 2270 379 2302; x_wconf 87' lang='lat' dir='ltr'><strong>facere,</strong></span> <span class='ocrx_word' id='word_1_695' title='bbox 395 2269 475 2297; x_wconf 91' lang='lat' dir='ltr'><strong>simul</strong></span> <span class='ocrx_word' id='word_1_696' title='bbox 488 2275 515 2296; x_wconf 88' lang='lat' dir='ltr'><strong>et</strong></span> <span class='ocrx_word' id='word_1_697' title='bbox 540 2269 691 2296; x_wconf 86' lang='lat' dir='ltr'><strong>admirarer</strong></span> <span class='ocrx_word' id='word_1_698' title='bbox 708 2273 734 2296; x_wconf 87' lang='lat' dir='ltr'><strong>et</strong></span> <span class='ocrx_word' id='word_1_699' title='bbox 748 2276 876 2303; x_wconf 86' lang='lat' dir='ltr'><strong>quererer</strong></span> <span class='ocrx_word' id='word_1_700' title='bbox 897 2278 904 2297; x_wconf 87' lang='lat'><strong>:</strong></span> <span class='ocrx_word' id='word_1_701' title='bbox 928 2271 976 2298; x_wconf 79' lang='lat' dir='ltr'><strong>sed</strong></span> 
     </span>
    </p>
   </div>
   <div class='ocr_carea' id='block_1_96' title="bbox 192 2314 975 2344">
    <p class='ocr_par' dir='ltr' id='par_1_96' title="bbox 192 2314 975 2344">
     <span class='ocr_line' id='line_1_96' title="bbox 192 2314 975 2344; baseline 0 0"><span class='ocrx_word' id='word_1_702' title='bbox 192 2317 311 2344; x_wconf 85' lang='lat' dir='ltr'><strong>animum</strong></span> <span class='ocrx_word' id='word_1_703' title='bbox 329 2324 381 2343; x_wconf 87' lang='lat' dir='ltr'><strong>non</strong></span> <span class='ocrx_word' id='word_1_704' title='bbox 397 2315 528 2344; x_wconf 69' lang='lat' dir='ltr'><strong>socordiae</strong></span> <span class='ocrx_word' id='word_1_705' title='bbox 544 2314 612 2342; x_wconf 88' lang='lat' dir='ltr'><strong>dabo</strong></span> <span class='ocrx_word' id='word_1_706' title='bbox 633 2322 640 2341; x_wconf 87' lang='lat'>:</span> <span class='ocrx_word' id='word_1_707' title='bbox 657 2314 794 2342; x_wconf 77' lang='lat' dir='ltr'><strong>Romanus</strong></span> <span class='ocrx_word' id='word_1_708' title='bbox 809 2314 881 2342; x_wconf 91' lang='lat' dir='ltr'><strong>enim</strong></span> <span class='ocrx_word' id='word_1_709' title='bbox 894 2323 952 2343; x_wconf 85' lang='lat' dir='ltr'><strong>sum</strong></span> <span class='ocrx_word' id='word_1_710' title='bbox 966 2325 975 2344; x_wconf 88' lang='lat'><strong>:</strong></span> 
     </span>
    </p>
   </div>
   <div class='ocr_carea' id='block_1_97' title="bbox 191 2360 976 2394">
    <p class='ocr_par' dir='ltr' id='par_1_97' title="bbox 191 2360 976 2394">
     <span class='ocr_line' id='line_1_97' title="bbox 191 2360 976 2394; baseline -0.003 -3"><span class='ocrx_word' id='word_1_711' title='bbox 191 2368 219 2391; x_wconf 87' lang='lat' dir='ltr'><strong>et</strong></span> <span class='ocrx_word' id='word_1_712' title='bbox 243 2363 344 2390; x_wconf 83' lang='lat' dir='ltr'><strong>docebo</strong></span> <span class='ocrx_word' id='word_1_713' title='bbox 365 2361 455 2390; x_wconf 89' lang='lat' dir='ltr'><strong>omnia</strong></span> <span class='ocrx_word' id='word_1_714' title='bbox 474 2370 481 2388; x_wconf 85' lang='lat'><strong>:</strong></span> <span class='ocrx_word' id='word_1_715' title='bbox 500 2360 606 2387; x_wconf 84' lang='lat' dir='ltr'><strong>tametsi</strong></span> <span class='ocrx_word' id='word_1_716' title='bbox 636 2367 725 2394; x_wconf 74' lang='lat' dir='ltr'><strong>regem</strong></span> <span class='ocrx_word' id='word_1_717' title='bbox 749 2360 840 2387; x_wconf 84' lang='lat' dir='ltr'><strong>doceri</strong></span> <span class='ocrx_word' id='word_1_718' title='bbox 866 2361 976 2389; x_wconf 84' lang='lat' dir='ltr'><strong>minime</strong></span> 
     </span>
    </p>
   </div>
   <div class='ocr_carea' id='block_1_98' title="bbox 192 2404 976 2440">
    <p class='ocr_par' dir='ltr' id='par_1_98' title="bbox 192 2404 976 2440">
     <span class='ocr_line' id='line_1_98' title="bbox 192 2404 976 2440; baseline -0.004 -4"><span class='ocrx_word' id='word_1_719' title='bbox 192 2415 304 2436; x_wconf 85' lang='lat' dir='ltr'><strong>necesse</strong></span> <span class='ocrx_word' id='word_1_720' title='bbox 320 2412 372 2440; x_wconf 87' lang='lat' dir='ltr'><strong>est,</strong></span> <span class='ocrx_word' id='word_1_721' title='bbox 390 2405 437 2434; x_wconf 85' lang='lat' dir='ltr'><strong>sed</strong></span> <span class='ocrx_word' id='word_1_722' title='bbox 452 2405 485 2433; x_wconf 92' lang='lat' dir='ltr'><strong>ad</strong></span> <span class='ocrx_word' id='word_1_723' title='bbox 498 2405 569 2432; x_wconf 86' lang='lat' dir='ltr'><strong>haud</strong></span> <span class='ocrx_word' id='word_1_724' title='bbox 587 2404 690 2432; x_wconf 89' lang='lat' dir='ltr'><strong>inscios</strong></span> <span class='ocrx_word' id='word_1_725' title='bbox 704 2404 824 2431; x_wconf 88' lang='lat' dir='ltr'><strong>narratio</strong></span> <span class='ocrx_word' id='word_1_726' title='bbox 839 2412 897 2432; x_wconf 86' lang='lat' dir='ltr'><strong>mea</strong></span> <span class='ocrx_word' id='word_1_727' title='bbox 910 2413 976 2433; x_wconf 89' lang='lat' dir='ltr'><strong>con-</strong></span> 
     </span>
    </p>
   </div>
   <div class='ocr_carea' id='block_1_99' title="bbox 191 2449 975 2487">
    <p class='ocr_par' dir='ltr' id='par_1_99' title="bbox 191 2449 975 2487">
     <span class='ocr_line' id='line_1_99' title="bbox 191 2449 975 2487; baseline -0.005 -6"><span class='ocrx_word' id='word_1_728' title='bbox 191 2454 315 2482; x_wconf 85' lang='lat' dir='ltr'><strong>vertitur.</strong></span> <span class='ocrx_word' id='word_1_729' title='bbox 331 2453 381 2487; x_wconf 85' lang='lat' dir='ltr'><strong>Qui</strong></span> <span class='ocrx_word' id='word_1_730' title='bbox 396 2452 468 2480; x_wconf 90' lang='lat' dir='ltr'><strong>enim</strong></span> <span class='ocrx_word' id='word_1_731' title='bbox 488 2450 570 2479; x_wconf 87' lang='lat' dir='ltr'><strong>semel</strong></span> <span class='ocrx_word' id='word_1_732' title='bbox 584 2458 626 2484; x_wconf 88' lang='lat' dir='ltr'><strong>ea,</strong></span> <span class='ocrx_word' id='word_1_733' title='bbox 644 2457 704 2485; x_wconf 72' lang='lat' dir='ltr'><strong>quae</strong></span> <span class='ocrx_word' id='word_1_734' title='bbox 717 2449 831 2485; x_wconf 72' lang='lat' dir='ltr'><strong>justitiae</strong></span> <span class='ocrx_word' id='word_1_735' title='bbox 848 2455 875 2478; x_wconf 90' lang='lat' dir='ltr'><strong>et</strong></span> <span class='ocrx_word' id='word_1_736' title='bbox 890 2451 975 2486; x_wconf 76' lang='lat' dir='ltr'><strong>tequi-</strong></span> 
     </span>
    </p>
   </div>
   <div class='ocr_carea' id='block_1_100' title="bbox 193 2498 974 2533">
    <p class='ocr_par' dir='ltr' id='par_1_100' title="bbox 193 2498 974 2533">
     <span class='ocr_line' id='line_1_100' title="bbox 193 2498 974 2533; baseline -0.008 -3"><span class='ocrx_word' id='word_1_737' title='bbox 193 2503 241 2530; x_wconf 76' lang='lat' dir='ltr'><strong>tati</strong></span> <span class='ocrx_word' id='word_1_738' title='bbox 266 2505 329 2529; x_wconf 88' lang='lat' dir='ltr'><strong>sunt</strong></span> <span class='ocrx_word' id='word_1_739' title='bbox 344 2500 546 2532; x_wconf 61' lang='lat' dir='ltr'><strong>consentanea,</strong></span> <span class='ocrx_word' id='word_1_740' title='bbox 564 2499 707 2533; x_wconf 84' lang='lat' dir='ltr'><strong>cognovit,</strong></span> <span class='ocrx_word' id='word_1_741' title='bbox 725 2498 748 2526; x_wconf 88' lang='lat' dir='ltr'><strong>si</strong></span> <span class='ocrx_word' id='word_1_742' title='bbox 769 2498 862 2525; x_wconf 89' lang='lat' dir='ltr'><strong>eadem</strong></span> <span class='ocrx_word' id='word_1_743' title='bbox 879 2499 974 2525; x_wconf 89' lang='lat' dir='ltr'><strong>iterum</strong></span> 
     </span>
    </p>
   </div>
   <div class='ocr_carea' id='block_1_101' title="bbox 192 2545 977 2581">
    <p class='ocr_par' dir='ltr' id='par_1_101' title="bbox 192 2545 977 2581">
     <span class='ocr_line' id='line_1_101' title="bbox 192 2545 977 2581; baseline -0.008 -5"><span class='ocrx_word' id='word_1_744' title='bbox 192 2549 316 2580; x_wconf 88' lang='lat' dir='ltr'><strong>docetur,</strong></span> <span class='ocrx_word' id='word_1_745' title='bbox 325 2547 463 2575; x_wconf 84' lang='lat' dir='ltr'><strong>immutata</strong></span> <span class='ocrx_word' id='word_1_746' title='bbox 473 2546 552 2581; x_wconf 78' lang='lat'><strong>150</strong></span> <span class='ocrx_word' id='word_1_747' title='bbox 565 2545 678 2573; x_wconf 87' lang='lat' dir='ltr'><strong>veritate</strong></span> <span class='ocrx_word' id='word_1_748' title='bbox 689 2549 828 2580; x_wconf 86' lang='lat' dir='ltr'><strong>perspecta</strong></span> <span class='ocrx_word' id='word_1_749' title='bbox 837 2545 977 2572; x_wconf 83' lang='lat' dir='ltr'><strong>conscien-</strong></span> 
     </span>
    </p>
   </div>
   <div class='ocr_carea' id='block_1_102' title="bbox 193 2590 977 2625">
    <p class='ocr_par' dir='ltr' id='par_1_102' title="bbox 193 2590 977 2625">
     <span class='ocr_line' id='line_1_102' title="bbox 193 2590 977 2625; baseline -0.006 -4"><span class='ocrx_word' id='word_1_750' title='bbox 193 2595 257 2621; x_wconf 78' lang='lat' dir='ltr'><strong>tiam</strong></span> <span class='ocrx_word' id='word_1_751' title='bbox 286 2601 362 2621; x_wconf 86' lang='lat' dir='ltr'><strong>suam</strong></span> <span class='ocrx_word' id='word_1_752' title='bbox 386 2592 513 2620; x_wconf 81' lang='lat' dir='ltr'><strong>ﬁrmabit.</strong></span> <span class='ocrx_word' id='word_1_753' title='bbox 539 2591 619 2618; x_wconf 82' lang='lat' dir='ltr'><strong>Petro</strong></span> <span class='ocrx_word' id='word_1_754' title='bbox 640 2590 760 2625; x_wconf 89' lang='lat' dir='ltr'><strong>quidem,</strong></span> <span class='ocrx_word' id='word_1_755' title='bbox 789 2590 834 2624; x_wconf 89' lang='lat' dir='ltr'><strong>qui</strong></span> <span class='ocrx_word' id='word_1_756' title='bbox 850 2595 913 2616; x_wconf 87' lang='lat' dir='ltr'><strong>ante</strong></span> <span class='ocrx_word' id='word_1_757' title='bbox 935 2597 977 2617; x_wconf 90' lang='lat' dir='ltr'><strong>me</strong></span> 
     </span>
    </p>
   </div>
   <div class='ocr_carea' id='block_1_103' title="bbox 192 2634 977 2674">
    <p class='ocr_par' dir='ltr' id='par_1_103' title="bbox 192 2634 977 2674">
     <span class='ocr_line' id='line_1_103' title="bbox 192 2634 977 2674; baseline -0.004 -9"><span class='ocrx_word' id='word_1_758' title='bbox 192 2638 297 2674; x_wconf 79' lang='lat' dir='ltr'><strong>legatus</strong></span> <span class='ocrx_word' id='word_1_759' title='bbox 317 2638 379 2671; x_wconf 88' lang='lat' dir='ltr'><strong>fuit,</strong></span> <span class='ocrx_word' id='word_1_760' title='bbox 399 2643 425 2665; x_wconf 90' lang='lat' dir='ltr'><strong>et</strong></span> <span class='ocrx_word' id='word_1_761' title='bbox 454 2645 547 2674; x_wconf 88' lang='lat' dir='ltr'><strong>pacem</strong></span> <span class='ocrx_word' id='word_1_762' title='bbox 566 2636 711 2670; x_wconf 71' lang='lat' dir='ltr'><strong>stabilivit,</strong></span> <span class='ocrx_word' id='word_1_763' title='bbox 732 2635 810 2663; x_wconf 87' lang='lat' dir='ltr'><strong>facile</strong></span> <span class='ocrx_word' id='word_1_764' title='bbox 832 2634 893 2667; x_wconf 85' lang='lat' dir='ltr'><strong>fuit,</strong></span> <span class='ocrx_word' id='word_1_765' title='bbox 916 2643 977 2662; x_wconf 91' lang='lat' dir='ltr'><strong>cum</strong></span> 
     </span>
    </p>
   </div>
   <div class='ocr_carea' id='block_1_104' title="bbox 1025 2223 1809 2260">
    <p class='ocr_par' dir='ltr' id='par_1_104' title="bbox 1025 2223 1809 2260">
     <span class='ocr_line' id='line_1_104' title="bbox 1025 2223 1809 2260; baseline 0.003 -10"><span class='ocrx_word' id='word_1_766' title='bbox 1025 2224 1152 2251; x_wconf 76' lang='grc' dir='ltr'><strong>πλείστου</strong></span> <span class='ocrx_word' id='word_1_767' title='bbox 1170 2223 1330 2259; x_wconf 81' lang='grc' dir='ltr'><strong>ποιούμενον</strong></span> <span class='ocrx_word' id='word_1_768' title='bbox 1342 2224 1377 2251; x_wconf 83' lang='grc' dir='ltr'><strong>τὰ</strong></span> <span class='ocrx_word' id='word_1_769' title='bbox 1394 2225 1431 2260; x_wconf 90' lang='grc' dir='ltr'>μὴ</span> <span class='ocrx_word' id='word_1_770' title='bbox 1450 2225 1558 2252; x_wconf 69' lang='grc' dir='ltr'>ιναντία</span> <span class='ocrx_word' id='word_1_771' title='bbox 1576 2225 1626 2260; x_wconf 76' lang='grc' dir='ltr'><strong>τῆς</strong></span> <span class='ocrx_word' id='word_1_772' title='bbox 1640 2225 1694 2252; x_wconf 80' lang='grc' dir='ltr'><strong>τῶν</strong></span> <span class='ocrx_word' id='word_1_773' title='bbox 1719 2234 1809 2260; x_wconf 81' lang='grc' dir='ltr'>πραγ-</span> 
     </span>
    </p>
   </div>
   <div class='ocr_carea' id='block_1_105' title="bbox 1027 2269 1810 2305">
    <p class='ocr_par' dir='ltr' id='par_1_105' title="bbox 1027 2269 1810 2305">
     <span class='ocr_line' id='line_1_105' title="bbox 1027 2269 1810 2305; baseline 0.001 -9"><span class='ocrx_word' id='word_1_774' title='bbox 1027 2270 1117 2304; x_wconf 84' lang='grc' dir='ltr'>μάτων</span> <span class='ocrx_word' id='word_1_775' title='bbox 1144 2269 1262 2304; x_wconf 86' lang='grc' dir='ltr'>φύσεως,</span> <span class='ocrx_word' id='word_1_776' title='bbox 1293 2269 1441 2304; x_wconf 78' lang='grc' dir='ltr'>προσθήσω</span> <span class='ocrx_word' id='word_1_777' title='bbox 1470 2270 1498 2296; x_wconf 82' lang='grc' dir='ltr'><strong>δὲ</strong></span> <span class='ocrx_word' id='word_1_778' title='bbox 1527 2270 1575 2296; x_wconf 79' lang='grc' dir='ltr'>καὶ</span> <span class='ocrx_word' id='word_1_779' title='bbox 1601 2271 1636 2296; x_wconf 76' lang='grc' dir='ltr'><strong>τὰ</strong></span> <span class='ocrx_word' id='word_1_780' title='bbox 1667 2270 1810 2305; x_wconf 69' lang='grc' dir='ltr'>Ῥωμαίων</span> 
     </span>
    </p>
   </div>
   <div class='ocr_carea' id='block_1_106' title="bbox 1024 2314 1810 2350">
    <p class='ocr_par' dir='ltr' id='par_1_106' title="bbox 1024 2314 1810 2350">
     <span class='ocr_line' id='line_1_106' title="bbox 1024 2314 1810 2350; baseline 0 -8"><span class='ocrx_word' id='word_1_781' title='bbox 1024 2315 1224 2350; x_wconf 80' lang='grc' dir='ltr'>ἀσπαζόμενον,</span> <span class='ocrx_word' id='word_1_782' title='bbox 1240 2314 1444 2350; x_wconf 84' lang='grc' dir='ltr'>συνηγοροῦντα</span> <span class='ocrx_word' id='word_1_783' title='bbox 1456 2316 1513 2346; x_wconf 79' lang='grc' dir='ltr'>τοῖς</span> <span class='ocrx_word' id='word_1_784' title='bbox 1542 2315 1679 2342; x_wconf 79' lang='grc' dir='ltr'>ἐθέλουσιν</span> <span class='ocrx_word' id='word_1_785' title='bbox 1706 2316 1810 2342; x_wconf 85' lang='grc' dir='ltr'>ἀδικεῖν</span> 
     </span>
    </p>
   </div>
   <div class='ocr_carea' id='block_1_107' title="bbox 1025 2359 1810 2396">
    <p class='ocr_par' dir='ltr' id='par_1_107' title="bbox 1025 2359 1810 2396">
     <span class='ocr_line' id='line_1_107' title="bbox 1025 2359 1810 2396; baseline 0.001 -9"><span class='ocrx_word' id='word_1_786' title='bbox 1025 2360 1196 2396; x_wconf 82' lang='grc' dir='ltr'>θαυμάσαιμι</span> <span class='ocrx_word' id='word_1_787' title='bbox 1222 2359 1282 2387; x_wconf 87' lang='grc' dir='ltr'>λίαν</span> <span class='ocrx_word' id='word_1_788' title='bbox 1309 2361 1357 2387; x_wconf 82' lang='grc' dir='ltr'><strong>καὶ</strong></span> <span class='ocrx_word' id='word_1_789' title='bbox 1388 2360 1636 2395; x_wconf 82' lang='grc' dir='ltr'>ὑπερεκπλαγείην.</span> <span class='ocrx_word' id='word_1_790' title='bbox 1653 2361 1748 2396; x_wconf 77' lang='grc' dir='ltr'>Ὅμως</span> <span class='ocrx_word' id='word_1_791' title='bbox 1781 2361 1810 2388; x_wconf 77' lang='grc' dir='ltr'>δὲ</span> 
     </span>
    </p>
   </div>
   <div class='ocr_carea' id='block_1_108' title="bbox 1026 2404 1811 2441">
    <p class='ocr_par' dir='ltr' id='par_1_108' title="bbox 1026 2404 1811 2441">
     <span class='ocr_line' id='line_1_108' title="bbox 1026 2404 1811 2441; baseline 0.003 -10"><span class='ocrx_word' id='word_1_792' title='bbox 1026 2405 1148 2441; x_wconf 78' lang='grc' dir='ltr'>ῥᾳθυμίᾳ</span> <span class='ocrx_word' id='word_1_793' title='bbox 1179 2404 1225 2432; x_wconf 86' lang='grc' dir='ltr'><strong>τδν</strong></span> <span class='ocrx_word' id='word_1_794' title='bbox 1243 2405 1307 2432; x_wconf 82' lang='grc' dir='ltr'>νοῦν</span> <span class='ocrx_word' id='word_1_795' title='bbox 1322 2405 1372 2432; x_wconf 87' lang='grc' dir='ltr'>οὑκ</span> <span class='ocrx_word' id='word_1_796' title='bbox 1396 2405 1547 2440; x_wconf 77' lang='grc' dir='ltr'>ἐπιτρέψω,</span> <span class='ocrx_word' id='word_1_797' title='bbox 1563 2405 1698 2441; x_wconf 75' lang='grc' dir='ltr'>Ῥωμαῖος</span> <span class='ocrx_word' id='word_1_798' title='bbox 1725 2414 1811 2440; x_wconf 80' lang='grc' dir='ltr'>πεφυ-</span> 
     </span>
    </p>
   </div>
   <div class='ocr_carea' id='block_1_109' title="bbox 1026 2451 1810 2486">
    <p class='ocr_par' dir='ltr' id='par_1_109' title="bbox 1026 2451 1810 2486">
     <span class='ocr_line' id='line_1_109' title="bbox 1026 2451 1810 2486; baseline 0.001 -9"><span class='ocrx_word' id='word_1_799' title='bbox 1026 2451 1092 2482; x_wconf 81' lang='grc' dir='ltr'>κὼς,</span> <span class='ocrx_word' id='word_1_800' title='bbox 1108 2451 1257 2483; x_wconf 76' lang='grc' dir='ltr'>ἀναδιδάξω</span> <span class='ocrx_word' id='word_1_801' title='bbox 1271 2451 1300 2477; x_wconf 84' lang='grc' dir='ltr'><strong>δὲ</strong></span> <span class='ocrx_word' id='word_1_802' title='bbox 1313 2451 1343 2477; x_wconf 81' lang='grc' dir='ltr'>τὸ</span> <span class='ocrx_word' id='word_1_803' title='bbox 1358 2451 1426 2482; x_wconf 81' lang='grc' dir='ltr'><strong>πᾶν,</strong></span> <span class='ocrx_word' id='word_1_804' title='bbox 1441 2451 1529 2478; x_wconf 85' lang='grc' dir='ltr'>καίτοι</span> <span class='ocrx_word' id='word_1_805' title='bbox 1553 2451 1601 2478; x_wconf 82' lang='grc' dir='ltr'>τοῦ</span> <span class='ocrx_word' id='word_1_806' title='bbox 1619 2451 1750 2486; x_wconf 75' lang='grc' dir='ltr'>βασιλέως</span> <span class='ocrx_word' id='word_1_807' title='bbox 1779 2453 1810 2478; x_wconf 80' lang='grc' dir='ltr'>οὺ</span> 
     </span>
    </p>
   </div>
   <div class='ocr_carea' id='block_1_110' title="bbox 1026 2495 1811 2532">
    <p class='ocr_par' dir='ltr' id='par_1_110' title="bbox 1026 2495 1811 2532">
     <span class='ocr_line' id='line_1_110' title="bbox 1026 2495 1811 2532; baseline 0.001 -10"><span class='ocrx_word' id='word_1_808' title='bbox 1026 2495 1154 2531; x_wconf 86' lang='grc' dir='ltr'>δεομένου</span> <span class='ocrx_word' id='word_1_809' title='bbox 1169 2496 1357 2528; x_wconf 78' lang='grc' dir='ltr'>διδασκαλίας,</span> <span class='ocrx_word' id='word_1_810' title='bbox 1373 2497 1430 2523; x_wconf 81' lang='grc' dir='ltr'>ἀλλ’</span> <span class='ocrx_word' id='word_1_811' title='bbox 1446 2497 1475 2523; x_wconf 72' lang='grc' dir='ltr'>ἐν</span> <span class='ocrx_word' id='word_1_812' title='bbox 1492 2497 1576 2523; x_wconf 77' lang='grc' dir='ltr'>εἰδόσι</span> <span class='ocrx_word' id='word_1_813' title='bbox 1598 2497 1648 2530; x_wconf 85' lang='grc' dir='ltr'><strong>τῆς</strong></span> <span class='ocrx_word' id='word_1_814' title='bbox 1658 2497 1811 2532; x_wconf 85' lang='grc' dir='ltr'>διηγήσεως</span> 
     </span>
    </p>
   </div>
   <div class='ocr_carea' id='block_1_111' title="bbox 1027 2541 1813 2577">
    <p class='ocr_par' dir='ltr' id='par_1_111' title="bbox 1027 2541 1813 2577">
     <span class='ocr_line' id='line_1_111' title="bbox 1027 2541 1813 2577; baseline -0.001 -9"><span class='ocrx_word' id='word_1_815' title='bbox 1027 2541 1185 2577; x_wconf 79' lang='grc' dir='ltr'>προϊούσης.</span> <span class='ocrx_word' id='word_1_816' title='bbox 1212 2542 1241 2568; x_wconf 92' lang='lat'><strong>&#39;0</strong></span> <span class='ocrx_word' id='word_1_817' title='bbox 1252 2541 1305 2577; x_wconf 85' lang='grc' dir='ltr'>γὰρ</span> <span class='ocrx_word' id='word_1_818' title='bbox 1323 2541 1506 2577; x_wconf 84' lang='grc' dir='ltr'>προεγνωκὼς</span> <span class='ocrx_word' id='word_1_819' title='bbox 1517 2542 1569 2576; x_wconf 70' lang='grc' dir='ltr'><strong>ἠδη</strong></span> <span class='ocrx_word' id='word_1_820' title='bbox 1582 2541 1617 2567; x_wconf 77' lang='grc' dir='ltr'><strong>τὰ</strong></span> <span class='ocrx_word' id='word_1_821' title='bbox 1635 2542 1685 2568; x_wconf 79' lang='grc' dir='ltr'>ὅσα</span> <span class='ocrx_word' id='word_1_822' title='bbox 1710 2541 1748 2575; x_wconf 82' lang='grc' dir='ltr'>τῷ</span> <span class='ocrx_word' id='word_1_823' title='bbox 1770 2541 1813 2568; x_wconf 77' lang='grc' dir='ltr'>δι·</span> 
     </span>
    </p>
   </div>
   <div class='ocr_carea' id='block_1_112' title="bbox 1027 2587 1814 2624">
    <p class='ocr_par' dir='ltr' id='par_1_112' title="bbox 1027 2587 1814 2624">
     <span class='ocr_line' id='line_1_112' title="bbox 1027 2587 1814 2624; baseline -0.001 -10"><span class='ocrx_word' id='word_1_824' title='bbox 1027 2589 1097 2623; x_wconf 85' lang='grc' dir='ltr'>καίῳ</span> <span class='ocrx_word' id='word_1_825' title='bbox 1112 2589 1216 2624; x_wconf 77' lang='grc' dir='ltr'>ξυνᾴδει</span> <span class='ocrx_word' id='word_1_826' title='bbox 1233 2587 1267 2620; x_wconf 78' lang='lat'><strong>“,</strong></span> <span class='ocrx_word' id='word_1_827' title='bbox 1279 2587 1367 2614; x_wconf 84' lang='grc' dir='ltr'>ταῦτα</span> <span class='ocrx_word' id='word_1_828' title='bbox 1388 2587 1470 2615; x_wconf 75' lang='grc' dir='ltr'>πάλιν</span> <span class='ocrx_word' id='word_1_829' title='bbox 1494 2587 1681 2622; x_wconf 78' lang='grc' dir='ltr'>ἀναδιδαχθεὶς</span> <span class='ocrx_word' id='word_1_830' title='bbox 1693 2587 1814 2622; x_wconf 73' lang='grc' dir='ltr'><strong>ιπιρρὠ</strong></span> 
     </span>
    </p>
   </div>
   <div class='ocr_carea' id='block_1_113' title="bbox 1033 2633 1813 2670">
    <p class='ocr_par' dir='ltr' id='par_1_113' title="bbox 1033 2633 1813 2670">
     <span class='ocr_line' id='line_1_113' title="bbox 1033 2633 1813 2670; baseline -0.004 -8"><span class='ocrx_word' id='word_1_831' title='bbox 1033 2643 1074 2661; x_wconf 87' lang='grc' dir='ltr'><strong>σει</strong></span> <span class='ocrx_word' id='word_1_832' title='bbox 1091 2635 1129 2670; x_wconf 86' lang='grc' dir='ltr'>τῷ</span> <span class='ocrx_word' id='word_1_833' title='bbox 1146 2635 1286 2670; x_wconf 85' lang='grc' dir='ltr'>ἀδεκάστῳ</span> <span class='ocrx_word' id='word_1_834' title='bbox 1298 2635 1328 2662; x_wconf 83' lang='grc' dir='ltr'>τὸ</span> <span class='ocrx_word' id='word_1_835' title='bbox 1344 2634 1474 2666; x_wconf 80' lang='grc' dir='ltr'>συνειδός.</span> <span class='ocrx_word' id='word_1_836' title='bbox 1487 2634 1590 2670; x_wconf 83' lang='grc' dir='ltr'>Πέτρος</span> <span class='ocrx_word' id='word_1_837' title='bbox 1605 2634 1654 2669; x_wconf 83' lang='grc' dir='ltr'>μὲν</span> <span class='ocrx_word' id='word_1_838' title='bbox 1668 2633 1723 2669; x_wconf 82' lang='grc' dir='ltr'><strong>γὰρ</strong></span> <span class='ocrx_word' id='word_1_839' title='bbox 1736 2634 1751 2660; x_wconf 85' lang='grc' dir='ltr'><strong>δ</strong></span> <span class='ocrx_word' id='word_1_840' title='bbox 1761 2633 1813 2668; x_wconf 72' lang='grc' dir='ltr'><strong>πρὸ</strong></span> 
     </span>
    </p>
   </div>
   <div class='ocr_carea' id='block_1_114' title="bbox 832 2694 1177 2724">
    <p class='ocr_par' dir='ltr' id='par_1_114' title="bbox 832 2694 1177 2724">
     <span class='ocr_line' id='line_1_114' title="bbox 832 2694 1177 2724; baseline 0.003 -1"><span class='ocrx_word' id='word_1_841' title='bbox 832 2694 950 2724; x_wconf 70' lang='grc' dir='ltr'><strong>νΑιιιιΕ</strong></span> <span class='ocrx_word' id='word_1_842' title='bbox 974 2695 1177 2724; x_wconf 78' lang='lat' dir='ltr'><strong>LECTIONES.</strong></span> 
     </span>
    </p>
   </div>
   <div class='ocr_carea' id='block_1_115' title="bbox 245 2754 748 2790">
    <p class='ocr_par' dir='ltr' id='par_1_115' title="bbox 245 2754 748 2790">
     <span class='ocr_line' id='line_1_115' title="bbox 245 2754 748 2790; baseline 0 -8"><span class='ocrx_word' id='word_1_843' title='bbox 245 2755 311 2782; x_wconf 72' lang='grc' dir='ltr'><strong>³⁸δι¹</strong></span> <span class='ocrx_word' id='word_1_844' title='bbox 326 2754 491 2790; x_wconf 39' lang='grc' dir='ltr'>αὺξῆςδσίέ,</span> <span class='ocrx_word' id='word_1_845' title='bbox 516 2755 560 2782; x_wconf 82' lang='grc' dir='ltr'>διὰ</span> <span class='ocrx_word' id='word_1_846' title='bbox 589 2756 651 2787; x_wconf 75' lang='grc' dir='ltr'>τοὺς</span> <span class='ocrx_word' id='word_1_847' title='bbox 674 2755 748 2790; x_wconf 75' lang='lat' dir='ltr'><strong>vulg.</strong></span> 
     </span>
    </p>
   </div>
   <div class='ocr_carea' id='block_1_116' title="bbox 193 2785 696 2825">
    <p class='ocr_par' dir='ltr' id='par_1_116' title="bbox 193 2785 696 2825">
     <span class='ocr_line' id='line_1_116' title="bbox 193 2785 696 2825; baseline -0.002 -8"><span class='ocrx_word' id='word_1_848' title='bbox 193 2789 215 2806; x_wconf 68' lang='grc' dir='ltr'><strong>δ’</strong></span> <span class='ocrx_word' id='word_1_849' title='bbox 232 2785 400 2825; x_wconf 41' lang='grc' dir='ltr'><strong>ἅπαντι-ὦν</strong></span> <span class='ocrx_word' id='word_1_850' title='bbox 412 2789 453 2820; x_wconf 79' lang='grc' dir='ltr'><strong>Β..</strong></span> <span class='ocrx_word' id='word_1_851' title='bbox 465 2785 489 2815; x_wconf 21' lang='grc' dir='ltr'><strong>ἂν</strong></span> <span class='ocrx_word' id='word_1_852' title='bbox 503 2790 611 2817; x_wconf 83' lang='grc' dir='ltr'>πάντων</span> <span class='ocrx_word' id='word_1_853' title='bbox 624 2785 696 2825; x_wconf 80' lang='lat' dir='ltr'><strong>vulg.</strong></span> 
     </span>
    </p>
   </div>
   <div class='ocr_carea' id='block_1_117' title="bbox 200 2823 794 2860">
    <p class='ocr_par' dir='ltr' id='par_1_117' title="bbox 200 2823 794 2860">
     <span class='ocr_line' id='line_1_117' title="bbox 200 2823 794 2860; baseline 0 -8"><span class='ocrx_word' id='word_1_854' title='bbox 200 2823 386 2853; x_wconf 74' lang='grc' dir='ltr'>’1ουστινιανδς</span> <span class='ocrx_word' id='word_1_855' title='bbox 411 2825 480 2859; x_wconf 77' lang='lat' dir='ltr'><strong>vnlg.</strong></span> <span class='ocrx_word' id='word_1_856' title='bbox 519 2825 542 2840; x_wconf 79' lang='lat'><strong>&quot;</strong></span> <span class='ocrx_word' id='word_1_857' title='bbox 559 2823 696 2852; x_wconf 67' lang='grc' dir='ltr'>ἀνέκεινὶο</span> <span class='ocrx_word' id='word_1_858' title='bbox 722 2823 794 2860; x_wconf 83' lang='lat' dir='ltr'><strong>vulg.</strong></span> 
     </span>
    </p>
   </div>
   <div class='ocr_carea' id='block_1_118' title="bbox 737 2789 1214 2825">
    <p class='ocr_par' dir='ltr' id='par_1_118' title="bbox 737 2789 1214 2825">
     <span class='ocr_line' id='line_1_118' title="bbox 737 2789 1214 2825; baseline 0 -10"><span class='ocrx_word' id='word_1_859' title='bbox 737 2790 758 2805; x_wconf 78' lang='lat'>“</span> <span class='ocrx_word' id='word_1_860' title='bbox 775 2790 859 2825; x_wconf 87' lang='grc' dir='ltr'>μυρία</span> <span class='ocrx_word' id='word_1_861' title='bbox 871 2791 898 2816; x_wconf 81' lang='grc' dir='ltr'><strong>δὲ</strong></span> <span class='ocrx_word' id='word_1_862' title='bbox 911 2799 936 2817; x_wconf 81' lang='grc' dir='ltr'>τ.</span> <span class='ocrx_word' id='word_1_863' title='bbox 953 2789 1011 2817; x_wconf 83' lang='lat' dir='ltr'><strong>Val.</strong></span> <span class='ocrx_word' id='word_1_864' title='bbox 1050 2791 1072 2806; x_wconf 75' lang='grc' dir='ltr'><strong>δ’</strong></span> <span class='ocrx_word' id='word_1_865' title='bbox 1089 2791 1137 2817; x_wconf 78' lang='grc' dir='ltr'>καὶ</span> <span class='ocrx_word' id='word_1_866' title='bbox 1165 2790 1214 2824; x_wconf 81' lang='grc' dir='ltr'>μὲν</span> 
     </span>
    </p>
   </div>
   <div class='ocr_carea' id='block_1_119' title="bbox 835 2790 1606 2860">
    <p class='ocr_par' dir='ltr' id='par_1_119' title="bbox 835 2790 1606 2860">
     <span class='ocr_line' id='line_1_119' title="bbox 835 2790 1606 2856; baseline -0.001 -41"><span class='ocrx_word' id='word_1_867' title='bbox 835 2790 859 2815; x_wconf 80' lang='grc' dir='ltr'>ἴα</span> <span class='ocrx_word' id='word_1_868' title='bbox 871 2791 898 2816; x_wconf 82' lang='grc' dir='ltr'><strong>δὲ</strong></span> <span class='ocrx_word' id='word_1_869' title='bbox 911 2799 936 2817; x_wconf 78' lang='grc' dir='ltr'>τ.</span> <span class='ocrx_word' id='word_1_870' title='bbox 953 2790 1011 2817; x_wconf 85' lang='lat' dir='ltr'><strong>Val.</strong></span> <span class='ocrx_word' id='word_1_871' title='bbox 1050 2791 1072 2806; x_wconf 74' lang='grc' dir='ltr'><strong>δ’</strong></span> <span class='ocrx_word' id='word_1_872' title='bbox 1089 2791 1137 2817; x_wconf 79' lang='grc' dir='ltr'>καὶ</span> <span class='ocrx_word' id='word_1_873' title='bbox 1165 2790 1226 2856; x_wconf 61' lang='grc' dir='ltr'><strong>μὲιὲ]</strong></span> <span class='ocrx_word' id='word_1_874' title='bbox 1253 2790 1286 2817; x_wconf 78' lang='grc' dir='ltr'>τὰ</span> <span class='ocrx_word' id='word_1_875' title='bbox 1303 2790 1353 2824; x_wconf 77' lang='grc' dir='ltr'><strong>μὲν</strong></span> <span class='ocrx_word' id='word_1_876' title='bbox 1380 2790 1452 2824; x_wconf 87' lang='lat' dir='ltr'><strong>conj.</strong></span> <span class='ocrx_word' id='word_1_877' title='bbox 1473 2790 1502 2815; x_wconf 87' lang='grc' dir='ltr'><strong>Β.</strong></span> <span class='ocrx_word' id='word_1_878' title='bbox 1540 2790 1564 2804; x_wconf 76' lang='grc'><strong>⁵³</strong></span> <span class='ocrx_word' id='word_1_879' title='bbox 1583 2790 1606 2814; x_wconf 81' lang='grc' dir='ltr'>Ί‹</span> 
     </span>
     <span class='ocr_line' id='line_1_120' title="bbox 835 2823 1606 2860; baseline -0.005 -7"><span class='ocrx_word' id='word_1_880' title='bbox 835 2825 857 2840; x_wconf 75' lang='grc'><strong>⁸⁵</strong></span> <span class='ocrx_word' id='word_1_881' title='bbox 874 2827 922 2860; x_wconf 79' lang='grc' dir='ltr'>μὲν</span> <span class='ocrx_word' id='word_1_882' title='bbox 934 2825 987 2858; x_wconf 85' lang='lat' dir='ltr'><strong>CL,</strong></span> <span class='ocrx_word' id='word_1_883' title='bbox 1004 2825 1040 2860; x_wconf 87' lang='grc' dir='ltr'>μὴ</span> <span class='ocrx_word' id='word_1_884' title='bbox 1057 2825 1128 2860; x_wconf 84' lang='lat' dir='ltr'><strong>vulg.</strong></span> <span class='ocrx_word' id='word_1_885' title='bbox 1166 2826 1189 2841; x_wconf 80' lang='lat'>“</span> <span class='ocrx_word' id='word_1_886' title='bbox 1222 2825 1313 2860; x_wconf 80' lang='grc' dir='ltr'>υνᾲδει</span> <span class='ocrx_word' id='word_1_887' title='bbox 1329 2823 1374 2857; x_wconf 86' lang='lat' dir='ltr'><strong>H.,</strong></span> <span class='ocrx_word' id='word_1_888' title='bbox 1387 2825 1434 2858; x_wconf 78' lang='grc' dir='ltr'>ξὺν</span> <span class='ocrx_word' id='word_1_889' title='bbox 1448 2824 1518 2850; x_wconf 82' lang='grc' dir='ltr'>αίδεί</span> <span class='ocrx_word' id='word_1_890' title='bbox 1535 2823 1606 2858; x_wconf 82' lang='lat' dir='ltr'><strong>vulg.</strong></span> 
     </span>
    </p>
   </div>
   <div class='ocr_carea' id='block_1_120' title="bbox 801 2751 1813 2791">
    <p class='ocr_par' dir='ltr' id='par_1_120' title="bbox 801 2751 1813 2791">
     <span class='ocr_line' id='line_1_121' title="bbox 801 2751 1813 2791; baseline -0.003 -10"><span class='ocrx_word' id='word_1_891' title='bbox 801 2755 822 2770; x_wconf 84' lang='grc'>³⁷</span> <span class='ocrx_word' id='word_1_892' title='bbox 836 2755 994 2791; x_wconf 65' lang='grc' dir='ltr'>ἀναγκαίων</span> <span class='ocrx_word' id='word_1_893' title='bbox 1015 2755 1089 2789; x_wconf 90' lang='lat' dir='ltr'><strong>conj.</strong></span> <span class='ocrx_word' id='word_1_894' title='bbox 1104 2755 1133 2782; x_wconf 81' lang='grc' dir='ltr'>Β.</span> <span class='ocrx_word' id='word_1_895' title='bbox 1170 2755 1192 2791; x_wconf 49' lang='lat'><strong>&#39;9</strong></span> <span class='ocrx_word' id='word_1_896' title='bbox 1208 2755 1269 2791; x_wconf 73' lang='grc' dir='ltr'><strong>τὴν]</strong></span> <span class='ocrx_word' id='word_1_897' title='bbox 1284 2755 1347 2791; x_wconf 63' lang='grc' dir='ltr'>τους</span> <span class='ocrx_word' id='word_1_898' title='bbox 1366 2755 1398 2782; x_wconf 82' lang='grc' dir='ltr'><strong>Ν.</strong></span> <span class='ocrx_word' id='word_1_899' title='bbox 1435 2755 1460 2791; x_wconf 20' lang='grc' dir='ltr'><strong>ν²⁹</strong></span> <span class='ocrx_word' id='word_1_900' title='bbox 1474 2758 1502 2791; x_wconf 69' lang='lat' dir='ltr'><strong>et</strong></span> <span class='ocrx_word' id='word_1_901' title='bbox 1526 2753 1601 2791; x_wconf 64' lang='lat' dir='ltr'><strong>infra</strong></span> <span class='ocrx_word' id='word_1_902' title='bbox 1621 2753 1720 2791; x_wconf 72' lang='grc' dir='ltr'>Νισίϐῃ</span> <span class='ocrx_word' id='word_1_903' title='bbox 1740 2751 1813 2791; x_wconf 40' lang='lat' dir='ltr'><strong>iulg.</strong></span> 
     </span>
    </p>
   </div>
   <div class='ocr_carea' id='block_1_121' title="bbox 1253 2787 1814 2824">
    <p class='ocr_par' dir='ltr' id='par_1_121' title="bbox 1253 2787 1814 2824">
     <span class='ocr_line' id='line_1_122' title="bbox 1253 2787 1814 2824; baseline -0.007 -8"><span class='ocrx_word' id='word_1_904' title='bbox 1253 2787 1286 2817; x_wconf 72' lang='grc' dir='ltr'>τὰ</span> <span class='ocrx_word' id='word_1_905' title='bbox 1303 2790 1353 2824; x_wconf 77' lang='grc' dir='ltr'><strong>μὲν</strong></span> <span class='ocrx_word' id='word_1_906' title='bbox 1380 2790 1452 2824; x_wconf 89' lang='lat' dir='ltr'><strong>conj.</strong></span> <span class='ocrx_word' id='word_1_907' title='bbox 1473 2789 1502 2815; x_wconf 88' lang='grc' dir='ltr'><strong>Β.</strong></span> <span class='ocrx_word' id='word_1_908' title='bbox 1540 2787 1721 2824; x_wconf 67' lang='grc' dir='ltr'>⁵³Ἰουστὶνοξ</span> <span class='ocrx_word' id='word_1_909' title='bbox 1743 2787 1814 2819; x_wconf 67' lang='lat' dir='ltr'><strong>Y&#39;il.,</strong></span> 
     </span>
    </p>
   </div>
  </div>
