1943 3072
120 158 170 190 881

499 157 548 187 DE
569 154 852 187 LEGATIONIBUS
873 153 1119 184 ROMANOBUM
1139 153 1188 182 AD
1207 150 1368 182 GENTES.

1693 145 1746 176 882

121 214 200 248 ἡμῶν
218 213 400 248 πρεσϐευτὴς,
422 212 451 244 ὃς
475 212 589 247 ἔναγχος
609 212 829 247 παραγενόμενος
847 210 908 238 ἐσε-

966 207 1113 242 eloquentia
1127 211 1154 234 et
1170 205 1350 241 persuadendi
1364 203 1389 231 vi
1403 202 1528 238 polleret,
1541 208 1590 234 ea,
1601 208 1660 235 qua:
1675 208 1745 227 nunc

121 259 223 285 6α⁸ἷωσε
235 259 270 286 τὰ
281 259 331 294 τῆς
345 259 467 294 εἰρήνης,
479 258 610 293 ἐμπειρίᾳ
619 257 707 292 λόγων
718 258 764 284 καὶ
776 258 910 292 δεινότητι

122 305 233 336 πειθοῦς
247 305 294 331 καὶ
312 305 346 332 τὰ
366 305 430 340 περὶ
445 305 499 331 τῶν
515 304 562 331 νῦν
585 303 810 338 ἐπεγκαλούντων
822 304 910 339 Σαρα-

123 351 224 386 κηνῶν,
241 351 287 377 καὶ
304 350 385 385 ἔτερα
406 350 456 377 ὅσα
478 349 712 385 διημφισόητήθη,
728 347 784 381 οἷος
803 349 912 384 ἐγένετο

124 395 378 431 παρακρούσασθαι.
398 396 470 430 Ἐγὼ
482 395 510 422 δὲ
537 396 697 431 ῥητορεύειν
722 404 752 422 τε
774 395 822 422 καὶ
849 395 911 421 πεί-

124 441 181 467 θειν
208 441 364 475 ἠσκημένος
388 441 526 475 οὐδαμῶς,
542 442 617 476 ὅμως
633 441 672 476 τῷ
687 442 824 476 περιεῖναι
838 441 861 457 ⁸⁷
877 442 910 476 τῇ

123 486 186 522 δίκῃ
201 486 254 512 τῶν
267 486 432 521 Σαρακηνῶν
447 487 500 518 ἔξω
522 487 590 521 πρὸς
616 487 704 522 ὑμῶν,
721 488 760 523 τῷ
777 487 815 523 μὴ
831 487 910 523 στέρ-

124 539 184 565 γειν
199 532 271 565 ὑμᾶς
294 531 354 558 ἀντὶ
373 532 516 566 Ῥωμαίων
534 532 720 568 Σαραχηνοὺς,
749 533 797 560 καὶ
824 532 911 559 ταῦτα

123 577 186 607 τοὺς
216 576 410 609 ἀδικωτάτους,
436 577 483 604 καὶ
509 577 570 604 ἀντὶ
593 576 640 603 τοῦ
661 578 831 609 συνοίσοντος
855 579 911 609 τοῖς

123 623 186 649 καθ’
201 624 274 657 ἡμᾶς
289 624 311 640 ιι
331 623 512 658 πολιτεύμασι
542 624 574 651 τὸ
602 624 770 659 ἀξύμφορον.
801 625 832 651 οι
849 624 911 651 καθ’

124 669 196 703 ὑμᾶς
207 668 230 685 ’⁸⁸
247 669 302 704 γὰρ
321 669 477 704 Σαρακηνοὶ
492 669 566 705 (ὅταν
590 669 618 696 δὲ
633 670 706 704 λέγω
724 670 910 705 Σαρακηνοὺς,

125 714 331 748 ἀναλογίζεσθε,
344 712 367 741 ὧ
383 716 482 750 Μῆδοι,
497 715 528 743 τδ
542 715 685 743 ἀλλόκοτόν
700 725 730 743 τε
744 717 791 743 καὶ
810 717 912 752 παλίμ-

127 760 204 786 ϐολον
217 760 265 787 τοῦ
280 760 396 796 ἓθνους,)
418 758 493 789 οὗτοι
523 762 592 797 δῆτα
619 762 665 789 οὖν
686 763 754 798 πρὸς
779 763 912 798 βασιλέως

132 805 324 832 ’ῐουστινιανοῢ
341 806 414 842 δῶρα
433 807 481 842 μὲν
496 807 644 843 λαμὸἀνειν
666 809 818 841 εἰώθεισαν,
838 809 869 835 τὸ
883 809 911 836 δὲ

127 850 186 882 ἔθος
204 851 229 867 ⁸⁸
240 852 332 883 αὐτοῖς
347 852 386 888 τῷ
398 853 446 879 τοῦ
469 854 643 889 παρέχοντος
660 854 833 882 ὲὸεὸαιοῦντο
850 855 912 890 βου-

126 896 239 930 λήματι.
259 897 479 933 ’Υπερηδόμενος
493 899 583 934 ⁵¹¹γὰρ
607 901 639 935 τῇ
669 901 775 936 εἰρήνῃ.
802 901 849 927 καὶ
873 898 914 932 οἷς

127 941 177 968 οὐκ
189 942 272 976 ἐχρῆν
283 943 314 969 τὸ
327 944 515 979 μεγαλόδωρον
526 945 711 973 ἐπεδείκνυτο.
737 947 793 973 Καὶ
810 946 913 980 μᾶλλον

127 986 266 1018 ὲκαίνιζεν
279 987 411 1020 ἑκουσίως
425 990 632 1025 φιλανθρωπίας
646 991 784 1026 ὑπερϐολῇ
801 992 870 1026 πρὸς
882 992 914 1018 τὸ

130 1031 167 1065 μὴ
180 1031 330 1065 ἀναγκαῖον
349 1032 384 1059 τὰ
407 1035 570 1069 πράγματα,
593 1036 665 1071 ἤπερ
681 1036 704 1051 ¹¹
720 1036 864 1070 ἀκουσίως,
890 1037 914 1063 si

129 1075 208 1110 θέμις
225 1077 322 1109 εἰπεῖν,
342 1078 460 1106 ἐποιεῖτο
470 1081 525 1107 τῶν
540 1081 698 1114 ἀναγκαίων
709 1082 758 1118 τὴν
774 1082 913 1110 σύστασιν.

128 1122 286 1158 Μαρτύριον
301 1123 330 1150 δέ
346 1133 391 1159 μοι
407 1126 578 1160 σαφέστατον
595 1127 641 1154 τοῦ
659 1128 734 1163 δῶρα
748 1130 812 1161 τοὺς
824 1130 914 1165 Σαρα-

129 1167 239 1201 κηνοὺς,
262 1169 310 1195 καὶ
328 1170 377 1206 οὺχ
391 1173 429 1203 ὡς
455 1172 526 1207 ὑπὲρ
541 1173 672 1207 σπονδῶν,
690 1174 727 1206 ῶς
744 1183 820 1209 φασι,
835 1177 915 1211 κομί-

129 1211 223 1242 ζεσθαι
238 1212 272 1239 τὰ
286 1215 400 1242 τοιαῦτα
413 1217 552 1251 χρήματα,
564 1218 611 1244 καὶ
621 1219 719 1250 αὐτοὺς
733 1220 915 1256 ἀντιδωροφο-

132 1257 187 1309 ρεϊν
204 1258 249 1285 τὸν
263 1260 325 1309 »ξιον
342 1262 422 1309 ἡμᾶς
433 1261 556 1297 βασιλέα.
581 1264 635 1290 Καὶ
661 1265 730 1298 πρὸς
759 1265 845 1293 ταῦτα
867 1267 916 1300 μὲν

129 1304 207 1353 οἶμαι
226 1304 287 1338 μηδ’
301 1305 440 1333 ὁντιναοῦν
456 1307 590 1343 ἀντερεῖν.
610 1309 641 1335 Εἰ
651 1309 679 1335 δὲ
695 1309 718 1326 ⁸³
729 1310 777 1337 καὶ
792 1311 914 1346 δοίημεν,

130 1348 168 1378 ὡς
188 1348 374 1383 Ἰουστινιανδς
397 1353 496 1384 αὐτοὺς
518 1353 589 1380 κατὰ
612 1353 747 1390 ξυνθήκας
771 1357 917 1393 ἐφιλοφρο-

130 1394 201 1420 νεῖτο
215 1396 272 1426 τοῖς
285 1397 419 1431 χρήμασι,
439 1399 628 1434 συνεμετρήθη
639 1400 677 1435 τῷ
690 1401 738 1436 βίῳ
752 1403 799 1428 τοῦ
812 1402 916 1438 δωρου-

132 1439 213 1484 μένου
229 1440 359 1475 βασιλέως
385 1443 433 1470 καὶ
463 1446 686 1473 συνανεπαύσατο
708 1448 805 1474 τούτου
825 1450 857 1484 τῇ
874 1457 917 1475 τε-

130 1482 211 1528 λευτῇ
224 1485 254 1510 τὸ
264 1485 446 1522 δωρούμενον.
463 1489 500 1515 Οὐ
519 1489 573 1525 γὰρ
585 1490 644 1522 ἑνὸς
660 1491 755 1527 ἀνδρὸς
762 1492 829 1526 ἔθει,
844 1482 916 1528 ᾧημὶ

962 253 1125 287 objiciuntur
1144 252 1177 279 de
1206 251 1362 282 Saracenis.
1389 254 1417 276 et
1440 248 1553 283 reliqua,
1579 253 1747 282 quacunque

961 299 1051 326 adhuc
1064 303 1247 326 controversa
1262 302 1352 328 erant,
1369 295 1472 323 diluere
1487 299 1514 322 et
1534 294 1667 321 refutare.
1691 291 1747 326 Ego

961 351 1037 376 vero,
1052 344 1097 379 qui
1120 351 1259 378 nunquam
1280 342 1442 376 eloquentia:
1456 345 1483 367 et
1498 339 1683 375 persuadendi
1696 337 1746 365 arti

962 397 1071 424 operam
1087 389 1159 422 dedi,
1184 394 1272 416 tamen
1291 392 1318 415 et
1331 394 1420 414 causae
1436 391 1536 413 nostra:
1551 384 1677 419 aequitate
1695 382 1747 409 Sa-

961 442 1074 462 racenos
1086 436 1201 467 vineam,
1212 439 1237 461 et
1254 433 1306 460 hoe
1321 433 1416 460 saltem
1430 439 1444 458 a
1457 431 1535 458 vobis
1545 430 1708 464 impetrabo,
1719 432 1749 455 ut

961 488 996 508 ne
1011 480 1139 508 Romanis
1153 479 1312 510 Saracenos,
1324 478 1444 505 omnium
1459 476 1615 504 mortalium
1626 475 1749 509 iniustis-

962 527 1056 560 simos,
1071 533 1159 561 neque
1175 530 1272 553 vestrae
1290 525 1399 552 utilitati
1416 523 1559 551 manifesta
1570 521 1748 557 ‘jncommoda

962 573 1120 608 praeferatis.
1132 572 1183 605 Qui
1199 573 1270 599 enim
1287 571 1357 606 apud
1372 578 1419 598 vos
1442 574 1505 597 sunt
1528 569 1655 596 Saraceni
1672 568 1746 603 (cum

963 619 1116 647 Saracenos
1143 619 1214 651 dico,
1243 617 1334 644 animo
1346 615 1516 651 perpendite,
1531 622 1549 642 ο
1563 614 1643 645 Medi.
1660 613 1750 648 gentis

963 665 1103 700 perfidiam
1119 668 1147 691 et
1169 661 1403 698 inconstantiam),
1419 661 1489 689 dona
1504 660 1613 696 quidem
1626 659 1660 686 ab
1683 659 1750 693 imp.

962 709 1117 737 Justiniano
1143 709 1269 743 accipere
1292 710 1508 738 consueverant;
1533 705 1581 733 sed
1605 704 1663 731 haec
1686 710 1751 730 con-

964 755 1078 783 suetudo
1093 753 1255 781 liberalitate
1269 753 1339 787 ejus,
1355 751 1401 787 qui
1418 751 1509 784 dabat,
1533 749 1656 777 invaluit.
1683 748 1748 775 Cum

963 801 1036 828 enim
1049 807 1114 835 pace
1130 806 1294 834 magnopere
1318 798 1468 829 laetaretur,
1486 803 1515 824 se
1530 801 1637 830 quoque
1653 794 1750 820 libera-

965 847 1016 874 lem
1033 854 1097 882 erga
1113 853 1171 877 eos.
1188 853 1256 880 quos
1273 852 1326 872 non
1339 841 1707 878 oportebat,_exhibchat,_et
1718 847 1750 866 eo

967 898 1088 927 tempore
1111 891 1283 920 liberalitatis
1299 890 1407 917 modum
1423 893 1521 923 sponte
1537 895 1595 920 sua,
1623 894 1683 913 cum
1699 885 1752 911 mi.

965 938 1038 964 nime
1054 944 1121 972 opus
1136 940 1204 967 erat,
1221 935 1354 963 excedere
1372 933 1475 965 maluit,
1490 939 1570 967 quam
1598 936 1626 957 ιιι
1639 929 1750 960 invitus,

964 983 987 1010 si
999 982 1090 1010 dicere
1120 981 1163 1008 fas
1184 985 1238 1014 est,
1266 979 1422 1008 necessitati
1442 985 1532 1006 rerum
1550 977 1668 1004 cederet.
1697 975 1750 1003 Sed

966 1027 1216 1055 manifestissimum
1233 1029 1422 1062 argumentum
1440 1024 1497 1059 ejus
1516 1023 1564 1055 rei,
1580 1022 1652 1057 quod
1668 1029 1750 1056 pecu-

965 1074 1024 1101 nias
1039 1081 1092 1101 non
1107 1080 1141 1100 ex
1159 1072 1391 1103 conventionem“
1408 1070 1510 1100 dicunt,
1522 1068 1568 1096 sed
1585 1068 1657 1094 dono
1671 1074 1750 1095 acce-

965 1123 1073 1154 perunt,
1098 1118 1163 1146 illud
1186 1121 1238 1151 est,
1256 1107 1327 1152 quod
1349 1116 1388 1144 illi
1414 1115 1537 1142 vicissim
1560 1114 1750 1149 imperatorem

966 1169 1090 1192 nostrum
1114 1164 1272 1192 muneribus
1300 1162 1454 1191 coluerunt.
1471 1160 1564 1195 Neque
1588 1166 1756 1194 quamquam.

966 1211 1025 1238 istis
1039 1210 1272 1238 contradicturum
1298 1212 1374 1244 puto.
1400 1206 1501 1241 Quodsi
1528 1205 1750 1235 concederemus,

967 1256 1155 1290 imperatorem
1180 1255 1364 1282 Justiuiauum
1386 1261 1420 1280 ex
1443 1252 1624 1280 conventione
1637 1250 1689 1277 illis
1704 1257 1752 1283 pe-

966 1302 1061 1330 cunias
1084 1302 1222 1336 largitum,
1251 1301 1309 1328 ha-c
1332 1299 1477 1327 conventio
1491 1298 1580 1332 spatio
1596 1297 1658 1324 vita:
1680 1295 1750 1330 ejus,

967 1348 1012 1382 qui
1028 1347 1156 1383 pecunias
1170 1347 1298 1378 solveret.
1324 1349 1398 1373 esset
1420 1344 1563 1372 terminata
1584 1342 1752 1370 ebcircum-

967 1394 1078 1428 scripta,
1095 1398 1122 1421 et
1150 1397 1238 1420 morte
1258 1391 1317 1426 ejus
1344 1390 1456 1418 donatio
1483 1390 1562 1417 tinem
1591 1387 1750 1422 accepisset.

967 1439 1060 1474 Neque
1076 1439 1155 1466 unius
1165 1438 1281 1466 hominis
1295 1436 1504 1468 consuetudine,
1518 1439 1565 1462 aut
1575 1434 1632 1468 lege
1642 1433 1752 1460 minime

967 1486 1026 1512 utili
1045 1485 1117 1520 (dico
1132 1489 1223 1511 autem
1242 1488 1270 1510 ut
1284 1481 1453 1518 plurimum),
1479 1481 1542 1508 licet
1562 1487 1608 1507 rex
1626 1480 1684 1513 ipse
1707 1479 1753 1511 sit,

130 1527 159 1554 δὲ
174 1528 214 1563 (τὸ
232 1529 321 1565 πλέον)
337 1532 385 1558 καὶ
396 1532 470 1568 νόμῳ
495 1534 533 1569 μὴ
552 1525 744 1568 λυσιτελοῦντι,
767 1537 814 1564 καὶ
829 1525 855 1564 εί

970 1533 1014 1567 qui
1029 1532 1098 1559 hanc
1110 1529 1333 1559 consuetudinem
1346 1532 1393 1555 aut
1404 1527 1488 1563 legem
1502 1525 1684 1556 constituerit,
1697 1529 1750 1552 tota

131 1581 200 1606 φυκε
215 1574 340 1609 βασιλεὺς
351 1578 364 1603 ὁ
379 1578 410 1604 τὸ
421 1578 481 1610 ἔθος
497 1580 708 1617 ίσχυροποιήσας
733 1582 818 1618 ἤγουν
834 1591 914 1618 νομο-

131 1618 260 1653 θετήσας,
284 1621 406 1649 πολιτεία
433 1624 698 1660 καταδικασθήσεταί
719 1635 796 1653 ποτε.
818 1627 914 1662 Ἡμεῖς

130 1662 159 1689 δὲ
174 1665 300 1692 τοσοῦτον
316 1667 454 1703 ἀπέχομεν
468 1669 515 1696 τοῦ
525 1670 626 1698 διδόναι
641 1680 667 1698 τι
682 1672 712 1698 τὸ
723 1672 815 1700 λοιπὸν
827 1674 915 1710 Σαρα-

132 1710 233 1755 δξηνοῖς,
244 1711 359 1739 καθόσον
373 1714 560 1748 Ὶουστινιανὸς
569 1716 618 1750 μὲν
627 1718 673 1744 καὶ
689 1718 757 1752 πρὸς
768 1720 832 1751 τοὺς
844 1720 915 1755 Βαρ-

131 1753 231 1788 δάρους
242 1756 409 1790 ἠπιώτατος,
424 1760 438 1785 ὁ
451 1758 480 1785 δὲ
497 1760 545 1787 νῦν
568 1760 713 1796 Ῥωμαίων
734 1753 916 1799 αὐτοκράτωρ

132 1800 201 1844 πρὸς
213 1801 319 1834 πάντας
335 1802 405 1830 εῐναι
424 1804 549 1839 βούλεται
565 1807 764 1843 φοϐερώτατος.
781 1810 818 1836 Οὐ
829 1809 916 1844 χρεὼν

132 1843 179 1872 οὖν
195 1846 283 1898 ταυτα
301 1848 365 1898 τοὺς
386 1850 563 1886 Σαρακηνοὺς
584 1852 764 1888 ὀνειροπολεῖν
777 1862 784 1870 ο
800 1843 916 1891 υῦηγάρ

131 1899 158 1918 τι
176 1895 296 1920 τοιοῦτον
311 1895 325 1921 ὀ
339 1896 400 1922 καθ’
414 1897 487 1932 ἡμᾶς
501 1897 628 1932 βασιλεὺς
640 1899 728 1927 ἕλοιτο
749 1902 847 1929 ποιεῖν.
864 1903 916 1929 Εὐ-

132 1938 196 1964 κτδν
212 1939 240 1965 δὲ
252 1940 316 1975 ὑμῖν
330 1941 354 1957 ⁸⁵
370 1944 514 1978 γενήσεται
527 1944 558 1971 τὸ
570 1945 620 1981 τὴν
637 1947 749 1981 είρὴνην
763 1947 843 1975 αὐτὸν
858 1948 917 1975 ἐθέ-

133 1981 188 2008 λειν
205 1984 354 2019 ἐρρῶσθαι,
372 1987 420 2013 καὶ
445 1988 482 2023 μὴ
511 1989 614 2016 οἴεσθαί
640 1998 672 2024 γι
699 1990 781 2017 αὑτὸν
807 1991 917 2018 ἔλαττον

132 2027 203 2062 ἒχειν
225 2029 377 2064 Ῥωμαίους
402 2033 432 2059 ὲν
449 2034 509 2065 ταῖς
527 2034 577 2070 ἤδη
606 2036 806 2071 γεγενημέναις
835 2045 918 2063 σπον-

131 2073 201 2105 δαῖς.
219 2075 312 2113 Ταύτῃ
322 2077 376 2113 γὰρ
391 2078 514 2111 ἀνέξεται
537 2079 575 2115 μὴ
594 2081 664 2108 ὅπλα
688 2083 784 2110 κινεῖν.
805 2091 814 2108 ι
833 2079 917 2114 Οὗτος

136 2121 184 2155 μὲν
196 2121 243 2148 οὖν
256 2122 342 2155 οὕτως
357 2124 442 2157 ἔλεξε,
461 2126 516 2152 Καὶ
532 2127 596 2162 περὶ
614 2127 664 2162 μὲν
681 2127 735 2155 τῶν
751 2128 917 2164 Σαρακηνῶν

132 2167 162 2192 τὺ
176 2167 269 2196 λοιπὸν
284 2169 396 2205 οὐδεμία
415 2180 459 2204 τις
475 2173 588 2208 ἐφέρετο
604 2174 709 2209 μνήμη.
732 2174 917 2210 Ἐπιτηρήσας

969 1584 1035 1612 gens
1049 1580 1094 1604 aut
1120 1574 1273 1610 respublica
1288 1573 1372 1602 teneri
1386 1573 1477 1600 debet.
1490 1571 1545 1599 Nos
1559 1578 1624 1599 vero
1641 1577 1673 1598 eo
1689 1578 1752 1597 ma-

968 1623 1009 1659 gis
1022 1622 1108 1655 abest,
1119 1626 1149 1649 ut
1162 1621 1309 1656 quidquam
1320 1619 1390 1648 dono
1398 1619 1463 1646 dare
1475 1617 1618 1645 Saracenis
1629 1617 1753 1648 velimus,

968 1668 1039 1704 quod
1051 1672 1182 1702 quantum
1197 1667 1344 1702 imperator
1359 1664 1528 1693 Justinianus
1542 1671 1605 1699 erga
1618 1663 1752 1690 Barbaros

969 1713 1100 1748 benignus
1122 1716 1150 1739 et
1179 1711 1318 1739 beneﬁcus
1346 1710 1408 1741 fuit,
1424 1711 1458 1742 is,
1476 1709 1521 1743 qui
1537 1716 1611 1735 nunc
1624 1707 1753 1735 Romanis

971 1758 1098 1793 imperat,
1111 1761 1188 1785 tanto
1207 1756 1294 1791 magis
1314 1754 1456 1783 constituit
1468 1762 1498 1782 se
1509 1755 1615 1782 cunctis
1632 1754 1754 1789 praebere

971 1803 1184 1832 formidandum.
1208 1802 1301 1837 itaque
1327 1808 1379 1828 nou
1395 1804 1503 1835 oportet
1527 1798 1678 1826 Saracenos
1697 1798 1754 1826 haec

970 1849 1021 1877 sibi
1036 1849 1141 1876 somnia
1163 1848 1273 1882 lingere.
1288 1845 1431 1881 Nunquam
1453 1844 1524 1872 enim
1537 1844 1685 1879 imperator
1698 1844 1753 1871 haec.

971 1894 1060 1922 facere
1086 1893 1239 1921 sustinebit.
1269 1891 1351 1920 Vobis
1378 1895 1468 1919 autem
1493 1890 1640 1925 optandum
1656 1894 1709 1919 est,
1724 1895 1753 1915 ut

971 1947 1063 1975 pacem
1093 1946 1204 1967 servare
1231 1939 1263 1966 in.
1283 1937 1405 1965 animum
1431 1943 1510 1964 suum
1528 1936 1649 1967 inducat,
1667 1942 1754 1969 neque

970 1985 1108 2013 existimat
1129 1984 1261 2012 fmderum
1278 1981 1472 2010 conventiones
1488 1982 1514 2009 in
1534 1981 1625 2016 aliqua
1656 1988 1684 2008 re
1698 1980 1752 2008 Ro-

970 2038 1112 2058 manorum
1126 2030 1296 2065 majestatem
1319 2028 1418 2055 laedere
1428 2032 1457 2055 et
1472 2027 1605 2055 minuere.
1631 2027 1659 2054 Si
1680 2027 1753 2054 enim

971 2078 996 2105 id
1006 2077 1183 2110 existimaret,
1197 2076 1232 2103 ab
1240 2074 1324 2103 armis
1335 2073 1484 2101 inferendis
1495 2081 1549 2100 non
1564 2072 1727 2102 abstineret.
1741 2082 1750 2099 I

969 2124 1058 2158 Atque
1074 2123 1119 2150 hic
1133 2122 1251 2150 adhunc
1261 2121 1370 2148 modum
1387 2123 1429 2147 est
1445 2119 1560 2152 locutus,
1577 2127 1663 2154 neque
1677 2120 1755 2148 dein-

971 2176 1034 2204 ceps
1047 2168 1100 2197 ulla
1115 2167 1221 2195 mentio.
1235 2167 1268 2194 de
1290 2165 1434 2194 Saracenis
1446 2169 1487 2194 est
1503 2164 1575 2195 facta
1595 2174 1602 2192 :
1623 2165 1670 2193 sed
1692 2173 1751 2193 mox

132 2212 160 2238 τὲ
172 2213 211 2247 τῷ
223 2215 246 2230 ⁸⁵
259 2214 348 2242 δοκεῖν
366 2216 417 2243 οὐκ
443 2217 573 2252 ἔργωδῶς
595 2219 668 2253 ἀμφὶ
687 2219 817 2250 Σουανίας
831 2209 914 2255 ἆπέρ-

970 2215 1080 2244 devenit
1096 2215 1123 2242 in
1149 2221 1302 2243 sermonem
1322 2213 1356 2241 de
1371 2212 1473 2240 Suauia
1490 2222 1497 2240 :
1513 2219 1574 2240 eum
1592 2219 1754 2247 magnopere

133 2260 194 2294 ριψε
212 2260 316 2295 λόγους,
329 2262 367 2294 ὡς
381 2263 440 2290 δέον
454 2263 507 2290 ὑπὸ
520 2263 670 2299 Ῥωμαίους
682 2265 766 2301 αὐτὴν
781 2265 916 2293 καθεστά-

132 2315 187 2339 ναι,
204 2307 230 2334 si
241 2315 272 2341 γε
285 2308 332 2334 καὶ
348 2308 472 2342 Λαζικῆς
496 2310 661 2337 ἐπελάϐοντο
675 2310 849 2346 ἐννομώτατα
865 2312 915 2338 αὐ-

130 2351 181 2379 τοί.
200 2353 229 2379 '0
247 2352 276 2379 δὲ
296 2353 409 2390 Περσῶν
424 2354 551 2390 βασιλεὺς
564 2356 627 2388 τοὺς
641 2356 705 2392 περὶ
719 2357 850 2388 Σουανίας
865 2357 916 2392 μὲν

131 2396 226 2431 λόγους
249 2398 321 2431 εδοξε
351 2401 563 2436 παραδέχεσθαι,
585 2401 684 2437 χρῆναι
705 2402 734 2429 δὲ
759 2403 840 2430 αὐτὸν
863 2403 915 2438 ἔφη

132 2444 198 2477 περὶ
213 2443 314 2478 ταύτης
332 2445 390 2480 ἅμα
403 2447 459 2478 τοῖς
476 2447 504 2473 ἐν
517 2447 589 2474 τέλει
613 2447 667 2474 τῶν
685 2447 785 2483 Μήδων
807 2447 917 2483 βουλεύ-

133 2488 241 2516 σασθαι.
259 2490 336 2517 Μετὰ
353 2491 439 2518 ταῦτα
453 2493 468 2519 ό
488 2492 614 2528 Ἰωάννης
636 2493 732 2527 λόγους
755 2495 912 2529 προσήγαγε

130 2533 170 2568 τῷ
189 2535 238 2570 Ζὶχ
249 2535 288 2570 τῷ
304 2537 350 2562 καὶ
371 2536 586 2572 Ὶεσδεγουσνὰφ,
609 2538 655 2564 καὶ
678 2538 728 2574 μὲν
746 2536 793 2565 οὖν
810 2539 914 2573 ἑτέροις

131 2580 186 2606 τισὶ
205 2579 259 2606 τῶν
278 2580 354 2616 παρὰ
382 2581 501 2616 Πέρσαις
526 2583 680 2618 ἡγεμόνων.
702 2584 733 2610 οι
758 2583 786 2610 δὲ
808 2583 913 2616 ἔλεξαν,

130 2625 169 2656 ὡς
182 2627 343 2661 ἑτοιμότατα
364 2627 451 2663 ἔχοιεν
477 2629 607 2660 Σουανίας
630 2630 830 2666 παραχωρῆσαι
848 2630 914 2656 Ῥω-

132 2672 233 2706 μαίοις,
257 2672 328 2699 οὕτω
350 2673 442 2708 μέντοι
466 2673 508 2709 ἐφ’
523 2670 545 2708 ᾧ
567 2675 698 2710 χρήματα
720 2675 852 2710 λήψεσθαι
866 2676 913 2702 καὶ

970 2261 1097 2293 cavisset,
1111 2267 1144 2287 ne
1162 2259 1187 2286 id
1210 2260 1243 2286 de
1259 2258 1392 2286 industria
1403 2256 1494 2285 facere
1508 2257 1655 2290 videretur,
1663 2265 1755 2292 ,quau-

969 2306 1113 2342 doquidem
1131 2305 1230 2335 Lazica
1247 2304 1349 2339 optimo
1371 2303 1432 2339 jure
1453 2303 1506 2331 illis
1527 2304 1650 2331 restituta
1669 2307 1752 2334 esset,

968 2357 1095 2387 oportere
1108 2359 1216 2386 quoque
1230 2351 1316 2386 ipsam
1330 2350 1460 2377 Suaniam
1473 2349 1655 2377 Romanorum
1674 2348 1753 2384 151

967 2399 1094 2434 potestati
1110 2397 1240 2433 permitti.
1268 2397 1349 2424 Visus
1362 2399 1404 2424 est
1425 2400 1514 2422 autem
1537 2395 1683 2422 Persarum
1706 2402 1752 2421 rex

967 2451 1108 2472 sermones
1120 2443 1154 2471 de
1169 2442 1269 2470 Suania
1289 2441 1425 2476 excipere,
1443 2444 1470 2468 et
1478 2440 1530 2468 sibi
1544 2439 1660 2474 amplius
1676 2439 1707 2466 de
1719 2446 1750 2466 ea

967 2498 998 2517 re
1023 2497 1084 2517 cum
1108 2488 1276 2524 principibus
1292 2487 1430 2514 Medorum
1448 2484 1652 2513 deliberandum
1673 2484 1751 2512 dixit.

967 2537 1022 2564 Nec
1047 2535 1132 2563 multo
1161 2538 1221 2569 post
1251 2533 1370 2560 Joannes
1388 2532 1552 2566 colloquium
1575 2530 1668 2558 habuit
1691 2537 1750 2557 cum

967 2584 1060 2615 Zicho,
1088 2582 1132 2617 qui
1162 2581 1245 2609 etiam
1271 2578 1469 2613 lesdegusuaph
1501 2577 1704 2610 nominabatur,
1725 2580 1751 2602 ct

968 2631 1080 2664 reliquis
1091 2629 1234 2657 Persarum
1250 2626 1424 2662 primoribus.
1440 2625 1483 2654 Ilii.
1493 2624 1600 2660 quidem
1614 2623 1749 2654 dixerunt,

968 2679 1077 2710 paratos
1091 2681 1120 2701 sc
1134 2680 1194 2700 csse
1209 2671 1340 2701 Romanis
1362 2671 1460 2698 cedere
1475 2669 1602 2698 Suaniam
1623 2669 1674 2696 hac
1684 2676 1751 2696 con-

761 2731 877 2759 νΑιιιΑε
906 2729 1106 2760 LECTIONES.

168 2786 189 2823 fi
202 2785 232 2812 τὸ
242 2794 305 2823 περ.
316 2795 347 2823 fr.
359 2787 383 2814 δ.
399 2795 423 2813 τ.
441 2787 471 2815 Σ.
483 2787 537 2819 ἔξω
552 2789 624 2823 conj.
640 2789 685 2822 PL,
710 2788 776 2823 πρὸς
793 2789 832 2823 τῷ
850 2797 912 2823 περ.
924 2793 951 2815 et
965 2788 996 2814 τὸ
1013 2787 1050 2823 μὴ
1067 2786 1238 2823 στέργεινῨΝε
1275 2785 1384 2823 “ipsi;
1396 2783 1468 2823 091ιὶ-
1527 2783 1664 2823 ﬂuuium;
1678 2783 1747 2823 νηξίξ·

128 2822 151 2858 ῥυ
166 2821 225 2853 ἔθος
241 2821 372 2858 Nucem;
402 2823 475 2858 vulg.

129 2857 153 2874 ”
172 2857 237 2891 ἡμῖν
255 2857 325 2893 vulg.
364 2858 386 2874 ⁵⁵
400 2858 428 2884 τὸ
442 2857 512 2893 conj.
527 2857 558 2886 N.

513 2823 671 2859 ‘frbnapqo.
701 2823 769 2856 Val.,
802 2824 922 2859 ᾗπερειδ.
941 2823 1012 2858 vulg.

1062 2823 1086 2838 ι’
1105 2818 1176 2858 ἧτέερ
1193 2822 1263 2855 Val.,
1280 2818 1359 2857 εἴπερ
1375 2818 1453 2856 vulg,
1486 2819 1509 2835 "
1524 2819 1552 2848 δὲ
1570 2818 1612 2852 l3.,
1631 2826 1662 2853 γε
1677 2819 1748 2855 vuig-
