1943 3072
210 156 265 191 sea
274 147 276 149 ’

658 154 854 184 EXCERPTA
871 154 923 183 EX
940 151 1154 182 MENANDRO
1172 150 1418 181 PROTECTOBE

1786 146 1840 177 884

211 213 326 245 ditioue,
343 214 374 239 ut
397 209 512 246 pretium
538 209 597 245 ejus
611 209 767 244 acciperent
786 214 813 237 et
823 209 882 244 ejus
899 208 997 235 cessio-

1051 206 1128 233 ὢνιον
1145 206 1238 232 θέσθαι
1253 206 1302 240 τὴν
1326 204 1501 240 ἀπαλλαγην.
1523 203 1578 230 Καὶ
1600 202 1670 238 πρός
1693 209 1725 236 γε
1742 203 1841 237 συνθή-

210 265 273 286 nem
302 257 461 289 venderent,
488 255 642 290 multasque
670 255 737 283 alias
761 255 956 283 conventione:
970 253 995 280 in

211 304 330 331 medium
355 301 543 337 proponebant
565 306 657 336 turpes
684 307 712 329 et
735 302 858 337 indignas
881 299 996 328 Romani

211 350 318 384 imperii
342 348 495 384 majestate,
518 352 546 375 et
569 355 629 382 qua:
652 347 764 374 minime
792 345 996 378 existimationi,

211 403 292 431 quam
307 394 431 422 Justinus
446 394 560 428 adeptus
577 398 647 426 erat,
672 392 889 420 consentiebant.
902 391 998 419 Gravis

213 441 286 469 enim
310 446 338 468 et
359 440 422 468 elati
442 440 525 467 animi
553 440 604 471 rir,
639 443 666 467 et
682 438 727 473 qui
743 438 833 465 omnia
855 437 998 471 diligenter

211 486 401 521 perpenderet,
416 485 575 513 habebatur.
588 485 654 517 Qum
665 491 726 511 cum
738 483 855 510 Joannes
866 482 996 513 audisset,

212 540 300 568 neque
313 532 382 559 satis
400 531 432 557 ad
448 538 490 564 ea,
517 538 577 565 quae
602 530 750 565 imperator
767 529 804 555 illi
819 532 996 562 praeceperat,

211 578 386 611 advertisset,
406 577 593 612 imprudenter
608 576 683 609 fecit,
700 580 728 603 et
745 577 777 602 ad
792 575 899 603 Suanos
914 574 997 606 misit,

211 625 257 659 qui
275 631 364 658 regem
384 631 479 650 eorum
508 622 660 650 salutarent
682 622 793 657 ejusque
805 622 919 656 gratiam
935 627 999 647 con-

212 670 348 698 ciliarent.
369 669 408 696 Eo
422 669 600 696 absurditatis
616 676 676 696 eum
688 668 835 702 pellexerat
852 667 995 694 Chosroes.

212 715 263 748 Qui
277 715 376 743 callide
394 715 445 741 hoc
457 718 625 742 commentus
640 714 676 740 ita
692 713 819 745 instituit,
833 716 863 739 ut
876 712 997 745 haberet,

211 762 282 796 quod
299 762 377 797 quasi
394 761 455 796 jure
472 768 521 789 suo
540 760 654 793 diceret,
670 759 776 787 Suanos
789 759 862 794 ipsos
873 758 999 793 quamvis

213 813 321 843 rogatos
337 807 467 835 Romanis
482 813 578 841 parcre
604 813 755 833 recusasse.
781 805 898 832 Noverat
914 804 996 837 enim,

211 859 343 888 quantum
369 853 449 888 quia
477 852 581 881 Joanne
600 852 676 880 missi
703 852 820 885 fuerant,
849 850 997 878 ellieerent.

213 884 268 927 nec
281 899 364 927 multo
376 884 436 935 post
451 899 587 927 Chosroes
600 898 737 933 pollicitus
749 902 800 930 est,
828 904 858 925 se
879 896 996 931 legatum
1014 884 1035 914 Β

212 947 246 973 ad
268 946 452 974 Romanorum
471 945 663 981 imperatorem
691 945 837 972 missurum
862 951 934 975 esse,
950 942 996 977 qui

214 993 271 1020 haec
285 992 375 1020 omnia
388 996 574 1027 componeret,
588 996 615 1018 et
631 998 755 1019 reversus
765 989 933 1018 estJoanues
949 990 997 1024 By-

212 1039 342 1066 zantium.
468 1040 478 1048 '

247 1084 274 1111 6.
291 1084 334 1121 (Α.
347 1084 379 1111 C.
392 1083 444 1112 566
459 1083 516 1111 Ind.
536 1083 569 1110 Η
586 1082 691 1111 ‘Justini
705 1083 745 1118 2.)
755 1082 876 1110 Justinus
886 1081 998 1115 impera-

213 1136 255 1158 tor
280 1130 324 1158 nbi
340 1130 446 1164 accepit
463 1128 595 1157 Joannem
620 1129 723 1164 legatos
753 1129 779 1155 in
795 1127 923 1154 Suaniatu
947 1127 998 1154 mi-

212 1177 291 1209 sisse,
315 1176 423 1203 Snanos
447 1179 537 1201 autem
554 1181 584 1202 se
600 1182 653 1202 non
684 1173 800 1209 imperio
813 1172 997 1200 Romanorqu

212 1223 370 1258 subjecisse,
394 1220 513 1255 graviter
537 1219 702 1254 molesteque
727 1219 787 1246 tulit
816 1222 844 1246 et
866 1217 998 1245 Joannem

212 1268 356 1303 legationis
378 1275 432 1295 non
458 1275 491 1295 ex
516 1266 633 1294 utilitate
649 1266 817 1301 reipublicae
833 1270 915 1300 gestae
935 1272 1000 1292 eon-

213 1314 361 1342 dcmnavit.
377 1313 432 1342 Nec
458 1313 530 1341 enim
542 1320 572 1340 se
585 1312 682 1345 inscio,
695 1317 742 1340 aut
753 1319 805 1339 non
816 1311 938 1345 jnbente,
950 1312 998 1338 de-

213 1361 306 1388 buisse
330 1361 439 1388 mittere
464 1365 491 1388 et
504 1366 537 1387 ex
567 1359 620 1387 hoc
635 1358 808 1386 occasionem
822 1357 913 1385 Persis
929 1364 998 1392 prat-

212 1407 287 1440 bere,
306 1415 359 1442 qua
375 1414 450 1435 suam
465 1406 626 1442 iniustitiam
642 1409 775 1440 tegerent,
792 1409 820 1432 et
831 1404 918 1438 palam
931 1411 1000 1439 prte-

212 1454 353 1484 «'icareut,
384 1453 491 1480 Suanos
524 1453 599 1487 ipsos
631 1451 819 1478 Romanorum
855 1450 997 1485 imperium

213 1500 392 1527 detrectasse.
405 1498 460 1525 Nec
476 1499 547 1526 enim
571 1498 643 1525 hanc
666 1496 700 1523 ab
714 1496 828 1531 imperio
845 1497 998 1531 suscepisse

1048 259 1099 282 κας
1114 250 1197 281 ἄλλας
1216 250 1292 282 τινὰς
1306 250 1362 276 δεῖν
1377 250 1497 284 ἔφασκον
1507 247 1647 283 γενέσθαι,
1672 247 1790 282 αἰσχράς
1809 255 1839 273 τε

1050 296 1096 323 καὶ
1112 295 1226 328 ἀναξίας
1249 296 1298 331 τῆς
1315 294 1462 330 Ῥωμαίων
1480 294 1580 330 ἀρχῆς,
1600 294 1647 320 καὶ
1676 293 1839 328 βεϐαιούσας

1048 341 1173 378 οὐδαμῶς
1184 341 1232 377 τὴν
1247 342 1312 377 περὶ
1334 341 1468 376 βασιλέως
1488 340 1632 367 Ἰουστίνον
1656 339 1840 374 κρατήσασαν

1049 388 1137 421 δόξαν,
1158 388 1195 420 ὥς
1215 389 1273 415 ἐστι
1294 387 1366 423 μάλα
1387 387 1524 423 ἐμϐριθὴς
1538 395 1567 414 τε
1585 386 1634 413 καὶ
1661 384 1840 420 κατηκριϐω-

1051 434 1142 469 μένος.
1166 434 1293 469 Ἰωάννης
1307 434 1335 461 δὲ
1352 434 1386 460 τὰ
1398 433 1487 460 τοιάδε
1502 431 1640 468 ἀκηκοὼς,
1654 431 1702 458 καὶ
1724 431 1755 457 οὐ
1772 430 1840 465 σφό-

1048 481 1100 516 δρα
1125 481 1175 515 τῆς
1197 481 1244 508 τοῦ
1270 480 1471 516 αὐτοκράτορος
1492 479 1691 515 στοχαζόμενος
1711 477 1838 511 γνώμης,

1048 530 1218 559 ἀϐουλότατα
1246 526 1411 563 διεπράξατο
1426 535 1432 542 ·
1452 526 1556 552 ἔστειλε
1583 524 1636 560 γὰρ
1666 522 1741 557 παρὰ
1754 522 1841 547 Σουά-

1049 585 1122 608 vom"
1139 576 1185 602 τὸν
1197 574 1272 609 σφῶν
1287 573 1398 609 βασιλέα
1416 572 1578 607 βουλόμενος
1589 568 1782 601 δεξιώσασθαι,
1793 567 1839 593 δε-

1049 623 1196 653 λεάσαντος
1207 620 1253 647 οὖν
1268 619 1392 650 αὺτδνὲς
1401 618 1481 645 τοῦτο
1504 617 1622 644 ἀτοπίας
1645 614 1734 641 ἐλθεῖν
1753 612 1839 639 αὐτοῦ

1051 667 1186 704 Χοσρόου,
1207 667 1359 702 ἐσκήπτετο
1374 665 1403 691 δὲ
1421 664 1452 691 τὺ
1467 663 1569 690 τοιόνδε
1592 661 1640 688 καὶ
1667 659 1840 694 ἐμηχανᾶτο,

1049 715 1124 745 ὅπως
1139 712 1226 740 ἐσοιτό
1239 712 1261 730 ⁸⁸
1275 720 1307 746 γε
1323 710 1397 746 αὐτῷ
1407 711 1436 742 ἐς
1445 708 1629 742 δικαιολογίαν
1648 706 1721 738 τινὰ,
1737 704 1775 735 ὡς
1788 705 1839 730 αὺ-

1049 760 1091 786 τοὶ
1106 758 1231 791 Σουάνοι,
1260 757 1349 784 καίτοι
1369 754 1585 792 προτραπέντες,
1618 752 1668 778 οὐκ
1697 751 1837 785 ἀνάσχετα

1049 804 1188 832 ποιοῦνται
1206 802 1351 838 Ῥωμαίοις
1387 799 1547 827 ὑπακούειν.
1569 797 1750 832 Ἑξηπίστατο
1780 794 1839 829 γὰρ

1049 851 1090 878 ὅτι
1106 848 1152 878 οὖν
1165 849 1273 885 ὣνησαν
1298 849 1322 875 οί
1343 847 1412 882 πρὸς
1429 846 1552 873 Ἰωάννου
1579 842 1735 873 σταλέντες.
1759 840 1840 868 Μετὰ

1049 897 1137 924 ταῦτα
1150 894 1336 930 ἐπηγγείλατο
1363 891 1487 927 Χοσρόης
1516 889 1635 916 στέλλειν
1665 885 1839 922 πρεσϐευτὴν

1050 943 1087 975 ὡς
1101 942 1212 978 βασιλέα
1235 940 1389 975 Ῥωμαίων,
1409 938 1455 965 τδν
1483 936 1570 964 ταῦτα
1595 935 1703 962 ἅπαντα
1721 934 1749 959 ὲν
1762 933 1841 958 δέον-

1049 998 1077 1016 τι
1093 990 1115 1005 ⁸⁷
1132 987 1375 1022 καταστησόμενον
1388 993 1394 999 ·
1411 985 1458 1011 καὶ
1492 981 1635 1015 ἀνέζευξεν
1658 979 1787 1013 Ἰωάννης
1809 979 1839 1009 ἐς

1049 1035 1079 1062 τὸ
1093 1034 1240 1065 Βυζάντιον

1085 1085 1122 1113 ς’.
1138 1081 1200 1107 Ὀτι
1225 1078 1366 1108 Ἰουστῖνος
1378 1076 1392 1102 ὁ
1418 1074 1544 1111 βασιλεὺς
1564 1071 1626 1099 ἐπεὶ
1645 1070 1773 1102 ἐπύθετο,
1800 1068 1839 1099 ὡς

1049 1129 1079 1155 ἑν
1092 1126 1210 1161 Σουανίᾳ
1223 1125 1265 1160 είη
1277 1122 1401 1158 πέμψας,
1416 1121 1465 1148 καὶ
1486 1121 1528 1148 ὅτι
1553 1115 1838 1161 τοῖςςΡωμαίωνΛοδ

1050 1159 1214 1207 προσέθεντο
1232 1168 1355 1199 Σουάνοι,
1381 1166 1572 1202 ἐχαλέπαινεν,
1598 1159 1642 1189 οἷα
1666 1161 1752 1191 εἰκός.
1781 1159 1837 1207 Kal

1049 1204 1275 1253 παραπρεσϐείας
1291 1214 1416 1250 ἐκρίνετο
1437 1211 1575 1245 Ἰωάννης,
1591 1209 1641 1236 ἅτε
1667 1207 1698 1233 οὗ
1720 1205 1788 1253 πρὸς
1806 1204 1838 1253 Eb

1050 1250 1173 1292 συνοῖσον
1188 1264 1223 1298 τῇ
1238 1261 1363 1296 πολιτείᾳ
1371 1257 1604 1294 διαπραξάμενος,
1621 1253 1689 1281 Οὐδὲ
1703 1252 1757 1287 γὰρ
1770 1250 1839 1298 χρη-

1049 1319 1093 1338 ναι
1109 1309 1191 1337 αὑτὸν
1214 1307 1318 1342 ἔφασκε
1341 1305 1453 1336 στεῖλαι,
1470 1303 1528 1336 εἴγε
1548 1301 1585 1336 μὴ
1600 1298 1680 1326 τοῦτο
1695 1295 1839 1323 ἐνεκελεύ-

1051 1365 1116 1384 σατο
1134 1356 1148 1382 ὁ
1165 1353 1292 1390 βασιλεύς
1306 1360 1314 1368 ’
1330 1352 1384 1379 κάκ
1395 1349 1491 1376 τούτου
1508 1347 1600 1374 δοῦναι
1614 1344 1752 1380 πρόφασιν
1765 1341 1838 1376 Πέρ-

1050 1412 1112 1434 σαις
1127 1388 1296 1434 τδ-ἀδίκημα
1312 1396 1479 1430 ξυσκιάζειν,
1493 1394 1541 1421 καὶ¹
1555 1392 1705 1427 προφέρειν
1724 1388 1836 1434 λόγονῆ

1049 1450 1087 1481 ὡς
1103 1433 1180 1475 αὐτοὶ
1197 1446 1309 1473 Σουάνοι
1328 1443 1503 1478 ἀπηνήναντο
1524 1438 1560 1466 τὰ
1581 1436 1737 1470 Ῥωμαίων.
1763 1433 1837 1460 Ἀλλ’

1050 1495 1110 1523 οὐδὲ
1123 1495 1151 1521 ὲν
1163 1494 1234 1528 ἀρχῇ
1247 1492 1296 1527 τὴν
1311 1489 1440 1524 τοιαύτην
1457 1483 1661 1522 προσδέξασθαι
1672 1481 1837 1528 πρόκλησιν]

214 1544 392 1578 provinciam,
407 1548 436 1571 ut
449 1548 495 1570 aut
511 1543 611 1571 Suanis
634 1541 772 1575 suaderet,
785 1546 814 1568 ut
826 1549 855 1569 se
871 1541 998 1569 Romanis

1051 1524 1445 1576 ἢΣουάνοιιξηπροτρέψασθαι
1468 1530 1539 1558 εἶναι
1563 1529 1616 1557 ὑπὸ
1638 1526 1801 1578 Ῥωμαίους,
1811 1524 1837 1578 ’ἢ

213 1590 369 1622 subderent,
388 1594 435 1617 aut
460 1589 540 1624 hujus
564 1589 603 1616 rei
617 1587 703 1623 gratia
717 1587 878 1623 Byzantium
896 1587 1000 1622 legatus

213 1636 330 1663 veniret.
350 1635 479 1663 Neutrum
508 1635 580 1662 enim
606 1634 720 1668 imperio
743 1633 865 1661 Romano
889 1633 999 1668 dignum

214 1690 275 1710 esse
287 1682 472 1710 existimabat.
496 1681 589 1716 Itaque
603 1679 736 1708 Joannem
763 1679 909 1714 imperator
929 1686 944 1706 a
970 1686 999 1706 se

215 1726 397 1754 abalienatum
414 1725 517 1753 dimisit
541 1729 568 1753 et
582 1732 676 1753 eorum
695 1731 807 1752 numero
825 1724 928 1756 habuit,
952 1725 997 1758 qui

215 1771 326 1798 minime
335 1771 468 1798 commodi
485 1771 542 1799 suis
565 1772 646 1798 rebus
662 1774 754 1798 essent
769 1776 777 1796 :
790 1773 845 1796 tum
861 1770 999 1804 excogita-

215 1818 262 1849 vit,
287 1824 340 1851 qua
368 1818 474 1845 ratione
489 1816 641 1845 inconsulte
665 1815 733 1843 facta
751 1815 777 1842 in
795 1813 892 1843 melius
906 1816 999 1843 corri-

214 1871 253 1896 ge.
263 1867 300 1890 et.

249 1908 274 1935 'I.
293 1907 336 1945 (Δ.
359 1908 390 1936 C.
407 1908 459 1936 568
482 1909 541 1936 Ind.
564 1908 582 1935 2
609 1907 708 1935 Justini
723 1907 762 1944 ι.)
777 1906 912 1941 Justinus,
936 1915 998 1934 cum

214 1953 306 1987 Turci,
323 1954 368 1989 qui
384 1953 460 1982 Sacae
474 1954 627 1989 antiquitus
641 1953 818 1986 vocabantur,
836 1953 938 1989 legatus
965 1953 998 1980 ad

213 2008 275 2027 eum
299 2001 331 2027 de
350 2007 417 2034 pace
430 2000 579 2033 misissent,
592 1999 734 2028 consilium
748 2000 820 2035 cepit
837 1999 997 2034 legationem

213 2054 320 2080 quoque
331 2046 364 2074 ad
381 2054 427 2074 eos
443 2046 562 2074 mitlere.
583 2045 676 2081 Itaque
691 2046 841 2074 Zemareho
852 2045 940 2078 Cilici,
953 2046 998 2079 qui

215 2097 278 2119 time
303 2093 433 2128 temporis
450 2097 509 2120 erat
523 2092 667 2127 praefectus
679 2093 786 2120 urbium
802 2091 999 2125 0rienlis,jus—

213 2138 258 2170 sit,
272 2144 302 2164 ut
317 2137 349 2164 ad
370 2145 428 2165 eam
444 2145 474 2166 se
489 2143 663 2173 praepararet.
680 2136 705 2166 ls
719 2145 781 2166 cum
795 2137 948 2165 necessaria
964 2137 997 2164 ad

213 2187 267 2210 tam
292 2183 399 2217 Iungunt
422 2184 475 2211 iter
495 2188 693 2219 comparasset,
708 2183 781 2212 circa
808 2182 889 2210 ﬁnem
906 2182 997 2217 quarti

1049 1586 1146 1613 τούτου
1158 1593 1190 1619 γε
1206 1584 1287 1609 ἕνεκα
1313 1578 1484 1615 πρεσϐευτὴν
1499 1577 1522 1594 ⁵⁸
1543 1577 1571 1602 ὲν
1593 1572 1732 1607 Βυζαντίῳ
1755 1570 1835 1605 γενέ-

1051 1633 1122 1659 σθαι.
1159 1615 1308 1663 ὸὺδέτερον
1324 1627 1379 1663 γὰρ
1403 1625 1434 1658 ἐξ
1464 1622 1566 1658 ἀμφοῖν
1601 1618 1738 1655 εὐπρεπὲς
1763 1615 1835 1663 εἶναι

1049 1680 1082 1714 τῇ
1100 1676 1223 1710 πολιτείᾳ
1240 1662 1373 1710 ἡγήσατο.
1393 1671 1520 1704 Ἰωάννην
1534 1665 1582 1695 οὖν
1597 1664 1802 1714 περιφρονήσας
1820 1662 1838 1688 ὀ

1049 1708 1228 1757 αξτοκράτωρ
1244 1708 1274 1747 έν
1286 1708 1320 1754 τῇ
1337 1717 1392 1745 τῶν
1413 1713 1610 1748 ἀνεπιτηδείων
1636 1710 1714 1741 ἔταξε
1740 1708 1834 1757 imit)?!

1049 1754 1242 1805 ἐγνωμάτευσε
1258 1766 1286 1793 δὲ
1300 1766 1375 1796 ὅπως
1393 1763 1427 1791 τὰ
1447 1760 1633 1798 ἡμαρτημένα
1651 1757 1680 1784 εὖ
1696 1754 1817 1790 διαθείη.

1085 1901 1118 1933 ζ’.
1136 1900 1197 1926 Ὅτι
1211 1898 1266 1925 τῶν
1277 1895 1419 1931 Τούρκων,
1433 1892 1487 1920 τῶν
1503 1891 1599 1918 Σακῶν
1618 1887 1793 1923 καλουμένων
1806 1885 1835 1912 τὺ

1051 1932 1145 1978 πάλαι,
1161 1942 1309 1979 πρεσϐείας
1320 1939 1514 1976 ποιησαμένων
1525 1937 1594 1973 πρὸς
1613 1935 1757 1962 Ἰουστῖνον
1770 1932 1835 1967 περὶ

1051 1992 1173 2028 είρήνης,
1197 1990 1227 2017 ἐν
1244 1987 1326 2024 βουλῇ
1351 1986 1501 2020 ἐποιήσατο
1514 1983 1528 2009 ὀ
1551 1981 1677 2018 βασιλεὺς
1691 1979 1834 2028 ἐκπέμψαι

1049 2024 1199 2074 πρεσϐείαν
1209 2035 1246 2066 ὡς
1257 2033 1407 2069 Τοῦρκους.
1419 2030 1475 2057 Καὶ
1491 2030 1524 2065 δὴ
1536 2027 1674 2074 Ζημάρχιρ
1687 2025 1727 2061 τῷ
1740 2024 1834 2074 ιςίλικι

1049 2069 1126 2117 ἔλεγε
1140 2078 1399 2118 παρασκευάζεσθαι
1413 2077 1460 2104 ἐπὶ
1475 2075 1572 2110 τούτῳ,
1586 2073 1615 2105 ὃς
1631 2073 1686 2100 τῶν
1710 2071 1779 2118 πρὶς
1797 2069 1835 2118 ξω

1050 2114 1155 2157 πόλεων
1181 2114 1334 2162 τηνικαῦτα
1366 2124 1473 2159 ὑπῆρχε
1501 2120 1665 2158 στρατηγός.
1698 2117 1776 2144 Ἐπεὶ
1789 2114 1835 2143 οὖν

1050 2176 1159 2204 ἅπαντα
1169 2173 1245 2208 αὐτῷ
1253 2173 1286 2200 τά
1299 2173 1349 2199 ὅσα
1359 2170 1427 2206 πρὸς
1438 2168 1547 2205 μακρὰν
1560 2167 1620 2194 ὁδὸν
1630 2163 1803 2200 ἐξηρτυμένα
1813 2162 1835 2178 ⁵³

292 2208 399 2217 ων...
422 2208 469 2211 ____
498 2208 693 2219 πψτη----Ἴ
711 2208 781 2212 -..τῇ

211 2229 275 2256 anni
289 2229 394 2262 imperii
410 2228 521 2263 Justini,
537 2234 633 2257 exacto
658 2230 778 2257 secundo
796 2228 999 2264 quindecenna-

1051 2220 1096 2257 ἦν,
1110 2220 1191 2256 ἡνίκα
1206 2218 1274 2254 πρὸς
1299 2218 1330 2244 τδ
1344 2217 1431 2252 πέρας
1445 2214 1542 2250 ἠνύετο
1558 2213 1607 2247 τῆς
1624 2210 1769 2262 Ἰουστίνοιι
1785 2208 1834 2261 βαι

213 2275 246 2302 lis
263 2273 342 2310 152
359 2274 462 2310 periodi
485 2282 567 2307 anno,
590 2275 667 2303 initio
682 2274 794 2306 mensis,
821 2274 867 2309 qui
895 2273 999 2301 Latinis

214 2327 327 2349 vocatur
334 2321 481 2356 Augustus,
490 2320 627 2356 profectus
635 2320 849 2357 Byzantio,viam
863 2320 999 2354 ingressus

214 2370 255 2392 est
272 2374 323 2393 una
335 2373 396 2392 enm
409 2365 550 2394 Maniacho
558 2370 585 2393 et
597 2366 654 2394 suis
668 2365 823 2394 comitibus.

252 2499 280 2527 8.
312 2499 459 2527 Multorum
482 2499 586 2526 dierum
608 2498 705 2526 itinere
720 2501 874 2533 peragrato,
888 2496 999 2524 Zemar-

213 2548 281 2575 chus
296 2551 323 2575 et
334 2547 380 2582 qui
391 2554 452 2574 eum
469 2554 501 2573 eo
514 2550 605 2579 erant,
624 2552 684 2572 eum
696 2545 722 2572 in
737 2543 873 2579 regionem
888 2541 1001 2577 Sogdai-

214 2599 302 2621 tarum
323 2594 520 2629 pervenissent,
537 2597 567 2620 ut
580 2600 612 2619 ex
630 2591 708 2626 equis
723 2589 932 2620 descenderunt,
950 2587 1000 2615 ob-

213 2640 271 2667 vios
285 2639 438 2667 habuerunt
452 2647 485 2667 ex
502 2639 598 2667 Turcis
622 2637 778 2668 nonnullos.
795 2635 828 2662 ad
845 2634 870 2662 id
888 2633 998 2666 missos,

213 2685 260 2720 qui
273 2685 376 2713 ferrum
387 2686 558 2714 vendendum
578 2683 722 2716 oﬂ'errent,
734 2682 840 2717 opinor,
856 2683 885 2707 ut
899 2679 1000 2707 indica-

1050 2255 1152 2298 σιλείας
1168 2266 1199 2292 τὸ
1225 2265 1355 2299 τέταρτον
1368 2262 1438 2293 ἔτος,
1453 2260 1493 2296 τῷ
1504 2260 1623 2294 δευτέρῳ
1650 2255 1767 2291 ἐνιαυτῷ
1785 2255 1836 2289 τῆς

1050 2308 1374 2344 πεντεκαιδεκαετηρίδος
1393 2306 1556 2342 περιφορᾶς,
1575 2304 1640 2338 περὶ
1654 2302 1689 2329 τὰ
1703 2300 1836 2336 προοίμια

1049 2357 1097 2385 τοῦ
1109 2357 1185 2393 παρὰ
1193 2355 1318 2386 Λατίνοις
1329 2352 1489 2388 Αὐγούστου
1504 2350 1599 2386 μηνὸς,
1608 2351 1621 2376 ὁ
1636 2349 1684 2384 μὲν
1693 2348 1838 2383 Ζήμαρχος

1051 2404 1158 2438 ἀπῆρεν
1177 2403 1209 2429 ὲκ
1225 2400 1374 2433 Βυζαντίου
1389 2399 1437 2432 ξὺν
1450 2397 1524 2432 αὐτῷ
1543 2398 1565 2413 ⁶⁰
1587 2395 1720 2429 Μανιάχῳ
1744 2394 1766 2409 "
1791 2393 1839 2420 καὶ

1049 2450 1106 2480 τοῖς
1115 2448 1185 2482 ἀμφ’
1197 2447 1289 2474 αὐτόν.

1084 2493 1120 2528 η’.
1138 2493 1200 2520 Ὅτι
1215 2491 1320 2519 πολλῶν
1333 2490 1446 2526 ἡμερῶν
1461 2488 1519 2515 ὁδὸν
1535 2486 1712 2516 διανύσαντες
1727 2484 1752 2511 οί
1775 2484 1842 2518 περὶ

1050 2541 1208 2577 Ζήμαρχον,
1221 2539 1316 2574 ἐπειδὴ
1333 2537 1459 2572 παρῆσαν
1477 2537 1506 2562 ἑν
1525 2535 1582 2565 τοῖς
1605 2534 1627 2550 ⁸¹
1652 2533 1707 2559 τῶν
1727 2531 1842 2565 Σογδαῑο

1050 2587 1105 2614 τῶν
1126 2587 1229 2618 τόποις,
1259 2584 1378 2620 ὁπηνίκα
1396 2583 1453 2610 τῶν
1478 2584 1571 2609 ἵππων
1599 2579 1753 2615 ἀπέϐησαν,
1787 2577 1842 2603 τῶν

1053 2632 1184 2668 Τούρκων
1206 2632 1271 2658 ἔνιοι
1303 2630 1358 2666 (ὡς
1388 2630 1488 2661 ἔοικεν,
1516 2628 1545 2660 ἐς
1573 2626 1653 2654 τοῦτο
1673 2622 1841 2659 ἀνειμένοι),

1054 2677 1136 2705 ὤνιόν
1151 2686 1227 2712 σφισι
1245 2677 1408 2713 προΐσχοντο
1437 2673 1558 2709 σίδηρον,
1577 2670 1656 2707 οίμαι
1672 2669 1711 2706 τῷ
1727 2670 1843 2704 ποιήσα-

855 2761 970 2789 νΑΒιΑΞ
992 2756 1191 2787 LECTIO‘NES.

249 2831 272 2845 "
285 2830 372 2865 ἔσοιτο
402 2831 472 2858 Val..
484 2830 551 2865 ὅσοι
568 2830 598 2855 τδ
617 2830 688 2865 vulg.
727 2831 750 2845 ³⁷
764 2830 792 2856 ἐν
803 2830 890 2857 δέοντι
905 2828 950 2862 IL,
967 2828 1065 2865 ἐνδέον.
1081 2826 1166 2865 vulg._
1236 2823 1407 2865 πρεσϐξυτὴς
1429 2822 1502 2857 thlg-
1540 2822 1562 2837 ⁵⁹
1578 2827 1752 2855 εςηρτημενα
1764 2819 1839 2854 Vilis-

214 2866 235 2882 "
247 2863 332 2899 αὐτῷ]
349 2865 383 2891 αὖ
403 2866 442 2901 τῷ
469 2864 501 2891 11.
540 2866 560 2881 ⁸⁸
573 2859 705 2899 Mamilio:
722 2865 768 2897 IL,
783 2865 922 2899 Μαντάχον
934 2859 1006 2898 vulg.
1044 2863 1066 2878 ⁶²
1083 2863 1112 2888 ἐν
1127 2859 1180 2891 τοῖς
1195 2859 1239 2892 N.,
1255 2860 1347 2890 αὐτοῖς
1361 2859 1433 2892 vulg.
