1943 3072
206 140 259 170 987

648 140 843 170 EXCERPTA
862 140 913 170 EX
930 141 1139 171 MENANDRU
1160 139 1402 170 I’ROTECTORE

1773 139 1827 169 838

207 196 234 221 iu
249 202 301 229 quo
318 199 396 222 crant
411 195 540 222 columna:
557 195 660 230 liguer,
689 203 756 222 auro
770 195 894 222 involutae
918 205 924 222 :
943 203 989 221 au-

1046 196 1095 222 Καὶ
1106 195 1293 230 ἀνεχώρησαν,
1310 195 1371 221 ὁποι
1387 194 1476 225 αὐτοῖς
1498 194 1513 228 ή
1532 193 1680 225 κατάλυσις
1697 191 1741 229 ἦν.
1760 192 1827 220 Εἶτα

207 244 294 266 ratum
310 239 391 267 etiam
406 240 516 273 cubile,,
527 246 644 275 quatuor
663 242 813 276 pavonibus
829 242 918 269 aureis
938 241 989 268 ful-

207 290 273 313 tum.
287 285 328 312 Ad
345 286 506 314 vestibulum
527 287 586 322 ejus
610 286 673 319 loci,
693 287 736 314 ubi
760 287 997 323 commorabatur,

205 332 335 367 disposita
363 337 441 360 erant
468 333 598 368 plaustra,
617 334 714 368 quibus
747 334 834 361 inerat
849 333 931 361 multa
944 341 989 360 ar-~

205 382 300 412 gentea
320 378 450 413 supellex,
468 379 533 406 disci
546 383 573 406 et
589 379 693 411 lances,
705 383 732 406 et
753 379 875 414 plurimae
894 384 990 407 statua:

205 424 362 451 animalium
389 429 502 460 argento
532 426 686 458 elaboratae,
715 433 774 460 quae
797 429 939 453 venustate
964 429 991 452 et

205 469 338 503 elegantia
365 477 417 496 non
433 471 617 497 concedebant
639 470 752 497 nostris.
768 471 808 497 Eo
824 477 910 504 usque
924 477 991 505 opu-

205 513 287 540 lentia
307 513 384 541 ducis
401 514 549 541 Turcorum
571 515 714 549 processit.
741 515 807 542 Cum
826 515 990 542 Zemarchus

206 564 234 587 ct
249 559 295 594 qui
311 567 371 587 cum
394 566 426 587 eo
438 564 516 587 erant
541 560 596 588 illic
612 568 715 587 moram
728 561 874 593 traherent,
890 561 991 595 placuit

209 603 345 637 Disahulo,
361 608 389 631 ut
404 611 434 631 se
459 605 675 639 proﬁciscentem
701 611 796 633 contra
819 605 915 633 Persas
940 605 990 633 Ze-

209 649 335 676 marchus
347 654 507 684 sequeretur
523 657 582 678 cum
609 650 702 684 viginti
726 657 758 678 ex
781 651 849 684 suis,
879 651 925 686 qui
952 651 991 678 illi

208 696 414 723 ministrarent:
432 696 536 724 interea
551 696 647 731 reliqui
672 697 855 724 Romanorum
870 697 928 732 ejus
953 704 992 725 re<

206 741 292 768 (litum
313 741 340 768 in
364 741 531 769 Chliatarum
551 742 660 776 regione
678 743 877 777 opperirentur.
904 743 992 777 Atque

208 787 230 813 is
246 793 292 814 θος
303 787 330 814 in
349 786 471 815 discessu
486 788 644 815 muneribus
667 787 780 816 donatos
796 795 811 815 a
834 796 862 816 se
878 788 990 816 dimisit.

209 830 387 858 Zcmarchum
409 839 517 867 quoque
543 833 686 860 honoravit
710 833 816 866 captiva
841 833 990 861 concubina

208 885 240 903 cx
256 877 308 908 his,
324 883 384 911 quae
408 877 520 905 Cerchis
531 878 667 905 dicuntur.
694 878 732 906 Ita
753 878 918 907 Zemarchus
931 886 990 906 cum
1009 867 1028 893 Β

210 923 335 950 Disabulo
348 923 446 950 bellum
462 931 522 951 cum
544 923 635 951 Persis
656 930 766 960 gesturo
788 925 926 960 profectus
939 930 990 953 est.

210 968 264 994 lter
278 969 379 996 emensi
397 969 505 1000 inloco,
521 970 566 1003 qui
584 969 684 997 dicitur
696 964 786 1001 Talas.
801 972 990 998 consederunt.

211 1013 259 1041 llic
272 1014 377 1041 obviam
389 1015 464 1042 venit
484 1015 612 1042 Disabulo
629 1016 771 1043 Persarum
789 1016 903 1050 legatus,
913 1023 992 1050 quem

209 1065 262 1085 uua
283 1065 344 1085 cum
373 1058 556 1086 Romanorum
580 1059 669 1094 legato
684 1061 717 1087 ad
740 1067 844 1087 caenam
860 1060 991 1087 invitavit.

209 1103 249 1130 Ad
267 1110 325 1130 eam
342 1111 402 1130 cum
424 1104 615 1138 accessissent,
642 1105 726 1132 multo
748 1105 808 1140 plus
822 1106 932 1133 honoris
945 1105 993 1133 de-

211 1148 272 1175 tulit
289 1148 433 1176 Disabulus
446 1148 589 1181 Romanis,
612 1157 693 1184 quam
709 1149 826 1178 Persicis
847 1151 953 1185 legatis,
965 1155 994 1178 et

210 1193 392 1231 Romanorum
417 1194 536 1229 legatum
561 1195 735 1223 honoratiore
763 1196 820 1224 loco
832 1197 994 1224 accumbere

208 1239 298 1273 jussit.
320 1240 390 1274 Quin
413 1241 494 1267 etiam
517 1240 630 1268 multum
656 1241 689 1268 de
709 1241 799 1269 l‘ersis
812 1246 852 1269 est
866 1247 992 1276 questus,

211 1292 338 1321 tanquam
354 1287 387 1314 ab
403 1287 445 1314 his
460 1286 542 1314 multa
560 1287 658 1321 injusta
674 1294 769 1322 passus
783 1292 865 1320 esset,
890 1295 950 1322 quae
967 1293 996 1315 ut

212 1332 283 1359 bello
297 1335 324 1359 et
352 1333 436 1360 armis
466 1333 625 1365 vindicaret,
638 1337 757 1361 venerat.
770 1332 837 1360 Cum
853 1332 995 1361 Bisabulus

211 1377 336 1404 acerbius
356 1378 540 1409 inveheretur.
560 1377 703 1405 Persarum
727 1378 830 1413 legatus
854 1378 939 1413 legem
960 1379 996 1405 si-

212 1424 288 1451 lentii
314 1424 384 1458 apud
410 1425 484 1459 ipsos
508 1425 534 1451 in
562 1424 695 1452 conviviis
719 1425 858 1452 observari
889 1425 995 1452 solitam

214 1476 410 1505 transgressus,
425 1470 579 1497 summatim
602 1470 682 1504 etrapit
704 1470 837 1497 disserere
849 1475 875 1497 et
899 1477 996 1503 magno

1041 241 1069 272 ἐς
1087 240 1116 267 τὺ
1131 240 1226 276 αἴθριον
1247 241 1276 266 ὲν
1302 241 1384 276 ἑτέρᾳ
1401 241 1454 266 τινὶ
1472 239 1578 275 καλύϐῃ
1608 239 1748 274 ξυνῆλθον,
1771 241 1827 274 ἡμ-

1040 287 1173 323 φιεσμένῃ
1198 287 1226 313 δὲ
1247 286 1294 313 καὶ
1322 286 1592 321 καταπεποικιλμένῃ
1610 287 1660 312 οὐκ
1685 286 1772 318 ἄλλως
1798 286 1828 318 ἐξ

1041 333 1156 368 ἱματίων
1182 332 1314 367 σηρικῶν·
1341 332 1407 359 ἔνθα
1430 332 1477 358 καὶ
1492 332 1637 367 ἀγάλματα
1658 332 1775 366 διάφορα
1794 334 1826 366 τῇ

1041 380 1132 414 μορφῇ
1165 378 1299 412 εἱστήκει.
1324 378 1352 403 ’0
1381 377 1410 404 δὲ
1445 377 1606 409 Διζάϐουλος
1639 377 1761 408 ὲνίζανεν
1782 378 1828 403 ἐπὶ

1038 424 1133 460 κλίνης
1150 425 1232 457 τινος,
1245 424 1310 459 ὅλης
1324 424 1357 450 ἐκ
1373 424 1485 459 χρυσοῦ,
1500 424 1580 451 Κατὰ
1598 424 1627 450 δὲ
1650 424 1682 459 δὴ
1699 424 1729 450 τὸ
1745 425 1828 459 μέσον

1039 469 1087 496 τοῦ
1107 469 1315 505 ὲνδιαιτήματος
1329 469 1444 501 κάλπεις
1461 478 1491 495 τε
1512 471 1614 504 χρυσαῖ
1634 470 1680 495 καὶ
1695 477 1829 504 περιραν-

1039 516 1132 550 τήρια,
1151 515 1190 541 ἔτι
1205 523 1236 541 τε
1251 514 1324 541 πίθοι
1342 515 1447 549 χρυσοῖ.
1463 514 1659 549 Θοινησάμενοι
1679 514 1701 540 δ’
1717 512 1764 541 οὖν
1782 515 1829 540 καὶ

1040 558 1129 592 αὖθις,
1145 559 1243 586 καὶτὰ
1259 560 1309 586 ὅσα
1339 559 1423 595 ὲχρῆν
1444 559 1473 586 ὲν
1495 560 1570 595 πότῳ
1585 560 1710 592 είπόντες
1725 569 1756 586 τε
1779 561 1830 587 καὶ

1040 606 1200 641 ἀκηκοότες,
1217 605 1404 641 ἀνεχώρησαν.
1419 607 1459 641 Τῇ
1479 606 1544 641 ἑξῆς
1562 607 1591 632 ἐν
1605 606 1688 641 ἑτέρᾳ
1702 606 1829 639 ἐγένοντο

1040 652 1140 688 διαίτῃ,
1156 651 1219 678 ἔνθα
1231 651 1331 685 ξύλινοι
1348 652 1436 684 κίονες
1459 651 1529 688 ἦσάν
1551 661 1632 684 τινες,
1657 652 1829 687 ἐνδεδυμένοι

1039 698 1145 734 χρυσῷ,
1158 697 1326 733 χρυήλατὸς
1337 706 1367 724 τε
1381 698 1459 734 κλίνη
1471 699 1580 732 ὁμοίως,
1593 698 1689 733 ἥντινὰ
1699 707 1729 731 γε
1740 698 1828 733 δήπου

1041 745 1089 772 καὶ
1101 744 1205 775 τάωνες
1229 744 1326 778 χρυσοῖ
1343 743 1474 780 τέτταρες
1486 744 1603 779 ᾑώρουν.
1620 743 1698 770 Κατὰ
1711 743 1738 769 δὲ
1752 743 1784 778 δὴ
1800 743 1831 768 τὸ

1042 790 1208 825 ὲμπρόσθιον
1221 789 1271 823 τῆς
1289 788 1393 823 διαίτης
1415 790 1461 816 ἐπὶ
1475 790 1542 816 πολὺ
1559 789 1744 824 παρετέταντο
1756 788 1831 823 ἆμα-

1043 836 1096 868 ξαι,
1109 838 1137 862 ἐν
1147 833 1190 867 αἷς
1206 836 1272 862 πολύ
1285 845 1310 863 τι
1321 835 1543 871 χρῆμαᾰργύρου
1553 835 1634 869 ἐπῆν,
1644 835 1731 861 δίσκοι
1740 843 1770 860 τε
1783 834 1831 859 καὶ

1044 882 1123 908 κανᾶ·
1142 881 1173 908 οὐ
1190 881 1242 917 μὴν
1256 881 1325 908 ἀλλὰ
1340 882 1387 908 καὶ
1401 880 1574 916 τετραπόδων
1590 880 1739 915 ἰνδάλματα
1755 880 1831 906 πλεῖ-

1044 935 1104 959 στα,
1125 927 1173 953 καὶ
1187 927 1261 954 αὐτὰ
1274 935 1306 961 γε
1330 926 1464 962 δήπουθεν
1479 926 1698 962 ἀργυροποίητα,
1714 924 1791 952 οὐδέν
1804 933 1832 950 τι

1042 973 1191 1001 ἀποδέοντα
1211 973 1266 999 τῶν
1284 973 1347 1008 παρ’
1361 974 1437 1007 ἡμῖν.
1454 972 1539 998 Τοῦτο
1554 972 1577 987 ⁷³
1593 971 1643 1006 μὲν
1660 971 1706 997 οὖν
1721 970 1760 1005 τῷ
1776 970 1831 996 τῶν

1043 1019 1173 1054 Τούρκων
1203 1018 1317 1054 ἡγεμόνι
1348 1019 1437 1044 ἔνεστι
1462 1018 1486 1033 ⁷⁵
1504 1017 1604 1052 χλιδῆς,
1633 1016 1693 1043 Τῶν
1714 1016 1743 1043 δὲ
1767 1016 1832 1050 περὶ

1043 1065 1189 1099 Ζήμαρχον
1214 1064 1254 1090 ἔτι
1271 1064 1359 1090 ἐκεῖσε
1377 1062 1609 1097 ὲνδιατριϐόντων,
1634 1061 1708 1093 ἔδοξε
1722 1061 1762 1095 τῷ
1787 1062 1832 1087 Δι-

1043 1110 1175 1145 ζαϐούλῳ,
1188 1110 1258 1136 ὥστε
1273 1109 1352 1136 αὐτὸν
1376 1109 1425 1144 μὲν
1443 1108 1588 1143 Ζήμαρχον
1609 1107 1668 1142 ἅμα
1684 1107 1770 1133 εἴκοσι
1787 1106 1832 1132 θε-

1046 1156 1195 1190 ραπευταῖς
1220 1163 1249 1181 τε
1271 1154 1319 1181 καὶ
1335 1154 1444 1185 ὀπαδοῖς
1468 1153 1582 1180 ἕπεσθαί
1607 1154 1631 1179 oi
1650 1153 1832 1186 ἐκστρατευο-

1046 1202 1118 1236 μένῳ
1137 1200 1207 1227 κατὰ
1222 1200 1345 1235 Περσῶν,
1356 1199 1418 1230 τοὺς
1438 1199 1467 1226 δὲ
1487 1198 1583 1229 ἄλλους
1607 1197 1761 1232 Ῥωμαίους
1783 1198 1833 1223 ἑπ-

1044 1244 1264 1280 αναστρέφοντας
1279 1243 1350 1270 κατὰ
1364 1243 1396 1279 δὴ
1409 1243 1459 1278 τὴν
1474 1243 1566 1279 χώραν
1582 1242 1638 1269 τῶν
1657 1241 1797 1269 Χολιατῶν
1808 1242 1832 1257 ⁷⁸

1045 1290 1191 1324 ἀναμένειν
1204 1289 1254 1323 τὴν
1269 1289 1415 1324 Ζημάρχου
1429 1289 1568 1316 ἐπάνοδον.
1582 1287 1638 1314 Καὶ
1648 1288 1679 1323 δὴ
1691 1287 1720 1318 ὃς
1737 1287 1786 1322 [τῷ
1797 1286 1834 1322 ’⁶]

1045 1334 1164 1370 προῦϐη,
1179 1334 1276 1371 δώροις
1290 1343 1319 1363 τε
1331 1335 1597 1370 φιλοφρονησάμενος
1612 1334 1711 1364 αὐτοὺς
1726 1333 1832 1366 ἀφῆκε·

1044 1381 1090 1408 τὸν
1110 1381 1138 1407 δὲ
1155 1381 1300 1416 Ζήμαρχον
1313 1381 1360 1407 καὶ
1373 1380 1524 1416 θεραπαίνῃ
1535 1378 1832 1414 ἐτίμησε.δοριαλώτῳ,

1045 1428 1061 1462 ἡ
1077 1427 1105 1453 δὲ
1119 1424 1154 1461 ἦν
1170 1427 1201 1453 ἐκ
1219 1427 1273 1453 τῶν
1294 1426 1448 1461 λεγομένων
1461 1426 1571 1461 Χερχὶς.
1589 1426 1643 1452 Καὶ
1655 1426 1668 1451 ὁ
1686 1425 1835 1460 Ζήμαρχος

1047 1474 1096 1500 σὺν
1112 1473 1151 1507 τῷ
1171 1472 1326 1507 Διζαϐοὐλῳ
1339 1471 1484 1506 ἐπορεύετο
1501 1471 1682 1506 μαχησομένῳ
1702 1470 1833 1504 Πέρσαις.

213 1515 306 1542 animo
331 1515 449 1542 Disabuli
470 1514 676 1542 criminationes
706 1515 843 1547 rel'utaril,
871 1514 951 1550 154
967 1517 998 1542 ut

1056 1519 1100 1545 Ἐν
1111 1518 1199 1554 ταύτῃ
1212 1518 1297 1553 δήπου
1315 1518 1348 1552 τῇ
1365 1516 1462 1552 πορείᾳ
1474 1516 1624 1550 γενόμενοι,
1638 1516 1667 1541 ὲν
1684 1515 1764 1550 χώρῳ
1779 1515 1836 1540 τινὶ

213 1560 258 1594 qui
274 1560 388 1587 aderant
401 1559 576 1592 mirarentur,
591 1566 652 1586 eum
668 1559 694 1586 in
707 1565 760 1586 tam
774 1559 918 1586 violentam
929 1560 996 1586 iram

213 1605 402 1635 rxardcscere.
424 1609 463 1637 ut,
480 1604 552 1631 nulla
573 1604 665 1632 habita
679 1604 746 1640 legis
768 1605 883 1638 ratione,
905 1605 997 1632 multis

214 1649 456 1684 intemperantibus
470 1649 560 1677 verbis
571 1654 704 1677 uteretur.
719 1650 782 1678 Post
794 1650 852 1678 hzec
865 1650 998 1684 cumidis-

214 1694 372 1726 cessissent,
398 1693 541 1722 Disabulus
557 1694 584 1721 in
610 1694 707 1722 Persas
737 1695 885 1722 contendit.
903 1695 934 1722 Et
949 1695 998 1722 Ze-

215 1740 326 1767 marcho
343 1743 370 1766 et
382 1739 443 1774 ejus
466 1739 610 1766 comitibus
624 1740 657 1767 ad
672 1748 701 1767 se
717 1740 832 1773 vocatis,
846 1741 889 1768 tibi
904 1741 998 1768 amici-

215 1786 278 1812 tiam
306 1792 367 1812 cum
391 1785 521 1812 Romanis
542 1785 738 1817 conﬁrmasset,
762 1793 820 1820 eos,
841 1791 871 1814 ut
892 1787 925 1813 ad
949 1793 998 1813 sua

219 1832 349 1863 redirent,
366 1831 463 1858 missos
480 1831 553 1858 fecit.
566 1830 634 1858 Cum
651 1831 693 1858 his
709 1838 817 1866 quoque
836 1831 917 1859 alium
940 1839 955 1858 a
970 1839 1000 1859 se

216 1878 249 1905 ad
265 1878 401 1905 Romanos
423 1877 541 1912 legatum
561 1877 648 1910 misit,
669 1877 734 1912 quia
748 1877 880 1910 Maniach,
895 1878 927 1904 de
946 1885 999 1912 quo

216 1929 298 1956 supra
319 1922 447 1953 diximus,
470 1921 524 1948 vita
539 1927 704 1949 excesserat.
721 1921 787 1950 lluic
800 1922 887 1957 legato
901 1929 998 1950 nomen

216 1973 276 1995 crat
292 1967 405 2002 Tagma,
428 1968 545 2002 dignitas
568 1975 634 1996 vero
649 1968 784 1996 Tarcban.
802 1968 852 1996 llic
873 1968 953 2003 igitur
972 1972 1001 1995 ut

216 2014 378 2049 legationem
394 2014 463 2049 apud
476 2013 612 2042 Romanos
626 2015 724 2047 obiret,
736 2022 751 2042 a
764 2015 890 2042 Disabulo
903 2015 999 2042 missus

215 2064 257 2087 cst
270 2069 279 2086 :-
292 2068 343 2087 una
356 2068 416 2087 cum
431 2068 464 2087 co
479 2059 602 2088 Maniach
627 2061 696 2095 ejus,
716 2060 762 2095 qui
777 2067 863 2094 nuper
879 2065 999 2087 mortuus

215 2111 286 2138 erat,
309 2106 380 2133 [ilius
393 2106 539 2134 admodum
565 2106 734 2134 adolescens.
749 2107 775 2134 is
789 2106 858 2141 patri
873 2106 899 2132 in
917 2106 1001 2140 magi-

216 2155 303 2178 stratu
319 2157 498 2185 successerat,
514 2157 541 2179 et
558 2152 687 2187 dignitate
710 2151 834 2186 proxime
848 2151 881 2178 ad
897 2151 1000 2187 Tagma

1049 1563 1259 1590 καταλυσάντων
1284 1563 1374 1589 αὐτῶν
1401 1561 1608 1596 ἐπικαλουμένῳ
1629 1560 1719 1590 Τάλας
1745 1560 1836 1585 ὕπανο

1048 1609 1135 1642 τιάζει
1151 1608 1189 1643 τῷ
1203 1607 1357 1642 Διζαϐούλῳ
1376 1606 1489 1642 Περσῶν
1512 1606 1692 1641 πρεσϐευτής.
1709 1605 1764 1631 Καὶ
1776 1605 1834 1631 τοί-

1049 1663 1097 1681 νυν
1121 1653 1285 1687 ξυνεκᾶλεσε
1310 1653 1375 1687 παρ’
1391 1651 1466 1686 αὐτῷ
1484 1651 1694 1686 ὲστιασομένους
1718 1650 1780 1680 τούς
1803 1658 1834 1675 τε

1055 1698 1196 1734 Ῥωμαίων
1210 1698 1258 1724 καὶ
1273 1697 1386 1732 Περσῶν
1405 1696 1545 1731 πρέσϐεις.
1561 1696 1617 1722 Καὶ
1629 1695 1662 1730 δὴ
1679 1703 1834 1729 παραγενο-

1049 1743 1138 1778 μένων
1153 1742 1252 1775 αὐτῶν,
1267 1743 1329 1773 τοὺς
1351 1741 1502 1776 Ῥωμαίους
1518 1742 1531 1768 ὁ
1544 1740 1705 1773 Διζάϐουλος
1721 1741 1750 1766 ὲν
1765 1741 1833 1774 τιμῇ

1049 1789 1151 1815 πλείονι
1165 1788 1322 1823 ἐποιήσατο,
1339 1787 1378 1818 ὡς
1400 1787 1447 1814 καὶ
1467 1786 1539 1814 κατὰ
1557 1787 1607 1822 τὴν
1622 1785 1835 1820 ὲπικυδεστέραν

1049 1833 1192 1860 ἀνακλῖναι
1207 1831 1328 1859 στιϐάδα.
1351 1831 1424 1866 Πρός
1440 1840 1472 1865 γε
1489 1831 1536 1858 καὶ
1552 1830 1665 1857 πλεῖστα
1679 1830 1837 1864 ἑπιμεμςεὸ-

1051 1886 1132 1913 μενος
1146 1875 1180 1914 ἦν
1198 1877 1260 1908 τοὺς
1283 1876 1402 1911 Πέρσας,
1422 1876 1470 1904 ira
1494 1876 1527 1911 δὴ
1549 1876 1617 1911 πρὸς
1646 1874 1736 1902 αὐτῶν
1756 1874 1836 1900 ἄδικα

1049 1923 1202 1956 πεπονθὼς,
1218 1923 1264 1950 καὶ
1280 1923 1317 1954 ὡς
1331 1922 1426 1949 τούτου
1440 1921 1521 1950 ἕνεκα
1535 1921 1645 1957 ἔρχεται
1660 1920 1834 1954 πολεμήσων.

1055 1969 1085 1996 '0
1106 1969 1135 1996 δὲ
1160 1968 1273 2004 Περσῶν
1297 1967 1477 2003 πρεσϐευτὴς,
1491 1967 1538 1993 τοῦ
1560 1965 1722 1998 Διζαϐούλου
1741 1973 1837 1991 συντο-

1049 2013 1166 2049 νώτερον
1179 2012 1403 2047 ὲπεγκαλοῦντος,
1419 2011 1622 2047 περιφρονήσας
1633 2010 1678 2037 τὸν
1690 2010 1771 2044 νόμον
1785 2009 1835 2043 τῆς

1051 2059 1158 2095 σιωπῆς
1182 2059 1227 2086 τὸν
1251 2059 1378 2094 ἰσχύοντα
1392 2057 1457 2093 παρ’
1480 2058 1571 2089 αὐτοῖς
1588 2057 1616 2083 ἐν
1635 2058 1695 2088 ταῖς
1711 2056 1836 2082 ἑστιάσε-

1051 2113 1103 2139 σιν,
1121 2105 1301 2141 ἐπιτροχάδην
1324 2104 1424 2139 ἤρξατο
1439 2103 1622 2137 διαλέγεσθαι,
1637 2102 1684 2129 τοῦ
1704 2101 1836 2133 Διζαϐού-

1050 2150 1097 2178 λου
1113 2151 1244 2184 γενναίως
1263 2149 1298 2176 τὰ
1312 2149 1486 2184 ὲπικλήματα
1501 2148 1707 2182 ἀπωθούμενος,
1727 2147 1764 2178 ὡς
1787 2146 1835 2174 καὶ¹

217 2196 341 2225 Tarchan
357 2198 482 2225 accessit.
499 2197 571 2230 Ideo,
589 2202 665 2232 puto,
689 2197 732 2224 hic
749 2197 836 2225 honor
858 2204 943 2232 puero
955 2197 1000 2224 ob.

1054 2196 1195 2231 θαυμάσαι
1207 2197 1270 2226 τοὺς
1288 2195 1423 2230 παρόντας
1447 2195 1477 2221 τὸ
1497 2194 1663 2227 ὑπερϐάλλον
1688 2193 1737 2227 τῆς
1753 2192 1835 2218 αὑτοῦ

217 2244 289 2278 ιῑείι,
305 2244 366 2278 quia
382 2248 456 2278 pater
473 2244 531 2278 ejus
544 2243 672 2271 Disabulo
689 2243 864 2271 charissimus
885 2247 913 2270 et
936 2242 1001 2270 ﬁde-

217 2288 338 2316 lissimus
367 2288 465 2315 fuerat.
496 2288 629 2316 Dimissus
653 2295 667 2315 a
684 2287 811 2315 Disabulo
825 2287 1001 2320 Zemarchus,

217 2335 364 2368 assumptis
385 2335 425 2362 his
447 2343 479 2361 ex
506 2333 646 2366 Romanis,
663 2341 732 2368 quos
745 2338 819 2362 certo
834 2333 894 2361 loco
913 2334 1003 2361 cousi-

217 2385 291 2409 stere
309 2381 437 2415 iusserat,
454 2387 515 2408 cum
527 2380 643 2414 primum
656 2378 791 2412 conjuncti
805 2383 893 2411 erant,
911 2380 962 2406 vim
974 2386 1003 2407 se

216 2428 422 2458 commiserunt,
439 2431 466 2454 et
480 2426 647 2454 Chliatarum
669 2424 798 2460 primaria
811 2425 877 2452 urbe
893 2425 999 2458 relicta,

216 2479 265 2507 per
275 2472 387 2500 castella
403 2473 454 2500 iter
471 2473 639 2499 direxerunt.

1053 2242 1149 2277 ὀργῆς,
1168 2241 1206 2273 ὡς
1222 2241 1288 2276 παρ’
1302 2240 1378 2267 οὐδὲν
1393 2240 1505 2275 θέμενος
1521 2240 1566 2267 τὸν
1584 2239 1668 2274 νόμον
1684 2238 1791 2269 πολλοῖς
1807 2246 1837 2264 τε

1054 2289 1102 2314 καὶ
1117 2287 1278 2317 ἀκολάστοις
1305 2287 1452 2322 ἐχρήσατο.
1475 2286 1519 2312 Ἐν
1547 2285 1652 2316 τούτοις
1667 2283 1839 2317 ἀπαλλαγέν-

1051 2340 1118 2365 των,
1133 2332 1147 2358 ὸ
1165 2332 1215 2366 μὲν
1230 2330 1397 2363 Διζάϐουλος
1408 2330 1629 2366 παρεσκευάζετο
1642 2330 1692 2364 τὴν
1709 2330 1755 2355 ἐπὶ
1768 2328 1839 2361 Ιιέρν

1055 2386 1114 2409 σας.
1129 2377 1175 2411 Τῷ
1190 2385 1231 2404 τοι
1249 2377 1302 2412 ἄρα
1316 2376 1380 2408 τοὺς
1397 2377 1470 2411 ἀμφὶ
1484 2376 1630 2411 Ζήμαρχον
1655 2373 1841 2409 μετακαλεσά-

1056 2431 1148 2458 μενος,
1166 2423 1212 2449 mi
1227 2422 1265 2453 ὡς
1285 2422 1359 2456 ἐνῆν,
1374 2422 1442 2457 πρὸς
1456 2421 1518 2453 τοὺς
1537 2420 1693 2455 Ῥωμαίους
1710 2418 1801 2452 φιλίαν
1818 2419 1839 2433 ⁷⁷

1054 2469 1227 2504 ὲμπεδώσας,
1248 2468 1355 2503 ἀφῆκεν
1370 2465 1447 2498 αὖθις
1468 2467 1700 2501 ἀπονοστήσοντας
1721 2465 1755 2495 ⁷³,
1781 2464 1841 2489 Et:-

218 2526 266 2555 ρον
279 2519 451 2555 πρεσϐευτὴν
474 2520 565 2551 αὐτοῖς
586 2517 797 2551 συναποστείλας
811 2519 851 2554 τῷ
874 2518 919 2545 τὸν
936 2517 1069 2552 πρότερον
1103 2515 1249 2550 λεγόμενον
1265 2515 1375 2549 Μανιὰχ
1404 2514 1539 2541 τεθνάναι.
1557 2510 1611 2539 Ἦν
1637 2511 1668 2539 δὲ,
1698 2509 1843 2555 ἐπίκληλςις

216 2553 256 2599 τῷ
285 2553 343 2600 μετ’
369 2553 473 2592 ἐκεῖνον
499 2566 522 2582 τ’
554 2564 706 2600 πρεσϐευτῇ
731 2564 754 2580 ⁸ο
785 2553 885 2600 Ταήμά
914 2563 1009 2597 αὐτῷ,
1030 2561 1137 2596 ἀξίωμα
1153 2561 1181 2587 δὲ
1200 2561 1319 2595 Ταρχάν.
1333 2557 1418 2591 Οὗτος
1431 2559 1464 2594 δὴ
1483 2556 1530 2585 οὖν
1564 2557 1663 2593 ἐστάλη
1697 2555 1749 2583 ὑπὸ
1760 2553 1842 2586 Διζα-

218 2610 316 2638 ϐούλου
331 2612 369 2643 ὡς
389 2611 542 2647 Ῥωμαίους
561 2610 805 2646 πρεσϐευσάμενος.
829 2610 885 2638 Καὶ
899 2609 948 2644 μὲν
961 2607 1007 2635 οὖν
1029 2609 1078 2636 σὺν
1095 2607 1170 2642 αὺτῷ
1184 2607 1198 2633 ὀ
1214 2606 1260 2632 τοῦ
1286 2607 1308 2623 ⁸¹
1331 2606 1381 2642 ἥδη
1415 2605 1595 2640 ἀποιχομένου
1610 2605 1686 2637 παῖς,
1707 2602 1779 2637 φημὶ
1810 2602 1843 2637 δὴ

853 2671 966 2705 VARle
985 2674 1185 2704 LECTIONES.

268 2737 292 2752 ”
307 2736 385 2763 τοῦτο
398 2736 442 2766 IL.
458 2737 529 2763 οὕτω
547 2737 618 2772 vulg.
667 2737 689 2752 7‘
707 2737 816 2771 μέτεστι
834 2737 905 2771 conj.
921 2736 962 2764 Cl.
1001 2735 1023 2772 ’(⁵
1040 2732 1191 2772 Χολιατῷν]
1213 2732 1354 2772 ξςοαλιτῷν
1374 2732 1406 2760 ll.
1425 2732 1511 2772 _li_dem
1532 2739 1690 2772 ξονι-αρξας.
1705 2729 1780 2772 500...
1798 2731 1842 2757 l2.

217 2770 335 2809 Xltdfat
345 2771 518 2809 dicebantur.
556 2773 579 2788 ⁷⁸
589 2767 844 2809 {qrttnci-sinclusit
859 2767 893 2800 ll:
926 2773 951 2809 _‘”
965 2770 1035 2809 πρὸς
1054 2773 1081 2796 et
1105 2767 1203 2809 φιλίαν
1213 2768 1259 2809 N_.‘,
1273 2769 1338 2802 περὶ
1352 2773 1382 2809 οι.
1394 2769 1484 2809 φιλίας
1495 2767 1567 2809 vulg.
1588 2767 1843 2809 ’1⁸,ὰπξνο1στήαονῗ

218 2814 266 2867 τας
283 2806 304 2832 Β
317 2827 324 2839 ,
339 2807 576 2840 ἀπονοστήσαντας
600 2799 673 2842 vulg.
711 2807 732 2824 ⁷³
751 2808 862 2835 ἐκείνων
889 2807 960 2842 vulg.
987 2799 992 2807 ’
1014 2799 1037 2821 έο
1052 2799 1204 2839 ποεσϐευτῇ
1229 2802 1273 2836 ll‘.,
1294 2799 1465 2839 πρεσϐευτὴν
1481 2799 1555 2838 vulg:
1588 2802 1609 2818 "
1626 2803 1639 2828 ὁ
1652 2801 1699 2827 τοῦ
1724 2799 1842 2830 “nam;

218 2848 250 2868 vn
265 2849 290 2876 ε.
