1943 3072
127 135 185 166 889
490 140 495 145 '
524 132 572 162 DE
592 130 874 162 LEGATIONIBUS
894 129 1138 159 ROMANOliUM
1154 129 1202 159 AD
1221 127 1379 158 GENTES.
1701 124 1754 156 890

127 192 178 218 τοῦ
196 191 315 226 illa-uix.
331 190 428 225 κομιδῇ
447 189 598 224 μειράκιον,
610 189 685 223 ὅμως
700 187 771 215 δὲτὸ
792 187 916 223 πατρῷον
934 186 1125 220 διαδεξάμενος
1144 185 1228 221 γέρας
1251 185 1285 217 ⁸¹,
1320 184 1360 211 ἔτι
1381 184 1434 219 μὴν
1467 183 1514 210 καὶ
1548 182 1596 217 τὴν
1620 182 1690 218 μετὰ
1709 183 1754 208 τὸν

128 239 152 264 Τ
154 238 233 273 αγμὰ
254 238 364 272 Ταρχὰν
381 235 594 270 κληρωσάμενος
611 234 701 267 ἀξίαν.
724 232 808 269 Οῐμαι
845 233 874 259 δὲ
898 231 936 266 τῷ
956 231 1174 265 ἐπιτηδειότατόν
1193 230 1216 247 ⁸³
1240 239 1269 257 τε
1289 230 1336 257 καὶ
1373 229 1548 257 εὐνούστατον
1571 228 1697 262 γενέσθαι
1715 228 1755 262 τῷ

129 285 288 320 Διζαεοῦλῳ
315 284 360 310 τὸν
381 283 489 318 Μανιὰχ
508 281 555 309 τοῦ
588 281 717 317 πατρῴου
735 281 781 308 τὸν
814 280 897 306 παῖδα
927 280 1021 314 τυχεῖν
1053 278 1220 313 ἀξιώματος.
1252 277 1327 303 Ἐπεὶ
1350 273 1396 303 οὖν
1413 277 1427 303 ὁ
1452 275 1614 320 ᾼιζάϐουλος
1639 274 1754 309 διαφῆκε

128 333 195 364 τοὺς
211 332 275 365 περὶ
292 331 449 366 Ζήμαρχον,
474 328 764 363 ἐπικαταλαμϐάνουσι
802 327 866 357 τοὺς
902 325 1034 360 πρότερον
1058 325 1209 359 ἀφεθέντας
1249 322 1410 358 Ῥωμαίων,
1429 319 1459 348 οὗ
1486 320 1520 356 ἦν
1552 319 1754 355 ξυντιθειμένον

129 380 235 410 αὐτοῖς,
255 377 303 404 καὶ
322 377 412 403 τοίνυν
430 377 458 402 ὲν
481 376 520 411 τῷ
537 375 610 410 αὐτῷ
622 375 760 410 γενόμενοι
775 375 823 408 τῆς
839 374 868 404 ἐς
900 371 935 397 τὰ
952 371 1041 398 οἰκεῖα
1074 371 1231 405 ὁδοιπορίας
1251 370 1416 406 ἀπήρξαντο.
1435 369 1491 396 Καὶ
1508 368 1540 404 δὴ
1561 366 1755 394 καταλελοιπό-

128 434 178 456 τες
207 424 257 459 τὴν
288 422 484 458 πρωτεύουσαν
509 421 586 447 πόλιν
611 421 665 448 τῶν
688 419 828 447 Χοαλιτῶν
842 439 849 451 ,
872 417 916 444 διὰ
936 419 1073 453 φρουρίων
1090 416 1284 453 ἐπορεύοντοῶ

164 469 196 496 θ’.
212 471 272 496 Ὀτι
288 470 301 495 ὁ
315 459 427 499 Βκῖανδς
444 469 458 494 ὁ
470 467 523 494 τῶν
541 467 664 502 Ἀὃάρων
679 465 790 501 ἡγεμὼν
805 466 833 492 ὲν
854 465 913 500 βου·

1003 465 1029 492 9.
1062 465 1105 499 (Α.
1126 465 1157 491 C.
1190 463 1242 490 568
1269 463 1327 490 1nd.
1362 463 1386 495 l,
1418 461 1521 490 Justini
1545 461 1583 496 ι).
1607 461 1752 494 Baianum,

127 517 162 551 λῇ
187 516 336 550 ἐποιήσατο
374 514 594 549 πρεσϐεύσασθαι
619 513 666 540 καὶ
701 513 764 548 περὶ
797 511 918 538 σπονδῶν

127 562 226 595 λόγους
246 561 444 596 προσαγαγεῖν.
461 559 513 586 Τὸν
530 559 559 585 δὲ
573 558 732 585 Βιταλιανδν
748 558 839 593 ἐζήτει
852 566 918 593 χρυ-

130 606 189 632 σίον
202 606 226 631 οἱ
241 606 404 640 παρασχεῖν,
416 604 453 635 ὼς
464 604 496 630 ἂν
511 604 549 639 μὴ
563 603 693 639 λεηλασίᾳ
704 604 834 638 χρήσοιτο
848 602 918 629 κατὰ

128 652 162 686 δὴ
185 652 232 678 τὸν
252 651 301 686 τῆς
321 650 474 685 ἐκεχειρίας
502 650 608 685 καιρόν.
629 650 658 676 '0
686 650 713 677 δὲ
738 650 917 685 ’ἰοῦουλήδας,

127 696 179 722 καὶ
201 695 320 731 εἰληφὼς
342 695 374 721 ὲκ
400 695 447 721 τοῦ
471 695 520 729 τῆς
545 695 686 730 Ἰλλυρίδος
700 695 824 730 ὑπάρχου
842 696 917 730 νομί-

128 749 224 775 σματα
236 740 266 767 οὐ
284 741 358 775 μεῖον
372 740 388 774 ἤ
405 740 564 772 ὀκτακόσια,
578 741 730 775 παρέσχετο
742 740 780 775 τῷ
799 741 916 775 Βαῖανῷ.

128 786 223 821 Ταύτῃ
236 785 260 802 ⁸⁵
271 795 312 812 τοι
327 786 374 812 καὶ
391 785 494 811 ἔστειλε
512 785 558 812 τὸν
575 785 721 820 Ταργίτιον
735 787 750 812 ὀ
763 785 817 812 τῶν
837 786 917 812 Ἀὗά-

129 841 186 867 ρων
208 831 370 867 ἡγούμενος,
396 831 443 865 ξὺν
462 832 500 866 τῷ
516 831 562 857 καὶ
586 831 743 858 Βιταλιανδν
761 831 808 858 τὸν
829 833 917 868 ἑρμη-

127 878 188 910 νέα,
205 876 243 912 τῷ
260 877 366 911 βασιλεῖ
383 876 509 909 λέξοντας
523 876 594 903 ὥστε
617 877 646 904 τὸ
666 877 779 913 Σίρμιόν
800 879 824 904 οἱ
846 879 918 905 ἐνδο-

129 923 220 957 θῆναι,
236 922 284 949 καὶ
299 922 332 949 τὰ
358 922 460 958 συνὴοη
486 923 628 958 χρήματα,
646 923 664 950 ἃ
679 923 702 940 ⁸⁸
720 924 918 960 Κουτρίγουροι

128 969 178 1007 καὶ
193 968 355 1003 Οὑτίγουροι
373 967 441 1003 πρὸς
463 967 651 995 Ἰουστινιανοῦ
666 969 825 1004 ἐκομίζοντο
841 970 917 1001 βασι-

127 1014 208 1047 λέως,
224 1011 267 1040 οἷα
282 1015 313 1050 δὴ
324 1014 407 1041 αὐτοῦ
418 1015 501 1049 ἄμφω
509 1014 548 1041 τὼ
561 1015 635 1050 eum
646 1015 731 1042 τούτω
745 1016 915 1048 καθελόντος·

129 1060 199 1095 πρὸς
213 1061 268 1090 τοῖς
284 1061 332 1087 καὶ
345 1060 509 1087 Οὐσδίδαδον
518 1060 563 1087 τὸν
575 1061 709 1096 Γήπαιδα.
725 1061 847 1096 Ἔφασκε
862 1064 917 1098 γὰρ

969 511 1088 537 Avarum
1106 510 1214 541 ducent,
1233 509 1359 536 voluntas
1372 508 1460 543 coegit
1481 508 1583 543 legatos
1604 507 1638 533 ad
1651 507 1754 534 Roma-

969 564 1019 583 nos
1031 556 1149 588 mittere,
1161 555 1206 590 qui
1219 557 1251 582 de
1269 554 1415 582 ftedcribus
1432 554 1513 581 verba
1527 553 1658 580 facerent.
1672 553 1694 578 A
1708 551 1753 579 Vi-

969 602 1071 630 taliano
1083 602 1166 629 etiam
1184 601 1234 628 sibi
1256 608 1352 627 aurum
1369 599 1428 627 dari
1448 600 1534 634 petiit,
1560 603 1587 625 ut
1611 606 1626 625 a
1654 598 1753 633 praedis

968 648 1082 682 agendis
1097 654 1145 682 per
1159 646 1286 673 inducias
1305 646 1466 673 abstineret.
1482 645 1518 672 At
1543 644 1694 677 .lubolidea,
1709 652 1753 671 ac-

969 693 1055 727 ceptis
1072 700 1086 719 a
1102 692 1229 728 praefecto
1241 691 1340 726 Illyrici
1353 692 1472 718 nummis
1486 698 1539 718 non
1557 690 1649 718 minus
1661 691 1752 717 octin-

969 740 1066 775 gentis.
1081 746 1111 765 ea
1124 739 1223 765 Baiano
1238 738 1357 765 tradidit.
1370 737 1514 770 Quamobr:
1525 744 1550 764 m
1563 737 1681 763 Avarum
1698 736 1751 763 dux

970 785 1043 812 misit
1056 785 1215 818 Targitium,
1232 784 1278 818 qui
1293 790 1344 810 una
1364 791 1425 810 cum
1448 783 1581 810 \"itnliano
1605 784 1753 817 interprete

969 831 1125 866 imperatori
1142 830 1343 862 denuntiarent,
1359 833 1388 856 ιιι
1412 829 1540 856 Sirmium
1567 834 1593 856 et
1610 830 1751 863 pecunias.

969 885 1037 912 quas
1047 876 1183 911 Cotriguri
1195 880 1220 902 et
1238 875 1342 910 Utiguri
1352 883 1366 901 τι
1376 875 1531 902 Iustiniano
1545 875 1667 910 accipere
1679 875 1751 902 soliti

968 927 1057 955 erant,
1074 922 1137 957 quia
1153 927 1298 956 utramque
1319 927 1425 956 gentem
1455 921 1611 955 subegerat,
1639 921 1677 948 illi
1694 925 1752 948 tra-

968 968 1055 1000 deret,
1073 972 1100 994 et
1117 971 1245 1002 prmterca
1267 966 1431 994 Usdibadum
1447 967 1528 993 etiam
1548 965 1687 1001 Gepidam.
1706 966 1752 993 Di-

968 1013 1047 1040 cebat
1063 1013 1148 1044 enim,
1167 1018 1192 1040 et
1204 1020 1299 1040 omnes
1326 1011 1443 1047 Cepidas
1457 1012 1482 1038 in
1500 1019 1578 1039 suum
1597 1011 1641 1046 jus
1657 1011 1752 1039 domi-

968 1059 1097 1094 niumque
1114 1060 1231 1091 venisse,
1251 1058 1313 1093 quia
1334 1065 1381 1086 eos
1393 1058 1541 1086 devicerat.
1564 1057 1656 1092 Itaque
1670 1057 1750 1091 legati

127 1104 192 1135 τοὺς
206 1104 346 1139 Γήπαιδας
362 1104 485 1135 ἅπαντας
512 1105 585 1139 αὐτῷ
611 1106 734 1140 ἀνήκειν,
751 1106 798 1133 ἆτε
818 1107 850 1143 δὴ
867 1108 913 1134 καὶ

968 1104 1014 1132 ubi
1032 1104 1058 1131 in
1083 1104 1182 1139 regiam
1210 1104 1303 1131 urbem
1329 1103 1363 1130 ad
1392 1103 1582 1137 imperatorem
1609 1109 1752 1136 venerunt,

129 1149 228 1186 αὐτοὺς
244 1149 268 1165 ⁸⁸
283 1149 351 1184 πρὸς
368 1149 450 1175 αὑτοῦ
465 1149 741 1185 καταπολεμηθέντας
756 1151 789 1178 ⁸⁷.
808 1152 915 1186 Ἀφικο-

130 1195 221 1229 μένων
235 1195 266 1230 δὴ
289 1193 336 1222 οὖν
362 1195 415 1222 τῶν
431 1196 573 1231 πρέσϐεων
588 1197 658 1223 κατὰ
675 1197 707 1232 δὴ
729 1197 779 1233 τὴν
795 1198 916 1232 βασιλίδα

129 1241 216 1273 πόλιν,
234 1240 424 1275 παρελθόντων
442 1249 473 1268 τε
503 1241 540 1273 ὡς
558 1241 602 1268 τὸν
624 1241 812 1278 αὐτοκράτορα
828 1263 835 1276 ,
863 1243 914 1278 ἔφη

127 1287 143 1313 ὁ
158 1287 306 1322 Ταργίτης·
327 1296 336 1313 ι
353 1286 389 1313 Ὦ
405 1286 527 1321 βασιλεῦ,
543 1287 660 1322 πάρειμι
679 1288 785 1319 σταλεὶς
801 1288 853 1314 ὑπὸ
867 1288 914 1315 τοῦ

130 1331 177 1358 σοῦ
196 1332 302 1364 παιδός·
323 1332 414 1367 πατὴρ
428 1332 483 1368 γὰρ
503 1333 584 1364 αὐτὸς
608 1333 716 1368 ἀληθῶς
731 1333 849 1360 Βαῖανοῧ
867 1334 914 1360 τοῦ

129 1378 189 1405 καθ’
206 1379 279 1413 ἡμᾶς
295 1378 436 1405 δεσπότου.
456 1378 579 1405 Πέποιθα
596 1378 629 1412 δὴ
646 1376 702 1411 οὖν,
719 1378 756 1408 ὡς
777 1378 914 1410 ἐπιδείξα-

130 1425 191 1451 σθαι
206 1423 411 1460 προθυμηθείης
436 1424 485 1459 τὴν
499 1424 563 1460 περὶ
577 1424 623 1450 τὸν
636 1425 720 1451 παῖδα
743 1424 860 1460 στοργὴν
876 1424 915 1459 τῷ

129 1470 228 1496 διδόναι
241 1469 274 1496 τὰ
289 1469 336 1496 τοῦ
351 1470 456 1501 παιδός.
482 1469 559 1496 Οὕτω
581 1470 670 1496 τοίνυν
685 1471 800 1505 ἑχόντων
824 1470 913 1506 ἡμῶν,

128 1515 198 1550 τάχα
211 1515 238 1541 δὲ
251 1515 297 1542 σοῦ
313 1515 360 1542 καὶ
371 1515 461 1550 ἡμῶν,
475 1513 529 1551 ἆρα
543 1515 603 1550 οὐχὶ
617 1517 828 1551 παραχωρήσεις
839 1515 914 1551 αὐτῷ

128 1559 182 1584 τῶν
198 1557 304 1593 γερῶν;
319 1558 349 1584 οὐ
361 1559 415 1593 γὰρ
437 1558 466 1590 ἐς
482 1558 621 1595 ἀλλότριον
636 1559 698 1586 οὔτε
716 1560 770 1596 μὴν
783 1561 913 1596 πολέμιόν

128 1611 188 1630 τινα
215 1604 248 1630 τὰ
274 1603 402 1638 διδόμενα
417 1604 582 1639 μεταθήσοις
597 1605 700 1641 σχεδόνο
716 1606 777 1632 οὐδὲ
793 1607 914 1642 μεταϐή-

129 1657 204 1675 σεται
223 1648 277 1675 τῶν
295 1649 490 1684 παρεχομένων
505 1651 521 1685 ἡ
536 1652 675 1686 κυριότης,
698 1651 716 1686 ἢ
733 1651 813 1678 πάλιν
827 1653 866 1684 είς
883 1652 913 1679 σὲ

128 1694 324 1729 ἀναδραμεῖται
341 1694 384 1721 διὰ
403 1694 450 1720 τοῦ
467 1695 572 1727 παιδὸς,
589 1695 647 1729 εἴγε
665 1697 818 1731 παράσχοις
837 1698 912 1731 αὒτῇ

127 1739 160 1766 τὰ
187 1740 228 1775 ἐφ’
252 1738 292 1772 οἷς
309 1741 377 1775 ἥκω,
396 1740 445 1775 τήν
472 1749 504 1766 τε
531 1741 609 1767 πόλιν
629 1741 660 1767 τὺ
676 1741 790 1777 Σίρμιον
815 1743 864 1769 καὶ
877 1743 912 1770 τὰ

127 1787 259 1821 χρήματα
277 1785 338 1812 κατ’
355 1785 425 1818 ἔτος,
441 1786 490 1812 ὃσα
504 1786 631 1821 βασιλεὺς
652 1787 842 1819 Ἰουστινιανὸς
859 1789 913 1820 τοῖς

129 1831 342 1866 Κουτριγούροις
370 1831 392 1846 ³⁸
422 1831 469 1857 καὶ
497 1831 673 1866 Οὑτιγούροις
698 1832 784 1858 ἐδίδου
811 1832 846 1868 [οῑ
867 1833 912 1868 ⁵’],

129 1877 243 1903 Βαῖανοῦ
260 1877 379 1912 τήμερον
394 1876 572 1908 δεσπόζοντος
585 1877 688 1904 τούτων
701 1886 734 1911 γε
755 1877 841 1912 δήπου
858 1879 912 1904 τῶν

128 1921 221 1948 ἰονῶν.
239 1921 299 1947 Ἔτι
322 1921 368 1947 καὶ
394 1921 557 1947 Οὑσδίὸαδον
579 1921 624 1948 τὸν
642 1922 767 1956 Γήπαιδα
785 1923 832 1949 καὶ
851 1924 914 1955 τοὺς

128 1969 190 2002 περὶ
206 1967 296 1994 αὐτόν·
312 1967 372 1994 οὐδὲ
392 1967 446 2002 γὰρ
471 1967 536 2003 περὶ
558 1967 661 1995 τούτων
683 1968 791 2003 ἀντερεῖ
805 1977 857 2002 τις,
875 1970 913 2001 ὡς

126 2014 187 2048 οὐχὶ
201 2014 355 2048 πεφύκασιν
371 2013 526 2049 ἀνδράποδα
542 2013 668 2041 Βαῖανοῦ.
686 2024 696 2040 ι
708 2014 800 2041 Ταῦτα
816 2016 830 2042 6
841 2016 913 2050 Ταρ-

127 2061 204 2096 γίτης
217 2060 317 2092 ἔλεξεν.
340 2059 422 2095 ’Δτὰρ
437 2061 451 2086 ὁ
468 2060 604 2095 βασιλεύς’
628 2070 636 2084 ι
650 2061 687 2088 οὐ
708 2061 912 2097 πρεσϐευσάμε-

126 2112 169 2135 νος
183 2104 271 2139 ἥκεις,
293 2104 330 2136 ὡς
352 2103 449 2136 ἔοικεν,
471 2101 494 2130 ὧ
514 2105 646 2140 Ταργῖτα·
666 2105 766 2140 μᾶλλον
789 2106 838 2141 μὲν
866 2105 912 2133 οὖν

127 2149 193 2185 πρὶς
208 2149 371 2183 ἀγνοοῦντας
392 2151 466 2185 ἡμᾶς
490 2150 733 2185 τεκμηριώσασθαι
748 2151 912 2187 βουλόμενος

126 2194 178 2220 τῶν
194 2193 316 2228 Ἀὃάρων
328 2194 391 2225 τοὺς
400 2193 530 2228 τρόπους.
543 2194 573 2220 El
584 2195 648 2230 γὰρ,
661 2194 698 2226 ὦς
709 2204 788 2229 φατε,
799 2196 912 2233 δοίημεν

127 2239 190 2273 ὑμῖν
204 2239 238 2264 τὰ
256 2239 306 2264 ὅσα
323 2240 379 2270 τοῖς
403 2238 499 2274 πρώην
515 2239 635 2272 Οὓννοις,
649 2241 732 2276 οἴκτῳ
744 2241 844 2275 μᾶλλον
864 2243 913 2269 καὶ

127 2285 155 2310 οὐ
171 2284 255 2320 φόϐῳ,
271 2284 309 2319 τῷ
326 2283 364 2320 μὴ
388 2284 489 2312 ἐθέλειν
516 2283 586 2320 αἷμα
603 2286 703 2321 ἐκχεῖν,
726 2287 911 2320 Ίουστινιανὸς

127 2330 221 2362 ἐδίδου,
239 2329 342 2364 γελοῖόν
360 2338 392 2364 γε
409 2329 442 2357 ἂν
465 2330 509 2366 εἴη
520 2350 528 2364 ,
545 2332 592 2358 καὶ¹
608 2329 649 2363 οἷς
666 2332 696 2359 τὸ
721 2332 912 2368 φιλάνθρωπον

127 2375 272 2409 ἀπονέμειν
295 2375 345 2408 δεῖ,
369 2376 416 2402 καὶ¹
440 2374 482 2408 οἷς
505 2377 712 2405 ἀντιτάττεσθαι
736 2379 865 2414 φανῶμεν
887 2380 912 2406 οί

128 2420 212 2446 αὐτοί·
231 2421 311 2448 ὁπότε
327 2422 351 2448 οἱ
374 2423 487 2449 δείλαιοι
504 2423 701 2460 Κουτρίγουροί
716 2425 738 2440 ⁹⁰
755 2433 784 2451 τε
799 2425 847 2452 καὶ
862 2426 913 2453 Οὑ-

127 2465 258 2501 τίγουροι,
271 2467 317 2498 οὓς
333 2468 538 2495 διαϐεϐαιοῦσοε
565 2469 634 2505 πρὸς
650 2470 729 2505 ἡμῶν
751 2470 911 2506 κομίζεσθαι

129 2512 268 2548 χρήματα,
279 2512 357 2539 τοῦτο
370 2513 418 2548 μὲν
431 2515 561 2549 φυγόντες
573 2516 656 2550 ἡμᾶς,
672 2516 751 2543 τοῦτο
763 2517 790 2544 δὲ
804 2526 912 2544 πεπτω-

129 2559 204 2590 κότες
221 2558 267 2593 ὑφ’
280 2558 360 2593 ἡμῶν
377 2559 557 2593 τυγχάνουσιν
572 2560 656 2595 ἄρδην
677 2561 864 2597 ὴφανισμένοι.
878 2563 911 2589 Τί

128 2601 173 2630 οὖν
187 2603 378 2639 παράσχωμεν
390 2604 454 2638 ὑμῖν
476 2605 509 2631 τὰ
532 2605 586 2631 τῶν
602 2607 788 2641 ἡσσωμένων;
804 2608 862 2635 ἀλλ’
879 2609 909 2635 οὐ

129 2651 160 2686 τῇ
173 2650 253 2685 φύσει
272 2649 377 2686 ξυνᾴδει
396 2650 451 2678 τῶν
471 2651 639 2686 πραγμάτων
650 2653 696 2679 καὶ
719 2655 830 2689 κρατεῖν
840 2654 909 2690 ἅμα,

967 1150 1091 1185 Targites
1102 1151 1140 1178 sic
1156 1157 1218 1178 eum
1229 1154 1271 1178 cst
1284 1149 1381 1178 affatus
1395 1159 1402 1177 :
1421 1160 1430 1176 ι
1448 1150 1470 1178 0
1485 1150 1642 1184 imperator.
1656 1150 1751 1178 adsum

968 1204 982 1223 a
999 1202 1044 1224 tuo
1071 1196 1126 1223 ﬁlio
1147 1196 1258 1224 missus.
1276 1197 1315 1222 Tu
1330 1196 1402 1223 enim
1420 1203 1482 1223 vere
1499 1201 1575 1230 pater
1601 1203 1630 1223 es
1646 1196 1749 1228 Baiani.

966 1241 1037 1277 ejus,
1057 1242 1102 1276 qui
1132 1241 1203 1276 apud
1229 1249 1278 1269 nos
1304 1243 1467 1269 dominatur.
1488 1241 1600 1269 Conlldo
1615 1242 1706 1276 igitur,
1725 1247 1752 1270 te

966 1286 1093 1313 aﬂcclum
1118 1290 1261 1320 paternum
1291 1285 1475 1312 exhibiturum
1492 1292 1551 1311 esse
1567 1284 1623 1311 lilio
1650 1285 1676 1311 in
1707 1292 1750 1317 eo,

966 1331 1037 1366 quod
1052 1330 1148 1358 reddes
1161 1337 1204 1362 ea,
1222 1337 1281 1365 qua:
1297 1331 1343 1357 lilii
1358 1334 1430 1357 sunt.
1447 1330 1512 1357 Cum
1538 1330 1620 1365 igitur
1634 1338 1683 1357 nos
1699 1330 1751 1358 hoc

966 1377 1057 1405 animo
1071 1378 1167 1409 simus,
1189 1382 1215 1404 et
1228 1377 1344 1404 lortasse
1359 1381 1385 1403 tu
1403 1382 1479 1410 atque
1494 1383 1526 1402 ac
1543 1384 1603 1408 nos,
1621 1383 1710 1403 nonne
1722 1379 1750 1402 tu

966 1424 1003 1451 illi
1017 1431 1066 1451 sua
1082 1423 1192 1458 praemia
1207 1421 1358 1458 praebebis?
1369 1421 1444 1454 Quod
1455 1421 1477 1447 si
1493 1421 1601 1453 feceris,
1615 1429 1646 1448 ea
1660 1430 1713 1449 non
1724 1423 1750 1448 in

965 1474 1137 1501 extraneum,
1158 1474 1245 1502 neque
1267 1467 1294 1495 in
1309 1468 1413 1495 hostem
1430 1468 1588 1499 contuleris,
1605 1475 1692 1502 neque
1708 1475 1751 1495 ea-

964 1523 1024 1543 rum
1037 1522 1127 1542 rerum
1143 1513 1293 1542 mutabitur
1309 1513 1468 1542 dominium.
1484 1513 1590 1542 Etenim
1608 1522 1702 1541 rursus
1717 1515 1750 1540 ad

965 1567 991 1589 te
1002 1562 1100 1590 redibit
1112 1568 1160 1596 per
1175 1560 1273 1594 lilium,
1289 1560 1312 1588 si
1326 1567 1358 1587 ea
1370 1559 1523 1592 indulseris,
1533 1567 1592 1594 quae
1603 1567 1617 1586 a
1632 1564 1658 1586 te
1672 1559 1751 1594 155

963 1608 1075 1643 petitum
1094 1606 1186 1634 venio.
1206 1605 1317 1634 Scilicet
1334 1604 1463 1632 Sirmium
1474 1609 1501 1633 et
1515 1605 1656 1639 pecunias,
1672 1609 1751 1639 quot-

964 1651 1043 1679 annis
1066 1659 1137 1686 quas
1155 1652 1238 1680 dabat
1252 1650 1400 1685 imperator
1408 1648 1580 1677 Justinianus
1590 1648 1711 1683 Utiguris
1723 1653 1751 1676 et

966 1697 1130 1733 Cotriguris,
1141 1704 1201 1724 cum
1210 1695 1330 1723 Baianus
1343 1695 1424 1723 hodie
1432 1694 1581 1722 dominium
1593 1694 1628 1722 sit
1637 1694 1751 1728 adeptus

965 1743 1060 1770 harum
1073 1742 1194 1770 omnium
1208 1742 1346 1777 gentium;
1367 1740 1463 1768 deinde
1475 1739 1640 1767 Usdibadum
1654 1745 1681 1766 et
1692 1740 1751 1774 ejus

965 1788 1079 1815 comites
1096 1788 1146 1815 sibi
1161 1788 1229 1815 tradi
1243 1787 1342 1823 poscit.
1355 1786 1491 1814 Necenim
1502 1785 1669 1814 Usdibadum
1678 1787 1752 1821 quis-

965 1839 1045 1866 quam
1057 1833 1161 1867 negarit
1172 1834 1272 1859 factum
1282 1839 1343 1859 esse
1360 1831 1452 1858 Baiani
1463 1831 1639 1866 mancipium.
1660 1839 1669 1856 ι
1688 1831 1751 1858 Hac

965 1878 1107 1912 Targites;
1124 1879 1167 1905 cui
1189 1878 1356 1913 imperator:
1370 1887 1379 1903 ι
1394 1877 1434 1905 Tu
1451 1878 1570 1912 quidem.
1583 1882 1612 1904 ut
1632 1878 1749 1910 videtur,

965 1923 1086 1954 minime,
1100 1930 1128 1950 ut
1140 1923 1300 1958 legationem
1312 1923 1543 1956 faceres,venisti,
1556 1924 1603 1951 sed
1614 1923 1699 1957 magis
1721 1928 1750 1949 ut

965 1976 1054 1996 mores
1064 1969 1193 2001 Avarum,
1207 1973 1284 1995 antea
1297 1969 1373 1996 nobis
1385 1969 1493 2004 penitus
1501 1969 1620 2004 ignotos,
1628 1968 1750 2002 cognitos

965 2019 1174 2049 perspectosque
1190 2015 1321 2042 ellicercs.
1337 2013 1365 2042 Si
1376 2015 1458 2045 enim.
1477 2020 1505 2041 ut
1521 2015 1623 2047 dicitis,
1638 2021 1750 2042 conces-

965 2062 1081 2089 serimus
1092 2061 1168 2089 vobis
1183 2068 1226 2092 θα,
1239 2069 1299 2096 qua:
1311 2069 1396 2096 nuper
1408 2060 1585 2092 Justinianus.
1602 2061 1748 2088 commise-

963 2108 1068 2135 ratione
1078 2107 1168 2142 potius
1179 2115 1260 2142 quam
1273 2111 1378 2135 terrore
1389 2107 1531 2139 adductus,
1541 2107 1604 2142 quia
1615 2108 1649 2134 ab
1664 2107 1749 2134 cﬂuuo

963 2153 1051 2181 dendo
1069 2154 1199 2187 sanguine
1212 2153 1348 2181 abstinere
1372 2152 1491 2185 volebat,
1518 2152 1622 2179 llunnis
1637 2152 1748 2188 largitus

963 2203 1016 2232 est,
1031 2199 1146 2226 ridicula
1160 2206 1203 2226 res
1220 2198 1354 2231 saneerit,
1371 2197 1394 2226 si
1416 2198 1499 2225 etiam
1518 2197 1709 2226 liberalitatem
1721 2196 1755 2225 et‘

965 2245 1159 2272 humanitatem
1172 2245 1198 2271 in
1218 2251 1265 2272 eos
1275 2251 1405 2272 exercere
1417 2248 1552 2279 oporteat,
1573 2248 1666 2271 contra
1681 2251 1748 2278 quos

963 2291 990 2318 in
1002 2290 1061 2318 acie
1076 2295 1158 2322 stare,
1173 2297 1253 2318 nemo
1268 2293 1320 2322 est,
1331 2291 1378 2325 qui
1393 2297 1442 2318 nos
1455 2298 1507 2317 non
1521 2290 1626 2322 viderit,
1640 2290 1748 2325 quando

963 2337 1055 2364 miseri
1073 2336 1208 2371 Cotriguri
1223 2340 1250 2363 et
1264 2335 1381 2371 Utiguri,
1401 2343 1469 2371 quos
1489 2335 1655 2363 aﬂirmatisa
1672 2336 1748 2362 nobis

963 2383 1101 2418 accepisse
1126 2382 1264 2417 pecunias,
1293 2383 1374 2410 modo
1403 2382 1547 2418 fugientes.
1572 2383 1651 2410 modo
1675 2383 1748 2414 caasi,

964 2436 979 2455 a
997 2432 1089 2456 nostro
1102 2428 1222 2456 exercitu
1240 2432 1302 2456 surit
1323 2428 1355 2456 ad
1370 2429 1583 2456 internecionem
1599 2435 1683 2462 usque
1695 2428 1748 2455 des-

963 2473 1020 2501 leti.
1035 2473 1089 2501 Cur
1109 2474 1193 2509 igitur
1203 2474 1279 2501 vobis
1303 2474 1450 2509 largiemur
1468 2474 1537 2501 bona
1561 2481 1666 2507 eorum,
1681 2481 1748 2509 quos

963 2519 1096 2547 vicimus?
1123 2519 1181 2546 Hoc
1209 2520 1281 2546 enim
1309 2520 1438 2547 abhorret
1457 2527 1470 2546 a
1499 2519 1634 2546 communi
1654 2526 1745 2551 sensu,

963 2565 1042 2591 simul
1060 2569 1086 2591 ct
1102 2564 1221 2597 vincere,
1236 2568 1382 2597 eteorum,
1400 2572 1467 2599 quos
1477 2564 1586 2596 viceris,
1603 2565 1672 2592 bona
1687 2565 1748 2592 aliis

964 2611 1092 2638 tribuere.
1108 2610 1203 2638 Nonne
1219 2611 1286 2638 satis
1299 2615 1350 2643 est,
1368 2611 1390 2638 si
1406 2610 1490 2638 semel
1508 2610 1559 2638 visi
1574 2617 1669 2637 sumus
1683 2617 1748 2644 pru-

962 2656 1053 2682 dentia
1065 2655 1210 2682 destituti?
1225 2655 1265 2681 An
1281 2654 1409 2687 censetis,
1436 2652 1645 2689 imprudentiam
1668 2652 1746 2683 nobis

755 2713 874 2742 YABIE
892 2714 1098 2743 LECTIONES.

163 2767 185 2784 ⁸¹
196 2768 285 2807 γῆρας
300 2768 387 2807 νιξξει-
411 2768 434 2807 ’ξ
450 2768 572 2807 τρὲπιτμ.
591 2768 662 2807 \'_al..
675 2770 708 2807 τὸ
724 2771 795 2799 ἐπιτ.
823 2773 895 2807 vulg.

130 2837 296 2866 tnclusimus.
347 2839 369 2854 ⁹⁰
388 2839 572 2874 Κοτράγουροι
589 2839 660 2874 vulg.

605 2772 662 2809 V_al..
675 2772 708 2809 τὸ
724 2772 795 2809 ἐπιτ.
823 2773 895 2807 vulg.
947 2772 970 2790 ⁸⁸
982 2773 1067 2809 ταύτῃ
1085 2772 1131 2805 IL,
1143 2773 1243 2808 ταύτην
1257 2773 1328 2808 vulg.

129 2809 202 2845 γοροι
215 2803 286 2843 vulg.
324 2803 455 2845 "303%;
469 2804 522 2845 ’Cl.,
536 2804 710 2845 at'noﬁyulg.
749 2808 770 2824 ⁸⁷
787 2803 1067 2844 καταῶλεμηθέντοξ
1083 2803 1154 2844 vulg.
1192 2803 1447 2845 ⁵⁸’Κουτραγούροις
1461 2806 1534 2842 vulg.

1377 2772 1400 2788 "
1411 2771 1429 2799 ὃ.
1440 2770 1486 2803 Ν..
1501 2771 1525 2797 οἱ
1542 2770 1612 2822 vulg.
1630 2770 1746 2811 Κουτρί-

1377 2808 1447 2833 sootc
1461 2806 1534 2833 vula.
1601 2805 1612 2821 ⁹
1624 2806 1648 2832 οι
1667 2812 1748 2833 uncis
