  <div class='ocr_page' id='page_1' title='image "/cluster/home/n/w/nwhite01/storage/ocr_20150623/113/njp.32101077772968/502.png"; bbox 0 0 1943 3072; ppageno 0'>
   <div class='ocr_carea' id='block_1_1' title="bbox 99 124 161 155">
    <p class='ocr_par' dir='ltr' id='par_1_1' title="bbox 99 124 161 155">
     <span class='ocr_line' id='line_1_1' title="bbox 99 124 161 155; baseline 0 0"><span class='ocrx_word' id='word_1_1' title='bbox 99 124 161 155; x_wconf 77' lang='lat'><strong>893</strong></span> 
     </span>
    </p>
   </div>
   <div class='ocr_carea' id='block_1_2' title="bbox 481 125 1336 157">
    <p class='ocr_par' dir='ltr' id='par_1_2' title="bbox 481 125 1336 157">
     <span class='ocr_line' id='line_1_2' title="bbox 481 125 1336 157; baseline 0.002 -2"><span class='ocrx_word' id='word_1_2' title='bbox 481 126 529 155; x_wconf 83' lang='lat' dir='ltr'><strong>DE</strong></span> <span class='ocrx_word' id='word_1_3' title='bbox 549 125 828 156; x_wconf 77' lang='lat' dir='ltr'><strong>LEGATIONIBUS</strong></span> <span class='ocrx_word' id='word_1_4' title='bbox 849 126 1093 157; x_wconf 82' lang='lat' dir='ltr'><strong>ROMANORUM</strong></span> <span class='ocrx_word' id='word_1_5' title='bbox 1112 127 1162 157; x_wconf 86' lang='lat' dir='ltr'><strong>AD</strong></span> <span class='ocrx_word' id='word_1_6' title='bbox 1177 126 1336 157; x_wconf 87' lang='lat' dir='ltr'><strong>GENTES.</strong></span> 
     </span>
    </p>
   </div>
   <div class='ocr_carea' id='block_1_3' title="bbox 1677 126 1731 159">
    <p class='ocr_par' dir='ltr' id='par_1_3' title="bbox 1677 126 1731 159">
     <span class='ocr_line' id='line_1_3' title="bbox 1677 126 1731 159; baseline 0.037 -2"><span class='ocrx_word' id='word_1_7' title='bbox 1677 126 1731 159; x_wconf 68' lang='lat'><strong>834</strong></span> 
     </span>
    </p>
   </div>
   <div class='ocr_carea' id='block_1_4' title="bbox 102 178 893 216">
    <p class='ocr_par' dir='ltr' id='par_1_4' title="bbox 102 178 892 216">
     <span class='ocr_line' id='line_1_4' title="bbox 102 178 892 216; baseline 0 -9"><span class='ocrx_word' id='word_1_8' title='bbox 102 179 256 215; x_wconf 73' lang='grc' dir='ltr'>βασιλείοις</span> <span class='ocrx_word' id='word_1_9' title='bbox 271 180 373 214; x_wconf 82' lang='grc' dir='ltr'>ἰατροῖς</span> <span class='ocrx_word' id='word_1_10' title='bbox 401 181 646 216; x_wconf 82' lang='grc' dir='ltr'>καταταττόμενον.</span> <span class='ocrx_word' id='word_1_11' title='bbox 671 181 726 208; x_wconf 74' lang='grc' dir='ltr'><strong>Καὶ</strong></span> <span class='ocrx_word' id='word_1_12' title='bbox 746 178 823 212; x_wconf 70' lang='grc' dir='ltr'>οὗτος</span> <span class='ocrx_word' id='word_1_13' title='bbox 844 181 892 216; x_wconf 82' lang='grc' dir='ltr'>μὲν</span> 
     </span>
    </p>
   </div>
   <div class='ocr_carea' id='block_1_5' title="bbox 945 178 1730 216">
    <p class='ocr_par' dir='ltr' id='par_1_5' title="bbox 946 181 1730 216">
     <span class='ocr_line' id='line_1_5' title="bbox 946 181 1730 216; baseline 0.003 -8"><span class='ocrx_word' id='word_1_14' title='bbox 946 189 1031 214; x_wconf 91' lang='lat' dir='ltr'><strong>roem,</strong></span> <span class='ocrx_word' id='word_1_15' title='bbox 1055 181 1198 208; x_wconf 77' lang='lat' dir='ltr'><strong>Persarum</strong></span> <span class='ocrx_word' id='word_1_16' title='bbox 1220 189 1320 216; x_wconf 84' lang='lat' dir='ltr'><strong>regem,</strong></span> <span class='ocrx_word' id='word_1_17' title='bbox 1336 188 1368 208; x_wconf 83' lang='lat' dir='ltr'><strong>ex</strong></span> <span class='ocrx_word' id='word_1_18' title='bbox 1384 181 1497 208; x_wconf 79' lang='lat' dir='ltr'><strong>medicis</strong></span> <span class='ocrx_word' id='word_1_19' title='bbox 1508 181 1687 216; x_wconf 74' lang='lat' dir='ltr'><strong>imperatoris.</strong></span> <span class='ocrx_word' id='word_1_20' title='bbox 1704 183 1730 211; x_wconf 80' lang='grc' dir='ltr'>ιιι</span> 
     </span>
    </p>
   </div>
   <div class='ocr_carea' id='block_1_6' title="bbox 101 224 894 260">
    <p class='ocr_par' dir='ltr' id='par_1_6' title="bbox 101 224 894 260">
     <span class='ocr_line' id='line_1_6' title="bbox 101 224 894 260; baseline 0 -8"><span class='ocrx_word' id='word_1_21' title='bbox 101 224 193 252; x_wconf 75' lang='grc' dir='ltr'>αὑτοῦ</span> <span class='ocrx_word' id='word_1_22' title='bbox 233 225 421 260; x_wconf 62' lang='grc' dir='ltr'>ἁφικομενος,</span> <span class='ocrx_word' id='word_1_23' title='bbox 453 226 741 260; x_wconf 64' lang='grc' dir='ltr'><strong>τεσσαρακονταπέντε</strong></span> <span class='ocrx_word' id='word_1_24' title='bbox 774 225 894 260; x_wconf 77' lang='grc' dir='ltr'><strong>χιλιάδας</strong></span> 
     </span>
    </p>
   </div>
   <div class='ocr_carea' id='block_1_7' title="bbox 101 270 891 305">
    <p class='ocr_par' dir='ltr' id='par_1_7' title="bbox 101 270 891 305">
     <span class='ocr_line' id='line_1_7' title="bbox 101 270 891 305; baseline 0 -9"><span class='ocrx_word' id='word_1_25' title='bbox 101 270 211 305; x_wconf 81' lang='grc' dir='ltr'>χρυσοῦ</span> <span class='ocrx_word' id='word_1_26' title='bbox 225 273 390 305; x_wconf 79' lang='grc' dir='ltr'>νομίσματος</span> <span class='ocrx_word' id='word_1_27' title='bbox 405 270 563 305; x_wconf 84' lang='grc' dir='ltr'>παρασχὼν,</span> <span class='ocrx_word' id='word_1_28' title='bbox 576 270 676 297; x_wconf 76' lang='grc' dir='ltr'><strong>τίθεται</strong></span> <span class='ocrx_word' id='word_1_29' title='bbox 692 271 740 302; x_wconf 77' lang='grc' dir='ltr'><strong>τὰς</strong></span> <span class='ocrx_word' id='word_1_30' title='bbox 757 270 891 305; x_wconf 82' lang='grc' dir='ltr'>ξυνθήκας</span> 
     </span>
    </p>
   </div>
   <div class='ocr_carea' id='block_1_8' title="bbox 102 315 894 351">
    <p class='ocr_par' dir='ltr' id='par_1_8' title="bbox 102 315 894 351">
     <span class='ocr_line' id='line_1_8' title="bbox 102 315 894 351; baseline 0 -9"><span class='ocrx_word' id='word_1_31' title='bbox 102 315 220 350; x_wconf 77' lang='grc' dir='ltr'>ἀνὰτὴν</span> <span class='ocrx_word' id='word_1_32' title='bbox 234 316 291 342; x_wconf 83' lang='grc' dir='ltr'><strong>Ἕω</strong></span> <span class='ocrx_word' id='word_1_33' title='bbox 303 315 478 348; x_wconf 71' lang='grc' dir='ltr'><strong>ἐνιαυσιαίοις,</strong></span> <span class='ocrx_word' id='word_1_34' title='bbox 492 316 530 347; x_wconf 81' lang='grc' dir='ltr'><strong>ὡς</strong></span> <span class='ocrx_word' id='word_1_35' title='bbox 545 315 578 342; x_wconf 86' lang='grc' dir='ltr'>ἂν</span> <span class='ocrx_word' id='word_1_36' title='bbox 591 315 679 342; x_wconf 75' lang='grc' dir='ltr'>ἔσοιτο</span> <span class='ocrx_word' id='word_1_37' title='bbox 693 316 840 351; x_wconf 78' lang='grc' dir='ltr'>ἐκεχειρία.</span> <span class='ocrx_word' id='word_1_38' title='bbox 850 315 894 341; x_wconf 80' lang='grc' dir='ltr'>Ἐν</span> 
     </span>
    </p>
   </div>
   <div class='ocr_carea' id='block_1_9' title="bbox 101 360 895 396">
    <p class='ocr_par' dir='ltr' id='par_1_9' title="bbox 101 360 895 396">
     <span class='ocr_line' id='line_1_9' title="bbox 101 360 895 396; baseline 0 -10"><span class='ocrx_word' id='word_1_39' title='bbox 101 361 230 395; x_wconf 85' lang='grc' dir='ltr'>τοσούτῳ</span> <span class='ocrx_word' id='word_1_40' title='bbox 251 361 304 396; x_wconf 76' lang='grc' dir='ltr'><strong>γὰρ</strong></span> <span class='ocrx_word' id='word_1_41' title='bbox 318 360 420 394; x_wconf 77' lang='grc' dir='ltr'>ἔφασκε</span> <span class='ocrx_word' id='word_1_42' title='bbox 439 360 620 396; x_wconf 76' lang='grc' dir='ltr'><strong>σταλήσεσθαι</strong></span> <span class='ocrx_word' id='word_1_43' title='bbox 638 360 705 396; x_wconf 74' lang='grc' dir='ltr'>πρὸς</span> <span class='ocrx_word' id='word_1_44' title='bbox 719 362 768 395; x_wconf 83' lang='grc' dir='ltr'>τῆς</span> <span class='ocrx_word' id='word_1_45' title='bbox 788 360 895 395; x_wconf 90' lang='grc' dir='ltr'>βασιλί-</span> 
     </span>
    </p>
   </div>
   <div class='ocr_carea' id='block_1_10' title="bbox 102 405 895 441">
    <p class='ocr_par' dir='ltr' id='par_1_10' title="bbox 102 405 895 441">
     <span class='ocr_line' id='line_1_10' title="bbox 102 405 895 441; baseline -0.001 -9"><span class='ocrx_word' id='word_1_46' title='bbox 102 407 153 437; x_wconf 65' lang='grc' dir='ltr'><strong>δος</strong></span> <span class='ocrx_word' id='word_1_47' title='bbox 174 407 301 441; x_wconf 84' lang='grc' dir='ltr'>μέγιστον</span> <span class='ocrx_word' id='word_1_48' title='bbox 321 405 490 441; x_wconf 76' lang='grc' dir='ltr'>πρεσϐευτὴν</span> <span class='ocrx_word' id='word_1_49' title='bbox 511 406 556 432; x_wconf 83' lang='grc' dir='ltr'><strong>τδν</strong></span> <span class='ocrx_word' id='word_1_50' title='bbox 577 405 729 440; x_wconf 82' lang='grc' dir='ltr'>τελεώτερά</span> <span class='ocrx_word' id='word_1_51' title='bbox 752 415 810 437; x_wconf 85' lang='grc' dir='ltr'><strong>πως</strong></span> <span class='ocrx_word' id='word_1_52' title='bbox 830 407 895 441; x_wconf 75' lang='grc' dir='ltr'>περὶ</span> 
     </span>
    </p>
   </div>
   <div class='ocr_carea' id='block_1_11' title="bbox 102 451 895 486">
    <p class='ocr_par' dir='ltr' id='par_1_11' title="bbox 102 451 895 486">
     <span class='ocr_line' id='line_1_11' title="bbox 102 451 895 486; baseline 0.001 -10"><span class='ocrx_word' id='word_1_53' title='bbox 102 452 238 477; x_wconf 77' lang='grc' dir='ltr'>ἁπάντων</span> <span class='ocrx_word' id='word_1_54' title='bbox 255 451 510 485; x_wconf 64' lang='grc' dir='ltr'><strong>διαλεχθησόμενον,</strong></span> <span class='ocrx_word' id='word_1_55' title='bbox 528 451 568 477; x_wconf 86' lang='grc' dir='ltr'><strong>ἐτι</strong></span> <span class='ocrx_word' id='word_1_56' title='bbox 586 451 638 486; x_wconf 84' lang='grc' dir='ltr'>μὴν</span> <span class='ocrx_word' id='word_1_57' title='bbox 655 453 701 478; x_wconf 75' lang='grc' dir='ltr'>καὶ</span> <span class='ocrx_word' id='word_1_58' title='bbox 719 451 764 478; x_wconf 75' lang='grc' dir='ltr'><strong>τὸν</strong></span> <span class='ocrx_word' id='word_1_59' title='bbox 777 451 895 486; x_wconf 83' lang='grc' dir='ltr'>πόλεμον</span> 
     </span>
    </p>
   </div>
   <div class='ocr_carea' id='block_1_12' title="bbox 103 496 895 532">
    <p class='ocr_par' dir='ltr' id='par_1_12' title="bbox 103 496 895 532">
     <span class='ocr_line' id='line_1_12' title="bbox 103 496 895 532; baseline 0.003 -10"><span class='ocrx_word' id='word_1_60' title='bbox 103 496 279 528; x_wconf 80' lang='grc' dir='ltr'>διαλύσοντα,</span> <span class='ocrx_word' id='word_1_61' title='bbox 297 497 378 531; x_wconf 85' lang='grc' dir='ltr'>τυχὸν</span> <span class='ocrx_word' id='word_1_62' title='bbox 394 497 422 523; x_wconf 85' lang='grc' dir='ltr'><strong>ἐν</strong></span> <span class='ocrx_word' id='word_1_63' title='bbox 445 497 520 531; x_wconf 82' lang='grc' dir='ltr'>μέσῳ</span> <span class='ocrx_word' id='word_1_64' title='bbox 531 497 577 523; x_wconf 75' lang='grc' dir='ltr'>καὶ</span> <span class='ocrx_word' id='word_1_65' title='bbox 590 496 636 523; x_wconf 73' lang='grc' dir='ltr'><strong>τοῦ</strong></span> <span class='ocrx_word' id='word_1_66' title='bbox 656 497 801 532; x_wconf 83' lang='grc' dir='ltr'>Ῥωμαίων</span> <span class='ocrx_word' id='word_1_67' title='bbox 818 497 895 532; x_wconf 85' lang='grc' dir='ltr'>βασι-</span> 
     </span>
    </p>
   </div>
   <div class='ocr_carea' id='block_1_13' title="bbox 103 542 895 578">
    <p class='ocr_par' dir='ltr' id='par_1_13' title="bbox 103 542 895 578">
     <span class='ocr_line' id='line_1_13' title="bbox 103 542 895 578; baseline 0.001 -10"><span class='ocrx_word' id='word_1_68' title='bbox 103 542 178 574; x_wconf 75' lang='grc' dir='ltr'>λέως</span> <span class='ocrx_word' id='word_1_69' title='bbox 197 542 395 576; x_wconf 81' lang='grc' dir='ltr'>μεταϐαλόντος</span> <span class='ocrx_word' id='word_1_70' title='bbox 412 542 440 573; x_wconf 80' lang='grc' dir='ltr'><strong>ἐς</strong></span> <span class='ocrx_word' id='word_1_71' title='bbox 453 542 484 568; x_wconf 82' lang='grc' dir='ltr'>τὸ</span> <span class='ocrx_word' id='word_1_72' title='bbox 500 542 665 578; x_wconf 79' lang='grc' dir='ltr'>ἐρρωμένον.</span> <span class='ocrx_word' id='word_1_73' title='bbox 679 542 757 569; x_wconf 78' lang='grc' dir='ltr'>Οὕτω</span> <span class='ocrx_word' id='word_1_74' title='bbox 774 542 823 578; x_wconf 83' lang='grc' dir='ltr'>μὲν</span> <span class='ocrx_word' id='word_1_75' title='bbox 846 542 895 574; x_wconf 80' lang='grc' dir='ltr'>τὰς</span> 
     </span>
    </p>
   </div>
   <div class='ocr_carea' id='block_1_14' title="bbox 105 588 896 624">
    <p class='ocr_par' dir='ltr' id='par_1_14' title="bbox 105 588 896 624">
     <span class='ocr_line' id='line_1_14' title="bbox 105 588 896 624; baseline 0.001 -10"><span class='ocrx_word' id='word_1_76' title='bbox 105 588 153 614; x_wconf 81' lang='grc' dir='ltr'>ἐπ’</span> <span class='ocrx_word' id='word_1_77' title='bbox 169 589 291 614; x_wconf 68' lang='grc' dir='ltr'>ἐνιαυτὸν</span> <span class='ocrx_word' id='word_1_78' title='bbox 309 588 491 622; x_wconf 79' lang='grc' dir='ltr'><strong>ποιησάμενος</strong></span> <span class='ocrx_word' id='word_1_79' title='bbox 509 588 531 603; x_wconf 71' lang='grc'>⁸⁸</span> <span class='ocrx_word' id='word_1_80' title='bbox 546 588 662 620; x_wconf 78' lang='grc' dir='ltr'>σπονδὰς</span> <span class='ocrx_word' id='word_1_81' title='bbox 679 589 743 624; x_wconf 75' lang='grc' dir='ltr'>περὶ</span> <span class='ocrx_word' id='word_1_82' title='bbox 764 589 812 623; x_wconf 86' lang='grc' dir='ltr'>τῆς</span> <span class='ocrx_word' id='word_1_83' title='bbox 826 588 896 615; x_wconf 84' lang='grc' dir='ltr'>κατὰ</span> 
     </span>
    </p>
   </div>
   <div class='ocr_carea' id='block_1_15' title="bbox 104 632 897 670">
    <p class='ocr_par' dir='ltr' id='par_1_15' title="bbox 104 632 897 670">
     <span class='ocr_line' id='line_1_15' title="bbox 104 632 897 670; baseline 0 -10"><span class='ocrx_word' id='word_1_84' title='bbox 104 634 158 668; x_wconf 81' lang='grc' dir='ltr'>τὴν</span> <span class='ocrx_word' id='word_1_85' title='bbox 167 633 225 659; x_wconf 82' lang='grc' dir='ltr'>Ἕω</span> <span class='ocrx_word' id='word_1_86' title='bbox 238 632 380 668; x_wconf 86' lang='grc' dir='ltr'>Ῥωμαίων</span> <span class='ocrx_word' id='word_1_87' title='bbox 394 633 582 668; x_wconf 85' lang='grc' dir='ltr'>ἐπικρατείας,</span> <span class='ocrx_word' id='word_1_88' title='bbox 595 634 625 660; x_wconf 83' lang='grc' dir='ltr'>οὐ</span> <span class='ocrx_word' id='word_1_89' title='bbox 641 633 693 669; x_wconf 81' lang='grc' dir='ltr'>μὴν</span> <span class='ocrx_word' id='word_1_90' title='bbox 703 634 750 660; x_wconf 77' lang='grc' dir='ltr'>καὶ</span> <span class='ocrx_word' id='word_1_91' title='bbox 767 635 830 670; x_wconf 72' lang='grc' dir='ltr'>περὶ</span> <span class='ocrx_word' id='word_1_92' title='bbox 845 634 897 669; x_wconf 79' lang='grc' dir='ltr'>τῆς</span> 
     </span>
    </p>
   </div>
   <div class='ocr_carea' id='block_1_16' title="bbox 106 679 896 715">
    <p class='ocr_par' dir='ltr' id='par_1_16' title="bbox 106 679 896 715">
     <span class='ocr_line' id='line_1_16' title="bbox 106 679 896 715; baseline 0.001 -10"><span class='ocrx_word' id='word_1_93' title='bbox 106 680 138 705; x_wconf 79' lang='grc' dir='ltr'><strong>ἐν</strong></span> <span class='ocrx_word' id='word_1_94' title='bbox 160 680 186 705; x_wconf 79' lang='grc' dir='ltr'><strong>Ἀ</strong></span> <span class='ocrx_word' id='word_1_95' title='bbox 193 679 299 714; x_wconf 74' lang='grc' dir='ltr'>ρμενία,</span> <span class='ocrx_word' id='word_1_96' title='bbox 315 679 500 715; x_wconf 78' lang='grc' dir='ltr'>καταθέμενος</span> <span class='ocrx_word' id='word_1_97' title='bbox 515 679 648 714; x_wconf 82' lang='grc' dir='ltr'>δήπουθεν</span> <span class='ocrx_word' id='word_1_98' title='bbox 659 679 740 706; x_wconf 83' lang='grc' dir='ltr'>αὑτοῦ</span> <span class='ocrx_word' id='word_1_99' title='bbox 757 680 804 706; x_wconf 69' lang='grc' dir='ltr'><strong>καλ⁸</strong></span> <span class='ocrx_word' id='word_1_100' title='bbox 815 680 896 714; x_wconf 83' lang='grc' dir='ltr'>μόνου</span> 
     </span>
    </p>
   </div>
   <div class='ocr_carea' id='block_1_17' title="bbox 106 724 895 760">
    <p class='ocr_par' dir='ltr' id='par_1_17' title="bbox 106 724 895 760">
     <span class='ocr_line' id='line_1_17' title="bbox 106 724 895 760; baseline 0.001 -9"><span class='ocrx_word' id='word_1_101' title='bbox 106 726 194 751; x_wconf 71' lang='grc' dir='ltr'>ἕνεκα</span> <span class='ocrx_word' id='word_1_102' title='bbox 212 724 252 759; x_wconf 87' lang='grc' dir='ltr'>με’</span> <span class='ocrx_word' id='word_1_103' title='bbox 267 725 390 759; x_wconf 75' lang='grc' dir='ltr'>χιλιάδας</span> <span class='ocrx_word' id='word_1_104' title='bbox 407 724 514 760; x_wconf 82' lang='grc' dir='ltr'>χρυσῶν</span> <span class='ocrx_word' id='word_1_105' title='bbox 539 725 728 759; x_wconf 77' lang='grc' dir='ltr'>νομισμάτων,</span> <span class='ocrx_word' id='word_1_106' title='bbox 745 725 895 759; x_wconf 86' lang='grc' dir='ltr'>ἐπανῆκεν.</span> 
     </span>
    </p>
   </div>
   <div class='ocr_carea' id='block_1_18' title="bbox 114 770 897 805">
    <p class='ocr_par' dir='ltr' id='par_1_18' title="bbox 114 770 897 805">
     <span class='ocr_line' id='line_1_18' title="bbox 114 770 897 805; baseline 0.001 -9"><span class='ocrx_word' id='word_1_107' title='bbox 114 771 343 804; x_wconf 77' lang='grc' dir='ltr'>Ἐμπεδωοέντων</span> <span class='ocrx_word' id='word_1_108' title='bbox 374 771 402 797; x_wconf 83' lang='grc' dir='ltr'><strong>δέ</strong></span> <span class='ocrx_word' id='word_1_109' title='bbox 425 771 478 805; x_wconf 83' lang='grc' dir='ltr'><strong>ἄρα</strong></span> <span class='ocrx_word' id='word_1_110' title='bbox 498 771 553 798; x_wconf 86' lang='grc' dir='ltr'><strong>τῶν</strong></span> <span class='ocrx_word' id='word_1_111' title='bbox 579 771 707 797; x_wconf 86' lang='grc' dir='ltr'>τοιούτων</span> <span class='ocrx_word' id='word_1_112' title='bbox 732 770 861 802; x_wconf 81' lang='grc' dir='ltr'>Εὐσέϐιος</span> <span class='ocrx_word' id='word_1_113' title='bbox 882 771 897 797; x_wconf 79' lang='grc' dir='ltr'><strong>ὁ</strong></span> 
     </span>
    </p>
   </div>
   <div class='ocr_carea' id='block_1_19' title="bbox 109 815 720 851">
    <p class='ocr_par' dir='ltr' id='par_1_19' title="bbox 109 815 720 851">
     <span class='ocr_line' id='line_1_19' title="bbox 109 815 720 851; baseline 0 -8"><span class='ocrx_word' id='word_1_114' title='bbox 109 817 263 851; x_wconf 77' lang='grc' dir='ltr'>στρατηγὸς</span> <span class='ocrx_word' id='word_1_115' title='bbox 287 817 315 848; x_wconf 84' lang='grc' dir='ltr'><strong>ἐς</strong></span> <span class='ocrx_word' id='word_1_116' title='bbox 337 815 483 848; x_wconf 79' lang='grc' dir='ltr'>Βυζάντιον</span> <span class='ocrx_word' id='word_1_117' title='bbox 501 816 720 850; x_wconf 81' lang='grc' dir='ltr'>μεταστέλλεται.</span> 
     </span>
    </p>
   </div>
   <div class='ocr_carea' id='block_1_20' title="bbox 147 860 895 898">
    <p class='ocr_par' dir='ltr' id='par_1_20' title="bbox 147 860 895 898">
     <span class='ocr_line' id='line_1_20' title="bbox 147 860 895 898; baseline 0 -10"><span class='ocrx_word' id='word_1_118' title='bbox 147 860 191 888; x_wconf 92' lang='grc' dir='ltr'>ια’.</span> <span class='ocrx_word' id='word_1_119' title='bbox 214 861 319 896; x_wconf 81' lang='grc' dir='ltr'>Ὀτιδὴ</span> <span class='ocrx_word' id='word_1_120' title='bbox 336 861 475 888; x_wconf 78' lang='grc' dir='ltr'>στέλλεται</span> <span class='ocrx_word' id='word_1_121' title='bbox 500 861 572 888; x_wconf 82' lang='grc' dir='ltr'>κατὰ</span> <span class='ocrx_word' id='word_1_122' title='bbox 598 861 648 896; x_wconf 79' lang='grc' dir='ltr'>τὴν</span> <span class='ocrx_word' id='word_1_123' title='bbox 677 862 790 897; x_wconf 86' lang='grc' dir='ltr'>Περσῶν</span> <span class='ocrx_word' id='word_1_124' title='bbox 804 862 895 898; x_wconf 90' lang='grc' dir='ltr'>χώραν</span> 
     </span>
    </p>
   </div>
   <div class='ocr_carea' id='block_1_21' title="bbox 109 906 895 943">
    <p class='ocr_par' dir='ltr' id='par_1_21' title="bbox 109 906 895 943">
     <span class='ocr_line' id='line_1_21' title="bbox 109 906 895 943; baseline 0.003 -11"><span class='ocrx_word' id='word_1_125' title='bbox 109 906 281 942; x_wconf 70' lang='grc' dir='ltr'>πρεσϐευτὴς</span> <span class='ocrx_word' id='word_1_126' title='bbox 305 907 452 942; x_wconf 78' lang='grc' dir='ltr'>Τραῖάνὸς,</span> <span class='ocrx_word' id='word_1_127' title='bbox 482 907 510 933; x_wconf 88' lang='grc' dir='ltr'><strong>ἐν</strong></span> <span class='ocrx_word' id='word_1_128' title='bbox 535 907 590 938; x_wconf 76' lang='grc' dir='ltr'>τοῖς</span> <span class='ocrx_word' id='word_1_129' title='bbox 616 906 761 941; x_wconf 82' lang='grc' dir='ltr'>βασιλείοις</span> <span class='ocrx_word' id='word_1_130' title='bbox 775 908 895 943; x_wconf 81' lang='grc' dir='ltr'>πατράσι</span> 
     </span>
    </p>
   </div>
   <div class='ocr_carea' id='block_1_22' title="bbox 108 952 896 988">
    <p class='ocr_par' dir='ltr' id='par_1_22' title="bbox 108 952 896 988">
     <span class='ocr_line' id='line_1_22' title="bbox 108 952 896 988; baseline 0.003 -10"><span class='ocrx_word' id='word_1_131' title='bbox 108 952 194 979; x_wconf 80' lang='grc' dir='ltr'>τελῶν</span> <span class='ocrx_word' id='word_1_132' title='bbox 209 953 255 979; x_wconf 68' lang='grc' dir='ltr'><strong>καὶ</strong></span> <span class='ocrx_word' id='word_1_133' title='bbox 279 952 329 987; x_wconf 87' lang='grc' dir='ltr'>τὴν</span> <span class='ocrx_word' id='word_1_134' title='bbox 356 952 506 987; x_wconf 80' lang='grc' dir='ltr'>λεγομένην</span> <span class='ocrx_word' id='word_1_135' title='bbox 522 952 568 979; x_wconf 84' lang='grc' dir='ltr'>τοῦ</span> <span class='ocrx_word' id='word_1_136' title='bbox 594 952 770 988; x_wconf 83' lang='grc' dir='ltr'>Κοιαίστορος</span> <span class='ocrx_word' id='word_1_137' title='bbox 795 953 896 980; x_wconf 87' lang='grc' dir='ltr'>διέπων</span> 
     </span>
    </p>
   </div>
   <div class='ocr_carea' id='block_1_23' title="bbox 109 994 895 1033">
    <p class='ocr_par' dir='ltr' id='par_1_23' title="bbox 109 994 895 1033">
     <span class='ocr_line' id='line_1_23' title="bbox 109 994 895 1033; baseline 0.003 -9"><span class='ocrx_word' id='word_1_138' title='bbox 109 998 219 1032; x_wconf 80' lang='grc' dir='ltr'>ἀρχὴν,</span> <span class='ocrx_word' id='word_1_139' title='bbox 238 998 270 1033; x_wconf 83' lang='grc' dir='ltr'>ἢν</span> <span class='ocrx_word' id='word_1_140' title='bbox 287 995 364 1032; x_wconf 77' lang='grc' dir='ltr'>οἶμαι</span> <span class='ocrx_word' id='word_1_141' title='bbox 389 998 422 1025; x_wconf 76' lang='grc' dir='ltr'><strong>ἐκ</strong></span> <span class='ocrx_word' id='word_1_142' title='bbox 450 997 497 1023; x_wconf 79' lang='grc' dir='ltr'><strong>τοῦ</strong></span> <span class='ocrx_word' id='word_1_143' title='bbox 526 996 671 1030; x_wconf 78' lang='grc' dir='ltr'>ἀναζητεῖν</span> <span class='ocrx_word' id='word_1_144' title='bbox 697 994 749 1024; x_wconf 81' lang='grc' dir='ltr'>ὦδε</span> <span class='ocrx_word' id='word_1_145' title='bbox 771 998 895 1033; x_wconf 76' lang='grc' dir='ltr'>λελέχθαι</span> 
     </span>
    </p>
   </div>
   <div class='ocr_carea' id='block_1_24' title="bbox 115 1041 895 1079">
    <p class='ocr_par' dir='ltr' id='par_1_24' title="bbox 115 1041 895 1079">
     <span class='ocr_line' id='line_1_24' title="bbox 115 1041 895 1079; baseline 0.003 -10"><span class='ocrx_word' id='word_1_146' title='bbox 115 1043 273 1078; x_wconf 75' lang='grc' dir='ltr'>Ῥωμαίοις.</span> <span class='ocrx_word' id='word_1_147' title='bbox 290 1042 484 1078; x_wconf 83' lang='grc' dir='ltr'>Ξυναπεστάλη</span> <span class='ocrx_word' id='word_1_148' title='bbox 498 1042 526 1069; x_wconf 87' lang='grc' dir='ltr'><strong>δέ</strong></span> <span class='ocrx_word' id='word_1_149' title='bbox 544 1043 590 1069; x_wconf 79' lang='grc' dir='ltr'><strong>καὶ</strong></span> <span class='ocrx_word' id='word_1_150' title='bbox 606 1043 755 1078; x_wconf 80' lang='grc' dir='ltr'>Ζαχαρίας,</span> <span class='ocrx_word' id='word_1_151' title='bbox 769 1041 800 1071; x_wconf 72' lang='grc' dir='ltr'>οὗ</span> <span class='ocrx_word' id='word_1_152' title='bbox 814 1045 895 1079; x_wconf 81' lang='grc' dir='ltr'>ἐναγ-</span> 
     </span>
    </p>
   </div>
   <div class='ocr_carea' id='block_1_25' title="bbox 109 1083 895 1124">
    <p class='ocr_par' dir='ltr' id='par_1_25' title="bbox 109 1083 895 1124">
     <span class='ocr_line' id='line_1_25' title="bbox 109 1083 895 1124; baseline 0.004 -11"><span class='ocrx_word' id='word_1_153' title='bbox 109 1096 158 1123; x_wconf 73' lang='grc' dir='ltr'><strong>χος</strong></span> <span class='ocrx_word' id='word_1_154' title='bbox 186 1087 334 1122; x_wconf 82' lang='grc' dir='ltr'>ἐμνήσθην,</span> <span class='ocrx_word' id='word_1_155' title='bbox 350 1087 392 1122; x_wconf 85' lang='grc' dir='ltr'>ἐφ’</span> <span class='ocrx_word' id='word_1_156' title='bbox 405 1083 437 1121; x_wconf 84' lang='grc' dir='ltr'>ᾧ,</span> <span class='ocrx_word' id='word_1_157' title='bbox 466 1087 491 1113; x_wconf 89' lang='grc' dir='ltr'><strong>εἰ</strong></span> <span class='ocrx_word' id='word_1_158' title='bbox 517 1087 565 1122; x_wconf 73' lang='grc' dir='ltr'>μὲν</span> <span class='ocrx_word' id='word_1_159' title='bbox 579 1085 655 1114; x_wconf 79' lang='grc' dir='ltr'>οἷοίτ’</span> <span class='ocrx_word' id='word_1_160' title='bbox 674 1088 696 1103; x_wconf 68' lang='grc'><em>³³</em></span> <span class='ocrx_word' id='word_1_161' title='bbox 709 1087 826 1122; x_wconf 75' lang='grc' dir='ltr'>ἔσονται,</span> <span class='ocrx_word' id='word_1_162' title='bbox 837 1089 895 1124; x_wconf 73' lang='grc' dir='ltr'>ἅμα</span> 
     </span>
    </p>
   </div>
   <div class='ocr_carea' id='block_1_26' title="bbox 111 1131 896 1168">
    <p class='ocr_par' dir='ltr' id='par_1_26' title="bbox 111 1131 896 1168">
     <span class='ocr_line' id='line_1_26' title="bbox 111 1131 896 1168; baseline 0.003 -9"><span class='ocrx_word' id='word_1_163' title='bbox 111 1133 250 1167; x_wconf 66' lang='grc' dir='ltr'>ἐμπεδῶσι</span> <span class='ocrx_word' id='word_1_164' title='bbox 264 1133 334 1159; x_wconf 82' lang='grc' dir='ltr'>κατὰ</span> <span class='ocrx_word' id='word_1_165' title='bbox 349 1133 398 1168; x_wconf 85' lang='grc' dir='ltr'>τήν</span> <span class='ocrx_word' id='word_1_166' title='bbox 413 1141 442 1158; x_wconf 84' lang='grc' dir='ltr'><strong>τε</strong></span> <span class='ocrx_word' id='word_1_167' title='bbox 460 1131 550 1167; x_wconf 85' lang='grc' dir='ltr'>Ἐῲαν</span> <span class='ocrx_word' id='word_1_168' title='bbox 559 1134 605 1158; x_wconf 76' lang='grc' dir='ltr'>καὶ</span> <span class='ocrx_word' id='word_1_169' title='bbox 618 1132 667 1167; x_wconf 84' lang='grc' dir='ltr'>τὴν</span> <span class='ocrx_word' id='word_1_170' title='bbox 692 1133 836 1168; x_wconf 82' lang='grc' dir='ltr'>’Δρμενίαν</span> <span class='ocrx_word' id='word_1_171' title='bbox 851 1136 896 1161; x_wconf 82' lang='grc' dir='ltr'>ἐν-</span> 
     </span>
    </p>
   </div>
   <div class='ocr_carea' id='block_1_27' title="bbox 110 1177 895 1214">
    <p class='ocr_par' dir='ltr' id='par_1_27' title="bbox 110 1177 895 1214">
     <span class='ocr_line' id='line_1_27' title="bbox 110 1177 895 1214; baseline 0.001 -9"><span class='ocrx_word' id='word_1_172' title='bbox 110 1179 157 1209; x_wconf 66' lang='grc' dir='ltr'><strong>τὸς</strong></span> <span class='ocrx_word' id='word_1_173' title='bbox 171 1178 254 1214; x_wconf 85' lang='grc' dir='ltr'>τριῶν</span> <span class='ocrx_word' id='word_1_174' title='bbox 274 1177 406 1205; x_wconf 89' lang='grc' dir='ltr'>ἐνιαυτῶν</span> <span class='ocrx_word' id='word_1_175' title='bbox 423 1178 597 1213; x_wconf 51' lang='grc' dir='ltr'>ἐκεχειρίανω</span> <span class='ocrx_word' id='word_1_176' title='bbox 610 1178 656 1204; x_wconf 77' lang='grc' dir='ltr'>Ἐν</span> <span class='ocrx_word' id='word_1_177' title='bbox 673 1179 681 1194; x_wconf 85' lang='grc'>¹</span> <span class='ocrx_word' id='word_1_178' title='bbox 697 1178 818 1214; x_wconf 85' lang='grc' dir='ltr'>τοσούτῳ</span> <span class='ocrx_word' id='word_1_179' title='bbox 832 1180 895 1212; x_wconf 78' lang='grc' dir='ltr'>ξυν-</span> 
     </span>
    </p>
   </div>
   <div class='ocr_carea' id='block_1_28' title="bbox 110 1223 894 1259">
    <p class='ocr_par' dir='ltr' id='par_1_28' title="bbox 110 1223 894 1259">
     <span class='ocr_line' id='line_1_28' title="bbox 110 1223 894 1259; baseline 0.004 -10"><span class='ocrx_word' id='word_1_180' title='bbox 110 1225 213 1251; x_wconf 58' lang='lat' dir='ltr'><strong>storm</strong></span> <span class='ocrx_word' id='word_1_181' title='bbox 233 1224 262 1257; x_wconf 77' lang='grc' dir='ltr'>ἐξ</span> <span class='ocrx_word' id='word_1_182' title='bbox 287 1223 420 1258; x_wconf 76' lang='grc' dir='ltr'>ἑκατέρας</span> <span class='ocrx_word' id='word_1_183' title='bbox 442 1223 580 1254; x_wconf 75' lang='grc' dir='ltr'>πολιτείας</span> <span class='ocrx_word' id='word_1_184' title='bbox 601 1224 630 1250; x_wconf 82' lang='grc' dir='ltr'><strong>ἐν</strong></span> <span class='ocrx_word' id='word_1_185' title='bbox 648 1224 704 1255; x_wconf 82' lang='grc' dir='ltr'>τοῖς</span> <span class='ocrx_word' id='word_1_186' title='bbox 729 1225 824 1259; x_wconf 82' lang='grc' dir='ltr'>ὁρίοις,</span> <span class='ocrx_word' id='word_1_187' title='bbox 839 1225 864 1252; x_wconf 80' lang='grc' dir='ltr'>οἳ</span> <span class='ocrx_word' id='word_1_188' title='bbox 884 1227 894 1242; x_wconf 86' lang='grc'>¹</span> 
     </span>
    </p>
   </div>
   <div class='ocr_carea' id='block_1_29' title="bbox 110 1268 895 1306">
    <p class='ocr_par' dir='ltr' id='par_1_29' title="bbox 110 1268 895 1306">
     <span class='ocr_line' id='line_1_29' title="bbox 110 1268 895 1306; baseline 0.004 -11"><span class='ocrx_word' id='word_1_189' title='bbox 110 1269 267 1296; x_wconf 76' lang='grc' dir='ltr'>διαλύσουσι</span> <span class='ocrx_word' id='word_1_190' title='bbox 278 1269 312 1296; x_wconf 79' lang='grc' dir='ltr'>τὰ</span> <span class='ocrx_word' id='word_1_191' title='bbox 322 1268 470 1304; x_wconf 78' lang='grc' dir='ltr'>ἀμφίϐολα,</span> <span class='ocrx_word' id='word_1_192' title='bbox 487 1268 676 1304; x_wconf 75' lang='grc' dir='ltr'>βουλεύσαιντό</span> <span class='ocrx_word' id='word_1_193' title='bbox 693 1277 722 1295; x_wconf 86' lang='grc' dir='ltr'><strong>τε</strong></span> <span class='ocrx_word' id='word_1_194' title='bbox 739 1271 786 1297; x_wconf 84' lang='grc' dir='ltr'>καὶ</span> <span class='ocrx_word' id='word_1_195' title='bbox 801 1271 895 1306; x_wconf 79' lang='grc' dir='ltr'>τρόπῳ</span> 
     </span>
    </p>
   </div>
   <div class='ocr_carea' id='block_1_30' title="bbox 110 1313 894 1352">
    <p class='ocr_par' dir='ltr' id='par_1_30' title="bbox 110 1313 894 1352">
     <span class='ocr_line' id='line_1_30' title="bbox 110 1313 894 1352; baseline 0.001 -11"><span class='ocrx_word' id='word_1_196' title='bbox 110 1315 150 1350; x_wconf 80' lang='grc' dir='ltr'>τῷ</span> <span class='ocrx_word' id='word_1_197' title='bbox 167 1315 352 1350; x_wconf 79' lang='grc' dir='ltr'>καταθήσουσι</span> <span class='ocrx_word' id='word_1_198' title='bbox 382 1315 417 1341; x_wconf 81' lang='grc' dir='ltr'><strong>τὰ</strong></span> <span class='ocrx_word' id='word_1_199' title='bbox 442 1313 512 1342; x_wconf 84' lang='grc' dir='ltr'>ὅπλα</span> <span class='ocrx_word' id='word_1_200' title='bbox 540 1315 569 1346; x_wconf 86' lang='grc' dir='ltr'><strong>ἐς</strong></span> <span class='ocrx_word' id='word_1_201' title='bbox 596 1315 735 1342; x_wconf 86' lang='grc' dir='ltr'>τέλεον-εί</span> <span class='ocrx_word' id='word_1_202' title='bbox 754 1316 782 1342; x_wconf 85' lang='grc' dir='ltr'><strong>δέ</strong></span> <span class='ocrx_word' id='word_1_203' title='bbox 799 1325 831 1351; x_wconf 88' lang='grc' dir='ltr'>γε</span> <span class='ocrx_word' id='word_1_204' title='bbox 857 1318 894 1352; x_wconf 74' lang='grc' dir='ltr'>μὴ</span> 
     </span>
    </p>
   </div>
   <div class='ocr_carea' id='block_1_31' title="bbox 110 1359 894 1397">
    <p class='ocr_par' dir='ltr' id='par_1_31' title="bbox 110 1359 894 1397">
     <span class='ocr_line' id='line_1_31' title="bbox 110 1359 894 1397; baseline 0.001 -10"><span class='ocrx_word' id='word_1_205' title='bbox 110 1361 182 1387; x_wconf 69' lang='grc' dir='ltr'>οὕτω</span> <span class='ocrx_word' id='word_1_206' title='bbox 198 1360 364 1396; x_wconf 84' lang='grc' dir='ltr'>προχωροίη,</span> <span class='ocrx_word' id='word_1_207' title='bbox 383 1361 439 1392; x_wconf 80' lang='grc' dir='ltr'>τοῖς</span> <span class='ocrx_word' id='word_1_208' title='bbox 455 1359 520 1394; x_wconf 82' lang='grc' dir='ltr'>γοῦν</span> <span class='ocrx_word' id='word_1_209' title='bbox 536 1360 604 1395; x_wconf 83' lang='grc' dir='ltr'>πρὸς</span> <span class='ocrx_word' id='word_1_210' title='bbox 620 1360 696 1395; x_wconf 81' lang='grc' dir='ltr'>ἥλιον</span> <span class='ocrx_word' id='word_1_211' title='bbox 710 1361 831 1388; x_wconf 82' lang='grc' dir='ltr'>οἰκοῦσιν</span> <span class='ocrx_word' id='word_1_212' title='bbox 846 1362 894 1397; x_wconf 84' lang='grc' dir='ltr'>τὴν</span> 
     </span>
    </p>
   </div>
   <div class='ocr_carea' id='block_1_32' title="bbox 110 1405 895 1442">
    <p class='ocr_par' dir='ltr' id='par_1_32' title="bbox 110 1405 895 1442">
     <span class='ocr_line' id='line_1_32' title="bbox 110 1405 895 1442; baseline 0.003 -10"><span class='ocrx_word' id='word_1_213' title='bbox 110 1406 214 1433; x_wconf 81' lang='grc' dir='ltr'>τοιάνδε</span> <span class='ocrx_word' id='word_1_214' title='bbox 230 1406 382 1441; x_wconf 77' lang='grc' dir='ltr'>ἐκεχειρίαν</span> <span class='ocrx_word' id='word_1_215' title='bbox 397 1405 479 1432; x_wconf 84' lang='grc' dir='ltr'>παντὶ</span> <span class='ocrx_word' id='word_1_216' title='bbox 494 1406 587 1441; x_wconf 82' lang='grc' dir='ltr'>τρόπῳ</span> <span class='ocrx_word' id='word_1_217' title='bbox 608 1406 782 1441; x_wconf 84' lang='grc' dir='ltr'>ποιήσασθαι.</span> <span class='ocrx_word' id='word_1_218' title='bbox 802 1408 895 1442; x_wconf 85' lang='grc' dir='ltr'>Παρα-</span> 
     </span>
    </p>
   </div>
   <div class='ocr_carea' id='block_1_33' title="bbox 112 1451 893 1487">
    <p class='ocr_par' dir='ltr' id='par_1_33' title="bbox 112 1451 893 1487">
     <span class='ocr_line' id='line_1_33' title="bbox 112 1451 893 1487; baseline 0 -9"><span class='ocrx_word' id='word_1_219' title='bbox 112 1453 249 1487; x_wconf 82' lang='grc' dir='ltr'>γενόμενοι</span> <span class='ocrx_word' id='word_1_220' title='bbox 265 1452 354 1479; x_wconf 83' lang='grc' dir='ltr'>τοίνυν</span> <span class='ocrx_word' id='word_1_221' title='bbox 367 1452 392 1478; x_wconf 84' lang='lat' dir='ltr'><strong>ol</strong></span> <span class='ocrx_word' id='word_1_222' title='bbox 403 1451 533 1487; x_wconf 85' lang='grc' dir='ltr'>πρέσϐεις</span> <span class='ocrx_word' id='word_1_223' title='bbox 545 1452 614 1487; x_wconf 79' lang='grc' dir='ltr'>πρὸς</span> <span class='ocrx_word' id='word_1_224' title='bbox 635 1451 749 1487; x_wconf 82' lang='grc' dir='ltr'>βασιλέα</span> <span class='ocrx_word' id='word_1_225' title='bbox 767 1453 893 1486; x_wconf 88' lang='grc' dir='ltr'>Περσῶν,</span> 
     </span>
    </p>
   </div>
   <div class='ocr_carea' id='block_1_34' title="bbox 112 1498 893 1534">
    <p class='ocr_par' dir='ltr' id='par_1_34' title="bbox 112 1498 893 1534">
     <span class='ocr_line' id='line_1_34' title="bbox 112 1498 893 1534; baseline 0.001 -10"><span class='ocrx_word' id='word_1_226' title='bbox 112 1499 140 1529; x_wconf 78' lang='grc' dir='ltr'><strong>ἐς</strong></span> <span class='ocrx_word' id='word_1_227' title='bbox 156 1498 302 1533; x_wconf 74' lang='grc' dir='ltr'>ἐκκλησίαν</span> <span class='ocrx_word' id='word_1_228' title='bbox 324 1507 353 1525; x_wconf 88' lang='grc' dir='ltr'><strong>τε</strong></span> <span class='ocrx_word' id='word_1_229' title='bbox 384 1498 577 1530; x_wconf 83' lang='grc' dir='ltr'>καταστάντες,</span> <span class='ocrx_word' id='word_1_230' title='bbox 593 1498 721 1534; x_wconf 79' lang='grc' dir='ltr'>ἐλεξάτην</span> <span class='ocrx_word' id='word_1_231' title='bbox 740 1499 893 1525; x_wconf 85' lang='grc' dir='ltr'>τοιάδε³.--</span> 
     </span>
    </p>
   </div>
   <div class='ocr_carea' id='block_1_35' title="bbox 113 1544 892 1580">
    <p class='ocr_par' dir='ltr' id='par_1_35' title="bbox 113 1544 892 1580">
     <span class='ocr_line' id='line_1_35' title="bbox 113 1544 892 1580; baseline 0 -9"><span class='ocrx_word' id='word_1_232' title='bbox 113 1544 220 1571; x_wconf 82' lang='grc' dir='ltr'>Πολλῶν</span> <span class='ocrx_word' id='word_1_233' title='bbox 235 1544 263 1571; x_wconf 76' lang='grc' dir='ltr'>δὲ</span> <span class='ocrx_word' id='word_1_234' title='bbox 277 1545 463 1579; x_wconf 84' lang='grc' dir='ltr'>κεκινημένων</span> <span class='ocrx_word' id='word_1_235' title='bbox 476 1545 573 1579; x_wconf 89' lang='grc' dir='ltr'>λόγων,</span> <span class='ocrx_word' id='word_1_236' title='bbox 587 1544 635 1571; x_wconf 80' lang='grc' dir='ltr'><strong>καὶ</strong></span> <span class='ocrx_word' id='word_1_237' title='bbox 649 1545 703 1571; x_wconf 85' lang='grc' dir='ltr'><strong>τῶν</strong></span> <span class='ocrx_word' id='word_1_238' title='bbox 717 1544 766 1579; x_wconf 82' lang='grc' dir='ltr'>μὲν</span> <span class='ocrx_word' id='word_1_239' title='bbox 780 1545 892 1580; x_wconf 87' lang='grc' dir='ltr'>Περσῶν</span> 
     </span>
    </p>
   </div>
   <div class='ocr_carea' id='block_1_36' title="bbox 114 1590 893 1626">
    <p class='ocr_par' dir='ltr' id='par_1_36' title="bbox 114 1590 893 1626">
     <span class='ocr_line' id='line_1_36' title="bbox 114 1590 893 1626; baseline 0.003 -10"><span class='ocrx_word' id='word_1_240' title='bbox 114 1591 284 1626; x_wconf 75' lang='grc' dir='ltr'>μακροτέραν</span> <span class='ocrx_word' id='word_1_241' title='bbox 297 1590 433 1617; x_wconf 75' lang='grc' dir='ltr'>ποιεῖσθαι</span> <span class='ocrx_word' id='word_1_242' title='bbox 451 1590 500 1625; x_wconf 87' lang='grc' dir='ltr'>τὴν</span> <span class='ocrx_word' id='word_1_243' title='bbox 515 1590 629 1626; x_wconf 76' lang='grc' dir='ltr'>εἰρήνην</span> <span class='ocrx_word' id='word_1_244' title='bbox 649 1590 774 1626; x_wconf 76' lang='grc' dir='ltr'>ἱεμένων,</span> <span class='ocrx_word' id='word_1_245' title='bbox 790 1591 853 1626; x_wconf 79' lang='grc' dir='ltr'>ἄχρι</span> <span class='ocrx_word' id='word_1_246' title='bbox 865 1592 893 1618; x_wconf 78' lang='grc' dir='ltr'>δὲ</span> 
     </span>
    </p>
   </div>
   <div class='ocr_carea' id='block_1_37' title="bbox 114 1635 894 1671">
    <p class='ocr_par' dir='ltr' id='par_1_37' title="bbox 114 1635 894 1671">
     <span class='ocr_line' id='line_1_37' title="bbox 114 1635 894 1671; baseline 0 -8"><span class='ocrx_word' id='word_1_247' title='bbox 114 1637 190 1663; x_wconf 75' lang='grc' dir='ltr'>πέντε</span> <span class='ocrx_word' id='word_1_248' title='bbox 215 1635 345 1663; x_wconf 74' lang='grc' dir='ltr'>ἐνιαυτῶν</span> <span class='ocrx_word' id='word_1_249' title='bbox 368 1635 493 1670; x_wconf 85' lang='grc' dir='ltr'>βεϐαιοῦν</span> <span class='ocrx_word' id='word_1_250' title='bbox 514 1635 564 1671; x_wconf 78' lang='grc' dir='ltr'>τὴν</span> <span class='ocrx_word' id='word_1_251' title='bbox 588 1636 762 1671; x_wconf 79' lang='grc' dir='ltr'>ἐκεχειρίαν,</span> <span class='ocrx_word' id='word_1_252' title='bbox 787 1636 842 1663; x_wconf 88' lang='grc' dir='ltr'><strong>τῶν</strong></span> <span class='ocrx_word' id='word_1_253' title='bbox 865 1637 894 1664; x_wconf 82' lang='grc' dir='ltr'><strong>δέ</strong></span> 
     </span>
    </p>
   </div>
   <div class='ocr_carea' id='block_1_38' title="bbox 115 1679 894 1717">
    <p class='ocr_par' dir='ltr' id='par_1_38' title="bbox 115 1679 894 1717">
     <span class='ocr_line' id='line_1_38' title="bbox 115 1679 894 1717; baseline 0.001 -9"><span class='ocrx_word' id='word_1_254' title='bbox 115 1681 259 1716; x_wconf 81' lang='grc' dir='ltr'>Ῥωμαίων</span> <span class='ocrx_word' id='word_1_255' title='bbox 272 1682 445 1717; x_wconf 87' lang='grc' dir='ltr'>τριετηρίδας</span> <span class='ocrx_word' id='word_1_256' title='bbox 470 1679 540 1709; x_wconf 75' lang='grc' dir='ltr'>εἶναι</span> <span class='ocrx_word' id='word_1_257' title='bbox 556 1681 726 1717; x_wconf 80' lang='grc' dir='ltr'>βουλομένων</span> <span class='ocrx_word' id='word_1_258' title='bbox 744 1682 794 1714; x_wconf 82' lang='grc' dir='ltr'>τὰς</span> <span class='ocrx_word' id='word_1_259' title='bbox 814 1691 894 1710; x_wconf 85' lang='grc' dir='ltr'>σπον-</span> 
     </span>
    </p>
   </div>
   <div class='ocr_carea' id='block_1_39' title="bbox 111 1727 895 1762">
    <p class='ocr_par' dir='ltr' id='par_1_39' title="bbox 111 1727 895 1762">
     <span class='ocr_line' id='line_1_39' title="bbox 111 1727 895 1762; baseline 0.003 -9"><span class='ocrx_word' id='word_1_260' title='bbox 111 1727 167 1760; x_wconf 72' lang='grc' dir='ltr'>δὰς,</span> <span class='ocrx_word' id='word_1_261' title='bbox 186 1727 262 1758; x_wconf 74' lang='grc' dir='ltr'>τέλος</span> <span class='ocrx_word' id='word_1_262' title='bbox 284 1727 356 1754; x_wconf 77' lang='grc' dir='ltr'>οῦτ’⁸</span> <span class='ocrx_word' id='word_1_263' title='bbox 372 1727 483 1762; x_wconf 83' lang='grc' dir='ltr'>ι’σχυσαν</span> <span class='ocrx_word' id='word_1_264' title='bbox 505 1727 531 1754; x_wconf 83' lang='grc' dir='ltr'><strong>οἰ</strong></span> <span class='ocrx_word' id='word_1_265' title='bbox 558 1727 698 1762; x_wconf 86' lang='grc' dir='ltr'>πρέσϐεις.</span> <span class='ocrx_word' id='word_1_266' title='bbox 715 1728 787 1755; x_wconf 83' lang='grc' dir='ltr'>καθὰ</span> <span class='ocrx_word' id='word_1_267' title='bbox 801 1729 895 1755; x_wconf 77' lang='grc' dir='ltr'>ἐπετέ-</span> 
     </span>
    </p>
   </div>
   <div class='ocr_carea' id='block_1_40' title="bbox 111 1771 893 1807">
    <p class='ocr_par' dir='ltr' id='par_1_40' title="bbox 111 1771 893 1807">
     <span class='ocr_line' id='line_1_40' title="bbox 111 1771 893 1807; baseline 0.001 -9"><span class='ocrx_word' id='word_1_268' title='bbox 111 1780 223 1807; x_wconf 79' lang='grc' dir='ltr'>τραπτο,</span> <span class='ocrx_word' id='word_1_269' title='bbox 239 1773 309 1806; x_wconf 67' lang='grc' dir='ltr'>σφᾶς</span> <span class='ocrx_word' id='word_1_270' title='bbox 324 1772 487 1807; x_wconf 87' lang='grc' dir='ltr'>ποιήσασθαι</span> <span class='ocrx_word' id='word_1_271' title='bbox 499 1771 549 1804; x_wconf 84' lang='grc' dir='ltr'>τὰς</span> <span class='ocrx_word' id='word_1_272' title='bbox 567 1772 713 1807; x_wconf 74' lang='grc' dir='ltr'>συνθήκαςο</span> <span class='ocrx_word' id='word_1_273' title='bbox 730 1772 776 1799; x_wconf 81' lang='grc' dir='ltr'>ἐπὶ</span> <span class='ocrx_word' id='word_1_274' title='bbox 790 1773 869 1799; x_wconf 81' lang='grc' dir='ltr'>πέντε</span> <span class='ocrx_word' id='word_1_275' title='bbox 883 1774 893 1789; x_wconf 84' lang='grc'><strong><em>⁵</em></strong></span> 
     </span>
    </p>
   </div>
   <div class='ocr_carea' id='block_1_41' title="bbox 111 1814 893 1854">
    <p class='ocr_par' dir='ltr' id='par_1_41' title="bbox 111 1814 893 1854">
     <span class='ocr_line' id='line_1_41' title="bbox 111 1814 893 1854; baseline 0 -10"><span class='ocrx_word' id='word_1_276' title='bbox 111 1818 248 1849; x_wconf 73' lang='grc' dir='ltr'>ἐνιαυτοὺς</span> <span class='ocrx_word' id='word_1_277' title='bbox 275 1814 346 1844; x_wconf 74' lang='grc' dir='ltr'>εἶναι</span> <span class='ocrx_word' id='word_1_278' title='bbox 381 1817 540 1852; x_wconf 79' lang='grc' dir='ltr'>ἐρρωμένας</span> <span class='ocrx_word' id='word_1_279' title='bbox 575 1818 722 1852; x_wconf 85' lang='grc' dir='ltr'>συνήρεσεν</span> <span class='ocrx_word' id='word_1_280' title='bbox 750 1818 893 1854; x_wconf 61' lang='grc' dir='ltr'>ἀμφοτέρα</span> 
     </span>
    </p>
   </div>
   <div class='ocr_carea' id='block_1_42' title="bbox 91 1858 894 1899">
    <p class='ocr_par' dir='ltr' id='par_1_42' title="bbox 91 1858 894 1899">
     <span class='ocr_line' id='line_1_42' title="bbox 91 1858 894 1899; baseline 0.001 -10"><span class='ocrx_word' id='word_1_281' title='bbox 91 1858 95 1861; x_wconf 27' lang='grc' dir='ltr'><strong>Δ</strong></span> <span class='ocrx_word' id='word_1_282' title='bbox 113 1863 247 1898; x_wconf 78' lang='grc' dir='ltr'>πολιτείᾳ,</span> <span class='ocrx_word' id='word_1_283' title='bbox 265 1861 335 1889; x_wconf 84' lang='grc' dir='ltr'>κατὰ</span> <span class='ocrx_word' id='word_1_284' title='bbox 350 1862 382 1898; x_wconf 82' lang='grc' dir='ltr'>δὴ</span> <span class='ocrx_word' id='word_1_285' title='bbox 397 1863 446 1897; x_wconf 83' lang='grc' dir='ltr'>τὴν</span> <span class='ocrx_word' id='word_1_286' title='bbox 460 1862 520 1889; x_wconf 81' lang='grc' dir='ltr'><strong>’Ἕω</strong></span> <span class='ocrx_word' id='word_1_287' title='bbox 534 1863 624 1898; x_wconf 85' lang='grc' dir='ltr'>μόνον,</span> <span class='ocrx_word' id='word_1_288' title='bbox 639 1863 786 1898; x_wconf 81' lang='grc' dir='ltr'>τριάκοντά</span> <span class='ocrx_word' id='word_1_289' title='bbox 807 1871 838 1890; x_wconf 87' lang='grc' dir='ltr'><strong>τε</strong></span> <span class='ocrx_word' id='word_1_290' title='bbox 852 1872 894 1899; x_wconf 89' lang='grc' dir='ltr'>χι-</span> 
     </span>
    </p>
   </div>
   <div class='ocr_carea' id='block_1_43' title="bbox 111 1906 893 1943">
    <p class='ocr_par' dir='ltr' id='par_1_43' title="bbox 111 1906 893 1943">
     <span class='ocr_line' id='line_1_43' title="bbox 111 1906 893 1943; baseline 0.003 -10"><span class='ocrx_word' id='word_1_291' title='bbox 111 1908 203 1939; x_wconf 75' lang='grc' dir='ltr'>λιάδας</span> <span class='ocrx_word' id='word_1_292' title='bbox 223 1907 399 1943; x_wconf 80' lang='grc' dir='ltr'>νομισμάτων</span> <span class='ocrx_word' id='word_1_293' title='bbox 419 1907 529 1943; x_wconf 86' lang='grc' dir='ltr'>χρυσῶν</span> <span class='ocrx_word' id='word_1_294' title='bbox 544 1907 719 1935; x_wconf 82' lang='grc' dir='ltr'>κατατιθέναι</span> <span class='ocrx_word' id='word_1_295' title='bbox 741 1906 893 1943; x_wconf 75' lang='grc' dir='ltr'>Ῥωμαίους</span> 
     </span>
    </p>
   </div>
   <div class='ocr_carea' id='block_1_44' title="bbox 112 1951 893 1989">
    <p class='ocr_par' dir='ltr' id='par_1_44' title="bbox 112 1951 893 1989">
     <span class='ocr_line' id='line_1_44' title="bbox 112 1951 893 1989; baseline 0.003 -10"><span class='ocrx_word' id='word_1_296' title='bbox 112 1953 166 1979; x_wconf 70' lang='grc' dir='ltr'>ἐπει</span> <span class='ocrx_word' id='word_1_297' title='bbox 181 1952 300 1988; x_wconf 78' lang='grc' dir='ltr'>ἑκάστῳ.</span> <span class='ocrx_word' id='word_1_298' title='bbox 316 1952 453 1988; x_wconf 84' lang='grc' dir='ltr'>Ξννήρεσε</span> <span class='ocrx_word' id='word_1_299' title='bbox 472 1951 501 1978; x_wconf 77' lang='grc' dir='ltr'><strong>δέ</strong></span> <span class='ocrx_word' id='word_1_300' title='bbox 519 1952 553 1980; x_wconf 86' lang='grc' dir='ltr'>τὰ</span> <span class='ocrx_word' id='word_1_301' title='bbox 568 1953 669 1986; x_wconf 85' lang='grc' dir='ltr'>τοιάδε,</span> <span class='ocrx_word' id='word_1_302' title='bbox 685 1955 709 1980; x_wconf 87' lang='grc' dir='ltr'><strong>εί</strong></span> <span class='ocrx_word' id='word_1_303' title='bbox 730 1953 859 1989; x_wconf 84' lang='grc' dir='ltr'>βασιλεὺς</span> <span class='ocrx_word' id='word_1_304' title='bbox 879 1956 893 1982; x_wconf 85' lang='grc' dir='ltr'><strong>ό</strong></span> 
     </span>
    </p>
   </div>
   <div class='ocr_carea' id='block_1_45' title="bbox 126 1998 477 2034">
    <p class='ocr_par' dir='ltr' id='par_1_45' title="bbox 126 1998 477 2034">
     <span class='ocr_line' id='line_1_45' title="bbox 126 1998 477 2034; baseline 0.003 -9"><span class='ocrx_word' id='word_1_305' title='bbox 126 1999 259 2034; x_wconf 81' lang='grc' dir='ltr'>Ρωμαίων</span> <span class='ocrx_word' id='word_1_306' title='bbox 273 1998 477 2034; x_wconf 78' lang='grc' dir='ltr'>ἐπιψηφίσοιτο.</span> 
     </span>
    </p>
   </div>
   <div class='ocr_carea' id='block_1_46' title="bbox 148 2043 893 2080">
    <p class='ocr_par' dir='ltr' id='par_1_46' title="bbox 148 2043 893 2080">
     <span class='ocr_line' id='line_1_46' title="bbox 148 2043 893 2080; baseline 0.004 -11"><span class='ocrx_word' id='word_1_307' title='bbox 148 2043 187 2078; x_wconf 84' lang='grc' dir='ltr'>ιβ.</span> <span class='ocrx_word' id='word_1_308' title='bbox 204 2043 266 2070; x_wconf 80' lang='grc' dir='ltr'>Ὀτι</span> <span class='ocrx_word' id='word_1_309' title='bbox 292 2043 384 2079; x_wconf 81' lang='grc' dir='ltr'>ἐπειδὴ</span> <span class='ocrx_word' id='word_1_310' title='bbox 408 2044 526 2080; x_wconf 76' lang='grc' dir='ltr'>Τιϐερίῳ</span> <span class='ocrx_word' id='word_1_311' title='bbox 550 2045 601 2080; x_wconf 75' lang='grc' dir='ltr'><strong>ἤδη</strong></span> <span class='ocrx_word' id='word_1_312' title='bbox 621 2044 657 2071; x_wconf 86' lang='grc' dir='ltr'>τὰ</span> <span class='ocrx_word' id='word_1_313' title='bbox 681 2044 732 2079; x_wconf 85' lang='grc' dir='ltr'>τῆς</span> <span class='ocrx_word' id='word_1_314' title='bbox 756 2044 893 2078; x_wconf 84' lang='grc' dir='ltr'>πολιτείας</span> 
     </span>
    </p>
   </div>
   <div class='ocr_carea' id='block_1_47' title="bbox 113 2089 893 2126">
    <p class='ocr_par' dir='ltr' id='par_1_47' title="bbox 113 2089 893 2126">
     <span class='ocr_line' id='line_1_47' title="bbox 113 2089 893 2126; baseline 0.003 -11"><span class='ocrx_word' id='word_1_315' title='bbox 113 2089 287 2124; x_wconf 71' lang='grc' dir='ltr'>περιεκέχυτο</span> <span class='ocrx_word' id='word_1_316' title='bbox 303 2089 463 2125; x_wconf 82' lang='grc' dir='ltr'>πράγματα,</span> <span class='ocrx_word' id='word_1_317' title='bbox 486 2090 620 2126; x_wconf 79' lang='grc' dir='ltr'>Τραϊανός</span> <span class='ocrx_word' id='word_1_318' title='bbox 634 2098 664 2117; x_wconf 85' lang='grc' dir='ltr'><strong>τε</strong></span> <span class='ocrx_word' id='word_1_319' title='bbox 680 2090 727 2117; x_wconf 73' lang='grc' dir='ltr'>καὶ</span> <span class='ocrx_word' id='word_1_320' title='bbox 754 2091 893 2126; x_wconf 84' lang='grc' dir='ltr'>Ζαχαρίας</span> 
     </span>
    </p>
   </div>
   <div class='ocr_carea' id='block_1_48' title="bbox 111 2134 892 2171">
    <p class='ocr_par' dir='ltr' id='par_1_48' title="bbox 111 2134 892 2171">
     <span class='ocr_line' id='line_1_48' title="bbox 111 2134 892 2171; baseline 0.004 -12"><span class='ocrx_word' id='word_1_321' title='bbox 111 2134 148 2168; x_wconf 78' lang='grc' dir='ltr'>τῷ</span> <span class='ocrx_word' id='word_1_322' title='bbox 167 2135 280 2170; x_wconf 82' lang='grc' dir='ltr'>πρέσϐει</span> <span class='ocrx_word' id='word_1_323' title='bbox 305 2134 343 2166; x_wconf 84' lang='grc' dir='ltr'>ὼς</span> <span class='ocrx_word' id='word_1_324' title='bbox 365 2135 446 2162; x_wconf 78' lang='grc' dir='ltr'>αὑτὸν</span> <span class='ocrx_word' id='word_1_325' title='bbox 467 2135 655 2170; x_wconf 78' lang='grc' dir='ltr'>ἐγεγράφεσαν</span> <span class='ocrx_word' id='word_1_326' title='bbox 669 2136 680 2151; x_wconf 76' lang='grc'>⁸</span> <span class='ocrx_word' id='word_1_327' title='bbox 693 2135 730 2171; x_wconf 85' lang='grc' dir='ltr'><strong>μὴ</strong></span> <span class='ocrx_word' id='word_1_328' title='bbox 749 2135 892 2171; x_wconf 77' lang='grc' dir='ltr'>βούλεσθαι</span> 
     </span>
    </p>
   </div>
   <div class='ocr_carea' id='block_1_49' title="bbox 112 2179 891 2217">
    <p class='ocr_par' dir='ltr' id='par_1_49' title="bbox 112 2179 891 2217">
     <span class='ocr_line' id='line_1_49' title="bbox 112 2179 891 2217; baseline 0.004 -11"><span class='ocrx_word' id='word_1_329' title='bbox 112 2180 217 2215; x_wconf 78' lang='grc' dir='ltr'>Πέρσας</span> <span class='ocrx_word' id='word_1_330' title='bbox 232 2179 297 2216; x_wconf 74' lang='grc' dir='ltr'>ἄχρι</span> <span class='ocrx_word' id='word_1_331' title='bbox 313 2180 397 2216; x_wconf 86' lang='grc' dir='ltr'>τριῶν</span> <span class='ocrx_word' id='word_1_332' title='bbox 411 2180 480 2207; x_wconf 81' lang='grc' dir='ltr'>ἐτῶν</span> <span class='ocrx_word' id='word_1_333' title='bbox 497 2181 662 2216; x_wconf 76' lang='grc' dir='ltr'>ποιήσασθαι</span> <span class='ocrx_word' id='word_1_334' title='bbox 676 2181 726 2213; x_wconf 82' lang='grc' dir='ltr'><strong>τὰς</strong></span> <span class='ocrx_word' id='word_1_335' title='bbox 745 2181 891 2217; x_wconf 78' lang='grc' dir='ltr'>ξυνθήκας,</span> 
     </span>
    </p>
   </div>
   <div class='ocr_carea' id='block_1_50' title="bbox 112 2223 889 2260">
    <p class='ocr_par' dir='ltr' id='par_1_50' title="bbox 112 2223 889 2260">
     <span class='ocr_line' id='line_1_50' title="bbox 112 2223 889 2260; baseline 0.005 -10"><span class='ocrx_word' id='word_1_336' title='bbox 112 2225 321 2260; x_wconf 83' lang='grc' dir='ltr'>πενταετηρίδας</span> <span class='ocrx_word' id='word_1_337' title='bbox 335 2225 363 2252; x_wconf 82' lang='grc' dir='ltr'>δὲ</span> <span class='ocrx_word' id='word_1_338' title='bbox 379 2223 449 2252; x_wconf 80' lang='grc' dir='ltr'>εἶναι</span> <span class='ocrx_word' id='word_1_339' title='bbox 469 2225 581 2260; x_wconf 82' lang='grc' dir='ltr'>μᾶλλον.</span> <span class='ocrx_word' id='word_1_340' title='bbox 600 2227 653 2253; x_wconf 75' lang='grc' dir='ltr'><strong>Καὶ</strong></span> <span class='ocrx_word' id='word_1_341' title='bbox 671 2227 721 2253; x_wconf 83' lang='grc' dir='ltr'>οὐκ</span> <span class='ocrx_word' id='word_1_342' title='bbox 743 2227 889 2260; x_wconf 86' lang='grc' dir='ltr'>ἐπινεύσας</span> 
     </span>
    </p>
   </div>
   <div class='ocr_carea' id='block_1_51' title="bbox 112 2270 890 2309">
    <p class='ocr_par' dir='ltr' id='par_1_51' title="bbox 112 2270 890 2309">
     <span class='ocr_line' id='line_1_51' title="bbox 112 2270 890 2309; baseline 0.003 -12"><span class='ocrx_word' id='word_1_343' title='bbox 112 2270 150 2307; x_wconf 87' lang='grc' dir='ltr'><strong>(οὺ</strong></span> <span class='ocrx_word' id='word_1_344' title='bbox 169 2271 223 2306; x_wconf 83' lang='grc' dir='ltr'>γὰρ</span> <span class='ocrx_word' id='word_1_345' title='bbox 248 2271 329 2298; x_wconf 75' lang='grc' dir='ltr'>αὑτὸν</span> <span class='ocrx_word' id='word_1_346' title='bbox 355 2271 456 2306; x_wconf 76' lang='grc' dir='ltr'>ἤρεσκε</span> <span class='ocrx_word' id='word_1_347' title='bbox 482 2272 654 2307; x_wconf 84' lang='grc' dir='ltr'>μακροτέραν</span> <span class='ocrx_word' id='word_1_348' title='bbox 679 2273 815 2300; x_wconf 85' lang='grc' dir='ltr'>ποιεῖσθαι</span> <span class='ocrx_word' id='word_1_349' title='bbox 841 2273 890 2309; x_wconf 81' lang='grc' dir='ltr'>τὴν</span> 
     </span>
    </p>
   </div>
   <div class='ocr_carea' id='block_1_52' title="bbox 112 2314 890 2353">
    <p class='ocr_par' dir='ltr' id='par_1_52' title="bbox 112 2314 890 2353">
     <span class='ocr_line' id='line_1_52' title="bbox 112 2314 890 2353; baseline 0.006 -13"><span class='ocrx_word' id='word_1_350' title='bbox 112 2314 285 2351; x_wconf 79' lang='grc' dir='ltr'>ἐκεχειρίαν).</span> <span class='ocrx_word' id='word_1_351' title='bbox 302 2316 449 2351; x_wconf 86' lang='grc' dir='ltr'>ἐσήμαινεν</span> <span class='ocrx_word' id='word_1_352' title='bbox 461 2316 500 2348; x_wconf 84' lang='grc' dir='ltr'>ὡς</span> <span class='ocrx_word' id='word_1_353' title='bbox 515 2317 613 2348; x_wconf 75' lang='grc' dir='ltr'>αὐτοὺς</span> <span class='ocrx_word' id='word_1_354' title='bbox 632 2317 748 2352; x_wconf 77' lang='grc' dir='ltr'>μάλιστα</span> <span class='ocrx_word' id='word_1_355' title='bbox 761 2318 810 2353; x_wconf 86' lang='grc' dir='ltr'><strong>μέν</strong></span> <span class='ocrx_word' id='word_1_356' title='bbox 826 2318 890 2353; x_wconf 82' lang='grc' dir='ltr'>ἄχρι</span> 
     </span>
    </p>
   </div>
   <div class='ocr_carea' id='block_1_53' title="bbox 111 2360 890 2397">
    <p class='ocr_par' dir='ltr' id='par_1_53' title="bbox 111 2360 890 2397">
     <span class='ocr_line' id='line_1_53' title="bbox 111 2360 890 2397; baseline 0.004 -10"><span class='ocrx_word' id='word_1_357' title='bbox 111 2360 155 2387; x_wconf 77' lang='grc' dir='ltr'>δύο</span> <span class='ocrx_word' id='word_1_358' title='bbox 166 2361 294 2388; x_wconf 85' lang='grc' dir='ltr'>ἐνιαυτῶν</span> <span class='ocrx_word' id='word_1_359' title='bbox 309 2361 358 2394; x_wconf 85' lang='grc' dir='ltr'><strong>τὰς</strong></span> <span class='ocrx_word' id='word_1_360' title='bbox 374 2362 481 2389; x_wconf 80' lang='grc' dir='ltr'>τοιάσδε</span> <span class='ocrx_word' id='word_1_361' title='bbox 495 2362 642 2397; x_wconf 84' lang='grc' dir='ltr'>βεϐαιῶσαι</span> <span class='ocrx_word' id='word_1_362' title='bbox 659 2363 776 2394; x_wconf 82' lang='grc' dir='ltr'>σπονδάς</span> <span class='ocrx_word' id='word_1_363' title='bbox 788 2371 797 2380; x_wconf 71' lang='grc' dir='ltr'><strong><em>ο</em></strong></span> <span class='ocrx_word' id='word_1_364' title='bbox 819 2364 843 2390; x_wconf 81' lang='grc' dir='ltr'><strong>εἰ</strong></span> <span class='ocrx_word' id='word_1_365' title='bbox 863 2364 890 2390; x_wconf 86' lang='grc' dir='ltr'><strong>δέ</strong></span> 
     </span>
    </p>
   </div>
   <div class='ocr_carea' id='block_1_54' title="bbox 111 2405 891 2445">
    <p class='ocr_par' dir='ltr' id='par_1_54' title="bbox 111 2405 891 2445">
     <span class='ocr_line' id='line_1_54' title="bbox 111 2405 891 2445; baseline 0.006 -14"><span class='ocrx_word' id='word_1_366' title='bbox 111 2414 141 2439; x_wconf 80' lang='grc' dir='ltr'>γε</span> <span class='ocrx_word' id='word_1_367' title='bbox 152 2405 267 2432; x_wconf 82' lang='grc' dir='ltr'>ἀδύνατα</span> <span class='ocrx_word' id='word_1_368' title='bbox 285 2407 382 2442; x_wconf 73' lang='grc' dir='ltr'>ἔχοιεν,</span> <span class='ocrx_word' id='word_1_369' title='bbox 400 2408 555 2444; x_wconf 77' lang='grc' dir='ltr'>περαιτέρω</span> <span class='ocrx_word' id='word_1_370' title='bbox 573 2408 610 2444; x_wconf 81' lang='grc' dir='ltr'>μὴ</span> <span class='ocrx_word' id='word_1_371' title='bbox 624 2408 767 2441; x_wconf 79' lang='grc' dir='ltr'>ἀνέξεσθαι</span> <span class='ocrx_word' id='word_1_372' title='bbox 784 2409 801 2445; x_wconf 82' lang='grc' dir='ltr'>ἢ</span> <span class='ocrx_word' id='word_1_373' title='bbox 817 2417 891 2445; x_wconf 86' lang='grc' dir='ltr'>τριε-</span> 
     </span>
    </p>
   </div>
   <div class='ocr_carea' id='block_1_55' title="bbox 110 2452 892 2490">
    <p class='ocr_par' dir='ltr' id='par_1_55' title="bbox 110 2452 892 2490">
     <span class='ocr_line' id='line_1_55' title="bbox 110 2452 892 2490; baseline 0.005 -13"><span class='ocrx_word' id='word_1_374' title='bbox 110 2452 178 2482; x_wconf 78' lang='grc' dir='ltr'>τίας.</span> <span class='ocrx_word' id='word_1_375' title='bbox 202 2452 348 2487; x_wconf 86' lang='grc' dir='ltr'>Σταλείσης</span> <span class='ocrx_word' id='word_1_376' title='bbox 366 2453 394 2479; x_wconf 79' lang='grc' dir='ltr'><strong>δέ</strong></span> <span class='ocrx_word' id='word_1_377' title='bbox 412 2453 459 2480; x_wconf 82' lang='grc' dir='ltr'>οὖν</span> <span class='ocrx_word' id='word_1_378' title='bbox 475 2453 523 2489; x_wconf 81' lang='grc' dir='ltr'><strong>[ὡς</strong></span> <span class='ocrx_word' id='word_1_379' title='bbox 552 2452 575 2490; x_wconf 88' lang='grc'><strong>⁷]</strong></span> <span class='ocrx_word' id='word_1_380' title='bbox 599 2455 656 2486; x_wconf 88' lang='grc' dir='ltr'>τοῖς</span> <span class='ocrx_word' id='word_1_381' title='bbox 685 2454 816 2490; x_wconf 87' lang='grc' dir='ltr'>πρέσϐεσι</span> <span class='ocrx_word' id='word_1_382' title='bbox 842 2455 892 2490; x_wconf 79' lang='grc' dir='ltr'>τῆς</span> 
     </span>
    </p>
   </div>
   <div class='ocr_carea' id='block_1_56' title="bbox 110 2496 890 2535">
    <p class='ocr_par' dir='ltr' id='par_1_56' title="bbox 110 2496 890 2535">
     <span class='ocr_line' id='line_1_56' title="bbox 110 2496 890 2535; baseline 0.006 -13"><span class='ocrx_word' id='word_1_383' title='bbox 110 2496 211 2523; x_wconf 67' lang='grc' dir='ltr'>τιιᾶσδε</span> <span class='ocrx_word' id='word_1_384' title='bbox 236 2497 387 2532; x_wconf 73' lang='grc' dir='ltr'>ἐπιστολῆς,</span> <span class='ocrx_word' id='word_1_385' title='bbox 411 2499 458 2525; x_wconf 73' lang='grc' dir='ltr'>καὶ</span> <span class='ocrx_word' id='word_1_386' title='bbox 480 2499 512 2534; x_wconf 77' lang='grc' dir='ltr'>δὴ</span> <span class='ocrx_word' id='word_1_387' title='bbox 539 2499 746 2535; x_wconf 80' lang='grc' dir='ltr'>ἀναλεξαμένων</span> <span class='ocrx_word' id='word_1_388' title='bbox 769 2501 811 2527; x_wconf 80' lang='grc' dir='ltr'>ὅτι</span> <span class='ocrx_word' id='word_1_389' title='bbox 829 2501 890 2535; x_wconf 86' lang='grc' dir='ltr'>ἐδή-</span> 
     </span>
    </p>
   </div>
   <div class='ocr_carea' id='block_1_57' title="bbox 111 2541 890 2580">
    <p class='ocr_par' dir='ltr' id='par_1_57' title="bbox 111 2541 890 2580">
     <span class='ocr_line' id='line_1_57' title="bbox 111 2541 890 2580; baseline 0.008 -14"><span class='ocrx_word' id='word_1_390' title='bbox 111 2542 154 2567; x_wconf 78' lang='grc' dir='ltr'><strong>λου</strong></span> <span class='ocrx_word' id='word_1_391' title='bbox 171 2541 201 2567; x_wconf 66' lang='grc' dir='ltr'><strong>τὸ</strong></span> <span class='ocrx_word' id='word_1_392' title='bbox 218 2541 344 2577; x_wconf 83' lang='grc' dir='ltr'>γράμμα,</span> <span class='ocrx_word' id='word_1_393' title='bbox 362 2543 490 2569; x_wconf 85' lang='grc' dir='ltr'>Μεϐώδου</span> <span class='ocrx_word' id='word_1_394' title='bbox 514 2544 560 2570; x_wconf 78' lang='grc' dir='ltr'>ἐπὶ</span> <span class='ocrx_word' id='word_1_395' title='bbox 575 2544 660 2580; x_wconf 83' lang='grc' dir='ltr'>τούτῳ</span> <span class='ocrx_word' id='word_1_396' title='bbox 677 2545 843 2580; x_wconf 79' lang='grc' dir='ltr'>ἀφικομένου</span> <span class='ocrx_word' id='word_1_397' title='bbox 861 2546 890 2571; x_wconf 84' lang='grc' dir='ltr'><strong>ἐν</strong></span> 
     </span>
    </p>
   </div>
   <div class='ocr_carea' id='block_1_58' title="bbox 110 2585 890 2624">
    <p class='ocr_par' dir='ltr' id='par_1_58' title="bbox 110 2585 890 2624">
     <span class='ocr_line' id='line_1_58' title="bbox 110 2585 890 2624; baseline 0.008 -14"><span class='ocrx_word' id='word_1_398' title='bbox 110 2586 162 2616; x_wconf 81' lang='grc' dir='ltr'>τοῖς</span> <span class='ocrx_word' id='word_1_399' title='bbox 185 2585 256 2620; x_wconf 77' lang='grc' dir='ltr'>ἀμφὶ</span> <span class='ocrx_word' id='word_1_400' title='bbox 276 2585 307 2611; x_wconf 82' lang='grc' dir='ltr'><strong>τὸ</strong></span> <span class='ocrx_word' id='word_1_401' title='bbox 326 2586 416 2620; x_wconf 83' lang='grc' dir='ltr'>Δάρας</span> <span class='ocrx_word' id='word_1_402' title='bbox 444 2587 538 2622; x_wconf 81' lang='grc' dir='ltr'>ὁρίοις,</span> <span class='ocrx_word' id='word_1_403' title='bbox 567 2588 761 2624; x_wconf 81' lang='grc' dir='ltr'>αἰσθανομένου</span> <span class='ocrx_word' id='word_1_404' title='bbox 783 2589 793 2605; x_wconf 80' lang='grc'><strong><em>⁵</em></strong></span> <span class='ocrx_word' id='word_1_405' title='bbox 807 2597 837 2615; x_wconf 88' lang='grc' dir='ltr'><strong>τε</strong></span> <span class='ocrx_word' id='word_1_406' title='bbox 852 2589 890 2622; x_wconf 85' lang='grc' dir='ltr'><strong>ὡς</strong></span> 
     </span>
    </p>
   </div>
   <div class='ocr_carea' id='block_1_59' title="bbox 111 2631 889 2670">
    <p class='ocr_par' dir='ltr' id='par_1_59' title="bbox 111 2631 889 2670">
     <span class='ocr_line' id='line_1_59' title="bbox 111 2631 889 2670; baseline 0.006 -13"><span class='ocrx_word' id='word_1_407' title='bbox 111 2631 165 2664; x_wconf 55' lang='grc' dir='ltr'>ταῖς</span> <span class='ocrx_word' id='word_1_408' title='bbox 177 2631 227 2667; x_wconf 75' lang='grc' dir='ltr'>ἧδη</span> <span class='ocrx_word' id='word_1_409' title='bbox 243 2631 295 2658; x_wconf 79' lang='grc' dir='ltr'><strong>ὑπὸ</strong></span> <span class='ocrx_word' id='word_1_410' title='bbox 308 2632 443 2667; x_wconf 78' lang='grc' dir='ltr'>Τραϊανοῦ</span> <span class='ocrx_word' id='word_1_411' title='bbox 455 2634 502 2660; x_wconf 82' lang='grc' dir='ltr'>καὶ</span> <span class='ocrx_word' id='word_1_412' title='bbox 517 2634 651 2668; x_wconf 82' lang='grc' dir='ltr'>Ζαχαρίου</span> <span class='ocrx_word' id='word_1_413' title='bbox 667 2635 889 2670; x_wconf 82' lang='grc' dir='ltr'>δοκιμασθείσαις</span> 
     </span>
    </p>
   </div>
   <div class='ocr_carea' id='block_1_60' title="bbox 946 226 1730 262">
    <p class='ocr_par' dir='ltr' id='par_1_60' title="bbox 946 226 1730 262">
     <span class='ocr_line' id='line_1_60' title="bbox 946 226 1730 262; baseline 0.001 -9"><span class='ocrx_word' id='word_1_414' title='bbox 946 227 990 254; x_wconf 89' lang='lat' dir='ltr'><strong>ubi</strong></span> <span class='ocrx_word' id='word_1_415' title='bbox 1005 227 1037 253; x_wconf 87' lang='lat' dir='ltr'><strong>ad</strong></span> <span class='ocrx_word' id='word_1_416' title='bbox 1061 226 1160 255; x_wconf 84' lang='lat' dir='ltr'><strong>Persas</strong></span> <span class='ocrx_word' id='word_1_417' title='bbox 1180 227 1306 259; x_wconf 74' lang='lat' dir='ltr'><strong>accessit,</strong></span> <span class='ocrx_word' id='word_1_418' title='bbox 1325 226 1503 261; x_wconf 74' lang='lat' dir='ltr'><strong>quadraginta</strong></span> <span class='ocrx_word' id='word_1_419' title='bbox 1515 227 1634 262; x_wconf 90' lang='lat' dir='ltr'><strong>quinque</strong></span> <span class='ocrx_word' id='word_1_420' title='bbox 1648 227 1730 254; x_wconf 88' lang='lat' dir='ltr'><strong>millia</strong></span> 
     </span>
    </p>
   </div>
   <div class='ocr_carea' id='block_1_61' title="bbox 945 272 1728 307">
    <p class='ocr_par' dir='ltr' id='par_1_61' title="bbox 945 272 1728 307">
     <span class='ocr_line' id='line_1_61' title="bbox 945 272 1728 307; baseline -0.001 -8"><span class='ocrx_word' id='word_1_421' title='bbox 945 280 1087 300; x_wconf 83' lang='lat' dir='ltr'><strong>aureorum</strong></span> <span class='ocrx_word' id='word_1_422' title='bbox 1104 273 1176 300; x_wconf 88' lang='lat' dir='ltr'><strong>dedit</strong></span> <span class='ocrx_word' id='word_1_423' title='bbox 1191 277 1218 300; x_wconf 93' lang='lat' dir='ltr'><strong>et</strong></span> <span class='ocrx_word' id='word_1_424' title='bbox 1240 272 1364 299; x_wconf 78' lang='lat' dir='ltr'><strong>inducias</strong></span> <span class='ocrx_word' id='word_1_425' title='bbox 1388 280 1492 300; x_wconf 88' lang='lat' dir='ltr'><strong>annuas</strong></span> <span class='ocrx_word' id='word_1_426' title='bbox 1517 280 1564 307; x_wconf 88' lang='lat' dir='ltr'><strong>per</strong></span> <span class='ocrx_word' id='word_1_427' title='bbox 1590 272 1728 300; x_wconf 77' lang='lat' dir='ltr'><strong>Orientem</strong></span> 
     </span>
    </p>
   </div>
   <div class='ocr_carea' id='block_1_62' title="bbox 945 317 1732 352">
    <p class='ocr_par' dir='ltr' id='par_1_62' title="bbox 945 317 1732 352">
     <span class='ocr_line' id='line_1_62' title="bbox 945 317 1732 352; baseline -0.001 -8"><span class='ocrx_word' id='word_1_428' title='bbox 945 318 1018 350; x_wconf 79' lang='lat' dir='ltr'><strong>fecit,</strong></span> <span class='ocrx_word' id='word_1_429' title='bbox 1046 318 1196 352; x_wconf 82' lang='lat' dir='ltr'><strong>tantisper,</strong></span> <span class='ocrx_word' id='word_1_430' title='bbox 1220 322 1251 345; x_wconf 89' lang='lat' dir='ltr'><strong>ut</strong></span> <span class='ocrx_word' id='word_1_431' title='bbox 1272 317 1396 349; x_wconf 87' lang='lat' dir='ltr'><strong>dicebat,</strong></span> <span class='ocrx_word' id='word_1_432' title='bbox 1421 319 1483 344; x_wconf 87' lang='lat' dir='ltr'><strong>dum</strong></span> <span class='ocrx_word' id='word_1_433' title='bbox 1501 318 1534 344; x_wconf 87' lang='lat' dir='ltr'><strong>ab</strong></span> <span class='ocrx_word' id='word_1_434' title='bbox 1562 318 1732 351; x_wconf 70' lang='lat' dir='ltr'><strong>imperatriee</strong></span> 
     </span>
    </p>
   </div>
   <div class='ocr_carea' id='block_1_63' title="bbox 945 363 1730 397">
    <p class='ocr_par' dir='ltr' id='par_1_63' title="bbox 945 363 1730 397">
     <span class='ocr_line' id='line_1_63' title="bbox 945 363 1730 397; baseline 0.001 -8"><span class='ocrx_word' id='word_1_435' title='bbox 945 363 1080 390; x_wconf 79' lang='lat' dir='ltr'><strong>maximus</strong></span> <span class='ocrx_word' id='word_1_436' title='bbox 1092 363 1197 397; x_wconf 85' lang='lat' dir='ltr'><strong>legatus</strong></span> <span class='ocrx_word' id='word_1_437' title='bbox 1217 363 1378 395; x_wconf 77' lang='lat' dir='ltr'><strong>mitteretur,</strong></span> <span class='ocrx_word' id='word_1_438' title='bbox 1394 363 1438 397; x_wconf 91' lang='lat' dir='ltr'><strong>qui</strong></span> <span class='ocrx_word' id='word_1_439' title='bbox 1458 363 1491 389; x_wconf 88' lang='lat' dir='ltr'><strong>de</strong></span> <span class='ocrx_word' id='word_1_440' title='bbox 1505 364 1631 390; x_wconf 86' lang='lat' dir='ltr'><strong>omnibus</strong></span> <span class='ocrx_word' id='word_1_441' title='bbox 1648 363 1730 390; x_wconf 81' lang='lat' dir='ltr'><strong>rebus</strong></span> 
     </span>
    </p>
   </div>
   <div class='ocr_carea' id='block_1_64' title="bbox 945 407 1726 442">
    <p class='ocr_par' dir='ltr' id='par_1_64' title="bbox 945 407 1726 442">
     <span class='ocr_line' id='line_1_64' title="bbox 945 407 1726 442; baseline 0.003 -9"><span class='ocrx_word' id='word_1_442' title='bbox 945 408 1099 434; x_wconf 78' lang='lat' dir='ltr'><strong>accuratius</strong></span> <span class='ocrx_word' id='word_1_443' title='bbox 1114 411 1208 442; x_wconf 84' lang='lat' dir='ltr'><strong>ageret</strong></span> <span class='ocrx_word' id='word_1_444' title='bbox 1220 412 1247 435; x_wconf 89' lang='lat' dir='ltr'><strong>et</strong></span> <span class='ocrx_word' id='word_1_445' title='bbox 1263 407 1331 434; x_wconf 89' lang='lat' dir='ltr'><strong>bello</strong></span> <span class='ocrx_word' id='word_1_446' title='bbox 1344 407 1424 434; x_wconf 74' lang='lat' dir='ltr'><strong>finem</strong></span> <span class='ocrx_word' id='word_1_447' title='bbox 1439 408 1598 441; x_wconf 75' lang='lat' dir='ltr'><strong>imponeret.</strong></span> <span class='ocrx_word' id='word_1_448' title='bbox 1614 409 1637 434; x_wconf 86' lang='lat' dir='ltr'><strong>si</strong></span> <span class='ocrx_word' id='word_1_449' title='bbox 1657 408 1726 436; x_wconf 78' lang='lat' dir='ltr'><strong>forte</strong></span> 
     </span>
    </p>
   </div>
   <div class='ocr_carea' id='block_1_65' title="bbox 945 452 1724 485">
    <p class='ocr_par' dir='ltr' id='par_1_65' title="bbox 945 452 1724 485">
     <span class='ocr_line' id='line_1_65' title="bbox 945 452 1724 485; baseline 0.001 -6"><span class='ocrx_word' id='word_1_450' title='bbox 945 453 1027 480; x_wconf 82' lang='lat' dir='ltr'><strong>etiam</strong></span> <span class='ocrx_word' id='word_1_451' title='bbox 1042 453 1144 480; x_wconf 83' lang='lat' dir='ltr'><strong>interea</strong></span> <span class='ocrx_word' id='word_1_452' title='bbox 1176 453 1321 485; x_wconf 79' lang='lat' dir='ltr'><strong>accideret,</strong></span> <span class='ocrx_word' id='word_1_453' title='bbox 1335 457 1364 479; x_wconf 91' lang='lat' dir='ltr'><strong>ut</strong></span> <span class='ocrx_word' id='word_1_454' title='bbox 1379 452 1502 480; x_wconf 82' lang='lat' dir='ltr'><strong>Justinus</strong></span> <span class='ocrx_word' id='word_1_455' title='bbox 1515 454 1724 481; x_wconf 84' lang='lat' dir='ltr'><strong>convalesceret.</strong></span> 
     </span>
    </p>
   </div>
   <div class='ocr_carea' id='block_1_66' title="bbox 945 496 1729 532">
    <p class='ocr_par' dir='ltr' id='par_1_66' title="bbox 945 496 1729 532">
     <span class='ocr_line' id='line_1_66' title="bbox 945 496 1729 532; baseline 0.001 -9"><span class='ocrx_word' id='word_1_456' title='bbox 945 496 1037 532; x_wconf 87' lang='lat' dir='ltr'><strong>Itaque</strong></span> <span class='ocrx_word' id='word_1_457' title='bbox 1059 498 1084 524; x_wconf 92' lang='lat' dir='ltr'><strong>in</strong></span> <span class='ocrx_word' id='word_1_458' title='bbox 1110 496 1231 530; x_wconf 86' lang='lat' dir='ltr'><strong>Oriente,</strong></span> <span class='ocrx_word' id='word_1_459' title='bbox 1255 505 1307 532; x_wconf 88' lang='lat' dir='ltr'><strong>qua</strong></span> <span class='ocrx_word' id='word_1_460' title='bbox 1330 497 1459 524; x_wconf 78' lang='lat' dir='ltr'><strong>Romanis</strong></span> <span class='ocrx_word' id='word_1_461' title='bbox 1478 498 1600 531; x_wconf 84' lang='lat' dir='ltr'><strong>parebat,</strong></span> <span class='ocrx_word' id='word_1_462' title='bbox 1617 502 1729 532; x_wconf 81' lang='lat' dir='ltr'><strong>excepta</strong></span> 
     </span>
    </p>
   </div>
   <div class='ocr_carea' id='block_1_67' title="bbox 947 542 1729 577">
    <p class='ocr_par' dir='ltr' id='par_1_67' title="bbox 947 542 1729 577">
     <span class='ocr_line' id='line_1_67' title="bbox 947 542 1729 577; baseline -0.003 -7"><span class='ocrx_word' id='word_1_463' title='bbox 947 548 1036 570; x_wconf 89' lang='lat' dir='ltr'><strong>tamen</strong></span> <span class='ocrx_word' id='word_1_464' title='bbox 1046 542 1182 575; x_wconf 78' lang='lat' dir='ltr'><strong>Armenia,</strong></span> <span class='ocrx_word' id='word_1_465' title='bbox 1196 549 1245 577; x_wconf 87' lang='lat' dir='ltr'><strong>per</strong></span> <span class='ocrx_word' id='word_1_466' title='bbox 1255 549 1365 574; x_wconf 79' lang='lat' dir='ltr'><strong>annum,</strong></span> <span class='ocrx_word' id='word_1_467' title='bbox 1381 546 1411 569; x_wconf 93' lang='lat' dir='ltr'><strong>ut</strong></span> <span class='ocrx_word' id='word_1_468' title='bbox 1421 543 1455 569; x_wconf 85' lang='lat' dir='ltr'><strong>ab</strong></span> <span class='ocrx_word' id='word_1_469' title='bbox 1469 543 1552 570; x_wconf 81' lang='lat' dir='ltr'><strong>armis</strong></span> <span class='ocrx_word' id='word_1_470' title='bbox 1564 548 1729 576; x_wconf 79' lang='lat' dir='ltr'><strong>cessaretur,</strong></span> 
     </span>
    </p>
   </div>
   <div class='ocr_carea' id='block_1_68' title="bbox 946 587 1730 622">
    <p class='ocr_par' dir='ltr' id='par_1_68' title="bbox 946 587 1730 622">
     <span class='ocr_line' id='line_1_68' title="bbox 946 587 1730 622; baseline 0 -6"><span class='ocrx_word' id='word_1_471' title='bbox 946 593 986 616; x_wconf 88' lang='lat' dir='ltr'><strong>est</strong></span> <span class='ocrx_word' id='word_1_472' title='bbox 1013 593 1155 616; x_wconf 86' lang='lat' dir='ltr'><strong>statutum.</strong></span> <span class='ocrx_word' id='word_1_473' title='bbox 1174 588 1241 615; x_wconf 89' lang='lat' dir='ltr'><strong>Cum</strong></span> <span class='ocrx_word' id='word_1_474' title='bbox 1269 587 1349 622; x_wconf 81' lang='lat' dir='ltr'><strong>igitur</strong></span> <span class='ocrx_word' id='word_1_475' title='bbox 1375 588 1454 622; x_wconf 85' lang='lat' dir='ltr'><strong>hujus</strong></span> <span class='ocrx_word' id='word_1_476' title='bbox 1476 589 1512 615; x_wconf 77' lang='lat' dir='ltr'><strong>rei</strong></span> <span class='ocrx_word' id='word_1_477' title='bbox 1543 591 1730 617; x_wconf 86' lang='lat' dir='ltr'><strong>tantummodo</strong></span> 
     </span>
    </p>
   </div>
   <div class='ocr_carea' id='block_1_69' title="bbox 946 633 1730 668">
    <p class='ocr_par' dir='ltr' id='par_1_69' title="bbox 946 633 1730 668">
     <span class='ocr_line' id='line_1_69' title="bbox 946 633 1730 668; baseline 0.001 -8"><span class='ocrx_word' id='word_1_478' title='bbox 946 634 1142 668; x_wconf 76' lang='lat' dir='ltr'><strong>consequenda:</strong></span> <span class='ocrx_word' id='word_1_479' title='bbox 1153 633 1239 668; x_wconf 84' lang='lat' dir='ltr'><strong>gratia</strong></span> <span class='ocrx_word' id='word_1_480' title='bbox 1256 633 1433 668; x_wconf 79' lang='lat' dir='ltr'><strong>quadraginta</strong></span> <span class='ocrx_word' id='word_1_481' title='bbox 1453 634 1572 668; x_wconf 83' lang='lat' dir='ltr'><strong>quinque</strong></span> <span class='ocrx_word' id='word_1_482' title='bbox 1585 641 1730 661; x_wconf 85' lang='lat' dir='ltr'><strong>aureorum</strong></span> 
     </span>
    </p>
   </div>
   <div class='ocr_carea' id='block_1_70' title="bbox 949 678 1730 711">
    <p class='ocr_par' dir='ltr' id='par_1_70' title="bbox 949 678 1730 711">
     <span class='ocr_line' id='line_1_70' title="bbox 949 678 1730 711; baseline 0.003 -6"><span class='ocrx_word' id='word_1_483' title='bbox 949 679 1031 706; x_wconf 85' lang='lat' dir='ltr'><strong>millia</strong></span> <span class='ocrx_word' id='word_1_484' title='bbox 1045 683 1224 711; x_wconf 73' lang='lat' dir='ltr'><strong>numerasset,</strong></span> <span class='ocrx_word' id='word_1_485' title='bbox 1239 679 1328 706; x_wconf 88' lang='lat' dir='ltr'><strong>rediit.</strong></span> <span class='ocrx_word' id='word_1_486' title='bbox 1343 678 1376 706; x_wconf 86' lang='lat' dir='ltr'><strong>Et</strong></span> <span class='ocrx_word' id='word_1_487' title='bbox 1389 679 1431 707; x_wconf 88' lang='lat' dir='ltr'><strong>bis</strong></span> <span class='ocrx_word' id='word_1_488' title='bbox 1444 680 1588 707; x_wconf 83' lang='lat' dir='ltr'><strong>transactis</strong></span> <span class='ocrx_word' id='word_1_489' title='bbox 1599 679 1730 707; x_wconf 85' lang='lat' dir='ltr'><strong>Eusebius</strong></span> 
     </span>
    </p>
   </div>
   <div class='ocr_carea' id='block_1_71' title="bbox 947 723 1348 759">
    <p class='ocr_par' dir='ltr' id='par_1_71' title="bbox 947 723 1348 759">
     <span class='ocr_line' id='line_1_71' title="bbox 947 723 1348 759; baseline 0.002 -8"><span class='ocrx_word' id='word_1_490' title='bbox 947 724 999 751; x_wconf 82' lang='lat' dir='ltr'><strong>dux</strong></span> <span class='ocrx_word' id='word_1_491' title='bbox 1020 723 1179 759; x_wconf 79' lang='lat' dir='ltr'><strong>Byzantium</strong></span> <span class='ocrx_word' id='word_1_492' title='bbox 1192 724 1348 752; x_wconf 84' lang='lat' dir='ltr'><strong>arcessitur.</strong></span> 
     </span>
    </p>
   </div>
   <div class='ocr_carea' id='block_1_72' title="bbox 908 854 1729 894">
    <p class='ocr_par' dir='ltr' id='par_1_72' title="bbox 908 854 1729 894">
     <span class='ocr_line' id='line_1_72' title="bbox 908 854 1729 894; baseline 0.002 -10"><span class='ocrx_word' id='word_1_493' title='bbox 908 854 932 884; x_wconf 87' lang='grc' dir='ltr'><strong>Β</strong></span> <span class='ocrx_word' id='word_1_494' title='bbox 986 858 1027 884; x_wconf 87' lang='lat' dir='ltr'><strong>Il.</strong></span> <span class='ocrx_word' id='word_1_495' title='bbox 1048 857 1164 885; x_wconf 83' lang='lat' dir='ltr'><strong>Mittitur</strong></span> <span class='ocrx_word' id='word_1_496' title='bbox 1178 858 1274 886; x_wconf 89' lang='lat' dir='ltr'><strong>deinde</strong></span> <span class='ocrx_word' id='word_1_497' title='bbox 1287 858 1313 886; x_wconf 93' lang='lat' dir='ltr'><strong>in</strong></span> <span class='ocrx_word' id='word_1_498' title='bbox 1331 859 1474 886; x_wconf 85' lang='lat' dir='ltr'><strong>Persarum</strong></span> <span class='ocrx_word' id='word_1_499' title='bbox 1498 858 1636 893; x_wconf 77' lang='lat' dir='ltr'><strong>regionem</strong></span> <span class='ocrx_word' id='word_1_500' title='bbox 1651 858 1729 894; x_wconf 82' lang='lat'><strong>157</strong></span> 
     </span>
    </p>
   </div>
   <div class='ocr_carea' id='block_1_73' title="bbox 946 903 1730 939">
    <p class='ocr_par' dir='ltr' id='par_1_73' title="bbox 946 903 1730 939">
     <span class='ocr_line' id='line_1_73' title="bbox 946 903 1730 939; baseline 0.001 -8"><span class='ocrx_word' id='word_1_501' title='bbox 946 903 1050 939; x_wconf 86' lang='lat' dir='ltr'><strong>legatus</strong></span> <span class='ocrx_word' id='word_1_502' title='bbox 1081 904 1223 939; x_wconf 81' lang='lat' dir='ltr'><strong>Trajanus,</strong></span> <span class='ocrx_word' id='word_1_503' title='bbox 1248 904 1320 932; x_wconf 79' lang='lat' dir='ltr'><strong>inter</strong></span> <span class='ocrx_word' id='word_1_504' title='bbox 1349 904 1478 938; x_wconf 90' lang='lat' dir='ltr'><strong>patricios</strong></span> <span class='ocrx_word' id='word_1_505' title='bbox 1512 905 1659 939; x_wconf 83' lang='lat' dir='ltr'><strong>ascriptus,</strong></span> <span class='ocrx_word' id='word_1_506' title='bbox 1686 907 1730 939; x_wconf 80' lang='lat' dir='ltr'><strong>qui</strong></span> 
     </span>
    </p>
   </div>
   <div class='ocr_carea' id='block_1_74' title="bbox 945 950 1731 985">
    <p class='ocr_par' dir='ltr' id='par_1_74' title="bbox 945 950 1731 985">
     <span class='ocr_line' id='line_1_74' title="bbox 945 950 1731 985; baseline -0.001 -8"><span class='ocrx_word' id='word_1_507' title='bbox 945 950 1087 985; x_wconf 67' lang='lat' dir='ltr'><strong>quaestori</strong></span> <span class='ocrx_word' id='word_1_508' title='bbox 1096 950 1254 985; x_wconf 76' lang='lat' dir='ltr'><strong>magistratu</strong></span> <span class='ocrx_word' id='word_1_509' title='bbox 1267 951 1442 985; x_wconf 83' lang='lat' dir='ltr'><strong>fungebatur,</strong></span> <span class='ocrx_word' id='word_1_510' title='bbox 1463 957 1542 984; x_wconf 88' lang='lat' dir='ltr'><strong>quem</strong></span> <span class='ocrx_word' id='word_1_511' title='bbox 1561 958 1575 977; x_wconf 89' lang='lat' dir='ltr'><strong>a</strong></span> <span class='ocrx_word' id='word_1_512' title='bbox 1588 951 1731 985; x_wconf 63' lang='lat' dir='ltr'><strong>quaerendo</strong></span> 
     </span>
    </p>
   </div>
   <div class='ocr_carea' id='block_1_75' title="bbox 946 995 1729 1031">
    <p class='ocr_par' dir='ltr' id='par_1_75' title="bbox 946 995 1729 1031">
     <span class='ocr_line' id='line_1_75' title="bbox 946 995 1729 1031; baseline 0 -9"><span class='ocrx_word' id='word_1_513' title='bbox 946 1003 960 1022; x_wconf 91' lang='lat' dir='ltr'><strong>a</strong></span> <span class='ocrx_word' id='word_1_514' title='bbox 975 995 1105 1024; x_wconf 79' lang='lat' dir='ltr'><strong>Romanis</strong></span> <span class='ocrx_word' id='word_1_515' title='bbox 1127 997 1168 1024; x_wconf 80' lang='lat' dir='ltr'><strong>sic</strong></span> <span class='ocrx_word' id='word_1_516' title='bbox 1193 996 1292 1024; x_wconf 88' lang='lat' dir='ltr'><strong>dictum</strong></span> <span class='ocrx_word' id='word_1_517' title='bbox 1312 1003 1373 1023; x_wconf 84' lang='lat' dir='ltr'><strong>esse</strong></span> <span class='ocrx_word' id='word_1_518' title='bbox 1399 1000 1473 1031; x_wconf 92' lang='lat' dir='ltr'><strong>puto.</strong></span> <span class='ocrx_word' id='word_1_519' title='bbox 1491 996 1587 1024; x_wconf 83' lang='lat' dir='ltr'><strong>Missus</strong></span> <span class='ocrx_word' id='word_1_520' title='bbox 1610 1001 1654 1024; x_wconf 90' lang='lat' dir='ltr'><strong>est</strong></span> <span class='ocrx_word' id='word_1_521' title='bbox 1678 1005 1729 1023; x_wconf 81' lang='lat' dir='ltr'><strong>una</strong></span> 
     </span>
    </p>
   </div>
   <div class='ocr_carea' id='block_1_76' title="bbox 946 1043 1730 1078">
    <p class='ocr_par' dir='ltr' id='par_1_76' title="bbox 946 1043 1730 1078">
     <span class='ocr_line' id='line_1_76' title="bbox 946 1043 1730 1078; baseline -0.001 -8"><span class='ocrx_word' id='word_1_522' title='bbox 946 1051 1052 1078; x_wconf 89' lang='lat' dir='ltr'><strong>quoque</strong></span> <span class='ocrx_word' id='word_1_523' title='bbox 1068 1043 1225 1076; x_wconf 83' lang='lat' dir='ltr'><strong>Zacharias,</strong></span> <span class='ocrx_word' id='word_1_524' title='bbox 1243 1043 1321 1077; x_wconf 84' lang='lat' dir='ltr'><strong>cujus</strong></span> <span class='ocrx_word' id='word_1_525' title='bbox 1335 1047 1415 1070; x_wconf 87' lang='lat' dir='ltr'><strong>antea</strong></span> <span class='ocrx_word' id='word_1_526' title='bbox 1437 1043 1621 1075; x_wconf 86' lang='lat' dir='ltr'><strong>meminimus,</strong></span> <span class='ocrx_word' id='word_1_527' title='bbox 1645 1047 1684 1075; x_wconf 91' lang='lat' dir='ltr'><strong>ut,</strong></span> <span class='ocrx_word' id='word_1_528' title='bbox 1708 1043 1730 1069; x_wconf 75' lang='lat' dir='ltr'><strong>si</strong></span> 
     </span>
    </p>
   </div>
   <div class='ocr_carea' id='block_1_77' title="bbox 947 1089 1732 1124">
    <p class='ocr_par' dir='ltr' id='par_1_77' title="bbox 947 1089 1732 1124">
     <span class='ocr_line' id='line_1_77' title="bbox 947 1089 1732 1124; baseline -0.003 -7"><span class='ocrx_word' id='word_1_529' title='bbox 947 1093 1071 1124; x_wconf 84' lang='lat' dir='ltr'><strong>possent,</strong></span> <span class='ocrx_word' id='word_1_530' title='bbox 1089 1089 1169 1117; x_wconf 91' lang='lat' dir='ltr'><strong>trium</strong></span> <span class='ocrx_word' id='word_1_531' title='bbox 1188 1096 1320 1116; x_wconf 88' lang='lat' dir='ltr'><strong>annorum</strong></span> <span class='ocrx_word' id='word_1_532' title='bbox 1341 1089 1465 1116; x_wconf 84' lang='lat' dir='ltr'><strong>inducias</strong></span> <span class='ocrx_word' id='word_1_533' title='bbox 1484 1097 1533 1124; x_wconf 91' lang='lat' dir='ltr'><strong>per</strong></span> <span class='ocrx_word' id='word_1_534' title='bbox 1553 1089 1689 1116; x_wconf 77' lang='lat' dir='ltr'><strong>Orientem</strong></span> <span class='ocrx_word' id='word_1_535' title='bbox 1705 1093 1732 1116; x_wconf 86' lang='lat' dir='ltr'><strong>et</strong></span> 
     </span>
    </p>
   </div>
   <div class='ocr_carea' id='block_1_78' title="bbox 945 1135 1729 1169">
    <p class='ocr_par' dir='ltr' id='par_1_78' title="bbox 945 1135 1729 1169">
     <span class='ocr_line' id='line_1_78' title="bbox 945 1135 1729 1169; baseline -0.001 -7"><span class='ocrx_word' id='word_1_536' title='bbox 945 1136 1101 1163; x_wconf 88' lang='lat' dir='ltr'><strong>Armeniam</strong></span> <span class='ocrx_word' id='word_1_537' title='bbox 1120 1135 1254 1167; x_wconf 82' lang='lat' dir='ltr'><strong>facerent,</strong></span> <span class='ocrx_word' id='word_1_538' title='bbox 1274 1135 1408 1169; x_wconf 81' lang='lat' dir='ltr'><strong>tantisper</strong></span> <span class='ocrx_word' id='word_1_539' title='bbox 1418 1135 1481 1162; x_wconf 86' lang='lat' dir='ltr'><strong>dum</strong></span> <span class='ocrx_word' id='word_1_540' title='bbox 1497 1135 1542 1162; x_wconf 91' lang='lat' dir='ltr'><strong>alii</strong></span> <span class='ocrx_word' id='word_1_541' title='bbox 1563 1142 1596 1162; x_wconf 82' lang='lat' dir='ltr'><strong>ex</strong></span> <span class='ocrx_word' id='word_1_542' title='bbox 1613 1139 1729 1169; x_wconf 83' lang='lat' dir='ltr'><strong>utroque</strong></span> 
     </span>
    </p>
   </div>
   <div class='ocr_carea' id='block_1_79' title="bbox 945 1179 1730 1215">
    <p class='ocr_par' dir='ltr' id='par_1_79' title="bbox 945 1179 1730 1215">
     <span class='ocr_line' id='line_1_79' title="bbox 945 1179 1730 1215; baseline -0.001 -8"><span class='ocrx_word' id='word_1_543' title='bbox 945 1187 1029 1215; x_wconf 82' lang='lat' dir='ltr'><strong>regno</strong></span> <span class='ocrx_word' id='word_1_544' title='bbox 1045 1180 1072 1207; x_wconf 90' lang='lat' dir='ltr'><strong>in</strong></span> <span class='ocrx_word' id='word_1_545' title='bbox 1089 1180 1187 1207; x_wconf 84' lang='lat' dir='ltr'><strong>ﬁnibus</strong></span> <span class='ocrx_word' id='word_1_546' title='bbox 1204 1180 1391 1212; x_wconf 78' lang='lat' dir='ltr'><strong>convenirent,</strong></span> <span class='ocrx_word' id='word_1_547' title='bbox 1406 1179 1451 1214; x_wconf 87' lang='lat' dir='ltr'><strong>qui</strong></span> <span class='ocrx_word' id='word_1_548' title='bbox 1474 1180 1673 1207; x_wconf 77' lang='lat' dir='ltr'><strong>controversias</strong></span> <span class='ocrx_word' id='word_1_549' title='bbox 1688 1179 1730 1206; x_wconf 81' lang='lat' dir='ltr'><strong>di-</strong></span> 
     </span>
    </p>
   </div>
   <div class='ocr_carea' id='block_1_80' title="bbox 946 1224 1730 1259">
    <p class='ocr_par' dir='ltr' id='par_1_80' title="bbox 946 1224 1730 1259">
     <span class='ocr_line' id='line_1_80' title="bbox 946 1224 1730 1259; baseline -0.001 -8"><span class='ocrx_word' id='word_1_550' title='bbox 946 1225 1077 1252; x_wconf 85' lang='lat' dir='ltr'><strong>rimerent</strong></span> <span class='ocrx_word' id='word_1_551' title='bbox 1088 1229 1115 1252; x_wconf 85' lang='lat' dir='ltr'><strong>et</strong></span> <span class='ocrx_word' id='word_1_552' title='bbox 1130 1224 1274 1252; x_wconf 90' lang='lat' dir='ltr'><strong>consilium</strong></span> <span class='ocrx_word' id='word_1_553' title='bbox 1286 1225 1426 1257; x_wconf 86' lang='lat' dir='ltr'><strong>haberent,</strong></span> <span class='ocrx_word' id='word_1_554' title='bbox 1442 1231 1494 1259; x_wconf 85' lang='lat' dir='ltr'><strong>qua</strong></span> <span class='ocrx_word' id='word_1_555' title='bbox 1512 1225 1616 1251; x_wconf 82' lang='lat' dir='ltr'><strong>ratione</strong></span> <span class='ocrx_word' id='word_1_556' title='bbox 1633 1224 1659 1251; x_wconf 92' lang='lat' dir='ltr'><strong>in</strong></span> <span class='ocrx_word' id='word_1_557' title='bbox 1673 1232 1730 1259; x_wconf 87' lang='lat' dir='ltr'><strong>per-</strong></span> 
     </span>
    </p>
   </div>
   <div class='ocr_carea' id='block_1_81' title="bbox 945 1270 1728 1304">
    <p class='ocr_par' dir='ltr' id='par_1_81' title="bbox 945 1270 1728 1304">
     <span class='ocr_line' id='line_1_81' title="bbox 945 1270 1728 1304; baseline 0 -7"><span class='ocrx_word' id='word_1_558' title='bbox 945 1275 1058 1304; x_wconf 89' lang='lat' dir='ltr'><strong>petuum</strong></span> <span class='ocrx_word' id='word_1_559' title='bbox 1076 1277 1151 1298; x_wconf 89' lang='lat' dir='ltr'><strong>arma</strong></span> <span class='ocrx_word' id='word_1_560' title='bbox 1167 1270 1331 1304; x_wconf 85' lang='lat' dir='ltr'><strong>deponerent</strong></span> <span class='ocrx_word' id='word_1_561' title='bbox 1345 1279 1351 1297; x_wconf 90' lang='lat'>:</span> <span class='ocrx_word' id='word_1_562' title='bbox 1365 1270 1388 1297; x_wconf 86' lang='lat' dir='ltr'><strong>si</strong></span> <span class='ocrx_word' id='word_1_563' title='bbox 1404 1270 1455 1297; x_wconf 89' lang='lat' dir='ltr'><strong>hoc</strong></span> <span class='ocrx_word' id='word_1_564' title='bbox 1476 1270 1586 1297; x_wconf 87' lang='lat' dir='ltr'><strong>minime</strong></span> <span class='ocrx_word' id='word_1_565' title='bbox 1597 1270 1728 1297; x_wconf 84' lang='lat' dir='ltr'><strong>succede—</strong></span> 
     </span>
    </p>
   </div>
   <div class='ocr_carea' id='block_1_82' title="bbox 945 1315 1729 1350">
    <p class='ocr_par' dir='ltr' id='par_1_82' title="bbox 945 1315 1729 1350">
     <span class='ocr_line' id='line_1_82' title="bbox 945 1315 1729 1350; baseline 0 -8"><span class='ocrx_word' id='word_1_566' title='bbox 945 1321 997 1348; x_wconf 87' lang='lat' dir='ltr'><strong>ret,</strong></span> <span class='ocrx_word' id='word_1_567' title='bbox 1011 1315 1127 1343; x_wconf 78' lang='lat' dir='ltr'><strong>inducia:</strong></span> <span class='ocrx_word' id='word_1_568' title='bbox 1144 1315 1239 1344; x_wconf 84' lang='lat' dir='ltr'><strong>saltem</strong></span> <span class='ocrx_word' id='word_1_569' title='bbox 1257 1315 1325 1342; x_wconf 88' lang='lat' dir='ltr'><strong>tanti</strong></span> <span class='ocrx_word' id='word_1_570' title='bbox 1349 1315 1477 1350; x_wconf 87' lang='lat' dir='ltr'><strong>temporis</strong></span> <span class='ocrx_word' id='word_1_571' title='bbox 1496 1322 1544 1350; x_wconf 86' lang='lat' dir='ltr'><strong>pro</strong></span> <span class='ocrx_word' id='word_1_572' title='bbox 1568 1315 1620 1348; x_wconf 89' lang='lat' dir='ltr'><strong>his,</strong></span> <span class='ocrx_word' id='word_1_573' title='bbox 1633 1315 1678 1350; x_wconf 89' lang='lat' dir='ltr'><strong>qui</strong></span> <span class='ocrx_word' id='word_1_574' title='bbox 1695 1315 1729 1342; x_wconf 88' lang='lat' dir='ltr'><strong>ad</strong></span> 
     </span>
    </p>
   </div>
   <div class='ocr_carea' id='block_1_83' title="bbox 945 1360 1730 1395">
    <p class='ocr_par' dir='ltr' id='par_1_83' title="bbox 945 1360 1730 1395">
     <span class='ocr_line' id='line_1_83' title="bbox 945 1360 1730 1395; baseline 0 -8"><span class='ocrx_word' id='word_1_575' title='bbox 945 1361 1080 1388; x_wconf 85' lang='lat' dir='ltr'><strong>Orientem</strong></span> <span class='ocrx_word' id='word_1_576' title='bbox 1095 1361 1225 1394; x_wconf 87' lang='lat' dir='ltr'><strong>incolunt,</strong></span> <span class='ocrx_word' id='word_1_577' title='bbox 1243 1361 1317 1388; x_wconf 90' lang='lat' dir='ltr'><strong>omni</strong></span> <span class='ocrx_word' id='word_1_578' title='bbox 1330 1361 1434 1388; x_wconf 83' lang='lat' dir='ltr'><strong>ratione</strong></span> <span class='ocrx_word' id='word_1_579' title='bbox 1453 1360 1620 1388; x_wconf 87' lang='lat' dir='ltr'><strong>obtinerent.</strong></span> <span class='ocrx_word' id='word_1_580' title='bbox 1636 1360 1730 1395; x_wconf 78' lang='lat' dir='ltr'><strong>Legati</strong></span> 
     </span>
    </p>
   </div>
   <div class='ocr_carea' id='block_1_84' title="bbox 946 1406 1730 1440">
    <p class='ocr_par' dir='ltr' id='par_1_84' title="bbox 946 1406 1730 1440">
     <span class='ocr_line' id='line_1_84' title="bbox 946 1406 1730 1440; baseline -0.001 -7"><span class='ocrx_word' id='word_1_581' title='bbox 946 1406 990 1433; x_wconf 91' lang='lat' dir='ltr'><strong>ubi</strong></span> <span class='ocrx_word' id='word_1_582' title='bbox 1006 1406 1037 1433; x_wconf 89' lang='lat' dir='ltr'><strong>ad</strong></span> <span class='ocrx_word' id='word_1_583' title='bbox 1061 1413 1150 1440; x_wconf 83' lang='lat' dir='ltr'><strong>regem</strong></span> <span class='ocrx_word' id='word_1_584' title='bbox 1167 1406 1309 1434; x_wconf 83' lang='lat' dir='ltr'><strong>Persarum</strong></span> <span class='ocrx_word' id='word_1_585' title='bbox 1323 1410 1508 1440; x_wconf 88' lang='lat' dir='ltr'><strong>accesserunt,</strong></span> <span class='ocrx_word' id='word_1_586' title='bbox 1525 1406 1554 1433; x_wconf 93' lang='lat' dir='ltr'><strong>in</strong></span> <span class='ocrx_word' id='word_1_587' title='bbox 1573 1407 1730 1433; x_wconf 86' lang='lat' dir='ltr'><strong>concionem</strong></span> 
     </span>
    </p>
   </div>
   <div class='ocr_carea' id='block_1_85' title="bbox 944 1446 1737 1486">
    <p class='ocr_par' dir='ltr' id='par_1_85' title="bbox 944 1446 1737 1486">
     <span class='ocr_line' id='line_1_85' title="bbox 944 1446 1737 1486; baseline 0 -8"><span class='ocrx_word' id='word_1_588' title='bbox 944 1451 1033 1478; x_wconf 72' lang='lat' dir='ltr'><strong>vocati</strong></span> <span class='ocrx_word' id='word_1_589' title='bbox 1046 1452 1103 1479; x_wconf 65' lang='lat' dir='ltr'><strong>haec</strong></span> <span class='ocrx_word' id='word_1_590' title='bbox 1114 1451 1250 1479; x_wconf 78' lang='lat' dir='ltr'><strong>dixerunt.</strong></span> <span class='ocrx_word' id='word_1_591' title='bbox 1265 1466 1298 1471; x_wconf 94' lang='lat'><strong><em>—</em></strong></span> <span class='ocrx_word' id='word_1_592' title='bbox 1315 1451 1404 1478; x_wconf 82' lang='lat' dir='ltr'><strong>Multis</strong></span> <span class='ocrx_word' id='word_1_593' title='bbox 1421 1452 1492 1479; x_wconf 87' lang='lat' dir='ltr'><strong>ultro</strong></span> <span class='ocrx_word' id='word_1_594' title='bbox 1513 1452 1636 1486; x_wconf 87' lang='lat' dir='ltr'><strong>citroque</strong></span> <span class='ocrx_word' id='word_1_595' title='bbox 1652 1446 1737 1479; x_wconf 53' lang='lat' dir='ltr'><strong>motis&#39;</strong></span> 
     </span>
    </p>
   </div>
   <div class='ocr_carea' id='block_1_86' title="bbox 944 1496 1731 1533">
    <p class='ocr_par' dir='ltr' id='par_1_86' title="bbox 944 1496 1731 1533">
     <span class='ocr_line' id='line_1_86' title="bbox 944 1496 1731 1533; baseline 0.001 -9"><span class='ocrx_word' id='word_1_596' title='bbox 944 1497 1112 1524; x_wconf 86' lang='lat' dir='ltr'><strong>sermonibus</strong></span> <span class='ocrx_word' id='word_1_597' title='bbox 1120 1496 1209 1524; x_wconf 77' lang='lat' dir='ltr'><strong>Persae</strong></span> <span class='ocrx_word' id='word_1_598' title='bbox 1221 1498 1246 1524; x_wconf 91' lang='lat' dir='ltr'><strong>in</strong></span> <span class='ocrx_word' id='word_1_599' title='bbox 1256 1498 1471 1533; x_wconf 82' lang='lat' dir='ltr'><strong>quinquennium</strong></span> <span class='ocrx_word' id='word_1_600' title='bbox 1484 1498 1731 1532; x_wconf 79' lang='lat' dir='ltr'><strong>iuducias,Romani</strong></span> 
     </span>
    </p>
   </div>
   <div class='ocr_carea' id='block_1_87' title="bbox 945 1543 1732 1577">
    <p class='ocr_par' dir='ltr' id='par_1_87' title="bbox 945 1543 1732 1577">
     <span class='ocr_line' id='line_1_87' title="bbox 945 1543 1732 1577; baseline 0.001 -7"><span class='ocrx_word' id='word_1_601' title='bbox 945 1550 993 1577; x_wconf 90' lang='lat' dir='ltr'><strong>per</strong></span> <span class='ocrx_word' id='word_1_602' title='bbox 1016 1543 1162 1570; x_wconf 88' lang='lat' dir='ltr'><strong>triennium</strong></span> <span class='ocrx_word' id='word_1_603' title='bbox 1186 1548 1290 1570; x_wconf 89' lang='lat' dir='ltr'><strong>tantum</strong></span> <span class='ocrx_word' id='word_1_604' title='bbox 1314 1544 1404 1571; x_wconf 82' lang='lat' dir='ltr'><strong>valere</strong></span> <span class='ocrx_word' id='word_1_605' title='bbox 1430 1543 1564 1571; x_wconf 80' lang='lat' dir='ltr'><strong>volebant.</strong></span> <span class='ocrx_word' id='word_1_606' title='bbox 1590 1544 1732 1571; x_wconf 87' lang='lat' dir='ltr'><strong>Postremo</strong></span> 
     </span>
    </p>
   </div>
   <div class='ocr_carea' id='block_1_88' title="bbox 945 1587 1731 1623">
    <p class='ocr_par' dir='ltr' id='par_1_88' title="bbox 945 1587 1731 1623">
     <span class='ocr_line' id='line_1_88' title="bbox 945 1587 1731 1623; baseline 0.001 -8"><span class='ocrx_word' id='word_1_607' title='bbox 945 1588 1027 1623; x_wconf 89' lang='lat' dir='ltr'><strong>legati</strong></span> <span class='ocrx_word' id='word_1_608' title='bbox 1054 1587 1256 1621; x_wconf 77' lang='lat' dir='ltr'><strong>Romanorum,</strong></span> <span class='ocrx_word' id='word_1_609' title='bbox 1284 1589 1354 1617; x_wconf 88' lang='lat' dir='ltr'><strong>sicut</strong></span> <span class='ocrx_word' id='word_1_610' title='bbox 1379 1588 1444 1623; x_wconf 89' lang='lat' dir='ltr'><strong>ipsis</strong></span> <span class='ocrx_word' id='word_1_611' title='bbox 1469 1589 1626 1616; x_wconf 86' lang='lat' dir='ltr'><strong>mandatum</strong></span> <span class='ocrx_word' id='word_1_612' title='bbox 1655 1595 1731 1621; x_wconf 85' lang='lat' dir='ltr'><strong>erat,</strong></span> 
     </span>
    </p>
   </div>
   <div class='ocr_carea' id='block_1_89' title="bbox 945 1634 1730 1669">
    <p class='ocr_par' dir='ltr' id='par_1_89' title="bbox 945 1634 1730 1669">
     <span class='ocr_line' id='line_1_89' title="bbox 945 1634 1730 1669; baseline 0 -8"><span class='ocrx_word' id='word_1_613' title='bbox 945 1634 971 1661; x_wconf 94' lang='lat' dir='ltr'><strong>iu</strong></span> <span class='ocrx_word' id='word_1_614' title='bbox 1000 1641 1033 1662; x_wconf 87' lang='lat' dir='ltr'><strong>eo</strong></span> <span class='ocrx_word' id='word_1_615' title='bbox 1061 1642 1114 1661; x_wconf 91' lang='lat' dir='ltr'><strong>non</strong></span> <span class='ocrx_word' id='word_1_616' title='bbox 1138 1634 1329 1669; x_wconf 86' lang='lat' dir='ltr'><strong>perstiterunt,</strong></span> <span class='ocrx_word' id='word_1_617' title='bbox 1357 1639 1385 1662; x_wconf 91' lang='lat' dir='ltr'><strong>ut</strong></span> <span class='ocrx_word' id='word_1_618' title='bbox 1421 1634 1501 1661; x_wconf 91' lang='lat' dir='ltr'><strong>trium</strong></span> <span class='ocrx_word' id='word_1_619' title='bbox 1529 1642 1661 1661; x_wconf 86' lang='lat' dir='ltr'><strong>annorum</strong></span> <span class='ocrx_word' id='word_1_620' title='bbox 1687 1635 1730 1661; x_wconf 93' lang='lat' dir='ltr'><strong>in-</strong></span> 
     </span>
    </p>
   </div>
   <div class='ocr_carea' id='block_1_90' title="bbox 945 1678 1732 1714">
    <p class='ocr_par' dir='ltr' id='par_1_90' title="bbox 945 1678 1732 1714">
     <span class='ocr_line' id='line_1_90' title="bbox 945 1678 1732 1714; baseline 0.003 -9"><span class='ocrx_word' id='word_1_621' title='bbox 945 1678 1029 1706; x_wconf 66' lang='lat' dir='ltr'><strong>duciae</strong></span> <span class='ocrx_word' id='word_1_622' title='bbox 1044 1679 1155 1713; x_wconf 80' lang='lat' dir='ltr'><strong>ﬁerent;</strong></span> <span class='ocrx_word' id='word_1_623' title='bbox 1171 1680 1218 1707; x_wconf 85' lang='lat' dir='ltr'><strong>sed</strong></span> <span class='ocrx_word' id='word_1_624' title='bbox 1250 1679 1275 1706; x_wconf 92' lang='lat' dir='ltr'><strong>in</strong></span> <span class='ocrx_word' id='word_1_625' title='bbox 1298 1679 1512 1714; x_wconf 88' lang='lat' dir='ltr'><strong>quinquennium</strong></span> <span class='ocrx_word' id='word_1_626' title='bbox 1536 1679 1658 1707; x_wconf 77' lang='lat' dir='ltr'><strong>inducias</strong></span> <span class='ocrx_word' id='word_1_627' title='bbox 1672 1687 1732 1707; x_wconf 83' lang='lat' dir='ltr'><strong>esse</strong></span> 
     </span>
    </p>
   </div>
   <div class='ocr_carea' id='block_1_91' title="bbox 945 1721 1730 1758">
    <p class='ocr_par' dir='ltr' id='par_1_91' title="bbox 945 1721 1730 1758">
     <span class='ocr_line' id='line_1_91' title="bbox 945 1721 1730 1758; baseline 0.001 -10"><span class='ocrx_word' id='word_1_628' title='bbox 945 1721 1046 1756; x_wconf 86' lang='lat' dir='ltr'><strong>placuit</strong></span> <span class='ocrx_word' id='word_1_629' title='bbox 1061 1723 1170 1757; x_wconf 90' lang='lat' dir='ltr'><strong>utrique</strong></span> <span class='ocrx_word' id='word_1_630' title='bbox 1194 1723 1298 1750; x_wconf 83' lang='lat' dir='ltr'><strong>civitati</strong></span> <span class='ocrx_word' id='word_1_631' title='bbox 1313 1723 1499 1750; x_wconf 88' lang='lat' dir='ltr'><strong>tantummodo</strong></span> <span class='ocrx_word' id='word_1_632' title='bbox 1511 1731 1561 1758; x_wconf 90' lang='lat' dir='ltr'><strong>per</strong></span> <span class='ocrx_word' id='word_1_633' title='bbox 1579 1722 1730 1757; x_wconf 72' lang='lat' dir='ltr'><strong>Orientem,</strong></span> 
     </span>
    </p>
   </div>
   <div class='ocr_carea' id='block_1_92' title="bbox 944 1767 1727 1804">
    <p class='ocr_par' dir='ltr' id='par_1_92' title="bbox 944 1767 1727 1804">
     <span class='ocr_line' id='line_1_92' title="bbox 944 1767 1727 1804; baseline 0.003 -10"><span class='ocrx_word' id='word_1_634' title='bbox 944 1767 979 1794; x_wconf 91' lang='lat' dir='ltr'><strong>ob</strong></span> <span class='ocrx_word' id='word_1_635' title='bbox 997 1775 1064 1802; x_wconf 87' lang='lat' dir='ltr'><strong>quas</strong></span> <span class='ocrx_word' id='word_1_636' title='bbox 1077 1769 1221 1802; x_wconf 87' lang='lat' dir='ltr'><strong>quotannis</strong></span> <span class='ocrx_word' id='word_1_637' title='bbox 1235 1768 1348 1795; x_wconf 81' lang='lat' dir='ltr'><strong>Romani</strong></span> <span class='ocrx_word' id='word_1_638' title='bbox 1361 1769 1469 1804; x_wconf 78' lang='lat' dir='ltr'><strong>triginta</strong></span> <span class='ocrx_word' id='word_1_639' title='bbox 1484 1769 1567 1796; x_wconf 86' lang='lat' dir='ltr'><strong>millia</strong></span> <span class='ocrx_word' id='word_1_640' title='bbox 1583 1776 1727 1797; x_wconf 85' lang='lat' dir='ltr'><strong>aureorqu</strong></span> 
     </span>
    </p>
   </div>
   <div class='ocr_carea' id='block_1_93' title="bbox 944 1813 1729 1848">
    <p class='ocr_par' dir='ltr' id='par_1_93' title="bbox 944 1813 1729 1848">
     <span class='ocr_line' id='line_1_93' title="bbox 944 1813 1729 1848; baseline 0.001 -8"><span class='ocrx_word' id='word_1_641' title='bbox 944 1813 1091 1848; x_wconf 86' lang='lat' dir='ltr'><strong>penderet;</strong></span> <span class='ocrx_word' id='word_1_642' title='bbox 1109 1821 1169 1848; x_wconf 70' lang='lat' dir='ltr'><strong>quae</strong></span> <span class='ocrx_word' id='word_1_643' title='bbox 1192 1818 1268 1848; x_wconf 85' lang='lat' dir='ltr'><strong>pacta</strong></span> <span class='ocrx_word' id='word_1_644' title='bbox 1290 1818 1379 1842; x_wconf 80' lang='lat' dir='ltr'><strong>tamen</strong></span> <span class='ocrx_word' id='word_1_645' title='bbox 1401 1821 1454 1841; x_wconf 93' lang='lat' dir='ltr'><strong>non</strong></span> <span class='ocrx_word' id='word_1_646' title='bbox 1485 1813 1536 1841; x_wconf 86' lang='lat' dir='ltr'><strong>alia</strong></span> <span class='ocrx_word' id='word_1_647' title='bbox 1566 1814 1729 1848; x_wconf 72' lang='lat' dir='ltr'><strong>conditione,</strong></span> 
     </span>
    </p>
   </div>
   <div class='ocr_carea' id='block_1_94' title="bbox 945 1858 1727 1895">
    <p class='ocr_par' dir='ltr' id='par_1_94' title="bbox 945 1858 1727 1895">
     <span class='ocr_line' id='line_1_94' title="bbox 945 1858 1727 1895; baseline 0.003 -10"><span class='ocrx_word' id='word_1_648' title='bbox 945 1858 996 1886; x_wconf 89' lang='lat' dir='ltr'><strong>nisi</strong></span> <span class='ocrx_word' id='word_1_649' title='bbox 1017 1865 1049 1886; x_wconf 87' lang='lat' dir='ltr'><strong>ea</strong></span> <span class='ocrx_word' id='word_1_650' title='bbox 1061 1859 1209 1894; x_wconf 90' lang='lat' dir='ltr'><strong>imperator</strong></span> <span class='ocrx_word' id='word_1_651' title='bbox 1225 1859 1354 1895; x_wconf 84' lang='lat' dir='ltr'><strong>sutl&#39;ragio</strong></span> <span class='ocrx_word' id='word_1_652' title='bbox 1377 1867 1428 1887; x_wconf 87' lang='lat' dir='ltr'><strong>suo</strong></span> <span class='ocrx_word' id='word_1_653' title='bbox 1441 1860 1654 1894; x_wconf 83' lang='lat' dir='ltr'><strong>comprobasset,</strong></span> <span class='ocrx_word' id='word_1_654' title='bbox 1670 1865 1727 1887; x_wconf 84' lang='lat' dir='ltr'><strong>rata</strong></span> 
     </span>
    </p>
   </div>
   <div class='ocr_carea' id='block_1_95' title="bbox 944 1904 1044 1932">
    <p class='ocr_par' dir='ltr' id='par_1_95' title="bbox 944 1904 1044 1932">
     <span class='ocr_line' id='line_1_95' title="bbox 944 1904 1044 1932; baseline 0 0"><span class='ocrx_word' id='word_1_655' title='bbox 944 1904 1044 1932; x_wconf 80' lang='lat' dir='ltr'><strong>forent.</strong></span> 
     </span>
    </p>
   </div>
   <div class='ocr_carea' id='block_1_96' title="bbox 978 2043 1730 2081">
    <p class='ocr_par' dir='ltr' id='par_1_96' title="bbox 978 2043 1730 2081">
     <span class='ocr_line' id='line_1_96' title="bbox 978 2043 1730 2081; baseline -0.003 -8"><span class='ocrx_word' id='word_1_656' title='bbox 978 2046 1021 2073; x_wconf 71' lang='grc'><strong>12.</strong></span> <span class='ocrx_word' id='word_1_657' title='bbox 1039 2045 1081 2081; x_wconf 80' lang='grc' dir='ltr'><strong>(Α.</strong></span> <span class='ocrx_word' id='word_1_658' title='bbox 1097 2045 1128 2073; x_wconf 87' lang='lat' dir='ltr'><strong>C.</strong></span> <span class='ocrx_word' id='word_1_659' title='bbox 1143 2044 1206 2078; x_wconf 79' lang='lat'><strong>575,</strong></span> <span class='ocrx_word' id='word_1_660' title='bbox 1230 2044 1289 2072; x_wconf 80' lang='lat' dir='ltr'><strong>Ind.</strong></span> <span class='ocrx_word' id='word_1_661' title='bbox 1304 2044 1331 2078; x_wconf 85' lang='lat'><strong>5,</strong></span> <span class='ocrx_word' id='word_1_662' title='bbox 1352 2043 1451 2072; x_wconf 82' lang='lat' dir='ltr'><strong>Jusliui</strong></span> <span class='ocrx_word' id='word_1_663' title='bbox 1476 2044 1523 2080; x_wconf 82' lang='lat' dir='ltr'><strong>ll.)</strong></span> <span class='ocrx_word' id='word_1_664' title='bbox 1547 2043 1584 2072; x_wconf 87' lang='lat' dir='ltr'><strong>Ut</strong></span> <span class='ocrx_word' id='word_1_665' title='bbox 1605 2045 1730 2073; x_wconf 71' lang='lat' dir='ltr'><strong>Tiberius</strong></span> 
     </span>
    </p>
   </div>
   <div class='ocr_carea' id='block_1_97' title="bbox 943 2090 1727 2126">
    <p class='ocr_par' dir='ltr' id='par_1_97' title="bbox 943 2090 1727 2126">
     <span class='ocr_line' id='line_1_97' title="bbox 943 2090 1727 2126; baseline -0.003 -8"><span class='ocrx_word' id='word_1_666' title='bbox 943 2091 1111 2126; x_wconf 86' lang='lat' dir='ltr'><strong>negotiorum</strong></span> <span class='ocrx_word' id='word_1_667' title='bbox 1126 2090 1388 2118; x_wconf 78' lang='lat' dir='ltr'><strong>administrationem</strong></span> <span class='ocrx_word' id='word_1_668' title='bbox 1404 2090 1532 2125; x_wconf 87' lang='lat' dir='ltr'><strong>suscepit,</strong></span> <span class='ocrx_word' id='word_1_669' title='bbox 1555 2090 1689 2125; x_wconf 82' lang='lat' dir='ltr'><strong>Trajanus</strong></span> <span class='ocrx_word' id='word_1_670' title='bbox 1701 2095 1727 2117; x_wconf 88' lang='lat' dir='ltr'><strong>et</strong></span> 
     </span>
    </p>
   </div>
   <div class='ocr_carea' id='block_1_98' title="bbox 943 2135 1730 2170">
    <p class='ocr_par' dir='ltr' id='par_1_98' title="bbox 943 2135 1730 2170">
     <span class='ocr_line' id='line_1_98' title="bbox 943 2135 1730 2170; baseline -0.003 -7"><span class='ocrx_word' id='word_1_671' title='bbox 943 2135 1091 2163; x_wconf 84' lang='lat' dir='ltr'><strong>Zacbarias</strong></span> <span class='ocrx_word' id='word_1_672' title='bbox 1105 2135 1188 2170; x_wconf 85' lang='lat' dir='ltr'><strong>legati</strong></span> <span class='ocrx_word' id='word_1_673' title='bbox 1205 2135 1238 2163; x_wconf 86' lang='lat' dir='ltr'><strong>ad</strong></span> <span class='ocrx_word' id='word_1_674' title='bbox 1255 2142 1315 2163; x_wconf 90' lang='lat' dir='ltr'><strong>eum</strong></span> <span class='ocrx_word' id='word_1_675' title='bbox 1331 2135 1540 2169; x_wconf 88' lang='lat' dir='ltr'><strong>rescripserunt,</strong></span> <span class='ocrx_word' id='word_1_676' title='bbox 1553 2135 1649 2163; x_wconf 82' lang='lat' dir='ltr'><strong>Persas</strong></span> <span class='ocrx_word' id='word_1_677' title='bbox 1661 2135 1730 2164; x_wconf 79' lang='lat' dir='ltr'><strong>nolle</strong></span> 
     </span>
    </p>
   </div>
   <div class='ocr_carea' id='block_1_99' title="bbox 909 2180 1730 2216">
    <p class='ocr_par' dir='ltr' id='par_1_99' title="bbox 909 2180 1730 2216">
     <span class='ocr_line' id='line_1_99' title="bbox 909 2180 1730 2216; baseline -0.001 -7"><span class='ocrx_word' id='word_1_678' title='bbox 909 2185 930 2213; x_wconf 89' lang='lat' dir='ltr'><strong>D</strong></span> <span class='ocrx_word' id='word_1_679' title='bbox 951 2181 984 2210; x_wconf 92' lang='lat' dir='ltr'><strong>ad</strong></span> <span class='ocrx_word' id='word_1_680' title='bbox 996 2186 1052 2210; x_wconf 83' lang='lat' dir='ltr'><strong>tres</strong></span> <span class='ocrx_word' id='word_1_681' title='bbox 1062 2189 1158 2214; x_wconf 87' lang='lat' dir='ltr'><strong>annos,</strong></span> <span class='ocrx_word' id='word_1_682' title='bbox 1168 2181 1215 2208; x_wconf 87' lang='lat' dir='ltr'><strong>sed</strong></span> <span class='ocrx_word' id='word_1_683' title='bbox 1228 2180 1261 2208; x_wconf 88' lang='lat' dir='ltr'><strong>ad</strong></span> <span class='ocrx_word' id='word_1_684' title='bbox 1269 2180 1389 2216; x_wconf 87' lang='lat' dir='ltr'><strong>quinque</strong></span> <span class='ocrx_word' id='word_1_685' title='bbox 1404 2180 1527 2208; x_wconf 87' lang='lat' dir='ltr'><strong>inducias</strong></span> <span class='ocrx_word' id='word_1_686' title='bbox 1538 2181 1650 2215; x_wconf 87' lang='lat' dir='ltr'><strong>pacisci.</strong></span> <span class='ocrx_word' id='word_1_687' title='bbox 1667 2180 1730 2214; x_wconf 45' lang='lat' dir='ltr'><strong>Quae</strong></span> 
     </span>
    </p>
   </div>
   <div class='ocr_carea' id='block_1_100' title="bbox 942 2225 1728 2262">
    <p class='ocr_par' dir='ltr' id='par_1_100' title="bbox 942 2225 1728 2262">
     <span class='ocr_line' id='line_1_100' title="bbox 942 2225 1728 2262; baseline -0.004 -7"><span class='ocrx_word' id='word_1_688' title='bbox 942 2234 1006 2255; x_wconf 89' lang='lat' dir='ltr'><strong>cum</strong></span> <span class='ocrx_word' id='word_1_689' title='bbox 1019 2235 1073 2255; x_wconf 90' lang='lat' dir='ltr'><strong>non</strong></span> <span class='ocrx_word' id='word_1_690' title='bbox 1097 2227 1284 2262; x_wconf 85' lang='lat' dir='ltr'><strong>approbasset,</strong></span> <span class='ocrx_word' id='word_1_691' title='bbox 1298 2228 1359 2262; x_wconf 88' lang='lat' dir='ltr'><strong>(nec</strong></span> <span class='ocrx_word' id='word_1_692' title='bbox 1374 2225 1446 2254; x_wconf 88' lang='lat' dir='ltr'><strong>enim</strong></span> <span class='ocrx_word' id='word_1_693' title='bbox 1457 2227 1482 2254; x_wconf 89' lang='lat' dir='ltr'><strong>ei</strong></span> <span class='ocrx_word' id='word_1_694' title='bbox 1501 2226 1530 2254; x_wconf 87' lang='lat' dir='ltr'><strong>in</strong></span> <span class='ocrx_word' id='word_1_695' title='bbox 1544 2231 1598 2254; x_wconf 87' lang='lat' dir='ltr'><strong>tam</strong></span> <span class='ocrx_word' id='word_1_696' title='bbox 1620 2226 1728 2261; x_wconf 79' lang='lat' dir='ltr'><strong>longum</strong></span> 
     </span>
    </p>
   </div>
   <div class='ocr_carea' id='block_1_101' title="bbox 943 2271 1725 2308">
    <p class='ocr_par' dir='ltr' id='par_1_101' title="bbox 943 2271 1725 2308">
     <span class='ocr_line' id='line_1_101' title="bbox 943 2271 1725 2308; baseline -0.004 -7"><span class='ocrx_word' id='word_1_697' title='bbox 943 2278 1050 2308; x_wconf 87' lang='lat' dir='ltr'><strong>tempus</strong></span> <span class='ocrx_word' id='word_1_698' title='bbox 1070 2273 1193 2301; x_wconf 89' lang='lat' dir='ltr'><strong>inducias</strong></span> <span class='ocrx_word' id='word_1_699' title='bbox 1210 2272 1299 2300; x_wconf 83' lang='lat' dir='ltr'><strong>facere</strong></span> <span class='ocrx_word' id='word_1_700' title='bbox 1316 2271 1463 2307; x_wconf 75' lang='lat' dir='ltr'><strong>placebat.)</strong></span> <span class='ocrx_word' id='word_1_701' title='bbox 1479 2273 1625 2304; x_wconf 86' lang='lat' dir='ltr'><strong>mandavit,</strong></span> <span class='ocrx_word' id='word_1_702' title='bbox 1651 2276 1681 2298; x_wconf 92' lang='lat' dir='ltr'><strong>ut</strong></span> <span class='ocrx_word' id='word_1_703' title='bbox 1697 2272 1725 2298; x_wconf 91' lang='lat' dir='ltr'><strong>in</strong></span> 
     </span>
    </p>
   </div>
   <div class='ocr_carea' id='block_1_102' title="bbox 942 2318 1729 2354">
    <p class='ocr_par' dir='ltr' id='par_1_102' title="bbox 942 2318 1729 2354">
     <span class='ocr_line' id='line_1_102' title="bbox 942 2318 1729 2354; baseline -0.004 -7"><span class='ocrx_word' id='word_1_704' title='bbox 942 2320 1012 2348; x_wconf 89' lang='lat' dir='ltr'><strong>duos</strong></span> <span class='ocrx_word' id='word_1_705' title='bbox 1026 2326 1112 2347; x_wconf 87' lang='lat' dir='ltr'><strong>annos</strong></span> <span class='ocrx_word' id='word_1_706' title='bbox 1127 2318 1346 2354; x_wconf 83' lang='lat' dir='ltr'><strong>paciscerentur;</strong></span> <span class='ocrx_word' id='word_1_707' title='bbox 1360 2318 1382 2345; x_wconf 89' lang='lat' dir='ltr'><strong>si</strong></span> <span class='ocrx_word' id='word_1_708' title='bbox 1398 2325 1452 2345; x_wconf 90' lang='lat' dir='ltr'><strong>non</strong></span> <span class='ocrx_word' id='word_1_709' title='bbox 1468 2318 1591 2346; x_wconf 86' lang='lat' dir='ltr'><strong>obtinere</strong></span> <span class='ocrx_word' id='word_1_710' title='bbox 1607 2322 1729 2352; x_wconf 83' lang='lat' dir='ltr'><strong>possent,</strong></span> 
     </span>
    </p>
   </div>
   <div class='ocr_carea' id='block_1_103' title="bbox 944 2363 1729 2398">
    <p class='ocr_par' dir='ltr' id='par_1_103' title="bbox 944 2363 1729 2398">
     <span class='ocr_line' id='line_1_103' title="bbox 944 2363 1729 2398; baseline -0.003 -6"><span class='ocrx_word' id='word_1_711' title='bbox 944 2365 1009 2392; x_wconf 90' lang='lat' dir='ltr'><strong>nihil</strong></span> <span class='ocrx_word' id='word_1_712' title='bbox 1024 2364 1058 2392; x_wconf 90' lang='lat' dir='ltr'><strong>ad</strong></span> <span class='ocrx_word' id='word_1_713' title='bbox 1076 2368 1132 2392; x_wconf 87' lang='lat' dir='ltr'><strong>tres</strong></span> <span class='ocrx_word' id='word_1_714' title='bbox 1144 2371 1230 2392; x_wconf 90' lang='lat' dir='ltr'><strong>annos</strong></span> <span class='ocrx_word' id='word_1_715' title='bbox 1244 2364 1404 2398; x_wconf 87' lang='lat' dir='ltr'><strong>adjicereut.</strong></span> <span class='ocrx_word' id='word_1_716' title='bbox 1419 2363 1500 2391; x_wconf 79' lang='lat' dir='ltr'><strong>Missa</strong></span> <span class='ocrx_word' id='word_1_717' title='bbox 1516 2368 1559 2391; x_wconf 86' lang='lat' dir='ltr'><strong>est</strong></span> <span class='ocrx_word' id='word_1_718' title='bbox 1574 2363 1656 2398; x_wconf 74' lang='lat' dir='ltr'><strong>igitur</strong></span> <span class='ocrx_word' id='word_1_719' title='bbox 1671 2363 1729 2390; x_wconf 61' lang='lat' dir='ltr'><strong>haec</strong></span> 
     </span>
    </p>
   </div>
   <div class='ocr_carea' id='block_1_104' title="bbox 944 2407 1722 2444">
    <p class='ocr_par' dir='ltr' id='par_1_104' title="bbox 944 2407 1722 2444">
     <span class='ocr_line' id='line_1_104' title="bbox 944 2407 1722 2444; baseline -0.003 -8"><span class='ocrx_word' id='word_1_720' title='bbox 944 2409 978 2436; x_wconf 91' lang='lat' dir='ltr'><strong>ad</strong></span> <span class='ocrx_word' id='word_1_721' title='bbox 1000 2409 1104 2444; x_wconf 83' lang='lat' dir='ltr'><strong>legatos</strong></span> <span class='ocrx_word' id='word_1_722' title='bbox 1131 2409 1256 2444; x_wconf 89' lang='lat' dir='ltr'><strong>epistola,</strong></span> <span class='ocrx_word' id='word_1_723' title='bbox 1283 2412 1310 2436; x_wconf 90' lang='lat' dir='ltr'><strong>et</strong></span> <span class='ocrx_word' id='word_1_724' title='bbox 1330 2415 1392 2436; x_wconf 86' lang='lat' dir='ltr'><strong>cum</strong></span> <span class='ocrx_word' id='word_1_725' title='bbox 1410 2415 1454 2441; x_wconf 84' lang='lat' dir='ltr'><strong>ea,</strong></span> <span class='ocrx_word' id='word_1_726' title='bbox 1478 2415 1539 2442; x_wconf 64' lang='lat' dir='ltr'><strong>qua:</strong></span> <span class='ocrx_word' id='word_1_727' title='bbox 1567 2407 1722 2435; x_wconf 86' lang='lat' dir='ltr'><strong>continebat</strong></span> 
     </span>
    </p>
   </div>
   <div class='ocr_carea' id='block_1_105' title="bbox 943 2453 1728 2490">
    <p class='ocr_par' dir='ltr' id='par_1_105' title="bbox 943 2453 1728 2490">
     <span class='ocr_line' id='line_1_105' title="bbox 943 2453 1728 2490; baseline -0.003 -8"><span class='ocrx_word' id='word_1_728' title='bbox 943 2455 1084 2490; x_wconf 81' lang='lat' dir='ltr'><strong>legissent,</strong></span> <span class='ocrx_word' id='word_1_729' title='bbox 1102 2453 1238 2488; x_wconf 82' lang='lat' dir='ltr'><strong>Mebodes,</strong></span> <span class='ocrx_word' id='word_1_730' title='bbox 1256 2454 1301 2489; x_wconf 88' lang='lat' dir='ltr'><strong>qui</strong></span> <span class='ocrx_word' id='word_1_731' title='bbox 1317 2453 1350 2481; x_wconf 91' lang='lat' dir='ltr'><strong>ad</strong></span> <span class='ocrx_word' id='word_1_732' title='bbox 1367 2461 1526 2488; x_wconf 84' lang='lat' dir='ltr'><strong>responsum</strong></span> <span class='ocrx_word' id='word_1_733' title='bbox 1542 2453 1728 2488; x_wconf 85' lang='lat' dir='ltr'><strong>accipiendum</strong></span> 
     </span>
    </p>
   </div>
   <div class='ocr_carea' id='block_1_106' title="bbox 944 2498 1729 2532">
    <p class='ocr_par' dir='ltr' id='par_1_106' title="bbox 944 2498 1729 2532">
     <span class='ocr_line' id='line_1_106' title="bbox 944 2498 1729 2532; baseline -0.003 -5"><span class='ocrx_word' id='word_1_734' title='bbox 944 2500 977 2527; x_wconf 87' lang='lat' dir='ltr'><strong>ad</strong></span> <span class='ocrx_word' id='word_1_735' title='bbox 990 2501 1057 2528; x_wconf 84' lang='lat' dir='ltr'><strong>lines</strong></span> <span class='ocrx_word' id='word_1_736' title='bbox 1067 2501 1150 2528; x_wconf 89' lang='lat' dir='ltr'><strong>Daras</strong></span> <span class='ocrx_word' id='word_1_737' title='bbox 1165 2504 1287 2532; x_wconf 82' lang='lat' dir='ltr'><strong>venerat,</strong></span> <span class='ocrx_word' id='word_1_738' title='bbox 1301 2499 1368 2527; x_wconf 87' lang='lat' dir='ltr'><strong>satis</strong></span> <span class='ocrx_word' id='word_1_739' title='bbox 1381 2499 1521 2532; x_wconf 73' lang='lat' dir='ltr'><strong>intellexit,</strong></span> <span class='ocrx_word' id='word_1_740' title='bbox 1534 2499 1671 2526; x_wconf 79' lang='lat' dir='ltr'><strong>Romanos</strong></span> <span class='ocrx_word' id='word_1_741' title='bbox 1687 2498 1729 2526; x_wconf 87' lang='lat' dir='ltr'><strong>iu-</strong></span> 
     </span>
    </p>
   </div>
   <div class='ocr_carea' id='block_1_107' title="bbox 943 2543 1728 2580">
    <p class='ocr_par' dir='ltr' id='par_1_107' title="bbox 943 2543 1728 2580">
     <span class='ocr_line' id='line_1_107' title="bbox 943 2543 1728 2580; baseline -0.004 -7"><span class='ocrx_word' id='word_1_742' title='bbox 943 2546 1047 2579; x_wconf 89' lang='lat' dir='ltr'><strong>ducias,</strong></span> <span class='ocrx_word' id='word_1_743' title='bbox 1065 2553 1133 2580; x_wconf 79' lang='lat' dir='ltr'><strong>quas</strong></span> <span class='ocrx_word' id='word_1_744' title='bbox 1148 2545 1280 2578; x_wconf 87' lang='lat' dir='ltr'><strong>Trajanus</strong></span> <span class='ocrx_word' id='word_1_745' title='bbox 1303 2548 1331 2572; x_wconf 87' lang='lat' dir='ltr'><strong>et</strong></span> <span class='ocrx_word' id='word_1_746' title='bbox 1354 2543 1501 2571; x_wconf 85' lang='lat' dir='ltr'><strong>Zacharias</strong></span> <span class='ocrx_word' id='word_1_747' title='bbox 1526 2543 1658 2575; x_wconf 79' lang='lat' dir='ltr'><strong>fecerant,</strong></span> <span class='ocrx_word' id='word_1_748' title='bbox 1675 2550 1728 2571; x_wconf 91' lang='lat' dir='ltr'><strong>non</strong></span> 
     </span>
    </p>
   </div>
   <div class='ocr_carea' id='block_1_108' title="bbox 940 2589 1730 2626">
    <p class='ocr_par' dir='ltr' id='par_1_108' title="bbox 940 2589 1730 2626">
     <span class='ocr_line' id='line_1_108' title="bbox 940 2589 1730 2626; baseline -0.003 -8"><span class='ocrx_word' id='word_1_749' title='bbox 940 2591 1101 2626; x_wconf 78' lang='lat' dir='ltr'><strong>approbare.</strong></span> <span class='ocrx_word' id='word_1_750' title='bbox 1117 2591 1210 2626; x_wconf 89' lang='lat' dir='ltr'><strong>Itaque</strong></span> <span class='ocrx_word' id='word_1_751' title='bbox 1221 2590 1440 2618; x_wconf 90' lang='lat' dir='ltr'><strong>Tacbosdronem</strong></span> <span class='ocrx_word' id='word_1_752' title='bbox 1454 2589 1575 2622; x_wconf 87' lang='lat' dir='ltr'><strong>immisit,</strong></span> <span class='ocrx_word' id='word_1_753' title='bbox 1588 2589 1633 2624; x_wconf 91' lang='lat' dir='ltr'><strong>qui</strong></span> <span class='ocrx_word' id='word_1_754' title='bbox 1645 2593 1730 2616; x_wconf 85' lang='lat' dir='ltr'><strong>terras</strong></span> 
     </span>
    </p>
   </div>
   <div class='ocr_carea' id='block_1_109' title="bbox 940 2635 1725 2670">
    <p class='ocr_par' dir='ltr' id='par_1_109' title="bbox 940 2635 1725 2670">
     <span class='ocr_line' id='line_1_109' title="bbox 940 2635 1725 2670; baseline -0.003 -7"><span class='ocrx_word' id='word_1_755' title='bbox 940 2636 1053 2665; x_wconf 87' lang='lat' dir='ltr'><strong>ditionis</strong></span> <span class='ocrx_word' id='word_1_756' title='bbox 1081 2636 1263 2664; x_wconf 79' lang='lat' dir='ltr'><strong>Romanorum</strong></span> <span class='ocrx_word' id='word_1_757' title='bbox 1287 2635 1377 2664; x_wconf 90' lang='lat' dir='ltr'><strong>subito</strong></span> <span class='ocrx_word' id='word_1_758' title='bbox 1403 2635 1511 2668; x_wconf 85' lang='lat' dir='ltr'><strong>invasit,</strong></span> <span class='ocrx_word' id='word_1_759' title='bbox 1528 2639 1555 2662; x_wconf 88' lang='lat' dir='ltr'><strong>et</strong></span> <span class='ocrx_word' id='word_1_760' title='bbox 1576 2635 1725 2670; x_wconf 81' lang='lat' dir='ltr'><strong>prapinqua</strong></span> 
     </span>
    </p>
   </div>
   <div class='ocr_carea' id='block_1_110' title="bbox 731 2693 1084 2723">
    <p class='ocr_par' dir='ltr' id='par_1_110' title="bbox 731 2693 1084 2723">
     <span class='ocr_line' id='line_1_110' title="bbox 731 2693 1084 2723; baseline 0.008 -3"><span class='ocrx_word' id='word_1_761' title='bbox 731 2693 848 2721; x_wconf 62' lang='lat' dir='ltr'><strong>VARIAE</strong></span> <span class='ocrx_word' id='word_1_762' title='bbox 882 2694 1084 2723; x_wconf 83' lang='lat' dir='ltr'><strong>LECTIONES.</strong></span> 
     </span>
    </p>
   </div>
   <div class='ocr_carea' id='block_1_111' title="bbox 143 2750 464 2785">
    <p class='ocr_par' dir='ltr' id='par_1_111' title="bbox 143 2750 464 2785">
     <span class='ocr_line' id='line_1_111' title="bbox 143 2750 464 2785; baseline 0.006 -9"><span class='ocrx_word' id='word_1_763' title='bbox 143 2750 164 2766; x_wconf 74' lang='grc' dir='ltr'>η</span> <span class='ocrx_word' id='word_1_764' title='bbox 177 2750 361 2785; x_wconf 83' lang='grc' dir='ltr'>ποιησάμενον</span> <span class='ocrx_word' id='word_1_765' title='bbox 391 2751 464 2785; x_wconf 75' lang='lat' dir='ltr'><strong>vulg.</strong></span> 
     </span>
    </p>
   </div>
   <div class='ocr_carea' id='block_1_112' title="bbox 515 2750 1336 2788">
    <p class='ocr_par' dir='ltr' id='par_1_112' title="bbox 515 2750 1336 2788">
     <span class='ocr_line' id='line_1_112' title="bbox 515 2750 1336 2788; baseline 0.001 -11"><span class='ocrx_word' id='word_1_766' title='bbox 515 2752 537 2767; x_wconf 65' lang='grc' dir='ltr'><strong>θ’</strong></span> <span class='ocrx_word' id='word_1_767' title='bbox 553 2750 628 2778; x_wconf 75' lang='grc' dir='ltr'>οἷοίτ’</span> <span class='ocrx_word' id='word_1_768' title='bbox 643 2751 687 2782; x_wconf 82' lang='grc' dir='ltr'><strong>ΙΙ..</strong></span> <span class='ocrx_word' id='word_1_769' title='bbox 717 2753 766 2779; x_wconf 69' lang='lat' dir='ltr'><strong>olor.</strong></span> <span class='ocrx_word' id='word_1_770' title='bbox 798 2752 857 2788; x_wconf 80' lang='lat' dir='ltr'><strong>(sic)</strong></span> <span class='ocrx_word' id='word_1_771' title='bbox 881 2753 953 2787; x_wconf 83' lang='lat' dir='ltr'><strong>vulg.</strong></span> <span class='ocrx_word' id='word_1_772' title='bbox 994 2753 1001 2769; x_wconf 89' lang='grc'>¹</span> <span class='ocrx_word' id='word_1_773' title='bbox 1019 2752 1058 2788; x_wconf 79' lang='grc' dir='ltr'>ἐν]</span> <span class='ocrx_word' id='word_1_774' title='bbox 1074 2753 1112 2783; x_wconf 79' lang='grc' dir='ltr'>ὡς</span> <span class='ocrx_word' id='word_1_775' title='bbox 1126 2753 1158 2779; x_wconf 85' lang='grc' dir='ltr'>ἂν</span> <span class='ocrx_word' id='word_1_776' title='bbox 1170 2752 1290 2788; x_wconf 20' lang='grc' dir='ltr'>ἐννοοιιῇ.</span> <span class='ocrx_word' id='word_1_777' title='bbox 1306 2751 1336 2778; x_wconf 83' lang='grc' dir='ltr'><strong>Β.</strong></span> 
     </span>
    </p>
   </div>
   <div class='ocr_carea' id='block_1_113' title="bbox 112 2785 1147 2822">
    <p class='ocr_par' dir='ltr' id='par_1_113' title="bbox 112 2785 1147 2822">
     <span class='ocr_line' id='line_1_113' title="bbox 112 2785 1147 2822; baseline 0.002 -11"><span class='ocrx_word' id='word_1_778' title='bbox 112 2785 229 2822; x_wconf 80' lang='lat' dir='ltr'><strong>margine</strong></span> <span class='ocrx_word' id='word_1_779' title='bbox 250 2786 355 2822; x_wconf 15' lang='lat' dir='ltr'><strong>codicis?</strong></span> <span class='ocrx_word' id='word_1_780' title='bbox 374 2787 538 2822; x_wconf 73' lang='lat' dir='ltr'><strong>adscriptum</strong></span> <span class='ocrx_word' id='word_1_781' title='bbox 563 2791 604 2813; x_wconf 83' lang='lat' dir='ltr'><strong>cst.</strong></span> <span class='ocrx_word' id='word_1_782' title='bbox 629 2797 634 2813; x_wconf 93' lang='lat'>:</span> <span class='ocrx_word' id='word_1_783' title='bbox 658 2788 738 2822; x_wconf 75' lang='grc' dir='ltr'>Ζήτει</span> <span class='ocrx_word' id='word_1_784' title='bbox 762 2785 853 2820; x_wconf 62' lang='grc' dir='ltr'>ἐν’τῷ</span> <span class='ocrx_word' id='word_1_785' title='bbox 872 2785 941 2821; x_wconf 45' lang='lat' dir='ltr'><strong>mp):</strong></span> <span class='ocrx_word' id='word_1_786' title='bbox 961 2785 1147 2822; x_wconf 79' lang='grc' dir='ltr'>δημηγοριῶν.</span> 
     </span>
    </p>
   </div>
   <div class='ocr_carea' id='block_1_114' title="bbox 1392 2748 1724 2784">
    <p class='ocr_par' dir='ltr' id='par_1_114' title="bbox 1392 2748 1724 2784">
     <span class='ocr_line' id='line_1_114' title="bbox 1392 2748 1724 2784; baseline -0.015 -6"><span class='ocrx_word' id='word_1_787' title='bbox 1392 2751 1403 2766; x_wconf 79' lang='grc'>²</span> <span class='ocrx_word' id='word_1_788' title='bbox 1418 2750 1443 2777; x_wconf 81' lang='grc' dir='ltr'>οἳ</span> <span class='ocrx_word' id='word_1_789' title='bbox 1458 2749 1502 2781; x_wconf 76' lang='grc' dir='ltr'><strong>Ν..</strong></span> <span class='ocrx_word' id='word_1_790' title='bbox 1516 2750 1530 2776; x_wconf 80' lang='grc' dir='ltr'><strong>ὃ</strong></span> <span class='ocrx_word' id='word_1_791' title='bbox 1543 2749 1632 2784; x_wconf 33' lang='lat' dir='ltr'><strong>vulg,</strong></span> <span class='ocrx_word' id='word_1_792' title='bbox 1669 2748 1679 2764; x_wconf 85' lang='grc'>³</span> <span class='ocrx_word' id='word_1_793' title='bbox 1694 2748 1724 2784; x_wconf 68' lang='lat' dir='ltr'><strong>la</strong></span> 
     </span>
    </p>
   </div>
   <div class='ocr_carea' id='block_1_115' title="bbox 1205 2782 1727 2820">
    <p class='ocr_par' dir='ltr' id='par_1_115' title="bbox 1205 2782 1727 2820">
     <span class='ocr_line' id='line_1_115' title="bbox 1205 2782 1727 2820; baseline -0.008 -7"><span class='ocrx_word' id='word_1_794' title='bbox 1205 2787 1214 2803; x_wconf 72' lang='lat'>‘</span> <span class='ocrx_word' id='word_1_795' title='bbox 1231 2782 1279 2813; x_wconf 62' lang='lat' dir='ltr'><strong>om}</strong></span> <span class='ocrx_word' id='word_1_796' title='bbox 1294 2785 1366 2820; x_wconf 86' lang='lat' dir='ltr'><strong>conj.</strong></span> <span class='ocrx_word' id='word_1_797' title='bbox 1391 2785 1422 2813; x_wconf 82' lang='grc' dir='ltr'><strong>Ν.</strong></span> <span class='ocrx_word' id='word_1_798' title='bbox 1463 2785 1474 2801; x_wconf 84' lang='grc'>⁸</span> <span class='ocrx_word' id='word_1_799' title='bbox 1490 2785 1536 2813; x_wconf 75' lang='grc' dir='ltr'><strong>ἐπὶ</strong></span> <span class='ocrx_word' id='word_1_800' title='bbox 1558 2782 1682 2811; x_wconf 53' lang='lat' dir='ltr'><strong>suam</strong></span> <span class='ocrx_word' id='word_1_801' title='bbox 1694 2782 1727 2810; x_wconf 71' lang='grc' dir='ltr'>Ν,</span> 
     </span>
    </p>
   </div>
   <div class='ocr_carea' id='block_1_116' title="bbox 114 2820 1158 2857">
    <p class='ocr_par' dir='ltr' id='par_1_116' title="bbox 114 2820 1158 2857">
     <span class='ocr_line' id='line_1_116' title="bbox 114 2820 1158 2857; baseline 0 -9"><span class='ocrx_word' id='word_1_802' title='bbox 114 2821 123 2836; x_wconf 79' lang='grc'><strong><em>⁶</em></strong></span> <span class='ocrx_word' id='word_1_803' title='bbox 137 2820 331 2856; x_wconf 64' lang='grc' dir='ltr'>ἐγεγραφείτην</span> <span class='ocrx_word' id='word_1_804' title='bbox 349 2821 407 2849; x_wconf 80' lang='lat' dir='ltr'><strong>l‘ar.</strong></span> <span class='ocrx_word' id='word_1_805' title='bbox 447 2821 456 2836; x_wconf 82' lang='grc'>⁷</span> <span class='ocrx_word' id='word_1_806' title='bbox 474 2821 509 2853; x_wconf 63' lang='grc' dir='ltr'>ὡς</span> <span class='ocrx_word' id='word_1_807' title='bbox 534 2822 610 2848; x_wconf 87' lang='lat' dir='ltr'><strong>uncis</strong></span> <span class='ocrx_word' id='word_1_808' title='bbox 632 2820 801 2850; x_wconf 80' lang='lat' dir='ltr'><strong>inclusimus.</strong></span> <span class='ocrx_word' id='word_1_809' title='bbox 840 2823 851 2837; x_wconf 74' lang='lat'><strong><em>“</em></strong></span> <span class='ocrx_word' id='word_1_810' title='bbox 864 2820 1075 2857; x_wconf 72' lang='grc' dir='ltr'>αἰσθανομένους</span> <span class='ocrx_word' id='word_1_811' title='bbox 1087 2823 1158 2857; x_wconf 71' lang='lat' dir='ltr'><strong>vulg.</strong></span> 
     </span>
    </p>
   </div>
  </div>
