1943 3072
89 115 148 146 85:7

485 120 533 150 DE
554 121 833 152 LEGATIONIBUS
849 121 1092 153 ROMANORUM
1114 124 1163 154 AD
1180 124 1336 156 GENTES.

1663 127 1716 158 893

90 177 143 195 ato
160 169 191 196 τὸ
213 169 376 205 Ῥωμαῖκδιη
391 171 447 198 ἀλλ’
460 173 484 198 οι
500 173 549 208 μέν
571 175 634 209 περὶ
652 175 672 189 ¹²
696 174 819 210 Κοῦρσον
838 184 871 201 κα

937 175 1081 210 ἰννιιι-υιςς,
1099 178 1209 206 Sabiros
1227 185 1254 207 et
1265 180 1382 209 Albanos
1394 189 1447 209 non
1465 182 1570 214 penitus
1590 183 1717 211 sustulis-

88 214 235 250 Θεόδωρον
257 217 320 248 τοὺς
340 217 506 252 στρατιώτας
523 219 554 252 ¹³,
570 220 662 255 ἐπειδὴ
680 220 771 252 αὐτοῖς
794 221 882 255 ἀπήγ-

88 259 177 293 γελτο
198 261 247 293 "ﬁ
263 262 300 294 ὡς
322 264 424 298 νεμεσᾷ
439 272 468 289 τε
496 264 543 290 καὶ
568 265 718 298 ἀγανακτεῖ
732 267 746 292 ό
760 267 879 301 Καῖσαρ,

87 305 134 331 ὅτι
151 306 184 341 δὴ
200 307 357 339 ὲσὸαλόντες
372 309 401 334 ἐν
424 309 550 345 Ἀλὸανίᾳ
570 311 607 345 μὴ
625 311 776 346 ἀνέστησαν
794 312 880 339 artav—

86 358 142 382 τας
171 351 315 386 Σαόείρους
328 361 356 379 τε
370 353 416 379 καὶ
436 354 591 386 Ἀλϐανοὺς,
606 356 662 382 ἀλλ’
692 357 732 383 ὅτι
760 358 879 392 ὁμήρους

88 397 255 429 πεποιθότες
267 398 438 434 ἐξεχώρησαν
451 408 458 415 ·
471 402 672 434 κατεγνωκότες
689 411 718 428 τε
743 403 771 436 ἐξ
795 403 879 438 αὐτῆς

88 442 141 476 τῆς
157 443 266 477 πείρας,
292 443 330 479 τῷ
353 445 502 480 ἀφηνιάσαι
527 446 625 473 αὐτίκα
655 448 708 474 ἀπὸ
734 448 878 483 Ῥωμαίων

87 486 137 512 τὸν
152 487 280 521 Σαὸεἳρα,
295 487 333 519 ὡς
344 489 373 514 οὐ
391 489 462 516 κατὰ
472 490 501 516 τὸ
512 490 569 517 δέον
581 491 786 527 ὲπεπράχησαν,
805 502 877 529 παρ-

87 530 171 565 ώφθη
188 540 217 557 τε
231 531 283 558 ὑπὸ
300 533 374 567 σφῶν
394 534 424 560 τὸ
443 536 577 568 συνοῖσον,
606 537 699 573 ὥσπερ
725 539 822 573 ἀμέλει
845 541 877 566 ἐκ

89 576 279 610 μεταμελείας
295 577 371 610 αὖθις
387 578 531 611 ἐλάσαντες
543 581 571 608 ἐν
587 581 714 618 Ἀλὸανία
730 584 876 618 πρεσϐείας

85 617 159 654 ἦγον
176 622 238 653 τοὺς
265 622 411 659 Σαόείρους
431 633 460 651 τε
488 627 534 652 καὶ
564 626 718 660 Ἀλὸανοὺς,
749 631 875 665 πανοικίᾳ

88 667 164 699 σφᾶς
184 668 384 701 μετοικίζοντες
398 671 426 701 ἐς
442 670 476 697 τὰ
491 671 553 707 τῆδε
570 672 615 698 τοῦ
633 673 724 708 Κύρου
740 675 874 710 ποταμοῦ,

85 711 126 742 ὡς
141 711 235 738 λοιπὸν
256 714 285 740 ὲν
304 715 336 749 τῇ
359 714 499 751 Ῥωμαϊκῇ
522 716 675 744 διαιτᾶσθαι
702 719 788 754 χώρα.
815 720 874 747 Ἔτι

84 754 136 782 οὖν
151 756 289 793 Θεόδωρός
309 767 338 785 τε
361 760 407 786 καὶ
435 760 556 796 Κοῠρσος
581 763 610 788 ἐν
637 763 742 795 τούτοις
761 765 874 799 ἐνησχο-

84 800 201 835 λημένοι
232 803 388 838 ἐτύγχανον.
411 803 477 832 Εἶτα
502 807 718 842 ἐγκαλεσαμὲνου
744 809 790 836 τοῦ
804 811 873 837 Καί-

935 227 995 250 sent
1007 229 1033 250 et
1044 226 1281 259 cxtermiuassent,
1295 228 1342 255 sed
1353 228 1491 257 obsidibus
1507 228 1601 256 conﬁsi
1615 229 1717 257 disces-

934 269 1035 295 sissent
1053 279 1058 295 :
1073 271 1144 304 quod
1162 279 1242 306 quam
1259 272 1382 307 imprude
1389 273 1582 307 interfecerint,
1596 274 1668 309 ipsos
1682 283 1717 303 ex

934 318 1033 340 eventu
1052 316 1189 348 cognitum
1204 317 1302 344 habere
1322 327 1330 346 :
1349 319 1450 346 etenim
1465 319 1608 347 confestim
1628 320 1716 349 Sabiri

935 358 1014 393 159
1030 367 1045 385 a
1059 360 1188 390 Romanis
1203 363 1366 392 defecerant.
1378 363 1471 399 itaque
1483 366 1562 394 rebus
1578 371 1630 403 tam
1648 367 1716 394 male

932 405 1024 436 gestis,
1046 405 1205 439 poenitentia
1228 409 1366 439 commoti,
1399 417 1493 436 rursus
1519 411 1545 436 in
1574 410 1715 438 Albaniam

931 446 1060 482 impetum
1077 449 1210 482 fecerunt,
1229 456 1256 478 et
1272 451 1449 486 legationibus
1465 454 1575 481 Sabiros
1593 459 1619 481 et
1633 455 1714 482 Alba-

930 499 981 520 nos
998 493 1056 520 suis
1070 494 1180 522 sedibus
1199 497 1302 524 excitos
1316 498 1384 524 citra
1396 498 1469 532 ripas
1484 499 1545 533 Cyri
1561 499 1647 525 amnis
1662 500 1716 526 col-

930 537 1063 570 locarant,
1086 544 1116 565 ut
1137 539 1322 574 iuiposterum
1344 541 1372 568 in
1398 542 1581 570 Romanorum
1606 545 1715 572 ditionis

928 582 1085 618 regionibus
1116 584 1278 613 habitarent.
1313 586 1416 619 Quibus
1447 587 1527 615 rebus
1552 589 1714 623 peragendis

929 627 1030 656 Cursus
1050 634 1076 655 et
1090 627 1249 657 Theodorus
1271 630 1359 658 adhuc
1375 632 1499 666 oecupati
1517 637 1604 660 erant.
1621 634 1715 669 itaque

929 673 1020 701 Caesar
1042 672 1225 702 Justiniauum
1240 676 1334 704 ducem
1350 684 1397 711 per
1409 679 1545 705 Orientem
1567 679 1713 714 proficisci,

903 713 909 718 ’
928 724 955 747 et
968 720 994 746 in
1009 720 1137 748 Armenia
1150 720 1220 749 bello
1235 723 1352 757 gerendo
1371 731 1487 758 praeesse
1500 713 1594 758 jussit.
1607 725 1713 753 Nihilo.

927 765 1018 792 minus
1042 773 1128 800 neque
1139 765 1308 796 Justinianus
1328 770 1411 803 venit,
1427 770 1492 805 quia
1505 771 1556 798 hoc
1572 771 1611 798 illi
1625 772 1714 801 serius

927 811 1016 839 Caesar
1031 812 1204 847 signiticarat,
1227 822 1315 849 neque
1332 816 1370 842 rei
1391 815 1419 842 in
1448 821 1569 852 tempore
1590 820 1713 853 gerenda:

87 854 173 881 σαρος
196 848 379 877 Ὶουστινιανδν
393 851 439 878 τὸν
455 853 504 887 τῆς
517 853 575 880 Ἕω
584 855 734 889 στρατηγὸν
747 865 871 890 μεταφοι-

928 857 1127 892 opportunitate
1143 866 1208 886 usus
1226 859 1325 886 fuerat.
1341 860 1382 887 Ad
1396 861 1452 888 haec
1471 848 1530 889 auri
1546 848 1712 897 disiributio,

87 893 171 926 τῆσαι
187 893 235 920 καὶ
254 895 283 920 ἐν
305 895 435 931 Ἀρμενίᾳ
458 898 584 931 γενέσθαι
604 900 684 926 αὑτὸν
703 902 874 936 ἡγησόμενον

86 938 136 964 τοῦ
162 938 290 973 πολέμου,
315 941 390 967 οὐδὲν
409 940 490 978 ἦττον
505 944 552 970 καὶ
583 944 769 978 Ἰουστινιανὸς
797 947 873 975 οὔπω

87 984 190 1018 παρῆν,
220 984 258 1020 τῷ
287 986 408 1021 σημῆναι
425 987 502 1014 τοῦτο
518 989 592 1024 αὐτῷ
606 991 651 1017 τὸν
677 992 804 1027 Καίσαρα
824 994 872 1029 ὀψὲ

88 1030 137 1056 καὶ
153 1029 202 1057 οὐκ
221 1031 249 1056 ἐν
266 1031 353 1066 καιρῷ
370 1034 424 1064 τοῖς
442 1034 585 1069 πράγμασι
614 1037 778 1072 χρήσασθαι,
804 1042 872 1074 πρός

87 1082 122 1110 γε
139 1077 186 1103 καὶ
199 1077 246 1111 τῆς
259 1078 390 1113 συνήθους
412 1079 543 1116 διανομῆς
562 1081 609 1108 τοῦ
627 1084 738 1118 χρυσίου
750 1086 805 1117 τοῖς
820 1086 871 1121 ἐῴ-

88 1129 131 1151 οις
158 1122 320 1157 καταλόγοις
346 1125 533 1159 γεγενημένης
555 1126 603 1152 οὒκ
627 1128 788 1164 ἐπικαίρως,
804 1131 871 1158 ἀλλὰ

87 1167 157 1201 δῆτα
168 1168 400 1204 ἐφυστερησάσης.
421 1170 479 1196 Ἐπ’
494 1171 585 1202 ἀδείας
600 1170 646 1199 οὖν
663 1173 733 1201 οὕτω
752 1184 811 1207 πως
824 1177 871 1204 καὶ

89 1212 195 1238 ἀκονιτὶ
211 1212 354 1245 ἐλάσαντος
366 1215 394 1240 ἐν
405 1215 596 1252 Περσαρμενίᾳ
611 1218 741 1254 Χοσρόθυ,
758 1222 871 1256 μηδενός

88 1257 113 1282 οἱ
130 1256 403 1293 ἀντικαθισταμένου,
418 1260 443 1286 οἱ
459 1260 507 1295 μὲν
517 1261 682 1298 δασμοφόροι
696 1265 746 1300 τῆς
760 1266 870 1301 ἥττονος

95 1300 240 1336 Ἀρμενίας
251 1301 312 1329 οὔτε
327 1304 477 1339 ἐχρήσαντο
493 1308 576 1341 φυγῇ,
604 1300 789 1342 ἐκλελοιπότες
809 1313 870 1344 τοὺς

89 1346 191 1381 ἀγροὺς
206 1346 273 1381 οἵγε,
285 1347 353 1374 ἀλλὰ
369 1349 423 1383 γὰρ
438 1350 483 1376 καὶ
496 1351 529 1378 τὰ
547 1352 597 1378 ὅσα
610 1353 748 1389 ἐπιτήδεια
762 1355 872 1389 ξυνεχό-

90 1392 169 1426 μιζον
190 1392 229 1427 τῷ
244 1393 359 1429 στρατῷ.
383 1395 558 1430 Προϐαίνοντι
585 1398 613 1424 δὲ
629 1399 738 1436 Χοσρόῃ
762 1401 812 1428 ἀνὰ
835 1403 870 1430 τὰ

91 1437 185 1471 πρόσω
199 1439 222 1465 οἰ
238 1440 266 1465 ἐν
277 1439 315 1475 τῷ
326 1440 436 1476 κλίματι
449 1442 655 1478 Μακραὸανδῶν
667 1446 713 1472 καὶ
725 1447 869 1482 Ταραννῶν

89 1482 189 1517 ἣκιστα
203 1483 309 1517 έμενον,
322 1485 359 1516 ὡς
379 1486 482 1521 μηδένα
496 1487 623 1523 πάμπαν,
637 1490 705 1525 μήτε
725 1491 868 1528 ἄνθρωπον

927 903 999 937 quod
1016 902 1194 932 orientalibus
1216 905 1384 933 exercitibus
1407 907 1565 941 debebatur,
1590 917 1643 936 non
1663 917 1712 937 suo

927 951 1058 984 tempore,
1082 949 1130 977 sed
1145 951 1251 978 tardius
1263 951 1333 980 facta
1351 951 1450 980 fuerat.
1467 952 1560 988 Itaque
1578 955 1713 984 Cbosroes

926 992 1080 1020 Armeniam
1096 994 1162 1022 liber
1177 995 1212 1022 ab
1226 995 1300 1023 omni
1320 1001 1390 1024 metu
1413 998 1472 1025 sine
1487 999 1540 1025 ulla
1558 999 1712 1027 difficultate

926 1038 1077 1072 occupavit,
1092 1047 1153 1066 eum
1165 1048 1244 1067 nemo
1255 1040 1380 1069 inventus
1392 1048 1475 1077 esset,
1491 1044 1536 1078 qui
1553 1044 1590 1071 illi
1606 1045 1713 1073 resiste-

924 1087 975 1110 ret.
989 1083 1079 1118 Neque
1095 1092 1160 1112 vero
1175 1086 1254 1112 etiam
1267 1086 1380 1115 minoris
1394 1088 1527 1116 Armeniis
1541 1090 1646 1122 incolae.
1666 1091 1710 1125 qui

926 1126 1058 1157 Romanis
1077 1130 1223 1164 vectigales
1246 1136 1334 1164 erant,
1355 1132 1445 1168 fugam
1465 1141 1605 1169 ceperunt,
1624 1143 1712 1170 neque

926 1180 1005 1208 agros
1021 1173 1234 1210 dereliquerunt,
1250 1178 1296 1204 sed
1317 1183 1485 1207 commeatus
1498 1181 1628 1208 exercitui
1648 1181 1713 1209 Sub-

929 1219 1128 1249 ministrarunt.
1145 1221 1197 1250 Sed
1209 1231 1269 1250 cum
1281 1223 1416 1252 Cbosroes
1432 1225 1545 1253 ulterius
1560 1227 1711 1262 progrede-

924 1265 1063 1300 rctur,fqui
1078 1266 1105 1294 in
1118 1267 1229 1301 regione
1236 1267 1476 1296 Macrabandorum
1485 1275 1512 1298 et
1522 1270 1708 1298 Turannorutn

925 1310 1083 1338 habitabant
1100 1312 1211 1340 minime
1231 1314 1383 1347 manebant,
1405 1319 1432 1342 ut
1448 1323 1527 1343 nemo
1546 1317 1709 1345 mortalium.

925 1364 1012 1391 neque
1025 1364 1090 1384 veto
1108 1358 1192 1386 etiam
1205 1358 1287 1385 ullum
1313 1360 1412 1396 animal
1436 1364 1551 1388 vectura:
1570 1367 1660 1396 aptum
1681 1363 1709 1390 in

924 1401 967 1428 bis
983 1401 1049 1429 locis
1063 1402 1276 1437 conspiceretur.
1290 1393 1357 1431 cim
1370 1404 1441 1431 enim
1457 1412 1504 1433 rex
1517 1405 1650 1434 hostiliter
1666 1408 1708 1434 ir-

924 1452 1070 1482 rumperet,
1085 1454 1180 1476 omnes
1193 1449 1318 1484 agricolae
1333 1450 1495 1486 aufugerunt
1507 1457 1534 1479 et
1551 1452 1641 1479 omnia
1656 1452 1709 1479 late

923 1492 1078 1520 hominibus
1092 1500 1173 1520 vacua
1187 1499 1276 1527 erant,
1306 1503 1395 1530 neque
1415 1504 1526 1532 usquam
1543 1497 1641 1532 aliquid
1653 1498 1706 1524 vivi

91 1528 159 1564 μήτε
174 1528 226 1564 μὴν
241 1530 387 1565 ὑποζύγιόν
411 1540 436 1558 τι
456 1532 478 1548 ¹⁸
500 1532 626 1568 ὀφθῆναι.
638 1523 706 1562 ν’Ᾰτε
721 1523 870 1573 γὰρ-πολε-

924 1536 1149 1572 conspiciebatur.
1174 1523 1278 1566 interea
1309 1523 1477 1572 Theodorus,
1504 1523 1602 1567 Bacch‘i
1618 1523 1708 1571 Vtilius.

90 1573 151 1607 μίου
167 1574 297 1608 βασιλέως
320 1576 476 1610 ἐπελθόντος
498 1579 633 1615 ἁπέδρασε
656 1583 711 1609 πᾶν
726 1583 756 1609 τὸ
773 1592 871 1620 γεηπο-

89 1618 161 1651 νοῦν,
180 1619 226 1646 καὶ
243 1621 330 1657 πάντῃ
353 1621 387 1648 τὰ
417 1623 508 1660 ἐκείνῃ
537 1626 683 1662 ἐχήρευσεν
709 1618 870 1665 ἀνθρώπων.

96 1663 174 1691 Ἀλλὰ
201 1666 248 1692 καὶ
275 1667 394 1702 γηρᾶσαι
422 1669 446 1685 ¹⁸
467 1669 627 1706 βουλόμενον
656 1674 738 1709 μηδέν
763 1663 790 1702 τι
817 1677 871 1704 τῶν

90 1710 198 1737 πάντων
222 1711 299 1743 ζώων
321 1713 343 1730 ¹⁶
362 1715 493 1750 ἐντυχεῖν.
518 1717 561 1744 Ἐν
575 1718 661 1753 τούτῳ
674 1721 722 1746 καὶ
736 1721 871 1757 Θεόδωρος

90 1756 104 1781 ὁ
121 1755 225 1791 Βάκχον
237 1757 378 1793 ἐφοίτησεν
398 1759 435 1792 ὡς
457 1760 548 1794 αὐτὸν,
561 1763 669 1796 ἐδέξατο
684 1773 713 1791 τε
728 1766 773 1792 τὸν
786 1755 869 1803 ἄνδρα

91 1800 136 1845 καὶ
159 1799 298 1836 ξυνόμιλος
323 1804 348 1829 οἰ
375 1805 484 1838 ἐγένετό
507 1806 588 1843 [πως]
614 1809 778 1844 ήμερὼτατά
799 1799 866 1845 mit-.7,

91 1844 135 1871 τὺν
149 1845 198 1880 μὲν
224 1847 353 1882 Καίσαρα
370 1848 404 1874 δι’
427 1849 564 1884 εὐφημίας
589 1851 673 1885 ἄγων,
701 1853 814 1887 φάσκων
839 1844 869 1881 τε

91 1889 260 1921 ἀσπάζεσθαι
275 1891 322 1926 τὴν
333 1892 372 1923 ὼς
387 1892 467 1919 αὐτὸν
480 1894 591 1930 είρήνην
607 1904 636 1922 τε
648 1897 695 1923 καὶ
706 1898 869 1934 φιλοφροσύ-

92 1943 139 1970 νην
152 1943 158 1950 ·
178 1935 245 1969 μηδέ
260 1936 313 1971 γὰρ
328 1938 466 1971 γεγονέναι
481 1939 531 1973 τῆς
554 1939 652 1976 ἔχθρας
673 1943 694 1958 ¹’¹
715 1942 769 1970 τῶν
790 1953 871 1971 σπον-

92 1980 142 2007 δῶν
153 1982 238 2008 αῐτιον
252 1990 260 1997 '
284 1982 425 2010 ’1ουστῖνον
440 1984 468 2011 δὲ
487 1985 508 2001 ¹⁸
524 1985 569 2012 τὸν
584 1986 696 2021 βασιλέα
711 1989 739 2020 ἐς
756 1990 868 2017 τούναν-

90 2025 144 2051 τίον
153 2025 240 2060 λέγων
251 2027 353 2058 κακῶς.
373 2026 439 2055 Εἶτα
454 2029 482 2061 ἐς
493 2029 526 2057 τὰ
541 2031 634 2065 πρόσω
648 2032 746 2067 ἤλαυνε
761 2033 804 2060 διὰ
820 2036 870 2070 τῆς

90 2070 259 2106 καλουμένης
282 2071 427 2107 Βαδιανῆς,
443 2073 578 2109 ἑπομένου
596 2076 620 2102 οι
636 2078 683 2103 καὶ
709 2077 848 2113 Θεοδώρου
860 2087 867 2094 ·

90 2114 211 2141 ἐσϐάλλει
224 2123 253 2142 τε
268 2116 308 2146 είς
323 2115 371 2151 τὴν
390 2116 532 2151 Ῥωμαίων
554 2119 699 2154 ’Δρμενίαν
714 2122 784 2148 κατὰ
803 2122 868 2149 Θεο-

922 1582 996 1610 venit
1012 1583 1044 1609 ad
1056 1590 1133 1616 eum;
1152 1583 1174 1610 is
1191 1583 1326 1612 hominem
1344 1585 1461 1620 benigne
1474 1585 1589 1620 excepit.
1607 1589 1633 1613 et
1643 1592 1705 1612 cmn

922 1635 954 1655 eo
969 1627 1137 1656 familiariter
1152 1634 1328 1657 conversatus
1343 1630 1377 1658 de
1390 1630 1498 1658 Caesare
1517 1631 1585 1658 bene
1603 1631 1707 1658 locntns

921 1678 974 1705 est,
994 1681 1077 1709 seque
1091 1681 1161 1709 cum_
1176 1675 1223 1702 illo
1238 1680 1266 1703 et
1283 1682 1376 1710 pacem
1398 1681 1425 1703 et
1446 1675 1592 1703 amicitiam
1608 1683 1708 1710 cupere

921 1719 990 1746 dixit
1006 1728 1013 1746 :
1026 1727 1077 1748 nec
1090 1721 1162 1748 enim
1176 1729 1237 1748 eum
1256 1721 1471 1754 inimicitiarum,
1485 1728 1545 1756 quae
1560 1729 1591 1749 ex
1606 1722 1708 1748 violato

922 1764 1023 1792 findere
1037 1770 1104 1793 orta:
1116 1770 1202 1798 erant.
1217 1771 1355 1794 auctorem
1371 1774 1448 1800 esse;
1464 1766 1600 1794 Justinum
1615 1771 1706 1793 autem

921 1809 1111 1844 imperatorem
1126 1811 1297 1839 sermonibus
1313 1812 1382 1838 male
1397 1811 1524 1839 habebat.
1542 1811 1643 1839 Deinde
1659 1812 1706 1838 ul-

922 1856 1006 1884 terius
1022 1863 1068 1890 per
1082 1856 1231 1884 Vadianam
1246 1863 1408 1891 progressus
1422 1861 1472 1888 est,
1489 1860 1516 1883 et
1529 1864 1589 1883 eum
1601 1863 1705 1890 seque-

921 1901 1000 1928 batur
1013 1900 1181 1929 Theodorus.
1196 1901 1329 1936 Verejam
1340 1905 1446 1928 exacto.
1462 1901 1630 1932 Armeniam,
1647 1906 1706 1934 qua:

921 1946 1050 1974 Romanis
1075 1947 1185 1981 parebat
1209 1951 1236 1974 et
1261 1945 1469 1981 Tbeodosiopoli
1498 1945 1618 1980 proxima
1636 1950 1704 1986 erat,

920 1991 1018 2019 invasit
1034 1999 1042 2020 :
1059 1999 1112 2026 quo
1128 1992 1227 2019 factum
1247 1996 1298 2022 est,
1317 1996 1346 2018 ut
1363 1991 1458 2019 codem
1479 1995 1600 2025 tempore
1621 1989 1704 2016 numii

921 2037 1078 2073 Byzantium
1093 2036 1263 2072 pervenirent
1278 2036 1418 2063 Persarum
1434 2043 1525 2071 regem
1538 2035 1703 2066 Armeniam,

921 2090 972 2117 qua
988 2082 1102 2110 Romani
1125 2082 1344 2115 dominabantur,
1358 2089 1392 2110 ex
1408 2081 1553 2117 improviso
1568 2079 1703 2112 adortum,

922 2128 1160 2164 Thcodosiopoiim
1184 2136 1269 2163 usque
1292 2132 1449 2163 penetrasse
1473 2128 1642 2157 nuntiarent;
1677 2129 1705 2152 et

90 2160 264 2193 δοσιούπολιν,
293 2160 421 2196 λήγοντος
445 2163 496 2198 ήδη
520 2163 568 2190 τοῦ
582 2164 680 2200 ἔαρος·
705 2167 775 2193 ὥστε
799 2169 868 2195 κατὰ

924 2174 980 2209 ipse
995 2174 1021 2201 in
1037 2160 1156 2201 his—locis
1170 2179 1251 2200 esset.
1266 2172 1304 2200 Eo
1315 2179 1377 2200 eum
1394 2171 1556 2203 advenisset,
1572 2178 1587 2198 e
1597 2171 1704 2204 regione

90 2205 184 2232 ταύτὸν
209 2206 231 2222 ¹⁹
257 2206 444 2243 ξυνενεχθῆναι
459 2209 521 2241 τούς
535 2218 564 2236 τε
579 2211 793 2248 ἀγγελιαφόρους
807 2214 870 2249 ἅψις

91 2251 183 2278 κέσθαι
211 2252 239 2278 ἐν
257 2252 396 2289 Βυζαντίῳ
410 2255 473 2286 τοὺς
492 2255 672 2291 δηλώσοντας,
685 2257 723 2290 ὡς
735 2259 869 2295 ἀπροσδό-

90 2305 158 2332 κητα
183 2297 283 2332 ἐπέστη
309 2300 340 2334 τῇ
372 2300 516 2335 Ῥωμαίων
552 2301 681 2338 ’Δρμενίᾳ
709 2303 833 2338 βασιλεὺς
855 2306 869 2334 ὁ

92 2342 199 2377 Περσῶν
219 2343 267 2370 καὶ
283 2344 344 2370 ὅσον
358 2344 434 2372 οὔπω
447 2347 694 2382 προσενεχθήσεται
715 2348 868 2377 Θεοδοσιου-

91 2387 174 2420 πόλει,
189 2388 235 2414 καὶ
249 2389 329 2415 αὐτὸν
342 2390 431 2417 ἐκεῖσε
442 2392 580 2426 παρεῖναι.
602 2393 678 2420 Ἐπεὶ
701 2391 748 2422 οὖν
761 2395 868 2429 ἐγένετο

91 2432 180 2465 αὑτοῦ,
196 2433 460 2468 ἐστρατοπεδεύσατο
474 2437 503 2468 ἐς
526 2438 556 2464 τὸ
586 2439 760 2475 ’Δραϐησσῶν
774 2442 867 2469 ἐπικε-

92 2478 222 2513 κλημένον
240 2482 349 2516 χωρίον,
363 2483 436 2518 ἀμφὶ
452 2484 482 2510 τὸ
503 2486 687 2522 μεσημϐρινὸν
713 2487 797 2524 κλίμα
822 2489 868 2516 τοῦ

91 2524 192 2556 ἄστεος,
201 2525 230 2552 τὺ
242 2526 270 2553 δέ
280 2527 311 2562 δὴ
327 2527 646 2566 Ῥωμαίωννστράτευμα,
665 2533 730 2560 αὑτό
739 2542 771 2568 γε
783 2534 868 2569 δήπου

91 2570 120 2595 τὸ
150 2571 348 2607 συναθροισθὲν,
368 2573 406 2605 ὡς
423 2574 491 2608 πρὸς
519 2576 619 2611 ἄρκτον
641 2579 704 2613 περὶ
729 2580 760 2606 τὸ
784 2580 868 2614 κλίμα

92 2615 120 2642 τὸ
134 2616 297 2652 καλούμενον
311 2619 504 2654 συναγόμενον,
517 2621 544 2652 ἐς
557 2621 694 2657 ὑπώρειαν
704 2633 764 2650 τινα
776 2625 866 2659 ὅρους.

921 2216 1012 2251 oppidi
1027 2217 1060 2243 ad
1076 2217 1215 2243 meridiem
1231 2215 1281 2243 sita
1296 2224 1355 2250 quae
1371 2216 1565 2243 Abaressorum
1579 2219 1702 2245 vocatur,

920 2267 1010 2290 castra
1030 2261 1120 2296 posuit
1141 2271 1147 2289 :
1165 2262 1349 2288 Romanorum
1369 2268 1435 2289 vero
1453 2261 1599 2288 exercitus.
1618 2266 1703 2293 quan-

921 2313 977 2334 tum
1003 2307 1118 2334 militum
1142 2307 1202 2342 cogi
1229 2307 1325 2342 potuit,
1351 2306 1554 2342 septentrionali
1573 2309 1649 2340 parte
1676 2304 1702 2330 in

919 2352 1029 2388 regione
1051 2357 1156 2385 vocata,
1174 2353 1200 2379 in
1224 2352 1316 2380 radice
1331 2351 1471 2388 cujusdam
1488 2351 1588 2379 montis
1602 2350 1704 2378 consti-

920 2402 992 2425 tutus
1002 2402 1053 2426 est.
1069 2397 1202 2426 (latter-um
1216 2398 1351 2425 Cbosroes
1366 2399 1392 2425 in
1407 2401 1555 2432 conspectu
1572 2395 1703 2423 Theodori

920 2444 1067 2478 equitatum
1083 2443 1111 2470 in
1128 2443 1212 2471 aciem
1227 2443 1332 2476 eduxit,
1347 2450 1425 2477 quem
1438 2443 1465 2470 in
1482 2446 1585 2469 turmas
1595 2446 1623 2469 et
1636 2440 1702 2490 plna:

920 2488 1014 2523 langas
1028 2488 1107 2523 160
1120 2488 1222 2522 divisit,
1241 2493 1269 2516 et
1282 2488 1350 2523 ipse,
1364 2495 1434 2522 equo
1450 2494 1609 2519 conscenso,
1625 2488 1702 2520 quasi

921 2534 947 2561 id
977 2535 1115 2568 inopinato
1136 2539 1163 2562 et
1189 2542 1263 2567 casu,
1287 2542 1339 2561 non
1364 2533 1398 2562 de
1427 2533 1558 2560 industria
1590 2532 1701 2563 taceret,

920 2587 1000 2614 quam
1027 2579 1117 2606 valido
1140 2584 1168 2607 et
1187 2580 1286 2614 vigenti
1303 2586 1417 2614 corpore
1434 2583 1516 2612 esset,
1537 2577 1700 2605 ostentabat.

922 2624 1053 2659 Sperabat
1065 2630 1165 2658 autem,
1179 2624 1405 2662 Theodosiopolin
1421 2631 1451 2653 se
1461 2624 1550 2658 aliquo
1563 2623 1643 2651 modo
1657 2630 1702 2650 e1-

714 2679 830 2707 VARIA‘I
862 2680 1062 2709 LECTIONES.

126 2731 145 2769 ξ’
157 2731 220 2769 περὶ
235 2739 289 2759 om.
306 2733 349 2769 ed.
359 2732 428 2769 Par.
458 2733 489 2769 _”
503 2735 672 2769 στρατηγοὺς
685 2736 758 2769 conj.
772 2736 802 2763 Β.

95 2767 113 2783 ’³
128 2766 243 2802 οηρᾷσαι
261 2768 335 2802 conj.
353 2767 476 2795 Cantocl.

95 2802 115 2818 "
128 2801 195 2828 κατὰ
211 2801 307 2829 nam
325 2802 367 2836 8.,
384 2802 445 2830 κατ’
462 2802 542 2830 αὐτὴν
556 2805 628 2839 vulg.

856 2737 876 2773 l'
887 2739 895 2748 ‘
914 2737 1073 2772 ἀπήγγελτο
1088 2737 1130 2769 Β..
1150 2738 1320 2773 ἀπήγγελλον
1331 2738 1403 2773 vulg.

527 2768 636 2808 “(<wa
660 2770 704 2804 H.,
726 2768 794 2803 ζώεν
822 2772 892 2807 vulg.
917 2768 1011 2808 ἐτυᾷίεν
1040 2773 1073 2800 il.

1445 2738 1466 2754 ιδ
1480 2746 1508 2765 τε

1664 2737 1698 2759 In.

1124 2758 1130 2769 ,
1150 2744 1320 2771 απηγγελλον
1331 2744 1403 2773 vutg.
1445 2744 1466 2754 "
1480 2746 1508 2765 τε
1524 2745 1572 2771 pro
1581 2746 1608 2763 τι
1625 2744 1690 2798 νωᾶ

1124 2773 1145 2790 ¹⁷
1162 2772 1273 2808 ἔχθρας]
1304 2772 1406 2804 λύσεως
1420 2773 1452 2801 Ν.
1511 2773 1532 2789 ¹⁹
1544 2772 1572 2799 δέ
1586 2772 1647 2800 add.

1511 2773 1532 2789 "
1544 2772 1572 2799 δέ
1586 2772 1647 2800 add.
1669 2772 1700 2798 B-
