1943 3072
144 140 196 171 903

531 137 578 167 DE
598 135 880 166 LEGATIONIBUS
900 134 1143 165 ROMANORUM
1162 135 1212 164 AD
1229 133 1383 163 GENTES.

1707 133 1760 165 906

144 203 193 226 νας
218 193 316 228 ἄνδρας
339 191 478 226 πρέσϐεις,
508 191 555 217 καὶ
578 191 609 216 τὸ
639 191 672 225 τῇ
694 191 762 225 ἀκοῇ
789 189 836 228 κα]-
863 190 930 224 μόνῃ

984 188 1040 222 ipso
1058 189 1231 221 horrendum,
1250 188 1320 216 facto
1339 189 1417 225 longe
1432 188 1588 216 horribilius
1603 193 1629 216 et
1641 189 1760 218 detesta-

146 225 345 275 φοόερδν-έργῳ
361 225 534 272 δειχθήσεται
554 235 743 271 φοϐερώτερον
756 243 763 250 υ
791 225 926 269 εὐξαίμην

146 286 180 313 ἂν
201 284 240 319 τῷ
251 284 320 310 κατὰ
336 283 366 309 σὲ
384 283 457 316 ξίφει
470 283 590 317 τήμερον
610 282 660 316 τὴν
675 281 833 308 τελευταίαν
851 281 925 310 ἰδεῖν,

145 329 223 357 τοῦτο
236 329 285 364 μὲν
295 327 456 362 ψευδολογίᾳ
467 327 572 362 χαίρειν
589 326 714 362 ἀκηκοὼς
731 326 776 352 τὸν
799 325 859 352 κατ’
877 326 926 359 ἐμὲ

147 375 268 411 βασιλέα,
284 374 362 400 τοῦτο
378 373 407 400 δὲ
427 372 608 407 ψευδομένους
620 372 694 406 αύτῷ
707 373 769 404 τοὺς
787 371 925 407 πρέσϐεις.

145 422 191 448 Διὸ
205 421 236 456 δὴ
250 418 451 454 ὲκλιπαροῦμεν
470 418 620 453 πραότερον
646 419 713 452 ἡμῖν
740 417 924 452 προσϐλέψαι,

147 467 194 493 καὶ
213 465 352 500 ὕποχαλᾷν
365 464 414 498 τῆς
426 463 521 499 ὀργῆς,
536 463 582 490 καὶ
598 463 628 489 τδ
643 463 702 489 λίαν
717 462 852 497 ὀξύθυμον
867 462 928 496 φιλ-

148 510 282 546 ανθρώπῳ
302 509 530 544 καταμαλάττειν,
547 507 587 534 ἔτι
612 517 643 542 γε
659 507 713 543 μὴν
725 507 765 543 τῷ
780 507 862 542 κοινῴ
875 507 928 533 τῶν

148 555 289 591 πρέσϐειον
315 554 456 581 πείθεσθαι
486 554 572 589 νόμῳ.
608 554 725 589 Εἰρήνης
764 553 818 589 γάρ
846 553 929 588 ἔσμεν

148 602 272 637 ἐργάται,
288 600 335 628 καὶ
353 599 523 636 πραγμάτων
535 599 618 626 ὁσίων
634 599 732 634 ταμίαι
751 599 774 615 ⁸ο
790 598 926 634 καθεστή-

148 654 246 680 καμεν.
278 645 383 676 Ἀλλως
396 653 426 671 τε
442 645 483 670 δεῖ
506 652 537 670 σε
552 644 599 671 καὶ¹
614 643 662 678 τῆς
676 643 806 678 πατρῴας
829 643 930 678 κληρο-

148 691 282 726 νομοῦντα.
293 691 344 725 γῆς
358 699 388 717 τε
406 691 452 716 καὶ
466 690 550 725 τύχης
565 690 611 716 καὶ
632 689 696 721 τοὺς
719 689 862 724 πατρῴους
873 689 930 715 δια-

147 736 270 772 δέχεσθαι
298 736 399 770 φίλους,
421 736 467 762 καὶ
507 735 603 770 ὥσπερ
629 734 753 770 ήγεῖσοαι
767 735 813 760 καὶ
834 734 931 764 αὐτοὺς

147 783 239 817 κτῆμα
250 781 376 816 πατρῷον
391 779 471 814 εἶναι,
493 782 573 808 ὁπότε
591 781 639 807 καὶ
665 779 837 813 Διλζίὸουλος
851 780 865 806 ὁ
877 787 930 806 πα-

147 829 201 863 τὴρ
223 829 237 854 ὁ
264 827 320 858 σὸς,
353 826 503 861 αὐθαίρετα
533 825 715 862 προσδραμὼν
731 827 764 861 τῇ
781 826 843 852 καθ’
857 825 932 860 ἡμᾶς

148 871 280 906 πολιτείᾳ,
314 871 343 897 τδ
371 871 555 906 φιλορώμαιος
587 870 689 905 μᾶλλον
717 870 734 905 ἦ
765 869 931 905 φιλοπέρσης

147 917 288 951 ἠσπάσατο
296 917 329 944 ⁸³.
357 917 503 951 Μεμένηκε
518 915 662 950 τοιγαροῦν
678 916 742 950 ὑμῖν
758 916 780 932 ⁸³
804 915 838 941 τὰ
853 914 900 941 τοῦ
908 914 932 930 ⁸³

148 963 209 988 καθ’
224 963 296 996 ἡμᾶς
313 962 378 997 ἄχρι
400 962 448 988 καὶ
468 961 515 987 νῦν
539 961 665 997 ἄφθαρτα
677 969 706 987 τε
718 962 766 987 καὶ
785 960 929 990 ἀσάλευτα,

149 1009 195 1034 καὶ
207 1008 240 1043 δὴ
251 1008 299 1042 τῆς
314 1007 400 1041 αὐτῆς
414 1007 536 1042 ἐχόμενοι
562 1006 766 1042 φιλοφροσύνης
795 1005 933 1033 διατελοῦ-

150 1062 199 1088 μεν
213 1055 303 1088 ἡμεῖς.
322 1053 378 1080 Οὐκ
399 1053 486 1085 ἄλλως
517 1053 545 1080 δὲ
569 1053 617 1080 καὶ
645 1054 679 1080 τὰ
708 1053 770 1080 καθ’
800 1053 883 1087 ὑμᾶς,
902 1051 931 1078 εὖ

149 1095 221 1130 οῖδα,
244 1096 282 1131 τῷ
307 1097 407 1132 βεεαίῳ
430 1098 572 1133 στήσεται·
597 1097 731 1133 ὀρθότατα
743 1097 766 1114 ⁸⁸
795 1099 850 1132 γὰρ
873 1097 932 1124 διὰ-

149 1150 209 1169 νοια
225 1143 433 1178 προσφερομένη
452 1143 519 1179 πρὸς
537 1144 584 1170 τὸν
600 1143 695 1176 πέλας,
710 1145 756 1170 καὶ
774 1143 811 1179 μὴ
835 1145 933 1179 ἐκτρα-

150 1190 232 1215 πεῖσα
259 1188 306 1215 τοῦ
331 1189 492 1224 πρέποντος,
520 1189 570 1216 οὐκ
606 1189 866 1224 ἀγνωμονηοήσεται
894 1189 933 1222 τῷ

152 1235 244 1270 ἀδήλῳ
257 1234 280 1250 ¹¹
295 1234 345 1269 τῆς
359 1234 448 1269 ψυχῆς
476 1235 499 1251 ⁵⁸
532 1235 745 1269 ἀνταλλάγματι.
772 1244 780 1259 ι
804 1234 882 1261 Οὕτω
904 1234 933 1261 δὲ

152 1280 329 1307 Οὐαλεντίνου
366 1281 526 1315 εἰρηκότος,
551 1281 565 1307 ό
593 1280 761 1316 Τούρξανθος
794 1280 863 1315 ἐφη,
896 1282 934 1312 ὠς

154 1335 164 1352 ι
184 1326 248 1352 Δέον
264 1326 336 1360 ὑμᾶς
359 1325 477 1353 ἐνταῦθα
488 1326 663 1361 ἀφιγμένους,
684 1322 713 1359 Id)
736 1327 877 1361 Ῥωμαῖοι,
905 1328 934 1353 ὲν

153 1371 275 1406 μεγίστῳ
309 1379 340 1397 τε
362 1371 454 1398 πένθει
476 1371 603 1406 εὑρόντας
626 1372 675 1406 ἐμὲ
706 1372 864 1407 (ἀρτιθανὴς
879 1373 933 1407 γάρ

153 1426 199 1453 μοι
223 1416 391 1449 Διλζίὸουλος
406 1417 547 1452 όπατὴρ),
566 1418 782 1453 καταχαράττειν
799 1418 833 1445 τὰ
848 1418 932 1454 1:965-

151 1471 213 1489 wmt
253 1464 314 1494 ταῖς
343 1464 504 1498 μαχαίραις,
532 1463 681 1499 ἑπομένους
716 1464 754 1500 τῷ
781 1465 846 1499 παρ’
868 1465 933 1500 ἡμῖν

979 234 1058 261 bilius
1081 239 1240 269 appareret;
1264 242 1315 270 ego
1337 236 1380 262 hic
1395 242 1460 262 ense
1473 239 1518 262 tuo
1533 235 1663 270 trajectus
1680 241 1760 270 opta-

981 285 1035 304 rem
1049 284 1197 306 extremum
1221 279 1290 306 diem
1314 279 1414 311 videre,
1435 286 1496 306 eum
1520 279 1600 306 audio
1619 287 1633 306 a
1653 284 1678 307 te
1698 280 1760 314 dici,

981 329 1036 350 tum
1053 324 1242 358 imperatorem
1259 329 1381 352 nostrum
1394 325 1535 352 mendacio
1547 324 1684 357 delectari,
1703 330 1759 352 tum

979 376 1029 396 nos
1048 369 1152 404 legatos
1164 369 1231 404 ejus.
1247 369 1341 404 Itaque
1359 375 1384 396 te
1398 370 1533 404 supplices
1549 377 1661 397 oramus
1678 374 1761 405 atque

980 415 1159 447 obtestamur,
1185 420 1213 442 ut
1238 422 1286 442 nos
1309 415 1430 450 benignis
1456 415 1543 442 oculis
1569 415 1710 448 intuearis,
1735 423 1764 444 et

981 466 1033 487 tua:
1046 460 1093 488 irae
1106 460 1213 488 modum
1229 461 1342 493 faciens,
1365 460 1530 487 acerbiorem
1545 460 1628 487 animi
1650 461 1687 487 tui
1703 468 1762 488 mo-

980 510 1036 532 tum
1053 505 1179 540 aequitate
1203 510 1229 533 et
1253 505 1418 533 humanitate
1439 505 1545 540 mitiges
1569 510 1597 533 et
1618 506 1718 541 places,
1736 512 1763 533 et

980 551 1044 587 legi,
1060 558 1121 586 qua:
1137 555 1324 579 sacrosanctos
1345 551 1446 586 legatos
1460 558 1520 579 esse
1543 552 1692 584 constituit,
1717 561 1764 587 pa-

981 605 1051 625 reas.
1070 597 1170 626 Sumus
1189 597 1260 625 enim
1284 597 1358 632 pacis
1373 597 1488 624 ministri
1510 602 1537 625 et
1562 599 1664 626 sanctis
1685 599 1765 626 rebus

983 643 1170 678 dispensandi:
1181 650 1340 678 prmsumus.
1357 642 1445 677 Atque
1457 643 1538 670 etiam
1555 651 1615 670 cum
1631 645 1667 670 tui
1681 645 1765 678 patris

981 692 1069 715 morte
1090 687 1147 721 ejus
1164 687 1239 723 regni
1254 691 1281 714 et
1295 688 1414 715 omnium
1431 687 1596 714 fortunarum
1620 689 1765 716 hatreditas

982 733 1016 760 ad
1031 738 1056 759 te
1071 733 1234 767 pervenerit,
1249 737 1377 767 paternos
1386 740 1491 767 quoque
1506 734 1618 766 amicos,
1637 739 1764 768 tanquam

982 782 1121 811 paternam
1146 777 1354 812 possessionem,
1378 772 1425 804 tibi
1451 785 1484 805 ex
1502 778 1561 812 ejus
1590 781 1763 806 successione

982 822 1126 849 obvenisse
1156 823 1294 850 existimes
1321 827 1436 856 oportet.
1467 823 1572 850 Etenim
1604 829 1680 858 pater
1705 830 1766 852 tuus

983 873 1080 902 sponte
1103 875 1150 895 sua
1174 868 1208 895 ad
1226 872 1325 896 nostra:
1343 868 1496 903 reipublicae
1512 869 1659 896 amicitiam
1672 877 1766 898 accur-

983 920 1057 946 rens,
1083 913 1169 948 magis
1190 913 1372 941 Romanorum
1388 914 1501 946 amicus,
1526 922 1605 948 quam
1621 914 1764 942 Persarum

982 967 1042 988 esse
1056 961 1191 995 cupiebat.
1207 959 1299 996 Itaque
1314 966 1342 988 et
1360 961 1436 988 vobis
1451 960 1553 989 fwdera
1577 962 1714 989 nobiscum
1732 963 1766 990 ad

984 1007 1035 1034 hoc
1059 1015 1144 1041 usque
1164 1012 1268 1041 tempus
1296 1007 1427 1034 inviolata
1453 1009 1605 1040 manebant,
1622 1013 1650 1036 et
1667 1016 1715 1035 nos
1740 1010 1766 1035 in

984 1053 1076 1080 eadem
1094 1052 1287 1080 benevolentia:
1301 1052 1437 1080 voluntate
1455 1058 1617 1088 perstamus.
1634 1053 1686 1081 Vos
1698 1061 1766 1088 quo-

984 1106 1036 1132 que
1053 1099 1078 1125 in
1092 1106 1140 1125 nos
1156 1098 1249 1125 eodem
1266 1098 1356 1125 animo
1372 1103 1591 1133 perseveraturos
1606 1107 1666 1127 esse
1680 1100 1766 1127 conﬁ-

983 1143 1081 1170 dimus.
1098 1143 1166 1170 Nam
1182 1150 1243 1170 vera
1259 1143 1342 1170 animi
1358 1143 1488 1178 probitas,
1507 1151 1566 1179 quae
1581 1152 1717 1179 nnnqttam
1733 1147 1768 1173 ab

984 1190 1097 1217 honesto
1123 1191 1268 1222 aberravit,
1293 1198 1345 1217 non
1372 1196 1481 1225 propter
1495 1191 1624 1218 incertam
1650 1192 1766 1226 aliquam

982 1235 1074 1270 judicii
1101 1236 1276 1262 mutationem
1292 1235 1371 1262 iidem
1385 1236 1468 1263 fallet.
1488 1245 1497 1262 ι
1511 1235 1572 1264 Haec
1587 1236 1744 1264 Valentinus
1757 1246 1765 1269 ς

984 1285 1010 1307 et
1024 1279 1207 1312 Turxanthns.
1226 1288 1235 1305 ι
1253 1279 1484 1314 Quandoquidem,
1495 1289 1512 1308 ο
1523 1281 1649 1314 Romani,
1667 1282 1766 1318 inquit,

986 1326 1037 1352 huc
1050 1326 1188 1353 venientes
1206 1333 1248 1353 me
1264 1325 1290 1352 in
1308 1326 1425 1353 maxime
1443 1326 1514 1353 lucttt
1531 1327 1707 1354 constitutum
1724 1327 1766 1353 of-

986 1371 1108 1398 fendistis
1129 1370 1225 1406 (nuper
1252 1371 1323 1398 enim
1355 1376 1432 1406 pater
1459 1378 1534 1399 meus
1558 1377 1601 1399 est
1621 1373 1765 1407 mortuus),

985 1424 1092 1453 oportet
1107 1426 1155 1447 vos
1170 1417 1254 1445 facies
1269 1422 1373 1446 vestras
1387 1418 1484 1453 gladiis
1503 1419 1640 1450 deradere,
1654 1423 1680 1445 et
1704 1418 1766 1452 legi,

986 1472 1046 1499 qua:
1057 1464 1126 1498 apud
1142 1470 1191 1490 nos
1203 1463 1230 1491 in
1246 1463 1328 1498 justis
1344 1468 1508 1491 mortuorum
1524 1463 1644 1495 invaluit,
1660 1464 1767 1491 obtent-

151 1507 198 1533 ἐπὶ
211 1508 267 1539 τοῖς
279 1508 424 1534 τεθνεῶσιν
439 1508 557 1543 ἰσχύοντι
579 1509 664 1544 νόμῳ.
684 1518 693 1534 ι
711 1510 765 1535 Καὶ
780 1510 812 1544 δὴ
834 1509 931 1536 αὐτίκα

986 1517 1089 1543 perare.
1109 1520 1118 1535 ν
1138 1509 1206 1537 Tum
1222 1508 1364 1537 confestim
1380 1508 1540 1536 Valentinus
1555 1515 1582 1536 et
1601 1518 1695 1537 omnes
1721 1512 1765 1544 qui

151 1551 334 1584 Οὐαλεντῖνος,
352 1552 398 1578 καὶ
412 1553 469 1579 ὅσοι
488 1561 520 1586 γε
535 1552 609 1588 αὐτῷ
622 1552 854 1588 ἐπηκολούθησαν,
876 1554 932 1585 τοῖς

151 1596 242 1623 αὐτῶν
260 1596 399 1631 ξιφειδίοις
419 1597 615 1632 διεχαράξαντο
633 1598 656 1613 ⁵⁷
678 1598 727 1629 τὰς
751 1598 820 1632 σφᾶς
842 1598 932 1624 αὐτῶν

151 1642 278 1676 παρειάς.
298 1642 363 1668 Τότε
380 1642 409 1668 δὲ
423 1643 452 1668 ὲν
473 1643 523 1678 μιᾷ
537 1642 593 1669 τῶν
616 1643 756 1678 πενθίμων
769 1643 861 1679 ἡμέρᾳ
876 1644 932 1670 τέτ-

151 1695 236 1720 ταρας
276 1687 460 1722 δορυαλώτους
501 1688 617 1721 Οὕννους
647 1689 788 1724 δεσμώτας
822 1690 933 1724 ἀγαγὼν

151 1733 335 1768 κατοιχομένῳ
343 1733 394 1768 ἤδη
402 1734 440 1769 τῷ
455 1735 539 1768 πατρὶ
565 1735 650 1770 (δόχια
663 1735 690 1761 δὲ
703 1736 735 1770 τῇ
749 1735 836 1771 οἰκείᾳ
849 1735 934 1770 γλώτ-

150 1784 185 1812 τῃ
200 1778 429 1812 προσαγορεύουσι
443 1779 476 1806 τὰ
491 1779 538 1805 ἐπὶ
561 1781 618 1811 τοῖς
640 1779 769 1806 τεθνεῶσι
796 1780 898 1815 νόμιμα
911 1781 932 1815 ),

151 1822 259 1854 τούτους
290 1823 323 1858 δὴ
343 1821 389 1850 οὖν
409 1823 472 1861 τοὺς
507 1824 641 1856 δειλαίους
672 1825 702 1856 ἐς
728 1825 810 1860 μέσον
823 1825 934 1860 ἀγαγὼν

152 1868 209 1902 ἅμα
228 1869 294 1900 -τοῑς
320 1867 457 1903 πατρῴοις
483 1869 591 1905 ίπποις,
613 1871 646 1905 τῇ
675 1870 804 1906 βαρϐάρῳ
843 1871 934 1897 ἐνεκε-

151 1912 243 1939 λεύετο
259 1915 334 1948 φωνῇ
349 1915 438 1940 ἐκεῖσε
453 1914 579 1942 ἀπιοῦσιν
590 1914 750 1949 ἀναγγεῖλαι
772 1916 934 1950 Διλζιὸούλῳ

150 1958 189 1993 τῷ
218 1959 313 1994 πατρὶ,
334 1959 437 1994 ὁπόσην
456 1959 530 1995 αὐτῷ
545 1960 627 1988 ⁵⁸.....
656 1961 766 1996 Ἐπειδὴ
788 1961 817 1988 δὲ
838 1962 872 1988 τὰ
885 1962 935 1996 τῆς

152 2003 282 2038 πατρῴας
309 2005 399 2039 ταφῆς
428 2005 589 2038 ξπετέλεσεν
616 2006 630 2032 ό
654 2005 834 2041 Τούρξσνθος,
853 2007 935 2042 ἕτερα

151 2049 264 2076 πλεῖστα
283 2050 332 2076 ὅσα
353 2050 505 2086 διαλεχθεὶς
533 2051 714 2087 Οὑαλεντίνῳ,
739 2052 799 2079 εἶτα
830 2053 935 2088 ἀφῆκεν

150 2095 179 2126 ις
202 2096 265 2127 τοὺς
289 2095 420 2131 ἐνδοτέρω
435 2097 572 2132 ἡγεμόνας
592 2097 732 2133 Τούρκων,
759 2097 800 2124 ἐτι
832 2107 861 2124 τε
888 2099 936 2124 καὶ

151 2140 189 2172 ὡς
218 2140 264 2169 τὸν
288 2141 372 2168 αὑτοῦ
396 2142 528 2178 ὅμαιμον,
557 2143 604 2170 τὸν
636 2143 781 2180 λεγόμενον
816 2145 933 2180 Τάρδου,

151 2186 313 2221 ποιούμενον
329 2187 378 2219 τὰς
396 2177 500 2220 διαίτας
525 2188 595 2215 κατὰ
619 2189 652 2225 δὴ
666 2177 708 2216 τὸν
730 2190 824 2217 Ἐκτὲλ
848 2177 909 2227 δρος
924 2177 932 2207 λ
946 2177 974 2208 D

151 2229 262 2257 δύναται
280 2231 309 2257 δὲ
322 2232 352 2258 τὸ
373 2232 468 2259 Ἐκτὲλ
481 2233 610 2268 χρυσοῦν.
626 2233 733 2260 Ἐκεῖσε
750 2235 841 2262 τοίνυν
863 2237 934 2263 κατὰ

150 2273 182 2300 τὸ
207 2275 300 2302 Ἑκτὲλ
319 2277 384 2312 ὅρος
409 2278 537 2309 ἀπιόντος
564 2278 753 2312 Οὐαλεντίνου,
784 2281 932 2317 ἠπείλησεν

150 2320 165 2345 ὀ
190 2320 357 2356 Τούρξανθος
383 2321 400 2358 ἦ
435 2323 488 2358 μὴν
510 2323 610 2350 αὐτίκα
634 2324 860 2361 ὲκπολιορκήσειν
887 2324 954 2354 τὸν’

984 1564 1044 1583 cnm
1060 1563 1093 1583 eo
1108 1560 1185 1583 erant
1202 1554 1327 1590 gladiolis
1351 1562 1434 1590 genas
1448 1563 1511 1583 suas
1528 1556 1689 1582 lacerarunt.
1710 1555 1767 1583 Uno

983 1603 1064 1630 etiam
1090 1609 1122 1628 ex
1149 1601 1234 1628 luctus
1249 1602 1352 1628 'diebus
1379 1605 1494 1636 quatuor
1515 1601 1634 1636 captivos
1658 1601 1768 1629 Hnnnos

984 1647 1088 1674 vinctos
1099 1645 1178 1682 165
1189 1645 1334 1678 adducens,
1351 1646 1417 1680 patri
1435 1650 1539 1673 mortuo
1555 1646 1661 1681 (doc-hia
1674 1654 1767 1674 eorum

985 1692 1073 1727 lingua
1086 1697 1193 1725 vocant,
1214 1699 1273 1726 qua:
1295 1691 1322 1718 in
1340 1691 1421 1724 justis
1440 1697 1605 1718 mortuormn
1627 1692 1767 1718 observari

985 1739 1054 1771 apud
1069 1745 1117 1764 eos
1128 1737 1236 1772 solent),
1252 1736 1320 1769 illos,
1338 1736 1458 1770 inquam,
1475 1736 1590 1763 miseros
1607 1736 1632 1762 in
1649 1737 1766 1762 medium

985 1782 1125 1817 proferens
1149 1789 1199 1809 una
1228 1789 1287 1809 cum
1312 1781 1430 1815 paternis
1454 1781 1541 1815 equis,
1564 1780 1678 1808 barbara
1705 1788 1770 1808 voce

983 1829 1065 1863 jussit
1076 1829 1139 1856 hinc
1154 1829 1285 1856 abeuntes
1303 1828 1372 1862 patri
1389 1835 1438 1858 suo
1458 1829 1623 1860 renuntiare,
1641 1832 1767 1862 quantam

986 1875 1047 1909 ipsi.
1069 1893 1077 1901 .
1093 1893 1101 1901 .
1123 1893 1130 1901 .
1150 1873 1255 1901 Funere
1271 1873 1356 1909 patris
1368 1878 1472 1906 curato,
1487 1873 1660 1900 anxanthus
1672 1873 1771 1899 multos

986 1921 1052 1948 alios
1071 1928 1212 1948 sermones
1226 1920 1321 1947 habuit
1341 1928 1402 1947 cum
1423 1919 1574 1952 Valentino,
1601 1924 1629 1946 et
1655 1927 1716 1946 eum
1730 1920 1771 1945 tli-

987 1967 1060 1994 misit
1076 1967 1102 1993 in
1122 1967 1250 1994 interiora
1267 1966 1419 1993 dominatus
1435 1965 1596 1996 Turcorum,
1613 1967 1640 1991 et
1653 1965 1686 1990 ad
1701 1963 1771 1990 Tar-

986 2013 1031 2043 du,
1046 2012 1275 2046 consanguineum
1289 2018 1379 2037 stntm.
1402 2009 1426 2036 Is
1437 2010 1515 2037 sedes
1532 2016 1596 2037 suas
1612 2009 1729 2036 habebat
1744 2009 1770 2035 in

987 2063 1075 2084 monte
1088 2057 1177 2090 Eetel;
1197 2056 1269 2083 Ectel
1280 2060 1369 2082 autem
1384 2055 1517 2089 signitlcat
1532 2061 1640 2093 aureus.
1658 2054 1696 2080 Eo
1709 2061 1770 2080 cum

989 2103 1146 2130 Valentinus
1162 2102 1390 2137 proﬁcisceretur,
1403 2101 1427 2128 ei
1449 2100 1568 2127 minatus
1582 2105 1624 2128 est
1645 2099 1772 2126 Turxan-

987 2149 1059 2180 thus,
1085 2154 1207 2182 sequam
1232 2147 1347 2182 primum
1375 2145 1522 2180 Bosporum
1547 2149 1772 2179 expugnaturum.

986 2194 1019 2221 Et
1034 2201 1127 2221 revera
1147 2193 1304 2220 Bochanum
1326 2193 1417 2219 statim
1433 2199 1495 2219 cum
1513 2191 1599 2218 valida
1624 2190 1773 2218 Turcorum

986 2249 1066 2268 mantt
1094 2239 1216 2271 miserat,
1245 2239 1290 2273 qui
1319 2238 1466 2273 Bosporum
1497 2241 1616 2272 caperet.
1639 2237 1772 2263 Prtcterea

984 2285 1115 2318 Anagmus
1137 2284 1295 2318 jamdudum
1330 2290 1391 2310 eum
1415 2282 1467 2309 alio
1482 2282 1632 2309 Turcorum
1652 2282 1772 2308 exercitu

987 2335 1075 2358 castra
1089 2329 1115 2356 in
1129 2329 1172 2357 his
1185 2328 1251 2356 locis
1266 2329 1390 2356 habebat.

152 2364 287 2401 Βόσπορον
314 2367 485 2403 ἀρξαμένων.
512 2369 664 2404 Τοιγαροῦν
692 2371 864 2408 παραχρῆμα
890 2375 904 2401 ὃ
923 2384 959 2410 γε·
974 2377 1023 2403 σὺν
1047 2376 1161 2411 πλείστῃ
1188 2375 1301 2410 δυνάμει
1326 2374 1456 2409 Τοὺρκων
1487 2374 1624 2409 ἐξέπεμψε
1645 2374 1690 2400 τὸν
1718 2374 1774 2400 Βώ-

151 2420 229 2446 χανον
245 2412 445 2448 καθαιρήσοντα
465 2416 612 2451 Βόσπορον,

150 2458 202 2485 Τού
207 2468 289 2494 ρκων.

186 2505 226 2532 ιε’.
251 2507 312 2535 Ὀτι
334 2510 362 2536 ὲν
384 2507 406 2544 ᾧ
427 2512 444 2546 ἡ
460 2511 536 2543 πόλις
550 2512 654 2549 [καὶ¹¹¹]
678 2514 691 2540 ὁ
715 2514 850 2548 Βόσπορος
862 2515 929 2549 ἧλω,

150 2551 174 2577 οἱ
201 2552 330 2586 πρέσϐεις
346 2555 438 2591 ἔτυχον
455 2558 529 2592 παρὰ
545 2558 675 2592 Τούρκοις
690 2559 712 2574 ⁶⁰
730 2560 754 2585 οἱ
783 2561 837 2587 τῶν
866 2562 934 2588 Ῥω-

656 2416 801 2450 “Αναγαίου
823 2418 873 2454 ἤδη
904 2422 967 2457 περὶ
987 2422 1019 2448 τὰ
1050 2423 1139 2448 ἐκεῖσε
1165 2420 1446 2455 στρατοπεδευομένου
1477 2420 1524 2446 σὺν
1550 2420 1632 2455 ἑτέρᾳ
1659 2420 1772 2453 δυνάμει

1023 2514 1064 2540 15.
1097 2513 1163 2539 [)um
1194 2515 1330 2546 Bosporus
1351 2512 1478 2546 oppidum
1508 2514 1670 2545 caperetur,
1695 2514 1773 2536 erant

989 2559 1171 2586 Romanorum
1187 2558 1267 2592 legati
1293 2558 1363 2592 apud
1382 2556 1504 2589 Turcos;
1521 2564 1554 2584 ex
1578 2564 1610 2583 eo
1629 2556 1690 2583 inde
1706 2561 1773 2583 tem-

794 2639 910 2666 VARl/E
926 2639 1135 2667 LECTIONES.

183 2693 207 2709 '°
221 2694 318 2731 ταμίαι
342 2694 414 2731 γει..
439 2698 539 2731 ταμεῖα
562 2699 632 2731 vnlg.

150 2729 308 2765 post_~ljjt&c
340 2730 424 2757 inser.
451 2729 582 2765 βασιλέως
599 2729 630 2760 Ν.

673 2700 695 2716 ⁸¹
710 2700 867 2735 ῂσπάσατο]
891 2698 961 2727 εἴναι
983 2701 1126 2735 ἠσπάσατο
1144 2699 1177 2726 Ν.
1216 2699 1237 2715 ¹¹
1249 2700 1323 2735 ἡμῖν
1336 2699 1408 2735 vnlg.
1444 2698 1475 2735 ¹³Α
1485 2698 1532 2725 τοῦ
1550 2698 1603 2725 del.
1673 2698 1772 2726 Verum

670 2734 692 2750 "
708 2733 770 2761 Haec
788 2733 887 2762 verba:
903 2733 1035 2770 ὀρθότατα
1051 2733 1303 2770 -νάνταλλάγματι
1319 2733 1443 2770 ἰιιηΕχορ.
1460 2733 1494 2761 de
1509 2734 1653 2770 sententiis
1667 2735 1770 2770 p.736I.

147 2763 192 2803 ed.
213 2763 461 2803 [‘0131.‘|t1gtlnlllr::
483 2774 537 2800 quo
562 2767 619 2793 loco
645 2769 670 2795 in
698 2775 790 2796 nostra
814 2763 933 2796 editione
957 2769 1141 2803 praetermissa
1157 2763 1245 2796 sunt:
1268 2769 1290 2786 ⁵⁵
1305 2769 1397 2803 ἀδήλῳ
1413 2768 1446 2795 ll.
1463 2774 1490 2795 et
1511 2769 1554 2796 ed.
1576 2763 1773 2802 Βοιη..’ἁδείλῳ

148 2798 225 2840 3"ng
254 2798 399 2840 ξιλμυχῆςλ
425 2798 509 2840 τύχης
526 2803 659 2840 _c0nj._B._
683 2804 811 2840 Nona-air.
829 2804 872 2830 ctl.
899 2798 976 2840 “om.
1015 2804 1243 2840 "retexapd’éa‘no
1259 2803 1302 2835 N.,
1319 2798 1483 2840 διὲχᾶραξάν
1501 2813 1529 2830 τε
1548 2804 1620 2838 vnlg.
1659 2804 1681 2820 "
1700 2798 1774 2836 ὅπως

147 2832 181 2866 ἦν
197 2832 270 2859 αὑτῶ
289 2832 411 2861 Catitoel.
449 2832 474 2851 ⁸⁷⁸
487 2832 537 2862 καὶ
552 2832 630 2865 unicis
654 2838 764 2866 inclusit
781 2838 811 2865 N.
851 2839 873 2854 ‘°
889 2839 1022 2873 Τούρκοις
1040 2832 1235 2874 ΝηἾούρκους
1251 2832 1322 2874 vnlg.

315 2896 449 2927 ΡΑτιιοι..
469 2897 528 2927 Gn.
553 2898 664 2929 CXIII.

1579 2899 1618 2929 29
