1943 3072
178 151 229 184 911

582 146 775 178 EXCERPTA
796 146 845 176 EX
863 144 1071 175 MENANDRU
1089 142 1334 174 PROTECTORE

1737 137 1790 168 912

181 212 374 240 Rontanorum,
383 214 434 242 qua
450 205 601 233 breviorem
613 212 661 239 per
675 208 780 231 tnontes
790 202 957 236 viamingrc-

1015 200 1112 228 ῑώδεκα
1132 200 1182 235 μὲν
1199 199 1268 235 ἦσαν
1282 199 1396 233 Πέρσαι,
1415 196 1574 232 Θυρεοφόροι
1599 204 1627 221 τε
1648 195 1693 221 καὶ
1713 195 1791 221 ἱππο-

181 259 316 287 ιερτεηιιιιι,
331 254 518 289 dispiciebant.
528 251 583 279 Hoc
598 255 686 278 autem
697 257 750 277 non
764 256 873 284 parvam
889 252 958 274 attu-

180 304 210 329 lit
227 300 338 329 Chasroi
352 306 426 326 vana:
443 297 533 333 gloria:
552 302 579 323 et
590 295 761 330 impudentia:
778 293 848 327 apud
865 298 959 319 omnes

178 347 344 382 opinionem,
365 343 435 378 quod
448 342 580 374 inducias,
602 340 707 368 tametsi
723 338 801 374 pauci
816 336 959 364 admodum

179 394 237 420 dies
254 397 341 426 usque
367 389 399 416 ad
414 389 515 416 exitum
532 386 689 418 restabant,
710 383 882 419 impudenter
901 382 959 409 vio-

180 439 237 465 lare
259 444 311 463 non
338 439 379 462 est
405 437 556 461 cunctatus.
581 430 733 458 Accedebat
768 428 850 463 quod,
882 427 959 462 quasi

180 483 317 509 Romanos
331 478 459 510 irridens,
476 476 599 503 eumdem
614 473 759 509 delegerat,
775 472 820 507 qui
838 472 864 498 in
876 469 960 498 conti-

180 527 233 556 niis
254 532 314 553 cum
327 524 361 551 iis
378 523 411 550 de
426 528 492 556 pace
505 523 606 555 ageret,
622 518 723 554 quique
738 518 764 544 in
777 515 871 556 iisdem
895 514 960 542 locis

179 555 273 601 eodem
287 575 408 604 tempore
421 555 447 594 et
462 566 523 594 belli
547 569 573 592 et
590 563 719 592 tumultus
734 567 762 590 et
773 555 958 590 viola'ndarum

179 617 348 647 induciarum
369 618 465 642 auctor
478 615 558 640 esset.
582 610 606 638 ls
629 613 688 637 erat
711 608 846 640 Mebodes,
862 607 915 634 dux
933 611 961 633 et

180 668 276 692 auctor
286 661 404 689 omnium
418 665 511 686 eorum
529 656 716 685 consiliorum.
731 654 816 686 Hunc,
828 653 873 687 qui
886 660 959 680 sum-

179 717 250 738 mam
280 707 400 735 omnium
430 710 519 732 rerum
539 702 652 729 haberet
671 699 869 730 auctoritatem,
897 705 958 724 cum

178 755 299 784 exercitu
318 752 402 784 misit,
413 755 441 778 et
462 756 517 777 una
532 755 595 776 cum
610 747 669 781 ipso
683 745 798 780 Sapoem
815 743 958 776 vlleaerani,

179 801 241 831 viri.
268 799 314 834 qui
345 803 470 832 magnam
499 793 606 821 virtt‘ttis
631 791 735 819 laudem
765 792 957 824 reportaverat,

179 845 272 873 lilium.

216 979 260 1007 18.
271 977 313 1014 (Α.
324 975 354 1004 C.
372 974 434 1007 5'19,
449 972 504 1001 ind.
515 971 560 1003 12,
570 971 660 998 Tiber.
671 968 712 1003 Ξ.)
722 965 847 996 Tiberius
858 966 961 994 addidit

181 1012 290 1054 decreto
311 1021 384 1049 aliud
404 1020 459 1047 Deo
485 1017 605 1045 maxime
636 1017 753 1050 gratum.
776 1012 874 1040 Multos
889 1012 960 1038 enim

180 1071 277 1099 Persas
289 1068 472 1095 Romanorum
486 1062 618 1098 captivos,
632 1059 767 1095 praecipue
782 1065 813 1085 ex
825 1056 962 1092 primariis

182 1114 257 1146 viris,
269 1118 383 1148 quorum
399 1114 511 1136 numero
531 1109 610 1134 erant
627 1102 747 1131 nonnulli
770 1109 803 1129 ex
821 1100 895 1136 regio
917 1106 962 1134 ge-

181 1145 329 1190 nererorti,
349 1155 420 1183 dono
437 1152 512 1181 dedit
535 1149 661 1178 Chosroi.
686 1147 787 1175 Deinde
812 1147 914 1181 legatos
929 1145 962 1172 ad

181 1205 239 1231 haec
254 1201 338 1233 misit,
353 1200 422 1227 inter
432 1204 479 1225 eos
493 1194 654 1223 Zachariam
664 1192 891 1227 lterum,‘regium
908 1197 963 1217 mc-

183 1250 283 1278 dicum.
298 1246 348 1274 Hic
362 1244 452 1281 plures
466 1247 493 1270 et
517 1240 660 1269 admodum
688 1238 868 1266 Romanorum
883 1236 964 1263 rebus

183 1293 263 1321 utiles
289 1290 438 1325 legationes
454 1288 480 1315 in
502 1287 555 1314 hoc
572 1284 643 1313 bello
657 1284 765 1312 fecerat.
789 1281 882 1316 itaque
902 1288 963 1308 eum

182 1340 216 1367 ad
239 1339 308 1365 hanc
333 1336 493 1370 legationem
511 1332 657 1366 imperator
681 1329 772 1364 elegit,
788 1332 816 1356 et
833 1327 965 1362 dignitate

183 1382 335 1412 exconsulrs
346 1385 468 1408 ornatum
482 1377 560 1414 167
574 1377 607 1404 ad
624 1376 698 1404 illam
716 1374 866 1403 obeundam
882 1372 965 1400 dimi-

183 1431 229 1463 sit,
240 1429 310 1464 quod
329 1432 356 1455 et
379 1427 437 1461 ipse
448 1424 593 1452 Zacharias
613 1422 717 1457 legatos
737 1419 881 1447 mittendos
895 1425 964 1451 esse,

1008 246 1125 278 τοξόται,
1155 245 1306 280 Σαρακηνοὶ
1330 244 1358 269 δὲ
1371 243 1416 269 καὶ
1452 241 1576 276 Σαϐεἰροι
1602 241 1660 268 ⁷³...
1689 240 1713 256 ⁸⁸
1741 241 1791 266 σὺν

1008 291 1063 322 τοῖς
1078 290 1219 325 Ῥωμαίων
1234 290 1346 324 ἄρχουσι
1359 288 1423 322 περὶ
1438 286 1485 313 τοῦ
1504 287 1561 318 πῶς
1581 286 1620 312 δεῖ
1647 285 1791 320 προελθεῖν

1008 335 1056 366 τὴν
1081 336 1110 362 ὲν
1137 337 1210 369 γένει
1239 334 1347 369 ὀρεινὴν
1374 332 1613 366 διασκεπτόμενοι.
1641 331 1672 358 Ὃ
1689 332 1721 366 δὴ
1739 328 1791 357 ’καὶ

1010 381 1125 416 μάλιστα
1139 379 1296 412 ἀλαζονείας
1317 387 1346 405 τε
1362 378 1410 405 καὶ
1422 377 1615 412 ἀναισχυντίας
1640 377 1670 403 οὐ
1689 377 1791 412 μικρὰν

1009 425 1132 462 προσῆψε
1145 426 1183 460 τῷ
1207 425 1313 460 Χοσρὸῃ
1337 423 1426 456 δόξαν,
1449 423 1498 454 τάς
1509 431 1537 449 τε
1569 422 1702 457 ξυνοήκας
1721 421 1792 447 οὕτω

1009 480 1066 504 πως
1093 471 1204 505 άναίδην
1231 470 1254 485 ⁸·
1275 470 1326 496 οὐκ
1339 469 1483 503 ὁκνήσαντι
1505 467 1628 502 ξυγχέαι,
1645 467 1791 494 καὶταῦτα

1008 517 1101 551 ὀλίγης
1117 516 1183 550 πρὸς
1205 515 1235 542 τὸ
1249 515 1335 550 πέρας
1356 514 1430 549 αὐτῷ
1445 513 1686 548 ὲνδαψιλευομένης
1703 521 1792 546 παρα-

1008 562 1111 596 δρομῆς
1156 560 1286 596 ὴμερῶν’
1316 560 1362 586 καὶ
1390 559 1431 585 ὅτι
1458 567 1489 592 γε
1519 558 1565 584 τὸν
1591 558 1681 590 αὐτὸν,
1697 554 1744 583 ἅτε
1759 557 1791 591 δὴ

1010 606 1166 641 ἐπεγγελῶν
1191 605 1349 640 Ῥωμαίοις,
1377 605 1435 640 ἅμα
1469 613 1498 631 τε
1520 604 1567 631 καὶ
1592 604 1654 639 περὶ
1681 603 1791 638 εἰρήνης

1007 651 1247 686 διαλεχθησόμενον
1276 651 1371 681 ἐντοῖς
1393 649 1476 684 ὁρίοις
1504 649 1715 684 ἐχειροτόνησεν,
1745 649 1791 674 καὶ

1009 697 1066 733 ἃμα
1080 699 1108 723 ὲν
1121 698 1175 728 τοῖς
1188 697 1277 727 αὐτοῖς
1288 695 1407 730 χωρίοις,
1423 696 1452 722 ιν
1462 695 1566 726 αὐταῖς,
1581 695 1618 725 ὠς
1627 694 1723 726 εἰπεῖν,
1731 694 1791 724 ταῖς

1007 744 1123 779 ἡμέραις
1137 743 1252 777 πολέμου
1264 751 1293 769 τε
1311 742 1356 768 καὶ
1368 741 1490 776 ταραχῆς
1504 742 1549 767 καὶ
1559 740 1678 767 σπονδῶν
1688 739 1791 774 συγχὺ-

1009 797 1075 821 σεως
1090 789 1184 815 αἴτιον.
1197 787 1296 814 Τοῦτον
1308 787 1340 822 δὴ
1352 785 1398 813 οὖν
1413 787 1458 812 τὸν
1469 786 1585 820 Μεϐὡδη
1599 785 1787 820 βουλευμάτων

1010 841 1040 859 τε
1062 833 1213 868 ἡγούμενον
1228 831 1275 857 καὶ
1287 829 1335 857 τοῦ
1349 830 1447 861 παντὸς
1460 829 1556 864 ἔχοντα
1567 829 1649 864 κῦρος
1672 828 1786 858 ὁπλίσας

1010 878 1163 913 ὲξέπεμψε²
1180 877 1247 912 πρὸς
1266 885 1295 911 γε
1311 877 1358 903 καὶ
1382 874 1498 909 Σαπώην
1521 875 1566 901 τὸν
1590 874 1744 909 Μεαιράνου
1757 873 1791 904 ⁸¹,

1011 923 1105 958 ἀνδρὸς
1119 924 1169 950 οὐκ
1183 922 1310 956 ἀγεννοῦς
1327 920 1548 955 ἁπενεγκάμενον
1560 919 1647 951 δόξαν.

1047 970 1091 1005 ιη’.
1112 970 1172 996 Ὀτι
1186 969 1200 995 ὁ
1217 968 1341 1003 Τιϐέριος
1356 967 1403 994 καὶ
1415 967 1508 1002 ἕτερόν
1520 975 1547 992 τι
1572 965 1733 1000 προστίθησι
1753 965 1792 999 τῷ

1010 1015 1170 1049 δεδογμένῳ,
1184 1015 1230 1042 καὶ
1253 1015 1281 1045 ἐς
1306 1014 1340 1040 τὰ
1361 1013 1477 1047 μάλιστα
1504 1010 1563 1046 Θεῷ
1584 1011 1791 1046 κεχαρισμένον.

1013 1062 1129 1092 Πολλοὺς
1142 1061 1193 1096 γὰρ
1208 1061 1260 1087 τῶν
1280 1060 1354 1095 παρὰ
1371 1058 1516 1093 Ῥωμαίοις
1536 1057 1709 1093 δορυκτήτων
1721 1057 1792 1091 Περ-

1015 1107 1079 1138 σῶν,
1101 1107 1216 1141 μάλιστα
1231 1105 1291 1137 τοὺς
1309 1106 1337 1131 ὲν
1352 1104 1433 1137 τέλει,
1451 1100 1488 1130 ὧν
1504 1103 1568 1129 ἔνιοι
1584 1103 1631 1129 xxi.
1651 1101 1690 1137 τῷ
1715 1102 1793 1136 βασι-

1013 1152 1076 1187 λείῳ
1095 1152 1167 1186 γένει
1182 1151 1347 1186 ξυνημμένοι
1361 1148 1441 1185 ἦσαν,
1457 1149 1561 1175 ἔστειλε
1577 1148 1684 1184 Χοσρόῃ
1704 1148 1791 1182 δωρο-

1014 1197 1146 1232 φορήσας.
1166 1193 1232 1222 Εἶτα
1247 1195 1377 1230 πρέσϐεις
1394 1194 1441 1220 ἐπὶ
1467 1194 1506 1228 τῷ
1535 1193 1628 1228 τοιῷδε
1658 1192 1793 1226 ἐξέπεμψε

1014 1243 1151 1278 Ζαχαρίαν
1180 1251 1211 1269 τε
1245 1241 1334 1274 αὖθις,
1358 1241 1404 1267 τὸν
1441 1239 1577 1275 βασίλειον
1608 1238 1708 1273 ἰατρὸν,
1744 1237 1793 1264 ἅτε

1014 1289 1142 1320 πολλάκις
1157 1286 1351 1324 χρησιμώτατά
1361 1295 1391 1313 τε
1406 1287 1452 1313 καὶ
1473 1285 1638 1312 εὐνούστατα
1662 1284 1796 1319 ἐξυπηρε-

1014 1335 1166 1370 τησάμενον
1179 1335 1238 1366 ταῖς
1249 1333 1319 1360 κατὰ
1330 1333 1375 1360 τὸν
1388 1332 1504 1367 πόλεμον
1516 1331 1608 1358 τοῦτον
1625 1331 1793 1365 πρεσϐείαις.

1015 1381 1115 1409 Τοῦτον
1128 1380 1160 1416 δὴ
1170 1378 1218 1407 οὖν
1233 1380 1277 1406 τὸν
1288 1379 1372 1415 ἄνδρα
1386 1380 1420 1414 τῇ
1434 1377 1569 1413 λεγομένῃ
1583 1376 1635 1403 ἀπὸ
1663 1376 1795 1410 ἐπάρχων

1015 1422 1078 1462 ἀξίᾳ
1091 1425 1276 1460 διακοσμήσας
1303 1424 1489 1459 ἐχειροτόνησε
1510 1424 1557 1449 καὶ
1579 1422 1668 1452 πάλιν.
1694 1422 1740 1448 καὶ
1762 1421 1795 1455 δὴ

184 1462 318 1510 imprimis
345 1471 542 1502 admonuerat,
569 1474 622 1495 una
658 1471 763 1500 quoque
795 1462 966 1492 Theodorum

1017 1471 1250 1507 ¹ι’ρεσϐιευσὸμενον
1266 1469 1382 1505 ἀφῆκεν,
1400 1466 1444 1495 οἷα
1460 1468 1492 1504 δὴ
1507 1469 1554 1494 καὶ
1565 1467 1646 1494 αὑτοῦ
1659 1468 1795 1502 Ζαχαρίου

183 1505 328 1555 quemdam
343 1524 376 1544 ex
391 1512 564 1549 imperatoris
584 1509 760 1541 satellitibus,
775 1515 854 1542 quem
870 1508 903 1535 ad
916 1507 964 1534 du-

1015 1518 1065 1553 τὴν
1084 1516 1231 1553 πρεσϐείαν
1245 1515 1346 1551 ταύτην
1359 1514 1486 1549 γενέσθαι
1511 1514 1711 1548 ξυνωθήσαντος
1721 1521 1729 1528 ·
1747 1513 1795 1539 σὺν

183 1550 224 1591 eis
239 1562 396 1597 dignitatem
408 1558 514 1588 extulit.
531 1556 584 1583 Hos
602 1554 683 1589 igitur
695 1553 762 1580 duos
773 1552 856 1583 viros,
868 1550 965 1586 quibus

185 1611 255 1637 hanc
270 1606 430 1642 legationem
454 1601 589 1633 attribuit,
604 1600 637 1627 ad
652 1599 790 1627 Chosroen
816 1597 904 1630 misit,
931 1597 965 1623 ad

184 1660 265 1690 quem
287 1657 394 1687 quoque
410 1649 514 1676 litteras
534 1644 710 1674 humanitatis
739 1643 830 1678 plenas
847 1642 964 1676 scripsit.

186 1689 325 1728 Sententia
340 1697 419 1731 huius
426 1694 546 1731 epistolae
553 1693 610 1720 haec
622 1691 678 1719 fere
692 1695 750 1718 erat
762 1699 769 1717 :
783 1699 791 1716 ι
806 1689 861 1724 Ego
873 1695 965 1724 pacem

186 1750 260 1781 opto,
274 1749 301 1772 et
310 1751 325 1771 a
341 1743 396 1771 Deo
404 1743 494 1769 datam
506 1739 566 1767 colo
579 1743 607 1765 et
621 1742 747 1771 tanquam
760 1734 874 1762 naturali
891 1740 966 1768 quo-

187 1779 249 1819 dam
270 1790 399 1818 instinctu
416 1787 449 1814 ad
470 1789 589 1812 vestram
609 1782 755 1810 amicitiam
774 1781 854 1808 feror.
877 1779 967 1814 Itaque

186 1839 296 1871 paratus
311 1841 380 1864 sum,
394 1838 499 1860 omnem
510 1827 725 1857 Persarmeniam
737 1826 883 1854 etlberiam
891 1825 967 1853 vobis

185 1881 345 1912 concedere,
371 1883 467 1914 praeter
492 1884 538 1904 eos
568 1873 770 1903 Persarmenios
790 1873 847 1901 sive
865 1871 965 1903 lberos,

187 1927 231 1963 qui
245 1927 322 1954 nobis
338 1932 432 1959 parere
445 1923 550 1951 malint.
563 1921 683 1949 Restituo
697 1924 724 1948 et
738 1918 864 1947 Afumum
873 1917 967 1945 castel-

188 1975 252 2005 lum,
283 1976 309 1999 et
336 1971 502 1998 Arzanenem
523 1967 599 1996 vobis
630 1967 708 1999 cedo,
730 1965 809 1992 modo
840 1963 966 1999 oppidum

188 2019 272 2046 Daras
298 2024 346 2052 pro
364 2016 406 2043 his
424 2014 548 2042 omnibus
571 2021 586 2040 a
607 2012 683 2040 vobis
706 2011 852 2039 obtineam.
878 2018 888 2034 I
906 2007 968 2035 Haec

185 2063 311 2090 Tiberius
323 2063 479 2095 imperator,
496 2066 543 2094 per
561 2057 718 2085 Zachariam
740 2060 767 2083 et
782 2054 965 2085 Theodorum,

186 2108 284 2142 quibus
307 2107 486 2133 maximorum
516 2103 667 2138 legatorum
696 2104 857 2135 potestatem
884 2098 966 2129 dedit,

186 2151 300 2180 Cltosroi
321 2150 419 2178 litteris
441 2149 613 2184 signiﬁcavit.
639 2147 688 2175 His
707 2147 788 2174 etiam
814 2152 905 2180 pacem
919 2151 968 2179 pro

187 2198 311 2230 arbitrio,
333 2201 361 2223 ut
374 2202 417 2222 res
432 2195 546 2226 ferrent,
563 2193 654 2220 facere
674 2191 806 2226 permisit.
820 2189 968 2222 Etilliqui-

186 2244 257 2274 dem,
268 2242 331 2268 dum
344 2241 432 2267 adhuc
447 2239 498 2267 iter
512 2238 655 2269 faciebant,
669 2236 778 2267 accidit,
793 2239 822 2262 ut
836 2234 969 2262 Cbosroes

185 2295 301 2323 quoque,
318 2286 463 2313 Persarum
488 2291 547 2317 rex,
561 2283 605 2315 iis,
622 2290 682 2317 quae
699 2281 736 2308 illi
751 2284 844 2308 contra
861 2283 969 2307 senten-

187 2334 250 2360 tiam
259 2336 416 2364 evenerant,
442 2329 590 2365 perculsus,
611 2334 724 2362 propere
735 2327 768 2354 ad
785 2326 968 2353 Romanorum

186 2379 374 2411 imperatorem
412 2375 529 2410 legatum
566 2373 703 2403 mitteret,
729 2371 774 2406 qui
800 2371 856 2406 jam
880 2370 968 2397 hieme

186 2424 294 2451 ineunte
303 2421 440 2457 profectus
449 2419 549 2448 erat.ls
564 2423 623 2446 erat
636 2417 780 2449 virPersa,
792 2416 838 2451 qui
851 2416 883 2443 ad
898 2416 967 2442 hanc

187 2468 348 2503 legationem
362 2466 412 2494 fuit
428 2465 559 2498 delectus,
582 2462 690 2491 nomine
707 2462 898 2496 Phorogdates,
910 2466 937 2488 et
952 2468 966 2487 τι

185 2512 327 2540 Persarum
341 2518 403 2546 rege
416 2510 449 2538 ad
469 2510 658 2544 imperatorem
683 2508 789 2535 litteras
803 2515 854 2534 non
881 2509 968 2533 minus

185 2557 316 2584 humanas
326 2560 354 2584 et
369 2555 503 2583 otiiciosas
530 2553 635 2581 detulit.
661 2552 708 2579 Hre
721 2552 760 2580 sic
771 2560 800 2579 se
817 2551 966 2578 habebant:

188 2612 196 2628 I
216 2602 354 2637 Siquidem
383 2608 437 2628 rem
458 2600 557 2635 justam
580 2598 671 2625 facere
692 2597 793 2628 velles,
821 2596 968 2630 imperator

1015 1563 1054 1598 τῷ
1067 1563 1114 1590 καὶ
1126 1563 1263 1598 Θεόδωρόν
1276 1570 1348 1593 τινα,
1363 1561 1410 1587 ἕνα
1423 1560 1476 1588 τῶν
1494 1560 1637 1595 βασιλείων
1660 1567 1795 1594 μαχαιρο-

1016 1607 1115 1642 φύρων,
1130 1607 1238 1642 ἀξίωμα
1247 1607 1293 1633 καὶ
1303 1605 1377 1641 αὐτῷ
1393 1605 1543 1640 στρατηγοῦ
1563 1604 1693 1640 περιθείς.
1704 1603 1796 1629 Τούτω

1015 1653 1054 1680 τὼ
1079 1652 1158 1688 ἄνδρε
1190 1651 1416 1687 πρεσϐευσομένω
1448 1651 1597 1685 ἀπονείμας
1625 1650 1730 1686 Χοσρόῃ
1754 1649 1797 1680 ἑξ-

1017 1698 1151 1732 έπεμψεν,
1165 1696 1268 1732 ἔγραψέ
1281 1705 1310 1722 τε
1324 1696 1476 1727 ἐπιεικείας
1488 1695 1612 1723 ἀνάπλεα
1627 1696 1745 1730 ῥήματα.
1767 1694 1797 1719 'O

1016 1743 1045 1769 δὲ
1069 1742 1130 1774 νοῦς
1157 1742 1205 1777 τῆς
1219 1741 1378 1776 ὲπιστολῆς⁸
1398 1751 1406 1766 ι
1432 1740 1502 1774 Ἐγὼ
1531 1741 1577 1767 καὶ
1607 1740 1733 1775 βούλομαι
1749 1740 1798 1775 τὴν

1017 1788 1127 1823 είρήνην
1139 1788 1184 1814 καὶ
1195 1787 1240 1814 διὰ
1252 1787 1282 1813 τὸ
1307 1786 1445 1812 θεόσδοτον
1468 1785 1550 1812 οὖσαν
1564 1784 1736 1820 ἀσπάζομαι·
1753 1785 1798 1811 καὶ

1017 1832 1111 1866 ὥσπερ
1129 1832 1209 1865 φύσει
1221 1831 1274 1858 τινὶ
1289 1829 1447 1865 προσιζάνει
1469 1829 1491 1846 ⁸³
1504 1838 1551 1865 μοι
1575 1830 1609 1856 τὰ
1636 1829 1685 1864 τῆς
1706 1829 1798 1863 φιλίας

1017 1877 1103 1913 ὑμῶν.
1119 1877 1270 1912 Τοιγαροῦν
1294 1877 1413 1911 ἑτοίμως
1438 1875 1492 1911 ἔχω
1517 1876 1566 1911 τῆς
1593 1875 1800 1911 Περσαρμενίας

1016 1930 1046 1948 τε
1074 1922 1163 1957 πάσης
1184 1920 1347 1956 ἀφίστασθαι
1380 1921 1427 1948 καὶ
1458 1920 1588 1957 Ἰϐηρίας,
1611 1921 1642 1947 οὐ
1668 1921 1721 1956 μὴν
1745 1920 1800 1947 τῶν

1018 1966 1186 2002 βουλομένων
1200 1967 1267 2002 ἡμῖν
1287 1966 1433 1993 ὑπακούειν
1458 1966 1570 2002 Περσῶν
1601 1966 1748 2001 ’Λρμενίας
1770 1974 1798 1992 τε

1018 2013 1064 2040 καὶ
1098 2011 1224 2047 Ἰϐήρων.
1258 2011 1418 2046 ’Λναδίδωμι
1450 2011 1478 2038 δὲ
1503 2011 1549 2038 καὶ
1585 2011 1615 2038 τὸ
1657 2011 1800 2045 ’Δφουμῶν

1018 2058 1156 2093 φρούριον,
1173 2057 1221 2084 καὶ
1232 2057 1281 2092 τῆς
1302 2055 1469 2092 Ἀρζανηνῆς
1484 2055 1507 2072 ⁸⁸
1520 2056 1583 2091 ὑμῖν
1594 2056 1800 2091 παραχωρήσω,

1017 2103 1048 2130 τὸ
1058 2103 1147 2137 Δάρας
1163 2101 1242 2136 μόνον
1254 2101 1315 2129 ἀντὶ
1329 2101 1462 2129 τοσούτων
1486 2101 1717 2136 ἀνακομιζόμενος
1733 2100 1801 2136 πρὸς

1019 2147 1105 2182 ὑμῶν.
1136 2157 1145 2172 ›
1174 2146 1267 2173 Ταῦτα
1293 2145 1418 2181 Τιϐέριος
1443 2147 1458 2172 ὁ
1494 2145 1671 2181 αὐτοκράτωρ
1693 2145 1802 2180 Χοσρόῃ

1022 2193 1155 2228 σημήνας,
1175 2192 1261 2227 ἐφῆκε
1281 2191 1403 2228 Ζαχαρία
1416 2200 1446 2218 τε
1468 2191 1515 2218 καὶ
1532 2191 1661 2226 Θεοδώρῳ
1676 2191 1723 2218 καὶ
1751 2199 1802 2225 με-

1021 2237 1122 2271 γίστων
1135 2236 1275 2272 πρέσϐεων
1292 2236 1365 2271 ἔχειν
1380 2237 1456 2271 ἰσχὺν
1484 2237 1531 2262 καὶ
1552 2236 1600 2271 Ιτὴν
1627 2236 1740 2270 εἰρήνην
1763 2235 1801 2265 ὡς

1022 2283 1054 2309 ἂν
1065 2280 1117 2309 οἶοί
1130 2291 1159 2309 τε
1173 2282 1277 2308 ἔσοιντο
1290 2281 1446 2308 διατιθέναι.
1472 2282 1548 2308 Μετὰ
1561 2279 1647 2308 ταῦτα
1660 2280 1708 2314 τῆς
1734 2278 1801 2306 ὁδοι-

1022 2328 1120 2363 πορίας
1134 2326 1173 2353 ἐτι
1198 2327 1332 2362 σχομένω,
1367 2326 1494 2353 σταλέντε
1518 2325 1597 2362 ἄνδρε
1616 2325 1687 2352 οὕτω
1713 2332 1800 2359 παρα-

1022 2373 1085 2408 σχδν
1096 2373 1130 2404 ⁸⁸,
1151 2373 1196 2399 καὶ
1207 2373 1331 2408 Χοσρὸης
1344 2373 1358 2399 ὁ
1371 2371 1485 2407 Περσῶν
1512 2371 1637 2406 βασιλεὺς
1661 2368 1801 2396 καταπλα-

1021 2418 1079 2452 γεὶς
1104 2419 1159 2449 τοῖς
1188 2417 1381 2452 ξυμϐεϐηκόσι,
1422 2416 1581 2452 προφθάσας
1605 2415 1740 2450 ἐκπέμπει
1764 2414 1802 2444 ὡς

1020 2464 1067 2489 τὸν
1089 2463 1112 2479 ⁸⁸
1147 2463 1290 2498 Ῥωμαίων
1316 2462 1506 2497 αὐτοκράτορα
1544 2461 1725 2497 πρεσϐευτὴν,
1756 2460 1803 2486 καὶ

1021 2509 1176 2541 ἀφικνεῖται
1189 2508 1322 2543 χειμῶνος
1341 2507 1493 2542 ἀρχομένου
1515 2507 1564 2543 ἤδη
1589 2507 1618 2538 ὃς
1633 2507 1680 2533 ἐπὶ
1693 2507 1726 2541 τῇ
1738 2513 1803 2540 πρε-

1022 2553 1100 2588 σϐείᾳ
1116 2553 1304 2588 ἐχειροτονήθη
1328 2553 1435 2588 Πέρσης
1461 2553 1542 2588 ἀνὴρ,
1571 2552 1689 2586 τοῦνομα
1718 2551 1802 2585 Φερο-

1021 2598 1133 2633 γδάθης,
1148 2599 1196 2632 οὐχ
1212 2595 1292 2633 ἦττον
1307 2598 1354 2625 καὶ
1378 2598 1458 2629 αὐτὸς
1486 2597 1755 2633 φιλανθρωποτάτους
1775 2596 1804 2622 ὲν

792 2686 912 2714 VARl/E
939 2687 1140 2715 LECTIONES.

220 2764 244 2780 "
261 2763 379 2798 Σαϐῆροι
397 2761 474 2798 νοις.Δ
507 2761 529 2777 ⁸⁸
545 2760 609 2798 Post
624 2760 748 2798 Σαϐεῑροι
763 2760 907 2798 expcidissc1
919 2761 991 2798 conj:
1007 2757 1270 2798 N._dw__€up~.ra’wewv
1287 2757 1372 2798 ἦρχον
1386 2759 1421 2798 οἱ]
1436 2764 1461 2786 et
1474 2759 1543 2786 inira
1557 2766 1610 2785 scr.
1627 2757 1717 2798 thtf‘év
1732 2756 1804 2790 γένει

186 2801 227 2834 (ut
252 2798 287 2834 sit
308 2795 380 2834 idem
404 2795 476 2834 quod
501 2795 608 2834 γενικὴ)
625 2796 649 2821 ει

670 2794 747 2829 ήνην.
785 2794 808 2809 ⁸¹
833 2796 944 2828 ἁναίδην
967 2795 1011 2826 11.,
1035 2795 1153 2821 ἁναίδειν
1182 2795 1254 2829 vulg.

187 2829 214 2869 ί).
232 2833 294 2860 3‘29.
309 2832 328 2859 I.
341 2831 368 2859 8.
406 2831 429 2847 ⁸⁸
444 2829 602 2864 προσιζάνοι
617 2829 689 2864 vulg.
729 2830 751 2845 “
769 2830 931 2865 Ἀρζανικῆς
946 2830 1017 2864 vulg.
1055 2831 1077 2848 ⁸⁸
1093 2830 1231 2864 παρέσχην
1243 2837 1295 2864 mg.
1310 2829 1350 2855 ed.
1371 2829 1432 2856 Par.

1293 2791 1316 2810 ἀί
1327 2791 1471 2828 Μαιράνης
1496 2801 1589 2828 supraﬁ
1599 2791 1749 2828 appellatus
1763 2796 1804 2818 est

1478 2829 1502 2843 "
1518 2830 1562 2854 τὴν
1575 2827 1617 2860 8,,
1630 2827 1681 2852 τῶν
1697 2826 1766 2861 vulg.
