1943 3072
177 162 231 196 9ί3

561 164 609 194 DE
625 165 904 195 LEGATIONIBUS
925 166 1166 196 ROMANORUM
1185 167 1235 196 AD
1253 167 1411 197 GENTES.

1748 162 1801 196 9M

177 219 304 256 ἐπιστολῇ
319 220 483 256 διακομίζων
501 221 597 253 λόγους
615 221 683 256 πρὸς
694 221 740 248 τοῦ
760 221 872 257 Περσῶν
886 221 962 256 βασι-

1016 221 1207 255 Romanornm,
1223 227 1295 250 recte
1309 222 1418 257 quidem
1431 226 1456 249 te
1467 227 1586 256 gereres,
1604 219 1625 248 si
1639 219 1802 248 Persarme-

176 265 256 298 λέως,
276 266 306 292 ὲν
330 263 347 302 ᾖ
368 267 523 303 ἐγέγραπτο
550 264 601 294 ὦδε
615 275 621 280 -
643 277 652 292 ι
669 267 701 293 Et
731 267 782 302 μὲν
809 267 839 293 τὺ
861 268 964 294 δίκαιον

179 310 291 344 ποιῆσαι
304 309 513 346 βουληθείης,ὦ
549 311 694 346 Ῥωμαίων
729 311 850 346 βασιλεῦ,
875 313 964 344 καλῶς

176 356 211 383 ἂν
219 356 333 391 πράξοις
345 357 409 388 τούς
421 366 451 384 τε
464 357 514 392 τὴν
525 357 749 392 ἀποστασίαντῆς
758 358 965 392 Περσαρμενίας

177 401 378 436 βουλεύσαντας
402 403 552 438 γενεάρχας
578 403 699 434 ἐκδιδοὺς
722 404 790 438 ἡμῖν
818 403 965 438 ὑφέξοντας

176 447 283 480 ποινὰς,
296 448 325 474 ὲν
348 449 403 481 τοῖς
417 449 502 483 ὁρίοις
516 457 545 475 τε
572 449 621 484 τῆς
632 448 744 483 Περσῶν
769 457 799 475 τε
829 449 876 475 καὶ
896 447 963 476 Ῥω-

178 493 266 528 μαίων
278 494 552 529 ἀναρτηθησομένους
563 501 569 509 ⁸
582 494 669 525 διδοὺς
684 494 713 521 δὲ
722 494 769 521 καὶ
780 494 829 529 τὴν
840 493 965 521 ὲντεῦθεν

178 538 322 573 συμϐᾶσαν
337 537 439 573 ζημίαν
452 539 581 575 Πέρσαις.
596 539 628 565 Et
638 539 666 566 δὲ
683 540 750 574 πρὸς
776 539 863 566 ταῦτα
887 540 964 566 ἐναν-

175 584 241 615 τίως
252 584 335 619 ἔχεις,
349 585 450 618 πρᾶξαι
463 585 493 611 τὸ
507 585 594 619 φίλοις
617 586 721 620 πρέπον
736 593 742 599 ·
759 585 839 611 τοῦτο
850 585 879 612 δέ
905 585 963 613 ἐστι

177 628 341 664 ξυνιδραμεῖν
351 631 381 657 ὲν
393 631 447 662 τοῖς
459 630 544 666 ὁρίοις
554 630 632 662 αὖθις
644 631 706 661 τοὺς
722 631 854 665 ἑκατέρας
866 630 964 666 ἄρχον-

177 683 228 706 τας
257 676 407 708 πολιτείας,
438 676 473 702 τὰ
501 677 550 709 τῆς
577 676 751 712 είρήνης,ὼς
774 676 806 708 ἂν
825 676 963 709 δύναιντο,

181 719 281 754 μεταξῦ
296 720 350 748 τῶν
365 721 387 736 ⁸⁷
403 721 526 757 ἀλλήλων
555 721 778 757 διαϐησομένους.
810 722 871 756 'Ezp'
937 722 965 748 δὲ

177 765 333 793 τὰτοιαῦτα
359 766 510 802 προελθεῖν,
543 767 688 802 ἁνακωχὴν
706 768 834 802 γενέσθαι
864 768 934 795 τινά.
952 777 962 794 ι

178 808 243 838 Ὧδε
264 811 314 847 μὲν
331 809 377 839 οὖν
390 813 437 841 καὶ
451 814 467 848 ὴ
480 814 601 849 Χοσρόου
616 813 708 848 ἐδήλου
724 814 868 849 ἐπιστολή·
888 814 965 840 πλεί-

179 865 249 883 στων
265 857 292 884 δὲ
308 858 419 893 ἡμερῶν
432 858 502 886 κατά
515 858 564 893 τὴν
579 859 702 893 βασιλίδα
715 858 793 885 πόλιν
807 859 966 894 διαγενομέ-

178 912 231 930 νων
241 903 271 929 ὲν
285 904 344 934 ταῖς
355 904 384 930 ἐν
394 903 468 938 μέσῳ
483 904 636 936 συνουσίαις
646 904 773 940 Τιϐερίου
780 904 826 931 τοῦ
834 903 967 939 βασιλέως

177 948 226 974 καὶ
243 948 413 983 Φερογδαοου
442 948 490 975 τοῦ
508 949 619 985 Περσῶν
644 950 824 983 πρεσϐευτοῦ,
857 950 962 985 γράφε-

175 1002 220 1020 ται
234 993 284 1026 μὲν
298 993 424 1022 ἀπιοῦσιν
440 994 488 1021 ἐπὶ
501 994 550 1031 τὴν
562 995 711 1031 πρεσϐείαν
737 995 860 1032 Ζαχαρία
871 1004 901 1023 τε
919 997 966 1023 καὶ

175 1038 306 1074 Θεοδώρῳ
329 1040 385 1071 τοῖς
394 1039 540 1074 πρέσϐεσιν
551 1040 720 1076 ἐνδιατρίψαι
739 1041 810 1067 κατά
826 1040 876 1076 τὴν
895 1040 962 1073 Ἕω,

178 1084 224 1110 καὶ
239 1084 269 1110 οὖ
287 1093 314 1111 τι
329 1085 402 1120 μάλα
414 1086 444 1112 ἐν
459 1085 563 1121 σπουδῇ
572 1086 664 1114 θέσθαι
678 1086 797 1121 δηλῶσαι
828 1086 905 1121 σφῶν
915 1086 964 1112 αὺ-

176 1129 230 1156 τῶν
243 1129 292 1165 τὴν
305 1132 459 1165 παρουσίαν
477 1130 581 1165 βασιλεῖ
596 1131 651 1157 τῶν
665 1131 788 1166 Περσῶν,
805 1131 870 1166 πρὶν
890 1131 906 1166 ἢ
931 1131 963 1157 ὲκ

176 1175 226 1208 τῆς
243 1174 377 1209 βασιλίδος
409 1175 523 1211 ἀφεθείη
537 1176 708 1211 Φερογδάθης
721 1177 734 1203 6
762 1175 874 1210 Περσῶν
898 1184 966 1211 πρε-

185 1220 312 1255 σϐευτής.
326 1220 548 1255 Προελθόντωνδὲ
555 1221 602 1248 καί
609 1221 796 1256 κεκινημένων
807 1221 880 1248 ὲσότι
892 1221 966 1248 πλεί-

177 1273 247 1290 στων
256 1265 352 1298 λόγων,
362 1265 500 1300 ἐκπέμπει
516 1266 561 1292 τὸν
571 1266 605 1292 Φε
611 1265 743 1301 ρογδάοην
753 1267 767 1292 ὁ
779 1266 905 1300 βασιλεὺς
919 1266 966 1292 ἐπὶ

177 1308 292 1342 τούτοις,
305 1303 345 1341 οἷς
358 1310 390 1345 δὴ
407 1311 454 1336 καὶ
467 1309 569 1346 προτοῦ
589 1310 739 1346 ἐγεγράφει
759 1310 804 1337 διὰ
826 1311 879 1337 τῶν
897 1310 966 1337 Ῥω-

178 1354 264 1388 μαίων
278 1355 429 1389 πρέσϐεων.
451 1355 619 1391 Ἐκεχειρίαν
630 1356 658 1382 δὲ
677 1355 708 1382 οὓ
723 1365 749 1383 τι
763 1355 832 1391 ᾤετο
849 1356 904 1383 δεῖν
916 1355 964 1382 ἐπὶ

179 1399 312 1434 μήκιστον
347 1400 442 1435 χρόνον
462 1400 592 1427 ἐνδιδόναι
627 1401 745 1437 Πέρσαις
759 1409 766 1416 ·
792 1401 916 1436 ἀποχρῆν
938 1401 961 1417 ⁸⁸

1015 270 1076 297 nios
1086 270 1253 305 genearchas
1265 270 1425 298 defectionis
1436 274 1562 296 auctores
1579 268 1657 297 nobis
1669 269 1800 299 traderes,

1016 316 1163 343 utmeritas
1186 322 1280 350 poenas
1304 316 1368 343 mihi
1385 316 1493 348 darent,
1509 319 1536 343 et
1549 315 1575 342 in
1592 315 1689 342 ﬁnibus
1704 314 1801 341 Persa-

1017 367 1075 386 rum
1090 365 1118 387 et
1142 359 1327 387 Romanorum
1351 361 1596 394 suspenderentur;
1611 365 1638 388 et
1657 360 1680 388 si
1704 360 1801 387 damna

1016 405 1106 433 Persis
1130 406 1203 433 illata
1224 407 1397 440 rependeres.
1415 405 1443 433 Si
1460 406 1511 434 ista
1540 406 1688 441 improbas,
1707 405 1803 433 amicis

1015 449 1104 478 oﬂicla
1131 451 1223 478 debila
1250 459 1283 478 ne
1302 452 1430 486 deneges.
1445 451 1501 483 Hoc
1530 451 1640 483 feceris.
1659 451 1681 479 si
1696 450 1804 478 dederis

1015 502 1138 530 operam,
1157 501 1186 524 ut
1212 496 1354 532 utriusqtte
1379 497 1534 532 reipublicae
1562 497 1686 532 primarii
1705 497 1757 523 viri
1776 496 1802 522 in

1016 541 1140 569 confiniis
1156 542 1318 569 conveniant
1334 547 1362 570 et
1386 542 1525 576 pacem,si
1555 543 1612 569 lleri
1626 542 1721 577 possit,
1733 541 1804 569 inter

1016 591 1160 621 utramque
1177 591 1285 622 gentem
1315 591 1436 614 statuant
1465 591 1492 614 et
1520 587 1667 614 stabiliant.
1685 587 1760 620 Quae,
1777 591 1806 612 nt

1017 631 1050 657 ad
1063 631 1163 658 exitum
1175 631 1368 666 perducantur,
1382 636 1489 666 oportet
1505 631 1567 659 belli
1576 631 1804 659 intermissionem

1017 676 1087 704 tieri.
1109 685 1118 701 I
1135 676 1222 711 Atque
1247 677 1305 704 haec
1319 677 1431 711 epistola
1444 677 1575 705 Cliosrois
1583 671 1803 704 continebantur.

1017 722 1084 749 Dum
1098 721 1292 757 Pherogdates,
1308 721 1453 750 Persarum
1470 723 1541 758 regis
1556 723 1670 757 legatus,
1690 722 1717 749 in
1730 722 1804 756 regia

1017 767 1083 795 urbe
1103 775 1164 795 cum
1181 768 1291 796 Tiberio
1305 768 1469 804 imperatore
1484 768 1575 804 plures
1593 768 1651 796 dies
1668 768 1804 802 transigit,

1017 813 1152 845 Zachariae
1170 818 1198 841 et
1213 813 1373 847 Theodoro,
1390 815 1436 849 qui
1462 815 1489 842 in
1509 815 1668 850 legationem
1692 814 1805 849 profecti

1016 864 1112 892 erant,
1129 867 1178 894 per
1196 859 1302 887 litteras
1325 860 1507 895 signiﬁcatur,
1525 865 1554 888 ut
1579 861 1605 888 in
1624 860 1735 887 Oriente
1745 859 1802 887 sub-

1018 904 1126 937 sistant,
1138 911 1228 938 neque
1243 912 1321 932 suum
1337 905 1482 932 adventum
1505 905 1649 932 Persarum
1664 904 1720 939 regi
1735 904 1806 931 indi-

1017 957 1081 978 care
1095 949 1235 983 festinent,
1249 951 1406 985 priusquam
1422 957 1437 978 a
1449 950 1523 986 regia
1536 950 1602 978 urbe
1623 949 1807 985 Pberogdates

1017 997 1053 1024 sit
1062 997 1201 1024 dimissus.
1211 996 1333 1025 Tandem
1349 997 1499 1032 imperator
1514 996 1702 1032 Pherogdaten
1714 995 1804 1024 dimit-

1017 1040 1059 1073 tit,
1075 1040 1157 1076 168
1172 1047 1234 1068 cum
1252 1040 1352 1068 multos
1376 1048 1437 1067 cum
1452 1040 1497 1068 illo
1512 1039 1652 1068 habuisset
1667 1046 1807 1067 sermones

1017 1085 1049 1113 de
1074 1085 1116 1113 his
1140 1092 1200 1120 quae
1222 1086 1297 1120 prius
1312 1084 1345 1112 ad
1362 1086 1548 1113 Romanorum
1564 1085 1669 1120 legatos
1690 1084 1807 1118 scripse-

1018 1134 1072 1158 rat.
1085 1129 1210 1158 lndueias
1226 1129 1252 1157 in
1271 1129 1460 1165 longissimum
1480 1134 1585 1164 tempus
1605 1128 1697 1156 Persis
1710 1134 1807 1155 conce-

1017 1175 1120 1204 dendas
1130 1183 1250 1203 essenon
1262 1175 1384 1210 putabat.
1399 1174 1528 1203 Suﬂieere
1538 1175 1610 1202 enim
1627 1175 1743 1202 duorum
1760 1177 1805 1200 aut

1019 1220 1100 1247 trium
1128 1221 1261 1248 mensium
1283 1220 1399 1256 spatium
1415 1220 1452 1253 ei,
1478 1220 1524 1254 qui
1541 1220 1610 1248 bona
1638 1219 1689 1248 nde
1713 1226 1806 1254 pacem

1019 1266 1087 1293 tueri
1102 1266 1276 1300 instituisset,
1298 1273 1386 1302 neque
1399 1273 1448 1300 per
1460 1265 1581 1298 fraudem
1595 1265 1726 1301 longioris
1738 1269 1806 1292 tem-

1019 1311 1093 1346 poris
1123 1317 1268 1346 apparatus
1304 1311 1420 1341 faciendi
1454 1311 1624 1343 occasionem
1661 1314 1806 1345 quaereret.

1020 1355 1066 1384 llis
1102 1356 1138 1383 ita
1171 1356 1302 1384 confectis
1331 1356 1456 1389 discessit
1483 1364 1498 1383 a
1526 1355 1655 1391 Byzantio
1688 1353 1807 1390 Pherog-

1017 1401 1049 1428 da
1054 1406 1103 1429 tes.
1353 1419 1356 1423 .

177 1447 232 1481 γὰρ
248 1446 351 1481 ἔφασκε
369 1446 409 1482 τῷ
430 1447 584 1483 βουλομένῳ
597 1448 646 1482 τὴν
666 1449 777 1484 εἰρήνην
792 1449 844 1478 καὶ
871 1448 909 1484 μὴ
940 1448 986 1476 διὰ
1005 1450 1054 1484 τῆς
1088 1449 1135 1479 τοῦ
1159 1449 1256 1486 χρόνου
1286 1449 1408 1482 πλείονος
1433 1447 1541 1484 ἀπάτης
1574 1447 1808 1485 προμηθιυομένῳ

178 1494 356 1528 παρασκευῆς
387 1495 526 1531 ἀφορμὴν,
559 1496 606 1522 καὶ
630 1496 676 1522 δύο
708 1496 800 1531 μηνῶν
828 1496 844 1532 ἢ
875 1496 957 1532 τριῶν
994 1497 1185 1533 παραδρομὴν.
1219 1497 1274 1526 Καὶ
1300 1495 1347 1524 οὖν
1374 1496 1539 1532 ἀπῇρινέπὶ
1564 1498 1621 1528 τοῖς
1649 1496 1763 1523 τοιοῖσδε
1790 1495 1806 1522 6

176 1540 346 1575 Ψερογδάοης
361 1541 392 1567 ὲκ
404 1541 451 1567 τοῦ
466 1540 623 1573 Βυζαντίου.

212 1586 254 1614 ιθ’.
267 1588 326 1615 Ὅτι
345 1588 478 1623 Ῥωμαῖοι
492 1591 540 1618 καὶ
550 1589 653 1625 Πέρσαι
665 1589 862 1624 ξυνεστήσαντο
874 1589 907 1617 ἂν
915 1590 963 1626 τὴν

1054 1590 1097 1618 l9.
1111 1589 1155 1623 (Α.
1167 1588 1198 1616 C.
1208 1588 1269 1622 580,
1280 1589 1335 1616 ind.
1350 1589 1393 1622 l5,
1406 1588 1497 1616 Tiber.
1506 1587 1546 1623 5.)
1558 1587 1672 1615 Romani
1681 1591 1707 1615 et
1716 1587 1808 1615 Persas

176 1634 298 1669 εἰρήνην,
317 1634 342 1661 εί
367 1635 405 1670 μὴ
431 1634 554 1670 Χοσριόης
580 1634 666 1670 ᾤχετο
688 1635 718 1668 ἐξ
745 1635 898 1670 ἀνθρώπων
914 1635 962 1662 καὶ

184 1679 330 1715 Ὀρμίσδας
338 1681 351 1707 ὸ
360 1680 492 1715 Χοσρόου,
504 1679 681 1715 ἀνοσιουργὸς
696 1680 780 1712 ὅντως
791 1681 813 1697 ²⁹
823 1681 903 1716 ἀνὴρ,
913 1680 962 1716 τὴν

175 1726 281 1760 κίδαριν
299 1725 458 1761 ἀνεδήσατο.
476 1723 561 1760 Οἶμαι
574 1725 624 1760 μὲν
640 1723 688 1752 οὖν
702 1725 790 1759 ἔγωγε
801 1726 851 1752 οὐκ
861 1726 960 1758 ἄλλως,

177 1769 246 1804 πλὴν
261 1769 329 1797 ἀλλὰ
342 1770 389 1796 καὶ
399 1770 436 1802 ὣς
447 1770 469 1786 ⁹⁰
487 1770 652 1806 ἑκυρώθηη,
664 1770 711 1797 ἅτε
724 1770 843 1804 Χοσρόου
861 1770 900 1797 ἔτι
912 1779 961 1797 πε-

178 1816 280 1851 ριόντος
289 1816 426 1851 Ζαχαρίαν
437 1824 466 1842 τε
477 1816 524 1843 καὶ
531 1815 668 1851 Θεόδωρον
677 1815 863 1851 ⁹¹ὲσφοιτῆσαι
871 1816 900 1848 ἐς
913 1816 962 1851 τὴν

177 1862 292 1897 Περσῶν
309 1861 574 1897 πρεσϐευσομένους.
599 1861 682 1889 Οὔπω
706 1861 760 1897 γὰρ
777 1862 827 1898 τὴν
841 1862 895 1888 τῶν
910 1861 962 1893 Σύ-

177 1916 233 1942 ρων
255 1908 496 1943 παραμειψάμενοι
510 1906 590 1942 ἦσαν,
612 1909 660 1935 καὶ
672 1908 749 1935 οὐδὲν
761 1908 775 1935 ὃ
790 1917 817 1934 τι
829 1909 879 1942 τῆς
895 1908 963 1934 Ῥω-

180 1953 268 1987 μαίων
292 1952 428 1988 ἐνηλλάγη
454 1953 614 1988 πρεσϐείας.
633 1953 679 1979 Διὸ
703 1953 751 1980 καὶ
778 1954 810 1980 ὲκ
829 1953 963 1989 βασιλέως

176 1997 268 2028 αὐτοῖς
280 1997 432 2032 γράμματα
443 1997 542 2032 ἐστάλη
559 1997 668 2032 ἔχεσθαι
687 1999 736 2033 τῆς
749 1998 903 2034 ὁδοιπορίας
917 1999 963 2025 ἐπὶ

177 2044 234 2075 τοῖς
248 2044 340 2075 αὐτοῖς
352 2051 359 2059 ⁸
377 2044 478 2077 γνῶναι
499 2043 549 2079 μὲν
562 2044 617 2079 γὰρ
632 2044 661 2071 ὲν
679 2044 754 2080 μέσῳ
776 2043 825 2078 τὴν
840 2043 962 2079 Χοσρόου

175 2091 314 2126 τελευτὴν,
329 2091 404 2126 ὅμως
421 2091 449 2118 δὲ
462 2091 510 2117 καὶ
531 2091 600 2126 πρδς
620 2090 667 2117 τὸν
693 2091 799 2118 ἐκείνου
815 2091 897 2118 παῖδα
913 2091 963 2118 οὐκ

177 2137 263 2168 ἄλλως
282 2138 399 2172 φρονεῖν,
418 2137 534 2171 ἑτοίμως
555 2136 583 2163 δὲ
610 2136 683 2171 ἔχειν
706 2136 752 2163 τὸν
782 2136 899 2171 πόλεμον
916 2136 962 2163 ἐπὶ

177 2184 234 2214 τοῖς
251 2182 302 2217 ἠδη
317 2182 425 2218 Χοσρόῃ
446 2183 575 2217 γραφεῖσι
597 2181 757 2209 καταλῦσαι.
775 2182 835 2209 Ἔτι
849 2190 882 2216 γε
908 2181 961 2217 μὴν

177 2229 223 2255 καὶ
237 2228 300 2260 τοὺς
312 2227 463 2263 ἀφεθέντας
479 2228 668 2263 αἰχμαλώτους
681 2228 720 2259 ὡς
734 2227 767 2254 ἂν
782 2227 960 2263 ἑγχειρίσωσι

176 2273 214 2309 τῷ
235 2261 348 2309 Περσῶν
369 2273 485 2309 βασιλεῖ.
503 2261 734 2309 ἧρθσημήναντες
749 2261 838 2300 τοίνυν
852 2261 876 2300 oi
895 2273 962 2300 'Ptn-
977 2261 1000 2290 ί)

177 2319 264 2354 μαίων
280 2319 407 2355 πρέσϐεις
424 2319 472 2346 σὺν
483 2319 566 2355 πολλῇ
579 2327 609 2346 τε
626 2321 692 2355 τιμῇ
704 2319 751 2346 καὶ
761 2319 883 2355 εὐφημίᾳ
892 2319 962 2347 κατά

174 2365 222 2400 τὴν
237 2366 345 2393 Νίσιϐιν
353 2366 477 2400 ἐγένοντο
484 2375 492 2382 ·
502 2367 531 2394 ὲν
541 2366 591 2394 θαύ
596 2367 661 2402 ματί
673 2375 701 2394 τε
711 2367 832 2402 μεγίστῳ
842 2366 964 2393 ἐποιοῦν-

175 2420 205 2437 το
235 2412 337 2448 Πέρσαι
364 2412 414 2447 τὴν
433 2412 578 2448 Ῥωμαίων
598 2412 670 2447 ἀμφὶ
695 2413 758 2445 τοὺς
784 2411 964 2448 δοριαλώτους

177 2456 392 2492 φιλανθρωπίαν.
414 2457 458 2484 Ἐν
472 2457 559 2493 τούτῳ
585 2457 615 2485 δὲ
641 2458 689 2484 καὶ
714 2458 839 2493 Τιϐέριος
853 2459 868 2485 ό
882 2458 963 2485 αὺτο-

178 2501 289 2536 χράτωρ
315 2502 420 2529 στέλλει
443 2502 533 2536 αὖθις,
552 2502 602 2529 τοῦ
620 2501 687 2539 ἦρος
701 2504 867 2540 ἀρχομένου,
882 2503 962 2531 Μαυ-

181 2547 271 2582 ρίκιον
286 2548 357 2574 κατά
371 2548 421 2583 τὴν
437 2548 506 2584 πρδς
520 2549 667 2584 ἀνίσχοντα
689 2549 764 2584 ἥλιον
791 2549 962 2584 ἁποκαραδο‹

179 2594 297 2626 κήσοντα
311 2597 342 2620 τὸ
361 2593 501 2629 ἐσόμενον,
514 2595 745 2630 ἐγκελευσάμενος
755 2596 792 2628 ot,
807 2596 876 2630 πρὸς
893 2595 962 2631 ὅπερ

179 2638 212 2665 ἂν
231 2639 246 2665 ὸ
263 2639 376 2674 Περσῶν
401 2639 527 2674 βασιλεὺς
549 2642 654 2675 τραπῇ,
673 2640 849 2673 ὑπαντιάζειν
867 2649 897 2667 τε
915 2641 964 2668 καὶ

178 2685 435 2720 παρασκευάζεσθαι
458 2686 526 2721 πρὸς
549 2686 683 2720 ἑκατέραν
712 2686 767 2715 τῶν
791 2687 962 2721 πραγμάτων

1013 1641 1078 1662 sane
1093 1641 1185 1668 pacem
1206 1633 1351 1666 fecissent,
1372 1633 1423 1660 nisi
1445 1632 1582 1664 Cliosroes
1611 1639 1644 1660 ex
1670 1632 1807 1660 hominum

1015 1686 1128 1707 numero
1143 1678 1279 1710 sublatus,
1295 1683 1323 1706 et
1345 1678 1516 1712 Hormisdas,
1532 1678 1591 1713 ejus
1613 1678 1696 1711 ﬁlius,
1707 1678 1807 1706 ferocis

1013 1726 1113 1760 ingenii
1127 1726 1180 1758 vir,
1205 1726 1289 1753 cidari
1303 1725 1445 1753 redimitus
1460 1724 1567 1753 fuisset.
1589 1724 1643 1753 Sed
1662 1730 1717 1752 tum
1736 1732 1805 1760 quo-

1013 1779 1078 1806 que,
1092 1771 1201 1806 opinor,
1214 1770 1282 1798 nihil
1298 1770 1372 1799 aliud
1386 1770 1551 1802 decernitur,
1563 1776 1646 1803 quam
1661 1772 1690 1796 ut
1702 1769 1803 1796 Zacha'

1015 1817 1068 1845 rias
1076 1821 1103 1844 et
1113 1816 1271 1844 Theodorus
1282 1837 1290 1849 ,
1307 1819 1436 1851 tanquam
1455 1815 1544 1843 adhuc
1557 1814 1704 1849 superstite
1721 1813 1808 1841 Chos-

1016 1864 1078 1897 rne,’
1085 1862 1222 1890 Persidem
1236 1862 1379 1890 intrarent.
1394 1861 1500 1889 Etenim
1516 1865 1580 1888 tunc
1595 1860 1726 1895 temporis
1739 1867 1807 1887 non-

1015 1911 1078 1939 dum
1092 1910 1199 1945 Syriam
1212 1909 1374 1944 transgressi
1384 1912 1472 1940 erant,
1485 1914 1571 1941 neque
1585 1907 1732 1942 quidquam
1747 1906 1807 1933 ideo

1014 1963 1045 1983 ex
1063 1961 1157 1982 eorum
1188 1953 1321 1987 legatione
1335 1957 1466 1982 mutatum
1485 1957 1538 1980 est.
1550 1951 1643 1986 itaque
1663 1950 1760 1978 littera
1773 1951 1808 1977 ab

1015 2000 1179 2034 imperatore
1196 1999 1249 2025 illis
1267 1997 1379 2025 reddita:
1395 2001 1470 2029 sunt,
1482 2001 1513 2024 ut
1524 1995 1777 2024 continuarentiter
1795 2003 1803 2021 :

1014 2045 1065 2072 sibi
1089 2044 1196 2079 quidem
1223 2043 1377 2070 nuntialutn
1409 2050 1485 2075 esse,
1519 2042 1590 2069 inter
1619 2042 1645 2069 id
1678 2041 1807 2076 temporis

1013 2091 1162 2119 Chosroem
1191 2094 1306 2117 mortem
1335 2087 1452 2121 obiisse;
1479 2092 1675 2120 verumtamen,
1703 2094 1732 2114 se
1746 2093 1807 2114 esse

1014 2137 1109 2165 eodem
1131 2136 1158 2163 in
1175 2135 1259 2162 ﬁlium
1282 2134 1389 2167 animo,
1412 2139 1439 2161 et
1461 2138 1585 2169 paratum
1608 2131 1757 2161 secundum
1773 2138 1806 2158 ea

1015 2189 1098 2217 quaaa
1109 2181 1231 2212 Chosroe
1248 2180 1348 2214 scripta
1365 2184 1454 2212 erant,
1467 2186 1482 2206 a
1501 2178 1571 2206 bello
1579 2177 1739 2209 discedere;
1759 2184 1806 2204 ne-

1016 2235 1070 2263 que
1085 2232 1228 2263 propterea
1245 2227 1403 2253 omitterent
1426 2224 1524 2252 Persas
1538 2224 1669 2259 captivos,
1683 2223 1808 2250 libertate

1015 2276 1140 2306 deustos,
1157 2274 1183 2300 in
1200 2279 1296 2300 manus
1319 2272 1390 2307 regis
1409 2271 1553 2299 Persarum
1571 2270 1688 2298 tradere.
1713 2269 1808 2302 Itaque

1016 2320 1200 2348 Romanorum
1218 2318 1309 2353 legati,
1323 2317 1425 2346 nuntiis
1452 2315 1609 2352 praemissis,
1624 2322 1685 2343 cum
1703 2313 1808 2340 honore

1016 2370 1045 2394 et
1062 2365 1158 2393 faustis
1170 2364 1414 2393 acclamationibus
1436 2363 1551 2390 Nisibim
1570 2363 1759 2396 pervenerunt.
1774 2359 1808 2385 Et

1019 2412 1108 2441 Persae
1123 2411 1234 2447 quidem
1249 2410 1435 2439 Romanorum
1453 2415 1514 2445 erga
1531 2408 1655 2442 captivos
1681 2405 1807 2434 humani-

1019 2464 1100 2487 tatem
1121 2465 1282 2494 maguopere
1298 2461 1364 2485 sunt
1393 2455 1530 2483 admirati.
1555 2454 1660 2480 Interea
1681 2451 1807 2478 Tiberius

1018 2505 1176 2539 imperator,
1195 2503 1389 2533 vcreineunte,
1405 2507 1500 2528 rursus
1509 2498 1584 2526 misit
1596 2496 1756 2525 Mauricium
1777 2496 1805 2523 in

1017 2549 1184 2578 Orientalem
1215 2547 1321 2582 imperii
1350 2551 1464 2582 partem,
1491 2544 1548 2579 qui,
1572 2543 1644 2578 quod
1672 2541 1804 2572 eveniret,

1017 2597 1199 2629 exspectaret,
1229 2597 1256 2621 et
1273 2592 1311 2620 illi
1336 2591 1490 2626 imperavit,
1505 2595 1535 2617 ut
1565 2588 1622 2624 regi
1651 2587 1804 2618 Persarum,

1017 2647 1179 2676 quocunque
1207 2646 1237 2667 se
1262 2641 1399 2670 verteret,
1426 2640 1603 2664 occurreret:
1621 2634 1686 2662 etin
1712 2639 1809 2667 quam—

1017 2693 1123 2721 cunque
1151 2690 1256 2720 partem
1287 2691 1330 2712 res
1342 2683 1481 2715 caderent,
1510 2682 1544 2710 ad
1565 2687 1660 2710 omnes
1683 2686 1764 2708 casus
1777 2685 1808 2706 se

815 2763 930 2792 VARIE
948 2762 1154 2792 LECTIONES.

213 2821 238 2861 ’ί
255 2821 318 2861 τῶν
333 2822 433 2861 ιίςίηΝ.
471 2823 715 2861 ³⁸ἀπεχρῆν-νιιῐς.
754 2824 776 2841 ⁶⁹
790 2824 873 2857 ὅντως
896 2824 940 2860 Il.,
957 2823 1043 2857 οὕτως
1060 2825 1131 2861 vulg.
1171 2825 1193 2842 '°
1208 2825 1245 2856 ὡς
1270 2823 1342 2860 vulg.
1381 2821 1538 2858 ³¹ἑκυρώθη
1564 2820 1597 2849 ἂν
1614 2821 1670 2849 εἴτε
1693 2818 1727 2848 Η.
1748 2817 1806 2845 Val-

182 2856 206 2874 ”
219 2856 284 2885 Post
300 2857 374 2884 θεῶ.
393 2858 444 2885 ius.
460 2856 617 2885 συνέϐαινεν
632 2858 690 2886 Val.
