1943 3072
152 145 205 176 915

551 144 748 174 EXCERPTA
765 144 815 173 EX
834 143 1047 173 MENANDRU
1064 143 1307 174 PROTECTORE

1717 142 1772 174 916

153 205 327 235 praepararet.
353 203 386 230 Et
403 202 447 229 ille
464 196 583 236 quidem,
608 207 635 228 ut
651 209 697 229 rex
717 208 893 236 pra‘ceperat,
910 201 936 228 in

991 202 1086 236 ῥοπήν.
1102 202 1157 228 Καὶ
1174 203 1188 227 ὁ
1201 202 1259 236 μὲν,
1273 201 1343 227 καοὰ
1352 200 1457 236 βασιλεῖ
1468 200 1566 231 ἐδόκει.
1582 199 1634 226 ἀνὰ
1648 199 1696 234 τὴν
1714 200 1773 226 Ἕω

155 247 263 274 Oriente
290 247 420 278 substitit,
450 251 477 273 et
505 246 676 279 observabat,
696 246 760 281 quid
785 246 854 273 facto
869 253 936 279 opus

154 296 236 319 esset.
260 291 326 318 Cum
357 292 438 327 igitur
462 291 541 325 legati
565 291 590 318 in
621 291 756 319 Persidem
785 291 936 323 venissent,

155 337 296 364 Persarum
309 345 409 372 regem,
423 339 467 372 qui
486 341 606 364 recenter
622 337 647 363 lu
661 338 760 371 regium
778 337 874 364 solium
893 344 936 364 as-

153 381 299 414 cenderat,
322 383 442 409 salutare
465 389 629 416 magnopere
644 382 796 416 cupiebant,
821 386 846 409 et
861 389 934 416 spem

153 427 302 459 habebant,
317 428 366 454 sibi
389 436 441 454 non
464 428 551 455 solum
577 427 689 454 multum
712 427 821 454 honoris
846 433 873 454 et
887 429 936 455 bu-

154 473 292 500 tnanitatis
313 473 476 508 impertitum
496 473 552 504 iri,
582 473 629 500 sed
662 473 742 499 etiam
756 492 763 505 ,
782 480 842 507 quae
863 477 936 506 pete-

153 524 224 549 rent.
237 526 297 546 sese
312 519 510 552 impetraturos.
529 519 632 546 Etenim
662 523 720 552 post
732 522 784 545 tam
802 519 934 551 insignem

153 563 293 591 victoriam
318 572 455 591 sermones
479 564 627 592 atl'erebant
649 565 682 590 ab
705 565 866 598 imperatore
880 563 934 590 llo-

154 616 233 636 mano
243 610 369 637 comitate
382 614 409 636 et
419 609 585 636 humanitate
596 609 688 643 plenos
699 614 726 635 et
739 609 772 636 ab
780 608 851 635 omni
863 609 932 635 inso-

154 654 234 681 lentia
250 660 376 682 remotos.
393 654 484 690 Neque
500 662 564 682 vero
579 655 664 682 solum
688 661 717 681 se
728 654 816 681 verbis
830 661 932 681 comem

153 702 181 725 et
195 699 337 734 benignum
359 700 494 733 praebebat
510 699 668 733 imperator.
694 706 784 726 verum
798 699 880 725 etiam
906 706 934 726 re

154 743 221 778 ipsa,
239 752 300 772 cum
316 749 355 772 tot
367 745 488 780 captivos
506 744 597 772 Persis
622 745 788 772 restitueret.
806 744 838 771 Et
853 752 884 771 ex
901 752 933 772 eo

153 789 284 822 putabant
303 790 370 822 fore,
385 793 414 816 nt
431 797 490 824 quae
506 791 662 824 sperabant,
679 789 737 816 sine
750 791 931 816 controversia

154 839 394 868 consequerentur.
418 834 470 861 Sed
494 835 618 867 universa
649 842 691 861 res
716 834 742 860 in
766 834 931 861 contrarium

988 247 1078 281 ἔμενε,
1103 247 1133 273 τὸ
1158 248 1293 281 πρακτέον
1318 246 1474 281 ἐπιτηρῶν·
1498 246 1647 281 προϊόντων
1671 246 1699 272 δὲ
1718 246 1773 272 τῶν

989 292 1130 327 πρέσϐεων
1147 293 1176 324 ὲς
1188 292 1222 318 τὰ
1247 293 1300 328 ἤθη
1321 292 1638 327 Περσῶν,ὲπειγομένων
1661 300 1691 317 τε
1711 291 1774 317 θεα-

989 337 1087 364 σασθαι
1110 337 1155 364 τὸν
1179 338 1241 372 ἄρτι
1260 338 1297 372 τῷ
1320 337 1449 373 βασιλείῳ
1466 337 1554 372 θρόνῳ
1578 337 1770 371 ἐπιϐεϐηκότα,

987 382 1118 416 οἰομένων
1132 391 1160 408 τε
1177 383 1206 414 ἐς
1229 384 1262 409 τὰ
1290 383 1406 418 μάλιστα
1429 382 1570 416 τεύξεσθαι
1582 383 1605 399 9³
1621 382 1716 416 τιμῆς,
1741 382 1771 408 οὗ

991 428 1044 463 μὴν
1060 428 1129 455 ἀλλὰ
1145 429 1192 455 καὶ
1213 429 1267 455 τῶν
1290 429 1516 464 σπουδαζομένων
1541 428 1603 454 οὔτε
1615 429 1637 444 ’⁸
1656 429 1771 454 ἀποτεὺ-

987 472 1078 505 ξεσθαι
1095 471 1149 509 (οἶα
1173 474 1243 508 μετὰ
1268 474 1403 509 τοσαύτην
1433 475 1512 509 νίκην
1537 475 1642 509 πράους
1666 483 1695 501 τε
1724 475 1772 501 καὶ

986 517 1076 552 πάσης
1096 518 1240 551 αὐθαδείας
1258 519 1482 555 ἀπηλλαγμένους
1501 519 1548 546 τοῦ
1566 519 1708 554 Ῥωμαίων
1724 519 1771 554 βα-

987 562 1083 594 σιλέως
1096 564 1320 599 ἐπικομιζόμενοι
1331 564 1427 598 λόγους
1436 573 1442 580 ⁵
1459 566 1505 591 καὶ
1519 565 1556 595 ὡς
1567 565 1596 590 οὺ
1611 565 1691 598 μόνον
1707 564 1771 599 ἄχρι

986 608 1118 642 ῥημάτων
1137 609 1210 643 αὐτῷ
1234 609 1265 635 τὺ
1289 609 1493 644 φιλάνθρωπον,
1523 609 1622 644 μᾶλλον
1651 609 1698 644 μὲν
1724 607 1771 635 οὖν

985 653 1077 688 ἔργοις
1111 654 1344 689 ἐπιδεικνυμένου,
1365 654 1403 689 τῷ
1422 654 1566 685 τοσούτους
1590 655 1771 690 δοριαλώτους

984 699 1040 729 τοῖς
1071 698 1190 734 Πέρσαις
1216 699 1313 730 αὐτοὺς
1340 700 1546 733 ἐπαναγαγεῖν),
1575 699 1677 726 τούτων
1694 700 1771 725 ἑλπι‹

985 743 1084 776 ζόντων
1099 752 1131 777 γε
1147 743 1238 770 αὐτῶν
1251 743 1370 777 κυρῆσαι
1389 743 1593 778 ἀναμφιϐόλως,
1618 745 1647 773 ἐς
1665 745 1772 770 τούναν-

984 789 1040 814 τίον
1069 787 1167 822 ξυνέϐη
1190 788 1274 814 ἂπαν.
1295 788 1403 820 Πρῶτον
1435 789 1483 823 μὲν
1512 788 1566 823 γὰρ
1591 789 1661 815 κατὰ
1689 789 1772 823 μέσον

984 834 1035 867 τῆς
1064 833 1218 869 ὁδοιπορίας
1246 833 1300 859 τῶν
1314 842 1356 865 τις
1371 834 1446 868 παρὰ
1470 834 1590 868 Πέρσαις
1614 836 1670 866 τοῖς
1693 835 1771 869 βασι-

154 879 245 906 vertit.
261 878 379 906 Primum
397 879 469 906 enim
485 887 554 906 unus
567 887 599 906 ex
615 879 667 912 bis,
684 880 728 913 qui
745 879 798 914 regi
812 879 837 906 in
850 886 932 913 nego-

986 864 1071 908 λικοῐς
1095 886 1124 903 τε
1139 864 1185 904 καὶ
1201 864 1352 912 δημοσίοις
1365 864 1526 914 πράγμασιν
1553 864 1773 914 ἐξυπηρετουμέ-

155 925 199 952 tiis
212 929 238 951 et
253 924 333 960 regiis
347 929 374 952 et
393 924 508 959 publicis
523 924 705 952 ministerium
723 925 853 959 przebent,
869 932 935 958 quos

154 969 242 996 Latini
259 977 274 996 a
285 970 397 997 secretis
412 974 518 1001 vocant,
537 970 644 997 obvium
661 977 689 997 se
703 969 788 997 media
809 970 851 996 via
866 970 936 1004 lega-

155 1015 189 1043 tis
205 1015 275 1049 tulit,
292 1015 372 1052 169
381 1020 408 1043 et
422 1023 468 1043 eos
478 1020 519 1043 est
529 1019 731 1051 percunctatus,
749 1016 812 1050 quid
826 1011 934 1048 vellent,

153 1067 206 1094 qua
229 1060 261 1086 de
278 1067 358 1087 causa
380 1059 515 1092 venirent,
535 1064 562 1087 et
591 1060 655 1094 quid
684 1059 768 1086 nuntii
795 1059 933 1087 ati'errent.

153 1104 223 1133 lluic
237 1105 381 1133 Zacharias
395 1109 422 1132 et
437 1104 596 1133 Theodorus
622 1106 820 1140 responderunt
837 1105 863 1132 itl
883 1114 934 1132 non

154 1150 203 1183 illi,
218 1151 264 1177 sed
278 1149 406 1184 magistro
418 1149 460 1185 (ut
479 1149 625 1184 loquuntur
637 1149 762 1184 Romani)
779 1149 933 1176 dicendum.

153 1185 216 1221 Haec
241 1194 285 1221 ubi
312 1195 444 1226 dixerant,
473 1194 543 1221 viam
575 1199 762 1228 perrexerunt.
783 1194 847 1221 Post
865 1195 936 1222 hunc

153 1237 222 1264 alius
234 1244 341 1271 quoque
360 1244 392 1264 ex
416 1236 507 1264 Persis
523 1237 606 1268 venit,
622 1237 669 1272 qui
687 1238 933 1272 peregrinationem

155 1281 208 1309 illis
232 1281 395 1317 impediebat
411 1291 418 1309 :
436 1282 538 1310 tardius
564 1282 636 1309 enim
653 1283 686 1310 de
703 1283 834 1310 industria
859 1284 932 1311 ince-

155 1329 246 1360 debat,
264 1332 292 1355 et
306 1335 353 1355 eos
366 1328 488 1356 cunctari
501 1328 626 1362 faciebat,
641 1335 728 1363 neque
745 1329 856 1357 ulterius
871 1337 935 1364 pro-

152 1374 228 1408 gredi
254 1373 359 1401 sinebat
389 1383 398 1404 ε
433 1374 574 1408 propiores
614 1374 744 1401 stationes
767 1374 884 1409 eligebat
909 1379 936 1402 et

152 1425 252 1453 paucas
267 1425 429 1452 parasangas
453 1418 624 1451 conficiebat,
647 1423 674 1445 et
688 1426 721 1446 ex
736 1419 797 1446 aliis
823 1419 888 1446 locis
908 1419 934 1446 in

151 1464 202 1490 alia
217 1464 276 1492 loca
293 1464 345 1491 huc
360 1464 425 1490 illuc
437 1469 560 1492 errantes
580 1468 607 1491 et
623 1465 744 1498 palantes
756 1465 913 1492 traducebat
926 1473 934 1492 :

153 1514 180 1535 et
191 1510 217 1536 in
230 1517 262 1536 eo
274 1516 304 1537 se
320 1509 375 1536 illis
391 1509 459 1537 male
473 1517 572 1544 cupere
587 1509 652 1536 satis
664 1509 810 1537 iudicabat.
826 1509 931 1537 Etenim
945 1521 968 1552 ρ

154 1562 202 1582 eos
223 1555 296 1582 nulla
321 1556 485 1582 humanitate
502 1555 617 1587 colebat,
640 1560 666 1582 et
685 1555 756 1582 nulla
770 1555 859 1583 habita
888 1563 932 1583 ra-

156 1600 228 1627 tione
257 1600 445 1632 observantite,
472 1607 531 1634 quae
554 1600 649 1635 legatis
673 1600 805 1633 debetur,
828 1601 931 1628 viarum

152 1645 293 1672 erroribus
308 1644 446 1679 fatigabat.
459 1644 528 1672 Etid
544 1645 652 1679 quidem
671 1645 761 1673 Persa:
775 1646 836 1672 data
850 1652 932 1679 opera

151 1696 178 1719 et
195 1691 379 1726 praemeditato
397 1690 510 1718 consilio
521 1690 667 1723 faciebant,
681 1697 734 1726 quo
748 1691 851 1726 legatos
875 1698 933 1718 mo-

152 1740 287 1767 rarentur,
305 1741 333 1762 et
351 1742 431 1769 quam
443 1735 596 1762 diutissime
614 1735 775 1769 detinerent,
805 1739 833 1762 ut
847 1736 934 1762 maxi-

151 1788 225 1808 mum
251 1781 353 1807 interea
383 1779 443 1807 belli
459 1784 616 1814 apparatum
638 1779 769 1813 facerent,
792 1784 820 1808 et
842 1781 934 1815 copias

151 1825 277 1858 frumenti
298 1825 330 1853 ad
344 1826 467 1861 quamvis
481 1825 651 1852 necessitatis
665 1825 834 1853 occasionem
849 1834 935 1861 para—

151 1878 193 1901 tas
216 1873 242 1900 in
255 1873 367 1900 urbibus
378 1871 463 1899 Nisibi
487 1871 613 1899 etDaras
639 1877 826 1906 congererent,
853 1877 936 1907 atque

150 1918 232 1946 etiam
249 1918 320 1945 ultra
335 1917 435 1953 Tigrim
453 1924 559 1944 amnem
573 1916 685 1945 castella
699 1917 862 1944 necessariis
881 1924 934 1944 εον·

150 1966 203 2000 piis
231 1965 399 2000 implerent;
426 1964 489 1999 quia
512 1963 621 1992 locustae
646 1965 674 1990 in
704 1963 756 1990 illis
781 1963 935 1998 regionibus

150 2018 245 2038 omnes
261 2017 386 2044 agrorum
406 2009 496 2044 fruges
509 2012 743 2042 consumpserant,
758 2013 785 2035 et
806 2008 936 2042 proximis

150 2054 335 2082 Romanorum
360 2053 561 2081 incursionibus
588 2054 644 2088 agri
668 2053 779 2080 desolati
808 2060 936 2087 perman-

150 2105 253 2128 serant.
270 2099 363 2135 ltaque
377 2099 552 2126 acerbissima
569 2099 655 2126 fames
674 2099 804 2131 instabat,
823 2105 937 2132 praeser-

151 2144 199 2171 tim
221 2152 281 2171 cum
295 2151 342 2171 rex
357 2143 499 2171 Persarum
523 2144 556 2170 ad
573 2151 654 2178 grave
664 2143 762 2170 bellum
785 2143 935 2177 suscipien-

150 2190 213 2216 dum
241 2190 374 2218 exercitus
402 2194 520 2224 pararet.
549 2190 614 2217 Cum
641 2190 729 2216 Persae
749 2189 800 2217 hoc
827 2180 973 2218 consiliiD

151 2236 297 2270 cepissent,
321 2236 365 2263 vix
380 2241 439 2271 post
459 2236 558 2262 multos
580 2235 637 2262 dies
654 2237 817 2270 permissum
838 2240 879 2263 est
895 2236 934 2263 le-

150 2283 231 2316 gatis,
257 2283 284 2309 in
303 2282 403 2316 regiam
417 2282 511 2316 pedem
533 2281 646 2308 inferre.
674 2280 706 2308 Et
735 2282 850 2315 primum
873 2282 935 2315 qui-

150 2329 223 2359 dem,
240 2333 270 2355 ut
282 2328 365 2355 moris
376 2332 428 2358 est,
441 2333 506 2354 sunt
515 2327 639 2354 convivio
661 2328 776 2361 excepti,
788 2334 840 2361 quo
850 2326 933 2360 facto,

150 2377 294 2406 postquam
322 2372 427 2398 litteras
451 2371 485 2398 ab
505 2371 668 2405 imperatOre
698 2371 881 2401 tradidissent.
908 2376 935 2398 et

151 2418 271 2451 captivos
297 2416 487 2448 reddidissent,
503 2423 566 2443 cum
589 2422 636 2442 eos
651 2413 740 2443 Pers‘aa
768 2415 839 2443 nullo
867 2416 935 2444 libe-

150 2463 199 2490 rali
217 2468 241 2491 et
268 2464 384 2497 benigno
395 2469 521 2490 sermone
549 2461 651 2496 dignati
668 2466 770 2495 essent,
798 2462 933 2490 discesse-

151 2517 222 2537 I'tlnl.
244 2509 378 2537 Postridie
394 2508 461 2535 aulae
477 2507 548 2542 apud
563 2506 661 2534 Persas
675 2507 819 2542 praefectus
833 2508 932 2536 ειΜο-

150 2555 233 2583 bodcs
265 2562 312 2583 eos
346 2555 594 2588 interrogaverunt,
628 2560 688 2587 quae
715 2557 789 2580 esset
812 2553 930 2586 ipsorum

150 2599 293 2636 legationis
311 2605 440 2637 potestas.
465 2599 533 2627 Cum
564 2599 643 2632 legati
667 2598 880 2633 respondissent,
893 2606 933 2631 se,

150 2649 181 2672 ut
194 2645 227 2673 de
254 2653 319 2681 pace
338 2650 459 2681 agerent,
483 2644 600 2676 venisse,
622 2643 711 2670 nullos
735 2643 769 2671 de
781 2651 812 2671 ea
826 2651 855 2671 re
878 2651 936 2670 ser.

150 2697 245 2718 mones
279 2691 367 2719 Persa:
390 2691 590 2723 admiserunt,
625 2689 691 2716 nihil
722 2688 855 2724 ejusmodi
886 2689 936 2716 sibi

987 931 1039 950 νων
1060 922 1127 957 (οὓς,
1150 923 1231 954 εἴτις
1248 925 1280 958 τῇ
1298 924 1421 950 Λατίνων
1449 925 1579 960 χρήσοιτο
1601 927 1686 960 φωνῇ,
1703 925 1773 959 ἀση-

987 969 1083 1004 κρῆτίς
1103 977 1133 994 τε
1143 969 1167 985 ⁹¹
1192 969 1464 1004 προσαγορεύσειεν),
1494 970 1663 1001 ὑπαντιάσας
1689 970 1773 1005 ἤρετο

987 1016 1056 1048 σφᾶς
1072 1015 1086 1040 ὃ
1097 1023 1122 1040 τι
1138 1014 1274 1050 βούλοιντό
1298 1024 1328 1041 τε
1343 1016 1390 1041 καὶ
1405 1015 1419 1042 ὅ
1443 1024 1469 1041 τι
1489 1015 1590 1049 ἥκοιεν,
1609 1016 1655 1042 καὶ
1676 1016 1773 1042 ὁποίαν

986 1059 1180 1094 ἀποκομίζοιεν
1196 1060 1338 1094 ἀγγελίαν.
1364 1060 1444 1087 Ἀλλὰ
1460 1060 1548 1095 τούτῳ
1566 1061 1614 1096 μὲν
1624 1061 1682 1094 οἶγε
1700 1061 1773 1096 ἀμφὶ

986 1107 1124 1142 Ζαχαρίαν
1138 1116 1167 1134 τε
1182 1109 1229 1134 καὶ
1246 1108 1383 1144 Θεόδωρον
1398 1105 1450 1135 ὧδε
1476 1109 1667 1144 ἀπεκρίναντο,
1682 1109 1719 1140 ὠς
1739 1110 1773 1135 τὰ

986 1152 1075 1178 τοιάδε
1087 1153 1126 1186 τῷ
1138 1154 1213 1187 παρὰ
1227 1152 1347 1188 Πέρσαις
1365 1153 1506 1189 μαγίστρῳ
1515 1154 1597 1183 (καθὰ
1616 1154 1710 1180 τοῦτον
1723 1163 1774 1180 κα-

986 1197 1063 1223 λοῦσι
1083 1197 1225 1232 Ῥωμαῖοι)
1243 1198 1351 1232 ῥητέον,
1368 1199 1414 1224 καὶ
1441 1199 1500 1234 οὐχ).
1521 1199 1604 1233 αὐτῷ.
1619 1199 1711 1226 Ταῦτα
1734 1200 1774 1225 εί-

986 1242 1084 1272 πὸντες
1110 1243 1215 1277 εἴχοντο
1235 1243 1284 1276 τῆς
1300 1243 1372 1270 ὁδοῦ.
1394 1243 1438 1276 Ἐξ
1462 1244 1565 1270 ἐκείνου
1589 1242 1657 1279 ἧκεν
1681 1244 1774 1279 ἕτερός

986 1295 1028 1317 τις
1040 1287 1073 1312 ὲκ
1088 1286 1213 1322 Περσῶν,
1227 1287 1255 1319 ὃς
1274 1287 1366 1322 ἔτριϐε
1378 1288 1426 1322 τὴν
1440 1288 1594 1323 ὁδοιπορίαν
1610 1289 1700 1320 αὐτοῖς
1725 1288 1775 1315 καί

986 1330 1142 1365 διαμέλλειν
1165 1331 1260 1363 ἐποίει,
1277 1331 1442 1366 βραδυτῆτος
1467 1333 1608 1367 χρώμενος
1627 1334 1771 1364 ἐπινοίαις,

988 1375 1060 1402 ξέναι
1072 1384 1102 1402 τε
1127 1377 1156 1407 ἐς
1180 1377 1215 1403 τὰ
1240 1378 1334 1412 πρόσω
1353 1378 1390 1412 μὴ
1415 1378 1573 1413 συγχωρῶν.
1592 1379 1726 1414 Σταθμοῖς
1742 1387 1775 1405 τε

988 1421 1044 1456 γὰρ
1059 1421 1262 1456 πλησιαιτέροις
1272 1422 1318 1448 καὶ
1330 1423 1525 1457 παρασάγγαις
1543 1424 1644 1457 ὀλίγοις
1659 1424 1769 1459 ἐχρῆτο,

986 1465 1081 1492 ἄλλοτε
1095 1466 1192 1498 ἄλλους
1202 1467 1309 1502 χώρους
1325 1468 1481 1503 περιφέρων
1494 1477 1522 1494 τε
1538 1470 1585 1495 καὶ
1600 1469 1775 1500 ἀποπλανῶν,

986 1511 1040 1538 κάκ
1061 1512 1158 1538 τούτου
1190 1513 1224 1538 τὰ
1247 1513 1364 1539 κάκιστά
1390 1522 1466 1547 σφισι
1478 1515 1501 1529 ’⁸
1529 1514 1692 1549 προεδήλου,
1724 1515 1774 1540 καὶ

986 1557 1089 1584 ἐδείκνυ
1107 1559 1139 1592 τῇ
1156 1558 1220 1594 περὶ
1236 1558 1285 1593 τὴν
1299 1558 1452 1594 ὁδοιπορίαν
1466 1559 1554 1594 πλάνῃ
1568 1559 1644 1585 οὐδέν
1659 1568 1685 1586 τι
1699 1559 1774 1594 φιλο-

983 1603 1120 1638 φροσύνης
1136 1603 1264 1638 ἐχόμενον
1278 1603 1295 1638 ἢ
1315 1604 1363 1639 τῆς
1384 1605 1576 1639 προσηκούσης
1596 1605 1688 1635 αἰδοῦς
1705 1606 1774 1641 ιιτρέ⁴

985 1648 1087 1675 σϐεσιν.
1102 1646 1155 1674 Ἦν
1169 1648 1197 1674 δὲ
1215 1648 1245 1674 τὸ
1265 1649 1462 1683 πραττόμενον,
1476 1650 1505 1682 ἐξ
1522 1650 1667 1685 ἐπιϐουλῆς
1681 1659 1711 1685 τε
1726 1651 1773 1677 καὶ

985 1693 1111 1728 μελέτης,
1123 1693 1195 1719 ὥστε
1212 1694 1333 1728 ἐπισχεῖν
1355 1702 1425 1728 σφας
1437 1694 1498 1720 ὅσον
1514 1695 1548 1721 ἂν
1566 1684 1660 1730 χρόνον
1673 1684 1723 1721 οἶοί
1742 1703 1773 1720 τε

984 1735 1061 1769 ὦσιν,
1072 1739 1101 1764 ὲν
1117 1738 1204 1773 τούτῳ
1218 1738 1268 1773 τὴν
1287 1737 1358 1764 κατὰ
1380 1738 1495 1773 δύναμιν
1513 1740 1709 1774 ποιησομένους
1722 1739 1774 1765 τοῦ

985 1782 1103 1818 πολέμου
1116 1783 1304 1818 παρασκευὴν,
1323 1783 1356 1809 τὰ
1371 1783 1511 1817 ἐπιτήδειά
1531 1792 1559 1810 τε
1577 1784 1770 1818 συναθροίζον-

984 1837 1033 1860 τας
1052 1828 1277 1863 ἀποτεθησὸμενα
1287 1829 1312 1844 ⁹⁷
1329 1829 1400 1855 κατὰ
1423 1828 1455 1862 δὴ
1477 1829 1507 1855 τὸ
1520 1829 1581 1855 ὅσον
1595 1829 1672 1855 nimo
1685 1829 1772 1862 ἀναγ-

985 1876 1065 1902 καῖον
1079 1875 1108 1906 ἐς
1123 1874 1233 1901 Νίσιϐίν
1246 1883 1275 1900 τε
1290 1874 1338 1901 καὶ
1348 1875 1378 1901 τὸ
1391 1875 1481 1910 Δάρας
1495 1875 1544 1906 τὰς
1562 1875 1664 1907 πόλεις⁷
1679 1874 1719 1900 ἔτι
1739 1882 1773 1908 γε

987 1921 1040 1956 μὴν
1056 1920 1103 1947 καὶ
1118 1920 1152 1946 τὰ
1169 1920 1257 1954 πέραν
1269 1920 1315 1946 τοῦ
1328 1920 1454 1955 Τίγριδος
1466 1920 1589 1955 ποταμοῦ
1601 1920 1650 1946 καὶ
1662 1920 1697 1946 τὰ
1708 1920 1772 1955 τῇδε

988 1965 1107 2001 φρούρια
1132 1964 1255 1992 ἀνάπλεα
1275 1964 1369 1991 θέσθαι
1384 1965 1438 1991 τῶν
1455 1965 1601 1999 ἐδωδίμων,
1614 1965 1652 1995 ὡς
1665 1966 1774 2000 ἀχρίδος

986 2011 1058 2037 οὕτω
1074 2010 1181 2045 ξυμϐὰν
1192 2010 1454 2045 καταδηλησαμένης
1465 2011 1527 2041 τοὺς
1538 2010 1628 2046 ἐκείνῃ
1641 2011 1772 2045 καρποὺς,

987 2056 1036 2082 καὶ
1052 2056 1110 2090 ἅμα
1126 2055 1326 2090 ὲρημωθὲντων
1347 2055 1418 2082 κατὰ
1433 2056 1482 2090 τὴν
1494 2055 1684 2090 προλαϐοῦσαν
1705 2055 1774 2082 Ῥω-

989 2101 1077 2135 μαίων
1091 2100 1242 2135 ἐπιδρομὴν
1257 2100 1385 2126 ἁπάντων
1401 2100 1454 2127 τῶν
1466 2101 1536 2127 κατὰ
1552 2101 1638 2127 ταῦτα
1654 2101 1771 2135 χωρίων,

987 2144 1067 2179 λιμοῦ
1081 2152 1111 2170 τε
1127 2144 1309 2179 σφοδροτάτου
1323 2145 1380 2176 τοίς
1391 2146 1480 2171 ἐκεῖσε
1495 2145 1690 2179 ἐνσκήψαντος,
1706 2145 1774 2180 πρὸς

989 2189 1018 2216 δέ
1027 2198 1059 2224 γε
1071 2189 1112 2224 ἐφ’
1126 2186 1148 2223 ᾧ
1160 2189 1207 2215 καὶ
1224 2190 1449 2224 στρατολογῆσαι,
1458 2190 1505 2216 ἆτε
1514 2190 1538 2210 ³⁸
1551 2190 1773 2225 πολεμησείοντος

990 2236 1020 2267 ἐς
1034 2235 1064 2262 τὸ
1079 2234 1211 2270 ἐμϐριθὲς
1225 2235 1272 2261 τοῦ
1287 2235 1418 2270 βασιλέως
1431 2236 1554 2270 Περσῶν.
1567 2236 1643 2262 Ἐπεὶ
1655 2236 1774 2262 δὲταῦτα

988 2281 1080 2312 αὐτοῖς
1093 2280 1277 2312 ἐϐεϐούλευτο,
1292 2281 1368 2315 μόλις
1376 2281 1443 2315 μετὰ
1455 2281 1583 2312 πλείστας
1593 2281 1656 2312 ὅσας
1669 2281 1774 2315 ἡμέρας

988 2327 1066 2361 ἐδόθη
1080 2327 1136 2358 τοῖς
1154 2326 1302 2361 πρέσϐεσιν
1316 2328 1344 2358 ές
1359 2327 1393 2352 τὰ
1408 2326 1529 2361 βασίλεια
1540 2327 1708 2361 ὲσφοετῆσαι.
1720 2327 1774 2352 Καὶ

987 2372 1021 2398 τὰ
1032 2372 1082 2407 μὲν
1097 2372 1203 2407 πρῶτα,
1217 2372 1289 2399 καθὰ
1303 2373 1336 2407 τῇ
1357 2372 1484 2407 συνηθείᾳ
1503 2372 1600 2405 ἐδόκει,
1614 2372 1773 2407 θοινησάμε-

988 2426 1028 2444 νοι
1042 2418 1129 2445 καὶτὸ
1140 2419 1172 2444 ὲκ
1187 2417 1319 2452 βασιλέως
1343 2417 1460 2452 γράμμα
1475 2418 1686 2452 ιγχειρίσαντες,
1706 2417 1774 2451 πρός

988 2472 1019 2497 γε
1053 2464 1101 2490 καὶ
1140 2463 1204 2494 τοὺς
1227 2462 1407 2497 δοριαλώτους
1432 2463 1652 2493 ἀποδεδωκότες,
1669 2461 1773 2487 ἐνθένδε

986 2508 1110 2544 ἁνεχώρη
1115 2517 1175 2539 σαν,
1185 2507 1385 2542 φιλοφροσύνης
1395 2507 1478 2542 μηδὲν
1485 2507 1573 2533 ὁσιοῦν
1583 2507 1729 2542 εὑρηκότες
1737 2505 1772 2536 θ’.

986 2555 1025 2589 Τῇ
1040 2554 1069 2580 δὲ
1085 2553 1216 2588 ὑστεραίᾳ.
1232 2553 1246 2579 ὁ
1260 2552 1335 2587 παρὰ
1357 2553 1475 2587 Πέρσαις
1496 2553 1545 2587 τῆς
1564 2552 1647 2586 αὐλῆς
1661 2549 1774 2586 ἡγεμὼν

987 2599 1035 2626 καὶ
1048 2598 1181 2633 Μεϐώδης
1201 2597 1404 2632 ὲπυνθανέσθην
1425 2597 1474 2632 τὴν
1495 2597 1610 2631 δύναμιν
1632 2597 1683 2631 τῆς
1705 2604 1773 2631 πρε-

989 2644 1091 2675 σϐείας.
1100 2643 1162 2670 Τῶν
1171 2643 1200 2670 δὲ
1214 2643 1355 2674 εἰπόντων,
1372 2643 1414 2669 ὅτι
1425 2642 1457 2678 δὴ
1475 2643 1539 2677 περὶ
1556 2643 1666 2677 εἰρήνης
1680 2643 1772 2677 ἥκοιεν

990 2689 1234 2725 πρεσϐευσάμενοι,
1251 2688 1350 2715 αὐτίκα
1368 2688 1394 2714 οἱ
1406 2697 1436 2722 γε
1452 2688 1482 2714 οὐ
1499 2688 1530 2722 δὴ
1547 2688 1689 2722 προσίεντο
1708 2687 1772 2718 τοὺς

787 2750 905 2778 νΑιὶΙΑΞ
935 2750 1137 2778 LECTIONES.

186 2798 209 2834 ξ’
222 2798 366 2834 τεύξασθαι
377 2799 451 2834 vulg.

490 2798 512 2814 ³⁵⁸
525 2799 631 2830 οὐδενὸς
644 2798 716 2832 conj.
728 2798 760 2826 N.
798 2800 820 2815 "
840 2808 869 2826 τε
884 2800 936 2826 del.
956 2799 988 2826 N.
1027 2800 1050 2815 "
1067 2798 1183 2825 κάκιστά
1199 2805 1272 2830 σφισι
1288 2796 1333 2832 Η..
1349 2795 1454 2832 γκάκικα
1476 2795 1632 2832 regie-tecti.
1667 2795 1689 2810 "
1703 2795 1771 2832 ἁπο-

154 2829 332 2867 τιθεισόμζενα
344 2833 415 2867 vulg.
427 2829 440 2834 ”
453 2833 476 2848 ’⁵
492 2833 539 2858 ass
559 2829 784 2866 πολεμησείοντος
800 2833 845 2865 ιι,
863 2835 910 2870 ἥτε
925 2835 1073 2868 πολεμήσει
1092 2834 1166 2864 ὄντος
1181 2833 1252 2865 vulg.
1290 2831 1312 2846 ⁹⁹
1330 2831 1474 2864 εὑρηκότες
1491 2830 1522 2860 Ν,
1537 2829 1679 2864 εἰρηκότες
1695 2830 1768 2864 vulg.
