1943 3072
167 140 219 173 917

558 143 605 172 DE
629 143 910 173 LEGATIONIBUS
929 142 1173 173 ROMANORUM
1192 143 1242 172 AD
1257 141 1413 172 GENTES.

1732 138 1786 170 918

169 197 234 232 περὶ¹
257 196 358 223 τούτων
383 196 473 223 αὐτῶν
490 196 596 230 λόγους,
618 197 769 230 φάσκοντες
790 198 840 224 οὐκ
856 198 948 223 ἐπιτε-

1011 197 1193 224 lemandatum
1204 204 1276 230 esse,
1295 197 1424 224 dicentes.
1442 194 1534 230 itaque
1549 195 1654 222 litteras
1668 201 1714 222 eos
1723 201 1799 228 pro“

169 241 288 278 τράφθαι
306 250 332 268 τι
351 241 469 268 τοιοῦτον
480 241 537 274 δέι,
553 242 620 268 ἀλλὰ
644 242 779 274 συλλαϐὰς
804 243 953 274 ἀποδόντας

170 285 324 313 ἀντιλαϐεῖν
335 285 445 320 χρῆναι,
461 286 507 312 καὶ
519 286 556 316 ὡς
572 285 668 312 θᾶττόν
678 294 710 319 γε
725 286 812 321 δήπου
824 287 873 321 τῆς
884 287 954 320 Περ-

171 331 230 357 σῶν
241 330 458 364 ἀπαλλαγῆναι’.
481 330 524 356 Ἐν
539 331 648 365 φανερῷ
657 331 747 357 τοίνυν
764 332 955 366 ποιησαμένων

171 375 220 410 τὴν
231 376 351 409 ὲφιιῖσαν
362 375 454 406 αὐτοῖς
468 375 547 402 τοῦτο
556 375 690 408 κέλευσιν,
705 376 829 410 ἔγνωσαν
845 377 874 403 ἐν
893 377 956 412 βρα-

172 422 223 456 χεῖ,
243 422 257 447 ὃ
278 429 303 447 τι
327 420 438 447 δύναται
457 421 474 455 ἡ
490 420 620 456 ἐπιστολὴ
641 421 687 447 τοῦ
711 422 854 455 Ῥωμαίων
877 423 956 449 αὺτο-

172 464 316 499 κράτορος,
336 464 384 491 καὶ
397 464 446 498 τὴν
460 464 552 499 ἄφιξιν
565 465 614 499 τῆς
625 465 775 500 πρεσϐείας
790 467 910 498 ἅπασαν,
919 467 956 498 ὡς

172 510 278 544 ἕτοιμος
294 509 337 544 εἴη
355 510 568 537 κατασϐεννύναι
581 510 615 537 τὰ
630 511 662 537 ἐκ
672 511 719 538 τοῦ
739 511 856 546 πολέμου
871 511 957 546 χαλε-

173 555 223 584 πά,
239 557 285 582 καὶ
302 556 352 590 τὴν
371 555 556 591 περιμάχητον
578 556 668 588 αὐτοῖς
691 556 835 591 Ἀρμενίαν
849 557 957 585 ἃπασαν

174 601 299 636 ἀμαχητὶ
319 601 450 631 ἐνδοῦναι,
468 602 669 637 παραχωρῆσαι
687 602 715 628 δέ
733 611 810 636 σφισι
825 603 874 629 καὶ
892 603 956 637 ’Λρ-

174 646 304 681 ζανηνῆς,
323 646 564 682 ἀντιχαριζόμενος
579 647 626 674 τοῦ
647 647 737 681 Δάρας
760 647 790 674 τὸ
815 649 958 683 Ἀφουμῶν

175 691 314 727 φρούριον.
338 692 459 724 Ἐδέξατο
473 693 522 727 μὲν
537 690 582 718 οὖν
603 692 651 719 καὶ
671 693 748 725 αὖθις
762 693 860 725 αὐτοὺς
880 694 958 728 βασι-

175 735 237 766 λεὺς
249 737 268 767 ό,
280 737 400 771 Περσῶν,
416 736 564 772 τραχύτητι
576 737 604 763 δὲ
620 737 761 772 χρώμενος
773 738 841 773 πρὸς
857 738 959 764 ἕκαστα

177 780 230 806 τῶν
246 781 444 816 φιλανθρώπως
458 782 660 817 γεγραμμένων
682 782 742 809 οὔτε
760 783 959 818 ἀποστήσεσθαι

176 825 228 860 ἔφη
243 825 350 851 πώποτε
369 825 414 852 τοῦ
431 827 531 861 Δάρας,
549 827 579 852 οὐ
597 827 696 862 μᾶλλόν
709 835 741 861 γε
764 829 780 864 ἢ
805 830 854 862 τῆς
880 828 959 854 Νισί-

1005 240 1089 274 ferre,
1102 246 1130 269 et
1147 241 1264 269 vicissim
1281 242 1413 275 accipere,
1428 245 1455 268 et
1469 247 1549 275 quam
1565 239 1679 275 primum
1693 247 1707 266 a
1721 238 1788 266 Per-

1006 297 1107 317 sarum~
1129 287 1227 315 finibus
1243 286 1388 320 excedere}
1399 286 1549 320 jusserunt.
1579 285 1612 312 Et
1628 292 1689 313 cuin
1711 285 1788 319 legati

1008 335 1132 361 mandata
1151 340 1200 360 sua
1228 332 1426 363 exhibuissent,
1448 331 1537 358 Persae
1548 331 1650 362 omnia,
1675 337 1790 364 quorum

1006 387 1087 407 causa
1113 379 1209 413 legatio
1224 377 1333 405 decreta
1349 381 1431 408 esset,
1460 380 1666 410 cognoverunt:
1686 379 1714 402 ut
1739 376 1789 401 iiii-

1006 428 1116 460 perator
1129 427 1240 457 paratus
1263 426 1345 454 esset,
1367 421 1436 448 mala
1449 429 1481 449 ex
1496 421 1565 448 bello
1579 426 1639 448 orta
1649 420 1739 454 sopire
1764 424 1791 446 et

1007 469 1174 501 Armeniam,
1204 468 1238 495 de
1261 474 1315 502 qua
1344 471 1382 494 tot
1405 466 1555 494 certamina
1579 465 1702 497 fuissent,
1733 464 1791 491 sine

1008 514 1102 549 prmlio
1116 520 1209 541 eorum
1218 512 1288 546 juris
1303 516 1330 539 et
1344 511 1488 546 potestatis
1503 511 1592 538 facere
1604 519 1612 544 ;
1625 511 1689 545 quin
1705 514 1732 537 et
1744 511 1791 536 Ar-

1009 566 1138 587 aanenem
1163 558 1270 590 cedere,
1297 561 1325 585 et
1345 564 1393 592 pro
1409 556 1494 584 Duras
1509 557 1607 591 oppido
1630 555 1789 582 Afuiuorum

1007 605 1151 632 castellum
1169 603 1222 631 illis
1237 603 1353 630 tradere.
1384 602 1475 629 Denuo
1490 601 1570 636 17o
1585 601 1728 628 Persarum
1745 608 1790 627 rex

1009 650 1111 684 legatos
1123 649 1238 683 excepit,
1267 653 1295 677 et
1313 648 1346 675 ad
1359 655 1402 681 ea,
1415 655 1475 682 qum
1493 648 1642 682 imperator
1665 647 1698 674 ad
1718 647 1791 673 illum

1010 695 1176 730 perhumane
1200 693 1356 728 scripserat,
1382 693 1479 720 acerbe
1499 693 1643 720 admodum
1666 697 1693 719 et
1714 700 1791 718 arro-

1010 744 1105 775 ganter
1115 739 1264 774 respondit,
1275 745 1305 766 se
1322 745 1459 773 nunquam
1475 737 1540 764 urbe
1551 737 1634 764 Daras
1654 743 1793 763 cessurum

1010 793 1064 812 non
1081 783 1177 819 magis,
1200 791 1279 818 quam
1296 782 1382 810 Nisibi
1404 787 1452 810 aut
1475 782 1606 817 Singaris,
1623 789 1691 816 quas
1713 781 1794 808 urbes

1011 837 1025 857 a
1042 829 1171 857 Romanis
1187 835 1234 863 per
1254 828 1307 855 vim
1324 832 1418 863 captas
1443 828 1572 855 haberent
1585 827 1684 858 Persae,
1707 834 1794 860 neque

176 870 234 901 ϐιος
263 869 280 905 ἢ
301 871 462 906 Σηγγάρων,
484 871 555 905 ἆπερ
586 871 633 898 καί
662 873 731 899 αὐτὰ
757 874 789 899 ἐκ
815 874 957 909 Ῥωμαίων

1011 874 1154 910 quidquam
1174 879 1208 900 ex
1235 872 1464 906 possessionibus,
1490 878 1557 905 quas
1582 871 1619 897 illi
1635 875 1710 904 pater
1734 869 1794 896 reli-

176 915 370 950 ἀπισχυρίζετο
391 916 461 950 ἐχειν
483 917 600 952 Πέρσας,
625 917 686 944 οὔτε
715 918 959 952 μὴν³ἐλαττώσειν

175 969 202 986 τι
214 962 268 986 τῶν
281 961 415 996 πατρῴων
429 962 586 997 κτημάτων,
598 963 654 990 ἀλλ’
668 964 692 990 εἰ
706 964 755 998 μὲν
767 963 823 991 οἷόν
832 966 861 991 τέ
875 966 957 997 ἐστιν,

175 1006 204 1036 ἐς
216 1005 329 1040 αὔξησιν
346 1007 416 1032 αὐτὰ
428 1007 560 1041 ἐνεγκεῖν,
574 1008 599 1034 εί
612 1008 640 1034 δὲ
661 1009 710 1044 μὴ,
723 1008 791 1035 ἀλλὰ
807 1009 860 1044 γὰρ
878 1017 960 1035 κατα-

177 1051 340 1085 λελειμμένα
355 1051 490 1086 φυλὰξειν.
505 1053 642 1088 «Χοσρὸην
657 1054 706 1089 μὲν
720 1055 774 1090 γὰρ
783 1054 828 1081 τὸν
841 1056 957 1089 πατέρα,

177 1096 241 1132 ἔφη,
260 1097 308 1129 ὡς,
327 1098 385 1132 είγε
406 1098 513 1133 περιῆν,
527 1098 592 1130 ῐσως
611 1100 642 1125 τὸ
667 1100 768 1127 τοιόνδε
792 1101 910 1136 ἔπραξεν
926 1101 960 1128 ἂν

179 1144 224 1169 καὶ
249 1144 279 1169 τ’,
307 1143 395 1179 Δάρας
413 1144 519 1179 ἁφῆκεδ
545 1144 701 1180 Ῥωμαίοις.
724 1146 769 1180 Τῷ
796 1147 850 1182 γὰρ
874 1156 959 1182 «poc-

179 1189 341 1223 κτησαμένῳ
367 1198 393 1215 τι
423 1191 470 1215 καὶ
497 1189 572 1216 τοῦτο
588 1190 787 1226 ἀποϐεϐληκότι
813 1193 862 1227 οὐχ
875 1192 960 1224 οὕτως

179 1234 291 1268 αἰσχρόν
301 1240 307 1247 ·
325 1233 439 1268 αἰσχύνη
450 1235 477 1260 δὲ
488 1235 589 1269 ὁμοίως
602 1235 702 1262 ἅπασιν
715 1236 868 1272 ἀνθρώποις
879 1246 961 1264 κατα-

179 1279 311 1314 προέσθαι
326 1280 359 1306 τὰ
379 1281 504 1315 πατρῷα.
515 1290 524 1306 ι
545 1281 637 1308 Ταῦτα
654 1281 782 1318 εἰρηκὼς,
799 1282 841 1309 διὰ
862 1283 960 1310 Μεϐώ-

177 1325 222 1351 ὅου
235 1325 314 1351 πάλιν
324 1326 415 1357 αὐτοῖς
432 1327 543 1361 ἐποίησε
560 1327 718 1362 κατάδηλον,
730 1327 767 1359 ὡς
789 1338 797 1354 i
815 1329 876 1355 Ἐπὶ
886 1329 938 1355 τίνι
950 1330 960 1345 ⁵

181 1370 251 1405 μέγα
267 1371 428 1404 φρονοῦντες
441 1371 546 1403 ἀξιοῦσι
565 1371 631 1406 πρὸς
653 1371 732 1406 ἡμῶν
749 1372 960 1407 ἀνακομίζεσθαι

180 1416 209 1442 τὺ
220 1417 325 1450 Δάρας;
342 1417 418 1443 Ποῖον
428 1417 600 1452 νενικηκότες
620 1417 750 1452 πόλεμον,
764 1418 849 1450 ποίοις
862 1420 962 1453 ἐγκαλ-

179 1461 361 1497 λωπιζόμενοι
394 1464 556 1498 τροπαίοις;
585 1464 631 1490 ποῖ
660 1464 730 1499 δῆτα
762 1464 961 1501 καθυπέρτεροι

179 1506 318 1540 γενόμενοι
337 1507 465 1541 Περσῶν;
497 1507 554 1533 ἀλλ’
581 1508 622 1535 ὅτι
648 1509 775 1544 ἀπειρίας
795 1509 961 1545 δραξάμενοι

1010 919 1108 953 querit,
1134 925 1164 945 se
1180 917 1389 950 diminuturum,
1405 917 1452 944 sed
1468 917 1567 951 potius,
1580 916 1666 943 sinon
1690 915 1794 942 auctio-

1010 971 1052 991 res
1079 962 1170 995 faciat,
1196 962 1292 990 saltem
1323 967 1453 996 quantum
1476 962 1502 988 in
1532 968 1561 988 se
1585 965 1668 993 esset,
1693 960 1794 987 intacta

1009 1012 1244 1037 conservaturum.
1261 1017 1271 1034 ι
1293 1007 1374 1035 Pater
1397 1007 1542 1038 Cliosroes,
1561 1006 1657 1041 inquit,
1672 1006 1693 1032 si
1712 1005 1795 1031 vixis-

1009 1058 1062 1086 set,
1081 1053 1196 1080 fortasse
1225 1059 1258 1080 co
1285 1052 1484 1083 descendisset,
1506 1056 1532 1078 et
1556 1051 1639 1078 Daras
1666 1049 1795 1077 Romanis

1010 1099 1182 1126 restituisset.
1198 1098 1227 1125 Ei
1238 1099 1322 1132 enim,
1339 1097 1384 1132 qui
1401 1097 1458 1131 ipse
1484 1097 1589 1132 imperii
1603 1096 1670 1123 ﬁnes
1684 1100 1795 1131 proten-

1010 1143 1059 1175 dit,
1073 1148 1150 1178 parta
1167 1151 1262 1172 rursus
1281 1143 1418 1175 amittere,
1437 1150 1489 1170 non
1502 1146 1556 1169 tam
1574 1146 1651 1176 turpe
1673 1146 1724 1168 est.
1739 1141 1795 1167 Pu-

1010 1190 1067 1217 dori
1087 1194 1176 1217 autem
1192 1194 1234 1217 est
1248 1189 1374 1216 omnibus
1390 1189 1546 1216 hominibus
1570 1193 1680 1222 paterna
1698 1186 1796 1222 proﬂi—

1010 1242 1083 1270 gare.
1106 1244 1115 1261 ι
1133 1233 1195 1262 llaec
1215 1235 1259 1262 ubi
1275 1234 1399 1267 dixisset,
1416 1241 1509 1261 rursus
1526 1240 1574 1268 per
1589 1232 1727 1260 Mebodem
1744 1232 1795 1258 alia

1010 1281 1067 1309 fere
1093 1281 1246 1316 bujusmodi
1262 1281 1398 1316 suggessit
1414 1289 1421 1307 :
1443 1287 1560 1314 quanam
1578 1279 1610 1306 de
1625 1286 1706 1306 causa
1732 1279 1795 1305 elati

1011 1326 1124 1354 Romani
1142 1326 1226 1354 Daras
1238 1327 1271 1353 ab
1285 1326 1352 1361 ipsis
1370 1325 1489 1360 recipere
1503 1328 1624 1360 poscant,
1644 1332 1696 1359 qua
1709 1324 1796 1352 vicio-

1012 1373 1050 1400 ria
1067 1373 1155 1408 potiti,
1169 1373 1267 1407 quibus
1288 1372 1396 1407 tropzis
1408 1379 1436 1398 se
1448 1371 1606 1406 iactantes?
1621 1371 1664 1397 ubi
1681 1370 1796 1404 denique

1011 1417 1164 1452 superiores
1192 1417 1282 1444 Persis
1295 1417 1461 1444 evaserunt?
1485 1416 1619 1450 [inperitia
1641 1415 1749 1450 quidem
1771 1421 1798 1442 et

1012 1462 1192 1496 imprudentia
1217 1462 1364 1490 Tacliosdri
1389 1469 1432 1490 res
1455 1462 1523 1489 bene
1540 1466 1678 1496 gesserunt
1699 1481 1707 1492 ,
1733 1461 1795 1487 ilum

1012 1509 1098 1544 ipsum
1128 1515 1161 1535 ex
1187 1515 1239 1535 una
1260 1509 1370 1542 regione
1394 1507 1527 1549 in.a|iam
1549 1507 1747 1540 circumagunt,
1770 1510 1798 1533 et

179 1550 225 1576 τοῦ
240 1551 396 1587 Ταχοσδρὼ,
417 1553 463 1579 καὶ
481 1554 696 1588 περιαγαγόντες
715 1555 795 1582 αὑτὸν
814 1556 843 1588 ἐς
866 1556 959 1583 ἄλλοτε

1012 1554 1091 1582 modo
1107 1561 1141 1581 ex
1158 1553 1285 1581 Armenia
1314 1554 1339 1581 in
1359 1554 1538 1584 Arzanenem,
1557 1553 1634 1580 modo
1649 1560 1683 1579 ex
1713 1553 1798 1579 Arza-

178 1596 273 1629 ἄλλους
300 1598 415 1634 χώρους,
434 1599 527 1634 ἐπειδὴ
552 1600 795 1635 περιπλανωμένου
812 1602 841 1635 ἐξ
864 1602 961 1638 ’Λρμε-

178 1643 237 1674 νίας
250 1643 353 1671 ἐκείνου
366 1646 405 1676 εἰς
425 1645 593 1681 Ἀρζανηνὴν
615 1646 662 1673 καὶ
678 1647 732 1673 ἀπὸ
755 1647 921 1684 Ἀρζανηνῆς
933 1650 961 1679 ἐς

184 1689 329 1724 Ἀρμενίαν
356 1690 449 1717 ἄδειαν
477 1691 556 1725 ἔσχον
583 1692 607 1718 οἱ
625 1691 758 1727 Ῥωμαῖοι
775 1693 961 1728 καταδραμεῖν

178 1733 227 1769 τὴν
242 1734 299 1761 Ἕω
312 1735 422 1770 Περσῶν
432 1744 439 1750 ·
454 1736 491 1771 τῷ
502 1745 543 1762 τοι
556 1737 610 1772 ἄρα
628 1737 801 1772 βρενθύονται
810 1739 820 1754 ⁸
834 1740 898 1770 ίσως
915 1741 961 1766 καὶ

180 1780 407 1814 μεγαλαυχοῦσιν,
427 1781 624 1823 ὑποτοποῦντες
640 1784 668 1809 ἐν
682 1783 804 1811 ἐλάττονι
826 1784 908 1820 μοίρᾳ
928 1785 962 1812 τὰ

178 1825 300 1860 ἡμέτερα
321 1827 436 1855 κεῖσθαι.
457 1828 588 1854 Ἴστωσαν
603 1828 659 1860 οὖν,
674 1829 738 1865 ἐφη,
760 1830 899 1865 Ῥωμαῖοι,
925 1831 962 1862 ὡς

177 1871 239 1897 οὐδὲ
254 1871 358 1903 illinc"
372 1872 502 1907 ἀνέξομαι
516 1874 564 1908 τῆς
581 1875 703 1909 εἰρήνης,
725 1876 749 1901 εί
771 1875 807 1910 μή
823 1884 866 1902 πω
877 1885 962 1903 κατα-

179 1917 283 1943 τιθέναι
306 1917 427 1952 μέλλοιεν
452 1919 498 1945 καὶ
518 1919 552 1945 τὰ
578 1919 629 1946 ὅσα
648 1920 714 1955 πρὸς
729 1920 879 1955 βασιλέως⁸
903 1922 963 1948 Ἰου-

179 1962 314 1988 στινιανοῦ
338 1963 522 1997 ἐκομιζόμεθα
541 1965 671 1999 χρήματα
696 1964 737 1991 ἀν’
763 1964 822 1997 ἔτος
831 1967 853 1993 ⁹.
868 1975 877 1992 ι
893 1967 961 1993 Τοσ-

179 2007 248 2043 αύτῃ
275 2009 462 2043 μεγαληγορίᾳ
493 2009 665 2043 χρησαμένου
694 2009 852 2045 ’ορμίσδα,
885 2012 962 2046 μόλις

178 2055 329 2088 ἀφείθησαν
353 2055 490 2089 Ζαχαρίας
508 2063 537 2081 τε
556 2056 603 2081 καὶ
618 2055 765 2090 Θεόδωρος,
791 2057 854 2092 ἄχρι
879 2057 962 2092 τριῶν

179 2099 230 2134 ἥδη
255 2099 403 2133 φθινόντων
432 2100 525 2135 μηνῶν
539 2101 629 2126 ἐκεῖσε
647 2101 874 2136 ἐνδιατρίψαντες,
891 2103 962 2130 πάν-

178 2152 232 2170 των
243 2144 271 2170 δὲ
286 2145 339 2171 τῶν
352 2145 490 2180 δυσχερῶν
505 2146 534 2177 ἐς
549 2147 647 2180 πεῖραν
661 2145 783 2178 ἐλθόντες
793 2147 814 2163 ¹⁰
825 2155 832 2163 ·
849 2148 895 2174 καὶ
909 2148 962 2183 γὰρ

177 2190 239 2238 esse
258 2191 319 2216 ὅσον
337 2191 407 2238 ἀέρα
425 2190 545 2226 καθαρὸν
565 2192 744 2225 ἀναπνεῦσαι,
770 2193 800 2219 οὐ
825 2193 877 2228 μὴν
897 2201 962 2227 προ·
979 2210 1000 2238 D

179 2234 262 2268 κύψαι
282 2236 313 2261 ἐκ
339 2235 386 2262 τοῦ
400 2235 506 2269 τέγους,
524 2236 566 2262 ἵνα
580 2236 781 2272 ἐνδιαιτώμενοι
800 2235 881 2272 ἦσαν,
901 2239 961 2270 ξυν-

179 2280 299 2316 εχὼρουν
323 2279 363 2312 οἷς
389 2281 405 2316 ἡ
435 2281 542 2317 φυλακὴ
571 2282 626 2308 τῶν
658 2283 800 2318 πρέσϐεων
827 2284 958 2320 ἀνειμένη

179 2327 326 2362 ἐτύγχανε·
340 2327 371 2353 τό
385 2335 414 2354 τε
432 2328 568 2362 δωμάτιον
585 2328 651 2355 αὐτὸ
671 2327 790 2363 caesae;
812 2338 841 2357 τε
860 2328 894 2365 ἦν
913 2332 961 2358 καὶ

178 2373 336 2400 διάπνευτον
345 2375 365 2390 ¹¹
377 2373 423 2400 καὶ
433 2373 492 2410 ὥρα
503 2373 599 2408 θέρους
615 2374 644 2405 ἐς
659 2374 694 2401 τὰ
710 2375 828 2410 μάλιστα
839 2376 960 2410 ἀναρμό-

178 2419 244 2450 διον,
256 2419 292 2449 ὡς
304 2419 392 2445 δοκεῖν
406 2416 475 2445 εἶναι
488 2419 519 2445 τὸ
529 2419 624 2454 χρῆμα
638 2419 760 2454 εἱρκτήν.
781 2420 844 2452 Τοῖς
861 2422 960 2448 τοιοῖσ-

179 2463 206 2489 δε
232 2464 320 2490 τοίνυν
346 2464 442 2495 δεινοῖς
455 2464 687 2499 ἐκτετριμμένους
702 2465 849 2500 διαφῆκα-θ,
870 2466 960 2501 πολλῴ

178 2509 379 2544 δυσκολώτερον
407 2510 483 2542 αὖθις
524 2510 591 2544 πρὸς
625 2511 675 2545 τὴν
708 2511 835 2538 ἐπάνοδον
868 2512 961 2543 αὐτοῖς

180 2555 358 2589 χρησάμενοι,
374 2555 410 2587 ὡς
426 2556 494 2590 μήτε
511 2555 566 2582 τῶν
578 2555 733 2589 ἀναγκαίων
749 2556 777 2588 ἐς
789 2557 819 2582 τδ
834 2557 962 2592 ἀποχρῶν

180 2608 255 2634 σφισι
269 2601 448 2635 μεταδιδόναι,
460 2601 563 2636 τρίϐειν
580 2609 609 2627 τε
623 2601 669 2627 τὸν
680 2601 775 2636 χρόνον
789 2602 837 2628 καὶ
858 2611 962 2637 μακρο-

179 2646 260 2681 τέραν
283 2647 375 2678 αὐτοῖς
394 2647 443 2681 τὴν
470 2646 583 2680 πορείαν
597 2646 782 2682 ἐργάζεσθαι.
805 2648 878 2679 Μιᾶς
908 2648 963 2682 γὰρ

1013 1607 1081 1627 nene
1109 1599 1135 1626 in
1163 1599 1318 1626 Armeniam
1344 1606 1490 1626 excurrere
1516 1598 1631 1633 cogitur.
1660 1597 1796 1630 regionem

1012 1645 1166 1677 Persarum,
1194 1652 1254 1679 quin
1269 1649 1311 1672 est
1327 1645 1360 1671 ad
1382 1645 1526 1676 orientem,
1545 1643 1699 1678 depopulati
1723 1649 1795 1670 sunt.

1012 1690 1070 1717 Hoc
1080 1694 1122 1717 est
1133 1689 1258 1724 fortasse,
1273 1688 1346 1723 quod
1368 1695 1480 1722 magnos
1494 1687 1604 1722 spiritus
1624 1691 1730 1722 gerunt,
1744 1694 1798 1720 quo

1013 1737 1182 1772 superbiunt,
1205 1736 1392 1763 existimantes
1417 1735 1552 1763 deteriore
1577 1733 1731 1762 conditione
1755 1739 1798 1760 res

1015 1787 1121 1810 nostras
1148 1786 1301 1816 prostratas
1312 1781 1413 1816 jacere.
1445 1789 1455 1807 ι
1476 1780 1571 1807 Sciant
1600 1779 1725 1810 Romani,
1755 1778 1798 1806 iu-

1013 1831 1080 1864 quit,
1093 1836 1136 1856 me
1152 1837 1203 1856 non
1217 1829 1279 1856 aliis
1294 1829 1494 1856 conditionibus
1507 1835 1599 1863 pacem
1615 1828 1670 1854 fieri
1682 1827 1797 1862 permis-

1013 1883 1117 1908 surum,
1140 1882 1220 1909 quam
1236 1875 1257 1902 si
1277 1873 1432 1907 persolvant
1451 1881 1543 1900 omnes
1565 1873 1703 1907 pecunias,
1731 1879 1798 1906 quas

1013 1920 1182 1948 Iustiniauus
1197 1920 1310 1954 singulis
1332 1910 1410 1946 anuis
1431 1918 1507 1945 nobis
1533 1918 1647 1952 pendere
1664 1919 1723 1943 erat
1735 1916 1798 1943 soli-

1015 1971 1067 1994 tus.
1085 1975 1094 1991 s
1127 1965 1183 1992 Hac
1217 1964 1343 1992 insolenti
1371 1963 1494 1991 oratione
1514 1963 1726 1995 llorinisilaiiso,
1754 1962 1797 1988 vix

1015 2011 1103 2038 tribus
1117 2010 1225 2038 demum
1249 2014 1309 2044 post
1331 2009 1468 2036 mensibus
1484 2008 1592 2044 elapsis,
1611 2007 1754 2035 Zacharias
1771 2011 1799 2034 (ιι

1015 2056 1173 2084 Theodorus
1184 2055 1341 2083 difficillima
1360 2057 1387 2082 et
1404 2054 1496 2089 gravia
1508 2060 1621 2087 quaeque
1636 2052 1798 2086 experiendo

1014 2102 1148 2138 perpessi,
1165 2101 1320 2129 missionem
1341 2100 1527 2127 obtinuerunt.
1541 2097 1634 2133 Neque
1650 2098 1722 2125 enim
1749 2106 1797 2132 pu—

1015 2156 1074 2176 rum
1097 2155 1158 2175 aera
1176 2147 1295 2179 haurire,
1323 2153 1408 2181 neque
1428 2145 1513 2172 libere
1524 2152 1557 2172 ex
1571 2148 1651 2176 lecto,
1667 2143 1717 2171 sub
1746 2150 1798 2177 quo

1015 2193 1231 2223 diversabantur,
1263 2191 1289 2218 in
1305 2196 1428 2226 apertum
1453 2190 1527 2216 exire
1549 2196 1643 2216 eorum
1671 2188 1799 2216 custodia:

1015 2239 1148 2274 praepositi
1174 2237 1374 2272 permittebant.
1395 2236 1494 2264 Domus
1511 2242 1584 2266 vero,
1610 2235 1635 2261 in
1650 2241 1700 2268 qua
1723 2234 1798 2260 babi-

1016 2285 1118 2319 tabant,
1128 2289 1187 2312 erat
1201 2285 1355 2316 obscurior,
1367 2287 1393 2310 et
1407 2290 1467 2310 cum
1480 2282 1506 2309 in
1519 2289 1579 2309 eam
1588 2289 1619 2308 ex
1635 2280 1707 2308 omni
1722 2285 1798 2315 parte

1014 2331 1085 2358 venti
1097 2330 1253 2364 perﬂarent,
1264 2334 1357 2357 aestate
1367 2328 1499 2363 imprimis
1514 2328 1588 2355 valde
1605 2326 1716 2354 molesta
1727 2330 1795 2356 erat;

1015 2376 1130 2410 denique
1156 2383 1248 2403 revera
1270 2375 1365 2402 domus
1388 2381 1480 2401 carcer
1494 2380 1553 2400 esse
1568 2372 1718 2399 videbatur.
1750 2369 1798 2397 llis

1017 2421 1098 2456 igitur
1127 2421 1204 2448 malis
1229 2425 1257 2448 et
1280 2419 1458 2447 incommodis
1481 2418 1588 2446 attritos
1612 2422 1639 2444 et
1662 2415 1799 2443 coafectos

1017 2467 1099 2494 multo
1115 2467 1239 2501 graviora
1255 2466 1280 2493 in
1294 2466 1380 2493 reditu
1395 2472 1524 2500 passuros
1543 2464 1653 2491 dimisit.
1665 2462 1732 2489 Nam
1749 2468 1799 2488 nec

1016 2512 1069 2540 illis
1098 2519 1187 2540 rerum
1217 2511 1431 2538 necessariarum
1455 2509 1558 2543 copiam
1576 2529 1584 2542 ,
1611 2508 1697 2544 quoad
1731 2506 1799 2534 satis

1015 2562 1099 2590 esset,
1124 2556 1362 2588 administrabant,
1391 2555 1462 2582 diem
1480 2555 1512 2582 de
1534 2554 1578 2581 die
1603 2553 1746 2585 ducebant,
1772 2556 1800 2579 et.

1014 2604 1180 2638 longioribus
1195 2602 1335 2629 itineribus
1347 2609 1394 2628 eos
1416 2599 1573 2635 fatigabant.
1594 2599 1697 2626 Etenim
1717 2605 1797 2632 quam

1016 2650 1086 2676 rimi
1112 2657 1165 2674 uno
1181 2648 1223 2675 die
1235 2648 1418 2678 confecerant,
1439 2653 1499 2672 eam
1519 2645 1728 2680 postridierctro
1751 2649 1798 2672 eos

824 2706 940 2734 νΑιιιΑς
954 2707 1154 2734 LECTIONES.

205 2752 224 2794 "
238 2753 338 2795 τοιόνδε
423 2744 728 2795 ίιξπαλλαγῆναινιειδῖι
752 2755 762 2770 ³
774 2754 827 2795 μὴν
839 2755 881 2795 BL,
891 2755 929 2795 μὴ
942 2755 1014 2795 vulg.
1054 2755 1168 2795 δ’ἀξρῆκε
1181 2754 1215 2795 i‘l,
1232 2753 1318 2795 enim:
1330 2752 1408 2795 \Lulg.‘
1421 2786 1426 2795 ’
1439 2751 1449 2766 '
1468 2750 1513 2795 ex}
1525 2749 1659 2795 stat-vulg.
1669 2783 1679 2795 I
1698 2749 1708 2763 "
1720 2748 1799 2795 Bp‘ilv-

181 2786 289 2828 θύονται
307 2789 352 2828 ll_.,
366 2789 538 2828 {ipe-vsiio‘ifat
553 2782 631 2828 Mdg,
664 2788 673 2802 ⁷
686 2782 811 2828 dippe-1V.
826 2809 833 2819 ,
857 2782 944 2828 ἄλλοξν
957 2782 1040 2828 vuig:
1068 2789 1079 2803 ⁸
1095 2782 1226 2828 βασιλέως
1253 2782 1306 2819 ἸῙ.,
1338 2782 1447 2822 suam:
1463 2785 1534 2820 vulg.
1573 2785 1583 2800 ’
1606 2782 1646 2810 ἀν’
1668 2782 1796 2815 ετοςιιη

182 2823 275 2854 ἄνετος
289 2823 361 2858 vulg.
401 2824 422 2839 "
435 2823 567 2850 ἐλθόντων
588 2823 659 2859 vulg.

702 2824 720 2838 “
735 2823 911 2850 διάπνενστον
923 2824 943 2850 ll
960 2845 966 2856 ,
983 2825 1177 2851 ἀδιάπνευστον
1193 2823 1223 2849 Ν.
