1943 3072
173 148 225 179 919

612 154 807 184 EXCEHPTA
823 155 872 185 EX
890 156 1100 189 MENANDRO
1119 160 1361 192 I’ROTECTORE

1734 168 1789 200 920

171 204 312 235 ducebant,
332 205 416 232 donec
442 205 532 232 multis
551 208 680 235 :rrumnis
694 208 850 243 conllictati,
865 211 900 238 ita
926 216 953 238 ut

1007 213 1111 260 ἡμέρας
1125 215 1184 241 ὁδόν
1199 224 1268 250 σφας
1283 218 1434 251 ἀγαγόντες
1449 220 1495 246 ἐπὶ
1512 221 1547 247 τὰ
1560 222 1664 256 πρόσω,
1685 226 1716 259 τῇ
1736 226 1787 260 ἐφ-

170 253 282 281 uterque
297 248 323 275 in
338 249 527 283 gravissimum
540 252 663 279 morbum
680 253 822 287 incideret,
842 257 950 283 tandem

168 291 278 320 Perside
293 299 477 322 excesserunt.
494 296 579 330 Cujus
590 297 629 324 rei
643 299 754 327 nuntius
784 300 860 335 171
889 308 952 329 cum

168 338 201 364 ad
214 337 401 372 imperatorem
416 340 569 374 ati'erretur,
581 346 607 369 et
623 347 720 378 praeter
734 351 841 372 omnem
858 352 952 381 exspe-

168 382 312 410 ctationem
321 383 359 410 illi
373 385 506 412 accideret
516 385 579 419 (nou
593 387 663 414 enim
673 387 881 421 existimaverat,
889 397 950 417 cum

169 428 283 456 Romani
309 429 345 457 ita
365 429 460 458 faciles
484 435 511 458 et
532 432 686 461 moderatos
702 440 732 460 se
761 434 950 468 praebuissent,

169 475 237 507 fore,
255 479 284 502 ut
296 475 386 504 Persa:
396 484 411 503 a
426 483 491 511 pace
505 477 707 512 abhorrerent),
718 479 780 512 jure
799 484 827 507 et
853 480 950 508 merito

168 519 298 548 Mauricio
328 522 463 556 praecepit,
480 527 509 549 ut
535 522 636 550 bellum
651 527 762 552 strenuo
775 530 895 559 pararet,
922 530 949 553 et

167 571 263 594 cmtera
281 568 372 595 omnia
383 568 418 596 ita
431 568 556 602 instituit,
574 573 603 596 ut
615 569 687 597 omni
700 569 781 597 modo
792 571 848 598 suis
869 571 949 599 rebus

166 612 327 641 consuleret.
337 613 428 648 Neque
442 621 507 642 vero
520 615 656 643 exercitus
669 615 757 649 quoad
770 620 866 643 caetera
880 615 949 644 male

168 657 291 686 habebat.
303 659 442 694 Stipendia
459 659 530 687 enim
548 661 681 695 persoluta
699 661 816 689 fuerant.

1004 258 1067 293 εξῆς
1080 259 1114 285 δι’
1124 261 1220 295 ἑτέρας
1230 262 1354 297 ἀτραποῦ
1370 265 1399 295 ές
1409 265 1561 300 τοῦμπαλιν
1575 258 1721 303 ἐπανῆγον,
1734 258 1787 303 ἕως

1005 303 1111 330 πολλῶν
1134 305 1253 340 ἀνιαρῶν
1281 307 1380 339 αὐτοὺς
1408 309 1613 345 ἀναπλήσαντες
1626 312 1657 344 ¹¹,
1676 313 1714 345 ὡς
1738 315 1788 341 καὶ

1005 349 1134 395 ἑκάτερον
1150 351 1246 385 ἀμέλει
1260 352 1330 387 νόσῳ
1343 353 1480 390 βαρυτάτῃ
1498 359 1667 391 περιπεσεῖν,
1682 359 1786 395 ἑξώθη-

1005 394 1085 419 σαν¹³
1108 396 1158 429 τῆς
1189 395 1311 431 Περσῶν.
1348 397 1530 435 Ἀφικομένης
1553 401 1582 427 δὲ
1611 403 1712 436 ταύτης
1735 394 1787 438 τῆς

1003 438 1134 473 ἀγγελίας
1163 440 1238 475 παρὰ
1267 440 1380 476 βασιλέα
1402 443 1546 478 Ῥωμαίων
1572 447 1619 472 καὶ
1640 448 1716 483 παρά
1735 448 1785 484 τὴν

1003 485 1112 527 πάντων
1129 485 1224 512 ἐλπίδα
1235 488 1444 524 προσπεσούσης
1456 490 1496 524 (ού
1513 490 1567 526 γὰρ
1583 491 1660 527 ᾠήθη
1675 492 1785 520 πώποτε

1003 526 1111 561 Πέρσας
1124 528 1170 554 ἐπὶ
1186 530 1314 564 σμικροῖς
1329 530 1400 557 οὕτω
1414 532 1461 558 καὶ
1478 531 1537 559 λίαν
1555 526 1721 569 συμμέτροις
1734 535 1784 571 τὴν

1002 572 1114 607 εἰρήνην
1140 572 1178 608 μὴ
1201 574 1422 612 προσδέξασθαι),
1445 577 1591 614 Μαυρικίῳ
1606 579 1656 614 μὲν
1671 581 1783 613 εἰκότως

1002 616 1150 651 ἐσήμαινεν
1176 617 1286 653 ἔχεσθαι
1308 620 1356 647 τοῦ
1371 621 1490 656 πολέμου
1507 624 1579 651 κατὰ
1602 624 1648 651 τὸν
1673 633 1783 660 προχω-

1003 662 1102 696 ροῦντα
1137 664 1259 698 τρόπον,
1284 665 1333 692 καὶ
1359 666 1394 693 τὰ
1423 667 1491 695 ἄλλα
1521 669 1715 704 περιεσκόπει,
1744 670 1783 703 ὡς

168 703 203 729 ἂν
223 703 355 738 ἀμηγέπη
369 702 425 734 οἶός
443 712 474 730 τε
489 705 576 731 ἔσοιτο
600 704 731 739 βοηθῆσαι
754 706 809 736 τοῖς
832 707 1002 740 πράγμασιν.
1019 708 1048 733 Οἱ
1059 707 1081 723 ἰ
1096 708 1124 734 δὲ
1136 709 1169 735 τὰ
1187 709 1236 743 μὲν
1250 710 1317 737 ἄλλα
1330 711 1379 738 οὐκ
1388 710 1444 747 εἷχε
1460 702 1595 745 κακῶς-τὸ
1609 716 1763 751 στράτευμα
1773 738 1782 746 .

166 747 212 773 καὶ
228 747 282 783 γὰρ
296 747 347 783 τὴν
363 748 493 783 διανομὴν
509 748 562 774 τῶν
577 749 724 784 χρημάτων
755 749 911 784 ἐπεποίητο.

200 793 244 820 τι).
259 794 301 829 (Α.
314 794 345 821 C.
358 794 419 827 58],
430 795 485 822 ind.
499 795 543 827 ιι.
553 794 643 823 Tiber.
657 796 695 830 4.)
712 796 836 824 Tiberius
849 797 946 824 bellum
964 803 984 830 Β

165 845 258 867 contra
278 840 375 868 Persas
392 841 469 868 linire
484 841 510 868 in
525 841 615 868 animo
631 842 760 869 habebat.
777 842 879 877 itaque,
895 843 945 870 hoc

165 885 278 912 consilio
303 890 393 920 capto,
414 885 510 913 iterum
525 886 684 913 Zachariam
711 887 804 922 elegit,
820 895 900 921 quem
913 888 944 914 ad

166 929 264 956 limites
280 928 461 956 Romanorum
478 935 504 957 et
518 930 660 958 Persarum
679 931 790 966 legaret.
802 931 861 959 Jam
874 932 944 960 enim

165 979 190 1000 et
208 974 305 1010 saepius
319 978 397 1002 antea
412 974 470 1009 ejus
485 983 565 1011 opera
579 976 605 1003 in
622 977 774 1011 hujusmodi
788 978 869 1005 rebus
881 986 945 1005 usus

166 1019 262 1046 fuerat.
296 1019 320 1047 ls
342 1028 404 1048 cum
431 1022 594 1055 advenisset,
618 1030 724 1058 quaque
749 1024 782 1050 de
801 1031 881 1051 causa
912 1024 945 1051 ad

164 1065 259 1092 Persas
275 1064 411 1099 profectus
427 1070 508 1099 esset,
523 1067 702 1101 exposuisset,
716 1067 773 1102 ipse
789 1068 814 1095 iu
827 1068 859 1095 iis
874 1068 943 1096 locis

164 1112 300 1144 manebat,
325 1117 352 1140 et
368 1112 510 1140 Persarum
537 1121 583 1141 rex
602 1114 724 1149 Andigan
737 1115 830 1142 eodem
852 1115 944 1142 mittit.

165 1157 214 1186 llic
232 1158 273 1185 vir
292 1163 350 1186 erat
376 1159 519 1187 admodum
536 1160 664 1194 prudens,
680 1165 708 1188 et
727 1160 871 1188 multorum
897 1169 945 1188 ne-

163 1203 298 1237 gotiorum
324 1205 514 1239 peritissimus,
542 1206 602 1240 quia
629 1206 784 1233 diuturnum
816 1208 945 1241 temporis

163 1249 279 1282 spatium
297 1249 366 1285 (crat
391 1250 462 1278 enim
476 1254 555 1278 aetate
576 1250 654 1286 longe
677 1250 833 1286 provectus)
866 1258 944 1279 sene.

163 1300 236 1323 ctute
252 1295 307 1330 ipsa
319 1296 479 1330 sapientiam
491 1296 547 1331 ejus
557 1296 719 1324 ﬁrmaverat.
733 1296 879 1332 Postquam
896 1305 945 1324 au-

163 1345 215 1366 tem
231 1340 264 1367 ad
281 1339 363 1368 Dares
377 1345 573 1374 convenerunt,
589 1346 617 1368 et
632 1348 693 1368 cum
709 1342 751 1369 his
767 1341 875 1368 urbium
888 1346 942 1368 tam

163 1393 254 1412 carum
292 1393 352 1421 quae
386 1386 524 1419 Romanis,
544 1394 624 1422 quam
648 1394 741 1415 carum
768 1395 828 1422 qua:
855 1386 945 1414 Persis

163 1431 302 1465 parebant,
317 1431 439 1466 primarii
450 1431 500 1459 viri
515 1440 522 1458 :
539 1432 646 1466 utrique
662 1432 688 1459 in
704 1439 736 1459 ea
753 1431 942 1466 disquisitione

163 1462 261 1504 versati
292 1462 364 1510 sunt,
386 1478 518 1512 quomodo
542 1462 610 1505 bello
637 1478 697 1505 linis
722 1462 822 1512 imponi
843 1482 943 1512 posset.
958 1462 980 1492 (ί

163 1522 207 1549 ille
223 1542 230 1555 ,
248 1521 293 1556 qui
314 1522 460 1550 conliuiu
491 1527 630 1557 protector
657 1527 717 1550 erat
747 1522 798 1558 (sic
830 1522 944 1550 Romani

162 1574 223 1593 eum
245 1567 394 1602 appellant,
422 1568 468 1602 qui
487 1567 522 1594 ad
548 1568 705 1603 dignitatem
727 1567 848 1602 praefecti
877 1568 944 1602 regii

161 1611 262 1640 electus
275 1614 338 1646 est),
354 1612 408 1644 ille,
427 1613 547 1647 inquam,
564 1614 678 1641 tentoria
703 1613 879 1648 praeparanda
897 1621 943 1641 cu-
967 1610 969 1612 ’

162 1658 231 1685 ravit
254 1657 318 1693 (hoc
342 1657 416 1685 enim
441 1665 539 1686 munus
562 1662 604 1686 est
636 1659 707 1686 illius
735 1659 909 1694 magistratus
930 1666 944 1685 a

162 1704 255 1738 primis
265 1704 326 1731 inde
343 1704 534 1739 temporibus),
552 1705 602 1732 sub
615 1705 716 1739 quibus
729 1705 763 1733 ab
776 1709 891 1740 utraque
906 1712 946 1732 re-

161 1748 267 1783 publica
285 1749 359 1777 missi
377 1750 554 1777 convenirent
567 1755 594 1777 et
605 1750 834 1785 colloquerentur.
848 1749 944 1785 Itaque

162 1795 223 1823 istic
237 1795 398 1830 praeparatis
411 1795 579 1829 diversoriis,
593 1803 654 1824 cum
672 1796 698 1824 in
713 1797 766 1824 illis
779 1797 901 1832 Andigan
918 1803 945 1824 et

161 1839 308 1868 Zacharias
326 1845 354 1868 et
383 1841 520 1876 principes
545 1842 694 1869 conliuium
723 1842 775 1869 viri
802 1843 942 1877 congressi

160 1891 250 1914 essent
276 1887 320 1921 (eo
330 1886 402 1914 enim
417 1886 584 1922 Andigan,ex
601 1887 695 1920 Daras,
709 1892 737 1915 et
751 1887 896 1916 Zacharias
911 1897 942 1916 ex

160 1931 261 1959 Mardis
278 1931 375 1966 oppido
388 1932 540 1967 venerant).
566 1933 660 1961 iisdem
678 1940 771 1961 rursus
788 1934 943 1962 rationibus

159 1978 203 2012 jus
217 1985 295 2006 suum
312 1978 347 2006 ab
363 1982 476 2013 utraque
492 1984 569 2014 parte
595 1978 782 2010 defenderunt.
798 1976 897 2015 quibus
917 1980 943 2007 in

161 2023 344 2058 superioribus
363 2023 505 2058 colloquiis
533 2028 611 2051 erant
643 2024 694 2051 usi.
713 2023 844 2052 Volebam
872 2025 943 2051 enim

161 2069 250 2097 Persae
263 2075 279 2096 a
290 2069 374 2096 multo
393 2073 513 2104 tempore
528 2069 665 2104 pecunias,
686 2076 756 2104 quas
772 2069 844 2097 soliti
863 2075 942 2097 erant

1033 798 1067 825 κ’.
1082 800 1143 826 Ὅτι
1167 801 1385 836 παρεσκευάζετο
1410 804 1424 830 ό
1440 804 1566 839 Τιϐέριος
1587 806 1712 834 διαλῦσαι
1736 808 1783 834 τδν

998 844 1065 878 πρὸς
1088 845 1196 880 Πέρσας
1222 847 1350 882 πόλεμον.
1366 849 1517 884 Τοιγαροῦν
1540 850 1625 883 οὕτως
1647 853 1783 887 ἀρέσαντα

998 888 1112 923 βασιλεῖ,
1126 890 1239 925 ἀφίησιν
1262 892 1309 918 ἐπὶ
1326 892 1413 928 τούτῳ
1439 894 1575 930 Ζαχαρίαν
1599 898 1628 923 ἐν
1643 899 1698 929 τοῖς
1716 897 1783 924 Ῥω-

999 934 1087 968 μαίων
1099 943 1128 961 τε
1141 936 1188 963 κσί
1205 937 1316 972 Περσῶν
1335 937 1469 973 μεθορίοις
1483 941 1716 977 πρεσϐευσόμενον
1734 944 1783 969 καὶ

997 977 1075 1011 αὖθις
1088 989 1094 996 ·
1108 981 1138 1007 ὃν
1153 981 1185 1017 δὴ
1199 982 1247 1009 καὶ
1271 983 1400 1016 πολλάκις
1417 986 1463 1011 ἐπὶ
1477 988 1536 1018 ταῖς
1548 987 1690 1020 τοιαύταις
1710 990 1783 1024 ἐχει-

998 1027 1127 1061 ροτόνησε
1144 1028 1261 1062 χρείαις.
1282 1029 1312 1056 Ὀ
1335 1029 1362 1056 δὲ
1385 1030 1560 1066 ἀφικόμενος,
1576 1033 1623 1059 καὶ
1639 1033 1717 1067 δῆλον
1732 1043 1783 1060 κα-

997 1073 1136 1107 ταστήσας
1165 1074 1208 1108 ἐφ’
1231 1070 1253 1107 ᾧ
1279 1074 1426 1110 ἐποιήσατο
1445 1076 1481 1108 ὡς
1495 1077 1602 1113 Πέρσας
1614 1077 1664 1113 τὴν
1678 1079 1781 1114 ἄφιξιν,

996 1118 1010 1144 ὁ
1025 1118 1074 1152 μὲν
1085 1118 1207 1153 ὑπῆρχεν
1219 1119 1247 1145 ὲν
1256 1120 1372 1153 τούτοις,
1387 1120 1510 1155 βασιλεὺς
1518 1123 1545 1149 δὲ
1556 1124 1667 1158 Περσῶν
1678 1125 1783 1160 ἐκπέμ-

997 1171 1042 1188 πει
1070 1162 1204 1196 Ἀνδίγαν.
1228 1160 1311 1196 Οὗτος
1327 1165 1355 1192 δὲ
1381 1167 1450 1202 ἀνὴρ
1474 1168 1544 1194 κατὰ
1570 1169 1697 1196 τοσοῦτον
1723 1171 1783 1204 ἐχέ-

997 1216 1072 1243 φρων
1088 1217 1117 1234 τε
1133 1207 1166 1244 ἦν
1182 1210 1228 1236 καὶ
1244 1210 1387 1246 πράγμασι
1406 1212 1542 1244 πλείστοις
1555 1214 1698 1248 ὁμιλήσας,
1715 1215 1782 1241 καθ-

997 1254 1087 1280 όσονί³
1099 1262 1129 1280 τε
1143 1254 1216 1289 αὐτῷ
1234 1255 1279 1283 ἐπὶ
1295 1257 1463 1292 μακρότατον
1483 1258 1530 1285 καὶ
1554 1259 1588 1285 τὰ
1611 1259 1659 1286 τοῦ
1684 1261 1781 1296 χρόνου

997 1299 1152 1332 ξυνέϐαινεν
1179 1301 1402 1335 ὲπισφραγίζοντι
1437 1303 1476 1338 τῷ
1501 1304 1571 1331 πάνυ
1599 1305 1782 1340 γηραλέῳ·τὺ

998 1345 1130 1380 νουνεχές.
1149 1345 1257 1381 Ἐπειδὴ
1266 1347 1287 1362 ¹⁶
1302 1346 1331 1373 δὲ
1342 1348 1506 1384 συνηλθὲτην
1521 1350 1603 1384 ἀγχοῦ
1616 1352 1665 1385 τῆς
1675 1350 1780 1382 πόλεως

997 1389 1044 1416 τοῦ
1060 1391 1159 1426 Δάρας,
1177 1390 1224 1423 ξὺν
1240 1392 1297 1423 τοῖς
1309 1393 1356 1419 καὶ
1370 1394 1394 1419 οἱ
1408 1393 1461 1420 τῶν
1476 1395 1566 1430 ἐκείνῃ
1588 1396 1691 1422 πόλεων
1710 1396 1779 1422 Ῥω-

999 1435 1086 1470 μαίων
1100 1445 1130 1463 τε
1147 1437 1193 1464 καὶ
1222 1437 1337 1472 Περσῶν
1363 1439 1507 1474 ἡγεμόνες,
1525 1441 1550 1467 οἱ
1573 1441 1622 1475 μὲν
1647 1441 1678 1477 δὴ
1701 1442 1781 1477 ἐξηρ-

996 1481 1090 1508 τύοντο
1110 1481 1220 1510 ἕκαστοι
1236 1483 1475 1519 διαλεχθησόμενοι
1490 1487 1553 1522 περὶ
1569 1487 1615 1513 τοῦ
1634 1487 1706 1518 ὅπως
1721 1487 1780 1513 δέον

997 1527 1165 1555 καταθέσθαι
1189 1528 1234 1555 τὸν
1261 1529 1393 1564 πόλεμον·
1409 1532 1423 1557 ό
1448 1531 1478 1557 δέ
1503 1540 1534 1564 γε
1564 1532 1618 1558 τῶν
1647 1531 1780 1566 μεθορίων

996 1572 1140 1607 λεγόμενος
1164 1574 1320 1609 προτίκτωρ
1334 1574 1425 1610 (δηλοῖ
1438 1576 1467 1602 δὲ
1482 1576 1557 1611 παρά
1576 1576 1719 1611 Ῥωμαίοις
1734 1577 1779 1602 τὸν

999 1615 1027 1646 ἐς
1048 1615 1127 1642 τοῦτο
1144 1617 1360 1652 καταλεγόμενον
1375 1618 1463 1651 ἀξίας,
1492 1620 1536 1646 τδν
1559 1620 1691 1655 βασίλειον
1714 1630 1780 1656 προ-

997 1661 1176 1697 σκεπαστὴν),
1189 1659 1266 1694 οὗτος
1281 1663 1312 1698 δὴ
1326 1662 1373 1690 οὖν
1395 1666 1578 1692 κατεσκεύασε
1601 1667 1730 1699 καλύϐας,
1750 1668 1778 1693 ὲν

996 1703 1040 1738 αἷς
1056 1706 1167 1741 ἔμελλον
1186 1708 1320 1744 ἑκατέρας
1339 1709 1474 1743 πολιτείας
1497 1711 1624 1746 πρέσϐεις
1646 1713 1679 1739 τὰ
1706 1714 1780 1748 εἰρη-

999 1752 1068 1786 μένα
1096 1752 1330 1781 διασκέπτεσθαι”
1353 1755 1432 1782 τοῦτο
1461 1757 1515 1792 γὰρ
1539 1758 1570 1784 τὸ
1596 1758 1779 1793 λειτούργημα

995 1797 1098 1824 ἄνωθέν
1124 1807 1152 1824 τε
1170 1799 1227 1826 ⁴καὶ
1247 1800 1275 1833 ἐξ
1300 1801 1388 1836 ἀρχῆς
1402 1802 1441 1837 τῷ
1455 1802 1620 1838 προτίκτωρι
1636 1805 1779 1839 ἐπιτέτρα-

997 1850 1073 1869 πται.
1089 1843 1371 1877 Παρασκευασθέντων
1387 1844 1434 1873 οὖν
1452 1847 1506 1874 τῶν
1522 1848 1630 1874 τοιῶνδε
1645 1849 1775 1884 ἐνδιαιτηη

998 1887 1100 1921 μάτων,
1122 1888 1169 1914 καὶ
1183 1891 1336 1924 γενομένων
1351 1891 1379 1917 ἐν
1392 1892 1431 1926 τῷ
1446 1892 1521 1927 αὐτῷ
1536 1894 1582 1919 τοῦ
1604 1894 1727 1928 ’Λνδίγαν
1745 1903 1775 1920 τε

996 1932 1044 1958 καὶ
1069 1933 1203 1967 Ζαχαρίου
1222 1934 1268 1960 καὶ
1289 1935 1343 1961 τῶν
1369 1936 1419 1970 τῆς
1444 1937 1608 1971 περιοικίδος
1630 1939 1778 1973 ἀρχόντων,

995 1977 1041 2003 τοῦ
1060 1978 1109 2012 μὲν
1130 1978 1252 2012 ’Διιδίγαν
1270 1979 1320 2014 τὴν
1335 1981 1490 2008 συνέλευσιν
1513 1983 1675 2017 ποιουμένου
1687 1984 1718 2010 ἐκ
1732 1984 1778 2010 τοῦ

995 2023 1095 2058 Δάρας,
1113 2024 1248 2059 Ζαχαρίου
1273 2025 1302 2052 δὲ
1327 2026 1359 2052 ὲκ
1386 2026 1433 2053 τοῦ
1452 2028 1567 2063 Μάρδις,
1580 2029 1628 2054 καὶ
1640 2028 1717 2060 αὖθις
1731 2027 1779 2064 οὗχ

994 2064 1075 2102 ἦττον
1096 2069 1156 2099 ταῖς
1172 2069 1267 2100 αὐταῖς
1283 2070 1432 2105 χρωμένων
1447 2071 1652 2106 δικαιολογίαις,
1677 2072 1778 2108 αἷσπερ

159 2121 193 2142 ex
208 2114 386 2142 conventione
398 2118 425 2142 et
447 2118 526 2148 pacto
539 2114 706 2148 temporibus
719 2113 862 2142 Justiniani
891 2115 941 2142 iui-

998 2114 1041 2140 καὶ
1072 2114 1100 2141 ὲν
1130 2115 1188 2145 ταῖς
1218 2115 1362 2150 προτέραις
1390 2117 1624 2151 πρεσϐείαις-χαὶ
1647 2118 1702 2145 τῶν
1729 2120 1779 2152 μὲν

160 2164 198 2192 to,
215 2166 230 2186 a
243 2158 373 2188 Romanis
398 2159 532 2194 accipere,
562 2163 590 2187 et
606 2164 735 2191 pra-terea
751 2160 869 2187 retinere
885 2160 939 2187 Da-

160 2212 216 2233 ras.
231 2205 347 2234 Romani
363 2213 426 2233 vero
445 2210 550 2238 contra,
573 2213 607 2233 ne
621 2204 686 2240 quid
700 2205 876 2239 pecuniarum
895 2205 943 2232 da-

159 2255 241 2285 rent,
268 2252 443 2287 pugnabant;
471 2259 538 2279 neve
570 2251 647 2286 quasi
686 2258 766 2285 paena
803 2255 830 2278 et
860 2251 941 2278 multa

159 2297 274 2330 quadam
287 2303 381 2332 pacem
395 2295 528 2324 redimere
546 2295 714 2323 viderentur.
733 2295 817 2322 Daras
833 2303 941 2330 quoque

159 2349 319 2377 recuperare
332 2342 486 2377 cupiebant,
502 2345 529 2368 et
543 2348 602 2368 eam
615 2340 802 2368 Persarmenia
817 2346 844 2368 et
855 2341 940 2368 Arza-

159 2395 227 2415 nene
257 2392 424 2416 commutare
451 2387 590 2420 volebant,
615 2386 694 2414 modo
715 2394 807 2414 earum
833 2387 942 2421 provin-

159 2433 261 2461 ciarum
287 2433 382 2461 incola:
407 2452 414 2466 ,
439 2432 485 2467 qui
507 2439 538 2460 se
559 2433 592 2459 ad
622 2431 775 2466 reipublieaz
814 2431 941 2459 Romanae

159 2479 347 2506 auctoritatem
374 2477 563 2510 contulissent,
582 2477 661 2512 172
674 2483 705 2504 ea
731 2476 866 2504 deditione
887 2484 940 2504 non

159 2525 370 2552 continerentur.
400 2523 468 2552 Cum
490 2523 566 2551 multi
589 2523 623 2550 de
638 2530 668 2550 ea
683 2529 712 2556 re
733 2529 874 2549 sermones
892 2522 941 2549 ha-

158 2570 206 2597 biti
233 2573 334 2602 essent,
353 2576 441 2605 neque
458 2568 511 2596 ulla
540 2576 583 2596 res
611 2568 644 2595 ad
666 2568 744 2595 linem
765 2567 940 2602 pervenisset,

159 2615 223 2650 quia
235 2616 390 2652 neutiquam
405 2620 497 2651 partes
518 2616 590 2643 inter
606 2622 635 2642 sc
655 2613 850 2642 conveniebant
864 2623 870 2640 :
888 2614 942 2640 An-

997 2158 1109 2193 Περσῶν
1127 2158 1296 2194 βουλομένων
1319 2160 1480 2196 κομίζεσθαι
1506 2163 1561 2189 ἀπδ
1582 2163 1725 2198 Ῥωμαίων
1744 2165 1779 2190 ti

996 2204 1100 2240 ᾰσαπερ
1124 2206 1155 2232 ὲκ
1173 2206 1298 2233 πλείστου
1314 2207 1410 2242 χρόνου
1434 2208 1564 2237 εἰώθεσαν
1580 2211 1710 2246 χρήματα
1730 2210 1777 2237 τοῦ

996 2249 1236 2285 διομολογηθέντος
1261 2253 1306 2279 ἐπὶ
1328 2253 1383 2279 τῶν
1416 2254 1638 2282 ’Ῑουστινιανοῦ¹⁷
1664 2257 1798 2291 mum,-

998 2295 1066 2331 πρὸς
1080 2297 1185 2328 τούτοις
1209 2297 1281 2332 ἔχειν
1307 2299 1355 2325 καὶ
1378 2299 1409 2325 τὺ
1426 2300 1513 2334 Δάρας
1524 2308 1531 2316 ο
1546 2301 1601 2328 τῶν
1615 2301 1643 2327 δὲ
1661 2301 1693 2336 δὴ
1713 2302 1778 2327 Ῥω·

996 2341 1084 2375 μαίων
1098 2342 1252 2375 ἐξεναντίας
1277 2343 1533 2380 ἀπισχυριζομένων
1547 2345 1617 2372 ὥστε
1635 2346 1716 2381 μηδὲν
1730 2355 1779 2372 κα-

994 2386 1131 2413 τατιθέναι
1143 2387 1213 2422 μήτε
1223 2388 1275 2422 μὴν
1288 2388 1381 2424 ὥσπερ
1396 2390 1550 2425 τιμήματός
1562 2399 1633 2422 τινος
1646 2391 1776 2426 πρίασθαι

994 2432 1043 2467 τὴν
1054 2433 1176 2468 εἰρήνην,
1192 2433 1260 2460 ἀλλά
1269 2434 1324 2470 γὰρ
1338 2436 1385 2462 καὶ
1396 2435 1588 2463 ἀνασώσασθαι
1601 2437 1654 2463 ἀπὸ
1665 2437 1777 2470 Περσῶν

992 2477 1022 2503 τὸ
1050 2478 1149 2512 Δάρας,
1173 2479 1351 2515 ἀντάλλαγμα
1379 2481 1472 2516 μέντοι
1492 2481 1660 2516 παρέχοντας
1674 2481 1721 2516 τὴν
1748 2482 1777 2514 ἐξ

991 2522 1079 2558 ἀρχῆς
1101 2523 1310 2559 Περσαρμενὶαν
1325 2534 1354 2552 τε
1374 2526 1422 2553 καὶ
1443 2526 1620 2562 ’Δρζανηνὴν,
1641 2527 1706 2554 ἄνευ
1722 2527 1776 2552 τῶν

991 2569 1149 2603 ἀμφοτέρας
1165 2571 1257 2606 χώρας
1271 2571 1422 2606 οἰκητόρων
1435 2572 1490 2599 τῶν
1506 2573 1564 2599 ὅσοι
1580 2574 1613 2608 τῇ
1629 2572 1774 2606 Ῥωμαίων

993 2615 1206 2650 προσεχώρησαν
1231 2617 1362 2652 πολιτείᾳ,
1388 2633 1423 2638 -—
1440 2618 1573 2645 πλεῖστων
1597 2618 1654 2651 οὖν,
1681 2617 1775 2652 ὥσπερ

789 2694 906 2723 VARIE
931 2694 1131 2724 LECTIONES.

194 2766 216 2782 ¹¹
229 2765 294 2802 Qum
307 2767 387 2802 vulgo
400 2770 462 2801 post
471 2766 582 2802 verbum
596 2765 801 2802 ἀναπλήσαντες
815 2771 847 2802 οξ
864 2763 990 2802 proxime
1010 2764 1194 2802 superioribus
1207 2764 1322 2793 absurde
1348 2771 1508 2802 repetuntur
1520 2775 1526 2793 :
1543 2766 1588 2802 ἐπὶ
1611 2767 1644 2802 τὰ
1665 2768 1770 2802 πρόσω,

158 2800 193 2854 ii

200 2835 314 2862 καθόσον
326 2835 370 2868 Η.,
397 2834 478 2861 καθόν
508 2835 581 2869 vulg.

209 2799 318 2834 ἑφεξῆς.
346 2798 446 2829 ιῘοΓΒ.
485 2800 506 2816 ¹³
517 2799 656 2834 ὲξώθησαν
678 2798 844 2834 agasonem]
864 2798 916 2825 ll.:
932 2803 960 2825 at
973 2807 1007 2826 ne
1022 2798 1071 2826 hoc
1082 2800 1191 2833 quidem
1214 2807 1307 2826 verum
1336 2798 1451 2828 videtur.
1491 2800 1562 2837 “olj
1588 2801 1626 2836 τῷ
1649 2798 1720 2837 conj.
1741 2802 1772 2828 Β.

209 2835 314 2862 ιαθόσον
326 2835 370 2868 Η.,
397 2834 478 2861 καθόν
508 2835 581 2868 vulg.
622 2834 642 2850 ιθ
654 2833 746 2868 ἐπειδὴ
758 2833 786 2859 δὲ
801 2833 845 2866 Η.,
861 2834 915 2859 ἔτει
931 2834 970 2860 δεῖ
979 2833 1006 2860 δὲ
1023 2834 1094 2868 vulg.
1149 2835 1168 2850 ¹⁷
1190 2835 1383 2862 Ίουστινιαειὼν
1398 2835 1471 2868 vulg.

828 2853 845 2866 ,ι
862 2849 915 2859 Grai
931 2849 1006 2860 uec-4:
1026 2849 1094 2866 11115-

1149 2835 1168 2850 ¹⁷
1190 2835 1383 2862 ’ἰούστινιαειὼν
1398 2835 1471 2870 vulg.
