1943 3072
106 143 166 175 92!

503 150 552 178 DE
572 150 855 183 LEGleUNiBUS
875 155 1121 187 ROMANORUM
1142 159 1192 188 AD
1208 159 1358 190 GENTES

1698 163 1753 196 93.2

107 201 205 234 εῐκδς,
222 202 272 229 ἐπὶ
286 203 390 238 τηλίκῳ
414 203 556 239 πράγματι
573 209 817 242 προενηνεγμένων
836 209 906 243 λόγω

974 212 1053 247 digan
1081 214 1106 240 in
1133 214 1304 248 Zachariam,
1321 216 1366 250 qui
1392 216 1465 243 illum
1492 217 1566 251 pacis
1591 220 1760 250 conditiones

113 247 171 274 καὶ
189 248 301 283 ἥκιστα
320 251 360 281 εἰς
385 249 464 284 ἔργον
481 251 629 285 ἀχθέντων,
648 254 720 288 μήτε
736 254 789 289 μὴν
804 255 836 290 τῇ
851 264 920 290 συμ-

107 293 212 328 φωνίᾳ.
230 295 338 329 ἀμφοῖν
361 297 418 322 τοῖν
441 298 534 331 μεροῖν
558 297 760 332 ξυμϐαινόντων
774 300 916 336 ἀλλήλοις,

107 339 162 365 τὸν
186 340 322 374 Ἀνδίγαν
338 342 582 377 παρακρούσασθαι
598 345 766 380 Ζαχαρίαν¹⁸
783 347 919 383 ὑποτοπή-

108 392 207 411 σαντα
225 387 273 420 ἐφ’
285 383 307 421 ᾧ
323 387 416 414 θέσθαι
444 389 580 425 συνθήκας
606 391 656 417 οὐκ
681 392 709 423 ἐς
725 391 756 418 τὸ
770 393 917 428 εὐπρεπὲς,

107 430 186 457 ἀλλὰ
202 433 265 467 γὰρ
290 434 380 467 πάντη
406 435 586 471 ἀσυμφόρους
611 439 644 472 τῇ
669 438 813 473 Ῥωμαίων
834 441 916 475 ἀρχῇ,

108 477 205 510 φάναι
224 478 339 512 λέγεται
363 481 453 508 τοιάδε
465 489 473 497 ·
491 491 500 508 ι
514 483 598 519 Τείχη
617 484 663 511 καὶ¹
683 484 778 518 πύλαι,
797 487 843 513 καὶ
866 487 917 513 εῐτι

108 523 260 558 τοιοῦτον,
272 522 294 552 ὦ
305 525 412 561 ἄνδρες,
431 527 629 564 φυλακτήριον,
640 530 785 564 φυλάττειν
803 532 863 566 μὲν,
879 533 917 564 ὡς

107 569 207 614 εἰκὸς,
226 571 377 607 δυνήσεται
394 573 444 599 καὶ
457 574 535 601 πόλιν
555 575 603 602 καὶ
625 576 763 604 πολιτείαν
778 577 852 614 ὃλην.
872 578 916 604 'l-Iv

63 637 69 641 .
108 612 156 645 οἷς
183 615 217 642 δὲ
249 618 431 652 τυγχάνουσιν
455 620 480 645 οι
504 620 610 652 τούτοις
645 612 914 658 περιπεςρραγμένοι,

110 659 261 693 κρύπτειν
274 663 304 688 οὐ
315 665 335 680 ¹²
352 664 453 699 ῥᾴδιον.
466 666 545 700 Φήμη
558 666 582 682 ¹⁰
593 667 648 701 γὰρ
665 667 707 694 ἀεὶ
729 669 868 703 χειροῦται
882 669 915 696 τὰ

110 705 290 741 πράγματα,
311 709 359 734 καὶ
387 709 422 735 τὰ
447 709 579 737 δοκοῦντά
594 721 652 744 πως
676 713 761 748 ἄδηλα
781 714 916 742 καθεστά-

109 759 161 778 ναι
194 753 347 789 προτίθησι
371 756 432 787 ταῖς
454 756 560 789 ἀκοαῖς,
575 757 670 794 ὥσπερ
693 759 738 786 ἐπ’
761 760 864 795 ἀγορᾶς
887 762 915 788 ὲν

109 799 236 834 φανερῷ
257 799 296 834 τῷ
314 800 468 837 βουλομένῳ
498 803 631 838 πρίασθαι
659 804 738 833 ὥνια,
764 806 916 842 Τοιγαροῦν

110 843 164 870 καὶ
187 845 276 880 ἡμεῖς
292 846 495 881 ἐξεπιπάμεθα
509 848 559 883 τὴν
575 848 720 884 Ῥωμαίων
733 851 821 886 ἀρχὴν
836 852 915 878 πολέ-

111 897 181 923 μοις
215 891 427 926 ἀντερείδουσαν
454 893 602 928 πλείστοις,
626 896 674 922 καὶ
702 885 852 932 πολλαγόσε
865 898 913 933 τῆς
930 885 952 915 Β

108 935 287 971 οἰκουμένης
306 937 375 964 ὅπλα
399 938 536 972 κινοῦσαν,
555 941 602 967 καὶ
626 942 659 977 τῇ
687 942 801 977 δυνάμει
830 952 915 979 μεμε-

111 980 259 1015 ρισμένην
275 981 368 1016 σχεδὸν
387 983 429 1017 ἐφ’
442 983 550 1019 ἑκάστῳ
561 984 692 1022 βαρϐάρῳ
705 987 789 1021 γένει,
803 989 850 1015 καὶ
863 989 913 1023 τὴν

109 1026 179 1052 καθ’
192 1027 272 1062 ἡμᾶς
296 1028 433 1056 πολιτείαν
457 1030 507 1056 οὐκ
527 1031 582 1058 ἀπὸ
597 1032 699 1066 τρόπου
726 1033 857 1068 Ῥωμαῖοι
871 1043 913 1066 γι-

109 1073 260 1100 νώσκουσι
276 1075 372 1110 μηδενὶ
395 1076 450 1103 τῶν
465 1077 577 1104 πάντων
591 1078 744 1113 ἀνθρώπων
765 1080 813 1107 νῦν
833 1081 912 1107 πολε-

111 1119 230 1153 μοῦσαν
241 1121 258 1156 ἢ
279 1121 428 1156 Ῥωμαίοις
442 1123 543 1157 μόνοις.
563 1123 607 1156 Ὠς
620 1123 666 1151 οὖν
682 1126 760 1160 ὑμῶν
781 1126 830 1162 μὲν
848 1127 913 1154 πο).-

109 1165 172 1197 λοῖς
190 1165 284 1192 ἔθνεσι
303 1168 473 1202 μαχομένων,
494 1169 573 1204 ἡμῶν
588 1170 616 1196 δὲ
634 1171 723 1205 μόνοις
745 1172 820 1207 ὑμῖν,
838 1173 909 1200 οὕτω

113 1212 164 1238 καὶ
188 1212 242 1244 τὰς
267 1212 400 1249 ξυνθήκας
422 1215 529 1250 ἀνάγκη
552 1216 710 1244 διατιθέναι.
728 1218 842 1244 Βέϐαιον
856 1219 911 1254 γὰρ

111 1257 147 1284 ἂν
165 1258 275 1292 γένοιτο
293 1259 439 1294 Ῥωμαίοις
451 1269 480 1287 τε
493 1261 523 1288 τὸ
537 1263 673 1297 περιεῖναι
683 1263 730 1289 καὶ
744 1264 812 1298 “np-3;
826 1264 911 1291 πολλὰ

109 1303 359 1340 διαγωνιζομένοις
386 1305 450 1341 ἔθνη
474 1306 521 1333 καὶ
541 1307 609 1342 πρὸς
634 1307 698 1343 μίαν
717 1309 771 1336 τῶν
798 1309 910 1344 Περσῶν

112 1349 275 1380 πολιτείαν,
291 1349 418 1386 καθάπερ
440 1351 488 1377 καὶ
509 1351 575 1386 ἡμῖν
601 1352 630 1378 ὲν
646 1352 746 1388 βεϐαίῳ
766 1354 909 1390 γενήσεται

111 1396 145 1423 τὸ
170 1397 287 1431 κρατεῖν
311 1397 379 1433 arpi);
403 1398 498 1426 οὐδένα
522 1399 577 1426 τῶν
595 1399 682 1426 ἄλλων
705 1400 722 1435 ἦ
755 1400 824 1435 πρὸς
844 1401 910 1428 Ῥω-

113 1441 221 1476 μαίους
238 1443 335 1477 μόνους
357 1442 450 1478 έχουσι
465 1444 516 1479 τὴν
538 1444 680 1480 διαφορὰν,
703 1444 750 1471 καὶ
777 1445 817 1481 τῷ
841 1447 908 1481 πρῑς

111 1487 163 1515 ἕνα
180 1489 231 1515 καὶ
246 1488 291 1515 τὸν
304 1489 385 1515 αὑτὸν
400 1490 625 1525 παρατάττεσθαι
649 1491 777 1526 πόλεμον.
791 1502 801 1518 ι
814 1493 907 1520 Ταῦτα

109 1534 177 1561 ἐπεὶ
190 1533 285 1567 ἔλεξεν
296 1535 310 1560 ὁ
332 1535 467 1569 Ἀνδίγαν,
479 1536 620 1571 ἀκηκοότα
642 1537 781 1573 Ζαχαρίαν
797 1537 906 1573 λέγεται

111 1580 314 1614 ὑπομειδιᾶσαι
337 1581 386 1608 καὶ
406 1578 457 1608 ὦδε
477 1583 582 1609 εἰπεῖν·
602 1593 611 1609 ι
625 1581 661 1610 Εὖ
684 1592 726 1610 σοι
751 1585 864 1619 γένοιτο,
886 1585 908 1612 ὼ

117 1625 264 1658 ’Λνδίγαν,
288 1625 336 1652 καὶ
363 1625 456 1662 Πέρσῃ
483 1628 617 1663 πεφυκότι
645 1629 693 1655 καὶ
724 1631 908 1666 μαρτυροῦντι

114 1668 271 1704 Ῥωμαίοις
280 1668 329 1704 τῆς
345 1670 470 1704 ἀνδρείας
487 1671 533 1698 καὶ
550 1673 760 1708 παρατρώπαντι
777 1675 826 1710 τὴν
841 1675 908 1711 ἀλή-

112 1715 193 1742 θειαν
210 1715 348 1749 οὐδαμῶς.
364 1717 396 1742 Et
415 1718 469 1752 γὰρ
496 1718 544 1752 μὴ,
574 1719 611 1750 ὡς
631 1720 710 1755 ἔφης,
726 1722 742 1756 ἡ
767 1721 908 1757 Ῥωμαίων

112 1762 290 1798 περιεσπᾶτο
307 1761 431 1797 δύναμις,
448 1763 495 1789 καὶ
515 1763 564 1798 τὴν
582 1764 757 1801 πολυχειρίαν
781 1767 828 1794 τοῦ
849 1768 908 1794 κατ’

113 1807 204 1841 αὐτὴν
229 1807 346 1842 στρατοῦ
361 1808 432 1834 κατὰ
461 1808 546 1836 πολλὰ
571 1810 651 1844 τῆς¹¹
678 1812 845 1848 οὖκουμένης
864 1814 908 1847 ἐξ

115 1853 222 1880 hewn
245 1852 320 1887 ἔθνη,
346 1853 393 1879 καὶ
419 1853 457 1884 ὡς
483 1854 640 1890 ἐγεφύρωσε
660 1858 692 1892 τῇ
721 1857 835 1894 δυνάμει
857 1860 907 1894 τὴν

114 1899 253 1925 θάλατταν
285 1899 333 1926 καὶ
355 1898 405 1931 τὰς
428 1899 590 1936 ὴπείρουςη
607 1902 698 1935 ἔζευξε
716 1904 755 1940 τῷ
772 1897 906 1942 πανταχοῦ

115 1944 245 1978 παρεῖναι
275 1952 305 1970 τε
335 1945 382 1970 καὶ
401 1947 546 1980 περιεῖναι,
564 1948 590 1974 τί
612 1948 645 1975 ἂν
672 1949 723 1976 οἴει
743 1952 907 1979 πεπονθέναι

117 1989 228 2024 Πέρσας
253 1989 270 2024 ἢ
298 1989 345 2016 ἐπὶ
370 1990 453 2016 πόσον
473 1991 608 2027 ἀντισχεῖν
624 1993 692 2028 τῷδε
717 1995 756 2029 τῷ
780 1996 905 2033 πο).έμῳ;

116 2033 197 2070 οἶμαι
219 2036 267 2071 μὲν
280 2036 327 2063 οὗν
342 2037 429 2071 ἔγωγε
453 2038 537 2065 καύτό
551 2048 583 2073 γε
600 2039 685 2075 δήπου
699 2041 818 2076 τοῦνομα
835 2051 904 2078 συμ-

116 2082 256 2116 φθαρῆναι
273 2083 401 2118 Πέρσαις,
422 2085 469 2111 καὶ
485 2085 558 2120 μόνῳ
577 2087 685 2122 νικῆσαι
706 2087 746 2123 τῷ
770 2089 905 2123 μηδέποτε

117 2128 250 2162 φέρεσθαι
269 2130 302 2165 τῇ
321 2130 425 2166 μνήμῃ.
437 2140 447 2156 ι
465 2131 574 2158 Τούτων
600 2133 724 2169 Ζαχαρία
753 2135 905 2169 εἰρημένων

116 2175 130 2199 ὁ
152 2173 277 2208 Ἀνδίγαν
302 2177 335 2211 τῇ
370 2177 432 2212 σιγῇ
458 2177 576 2212 ἐδήλωσε
600 2178 631 2204 τὸ
661 2180 820 2215 νενικῆσθαι
830 2181 852 2197 ⁸³
867 2182 905 2218 τῷ

117 2227 199 2254 ’.ο-(ῳ.

153 2266 273 2293 Τοιαῦτα
290 2267 338 2302 μὲν
355 2266 401 2294 οὖν
422 2267 506 2304 ἄμφω
520 2268 702 2307 διελεγέσθην.
723 2272 767 2300 Ἐν
781 2274 901 2311 τοσούτῳ

115 2313 144 2340 δὲ
158 2313 172 2339 ὁ
183 2312 340 2348 Ταχοσδρὼ,
353 2313 466 2349 Περσῶν
481 2315 643 2350 στρατηγὸς,
664 2317 722 2352 ἅμα
735 2319 768 2353 τῇ
783 2319 904 2357 Περσικῇ

118 2359 234 2395 στρατιᾷ
246 2361 275 2391 ἐς
287 2359 321 2386 τὰ
341 2359 481 2396 ἱππάσιμα
497 2361 531 2387 τὰ
543 2363 608 2397 περὶ
619 2362 669 2397 τὴν
684 2364 792 2392 Νίσιϐιν
805 2366 904 2401 ἐστρα-

116 2405 274 2432 τοπεδεύετο
294 2405 365 2432 κατὰ
384 2406 431 2432 τὸν
444 2406 626 2441 Μυγδόνιον¹⁴
643 2410 774 2444 ποταμόν.
793 2411 902 2446 Μαυρί-

118 2459 176 2482 mo;
191 2451 218 2478 δὲ
235 2452 400 2486 χαρακώσας
430 2453 536 2489 ὑπῆρχε
553 2455 603 2486 τὰς
628 2455 697 2490 ἀμφ’
713 2456 795 2482 αὐτὸν
822 2456 902 2483 δυνά-

120 2505 179 2530 μεις
210 2498 238 2523 ὲν
253 2498 291 2533 τῷ
310 2498 342 2533 δὴ
357 2499 495 2535 λεγομένῳ
514 2500 698 2535 Μονόκαρτον,
713 2501 742 2528 ἐν
761 2501 902 2538 ἀγχιούρῳ

119 2543 325 2578 Κωνσταντίνης
339 2545 389 2578 τῆς
404 2545 519 2576 πόλεως.
535 2545 613 2572 Ἔστι
625 2546 680 2582 γὰρ
694 2547 779 2582 δήπου
793 2547 826 2574 τὰ
839 2549 903 2583 περὶ

117 2587 148 2613 τὸ
164 2587 338 2622 Μονύκαρτον
358 2589 465 2616 ἅπαντα
492 2589 590 2625 ἔνυδρά
614 2599 645 2618 τε
671 2592 718 2618 καὶ
734 2593 870 2620 ἱππόσοτα
883 2594 907 2610 ’⁵

120 2633 169 2661 καὶ
182 2634 292 2670 στρατῷ
307 2635 526 2670 ὲνσκηνήσασθαι
549 2636 650 2670 ἀγαθά.
665 2637 743 2664 Οὕτω
761 2640 810 2673 μὲν
834 2635 908 2666 οὗτοι

972 259 1082 287 minime
1098 259 1236 294 honestas,
1256 261 1311 289 into
1324 261 1508 289 Romanorum
1531 264 1610 291 relms
1627 273 1659 292 ex
1683 268 1758 294 omni

971 310 1046 340 parte
1058 307 1205 336 dzmmosas
1229 313 1256 336 et
1272 309 1383 336 inutiles
1407 309 1488 341 ferre,
1505 312 1658 346 suspicatus
1685 319 1755 345 erat,

971 351 1012 378 his
1027 353 1116 382 verbis
1131 354 1252 382 invectus
1264 363 1325 383 esse
1342 355 1429 383 fertur
1444 365 1451 382 τ
1468 356 1600 390 «Minium,
1617 364 1644 384 et
1660 364 1755 392 portae,

969 403 995 423 et
1025 398 1109 430 aliud,
1126 407 1142 426 ο
1168 399 1231 433 viri,
1253 401 1451 429 munimentum
1469 403 1566 435 poterit
1592 403 1701 438 quidem
1729 409 1758 431 et

970 446 1064 472 urbem
1083 451 1110 473 et
1126 447 1280 474 universam
1307 448 1503 483 rempublicam
1524 450 1591 476 tueri
1609 459 1615 475 ε
1631 449 1676 476 sed
1704 458 1757 484 qua

969 492 1124 518 conditione
1149 492 1167 519 ii
1181 499 1210 519 se
1226 493 1353 526 habeant,
1373 494 1418 528 qui
1447 494 1545 521 inclusi
1572 495 1756 527 continentur,

969 544 1020 564 non
1053 537 1131 566 facile
1151 538 1279 566 occultari
1297 544 1395 574 potest.
1421 539 1504 566 Fama
1517 540 1589 567 enim
1611 540 1637 567 in
1666 541 1757 567 omni-

968 580 1017 608 bus
1044 582 1123 609 rebus
1140 582 1303 616 dominatur,
1332 589 1359 611 et
1378 584 1418 611 vel
1439 592 1482 617 ea,
1510 592 1570 619 quae
1598 585 1755 613 abscondita

967 634 1028 653 esse
1043 627 1203 655 videbantur
1219 629 1361 656 hominum
1379 630 1502 663 auribus,
1527 630 1597 657 sicut
1611 638 1713 657 merces
1729 631 1755 657 in

968 672 1025 698 toro
1040 674 1217 707 emptoribus,
1234 675 1354 709 exponit.
1384 675 1566 708 Quamobrem
1580 680 1608 703 et
1619 684 1668 703 nos
1680 682 1755 703 (ιρι-ιο

966 719 1077 751 scimus,
1104 719 1255 747 Romanum
1285 721 1428 755 imperium
1450 729 1512 749 cum
1529 722 1620 749 multis
1649 722 1756 757 populis

966 762 1037 790 bello
1051 764 1224 794 contemlerc.
1239 770 1266 792 et
1289 773 1336 800 per
1350 766 1492 801 plerasque
1507 773 1585 795 terrae
1605 776 1666 795 oms
1680 776 1755 795 arma

966 808 1154 836 circumferre.
1173 810 1209 837 Ex
1235 819 1287 846 quo
1302 811 1342 843 ﬁt,
1356 816 1383 838 ut
1402 811 1460 846 cjus
1487 812 1571 847 copia:
1585 812 1639 840 late
1651 813 1756 847 disper-

967 864 1004 883 sa:
1024 857 1077 883 sint
1106 857 1237 885 adversus
1263 859 1474 893 unumquodque
1495 859 1551 887 fere
1573 859 1753 887 Barbarorum

968 910 1061 937 genus.
1080 903 1114 930 At
1128 911 1190 930 vero
1205 904 1319 931 Romani
1338 905 1429 933 sciunt
1455 910 1578 932 nostrum
1594 905 1749 940 imperium,

967 955 1020 976 non
1036 951 1094 976 sine
1110 949 1225 983 ratione,
1241 957 1303 977 cum
1330 950 1402 977 nullo
1416 950 1469 978 alio
1483 950 1622 978 hominum
1644 957 1753 984 genere,

966 1002 1046 1029 quam
1069 1002 1130 1022 cum
1151 995 1288 1028 ltomanls,
1319 995 1541 1030 bellmngerere.
1569 996 1663 1030 Itaque
1687 1003 1754 1031 quo-

967 1041 1039 1068 niam
1066 1048 1114 1069 vos
1138 1049 1200 1069 cum
1231 1041 1322 1069 multis
1347 1042 1474 1076 gentibus
1493 1041 1563 1069 bello
1585 1041 1752 1075 decertatis,

965 1086 1043 1114 nobis
1072 1091 1161 1114 autem
1178 1095 1239 1114 cum
1254 1086 1330 1114 vobis
1347 1087 1412 1114 solis
1431 1087 1530 1114 bellum
1551 1091 1604 1118 cst,
1622 1088 1654 1114 ad
1683 1086 1754 1113 hunc

966 1133 1073 1162 modum
1091 1133 1173 1161 etiam
1190 1133 1305 1160 inducia:
1321 1132 1451 1161 faciendae
1465 1136 1538 1160 sunt.
1556 1131 1623 1159 Nam
1637 1130 1751 1158 Romani

965 1187 995 1208 se
1022 1180 1142 1207 victuros
1175 1187 1235 1208 esse
1261 1180 1398 1207 conﬁdunt
1419 1199 1426 1211 ,
1457 1179 1539 1206 etiam
1567 1186 1628 1205 cum
1660 1177 1753 1205 multis

964 1226 1140 1258 nationibus,
1163 1229 1190 1253 et
1221 1230 1314 1254 contra
1339 1233 1421 1252 unum
1442 1225 1588 1252 Persarum
1611 1222 1751 1257 imperium

964 1272 1063 1300 bellum
1079 1277 1216 1308 gerentes,
1230 1271 1300 1299 sicut
1313 1271 1392 1298 nobis
1409 1277 1483 1298 certa
1495 1270 1686 1305 explorataque
1701 1269 1753 1295 erit

964 1318 1090 1350 victoria,
1105 1317 1323 1352 quandoquidem
1337 1325 1398 1344 cum
1414 1316 1497 1344 nullis
1511 1316 1582 1348 aliis,
1595 1323 1674 1350 quam
1690 1322 1750 1341 cum

963 1364 1029 1392 solis
1052 1364 1203 1396 Romanis,
1230 1363 1308 1390 nobis
1334 1363 1387 1389 erit
1410 1367 1573 1394 certamen;
1601 1365 1628 1387 et
1656 1366 1750 1387 contra

963 1417 1047 1437 unum
1075 1409 1255 1443 eumdemque
1271 1409 1376 1436 hostem
1402 1415 1486 1436 unum
1508 1407 1631 1440 idemque
1652 1405 1750 1432 bellum

962 1455 1139 1482 instruemus.
1160 1463 1169 1479 ι
1189 1453 1254 1487 Qum
1270 1462 1331 1481 cum
1352 1453 1476 1488 Andigan
1493 1453 1626 1480 dicentem
1645 1451 1747 1478 Zacha.

962 1500 1018 1527 rias
1048 1499 1186 1531 audiisset,
1212 1498 1313 1525 dicitur
1337 1498 1483 1525 subrisisse
1509 1503 1536 1524 et
1560 1497 1595 1523 ita
1620 1497 1748 1523 locutus:

964 1554 973 1571 ι
991 1545 1063 1572 Bene
1092 1544 1140 1572 tibi
1154 1544 1200 1577 sit,
1228 1552 1244 1571 ο
1266 1543 1401 1579 Andigan,
1433 1547 1460 1570 et
1489 1542 1591 1569 homini
1608 1543 1633 1569 in
1657 1541 1750 1568 Persia

962 1596 1036 1622 nato.
1061 1591 1106 1626 qni
1132 1590 1299 1618 fortitudinis
1321 1594 1349 1617 et
1372 1589 1480 1617 virtutis
1493 1588 1678 1617 testimonium
1696 1587 1750 1614 Ro-

961 1637 1049 1664 manis
1062 1637 1176 1672 prmhes,
1195 1643 1282 1670 neque
1297 1644 1312 1662 a
1325 1636 1440 1675 veritate
1456 1635 1578 1662 altcrras.
1593 1633 1649 1661 Nisi
1663 1634 1747 1666 enim,

962 1686 989 1708 ut
1014 1682 1091 1713 dicis,
1115 1681 1228 1709 llonmni
1255 1686 1391 1716 ingentem
1407 1681 1609 1707 multiludittem
1637 1687 1746 1707 suorum

959 1727 1128 1755 exercituum
1155 1728 1188 1754 ad
1222 1731 1275 1753 tam
1301 1727 1399 1754 multas
1428 1731 1522 1761 gentes
1542 1731 1621 1753 terra:
1652 1730 1748 1752 exten-

961 1773 1074 1806 dissent,
1087 1777 1114 1800 et
1127 1774 1223 1808 copiis,
1235 1777 1363 1807 tanquam
1379 1778 1470 1811 ponte,
1491 1780 1564 1798 mare
1579 1772 1748 1806 jnnxissent,

960 1825 987 1847 et
1012 1826 1106 1846 omnes
1125 1823 1211 1846 terras
1237 1819 1363 1853 przesenti
1390 1818 1503 1852 imperio
1531 1817 1747 1845 continuissent:

961 1866 1025 1900 quid
1052 1866 1192 1893 existimas
1217 1864 1315 1892 Persas
1333 1872 1470 1898 passuros,
1489 1868 1534 1891 aut
1554 1864 1670 1898 quandiu
1698 1863 1748 1890 hoc

959 1911 1030 1939 bello
1055 1911 1194 1939 tolerando
1219 1918 1298 1946 pares
1320 1910 1424 1937 futuros
1451 1909 1533 1936 fuisse
1558 1909 1570 1935 ?
1596 1907 1655 1935 Jam
1678 1916 1749 1935 nunc

960 1950 1046 1992 ipSum
1061 1964 1157 1984 nomen
1174 1956 1378 1983 Persicumeum
1397 1953 1485 1981 Persis
1505 1955 1674 1980 interiturum
1687 1961 1749 1979 eos-

959 2009 1013 2036 que
1028 2001 1100 2028 nulla
1128 2000 1180 2028 alia
1192 2008 1231 2033 re,
1244 2008 1324 2035 quam
1351 2005 1450 2027 teterna
1467 1998 1612 2030 oblivione,
1632 1997 1749 2024 victuros

959 2047 1054 2074 fuisse.
1069 2055 1078 2071 ‹
1104 2046 1165 2073 llaec
1189 2046 1232 2072 ubi
1255 2045 1327 2072 dicta
1348 2049 1410 2071 sunt
1424 2053 1438 2070 ιι
1452 2043 1583 2070 Zacharia
1598 2063 1606 2076 ,
1627 2042 1748 2078 Amligan

959 2093 1025 2120 satis
1040 2093 1147 2120 silentio
1161 2091 1300 2124 indicavit,
1317 2098 1346 2118 se
1360 2090 1474 2118 dicendo
1494 2098 1509 2117 a
1523 2089 1653 2117 Zacharia
1668 2096 1748 2123 supu—

960 2144 1059 2166 ratum.

998 2275 1065 2301 Dum
1077 2276 1167 2300 autem
1188 2271 1259 2298 inter
1275 2277 1304 2298 se
1319 2269 1548 2304 collaquerentur,
1562 2268 1747 2300 Tucltosdrus,

958 2319 1102 2348 Persarum
1117 2319 1183 2350 dux,
1204 2324 1265 2344 cum
1283 2315 1402 2343 exercitu
1424 2313 1532 2341 Persico
1550 2318 1637 2340 castra
1659 2313 1748 2340 hahe-

958 2366 1004 2394 bat
1018 2365 1050 2392 ad
1071 2363 1241 2399 Mygdonium
1267 2369 1384 2394 amnem,
1408 2360 1486 2395 173
1508 2361 1579 2387 circa
1594 2358 1707 2386 Nisihim
1722 2359 1747 2384 in

956 2411 1060 2445 campis
1076 2409 1195 2444 equestri
1213 2416 1308 2444 pugnae
1320 2413 1347 2435 et
1362 2407 1457 2434 alendo
1471 2405 1600 2440 equitatui
1618 2411 1745 2439 perquam

957 2455 1126 2492 opportunis.
1151 2454 1296 2482 Mauricius
1318 2461 1382 2480 vero
1404 2452 1476 2478 vallo
1505 2451 1657 2478 continebat
1684 2456 1748 2476 suos

957 2503 1056 2530 milites
1074 2501 1101 2528 in
1127 2501 1196 2532 loco,
1219 2507 1298 2535 quem
1322 2504 1419 2527 vocant
1443 2498 1638 2529 Monocartum,
1666 2501 1748 2530 prope

957 2553 1050 2582 portas
1081 2546 1155 2574 urbis
1179 2545 1372 2573 Constantium.
1393 2544 1461 2570 Sunt
1483 2542 1553 2569 enim
1571 2541 1660 2568 omnia
1689 2539 1747 2567 loca

956 2594 1030 2620 circa
1049 2592 1234 2620 Mouocartum
1247 2598 1348 2625 aquosa
1360 2595 1385 2617 et
1399 2596 1529 2624 equorum
1543 2587 1659 2622 pastioni
1673 2593 1746 2613 com-

958 2640 1047 2673 moda,
1066 2638 1238 2667 elexercitni
1260 2637 1309 2665 sub
1325 2636 1439 2672 pellibus
1467 2635 1589 2662 habendo
1608 2638 1680 2668 apta.
1703 2632 1744 2660 Ad

799 2718 916 2746 VARIIE
929 2719 1133 2747 LECTlONES.

155 2787 327 2825 ‘lhlaxapiat‘r
341 2787 385 2814 N..
410 2788 532 2825 Ζαχαρία
557 2789 629 2823 vnlg.
671 2790 690 2805 ”'
703 2790 732 2815 οὐ
750 2791 811 2817 add.
841 2790 874 2817 N.
913 2791 934 2806 ²⁰
951 2791 1039 2818 Verba
1062 2799 1068 2817 :
1090 2791 1213 2825 φήμη-
1226 2787 1339 2825 filiam
1358 2787 1390 2825 in
1407 2787 1486 2825 l‘lxec;
1503 2786 1536 2825 d_e
1549 2789 1619 2825 δθηξ·
1638 2791 1663 2818 P-

118 2821 160 2849 ed.
174 2821 253 2860 Rion.
267 2821 646 2860 patilnnnmutilataexstantf
685 2825 706 2860 ξι
724 2825 773 2858 τῆς
786 2833 840 2852 om.
868 2826 928 2860 vnlg

585 2860 606 2874 “‘
622 2859 772 2893 Μαγδάκιον
784 2861 853 2895 vnlg.
893 2859 1067 2887 "irm’ﬁltz
1084 2859 1142 2886 ['ar.

119 2857 273 2889 νενικῆσθαι
290 2857 334 2889 ιι,
354 2856 392 2892 τῴ
404 2866 456 2884 νεν.
474 2857 544 2893 vulg.

987 2816 1268 2860 ra‘ﬁﬁgebébg'émia
1288 2822 1331 2854 IL,
1354 2819 1542 2857 ᾑπειριὲζευξι
1565 2816 1645 2854 νιιίεί
1676 2816 1744 2844 ¹³τδ
