1943 3072
207 135 258 167 931

596 133 788 162 EXCEIIPTA
810 134 859 162 EX
879 132 1173 162 'l'llEt)l’llYl.ACTO
1194 132 1405 161 SIMOCATTA

247 191 323 224 Quod
353 190 477 217 Tiberius
507 198 553 224 per
591 192 713 217 nuntium
748 198 808 217 cum
850 189 1029 219 llorinisdaA

210 237 275 269 egit,
292 241 320 262 ιιι
337 236 462 268 utrinque
478 234 574 261 bcllutn
590 240 810 268 componeretur.
824 235 858 261 At
870 243 934 261 vero
949 234 994 261 ille

211 281 354 314 superbior
383 281 433 307 hac
459 280 591 315 legatione
617 280 704 307 factus
724 281 808 307 voluit
830 286 923 314 aperte
942 281 992 307 sibi

212 327 343 353 tributum
359 325 432 352 reddi
447 333 461 352 a
477 325 615 356 Romanis,
631 325 774 352 Armenios
789 331 816 353 et
829 325 919 353 lberOs
942 325 992 352 sibi

211 373 317 406 subjici,
333 371 565 398 censentientibus
585 371 611 398 in
626 372 676 398 hoc
693 371 833 403 Romanis,
848 379 914 398 neve
935 379 993 398 arn-

212 418 281 452 plius
292 418 418 451 oppidum
435 417 518 443 Daras
529 424 544 444 a
555 417 660 444 Caesare
681 422 829 444 tentaretur
841 436 850 449 ,
871 418 994 451 quamvis

214 468 290 497 pater
302 462 436 489 Cltosroes
451 463 576 496 utrinque
590 462 660 488 ittter
676 469 706 488 se
718 467 743 488 et
761 462 896 488 Caesarem
911 463 995 488 indu-

212 509 269 534 cias
283 515 344 534 esse
357 507 482 540 voluerit,
500 515 585 541 neque
603 507 687 533 Daras
704 507 754 533 sub
781 507 921 540 imperium
934 506 994 532 Ca:-

197 551 282 581 lsaris
299 554 410 580 reddere
425 553 625 580 dotrectaverit.
643 552 737 579 Postea
753 559 816 578 vero
832 560 912 587 quam
928 551 996 578 Ilur-

215 599 306 626 tnisda:
319 599 414 625 fastum
427 599 551 625 Tiberius
561 599 719 629 audivisset,
728 597 885 624 adveniente
892 603 995 628 testate,

213 644 315 670 coactis
336 651 442 670 rursum
457 643 541 678 copiis
554 642 691 669 Persidtm
719 642 869 677 ingreditur
898 640 995 667 Mauri-

214 689 283 721 cius,
313 690 369 723 ipse
381 689 495 724 trajectu
511 688 631 723 Tigride,
644 688 754 722 reliquis
768 692 797 715 ut
822 687 854 714 ad
870 687 996 714 interiora

213 734 298 767 magis
314 733 430 759 Persidis
447 737 644 766 prqmoverent,
661 732 760 759 missis.

1782 133 1834 163 93:!

1080 190 1140 215 ’Ὁτι
1158 191 1171 215 ὁ
1188 189 1313 224 Τιϐέριος
1329 188 1571 224 ἀποκτλουκεύεται
1592 190 1659 224 πρὸς
1681 189 1829 225 Ὀρμίσδαν

1044 235 1091 260 τὸν
1109 235 1225 269 πόλεμον
1250 235 1299 269 τὴν
1325 235 1437 269 εἰρήνην
1465 235 1493 261 ὲν
1516 235 1561 270 ῐσῃ
1589 236 1672 270 μοίρᾳ.
1690 237 1832 271 ἑκατέροις

1044 279 1169 312 γενέσθαι
1190 279 1392 314 ἐξαιτούμενος.
1413 280 1442 306 '0
1459 279 1492 314 ,δὲ
1519 280 1564 306 ἐπὶ
1583 282 1616 316 τῇ
1633 282 1767 317 πρεσϐεία
1789 291 1833 308 κα-

1043 325 1263 359 ταγαυρούμενος
1286 325 1362 359 ἠξίου
1381 325 1585 360 φορολογείσοαι
1610 327 1637 358 ὲς
1660 327 1690 353 τὸ
1716 328 1833 363 φανερὸν

1045 371 1107 401 τοὺς
1138 369 1293 404 Ῥωμαίους
1310 391 1317 402 ,
1340 370 1502 405 Ἀρμενίους
1530 379 1559 397 τε
1589 372 1635 398 καὶ
1667 373 1783 408 Ἴϐηρας
1805 375 1834 400 ὲν

1046 415 1177 448 ὑπηκόοις
1196 415 1294 447 τελεῖν,
1313 415 1457 449 Ῥωμαίων
1479 416 1558 442 τοῦτο
1575 418 1769 452 παρεχομένων
1784 419 1833 452 αὐτ

1045 460 1094 494 τῷ,
1115 459 1146 485 τὸ
1163 468 1193 486 τε
1213 461 1303 495 Δάρας
1328 460 1364 495 μὴ
1392 461 1580 496 ὲπιζητεῖσθαι
1592 451 1686 489 λοιπὸν
1704 463 1758 489 ὑπὸ
1784 451 1832 490 τοδ

1047 505 1184 540 Καίσαρος
1201 513 1208 520 ·
1229 505 1318 532 καίτοι
1342 506 1464 540 Χοσρόου
1498 506 1545 533 τοῦ
1577 508 1679 542 πατρὸς
1701 508 1748 534 ἐπὶ
1777 510 1833 539 τοῖς

1046 551 1114 582 ἴσοις
1143 551 1319 585 βουληθέντος
1351 552 1400 583 τὰς
1437 552 1584 586 διαλλαγὰς
1613 553 1765 580 ἀντιδοῦναι
1794 554 1832 588 τῷ

1046 596 1175 632 Καίσαρι,
1191 597 1222 623 τό
1248 606 1276 623 τε
1290 598 1380 632 Δάρας
1399 598 1449 624 οὐκ
1465 598 1670 630 ἀπαξιώσαντος
1694 599 1834 626 ἀποκατα-

1048 641 1145 676 στῆσαι
1170 643 1202 676 τῇ
1228 642 1282 668 τῶν
1302 643 1452 677 Ῥωμαίων
1471 644 1551 678 ἀρχῇ.
1575 644 1650 670 Ἐπεὶ
1679 644 1708 670 δὲ
1735 645 1768 670 τὰ.
1785 644 1834 678 τῆς

1047 685 1206 718 ἀλαζονείας
1242 687 1386 722 Ὀρμίσδου
1413 689 1555 723 καταφανῆ
1573 689 1690 724 Τιϐερίῳ
1715 689 1833 723 ἐγένετο,

1048 732 1143 768 Θέρους
1158 734 1361 768 ἐπιγενομένου,
1377 735 1458 761 πάλιν
1471 736 1622 770 Μαυρίκιος
1638 737 1688 767 τὰς
1703 736 1833 770 δυνάμεις

214 779 343 815 ἁθροίσας
361 780 470 814 ἐνδημεί
485 780 518 815 τῇ
536 779 658 814 Περσίδι,
678 781 706 809 ἐς
730 779 761 806 τὸ
788 778 936 815 ἀντιπέρας
950 778 997 805 τοῦ
1017 779 1154 816 Τίγριδος,
1172 782 1220 808 καὶ
1253 782 1350 814 ἄλλους
1381 783 1527 818 πέπομφεν
1542 784 1570 816 ὲς
1584 783 1618 809 τὰ
1635 783 1769 819 ἐνδόμυχα
1785 783 1834 818 τῆς

215 826 344 861 Περσίδος
358 826 589 860 κατατρέψοντας.

249 874 324 906 Quod
339 881 399 900 cum
416 873 534 907 graviter
547 881 670 908 aegreque
681 873 763 900 ferret
777 873 931 908 Cltagauus,
943 873 996 900 Ro-
1010 882 1034 911 Β

214 927 356 946 manorum
381 919 492 946 militem
513 919 595 946 etiam
626 919 651 946 in
678 919 798 946 tenebris
825 919 995 951 inclaruisse,

215 963 387 991 selectissitni
401 964 499 998 quique
515 964 712 990 admonuerunt
724 964 872 990 Barbarum
883 964 916 991 de
927 964 996 991 bello

214 1010 381 1044 deponendo.
414 1009 544 1036 Dixerunt
572 1009 643 1035 enim
662 1017 715 1036 non
732 1009 834 1043 justam
855 1009 912 1043 ejus
928 1010 996 1036 iram

213 1059 273 1079 esse
288 1057 381 1079 contra
408 1051 553 1079 Romanos.
582 1051 757 1080 Conﬁdeuter
773 1053 864 1088 itaque
888 1054 997 1081 Priscus

214 1097 329 1132 legatum
343 1097 414 1124 ntisit
426 1097 457 1124 ad
473 1097 641 1132 Chaganum,
655 1098 765 1126 nomine
785 1098 964 1131 Theodorum,
982 1107 996 1125 ει

215 1148 311 1170 natura
331 1143 430 1171 factum
449 1143 584 1170 hominem
598 1144 760 1179 elegantem,
777 1149 804 1171 et
819 1145 997 1179 prudentissiv

215 1196 287 1215 mum
304 1197 310 1214 :
327 1188 495 1222 professione
518 1189 663 1221 medicum,
681 1189 771 1222 lingua
784 1189 867 1216 libera
883 1195 909 1217 et
921 1190 997 1224 inge-

214 1241 277 1260 nua.
302 1233 341 1260 Eo
369 1239 457 1261 autem
481 1234 514 1261 ad
537 1234 693 1269 Cliaganunt
706 1235 835 1268 admisso,
862 1234 997 1262 Barbarus

213 1279 321 1313 quidem
335 1278 420 1306 elatus
434 1279 524 1306 animo
547 1285 656 1314 propter
678 1287 730 1312 ea,
763 1288 822 1314 quae
850 1285 997 1307 evenerant

213 1323 263 1350 sibi
276 1323 375 1356 felicia,
390 1324 470 1351 nimis
481 1332 560 1358 quam
575 1325 706 1358 superbus
723 1325 809 1352 factus
824 1331 877 1357 est,
897 1326 997 1360 quippe

213 1369 258 1402 qui
274 1377 304 1396 se
316 1377 404 1404 regem
418 1377 478 1397 esse
491 1371 594 1397 diceret
606 1371 727 1398 omnium
739 1371 869 1405 gentium,
885 1378 936 1398 nec
948 1371 998 1398 ali-

212 1422 290 1448 quem
312 1423 370 1442 csse
395 1423 556 1450 quacunque
581 1416 620 1442 sol
644 1416 735 1448 videt,
758 1416 804 1451 qui
817 1421 863 1443 aut
879 1417 997 1451 prodire,

212 1463 258 1485 aut
273 1459 323 1486 sibi
352 1467 381 1486 se
395 1465 482 1494 posset
498 1461 645 1487 obsistere.
660 1461 777 1495 Legatus
792 1468 868 1492 vero,
898 1465 927 1487 ut
952 1461 997 1495 qni

213 1504 387 1530 doctissimus
404 1509 474 1532 esset
487 1505 671 1536 historiarum,
687 1505 854 1532 barbaricam
868 1505 998 1540 exemplis

213 1549 335 1575 contudit
349 1549 488 1579 ferociam,
503 1558 534 1576 ac
551 1554 580 1576 ut
596 1550 737 1576 ltistm'iant
756 1550 927 1583 proferamus
944 1558 997 1576 non

211 1593 265 1620 erit
282 1594 487 1627 inconsequens.
514 1595 585 1621 Dixit
601 1594 682 1628 igitur
698 1602 705 1620 :
733 1595 812 1627 Audi,
833 1594 913 1629 179
924 1595 994 1622 Cha-

213 1646 292 1672 gane,
304 1639 440 1673 antiquam
455 1640 534 1667 nimis
544 1645 571 1666 et
583 1640 675 1667 utilem
685 1640 834 1667 historiam.
847 1640 924 1673 Quod
935 1647 996 1666 cutn

211 1688 344 1710 attentum
360 1683 468 1711 fet-isset
489 1685 522 1710 ad
551 1685 714 1712 audiendum
742 1685 899 1720 Chaganutn
921 1693 995 1712 exor-

211 1729 297 1761 dium,
314 1733 421 1756 nonest
449 1730 561 1764 praecisa
587 1730 689 1765 reliqua
717 1731 835 1758 historia:
863 1731 993 1758 narratio.

212 1774 351 1800 Sesostrin
379 1774 453 1800 aiunt
483 1775 566 1802 fuisse
581 1782 670 1809 regem
692 1775 796 1802 felicem
810 1783 950 1810 perquam,
968 1780 996 1803 et

211 1820 330 1846 omnium
355 1819 541 1856 Egyptiorum
575 1829 665 1856 regum
681 1821 903 1848 illustrinsimunt.
920 1821 995 1849 Hunc

211 1865 322 1899 gloriari
341 1866 451 1893 solitum
465 1867 498 1893 de
515 1866 617 1893 diviliis
633 1867 689 1894 suis
703 1867 831 1902 antiquus
839 1871 880 1894 est
893 1874 993 1899 sermo,

211 1910 331 1944 potentia
342 1917 406 1937 vero
421 1910 576 1945 viribusque
591 1909 674 1937 fuisse
689 1911 781 1942 tantis,
799 1916 829 1937 ut
848 1911 994 1946 expugnari

212 1965 266 1984 non
280 1963 369 1991 posset
383 1966 389 1984 :
403 1965 492 1992 eoque
516 1958 574 1985 ideo
587 1958 665 1984 luxus
679 1958 844 1992 pervenisse,
858 1962 888 1985 ut
914 1966 994 1985 curru

211 2002 345 2030 fabricato
368 2011 400 2031 ex
430 2010 505 2036 auro,
536 2004 714 2038 pretiosisque
731 2005 844 2039 gemmis
864 2009 995 2031 exornato

213 2050 358 2077 veheretur
372 2059 378 2077 :
391 2058 424 2077 ac
437 2050 514 2085 equis
540 2050 647 2084 quidem
664 2051 777 2084 relictis,
793 2055 820 2078 et
834 2051 924 2083 mulis,
949 2051 995 2077 de-

210 2095 343 2122 victorum
358 2096 426 2122 eolla
440 2103 533 2130 regum
547 2096 606 2130 ejus
616 2096 680 2130 jugo
691 2096 848 2130 subiiceret,
863 2102 943 2131 atque
958 2098 993 2123 ita

211 2141 237 2167 in
248 2139 336 2168 [οι-ιλιι]
349 2148 458 2168 currum
472 2142 551 2176 hujus
566 2141 688 2169 infelices
704 2149 781 2177 reges
795 2143 992 2177 protralicrent.

210 2185 260 2213 llic
272 2186 353 2219 igitur
364 2186 496 2214 Sesostris
506 2195 567 2214 cum
579 2195 630 2214 non
645 2187 730 2214 soluat
741 2195 792 2215 non
807 2188 994 2214 moderaretur

210 2231 326 2260 fortunis
341 2232 410 2264 suis,
427 2233 473 2259 sed
488 2233 602 2267 superbe
613 2241 718 2267 quoque
733 2241 922 2267 smpenumcro
946 2241 994 2260 ex-

209 2277 351 2311 probraret
366 2277 480 2304 devictis
503 2278 613 2312 regibus
630 2278 824 2310 calamitatem,
845 2286 927 2305 unum
942 2278 994 2306 ali-

209 2329 289 2356 quem
314 2322 408 2350 dicunt
439 2330 473 2349 cx
499 2323 679 2358 rcgibus,qui
707 2324 910 2358 Snbjecticrant
932 2324 996 2360 jogo

208 2374 315 2398 currus,
331 2374 393 2394 cum
411 2375 506 2401 magna
524 2368 593 2395 forte
607 2373 635 2395 et
656 2367 750 2395 feativa
765 2369 922 2396 celebritate
937 2377 996 2396 ma-

209 2419 279 2446 gnus
295 2412 435 2439 confluxus
450 2418 522 2440 esset
538 2413 637 2447 populi,
668 2412 768 2440 lentius
792 2415 994 2448 protrahentetn

207 2465 331 2491 currum,
349 2463 376 2485 et.
409 2459 505 2486 crebro
532 2460 770 2494 rctrosptcicntetn
796 2461 922 2487 intuitutn
936 2469 996 2489 esse

211 2504 404 2531 volutationem
431 2510 507 2532 rotae.
533 2504 657 2540 Cumque
678 2505 714 2532 ita
740 2506 887 2540 protr-actio
899 2513 996 2533 currus

207 2554 282 2576 esset
294 2550 399 2582 vitiata,
422 2552 485 2585 quia
504 2558 556 2577 non
571 2557 666 2578 omnes
683 2557 736 2578 uno
751 2558 882 2585 a-quoque
895 2551 995 2584 studio,

208 2595 254 2629 qui
268 2595 301 2622 ad
321 2603 377 2622 rem
394 2597 464 2623 hanc
478 2596 608 2628 ordinati,
624 2596 789 2629 laborarent,
806 2595 994 2632 Egyptiorunt

208 2647 257 2666 rex
272 2640 306 2667 ad
328 2647 388 2667 eum
406 2641 504 2676 inquit,
520 2642 565 2676 qui
583 2645 638 2668 tam
652 2649 722 2676 saepe
738 2642 895 2676 respiceret.
913 2643 994 2675 Quid,

209 2685 302 2718 homo,
319 2691 373 2712 tam
397 2694 467 2722 stupe
482 2687 659 2722 retrospicis?
684 2688 747 2722 quid
765 2693 839 2715 rotas
866 2688 997 2716 inttteris?

208 2737 340 2763 quorsum
356 2732 473 2759 transire
490 2732 572 2759 hiscis
582 2733 593 2759 τ
603 2731 680 2760 Hunc
693 2737 748 2759 tum
763 2741 823 2759 cunt
835 2733 919 2760 multa
931 2741 995 2768 gra-

209 2775 293 2802 vitate
307 2775 426 2804 Sesostri
442 2779 638 2812 respondisse:
656 2778 786 2806 Romqu
811 2780 932 2806 admiror
950 2789 996 2807 vo-

211 2817 373 2848 lubilitatem
387 2827 441 2850 tam
454 2823 545 2851 varios
556 2822 660 2852 efﬁcere
671 2829 770 2857 motus,
782 2831 882 2859 easque
894 2831 995 2860 partes,

1011 1569 1032 1596 C

1011 2243 1033 2270 D

1082 872 1143 899 Ὀτι
1159 871 1336 907 ἐχαλέπαινεν
1346 873 1360 899 ὸ
1370 872 1496 906 Χαγάνος
1509 873 1556 899 καὶ
1569 873 1598 899 ὲν
1614 873 1705 899 σκότει
1727 873 1834 900 εὐδοκι-

1049 917 1193 952 μηθείσαις
1218 917 1278 948 ταῖς
1303 916 1448 951 Ῥωμαίων
1479 917 1635 952 δυνάμεσιν,
1654 919 1678 944 οι
1702 919 1751 953 μὲν
1780 919 1835 946 τῶν

1048 963 1200 999 Βαρϐάρων
1216 963 1328 997 λογάδες
1341 963 1380 998 τῷ
1395 964 1513 999 Χαγάνῳ
1529 964 1668 999 παρῄνουν
1683 965 1835 1000 παραλύειν

1045 1011 1090 1035 τὴν
1105 1009 1231 1044 πόλεμον·
1247 1009 1367 1043 ἔφασκον
1389 1010 1444 1044 γὰρ
1465 1009 1502 1044 μὴ
1517 1010 1629 1041 ἐνδίκως
1643 1011 1725 1036 αὑτὸν
1751 1011 1834 1044 χαλε-

1046 1054 1152 1080 παίνειν
1173 1053 1336 1088 Ῥωμαίους.
1350 1054 1568 1088 Μεγαλοφρόνως
1578 1054 1668 1080 τοίνυν
1681 1056 1694 1081 ὸ
1709 1054 1830 1089 Πρίσκος

1046 1097 1159 1132 πρέσϐιν
1169 1097 1208 1129 ὼς
1223 1097 1270 1124 τὸν
1286 1097 1410 1130 Χαγάνον
1437 1097 1572 1132 ἐξέπεμψε
1588 1098 1734 1134 (Θεόδωρος
1749 1099 1834 1133 ὄνομα

1046 1142 1142 1177 αὐτῷ),
1159 1142 1208 1177 τὴν
1229 1143 1309 1176 φύσιν
1331 1143 1423 1178 ἄνδρα,
1437 1143 1522 1175 δεξιόν
1537 1152 1565 1170 τε
1587 1144 1635 1170 καὶ
1657 1143 1833 1179 εὐεπήϐολον,

1047 1190 1097 1222 τὴν
1114 1187 1211 1222 τέχνην
1227 1187 1328 1221 ἰατρὸν,
1355 1188 1405 1222 τὴν
1425 1188 1546 1222 γλῶτταν
1569 1189 1719 1221 ἐλεύθερον.
1749 1186 1834 1220 Οὗτος

1045 1232 1073 1258 ὂὶ
1086 1232 1215 1266 κραταιὸς
1241 1233 1308 1266 πρὸς
1330 1232 1377 1259 τὸν
1397 1233 1522 1266 Χαγάνον
1537 1233 1654 1267 ἐγένετο.
1678 1233 1707 1260 Ὀ
1724 1234 1773 1268 μὲν
1786 1233 1834 1260 οὖν

1047 1277 1190 1312 Βάρϐαρος
1207 1278 1439 1312 φρονηματισθεὶς
1459 1277 1504 1304 ἐπὶ
1531 1279 1585 1310 τοῖς
1602 1279 1676 1312 αὐτῷ
1694 1279 1836 1314 συγκυρή-

1047 1331 1120 1354 σασι,
1137 1322 1196 1348 λίαν
1219 1323 1419 1358 ὑψαυχενίζετο,
1436 1324 1483 1349 καὶ
1498 1323 1591 1358 κύριον
1621 1325 1717 1351 ἑαυτὸν
1736 1324 1835 1357 ἔθνους

1047 1368 1165 1402 ἔφασκεν
1186 1367 1315 1399 ἅπαντος.
1333 1368 1379 1403 Μὴ
1400 1369 1541 1403 προσιέναι
1568 1377 1597 1394 τε
1620 1369 1736 1405 ὅσονπερ
1757 1369 1836 1404 ἥλιος

1047 1414 1178 1440 ἀνατείνει
1192 1413 1223 1440 τὸ
1239 1413 1358 1448 βλέμμα,
1379 1413 1424 1440 τὸν
1437 1414 1630 1447 ἀντιτάξασθαι
1642 1414 1833 1450 δυνησόμενον.

1050 1459 1083 1485 '0
1099 1459 1127 1485 δὲ
1140 1459 1264 1493 πρέσϐις,
1283 1458 1404 1493 ἱστορίας
1428 1459 1530 1494 πολλῆς
1544 1461 1688 1494 γενόμενος
1705 1460 1833 1495 κάτοχος,

1049 1504 1204 1538 βαρϐαρικὰ
1235 1504 1456 1540 παραδείγμασιν
1479 1505 1622 1531 ἔταπείνου
1645 1506 1828 1540 φρυάγματα.

1048 1549 1142 1575 Εξπεῖν
1157 1549 1185 1575 δὲ
1203 1549 1275 1576 κατὰ
1298 1550 1346 1585 τῆς
1374 1550 1493 1584 ἱστορίας
1510 1551 1560 1576 οὐκ
1584 1550 1764 1577 ἀνακόλουθον
1780 1551 1836 1577 ὑπ·-

1049 1595 1125 1629 έστη.
1143 1595 1246 1629 Ἕφησε
1262 1595 1325 1630 γάρ·
1345 1604 1354 1620 ι
1376 1596 1485 1626 Ἄκουε,
1497 1595 1616 1627 Χαγάνε,
1635 1595 1749 1622 παλαιοῦ
1761 1604 1836 1628 τινος

1050 1641 1097 1666 καὶ
1123 1640 1185 1666 λίαν
1211 1640 1293 1674 σοφοῦ
1314 1641 1492 1675 διηγήματος.
1516 1650 1525 1666 ι
1539 1641 1615 1667 Ἐπεὶ
1643 1641 1671 1667 δὲ
1687 1642 1704 1676 η
1727 1641 1835 1676 ἐναρξις

1049 1685 1172 1720 προσεχῆ
1195 1685 1263 1720 πρὸς
1279 1685 1411 1720 ἀκρόασιν
1434 1686 1522 1712 ἐποίει
1539 1687 1586 1713 τὸν
1615 1686 1767 1722 Βάρϐαρον.
1783 1687 1834 1713 οὐκ

1049 1730 1199 1764 ἐλάμϐανεν
1214 1731 1333 1765 ἐγκοπὴν
1351 1732 1367 1764 ή
1380 1731 1429 1765 τῆς
1445 1731 1565 1765 ίστορίας
1575 1731 1722 1766 ἀφήγησις.
1742 1732 1833 1758 Σέσω-

1050 1775 1126 1810 στρίν
1145 1784 1210 1810 φασι
1227 1776 1393 1810 γεγενῆσθαί
1411 1785 1478 1803 ποτε
1503 1777 1586 1811 ἄνδρα
1600 1776 1658 1803 λίαν
1675 1777 1835 1812 εὐδαίμονα,

1049 1822 1096 1847 καὶ
1127 1820 1178 1855 τῆς
1210 1821 1397 1856 Αἰγυπτιακῆς
1436 1822 1573 1857 βασιλείας
1611 1822 1834 1857 ἐπιφανέστατον.

1049 1867 1150 1893 Τοῦτον
1165 1868 1252 1902 κομᾷν
1267 1867 1313 1894 ἐπὶ
1326 1867 1364 1901 τῷ
1379 1867 1486 1902 πλούτῳ
1505 1867 1583 1902 λόγος
1594 1867 1751 1903 πρεσϐύτης
1765 1869 1833 1903 ἔρει-

1049 1913 1109 1944 ταῖς
1121 1912 1150 1939 δὲ
1165 1913 1295 1947 δυνάμεσι
1313 1913 1460 1947 πεφυκέναι
1479 1913 1539 1940 λίαν
1551 1914 1772 1949 ἁκαταμάχητον·
1789 1914 1836 1940 τὸν

1047 1958 1076 1984 δὲ
1094 1958 1139 1984 ἐπὶ
1151 1957 1278 1984 τοσοῦτον
1303 1958 1469 1993 κραιπαλᾷν,
1494 1958 1564 1984 ὥστε
1585 1959 1752 1993 ἁρμάμαξαν
1766 1967 1836 1994 συμ-

1048 2003 1185 2038 πήξασθαι
1211 2003 1425 2038 χρυσοκόλλητον
1437 2023 1445 2034 ,
1461 2003 1552 2034 λίθους
1572 2011 1601 2029 τε
1627 2004 1734 2039 τιμίους
1747 2005 1834 2039 ταύτῃ

1048 2048 1215 2084 περιϐαλεῖν,
1233 2048 1371 2082 ἐφιζάνειν
1387 2057 1415 2074 τε
1433 2049 1479 2075 ἐπὶ
1504 2049 1605 2084 ταύτης
1620 2049 1666 2075 τὸν
1681 2049 1833 2085 Βάρϐαριψ

1049 2095 1165 2126 καὶτοῖς
1191 2095 1241 2129 μὲν
1267 2095 1360 2125 ἵπποις
1379 2095 1424 2120 καὶ
1449 2095 1508 2125 ταῖς
1528 2095 1651 2129 ἡμιόνοις
1673 2095 1780 2129 χαίρειν
1795 2097 1836 2121 εὶ-

1049 2140 1121 2170 πεῖν,
1136 2139 1200 2170 τοὺς
1221 2139 1250 2165 δὲ
1265 2139 1318 2165 τῶν
1332 2139 1492 2174 ἡττημένων
1510 2139 1642 2174 βασιλέων
1668 2139 1708 2174 τῷ
1732 2139 1836 2174 ταύτης

1049 2185 1123 2219 ζυγῷ
1149 2186 1212 2216 τοὺς
1240 2185 1358 2219 αὐχένας
1381 2185 1548 2219 περιὸαλετν,
1569 2185 1660 2211 ἕλκειν
1671 2194 1701 2211 τε
1717 2186 1763 2212 ἐπὶ
1786 2186 1835 2220 τῆς

1047 2231 1149 2264 ἀγορᾶς
1171 2231 1233 2261 τοὺς
1249 2231 1421 2265 ἠτυχηκότας
1445 2230 1500 2256 τῶν
1523 2231 1654 2265 βασιλέων
1680 2231 1710 2257 τὺ
1737 2230 1833 2257 τούτου

1047 2276 1149 2310 ὄχημα.
1174 2275 1227 2302 Τοῦ
1245 2275 1336 2302 τοίνυν
1353 2275 1511 2310 Σεσώστρω
1528 2277 1566 2311 μὴ
1586 2275 1834 2311 μετριοπαθοῦντος

1048 2321 1094 2346 ἐπὶ
1107 2322 1167 2352 ταῖς
1182 2321 1355 2356 εὐπραγίαις,
1367 2321 1433 2347 ἀλλὰ
1449 2321 1606 2356 περιφανῶς
1620 2321 1749 2353 πολλάκις
1765 2330 1835 2348 κατ-

1049 2365 1223 2398 ονειδίζοντος
1248 2367 1304 2397 τοῖς
1343 2366 1506 2400 ἡττημένοις
1529 2366 1580 2401 τὴν
1607 2366 1760 2402 συμςρορὰν,
1786 2367 1835 2393 ἕνα

1048 2413 1109 2438 τινὰ
1133 2412 1188 2438 τῶν
1212 2412 1342 2446 βασιλέων
1361 2412 1428 2446 φασὶ
1453 2412 1508 2438 τῶν
1537 2412 1766 2447 ὑποϐεϐλημένων
1796 2412 1835 2444 τῷ

1049 2459 1123 2494 ζυγῷ
1134 2458 1181 2486 τοῦ
1195 2459 1343 2495 ὀχήματος,
1366 2461 1394 2486 εν
1417 2459 1521 2495 μεγάλῃ
1543 2460 1597 2486 τινὶ
1620 2461 1667 2486 καὶ
1691 2461 1836 2495 περιφανεῖ

1049 2505 1128 2540 ἑορτῇ
1156 2505 1211 2532 τῶν
1237 2506 1395 2539 Αἰγυπτίων
1424 2506 1633 2541 συῤῥευσὰντων
1659 2505 1767 2540 ὄχλων,
1797 2506 1835 2541 μὴ

1048 2550 1150 2577 ἐθέλειν
1174 2551 1264 2578 ἕλκειν
1288 2552 1318 2578 τὸ
1340 2552 1442 2586 ὄχημα,
1470 2551 1561 2578 πυκνά
1586 2560 1616 2577 τε
1640 2552 1682 2582 εἰς
1716 2551 1836 2578 τούπίσω

1051 2597 1237 2632 στρέφεσθαι,
1267 2598 1314 2624 καὶ
1329 2597 1378 2633 τὴν
1401 2599 1446 2623 ἐπὶ
1465 2598 1519 2624 τῶν
1534 2598 1638 2633 τροχῶν
1664 2597 1771 2632 κίνησιν
1794 2597 1834 2624 δι-

1047 2643 1172 2677 ορᾶσοαι.
1196 2643 1375 2678 Ἀσυμφώνου
1395 2643 1484 2670 τοίνυν
1507 2643 1555 2677 τῆς
1575 2643 1657 2678 ὁλκῆς
1678 2643 1832 2678 γινομένης,

1047 2689 1091 2715 διὰ
1102 2689 1132 2716 τὸ
1146 2690 1184 2724 μὴ
1203 2690 1267 2725 μίαν
1285 2690 1393 2716 σύνεσιν
1409 2690 1472 2721 τοὺς
1487 2690 1533 2716 ἐπὶ
1547 2690 1634 2725 τούτῳ
1650 2691 1833 2724 συντεταγμέ-

1048 2744 1110 2767 νους
1131 2736 1308 2772 ποιήσασθαι,
1320 2737 1334 2763 6
1349 2737 1403 2763 τῶν
1426 2736 1585 2771 Αἰγυπτίων
1605 2736 1730 2771 βασιλεὺς
1749 2736 1834 2771 ἔφησε

1049 2781 1116 2815 πρὸς
1129 2782 1175 2808 τὸν
1203 2781 1266 2813 τοὺς
1290 2783 1394 2814 πυκνὰς
1413 2781 1576 2817 ποιούμενον
1588 2782 1753 2817 συστροφάς·
1768 2782 1834 2807 Ἀν-

1050 2827 1154 2862 ορωπε,
1171 2827 1198 2854 τί
1215 2828 1283 2862 πρὸς
1295 2827 1417 2855 τούπίσω
1440 2828 1471 2855 τὺ
1491 2827 1600 2863 βλέμμα
1616 2828 1715 2861 κινείς;
1731 2827 1757 2854 τί
1771 2827 1834 2858 τοὺς
