1943 3072
102 208 220 246 τροχοὺς
246 207 383 242 ίστορεῐς;
412 207 457 232 ποῖ
482 205 609 238 διεξεῖναι
640 206 780 241 κέχηναςς

105 257 194 290 φῆσαι
218 252 291 288 μετὰ
316 251 473 286 φιλοσοφίας
500 251 600 286 πολλῆς
630 252 697 286 πρὸς
724 251 894 285 Σέσωστριν·

104 301 272 335 τεθαύμακα
285 299 339 325 τῶν
351 298 455 332 τροχῶν
469 296 502 323 τὰ
513 297 652 332 κινήματα
663 297 807 332 ἀνώμαλον
823 296 897 331 ἔχειν

105 347 157 381 τὴν
177 346 298 379 κίνησιν.
310 343 351 370 Τὰ
364 343 453 369 τοίνυν
471 343 573 369 τούτων
592 343 661 377 μέρη
676 342 897 377 μετεωρούμενα,

104 391 185 421 αὖθις
198 389 366 423 καταχθόνια
383 388 497 422 γίνεται·
517 388 565 414 καὶ
587 387 706 422 ἔμπαλιν
725 387 760 413 τὰ
783 387 898 422 περιπέ-

105 439 163 469 ζια,
192 436 264 471 μετὰ
284 435 364 462 τοῦτο
392 435 599 470 ἀπαιωρίζεται.
625 434 735 462 Τούτων
753 435 898 469 τοιγαροῦν

104 481 251 515 ἀκηκοότα
260 481 307 506 τὸν
322 480 488 513 Σέσωστριν,
501 479 680 515 παιδευθῆναι
696 480 734 515 μὴ
748 481 820 515 μέγα
834 489 899 515 (ppo-

105 529 173 558 νεῖν,
202 525 386 561 νομοθετῆσαι
410 534 441 552 τε
465 526 529 557 τοὺς
560 526 716 560 βασιλικοὺς
731 527 846 561 αὐχένας
860 526 900 561 τῷ

105 573 185 607 ζυγῷ
197 572 343 608 ἀφεθῆναι·
359 570 419 599 εἶτα
435 572 559 607 ἡμιόνοις
572 572 622 606 τὴν
639 572 721 606 ὁλκὴν
741 572 898 607 ἐπιτρέψαι.

106 618 203 645 Ταῦτά
233 627 265 644 σε
292 619 452 650 παιδευέτω,
472 619 591 652 Χαγάνε,
621 618 695 644 οὐδὲν
724 618 900 654 ἀπιστότερον

106 664 277 700 εὐπραγίας·
297 665 312 690 ὁ
335 664 384 699 μὲν
407 662 454 690 οὖν
479 664 617 697 Χαγάνος,
633 663 834 698 ἀιποθαυμὰσας
851 664 901 699 τὴν

106 709 265 736 ἐπιείκειαν
276 709 324 736 τοῦ
337 709 443 744 ἀνδρὸς,
456 708 567 741 κολάζει
579 709 626 736 τὸν
638 708 733 742 τύφον,
746 709 901 736 καταπαύει

106 754 139 781 τὸ
155 754 271 789 Θράσος,
299 755 463 789 μεταϐάλλει
488 755 556 790 πρὸς
582 755 724 791 είρηναίαν
747 755 839 790 σχέσιν
868 757 902 782 τὰ

107 800 278 835 πράγματα.
294 800 444 836 Τοιγαροῦν
466 799 541 834 ὥρας
564 800 762 835 ἀποσιωπήσας
789 799 899 832 πολλὰς,

107 845 198 881 ἔφησε
223 847 293 881 πρὸς
312 846 468 881 Θεόδωρον⁹
486 844 551 873 Οἶδα
575 846 622 872 καὶ
647 847 789 882 τυραννεῖν
816 846 900 881 θυμὸν

107 891 304 923 ὲξοιδαίνοντα,
328 889 386 919 οῖδα
416 892 462 918 καὶ
491 891 650 926 στρατεύειν
675 892 770 926 ὀργήν·
786 891 899 917 ἁλλ’ὂτε

108 936 208 969 καιρὸς
226 935 420 970 χαλεπότητος,
446 935 605 970 διαλέλυμαι
630 935 669 970 τῷ
696 935 817 971 Πρίσκῳ,
837 935 901 962 Θεό-

107 982 192 1017 δωρε.
210 982 304 1008 Ἔστω
325 981 354 1007 δέ
370 981 477 1016 μοικαὶ
493 981 574 1012 αὐτὸς
588 981 664 1015 φίλος
687 981 824 1014 ἐπιεικὴς,
837 981 902 1014 ἀγέ-

111 1035 215 1061 ραστος
242 1028 292 1062 τῆς
317 1026 393 1058 λείας
420 1026 458 1061 μὴ
484 1027 588 1061 μενέτω
611 1027 747 1060 Χαγάνος.
767 1027 831 1053 Ἐπὶ
850 1027 900 1061 τῆς

111 1073 182 1107 ἐμῆς
204 1074 258 1109 γῆς
285 1073 444 1108 ἐπιϐέϐηκε.
474 1073 542 1108 Περὶ
565 1073 626 1105 τοὺς
654 1073 738 1108 ἐμοὺς
764 1073 901 1108 ὑπηκόους

111 1118 282 1154 ἐξήμαρτεν.
300 1119 392 1145 Ἔστω
411 1118 446 1144 τὰ
474 1118 524 1152 τῆς
552 1118 706 1153 εὐπραγίας
731 1118 818 1144 κοινά.
841 1118 901 1144 Ἐπὶ

110 1164 222 1195 τούτοις
243 1164 522 1199 φιλοφρονησάμενος,
543 1164 611 1199 πρὸς
628 1164 749 1199 Πρίσκον
764 1165 811 1191 τὸν
837 1164 902 1190 θεό-

112 1208 201 1243 δωρον
219 1209 354 1244 ἔπεμπεν.
380 1209 409 1234 '0
436 1208 572 1243 Θεόδωρος
597 1208 708 1243 Πρίσκῳ
722 1209 785 1239 τοὺς
803 1208 901 1242 λόγους

111 1255 161 1281 τοῦ
176 1254 320 1290 Βαρϐἀρου
347 1255 480 1290 διεξῆλθει
498 1254 546 1281 καὶ
561 1255 574 1281 ό
592 1255 709 1289 Πρίσκος
720 1256 753 1290 τῇ
772 1255 902 1290 ὑστεραία

113 1299 264 1334 ἐκκλησίαν
287 1300 408 1332 ἐκάθισε,
431 1299 549 1335 παρῄνει
583 1308 614 1326 τε
634 1299 790 1334 Ῥωμαίοις,
808 1309 902 1326 κοινω-

113 1343 159 1370 νδν
177 1345 234 1372 τῶν
249 1345 382 1381 λαφύρων
404 1345 567 1380 ποιήσασθαι
581 1345 629 1371 καὶ
639 1345 686 1370 τὸν
698 1345 848 1380 Βάρϐαρον.
869 1346 900 1372 Ol

112 1388 143 1415 δὲ
164 1389 297 1425 Ῥωμαῖοι
324 1390 393 1421 τέως
424 1390 492 1424 πρὸς
518 1390 548 1416 τὺ
567 1389 700 1416 συνοίσειν
728 1390 765 1424 μὴ
786 1390 903 1425 ἐνδημή-

117 1441 227 1467 σαντες,
245 1435 457 1467 κατεστασίαζον
470 1434 517 1461 τοῦ
531 1434 694 1470 στρατηγοῦ.
720 1435 748 1461 '0
762 1435 791 1461 δὲ
804 1443 902 1469 στρατ-

111 1479 193 1514 ηγὸς,
215 1481 321 1512 πολλοῖς
348 1481 394 1507 καὶ
426 1481 575 1512 ποικίλοις,
606 1481 652 1507 καὶ
697 1480 757 1507 λίαν
783 1481 901 1507 ἐντελέσι

113 1523 206 1558 λόγοις
219 1526 403 1561 χρησάμενος,
417 1526 464 1558 τὰς
477 1526 605 1560 δυνάμεις
623 1525 754 1552 ύπέπεισε
769 1526 860 1552 δοῦναί
876 1535 901 1552 τι

115 1566 254 1604 Βαρϐἀρῳ
271 1569 321 1604 τῆς
332 1569 417 1600 λείας.
434 1569 575 1596 Ἀπέδοντο
590 1570 680 1596 τοίνυν
697 1570 825 1604 Ῥωμαῖοι
839 1570 903 1602 τοὺς

114 1612 275 1645 ἑαλωκότας
292 1614 332 1649 τῷ
363 1614 483 1649 Χαγάνῳ
497 1614 667 1649 Βαρϐάρους.
683 1614 743 1640 Τῶν
759 1614 786 1641 δὲ
801 1615 903 1641 λοιπῶν

114 1657 246 1693 λαφύρων
263 1660 398 1695 ἀμέτοχον
421 1660 503 1686 αὑτὸν
523 1660 705 1694 ποιησάμενοι
721 1659 860 1686 διαλύουσι
873 1660 904 1686 τὸ

114 1703 280 1738 ἀμφίϐολον.
311 1706 473 1740 Ἀσμενίσας
501 1706 592 1732 τοίνυν
609 1706 624 1732 ὁ
638 1705 763 1739 Χαγάνος
777 1706 827 1741 τὴν
850 1706 903 1733 τῶν

487 150 535 180 DE
555 147 836 181 LEGATIONIBUS
856 147 1099 181 ROMANORUM
1118 150 1168 179 AD
1187 148 1343 180 GENTES.

1676 151 1730 183 934

803 206 848 232 τὸν
869 206 897 232 δὲ
911 209 934 236 Α
949 214 1008 241 quae
1020 207 1046 233 in
1063 207 1145 234 altum
1162 211 1225 233 sunt
1236 207 1323 239 elatte,
1350 207 1446 235 deferri
1465 215 1560 235 rursus
1574 209 1600 234 in
1615 212 1733 240 terram;

948 258 977 281 et
1000 254 1119 281 vicissim
1145 261 1201 286 eas,
1219 261 1278 288 qua:
1302 257 1401 280 terram
1416 255 1523 286 radunt,
1542 259 1631 289 postea
1644 254 1732 282 evehi.

949 299 1013 332 Quae
1039 305 1101 326 cum
1127 299 1273 326 audivisset
1299 298 1440 331 Sesostris,
1467 300 1669 334 didicissetque,
1700 309 1734 326 ne

950 344 1031 370 nimis
1047 344 1132 370 altum
1145 349 1263 378 saperet,
1280 344 1395 379 jussisse
1409 345 1552 380 resumptis
1562 353 1656 372 eorum
1673 346 1734 372 loco

949 389 1028 416 mulis
1043 397 1057 416 a
1072 389 1137 424 jugo
1151 390 1219 417 colla
1245 398 1339 425 regum
1366 391 1444 417 solvi.
1469 391 1532 418 Ηωο
1560 396 1586 418 ιο
1610 392 1733 424 doceant,

948 434 1085 470 Chagane,
1113 434 1244 463 felicitate
1260 436 1325 462 nihil
1342 443 1402 464 eSSe
1425 437 1589 464 instabilius.
1613 437 1736 471 Quapro-

949 485 1009 513 pter
1026 480 1176 507 admiratus
1200 481 1372 515 prudentiam
1390 481 1505 508 hominis
1528 481 1670 515 Cltaganus
1692 482 1734 508 fas

949 529 1020 552 stum
1040 525 1205 560 comprimit,
1218 527 1288 553 sistit
1311 526 1511 558 conﬁdentiam,
1541 534 1637 561 resque
1661 534 1736 554 com-

950 571 1028 604 ponit
1041 571 1073 598 ad
1087 576 1188 598 statum
1202 572 1288 605 pacis,
1304 579 1335 599 ac
1351 573 1388 599 ita
1401 580 1461 599 cttm
1477 581 1524 607 per
1538 573 1618 600 horas
1632 573 1736 608 aliquot

950 616 1079 649 siluisset,
1102 617 1136 643 ad
1156 615 1338 648 Theodorum,
1354 617 1432 649 Novi,
1448 618 1545 652 inquit,
1569 618 1659 646 animo
1673 625 1734 646 meo

950 661 1096 693 moderari,
1110 661 1218 697 quando
1241 663 1381 694 exuberat,
1409 663 1468 689 novi
1489 662 1570 689 etiarn
1586 663 1652 690 iram
1677 664 1736 689 vin-

951 714 1023 739 cere,
1039 707 1086 734 scd
1101 707 1192 734 habita
1208 707 1313 735 ratione
1328 708 1467 743 temporis.
1481 707 1611 735 Abstineo
1621 710 1737 742 amplius

952 760 967 779 a
982 752 1089 786 Prisco,
1101 753 1253 785 Theodore,
1265 754 1300 781 sit
1313 758 1340 781 et
1355 754 1399 781 ille
1415 755 1480 781 mihi
1495 762 1587 788 πέψιος
1599 755 1737 789 bonusque

952 800 1066 831 amicum
1082 807 1114 826 ex
1132 805 1207 834 parte
1225 800 1321 834 pra-dte
1346 807 1380 826 ne
1408 800 1567 828 excludatur
1581 800 1736 834 Chaganus,

953 844 980 870 in
1003 851 1088 870 meatu
1106 848 1204 870 terratn
1218 843 1368 875 descendit,
1385 844 1411 870 in
1438 851 1512 871 meos
1536 845 1659 871 subditos
1682 845 1737 872 vim

953 890 1085 917 exercuit.
1096 888 1246 916 Commune
1269 893 1339 920 esto.
1353 889 1374 917 si
1391 889 1456 924 quid
1473 890 1536 917 inde
1551 894 1593 917 est
1612 890 1737 917 furtuna-

953 943 1023 962 rum.
1038 934 1094 962 llac
1119 935 1160 962 sic
1178 935 1348 962 humanitate
1372 941 1531 970 prosecutus
1554 935 1736 968 Theodorum,

953 982 986 1008 ad
1001 981 1125 1008 Priscum
1139 981 1254 1014 remisit,
1269 989 1330 1008 cum
1352 989 1417 1008 vero
1447 981 1538 1008 Prisco
1554 981 1690 1009 retulisset
1705 989 1736 1008 ea

954 1027 1122 1058 Theodorus,
1135 1035 1195 1061 qua:
1210 1027 1264 1054 sibi
1282 1027 1419 1055 Barbarus
1440 1027 1544 1055 locutus
1559 1032 1626 1060 erat,
1638 1028 1738 1054 exhor-

954 1076 1026 1100 tatus
1047 1078 1090 1100 est
1107 1072 1245 1100 Romanos
1270 1073 1389 1105 Priscus,
1419 1079 1449 1101 ut
1471 1074 1497 1100 in
1513 1078 1617 1107 partem
1632 1081 1738 1108 quoque

953 1118 1105 1151 spoliorum
1120 1117 1296 1144 admitterent
1311 1117 1471 1145 Barbarum.
1487 1117 1599 1145 Romani
1612 1118 1674 1145 licet
1690 1119 1739 1144 abv

953 1166 1083 1197 negarent
1109 1162 1208 1196 primo,
1237 1163 1354 1197 ducique
1375 1163 1456 1198 180
1483 1161 1661 1196 rehcllarent,
1684 1163 1735 1189 dux

955 1212 1046 1235 tamen
1072 1208 1176 1241 multis,
1192 1213 1219 1234 et
1240 1209 1324 1235 variis
1337 1216 1422 1243 usque
1434 1209 1501 1235 adeo
1511 1208 1738 1242 prudentibusque

954 1253 1044 1280 verbis
1057 1253 1166 1285 atl'atus,
1177 1253 1324 1280 exercitum
1336 1253 1479 1287 persuasit,
1498 1257 1526 1279 ut
1539 1253 1656 1286 praedam
1669 1260 1738 1286 quo-

955 1306 1007 1332 que
1036 1299 1188 1332 diriperent
1202 1298 1272 1325 inter
1302 1297 1464 1326 Barbarum.
1496 1297 1619 1325 Redditis
1648 1299 1740 1332 itaque

955 1343 1069 1370 Romani
1081 1342 1221 1377 Chagano,
1236 1349 1308 1377 quos
1325 1347 1457 1377 ceperant
1472 1342 1609 1374 Burbaris,
1637 1343 1739 1377 reliqua

955 1388 1046 1423 prmda
1060 1388 1112 1415 sibi
1130 1393 1246 1420 retenta,
1276 1388 1441 1415 discordiam
1458 1396 1566 1416 omnetn
1580 1387 1740 1422 c'ompoute-

956 1438 1028 1461 runt.
1044 1433 1190 1468 Chaganus
1204 1440 1312 1468 quoque
1325 1441 1386 1460 cum
1399 1434 1495 1461 lubens
1509 1434 1655 1468 recepisset
1669 1433 1738 1460 Bar-

955 1479 1046 1512 baros,
1062 1486 1110 1512 per
1125 1479 1261 1513 regionem
1285 1486 1362 1505 suam
1377 1479 1511 1506 concessit
1523 1479 1679 1506 transitum.
1707 1477 1740 1504 Et

955 1525 992 1551 ita
1006 1524 1116 1559 quidem
1132 1524 1258 1556 Romani,
1281 1524 1403 1559 quinque
1426 1525 1546 1551 millibus
1559 1524 1740 1551 Barbarorum

955 1570 1083 1605 Chagauo
1103 1571 1183 1602 datis,
1209 1570 1346 1604 Drizipera
1371 1570 1482 1597 veniunt
1500 1579 1506 1597 :
1523 1570 1575 1596 dux
1592 1569 1740 1601 exercitus,

955 1615 1125 1651 Byzantium.
1153 1615 1300 1643 Mauricius
1331 1620 1421 1643 autern
1455 1623 1529 1648 eutn,
1564 1615 1676 1650 ejusque
1702 1615 1742 1641 le-

957 1661 1068 1688 nitatem
1080 1661 1126 1696 qui
1140 1666 1193 1688 tam
1213 1661 1294 1689 stulte
1310 1660 1430 1688 Barbaro
1449 1662 1483 1689 de
1504 1661 1597 1696 spoliis
1617 1662 1741 1693 cesserit,

956 1707 1142 1740 reprehendit,
1158 1710 1185 1733 et
1199 1706 1233 1733 ab
1252 1705 1341 1733 oﬂicio
1360 1712 1480 1733 remotus
1494 1711 1536 1733 est
1552 1706 1669 1733 Priscus.

112 1747 266 1784 Βαρϐάρων
279 1750 413 1782 ἀπόδοσιν,
431 1751 524 1785 χώραν
540 1751 624 1777 ἐδίδου
647 1752 707 1782 ταῖς
722 1750 889 1778 διαϐάσεσιν,
911 1750 989 1778 Οὖτω
1010 1751 1060 1786 μὲν
1091 1751 1136 1778 οὖν
1152 1751 1176 1777 οἱ
1199 1751 1330 1785 Ῥωμαῖοι
1363 1755 1382 1777 ε’
1396 1751 1516 1786 χιλιάδας
1530 1751 1679 1786 Βαρϐάρων
1693 1750 1736 1786 τῷ

112 1793 236 1830 Χαγά-νῳ
264 1797 366 1831 προῖκα
393 1796 620 1830 καταϐαλόμενοι,
643 1797 690 1822 ἐπὶ
710 1796 745 1822 τὰ
783 1796 920 1832 Δριςίπρα
939 1797 1069 1831 γίνονται·
1089 1799 1104 1824 ό
1133 1798 1162 1824 δὲ
1183 1797 1334 1833 στρατηγὸς
1351 1798 1379 1828 ἐς
1400 1796 1557 1829 Βυζάντιον,
1580 1798 1594 1823 ὁ
1613 1797 1640 1824 δὲ
1661 1798 1740 1824 Man-

116 1839 205 1872 ρίκιος
220 1840 306 1875 τούτῳ
320 1841 468 1875 ἐμέμφετο,
487 1841 629 1874 σφάλμασι
640 1849 669 1867 τε
685 1840 811 1875 εὐηθείας
824 1841 905 1868 αὑτὸν
924 1841 1097 1877 περιέϐαλεν,
1124 1842 1261 1873 ἀσυνέτως
1274 1841 1464 1869 ἀποδεδωκότα
1492 1842 1531 1878 τῷ
1542 1842 1675 1877 Βαρϐἀρῳ
1691 1843 1743 1878 τὴν

115 1884 205 1918 λείαν,
219 1886 266 1912 καὶ
280 1886 530 1920 ἁποχειροτονεῑται
547 1887 561 1912 ό
576 1886 706 1921 Πρίσκος.

152 1934 217 1960 ’Ὀτι
236 1933 292 1960 τῶν
312 1933 436 1966 Ἀϐἀρων
452 1933 649 1968 ὲπιτρεχόντων
669 1934 703 1960 τὰ
718 1935 768 1969 τῆς
783 1934 904 1970 Θρᾴκης,

117 1979 135 2014 ἡ
149 1979 298 2012 σύγκλητος
322 1978 439 2013 παρῄνει
459 1978 497 2013 τῷ
523 1979 668 2014 Μαυρικίῳ
698 1979 765 2014 πρὸς
786 1980 831 2005 τὸν
850 1980 905 2006 Χα-

118 2026 202 2058 γάνον
215 2025 366 2060 πρεσϐείαν
384 2025 589 2060 ἐκπέμψασθαι.
605 2026 634 2052 '0
646 2026 673 2053 δὲ
684 2026 810 2061 βασιλεὺς
821 2036 905 2062 προσ-

117 2070 302 2104 καλεσάμενος
315 2069 361 2095 τὸν
381 2069 543 2104 Ἀρμὰτωνα
560 2070 674 2104 πρέσϐιν
685 2072 843 2105 χειροτονεῖ,
857 2071 904 2097 καὶ

117 2115 156 2148 ὡς
171 2116 253 2143 αὐτὸν
264 2115 390 2150 Χαγάνον
405 2115 567 2150 ἐξέπεμψεν.
589 2116 619 2142 '0
633 2116 682 2151 μὲν
696 2115 742 2143 οὖν
761 2116 903 2152 ’Δρμάτων

117 2160 147 2190 ἐς
171 2161 204 2187 τὰ
222 2160 358 2195 Δριζίπρα
377 2160 491 2194 γίνεται,
519 2160 608 2195 πλήθη
626 2161 721 2196 δώρων
736 2162 903 2198 ἐπιφερόμε-

994 1932 1070 1968 Quod
1085 1939 1148 1960 cum
1160 1932 1244 1960 Λικιῑί
1264 1933 1290 1960 in
1307 1933 1451 1960 Thraviam
1475 1933 1596 1960 facerent
1609 1933 1742 1960 incursio-

959 1988 1018 2012 nes,
1039 1982 1151 2006 senatus
1168 1979 1272 2005 monuit
1298 1978 1457 2005 Mauricium
1474 1979 1507 2005 de
1526 1978 1658 2012 legatione
1678 1980 1743 2005 mit-

957 2025 1037 2053 tenda
1055 2026 1088 2052 ad
1114 2024 1272 2059 Chaganum
1299 2033 1306 2051 :
1329 2031 1414 2058 quare
1441 2029 1565 2052 vocatum
1588 2024 1621 2050 ad
1641 2031 1671 2051 se
1696 2032 1742 2051 rex

957 2071 1149 2098 Harmatonem
1166 2070 1282 2104 legatum
1294 2074 1379 2102 creat,
1393 2074 1419 2096 et
1430 2069 1463 2096 ad
1475 2069 1631 2104 Chaganum
1649 2069 1741 2096 mittit.

955 2116 1050 2150 Itaque
1075 2114 1222 2141 Harmaton
1253 2113 1392 2146 Drizipera
1412 2113 1496 2146 venit,
1524 2121 1636 2141 munera
1657 2113 1742 2140 multa

956 2168 1048 2189 secum
1075 2160 1175 2192 ferens,
1195 2160 1240 2186 ubi
1260 2167 1321 2186 cum
1347 2159 1492 2193 Chaganus
1515 2163 1662 2194 prmsentes
1685 2164 1742 2186 tum

118 2214 175 2237 νος.
194 2206 222 2232 Ὀ
238 2206 266 2232 δὲ
281 2207 405 2240 Χαγάνος
422 2206 471 2238 τὰς
491 2206 632 2241 παρούσας
661 2207 746 2242 τύχας
772 2208 902 2244 ἀποδυρό-

957 2209 1078 2235 fortunas
1094 2208 1198 2242 lugens,
1214 2205 1326 2233 deﬁeret
1338 2205 1406 2233 ultra
1421 2206 1532 2233 modum
1546 2210 1658 2233 mortem
1673 2205 1743 2232 ﬁlio-

120 2258 209 2284 μενος,
232 2252 340 2287 ἐθρήνει
359 2251 484 2286 ἀσχέτως
510 2252 559 2286 τὴν
587 2252 723 2288 ἀποϐολὴν
754 2253 808 2280 τῶν
827 2254 904 2286 υἱῶν,

117 2297 168 2331 τήν
183 2306 212 2323 τε
226 2297 280 2323 τῶν
297 2297 439 2332 δυνάμεων
449 2297 550 2332 λύμην.
565 2297 636 2324 Δὲκα
650 2297 677 2324 δὲ
695 2298 799 2333 ἡμέρας
818 2299 906 2325 ἐνδια-

117 2342 214 2377 τρίψα;
232 2344 246 2369 ό
261 2342 376 2377 πρέσϐις
396 2342 433 2377 τῷ
456 2342 586 2377 Χαγὰνῳ,
614 2343 682 2378 πρὸς
699 2343 794 2378 λόγους
812 2345 842 2370 οὺ
865 2344 907 2378 γί-

118 2395 202 2414 νεται.
229 2385 283 2414 Ἶιν
305 2390 359 2423 γὰρ
383 2388 413 2414 τὸ
429 2387 525 2419 πένθος
540 2388 634 2424 δριμὺ,
651 2389 698 2415 καὶ
718 2390 753 2416 τὰ
775 2389 825 2424 τῆς
838 2398 908 2424 συμ-

119 2436 204 2469 φορᾶς
220 2435 400 2471 ἀμεθόδευτα.
411 2436 557 2471 Δωδεκάτῃ
572 2436 600 2462 δὲ
631 2437 724 2472 ἡμέρᾳ
739 2437 876 2471 εἰσάγεται
892 2437 906 2463 ὁ

120 2481 233 2515 πρέσϐις
253 2482 293 2512 εἰς
309 2482 359 2516 τὴν
376 2482 425 2508 τοῦ
447 2481 591 2517 Βαρϐἀρου
619 2483 733 2517 σκηνήν.
753 2482 782 2509 '0
795 2483 844 2518 μὲν
859 2481 906 2510 οὖν

119 2525 251 2559 πρέσϐις,
270 2525 359 2559 λόγοις
377 2527 468 2561 ὴπίοις
505 2527 648 2554 κολακεύει
679 2530 724 2554 τὸν
752 2529 904 2563 Βάρϐαρον.

124 2569 154 2596 '0
167 2571 205 2603 δὲ,
220 2571 426 2606 δυσανασχέτως
438 2571 493 2607 εἶχε
504 2573 537 2598 τὰ
559 2573 689 2607 βασιλικὰ
707 2573 905 2606 καταδέξασθαι

118 2614 200 2649 δῶρα,
217 2617 359 2651 μονονουχὶ
385 2616 416 2642 τὸ
442 2617 491 2650 τῆς
515 2617 671 2652 τραγῳδίας
694 2618 904 2654 ἐπιφερόμενος,

119 2658 222 2695 ἐχθρῶν
237 2660 328 2695 ἄδωρα
343 2661 428 2695 δῶρα.
444 2663 499 2688 Καὶ
514 2662 579 2695 γοῦν
595 2662 609 2688 ὁ
626 2663 753 2697 πρέσϐις,
770 2664 905 2696 πλείστοις

118 2702 205 2738 λόγοις
223 2705 406 2740 χρησάμενος,
439 2705 526 2732 πείθει
554 2707 703 2742 τιμηθῆναι
729 2710 785 2739 τοῖς
806 2708 904 2744 δώροις

118 2750 163 2776 τὸν
184 2751 333 2786 Βάρϐαρον.
352 2752 390 2786 Τῇ
410 2752 433 2777 δ’
453 2752 582 2787 ὑστεραίᾳ
605 2753 654 2788 τὴν
671 2755 782 2789 εἰρήνην
797 2755 811 2780 ὸ
831 2755 904 2790 Βάρ-

118 2796 202 2832 ϐαρος
219 2798 432 2832 συστησάμενος,
458 2798 525 2833 πρὸς
551 2798 599 2832 τὴν
616 2799 761 2831 ἀνάζευξιν
780 2800 903 2826 ἔϐλεπεν.

120 2841 242 2876 Ἔρασκε
268 2842 297 2869 δὲ
322 2843 335 2869 ὁ
359 2843 484 2876 Χαγάνος
507 2844 654 2876 ἐπιλέξεως
687 2844 758 2879 [ἐπὶ
781 2845 904 2880 λέξεως]

957 2260 1028 2286 rum,
1039 2257 1065 2280 et
1080 2252 1106 2279 iu
1121 2251 1240 2279 exercitu
1267 2257 1316 2278 suo
1331 2255 1499 2286 grassantem
1517 2257 1630 2285 pestem,
1648 2250 1741 2278 decem

957 2299 1032 2334 prius
1042 2302 1225 2326 commoratus
1235 2303 1276 2324 est
1291 2297 1359 2330 dies,
1375 2305 1456 2331 quam
1470 2297 1503 2324 ad
1527 2296 1682 2330 Cliaganum
1695 2296 1743 2322 ad-

958 2345 1121 2376 mitteretur,
1142 2343 1205 2378 quia
1227 2342 1306 2369 tletus
1328 2343 1443 2370 acerbus
1468 2347 1536 2374 erat,
1561 2347 1587 2369 et
1602 2342 1743 2369 calamitas

956 2390 1042 2420 varia.
1057 2389 1119 2416 hinc
1138 2389 1180 2416 die
1193 2388 1351 2415 duodecima
1369 2388 1557 2415 intromittitur
1576 2387 1601 2414 in
1615 2387 1744 2414 taberna-

957 2435 1048 2462 culum
1076 2434 1188 2462 Barhari
1209 2434 1323 2468 legatus,
1343 2434 1389 2469 qui
1407 2434 1512 2461 blandis
1523 2433 1610 2460 verbis
1619 2433 1746 2460 adulatus

957 2481 1222 2515 Barbaro,quoniam
1232 2482 1392 2516 gravabatur
1399 2481 1522 2512 nimium,
1534 2487 1574 2506 aet
1585 2480 1659 2514 ipere
1671 2479 1742 2506 dona

957 2528 1030 2562 regia
1050 2532 1152 2554 tantum
1175 2535 1228 2554 non
1252 2527 1425 2554 consentiens
1451 2526 1477 2552 in
1507 2526 1577 2552 istud
1599 2525 1741 2559 tragicum,

956 2573 1073 2600 hostium
1093 2574 1162 2599 dona
1177 2581 1229 2599 non
1243 2573 1326 2600 dona.
1341 2571 1523 2605 Plurimisque
1533 2579 1597 2597 usus
1612 2578 1742 2598 ueremu-

955 2619 1020 2651 niis,
1039 2619 1192 2653 persuadet,
1209 2623 1238 2644 ut
1258 2618 1416 2646 muneribus
1433 2618 1494 2644 istis
1512 2617 1638 2644 honorari
1651 2623 1681 2643 se
1694 2624 1743 2650 pa-

958 2669 1061 2691 teretur
1077 2663 1222 2690 Barbarus.
1247 2663 1358 2690 Postera
1374 2671 1438 2690 vero
1463 2663 1516 2696 die,
1532 2671 1594 2689 cum
1620 2662 1652 2689 de
1677 2669 1744 2696 pace

956 2709 1130 2736 convenisset
1145 2709 1216 2736 inter
1231 2708 1393 2740 Barbarum,
1408 2708 1518 2736 domum
1539 2708 1629 2735 redire
1641 2708 1745 2742 cogita-

957 2757 994 2782 vit
1011 2764 1017 2783 :
1042 2756 1099 2782 hanc
1114 2760 1205 2782 autem
1226 2756 1306 2782 verba
1330 2755 1432 2782 addidit
1446 2754 1611 2789 Chaganus:
1634 2753 1741 2786 Jualica,

958 2803 1038 2834 Deus,
1058 2802 1128 2828 inter
1139 2801 1300 2828 Mauriciutn
1314 2806 1342 2828 et
1366 2801 1533 2835 Chaganutn,
1551 2801 1622 2827 inter
1638 2799 1743 2826 Abaros

955 2851 982 2873 et
1004 2846 1073 2872 inter
1100 2846 1245 2873 Itonianos.
1270 2845 1438 2874 lttsimulavit
1466 2845 1538 2874 enim
1567 2849 1651 2879 rupta:
1665 2843 1742 2879 pacis
