  <div class='ocr_page' id='page_1' title='image "/cluster/home/n/w/nwhite01/storage/ocr_20150623/113/njp.32101077772968/523.png"; bbox 0 0 1943 3072; ppageno 0'>
   <div class='ocr_carea' id='block_1_1' title="bbox 209 119 262 151">
    <p class='ocr_par' dir='ltr' id='par_1_1' title="bbox 209 119 262 151">
     <span class='ocr_line' id='line_1_1' title="bbox 209 119 262 151; baseline 0.038 -2"><span class='ocrx_word' id='word_1_1' title='bbox 209 119 262 151; x_wconf 80' lang='grc'><strong>935</strong></span> 
     </span>
    </p>
   </div>
   <div class='ocr_carea' id='block_1_2' title="bbox 617 113 1434 145">
    <p class='ocr_par' dir='ltr' id='par_1_2' title="bbox 617 113 1434 145">
     <span class='ocr_line' id='line_1_2' title="bbox 617 113 1434 145; baseline -0.005 0"><span class='ocrx_word' id='word_1_2' title='bbox 617 115 814 145; x_wconf 73' lang='lat' dir='ltr'><strong>EXCERPTA</strong></span> <span class='ocrx_word' id='word_1_3' title='bbox 846 116 893 144; x_wconf 74' lang='lat' dir='ltr'>EX</span> <span class='ocrx_word' id='word_1_4' title='bbox 911 114 1208 145; x_wconf 59' lang='lat' dir='ltr'><strong>THEOPHYLAC’I‘O</strong></span> <span class='ocrx_word' id='word_1_5' title='bbox 1225 113 1434 142; x_wconf 65' lang='lat' dir='ltr'><strong>SIMOCATTA</strong></span> 
     </span>
    </p>
   </div>
   <div class='ocr_carea' id='block_1_3' title="bbox 1791 114 1844 145">
    <p class='ocr_par' dir='ltr' id='par_1_3' title="bbox 1791 114 1844 145">
     <span class='ocr_line' id='line_1_3' title="bbox 1791 114 1844 145; baseline 0.019 -1"><span class='ocrx_word' id='word_1_6' title='bbox 1791 114 1844 145; x_wconf 76' lang='lat'><strong>936</strong></span> 
     </span>
    </p>
   </div>
   <div class='ocr_carea' id='block_1_4' title="bbox 211 167 1000 204">
    <p class='ocr_par' dir='ltr' id='par_1_4' title="bbox 211 170 1000 204">
     <span class='ocr_line' id='line_1_4' title="bbox 211 170 1000 204; baseline -0.004 -6"><span class='ocrx_word' id='word_1_7' title='bbox 211 173 358 204; x_wconf 78' lang='lat' dir='ltr'><strong>Romanos,</strong></span> <span class='ocrx_word' id='word_1_8' title='bbox 375 178 424 198; x_wconf 91' lang='lat' dir='ltr'><strong>nec</strong></span> <span class='ocrx_word' id='word_1_9' title='bbox 437 171 496 197; x_wconf 76' lang='lat' dir='ltr'><strong>sine</strong></span> <span class='ocrx_word' id='word_1_10' title='bbox 508 177 601 197; x_wconf 84' lang='lat' dir='ltr'><strong>causa.</strong></span> <span class='ocrx_word' id='word_1_11' title='bbox 615 170 721 197; x_wconf 83' lang='lat' dir='ltr'><strong>Etenim</strong></span> <span class='ocrx_word' id='word_1_12' title='bbox 737 177 828 196; x_wconf 78' lang='lat' dir='ltr'><strong>revera</strong></span> <span class='ocrx_word' id='word_1_13' title='bbox 842 178 883 204; x_wconf 74' lang='lat' dir='ltr'><strong>pax</strong></span> <span class='ocrx_word' id='word_1_14' title='bbox 893 170 914 196; x_wconf 84' lang='lat' dir='ltr'><strong>is</strong></span> <span class='ocrx_word' id='word_1_15' title='bbox 926 179 940 196; x_wconf 76' lang='grc' dir='ltr'><strong>ιι</strong></span> <span class='ocrx_word' id='word_1_16' title='bbox 953 170 1000 196; x_wconf 83' lang='lat' dir='ltr'><strong>lul-</strong></span> 
     </span>
    </p>
   </div>
   <div class='ocr_carea' id='block_1_5' title="bbox 1053 167 1846 204">
    <p class='ocr_par' dir='ltr' id='par_1_5' title="bbox 1053 167 1846 204">
     <span class='ocr_line' id='line_1_5' title="bbox 1053 167 1846 204; baseline -0.001 -8"><span class='ocrx_word' id='word_1_17' title='bbox 1053 170 1126 197; x_wconf 76' lang='grc' dir='ltr'>τάδε·</span> <span class='ocrx_word' id='word_1_18' title='bbox 1147 171 1245 204; x_wconf 74' lang='grc' dir='ltr'>Κρῖναι</span> <span class='ocrx_word' id='word_1_19' title='bbox 1268 171 1282 195; x_wconf 74' lang='grc' dir='ltr'>ὁ</span> <span class='ocrx_word' id='word_1_20' title='bbox 1301 170 1366 200; x_wconf 67' lang='grc' dir='ltr'>Θεδς</span> <span class='ocrx_word' id='word_1_21' title='bbox 1388 169 1438 195; x_wconf 79' lang='grc' dir='ltr'><strong>ἀνὰ</strong></span> <span class='ocrx_word' id='word_1_22' title='bbox 1452 168 1533 204; x_wconf 81' lang='grc' dir='ltr'>μέσον</span> <span class='ocrx_word' id='word_1_23' title='bbox 1549 167 1706 201; x_wconf 80' lang='grc' dir='ltr'>Μαυρικίου</span> <span class='ocrx_word' id='word_1_24' title='bbox 1720 169 1769 195; x_wconf 74' lang='grc' dir='ltr'><strong>καὶ</strong></span> <span class='ocrx_word' id='word_1_25' title='bbox 1790 169 1846 195; x_wconf 85' lang='grc' dir='ltr'><strong>Χα-</strong></span> 
     </span>
    </p>
   </div>
   <div class='ocr_carea' id='block_1_6' title="bbox 211 215 999 250">
    <p class='ocr_par' dir='ltr' id='par_1_6' title="bbox 211 215 999 250">
     <span class='ocr_line' id='line_1_6' title="bbox 211 215 999 250; baseline -0.003 -6"><span class='ocrx_word' id='word_1_26' title='bbox 211 217 260 245; x_wconf 85' lang='lat' dir='ltr'><strong>teri</strong></span> <span class='ocrx_word' id='word_1_27' title='bbox 274 224 335 244; x_wconf 90' lang='lat' dir='ltr'><strong>cum</strong></span> <span class='ocrx_word' id='word_1_28' title='bbox 349 216 461 248; x_wconf 87' lang='lat' dir='ltr'><strong>fuerint,</strong></span> <span class='ocrx_word' id='word_1_29' title='bbox 474 220 656 250; x_wconf 85' lang='lat' dir='ltr'><strong>auctoresque</strong></span> <span class='ocrx_word' id='word_1_30' title='bbox 675 215 737 242; x_wconf 80' lang='lat' dir='ltr'><strong>belli</strong></span> <span class='ocrx_word' id='word_1_31' title='bbox 754 215 780 242; x_wconf 88' lang='lat' dir='ltr'><strong>in</strong></span> <span class='ocrx_word' id='word_1_32' title='bbox 795 223 837 248; x_wconf 77' lang='lat' dir='ltr'><strong>ea,</strong></span> <span class='ocrx_word' id='word_1_33' title='bbox 854 223 913 250; x_wconf 75' lang='lat' dir='ltr'><strong>qua:</strong></span> <span class='ocrx_word' id='word_1_34' title='bbox 931 216 999 242; x_wconf 77' lang='lat' dir='ltr'><strong>dixi-</strong></span> 
     </span>
    </p>
   </div>
   <div class='ocr_carea' id='block_1_7' title="bbox 211 260 1001 294">
    <p class='ocr_par' dir='ltr' id='par_1_7' title="bbox 211 260 1001 294">
     <span class='ocr_line' id='line_1_7' title="bbox 211 260 1001 294; baseline -0.001 -6"><span class='ocrx_word' id='word_1_35' title='bbox 211 269 271 289; x_wconf 88' lang='lat' dir='ltr'><strong>mus</strong></span> <span class='ocrx_word' id='word_1_36' title='bbox 286 261 365 294; x_wconf 77' lang='lat' dir='ltr'><strong>mala,</strong></span> <span class='ocrx_word' id='word_1_37' title='bbox 395 261 558 288; x_wconf 85' lang='lat' dir='ltr'><strong>inciderunt.</strong></span> <span class='ocrx_word' id='word_1_38' title='bbox 585 261 694 288; x_wconf 90' lang='lat' dir='ltr'><strong>Dirimit</strong></span> <span class='ocrx_word' id='word_1_39' title='bbox 720 260 858 288; x_wconf 81' lang='lat' dir='ltr'><strong>Romanos</strong></span> <span class='ocrx_word' id='word_1_40' title='bbox 874 261 942 288; x_wconf 93' lang='lat' dir='ltr'><strong>lster</strong></span> <span class='ocrx_word' id='word_1_41' title='bbox 966 261 1001 287; x_wconf 89' lang='lat' dir='ltr'><strong>ab</strong></span> 
     </span>
    </p>
   </div>
   <div class='ocr_carea' id='block_1_8' title="bbox 210 307 1000 342">
    <p class='ocr_par' dir='ltr' id='par_1_8' title="bbox 210 307 1000 342">
     <span class='ocr_line' id='line_1_8' title="bbox 210 307 1000 342; baseline -0.001 -8"><span class='ocrx_word' id='word_1_42' title='bbox 210 309 319 340; x_wconf 75' lang='lat' dir='ltr'><strong>Araris,</strong></span> <span class='ocrx_word' id='word_1_43' title='bbox 333 308 415 335; x_wconf 85' lang='lat' dir='ltr'><strong>veluti</strong></span> <span class='ocrx_word' id='word_1_44' title='bbox 432 312 584 342; x_wconf 68' lang='lat' dir='ltr'><strong>sequester,</strong></span> <span class='ocrx_word' id='word_1_45' title='bbox 599 307 670 334; x_wconf 89' lang='lat' dir='ltr'><strong>ultra</strong></span> <span class='ocrx_word' id='word_1_46' title='bbox 680 315 754 340; x_wconf 86' lang='lat' dir='ltr'><strong>vero,</strong></span> <span class='ocrx_word' id='word_1_47' title='bbox 771 307 793 334; x_wconf 87' lang='lat' dir='ltr'><strong>si</strong></span> <span class='ocrx_word' id='word_1_48' title='bbox 810 307 870 341; x_wconf 91' lang='lat' dir='ltr'><strong>quis</strong></span> <span class='ocrx_word' id='word_1_49' title='bbox 887 307 1000 334; x_wconf 89' lang='lat' dir='ltr'><strong>tluvium</strong></span> 
     </span>
    </p>
   </div>
   <div class='ocr_carea' id='block_1_9' title="bbox 208 352 1002 387">
    <p class='ocr_par' dir='ltr' id='par_1_9' title="bbox 208 352 1002 387">
     <span class='ocr_line' id='line_1_9' title="bbox 208 352 1002 387; baseline -0.001 -8"><span class='ocrx_word' id='word_1_50' title='bbox 208 354 386 385; x_wconf 84' lang='lat' dir='ltr'><strong>transmittat,</strong></span> <span class='ocrx_word' id='word_1_51' title='bbox 413 353 573 380; x_wconf 75' lang='lat' dir='ltr'><strong>Sulavorum</strong></span> <span class='ocrx_word' id='word_1_52' title='bbox 597 353 663 381; x_wconf 88' lang='lat' dir='ltr'><strong>ditio</strong></span> <span class='ocrx_word' id='word_1_53' title='bbox 684 358 736 380; x_wconf 86' lang='lat' dir='ltr'><strong>est.</strong></span> <span class='ocrx_word' id='word_1_54' title='bbox 764 352 817 380; x_wconf 85' lang='lat' dir='ltr'><strong>Sed</strong></span> <span class='ocrx_word' id='word_1_55' title='bbox 839 357 867 380; x_wconf 89' lang='lat' dir='ltr'><strong>ct</strong></span> <span class='ocrx_word' id='word_1_56' title='bbox 890 353 1002 387; x_wconf 61' lang='lat' dir='ltr'><strong>adjectae</strong></span> 
     </span>
    </p>
   </div>
   <div class='ocr_carea' id='block_1_10' title="bbox 207 399 1000 434">
    <p class='ocr_par' dir='ltr' id='par_1_10' title="bbox 207 399 1000 434">
     <span class='ocr_line' id='line_1_10' title="bbox 207 399 1000 434; baseline 0.001 -8"><span class='ocrx_word' id='word_1_57' title='bbox 207 404 272 426; x_wconf 81' lang='lat' dir='ltr'><strong>sunt</strong></span> <span class='ocrx_word' id='word_1_58' title='bbox 287 399 345 426; x_wconf 83' lang='lat' dir='ltr'><strong>auri</strong></span> <span class='ocrx_word' id='word_1_59' title='bbox 360 399 492 427; x_wconf 74' lang='lat' dir='ltr'><strong>cltiliatles</strong></span> <span class='ocrx_word' id='word_1_60' title='bbox 507 399 601 434; x_wconf 85' lang='lat' dir='ltr'><strong>viginti</strong></span> <span class='ocrx_word' id='word_1_61' title='bbox 616 400 649 426; x_wconf 85' lang='lat' dir='ltr'><strong>ad</strong></span> <span class='ocrx_word' id='word_1_62' title='bbox 666 399 800 433; x_wconf 81' lang='lat' dir='ltr'><strong>inducias,</strong></span> <span class='ocrx_word' id='word_1_63' title='bbox 818 399 890 427; x_wconf 87' lang='lat' dir='ltr'><strong>unde</strong></span> <span class='ocrx_word' id='word_1_64' title='bbox 901 399 1000 427; x_wconf 87' lang='lat' dir='ltr'><strong>bellum</strong></span> 
     </span>
    </p>
   </div>
   <div class='ocr_carea' id='block_1_11' title="bbox 219 444 729 473">
    <p class='ocr_par' dir='ltr' id='par_1_11' title="bbox 219 444 729 473">
     <span class='ocr_line' id='line_1_11' title="bbox 219 444 729 473; baseline 0.004 -2"><span class='ocrx_word' id='word_1_65' title='bbox 219 445 290 472; x_wconf 72' lang='lat' dir='ltr'><strong>inter</strong></span> <span class='ocrx_word' id='word_1_66' title='bbox 305 445 409 472; x_wconf 81' lang='lat' dir='ltr'><strong>Avarus</strong></span> <span class='ocrx_word' id='word_1_67' title='bbox 424 449 448 472; x_wconf 81' lang='lat' dir='ltr'><strong>et</strong></span> <span class='ocrx_word' id='word_1_68' title='bbox 460 444 597 472; x_wconf 80' lang='lat' dir='ltr'><strong>Romanos</strong></span> <span class='ocrx_word' id='word_1_69' title='bbox 613 444 729 473; x_wconf 85' lang='lat' dir='ltr'><strong>finitum.</strong></span> 
     </span>
    </p>
   </div>
   <div class='ocr_carea' id='block_1_12' title="bbox 1053 213 1844 250">
    <p class='ocr_par' dir='ltr' id='par_1_12' title="bbox 1053 213 1844 250">
     <span class='ocr_line' id='line_1_12' title="bbox 1053 213 1844 250; baseline 0 -9"><span class='ocrx_word' id='word_1_70' title='bbox 1053 219 1149 249; x_wconf 69' lang='grc' dir='ltr'>γὰνου,</span> <span class='ocrx_word' id='word_1_71' title='bbox 1172 216 1223 241; x_wconf 75' lang='grc' dir='ltr'><strong>ἀνὰ</strong></span> <span class='ocrx_word' id='word_1_72' title='bbox 1253 215 1333 250; x_wconf 77' lang='grc' dir='ltr'>μέσον</span> <span class='ocrx_word' id='word_1_73' title='bbox 1368 215 1493 250; x_wconf 78' lang='grc' dir='ltr'>’Λϐἀρων</span> <span class='ocrx_word' id='word_1_74' title='bbox 1521 215 1568 241; x_wconf 79' lang='grc' dir='ltr'>καὶ</span> <span class='ocrx_word' id='word_1_75' title='bbox 1593 214 1646 242; x_wconf 82' lang='grc' dir='ltr'><strong>ἀνὰ</strong></span> <span class='ocrx_word' id='word_1_76' title='bbox 1663 215 1748 250; x_wconf 82' lang='grc' dir='ltr'>μέσον</span> <span class='ocrx_word' id='word_1_77' title='bbox 1776 213 1844 242; x_wconf 81' lang='grc' dir='ltr'><strong>Ῥω-</strong></span> 
     </span>
    </p>
   </div>
   <div class='ocr_carea' id='block_1_13' title="bbox 1053 261 1846 298">
    <p class='ocr_par' dir='ltr' id='par_1_13' title="bbox 1053 261 1846 298">
     <span class='ocr_line' id='line_1_13' title="bbox 1053 261 1846 298; baseline -0.001 -10"><span class='ocrx_word' id='word_1_78' title='bbox 1053 263 1160 297; x_wconf 68' lang='grc' dir='ltr'>μαίωνο</span> <span class='ocrx_word' id='word_1_79' title='bbox 1184 262 1336 298; x_wconf 77' lang='grc' dir='ltr'><strong>κατῃτιᾶτο</strong></span> <span class='ocrx_word' id='word_1_80' title='bbox 1355 263 1408 297; x_wconf 76' lang='grc' dir='ltr'><strong>γὰρ</strong></span> <span class='ocrx_word' id='word_1_81' title='bbox 1423 261 1469 288; x_wconf 81' lang='grc' dir='ltr'><strong>τδν</strong></span> <span class='ocrx_word' id='word_1_82' title='bbox 1491 261 1683 297; x_wconf 77' lang='grc' dir='ltr'>αὐτοκράτορα</span> <span class='ocrx_word' id='word_1_83' title='bbox 1697 262 1747 297; x_wconf 85' lang='grc' dir='ltr'>τὴν</span> <span class='ocrx_word' id='word_1_84' title='bbox 1769 262 1846 296; x_wconf 79' lang='grc' dir='ltr'>εἰρή-</span> 
     </span>
    </p>
   </div>
   <div class='ocr_carea' id='block_1_14' title="bbox 1052 307 1845 344">
    <p class='ocr_par' dir='ltr' id='par_1_14' title="bbox 1052 307 1845 344">
     <span class='ocr_line' id='line_1_14' title="bbox 1052 307 1845 344; baseline 0 -10"><span class='ocrx_word' id='word_1_85' title='bbox 1052 317 1102 342; x_wconf 87' lang='grc' dir='ltr'><strong>νην</strong></span> <span class='ocrx_word' id='word_1_86' title='bbox 1120 308 1261 335; x_wconf 58' lang='lat' dir='ltr'><strong>cnlaudat.</strong></span> <span class='ocrx_word' id='word_1_87' title='bbox 1286 309 1345 334; x_wconf 85' lang='grc' dir='ltr'>Οὐκ</span> <span class='ocrx_word' id='word_1_88' title='bbox 1368 307 1422 336; x_wconf 77' lang='grc' dir='ltr'>ἀπὸ</span> <span class='ocrx_word' id='word_1_89' title='bbox 1448 308 1476 334; x_wconf 84' lang='grc' dir='ltr'>δὲ</span> <span class='ocrx_word' id='word_1_90' title='bbox 1491 308 1593 343; x_wconf 72' lang='grc' dir='ltr'>τρόπον</span> <span class='ocrx_word' id='word_1_91' title='bbox 1606 308 1640 334; x_wconf 74' lang='grc' dir='ltr'><strong>τὰ</strong></span> <span class='ocrx_word' id='word_1_92' title='bbox 1663 309 1784 344; x_wconf 74' lang='grc' dir='ltr'>ῥήματα.</span> <span class='ocrx_word' id='word_1_93' title='bbox 1799 308 1845 343; x_wconf 82' lang='grc' dir='ltr'><strong>Τῷ</strong></span> 
     </span>
    </p>
   </div>
   <div class='ocr_carea' id='block_1_15' title="bbox 1052 353 1845 389">
    <p class='ocr_par' dir='ltr' id='par_1_15' title="bbox 1052 353 1845 389">
     <span class='ocr_line' id='line_1_15' title="bbox 1052 353 1845 389; baseline 0 -10"><span class='ocrx_word' id='word_1_94' title='bbox 1052 353 1110 380; x_wconf 69' lang='grc' dir='ltr'>ὄντι</span> <span class='ocrx_word' id='word_1_95' title='bbox 1133 354 1186 388; x_wconf 77' lang='grc' dir='ltr'><strong>γὰρ</strong></span> <span class='ocrx_word' id='word_1_96' title='bbox 1202 353 1226 380; x_wconf 80' lang='grc' dir='ltr'>οἱ</span> <span class='ocrx_word' id='word_1_97' title='bbox 1253 353 1385 387; x_wconf 80' lang='grc' dir='ltr'>Ῥωμαῖοι</span> <span class='ocrx_word' id='word_1_98' title='bbox 1414 353 1628 388; x_wconf 81' lang='grc' dir='ltr'>παραχαράκται</span> <span class='ocrx_word' id='word_1_99' title='bbox 1654 354 1703 389; x_wconf 80' lang='grc' dir='ltr'>τῆς</span> <span class='ocrx_word' id='word_1_100' title='bbox 1730 354 1845 389; x_wconf 73' lang='grc' dir='ltr'>εἰρήνης</span> 
     </span>
    </p>
   </div>
   <div class='ocr_carea' id='block_1_16' title="bbox 1053 399 1846 434">
    <p class='ocr_par' dir='ltr' id='par_1_16' title="bbox 1053 399 1846 434">
     <span class='ocr_line' id='line_1_16' title="bbox 1053 399 1846 434; baseline -0.001 -8"><span class='ocrx_word' id='word_1_101' title='bbox 1053 400 1207 434; x_wconf 82' lang='grc' dir='ltr'>γενόμενοι,</span> <span class='ocrx_word' id='word_1_102' title='bbox 1223 400 1270 426; x_wconf 82' lang='grc' dir='ltr'>καὶ</span> <span class='ocrx_word' id='word_1_103' title='bbox 1286 399 1334 427; x_wconf 76' lang='grc' dir='ltr'>τοῦ</span> <span class='ocrx_word' id='word_1_104' title='bbox 1357 399 1477 434; x_wconf 73' lang='grc' dir='ltr'>πολέμου</span> <span class='ocrx_word' id='word_1_105' title='bbox 1495 399 1668 434; x_wconf 74' lang='grc' dir='ltr'>δημιουργοὶ,</span> <span class='ocrx_word' id='word_1_106' title='bbox 1693 400 1752 431; x_wconf 85' lang='grc' dir='ltr'>τοῖς</span> <span class='ocrx_word' id='word_1_107' title='bbox 1778 408 1846 434; x_wconf 83' lang='grc' dir='ltr'>προ-</span> 
     </span>
    </p>
   </div>
   <div class='ocr_carea' id='block_1_17' title="bbox 1054 445 1846 481">
    <p class='ocr_par' dir='ltr' id='par_1_17' title="bbox 1054 445 1846 481">
     <span class='ocr_line' id='line_1_17' title="bbox 1054 445 1846 481; baseline 0 -9"><span class='ocrx_word' id='word_1_108' title='bbox 1054 446 1252 481; x_wconf 87' lang='grc' dir='ltr'>ηγορευμένοις</span> <span class='ocrx_word' id='word_1_109' title='bbox 1264 446 1476 481; x_wconf 77' lang='grc' dir='ltr'><strong>περιπίπτουσιν</strong></span> <span class='ocrx_word' id='word_1_110' title='bbox 1490 446 1660 480; x_wconf 79' lang='grc' dir='ltr'>ἀτυχήμασι.</span> <span class='ocrx_word' id='word_1_111' title='bbox 1672 445 1846 480; x_wconf 75' lang='grc' dir='ltr'>Διομολογεῖ.</span> 
     </span>
    </p>
   </div>
   <div class='ocr_carea' id='block_1_18' title="bbox 206 490 1845 528">
    <p class='ocr_par' dir='ltr' id='par_1_18' title="bbox 206 490 1845 528">
     <span class='ocr_line' id='line_1_18' title="bbox 206 490 1845 528; baseline -0.001 -11"><span class='ocrx_word' id='word_1_112' title='bbox 206 500 252 518; x_wconf 79' lang='grc' dir='ltr'><strong>ται</strong></span> <span class='ocrx_word' id='word_1_113' title='bbox 280 491 427 525; x_wconf 74' lang='grc' dir='ltr'>Ῥωμαίοις</span> <span class='ocrx_word' id='word_1_114' title='bbox 449 491 496 517; x_wconf 77' lang='grc' dir='ltr'>καὶ</span> <span class='ocrx_word' id='word_1_115' title='bbox 527 490 654 525; x_wconf 79' lang='grc' dir='ltr'>Ἀϐάροις</span> <span class='ocrx_word' id='word_1_116' title='bbox 678 491 692 517; x_wconf 86' lang='lat'><strong>6</strong></span> <span class='ocrx_word' id='word_1_117' title='bbox 724 490 831 527; x_wconf 81' lang='grc' dir='ltr'><strong>Ἴστρος</strong></span> <span class='ocrx_word' id='word_1_118' title='bbox 859 491 992 526; x_wconf 78' lang='grc' dir='ltr'><strong>μεσίτης·</strong></span> <span class='ocrx_word' id='word_1_119' title='bbox 1013 492 1085 519; x_wconf 73' lang='grc' dir='ltr'>κατὰ</span> <span class='ocrx_word' id='word_1_120' title='bbox 1119 492 1284 527; x_wconf 82' lang='grc' dir='ltr'>Σκλαϐηνῶν</span> <span class='ocrx_word' id='word_1_121' title='bbox 1319 492 1431 528; x_wconf 78' lang='grc' dir='ltr'><strong>ἐξουσίᾳ</strong></span> <span class='ocrx_word' id='word_1_122' title='bbox 1449 491 1495 518; x_wconf 69' lang='grc' dir='ltr'><strong>τὸν</strong></span> <span class='ocrx_word' id='word_1_123' title='bbox 1510 492 1635 526; x_wconf 76' lang='grc' dir='ltr'>ποταμὸν</span> <span class='ocrx_word' id='word_1_124' title='bbox 1649 490 1845 526; x_wconf 79' lang='grc' dir='ltr'>διανήξασθαιο</span> 
     </span>
    </p>
   </div>
   <div class='ocr_carea' id='block_1_19' title="bbox 217 538 1844 576">
    <p class='ocr_par' dir='ltr' id='par_1_19' title="bbox 217 538 1844 576">
     <span class='ocr_line' id='line_1_19' title="bbox 217 538 1844 576; baseline 0 -11"><span class='ocrx_word' id='word_1_125' title='bbox 217 539 400 566; x_wconf 76' lang='grc' dir='ltr'>Ἐπιτέοενται</span> <span class='ocrx_word' id='word_1_126' title='bbox 428 538 456 566; x_wconf 82' lang='grc' dir='ltr'>δὲ</span> <span class='ocrx_word' id='word_1_127' title='bbox 478 539 525 566; x_wconf 76' lang='grc' dir='ltr'>καὶ</span> <span class='ocrx_word' id='word_1_128' title='bbox 546 538 624 566; x_wconf 80' lang='grc' dir='ltr'>ἄλλαι</span> <span class='ocrx_word' id='word_1_129' title='bbox 641 539 728 566; x_wconf 80' lang='grc' dir='ltr'>είκοσι</span> <span class='ocrx_word' id='word_1_130' title='bbox 752 539 873 575; x_wconf 83' lang='grc' dir='ltr'><strong>χιλιάδες</strong></span> <span class='ocrx_word' id='word_1_131' title='bbox 887 540 997 576; x_wconf 81' lang='grc' dir='ltr'><strong>χρυσῶν</strong></span> <span class='ocrx_word' id='word_1_132' title='bbox 1017 541 1077 573; x_wconf 83' lang='grc' dir='ltr'>ταῖς</span> <span class='ocrx_word' id='word_1_133' title='bbox 1113 541 1252 572; x_wconf 75' lang='grc' dir='ltr'>σπονδαῖς.</span> <span class='ocrx_word' id='word_1_134' title='bbox 1280 541 1324 568; x_wconf 79' lang='grc' dir='ltr'><strong>ἐν</strong></span> <span class='ocrx_word' id='word_1_135' title='bbox 1338 540 1446 572; x_wconf 80' lang='grc' dir='ltr'><strong>τούτοις</strong></span> <span class='ocrx_word' id='word_1_136' title='bbox 1475 540 1544 575; x_wconf 83' lang='grc' dir='ltr'>δῆτα</span> <span class='ocrx_word' id='word_1_137' title='bbox 1564 539 1692 574; x_wconf 79' lang='grc' dir='ltr'>Ἀϐἀροις</span> <span class='ocrx_word' id='word_1_138' title='bbox 1709 539 1757 566; x_wconf 79' lang='grc' dir='ltr'>καὶ</span> <span class='ocrx_word' id='word_1_139' title='bbox 1777 538 1844 565; x_wconf 80' lang='grc' dir='ltr'><strong>Ῥω-</strong></span> 
     </span>
    </p>
   </div>
   <div class='ocr_carea' id='block_1_20' title="bbox 209 584 752 620">
    <p class='ocr_par' dir='ltr' id='par_1_20' title="bbox 209 584 752 620">
     <span class='ocr_line' id='line_1_20' title="bbox 209 584 752 620; baseline 0.002 -9"><span class='ocrx_word' id='word_1_140' title='bbox 209 586 302 620; x_wconf 78' lang='grc' dir='ltr'>μαὶοις</span> <span class='ocrx_word' id='word_1_141' title='bbox 319 586 333 611; x_wconf 89' lang='grc' dir='ltr'>ὁ</span> <span class='ocrx_word' id='word_1_142' title='bbox 354 586 471 620; x_wconf 80' lang='grc' dir='ltr'>πόλεμος</span> <span class='ocrx_word' id='word_1_143' title='bbox 485 585 573 620; x_wconf 80' lang='grc' dir='ltr'><strong>πέρας</strong></span> <span class='ocrx_word' id='word_1_144' title='bbox 588 584 752 620; x_wconf 79' lang='grc' dir='ltr'>ἐλάμϐανεν.</span> 
     </span>
    </p>
   </div>
   <div class='ocr_carea' id='block_1_21' title="bbox 245 629 1000 666">
    <p class='ocr_par' dir='ltr' id='par_1_21' title="bbox 245 630 1000 665">
     <span class='ocr_line' id='line_1_21' title="bbox 245 630 1000 665; baseline 0.001 -8"><span class='ocrx_word' id='word_1_145' title='bbox 245 631 322 664; x_wconf 82' lang='lat' dir='ltr'><strong>Quod</strong></span> <span class='ocrx_word' id='word_1_146' title='bbox 346 631 439 658; x_wconf 86' lang='lat' dir='ltr'><strong>eodem</strong></span> <span class='ocrx_word' id='word_1_147' title='bbox 468 630 578 658; x_wconf 85' lang='lat' dir='ltr'><strong>circiter</strong></span> <span class='ocrx_word' id='word_1_148' title='bbox 596 635 718 665; x_wconf 87' lang='lat' dir='ltr'><strong>tempore</strong></span> <span class='ocrx_word' id='word_1_149' title='bbox 739 631 877 658; x_wconf 80' lang='lat' dir='ltr'><strong>Gltosrocs</strong></span> <span class='ocrx_word' id='word_1_150' title='bbox 895 631 1000 659; x_wconf 76' lang='lat' dir='ltr'><strong>molitus</strong></span> 
     </span>
    </p>
   </div>
   <div class='ocr_carea' id='block_1_22' title="bbox 1053 629 1845 666">
    <p class='ocr_par' dir='ltr' id='par_1_22' title="bbox 1091 629 1845 666">
     <span class='ocr_line' id='line_1_22' title="bbox 1091 629 1845 666; baseline -0.007 -7"><span class='ocrx_word' id='word_1_151' title='bbox 1091 633 1152 660; x_wconf 87' lang='grc' dir='ltr'>Ὅτι</span> <span class='ocrx_word' id='word_1_152' title='bbox 1171 631 1242 659; x_wconf 86' lang='grc' dir='ltr'>κατὰ</span> <span class='ocrx_word' id='word_1_153' title='bbox 1255 631 1319 663; x_wconf 81' lang='grc' dir='ltr'>τοὺς</span> <span class='ocrx_word' id='word_1_154' title='bbox 1333 631 1432 662; x_wconf 73' lang='grc' dir='ltr'>αὐτοὺς</span> <span class='ocrx_word' id='word_1_155' title='bbox 1448 631 1561 666; x_wconf 85' lang='grc' dir='ltr'>χρόνους</span> <span class='ocrx_word' id='word_1_156' title='bbox 1579 629 1728 665; x_wconf 78' lang='grc' dir='ltr'>ὁΧοσρόης</span> <span class='ocrx_word' id='word_1_157' title='bbox 1742 629 1845 664; x_wconf 76' lang='grc' dir='ltr'>ἐνεχεί-</span> 
     </span>
    </p>
   </div>
   <div class='ocr_carea' id='block_1_23' title="bbox 211 675 1000 713">
    <p class='ocr_par' dir='ltr' id='par_1_23' title="bbox 211 676 1000 712">
     <span class='ocr_line' id='line_1_23' title="bbox 211 676 1000 712; baseline 0.001 -9"><span class='ocrx_word' id='word_1_158' title='bbox 211 684 252 705; x_wconf 72' lang='lat' dir='ltr'><strong>(sl</strong></span> <span class='ocrx_word' id='word_1_159' title='bbox 271 684 362 712; x_wconf 73' lang='lat' dir='ltr'><strong>put-em</strong></span> <span class='ocrx_word' id='word_1_160' title='bbox 390 677 534 711; x_wconf 78' lang='lat' dir='ltr'><strong>frangere,</strong></span> <span class='ocrx_word' id='word_1_161' title='bbox 559 677 610 704; x_wconf 76' lang='lat' dir='ltr'><strong>ista</strong></span> <span class='ocrx_word' id='word_1_162' title='bbox 637 676 670 703; x_wconf 85' lang='lat' dir='ltr'><strong>de</strong></span> <span class='ocrx_word' id='word_1_163' title='bbox 693 684 784 704; x_wconf 83' lang='lat' dir='ltr'><strong>causa.</strong></span> <span class='ocrx_word' id='word_1_164' title='bbox 806 676 1000 705; x_wconf 89' lang='lat' dir='ltr'><strong>Saracenorum</strong></span> 
     </span>
    </p>
   </div>
   <div class='ocr_carea' id='block_1_24' title="bbox 1053 675 1844 713">
    <p class='ocr_par' dir='ltr' id='par_1_24' title="bbox 1053 675 1844 713">
     <span class='ocr_line' id='line_1_24' title="bbox 1053 675 1844 713; baseline -0.004 -9"><span class='ocrx_word' id='word_1_165' title='bbox 1053 687 1095 713; x_wconf 91' lang='grc' dir='ltr'><strong>ρει</strong></span> <span class='ocrx_word' id='word_1_166' title='bbox 1105 678 1155 712; x_wconf 84' lang='grc' dir='ltr'>τὴν</span> <span class='ocrx_word' id='word_1_167' title='bbox 1170 678 1282 712; x_wconf 77' lang='grc' dir='ltr'><strong>εἰρήνην</strong></span> <span class='ocrx_word' id='word_1_168' title='bbox 1299 676 1482 712; x_wconf 75' lang='grc' dir='ltr'><strong>λυμήνασθαι,</strong></span> <span class='ocrx_word' id='word_1_169' title='bbox 1500 676 1530 710; x_wconf 76' lang='grc' dir='ltr'><strong>ἐξ</strong></span> <span class='ocrx_word' id='word_1_170' title='bbox 1544 677 1634 707; x_wconf 76' lang='grc' dir='ltr'>αἰτίας</span> <span class='ocrx_word' id='word_1_171' title='bbox 1652 675 1770 702; x_wconf 75' lang='grc' dir='ltr'>τοιᾶσδε’</span> <span class='ocrx_word' id='word_1_172' title='bbox 1794 675 1844 702; x_wconf 76' lang='grc' dir='ltr'><strong>Ἐκ</strong></span> 
     </span>
    </p>
   </div>
   <div class='ocr_carea' id='block_1_25' title="bbox 208 718 1000 757">
    <p class='ocr_par' dir='ltr' id='par_1_25' title="bbox 208 721 1000 757">
     <span class='ocr_line' id='line_1_25' title="bbox 208 721 1000 757; baseline 0 -8"><span class='ocrx_word' id='word_1_173' title='bbox 208 723 318 757; x_wconf 72' lang='lat' dir='ltr'><strong>quidam</strong></span> <span class='ocrx_word' id='word_1_174' title='bbox 348 721 499 749; x_wconf 86' lang='lat' dir='ltr'><strong>militabant</strong></span> <span class='ocrx_word' id='word_1_175' title='bbox 521 722 548 748; x_wconf 95' lang='lat' dir='ltr'><strong>in</strong></span> <span class='ocrx_word' id='word_1_176' title='bbox 570 721 678 748; x_wconf 76' lang='lat' dir='ltr'><strong>auxiliis</strong></span> <span class='ocrx_word' id='word_1_177' title='bbox 702 722 840 755; x_wconf 75' lang='lat' dir='ltr'><strong>Romanis,</strong></span> <span class='ocrx_word' id='word_1_178' title='bbox 861 727 888 749; x_wconf 87' lang='lat' dir='ltr'><strong>et</strong></span> <span class='ocrx_word' id='word_1_179' title='bbox 908 729 1000 750; x_wconf 89' lang='lat' dir='ltr'><strong>eoruut</strong></span> 
     </span>
    </p>
   </div>
   <div class='ocr_carea' id='block_1_26' title="bbox 1053 718 1844 757">
    <p class='ocr_par' dir='ltr' id='par_1_26' title="bbox 1053 718 1844 757">
     <span class='ocr_line' id='line_1_26' title="bbox 1053 718 1844 757; baseline -0.006 -8"><span class='ocrx_word' id='word_1_180' title='bbox 1053 723 1105 749; x_wconf 81' lang='grc' dir='ltr'>τῶν</span> <span class='ocrx_word' id='word_1_181' title='bbox 1122 721 1291 757; x_wconf 83' lang='grc' dir='ltr'>Σαρακηνῶν</span> <span class='ocrx_word' id='word_1_182' title='bbox 1308 721 1362 757; x_wconf 79' lang='grc' dir='ltr'>γὰρ</span> <span class='ocrx_word' id='word_1_183' title='bbox 1382 721 1449 748; x_wconf 72' lang='grc' dir='ltr'>ἔνιοι</span> <span class='ocrx_word' id='word_1_184' title='bbox 1463 721 1521 753; x_wconf 78' lang='grc' dir='ltr'>τοῖς</span> <span class='ocrx_word' id='word_1_185' title='bbox 1541 719 1689 754; x_wconf 83' lang='grc' dir='ltr'>Ῥωμαίοις</span> <span class='ocrx_word' id='word_1_186' title='bbox 1703 718 1844 753; x_wconf 84' lang='grc' dir='ltr'>σύμμαχοι</span> 
     </span>
    </p>
   </div>
   <div class='ocr_carea' id='block_1_27' title="bbox 209 767 1001 803">
    <p class='ocr_par' dir='ltr' id='par_1_27' title="bbox 209 767 1001 803">
     <span class='ocr_line' id='line_1_27' title="bbox 209 767 1001 803; baseline 0.003 -9"><span class='ocrx_word' id='word_1_187' title='bbox 209 776 278 794; x_wconf 87' lang='lat' dir='ltr'><strong>tttttts</strong></span> <span class='ocrx_word' id='word_1_188' title='bbox 298 774 392 803; x_wconf 88' lang='lat' dir='ltr'><strong>sponte</strong></span> <span class='ocrx_word' id='word_1_189' title='bbox 415 775 462 794; x_wconf 88' lang='lat' dir='ltr'><strong>sua</strong></span> <span class='ocrx_word' id='word_1_190' title='bbox 483 767 602 794; x_wconf 82' lang='lat' dir='ltr'><strong>Persiam</strong></span> <span class='ocrx_word' id='word_1_191' title='bbox 619 767 748 795; x_wconf 84' lang='lat' dir='ltr'><strong>invadens</strong></span> <span class='ocrx_word' id='word_1_192' title='bbox 770 768 845 802; x_wconf 80' lang='lat' dir='ltr'><strong>pacis</strong></span> <span class='ocrx_word' id='word_1_193' title='bbox 869 773 1001 802; x_wconf 84' lang='lat' dir='ltr'><strong>tempore,</strong></span> 
     </span>
    </p>
   </div>
   <div class='ocr_carea' id='block_1_28' title="bbox 208 813 1001 849">
    <p class='ocr_par' dir='ltr' id='par_1_28' title="bbox 208 813 1001 849">
     <span class='ocr_line' id='line_1_28' title="bbox 208 813 1001 849; baseline 0.001 -8"><span class='ocrx_word' id='word_1_194' title='bbox 208 814 369 841; x_wconf 74' lang='lat' dir='ltr'><strong>excursione</strong></span> <span class='ocrx_word' id='word_1_195' title='bbox 395 814 444 840; x_wconf 86' lang='lat' dir='ltr'><strong>ista</strong></span> <span class='ocrx_word' id='word_1_196' title='bbox 470 818 559 848; x_wconf 77' lang='lat' dir='ltr'><strong>partes</strong></span> <span class='ocrx_word' id='word_1_197' title='bbox 591 813 695 848; x_wconf 86' lang='lat' dir='ltr'><strong>aliquot</strong></span> <span class='ocrx_word' id='word_1_198' title='bbox 715 813 870 849; x_wconf 73' lang='lat' dir='ltr'><strong>Babylonia:</strong></span> <span class='ocrx_word' id='word_1_199' title='bbox 891 815 1001 842; x_wconf 82' lang='lat' dir='ltr'><strong>infesta-</strong></span> 
     </span>
    </p>
   </div>
   <div class='ocr_carea' id='block_1_29' title="bbox 210 857 1000 895">
    <p class='ocr_par' dir='ltr' id='par_1_29' title="bbox 210 857 1000 895">
     <span class='ocr_line' id='line_1_29' title="bbox 210 857 1000 895; baseline 0.005 -12"><span class='ocrx_word' id='word_1_200' title='bbox 210 863 295 890; x_wconf 68' lang='lat' dir='ltr'><strong>\‘rrat;</strong></span> <span class='ocrx_word' id='word_1_201' title='bbox 312 865 365 892; x_wconf 81' lang='lat' dir='ltr'><strong>qua</strong></span> <span class='ocrx_word' id='word_1_202' title='bbox 383 859 417 885; x_wconf 77' lang='lat' dir='ltr'><strong>de</strong></span> <span class='ocrx_word' id='word_1_203' title='bbox 434 865 472 890; x_wconf 90' lang='lat' dir='ltr'><strong>re,</strong></span> <span class='ocrx_word' id='word_1_204' title='bbox 487 866 540 892; x_wconf 84' lang='lat' dir='ltr'><strong>quo</strong></span> <span class='ocrx_word' id='word_1_205' title='bbox 556 865 586 886; x_wconf 85' lang='lat' dir='ltr'><strong>ea</strong></span> <span class='ocrx_word' id='word_1_206' title='bbox 605 858 695 885; x_wconf 87' lang='lat' dir='ltr'><strong>animo</strong></span> <span class='ocrx_word' id='word_1_207' title='bbox 711 857 797 891; x_wconf 72' lang='lat' dir='ltr'><strong>fieret,</strong></span> <span class='ocrx_word' id='word_1_208' title='bbox 814 863 860 886; x_wconf 83' lang='lat' dir='ltr'><strong>aut</strong></span> <span class='ocrx_word' id='word_1_209' title='bbox 879 860 903 886; x_wconf 89' lang='lat' dir='ltr'><strong>itt</strong></span> <span class='ocrx_word' id='word_1_210' title='bbox 920 868 1000 895; x_wconf 76' lang='lat' dir='ltr'><strong>quam</strong></span> 
     </span>
    </p>
   </div>
   <div class='ocr_carea' id='block_1_30' title="bbox 208 897 1000 939">
    <p class='ocr_par' dir='ltr' id='par_1_30' title="bbox 208 897 1000 939">
     <span class='ocr_line' id='line_1_30' title="bbox 208 897 1000 939; baseline 0.004 -10"><span class='ocrx_word' id='word_1_211' title='bbox 208 910 314 938; x_wconf 79' lang='lat' dir='ltr'><strong>partem</strong></span> <span class='ocrx_word' id='word_1_212' title='bbox 339 903 494 939; x_wconf 83' lang='lat' dir='ltr'><strong>accipienda</strong></span> <span class='ocrx_word' id='word_1_213' title='bbox 511 909 604 937; x_wconf 89' lang='lat' dir='ltr'><strong>esset,</strong></span> <span class='ocrx_word' id='word_1_214' title='bbox 623 913 684 932; x_wconf 84' lang='lat' dir='ltr'><strong>cum</strong></span> <span class='ocrx_word' id='word_1_215' title='bbox 701 905 836 933; x_wconf 77' lang='lat' dir='ltr'><strong>dubitaret</strong></span> <span class='ocrx_word' id='word_1_216' title='bbox 853 897 1000 938; x_wconf 77' lang='lat' dir='ltr'><strong>Cltosroes,</strong></span> 
     </span>
    </p>
   </div>
   <div class='ocr_carea' id='block_1_31' title="bbox 209 950 998 989">
    <p class='ocr_par' dir='ltr' id='par_1_31' title="bbox 209 950 998 989">
     <span class='ocr_line' id='line_1_31' title="bbox 209 950 998 989; baseline 0.006 -13"><span class='ocrx_word' id='word_1_217' title='bbox 209 950 354 978; x_wconf 77' lang='lat' dir='ltr'><strong>Mauricius</strong></span> <span class='ocrx_word' id='word_1_218' title='bbox 366 951 393 978; x_wconf 91' lang='lat' dir='ltr'><strong>in</strong></span> <span class='ocrx_word' id='word_1_219' title='bbox 406 951 515 979; x_wconf 81' lang='lat' dir='ltr'><strong>Persida</strong></span> <span class='ocrx_word' id='word_1_220' title='bbox 529 952 610 979; x_wconf 89' lang='lat' dir='ltr'><strong>tttittit</strong></span> <span class='ocrx_word' id='word_1_221' title='bbox 624 952 740 987; x_wconf 73' lang='lat' dir='ltr'><strong>legatum</strong></span> <span class='ocrx_word' id='word_1_222' title='bbox 752 952 906 988; x_wconf 82' lang='lat' dir='ltr'><strong>Georgium,</strong></span> <span class='ocrx_word' id='word_1_223' title='bbox 922 955 998 989; x_wconf 76' lang='lat'><strong>131</strong></span> 
     </span>
    </p>
   </div>
   <div class='ocr_carea' id='block_1_32' title="bbox 208 997 999 1033">
    <p class='ocr_par' dir='ltr' id='par_1_32' title="bbox 208 997 999 1033">
     <span class='ocr_line' id='line_1_32' title="bbox 208 997 999 1033; baseline 0.008 -12"><span class='ocrx_word' id='word_1_224' title='bbox 208 997 253 1029; x_wconf 75' lang='lat' dir='ltr'><strong>uni</strong></span> <span class='ocrx_word' id='word_1_225' title='bbox 285 997 393 1023; x_wconf 82' lang='lat' dir='ltr'><strong>urbium</strong></span> <span class='ocrx_word' id='word_1_226' title='bbox 417 997 590 1024; x_wconf 83' lang='lat' dir='ltr'><strong>orientaliqu</strong></span> <span class='ocrx_word' id='word_1_227' title='bbox 620 997 728 1025; x_wconf 82' lang='lat' dir='ltr'><strong>tributis</strong></span> <span class='ocrx_word' id='word_1_228' title='bbox 763 999 907 1033; x_wconf 61' lang='lat' dir='ltr'><strong>prtefectus</strong></span> <span class='ocrx_word' id='word_1_229' title='bbox 931 1004 999 1029; x_wconf 85' lang='lat' dir='ltr'><strong>erat.</strong></span> 
     </span>
    </p>
   </div>
   <div class='ocr_carea' id='block_1_33' title="bbox 209 1042 1000 1082">
    <p class='ocr_par' dir='ltr' id='par_1_33' title="bbox 209 1042 1000 1082">
     <span class='ocr_line' id='line_1_33' title="bbox 209 1042 1000 1082; baseline 0.006 -14"><span class='ocrx_word' id='word_1_230' title='bbox 209 1042 260 1075; x_wconf 77' lang='lat' dir='ltr'><strong>vel,</strong></span> <span class='ocrx_word' id='word_1_231' title='bbox 278 1048 307 1070; x_wconf 90' lang='lat' dir='ltr'><strong>ut</strong></span> <span class='ocrx_word' id='word_1_232' title='bbox 323 1043 438 1070; x_wconf 79' lang='lat' dir='ltr'><strong>Romani</strong></span> <span class='ocrx_word' id='word_1_233' title='bbox 455 1050 565 1077; x_wconf 85' lang='lat' dir='ltr'><strong>vocant,</strong></span> <span class='ocrx_word' id='word_1_234' title='bbox 579 1043 722 1079; x_wconf 58' lang='lat' dir='ltr'><strong>praefectus</strong></span> <span class='ocrx_word' id='word_1_235' title='bbox 742 1045 879 1080; x_wconf 67' lang='lat' dir='ltr'><strong>praetorio.</strong></span> <span class='ocrx_word' id='word_1_236' title='bbox 895 1046 1000 1082; x_wconf 79' lang='lat' dir='ltr'><strong>Atgra-</strong></span> 
     </span>
    </p>
   </div>
   <div class='ocr_carea' id='block_1_34' title="bbox 209 1087 1001 1124">
    <p class='ocr_par' dir='ltr' id='par_1_34' title="bbox 209 1087 1001 1124">
     <span class='ocr_line' id='line_1_34' title="bbox 209 1087 1001 1124; baseline 0.008 -11"><span class='ocrx_word' id='word_1_237' title='bbox 209 1087 278 1114; x_wconf 88' lang='lat' dir='ltr'><strong>\iter</strong></span> <span class='ocrx_word' id='word_1_238' title='bbox 292 1088 385 1116; x_wconf 79' lang='lat' dir='ltr'><strong>ferens</strong></span> <span class='ocrx_word' id='word_1_239' title='bbox 410 1088 537 1124; x_wconf 83' lang='lat' dir='ltr'><strong>injtttiam</strong></span> <span class='ocrx_word' id='word_1_240' title='bbox 556 1089 656 1118; x_wconf 79' lang='lat' dir='ltr'><strong>illatam</strong></span> <span class='ocrx_word' id='word_1_241' title='bbox 686 1091 736 1118; x_wconf 86' lang='lat' dir='ltr'><strong>sibi</strong></span> <span class='ocrx_word' id='word_1_242' title='bbox 761 1090 914 1124; x_wconf 81' lang='lat' dir='ltr'><strong>Cltosroes,</strong></span> <span class='ocrx_word' id='word_1_243' title='bbox 938 1092 1001 1119; x_wconf 86' lang='lat' dir='ltr'><strong>reli-</strong></span> 
     </span>
    </p>
   </div>
   <div class='ocr_carea' id='block_1_35' title="bbox 209 1134 999 1171">
    <p class='ocr_par' dir='ltr' id='par_1_35' title="bbox 209 1134 999 1171">
     <span class='ocr_line' id='line_1_35' title="bbox 209 1134 999 1171; baseline 0.005 -11"><span class='ocrx_word' id='word_1_244' title='bbox 209 1140 280 1161; x_wconf 86' lang='lat' dir='ltr'><strong>ctum</strong></span> <span class='ocrx_word' id='word_1_245' title='bbox 289 1134 406 1168; x_wconf 72' lang='lat' dir='ltr'><strong>legatum</strong></span> <span class='ocrx_word' id='word_1_246' title='bbox 417 1135 516 1162; x_wconf 86' lang='lat' dir='ltr'><strong>multos</strong></span> <span class='ocrx_word' id='word_1_247' title='bbox 525 1135 583 1162; x_wconf 86' lang='lat' dir='ltr'><strong>dies</strong></span> <span class='ocrx_word' id='word_1_248' title='bbox 590 1135 615 1162; x_wconf 91' lang='lat' dir='ltr'><strong>iu</strong></span> <span class='ocrx_word' id='word_1_249' title='bbox 626 1136 741 1163; x_wconf 78' lang='lat' dir='ltr'><strong>barbara</strong></span> <span class='ocrx_word' id='word_1_250' title='bbox 750 1137 999 1171; x_wconf 82' lang='lat' dir='ltr'><strong>t-egionedistiuuit.</strong></span> 
     </span>
    </p>
   </div>
   <div class='ocr_carea' id='block_1_36' title="bbox 210 1175 999 1216">
    <p class='ocr_par' dir='ltr' id='par_1_36' title="bbox 210 1175 999 1216">
     <span class='ocr_line' id='line_1_36' title="bbox 210 1175 999 1216; baseline 0.004 -9"><span class='ocrx_word' id='word_1_251' title='bbox 210 1180 303 1215; x_wconf 80' lang='lat' dir='ltr'><strong>Itaque</strong></span> <span class='ocrx_word' id='word_1_252' title='bbox 318 1181 452 1215; x_wconf 79' lang='lat' dir='ltr'><strong>Georgius</strong></span> <span class='ocrx_word' id='word_1_253' title='bbox 467 1189 514 1216; x_wconf 77' lang='lat' dir='ltr'><strong>per</strong></span> <span class='ocrx_word' id='word_1_254' title='bbox 529 1180 627 1209; x_wconf 89' lang='lat' dir='ltr'><strong>multos</strong></span> <span class='ocrx_word' id='word_1_255' title='bbox 647 1181 706 1209; x_wconf 82' lang='lat' dir='ltr'><strong>dies</strong></span> <span class='ocrx_word' id='word_1_256' title='bbox 725 1182 874 1216; x_wconf 80' lang='lat' dir='ltr'><strong>detinetur,</strong></span> <span class='ocrx_word' id='word_1_257' title='bbox 890 1175 999 1210; x_wconf 81' lang='lat' dir='ltr'><strong>introitu</strong></span> 
     </span>
    </p>
   </div>
   <div class='ocr_carea' id='block_1_37' title="bbox 209 1226 1001 1263">
    <p class='ocr_par' dir='ltr' id='par_1_37' title="bbox 209 1226 1001 1263">
     <span class='ocr_line' id='line_1_37' title="bbox 209 1226 1001 1263; baseline 0.005 -11"><span class='ocrx_word' id='word_1_258' title='bbox 209 1227 235 1252; x_wconf 90' lang='lat' dir='ltr'><strong>in</strong></span> <span class='ocrx_word' id='word_1_259' title='bbox 261 1227 361 1261; x_wconf 78' lang='lat' dir='ltr'><strong>regiam</strong></span> <span class='ocrx_word' id='word_1_260' title='bbox 383 1226 502 1254; x_wconf 87' lang='lat' dir='ltr'><strong>nondum</strong></span> <span class='ocrx_word' id='word_1_261' title='bbox 523 1227 637 1262; x_wconf 84' lang='lat' dir='ltr'><strong>potitus,</strong></span> <span class='ocrx_word' id='word_1_262' title='bbox 661 1233 754 1263; x_wconf 86' lang='lat' dir='ltr'><strong>postea</strong></span> <span class='ocrx_word' id='word_1_263' title='bbox 776 1228 892 1256; x_wconf 82' lang='lat' dir='ltr'><strong>turbidis</strong></span> <span class='ocrx_word' id='word_1_264' title='bbox 914 1229 1001 1256; x_wconf 83' lang='lat' dir='ltr'><strong>Cltos—</strong></span> 
     </span>
    </p>
   </div>
   <div class='ocr_carea' id='block_1_38' title="bbox 209 1272 1000 1307">
    <p class='ocr_par' dir='ltr' id='par_1_38' title="bbox 209 1272 1000 1307">
     <span class='ocr_line' id='line_1_38' title="bbox 209 1272 1000 1307; baseline 0.005 -10"><span class='ocrx_word' id='word_1_265' title='bbox 209 1278 263 1298; x_wconf 74' lang='grc' dir='ltr'>ι·οω</span> <span class='ocrx_word' id='word_1_266' title='bbox 279 1272 369 1303; x_wconf 84' lang='lat' dir='ltr'><strong>rebus,</strong></span> <span class='ocrx_word' id='word_1_267' title='bbox 391 1273 490 1299; x_wconf 91' lang='lat' dir='ltr'><strong>bonum</strong></span> <span class='ocrx_word' id='word_1_268' title='bbox 507 1273 595 1300; x_wconf 87' lang='lat' dir='ltr'><strong>visum</strong></span> <span class='ocrx_word' id='word_1_269' title='bbox 617 1278 659 1300; x_wconf 87' lang='lat' dir='ltr'><strong>est</strong></span> <span class='ocrx_word' id='word_1_270' title='bbox 673 1273 805 1307; x_wconf 83' lang='lat' dir='ltr'><strong>Barbaro,</strong></span> <span class='ocrx_word' id='word_1_271' title='bbox 822 1281 857 1302; x_wconf 90' lang='lat' dir='ltr'><strong>ne</strong></span> <span class='ocrx_word' id='word_1_272' title='bbox 870 1277 926 1301; x_wconf 91' lang='lat' dir='ltr'><strong>tum</strong></span> <span class='ocrx_word' id='word_1_273' title='bbox 942 1274 1000 1301; x_wconf 85' lang='lat' dir='ltr'><strong>bel-</strong></span> 
     </span>
    </p>
   </div>
   <div class='ocr_carea' id='block_1_39' title="bbox 208 1318 1000 1356">
    <p class='ocr_par' dir='ltr' id='par_1_39' title="bbox 208 1318 1000 1356">
     <span class='ocr_line' id='line_1_39' title="bbox 208 1318 1000 1356; baseline 0.005 -13"><span class='ocrx_word' id='word_1_274' title='bbox 208 1318 263 1344; x_wconf 88' lang='lat' dir='ltr'><strong>lum</strong></span> <span class='ocrx_word' id='word_1_275' title='bbox 280 1323 373 1345; x_wconf 79' lang='lat' dir='ltr'><strong>contra</strong></span> <span class='ocrx_word' id='word_1_276' title='bbox 391 1318 530 1346; x_wconf 71' lang='lat' dir='ltr'><strong>lioutanos</strong></span> <span class='ocrx_word' id='word_1_277' title='bbox 556 1320 718 1355; x_wconf 66' lang='lat' dir='ltr'><strong>inti-gereret</strong></span> <span class='ocrx_word' id='word_1_278' title='bbox 737 1322 799 1348; x_wconf 85' lang='lat' dir='ltr'><strong>:sic</strong></span> <span class='ocrx_word' id='word_1_279' title='bbox 821 1319 953 1356; x_wconf 78' lang='lat' dir='ltr'><strong>Georgius</strong></span> <span class='ocrx_word' id='word_1_280' title='bbox 972 1320 1000 1347; x_wconf 94' lang='lat' dir='ltr'><strong>in</strong></span> 
     </span>
    </p>
   </div>
   <div class='ocr_carea' id='block_1_40' title="bbox 208 1364 1000 1402">
    <p class='ocr_par' dir='ltr' id='par_1_40' title="bbox 208 1364 1000 1402">
     <span class='ocr_line' id='line_1_40' title="bbox 208 1364 1000 1402; baseline 0.005 -12"><span class='ocrx_word' id='word_1_281' title='bbox 208 1364 310 1398; x_wconf 70' lang='lat' dir='ltr'><strong>regiam</strong></span> <span class='ocrx_word' id='word_1_282' title='bbox 332 1370 454 1398; x_wconf 63' lang='lat' dir='ltr'><strong>I‘CCl&#39;plliS</strong></span> <span class='ocrx_word' id='word_1_283' title='bbox 471 1373 487 1392; x_wconf 84' lang='lat' dir='ltr'><strong>a</strong></span> <span class='ocrx_word' id='word_1_284' title='bbox 511 1372 572 1400; x_wconf 82' lang='lat' dir='ltr'><strong>rege</strong></span> <span class='ocrx_word' id='word_1_285' title='bbox 592 1365 757 1400; x_wconf 78' lang='lat' dir='ltr'><strong>Babylonio,</strong></span> <span class='ocrx_word' id='word_1_286' title='bbox 775 1374 836 1393; x_wconf 86' lang='lat' dir='ltr'><strong>cum</strong></span> <span class='ocrx_word' id='word_1_287' title='bbox 860 1368 1000 1402; x_wconf 71' lang='lat' dir='ltr'><strong>praesentis</strong></span> 
     </span>
    </p>
   </div>
   <div class='ocr_carea' id='block_1_41' title="bbox 208 1411 1001 1447">
    <p class='ocr_par' dir='ltr' id='par_1_41' title="bbox 208 1411 1001 1447">
     <span class='ocr_line' id='line_1_41' title="bbox 208 1411 1001 1447; baseline 0.006 -12"><span class='ocrx_word' id='word_1_288' title='bbox 208 1415 263 1436; x_wconf 88' lang='lat' dir='ltr'><strong>tttttt</strong></span> <span class='ocrx_word' id='word_1_289' title='bbox 278 1413 407 1445; x_wconf 65' lang='lat' dir='ltr'><strong>leulp&#39;tlls</strong></span> <span class='ocrx_word' id='word_1_290' title='bbox 427 1415 527 1437; x_wconf 79' lang='lat' dir='ltr'><strong>stutum</strong></span> <span class='ocrx_word' id='word_1_291' title='bbox 548 1411 685 1438; x_wconf 82' lang='lat' dir='ltr'><strong>faventem</strong></span> <span class='ocrx_word' id='word_1_292' title='bbox 707 1412 838 1444; x_wconf 79' lang='lat' dir='ltr'><strong>haberet,</strong></span> <span class='ocrx_word' id='word_1_293' title='bbox 855 1412 1001 1447; x_wconf 80' lang='lat' dir='ltr'><strong>persuadet</strong></span> 
     </span>
    </p>
   </div>
   <div class='ocr_carea' id='block_1_42' title="bbox 207 1453 1000 1493">
    <p class='ocr_par' dir='ltr' id='par_1_42' title="bbox 207 1453 1000 1493">
     <span class='ocr_line' id='line_1_42' title="bbox 207 1453 1000 1493; baseline 0.009 -13"><span class='ocrx_word' id='word_1_294' title='bbox 207 1453 356 1482; x_wconf 76' lang='lat' dir='ltr'><strong>Barbarum</strong></span> <span class='ocrx_word' id='word_1_295' title='bbox 373 1463 406 1482; x_wconf 90' lang='lat' dir='ltr'><strong>ne</strong></span> <span class='ocrx_word' id='word_1_296' title='bbox 419 1457 493 1490; x_wconf 77' lang='lat' dir='ltr'><strong>pacis</strong></span> <span class='ocrx_word' id='word_1_297' title='bbox 507 1461 585 1491; x_wconf 88' lang='lat' dir='ltr'><strong>pacta</strong></span> <span class='ocrx_word' id='word_1_298' title='bbox 600 1456 758 1491; x_wconf 86' lang='lat' dir='ltr'><strong>transiliret,</strong></span> <span class='ocrx_word' id='word_1_299' title='bbox 774 1465 806 1485; x_wconf 85' lang='lat' dir='ltr'><strong>eo</strong></span> <span class='ocrx_word' id='word_1_300' title='bbox 824 1457 906 1493; x_wconf 86' lang='lat' dir='ltr'><strong>igitur</strong></span> <span class='ocrx_word' id='word_1_301' title='bbox 920 1459 1000 1486; x_wconf 88' lang='lat' dir='ltr'><strong>modo</strong></span> 
     </span>
    </p>
   </div>
   <div class='ocr_carea' id='block_1_43' title="bbox 1051 763 1842 804">
    <p class='ocr_par' dir='ltr' id='par_1_43' title="bbox 1051 763 1842 804">
     <span class='ocr_line' id='line_1_43' title="bbox 1051 763 1842 804; baseline -0.005 -10"><span class='ocrx_word' id='word_1_302' title='bbox 1051 766 1132 804; x_wconf 86' lang='grc' dir='ltr'>ἦσαν.</span> <span class='ocrx_word' id='word_1_303' title='bbox 1148 767 1202 794; x_wconf 82' lang='grc' dir='ltr'>Καί</span> <span class='ocrx_word' id='word_1_304' title='bbox 1214 776 1257 799; x_wconf 84' lang='grc' dir='ltr'><strong>τις</strong></span> <span class='ocrx_word' id='word_1_305' title='bbox 1271 767 1304 794; x_wconf 78' lang='grc' dir='ltr'>ἐκ</span> <span class='ocrx_word' id='word_1_306' title='bbox 1315 767 1417 794; x_wconf 83' lang='grc' dir='ltr'>τούτων</span> <span class='ocrx_word' id='word_1_307' title='bbox 1432 766 1589 800; x_wconf 80' lang='grc' dir='ltr'>ἀπόδασμος</span> <span class='ocrx_word' id='word_1_308' title='bbox 1603 766 1643 797; x_wconf 88' lang='grc' dir='ltr'><strong>είς</strong></span> <span class='ocrx_word' id='word_1_309' title='bbox 1659 765 1710 800; x_wconf 86' lang='grc' dir='ltr'><strong>τὴν</strong></span> <span class='ocrx_word' id='word_1_310' title='bbox 1723 763 1842 799; x_wconf 76' lang='grc' dir='ltr'><strong>Περσίδα</strong></span> 
     </span>
    </p>
   </div>
   <div class='ocr_carea' id='block_1_44' title="bbox 1053 810 1842 850">
    <p class='ocr_par' dir='ltr' id='par_1_44' title="bbox 1053 810 1842 850">
     <span class='ocr_line' id='line_1_44' title="bbox 1053 810 1842 850; baseline -0.009 -8"><span class='ocrx_word' id='word_1_311' title='bbox 1053 815 1183 850; x_wconf 80' lang='grc' dir='ltr'><strong>χωρήσας</strong></span> <span class='ocrx_word' id='word_1_312' title='bbox 1208 814 1279 841; x_wconf 74' lang='grc' dir='ltr'>κατὰ</span> <span class='ocrx_word' id='word_1_313' title='bbox 1293 813 1339 840; x_wconf 77' lang='grc' dir='ltr'>τὸν</span> <span class='ocrx_word' id='word_1_314' title='bbox 1357 813 1468 848; x_wconf 81' lang='grc' dir='ltr'><strong>εἰρήνης</strong></span> <span class='ocrx_word' id='word_1_315' title='bbox 1492 811 1599 847; x_wconf 85' lang='grc' dir='ltr'>καιρὸν,</span> <span class='ocrx_word' id='word_1_316' title='bbox 1622 811 1656 845; x_wconf 82' lang='grc' dir='ltr'>τῇ</span> <span class='ocrx_word' id='word_1_317' title='bbox 1672 810 1842 844; x_wconf 80' lang='grc' dir='ltr'>ὲπεκδρομῇ,</span> 
     </span>
    </p>
   </div>
   <div class='ocr_carea' id='block_1_45' title="bbox 1058 856 1844 898">
    <p class='ocr_par' dir='ltr' id='par_1_45' title="bbox 1058 856 1844 898">
     <span class='ocr_line' id='line_1_45' title="bbox 1058 856 1844 898; baseline -0.008 -10"><span class='ocrx_word' id='word_1_318' title='bbox 1058 863 1129 898; x_wconf 70' lang='grc' dir='ltr'>μέρη</span> <span class='ocrx_word' id='word_1_319' title='bbox 1152 862 1214 888; x_wconf 76' lang='grc' dir='ltr'>τινα</span> <span class='ocrx_word' id='word_1_320' title='bbox 1235 860 1285 896; x_wconf 86' lang='grc' dir='ltr'>τῆς</span> <span class='ocrx_word' id='word_1_321' title='bbox 1301 859 1475 891; x_wconf 82' lang='grc' dir='ltr'>Βαϐυλωνίας</span> <span class='ocrx_word' id='word_1_322' title='bbox 1502 858 1733 895; x_wconf 84' lang='grc' dir='ltr'>προενομεύσατο.</span> <span class='ocrx_word' id='word_1_323' title='bbox 1747 856 1844 883; x_wconf 71' lang='grc' dir='ltr'>Ἔνθεν</span> 
     </span>
    </p>
   </div>
   <div class='ocr_carea' id='block_1_46' title="bbox 1054 902 1844 943">
    <p class='ocr_par' dir='ltr' id='par_1_46' title="bbox 1054 902 1844 943">
     <span class='ocr_line' id='line_1_46' title="bbox 1054 902 1844 943; baseline -0.009 -8"><span class='ocrx_word' id='word_1_324' title='bbox 1054 907 1244 943; x_wconf 71' lang='grc' dir='ltr'><strong>διαπορεῖσθαι</strong></span> <span class='ocrx_word' id='word_1_325' title='bbox 1261 908 1276 934; x_wconf 86' lang='lat'><strong>6</strong></span> <span class='ocrx_word' id='word_1_326' title='bbox 1292 906 1416 942; x_wconf 82' lang='grc' dir='ltr'>Χοσρόης</span> <span class='ocrx_word' id='word_1_327' title='bbox 1430 905 1518 940; x_wconf 76' lang='grc' dir='ltr'>ἠξίου,</span> <span class='ocrx_word' id='word_1_328' title='bbox 1541 905 1590 932; x_wconf 79' lang='grc' dir='ltr'><strong>Διὰ</strong></span> <span class='ocrx_word' id='word_1_329' title='bbox 1606 903 1687 930; x_wconf 83' lang='grc' dir='ltr'>τοῦτο</span> <span class='ocrx_word' id='word_1_330' title='bbox 1699 903 1714 929; x_wconf 97' lang='lat'><strong>6</strong></span> <span class='ocrx_word' id='word_1_331' title='bbox 1733 902 1844 937; x_wconf 85' lang='grc' dir='ltr'>Μαυρί-</span> 
     </span>
    </p>
   </div>
   <div class='ocr_carea' id='block_1_47' title="bbox 1056 946 1843 988">
    <p class='ocr_par' dir='ltr' id='par_1_47' title="bbox 1056 946 1843 988">
     <span class='ocr_line' id='line_1_47' title="bbox 1056 946 1843 988; baseline -0.01 -8"><span class='ocrx_word' id='word_1_332' title='bbox 1056 963 1114 985; x_wconf 83' lang='grc' dir='ltr'>κιος</span> <span class='ocrx_word' id='word_1_333' title='bbox 1134 954 1174 984; x_wconf 82' lang='grc' dir='ltr'><strong>είς</strong></span> <span class='ocrx_word' id='word_1_334' title='bbox 1197 952 1246 988; x_wconf 85' lang='grc' dir='ltr'>τὴν</span> <span class='ocrx_word' id='word_1_335' title='bbox 1263 951 1383 987; x_wconf 79' lang='grc' dir='ltr'><strong>Περσίδα</strong></span> <span class='ocrx_word' id='word_1_336' title='bbox 1400 950 1507 985; x_wconf 80' lang='grc' dir='ltr'><strong>πέμπει</strong></span> <span class='ocrx_word' id='word_1_337' title='bbox 1521 948 1636 984; x_wconf 79' lang='grc' dir='ltr'>πρέσϐιν</span> <span class='ocrx_word' id='word_1_338' title='bbox 1651 947 1798 982; x_wconf 81' lang='grc' dir='ltr'>Γεώργιον,</span> <span class='ocrx_word' id='word_1_339' title='bbox 1814 946 1843 978; x_wconf 70' lang='grc' dir='ltr'>ὃς</span> 
     </span>
    </p>
   </div>
   <div class='ocr_carea' id='block_1_48' title="bbox 1055 991 1844 1034">
    <p class='ocr_par' dir='ltr' id='par_1_48' title="bbox 1055 991 1844 1034">
     <span class='ocr_line' id='line_1_48' title="bbox 1055 991 1844 1034; baseline -0.013 -7"><span class='ocrx_word' id='word_1_340' title='bbox 1055 1001 1103 1034; x_wconf 78' lang='grc' dir='ltr'>τῆς</span> <span class='ocrx_word' id='word_1_341' title='bbox 1116 999 1192 1034; x_wconf 81' lang='grc' dir='ltr'>ἑῴων</span> <span class='ocrx_word' id='word_1_342' title='bbox 1207 998 1311 1025; x_wconf 79' lang='grc' dir='ltr'>πόλεων</span> <span class='ocrx_word' id='word_1_343' title='bbox 1323 996 1483 1032; x_wconf 82' lang='grc' dir='ltr'>φορολογίας</span> <span class='ocrx_word' id='word_1_344' title='bbox 1494 995 1543 1030; x_wconf 87' lang='grc' dir='ltr'><strong>τὴν</strong></span> <span class='ocrx_word' id='word_1_345' title='bbox 1555 993 1718 1020; x_wconf 75' lang='grc' dir='ltr'>ἐπιστασίαν</span> <span class='ocrx_word' id='word_1_346' title='bbox 1729 991 1844 1026; x_wconf 72' lang='grc' dir='ltr'>ἐκέκτη-</span> 
     </span>
    </p>
   </div>
   <div class='ocr_carea' id='block_1_49' title="bbox 1054 1038 1843 1080">
    <p class='ocr_par' dir='ltr' id='par_1_49' title="bbox 1054 1038 1843 1080">
     <span class='ocr_line' id='line_1_49' title="bbox 1054 1038 1843 1080; baseline -0.01 -7"><span class='ocrx_word' id='word_1_347' title='bbox 1054 1055 1094 1073; x_wconf 86' lang='grc' dir='ltr'>το.</span> <span class='ocrx_word' id='word_1_348' title='bbox 1109 1045 1210 1072; x_wconf 83' lang='grc' dir='ltr'>Τοῦτον</span> <span class='ocrx_word' id='word_1_349' title='bbox 1232 1045 1406 1080; x_wconf 80' lang='grc' dir='ltr'>πραιτωρίων</span> <span class='ocrx_word' id='word_1_350' title='bbox 1436 1042 1555 1077; x_wconf 77' lang='grc' dir='ltr'>ἔπαρχον</span> <span class='ocrx_word' id='word_1_351' title='bbox 1583 1039 1754 1068; x_wconf 77' lang='grc' dir='ltr'>ἀποκαλοῦσι</span> <span class='ocrx_word' id='word_1_352' title='bbox 1776 1038 1843 1065; x_wconf 85' lang='grc' dir='ltr'><strong>Ῥω-</strong></span> 
     </span>
    </p>
   </div>
   <div class='ocr_carea' id='block_1_50' title="bbox 1057 1085 1843 1124">
    <p class='ocr_par' dir='ltr' id='par_1_50' title="bbox 1057 1085 1843 1124">
     <span class='ocr_line' id='line_1_50' title="bbox 1057 1085 1843 1124; baseline -0.01 -7"><span class='ocrx_word' id='word_1_353' title='bbox 1057 1091 1141 1124; x_wconf 81' lang='grc' dir='ltr'>μαῖοι.</span> <span class='ocrx_word' id='word_1_354' title='bbox 1164 1089 1192 1116; x_wconf 94' lang='lat'><strong>&#39;0</strong></span> <span class='ocrx_word' id='word_1_355' title='bbox 1208 1089 1236 1115; x_wconf 80' lang='grc' dir='ltr'>δὲ</span> <span class='ocrx_word' id='word_1_356' title='bbox 1256 1088 1378 1124; x_wconf 74' lang='grc' dir='ltr'>Χοσρόης</span> <span class='ocrx_word' id='word_1_357' title='bbox 1394 1087 1561 1114; x_wconf 82' lang='grc' dir='ltr'>δεινοπαθῶν</span> <span class='ocrx_word' id='word_1_358' title='bbox 1580 1086 1626 1112; x_wconf 76' lang='grc' dir='ltr'><strong>ἐπὶ</strong></span> <span class='ocrx_word' id='word_1_359' title='bbox 1638 1086 1694 1114; x_wconf 78' lang='grc' dir='ltr'>τοῖς</span> <span class='ocrx_word' id='word_1_360' title='bbox 1708 1085 1843 1118; x_wconf 78' lang='grc' dir='ltr'>γεγονόσι,</span> 
     </span>
    </p>
   </div>
   <div class='ocr_carea' id='block_1_51' title="bbox 1057 1129 1844 1171">
    <p class='ocr_par' dir='ltr' id='par_1_51' title="bbox 1057 1129 1844 1171">
     <span class='ocr_line' id='line_1_51' title="bbox 1057 1129 1844 1171; baseline -0.009 -9"><span class='ocrx_word' id='word_1_361' title='bbox 1057 1135 1209 1171; x_wconf 76' lang='grc' dir='ltr'>παρελύπει</span> <span class='ocrx_word' id='word_1_362' title='bbox 1234 1135 1280 1161; x_wconf 77' lang='grc' dir='ltr'>τὸν</span> <span class='ocrx_word' id='word_1_363' title='bbox 1305 1134 1430 1169; x_wconf 76' lang='grc' dir='ltr'>πρέσϐιν,</span> <span class='ocrx_word' id='word_1_364' title='bbox 1458 1133 1505 1160; x_wconf 75' lang='grc' dir='ltr'><strong>καὶ</strong></span> <span class='ocrx_word' id='word_1_365' title='bbox 1524 1131 1625 1167; x_wconf 76' lang='grc' dir='ltr'>πολλὴν</span> <span class='ocrx_word' id='word_1_366' title='bbox 1649 1131 1746 1166; x_wconf 78' lang='grc' dir='ltr'>τριϐὴν</span> <span class='ocrx_word' id='word_1_367' title='bbox 1766 1129 1844 1164; x_wconf 71' lang='grc' dir='ltr'>αὐτῷ</span> 
     </span>
    </p>
   </div>
   <div class='ocr_carea' id='block_1_52' title="bbox 1057 1177 1844 1217">
    <p class='ocr_par' dir='ltr' id='par_1_52' title="bbox 1057 1177 1844 1217">
     <span class='ocr_line' id='line_1_52' title="bbox 1057 1177 1844 1217; baseline -0.008 -9"><span class='ocrx_word' id='word_1_368' title='bbox 1057 1183 1122 1217; x_wconf 76' lang='grc' dir='ltr'>περὶ</span> <span class='ocrx_word' id='word_1_369' title='bbox 1141 1182 1190 1217; x_wconf 78' lang='grc' dir='ltr'><strong>τὴν</strong></span> <span class='ocrx_word' id='word_1_370' title='bbox 1215 1181 1353 1216; x_wconf 78' lang='grc' dir='ltr'>βάρϐαρον</span> <span class='ocrx_word' id='word_1_371' title='bbox 1370 1179 1461 1215; x_wconf 85' lang='grc' dir='ltr'>χώραν</span> <span class='ocrx_word' id='word_1_372' title='bbox 1478 1177 1715 1214; x_wconf 68' lang='grc' dir='ltr'>ἐπραγματεύετο.</span> <span class='ocrx_word' id='word_1_373' title='bbox 1737 1177 1844 1211; x_wconf 77' lang='grc' dir='ltr'>Σκληρ-</span> 
     </span>
    </p>
   </div>
   <div class='ocr_carea' id='block_1_53' title="bbox 1055 1223 1843 1263">
    <p class='ocr_par' dir='ltr' id='par_1_53' title="bbox 1055 1223 1843 1263">
     <span class='ocr_line' id='line_1_53' title="bbox 1055 1223 1843 1263; baseline -0.01 -7"><span class='ocrx_word' id='word_1_374' title='bbox 1055 1230 1205 1263; x_wconf 81' lang='grc' dir='ltr'>αγωγεῖται</span> <span class='ocrx_word' id='word_1_375' title='bbox 1219 1225 1265 1255; x_wconf 78' lang='grc' dir='ltr'>οὖν</span> <span class='ocrx_word' id='word_1_376' title='bbox 1282 1228 1296 1254; x_wconf 87' lang='lat'><strong>6</strong></span> <span class='ocrx_word' id='word_1_377' title='bbox 1313 1227 1451 1262; x_wconf 85' lang='grc' dir='ltr'>Γεώργιος</span> <span class='ocrx_word' id='word_1_378' title='bbox 1465 1225 1572 1262; x_wconf 80' lang='grc' dir='ltr'>ἡμέρας</span> <span class='ocrx_word' id='word_1_379' title='bbox 1597 1226 1637 1256; x_wconf 85' lang='grc' dir='ltr'><strong>είς</strong></span> <span class='ocrx_word' id='word_1_380' title='bbox 1651 1224 1701 1259; x_wconf 83' lang='grc' dir='ltr'>τὴν</span> <span class='ocrx_word' id='word_1_381' title='bbox 1724 1223 1843 1258; x_wconf 76' lang='grc' dir='ltr'>Περσίδα</span> 
     </span>
    </p>
   </div>
   <div class='ocr_carea' id='block_1_54' title="bbox 1056 1269 1842 1309">
    <p class='ocr_par' dir='ltr' id='par_1_54' title="bbox 1056 1269 1842 1309">
     <span class='ocr_line' id='line_1_54' title="bbox 1056 1269 1842 1309; baseline -0.006 -8"><span class='ocrx_word' id='word_1_382' title='bbox 1056 1274 1167 1306; x_wconf 74' lang='grc' dir='ltr'>πολλὰς,</span> <span class='ocrx_word' id='word_1_383' title='bbox 1193 1274 1244 1308; x_wconf 88' lang='grc' dir='ltr'><strong>τῆς</strong></span> <span class='ocrx_word' id='word_1_384' title='bbox 1269 1273 1407 1309; x_wconf 77' lang='grc' dir='ltr'>βασιλείας</span> <span class='ocrx_word' id='word_1_385' title='bbox 1425 1272 1528 1299; x_wconf 84' lang='grc' dir='ltr'>είσόδου</span> <span class='ocrx_word' id='word_1_386' title='bbox 1545 1271 1680 1307; x_wconf 80' lang='grc' dir='ltr'><strong>μηδαμῶς</strong></span> <span class='ocrx_word' id='word_1_387' title='bbox 1694 1269 1842 1305; x_wconf 82' lang='grc' dir='ltr'>τετευχώς.</span> 
     </span>
    </p>
   </div>
   <div class='ocr_carea' id='block_1_55' title="bbox 1057 1315 1843 1354">
    <p class='ocr_par' dir='ltr' id='par_1_55' title="bbox 1057 1315 1843 1354">
     <span class='ocr_line' id='line_1_55' title="bbox 1057 1315 1843 1354; baseline -0.008 -7"><span class='ocrx_word' id='word_1_388' title='bbox 1057 1322 1117 1347; x_wconf 84' lang='grc' dir='ltr'><strong>Ἔτι</strong></span> <span class='ocrx_word' id='word_1_389' title='bbox 1132 1320 1221 1347; x_wconf 78' lang='grc' dir='ltr'>τοίνυν</span> <span class='ocrx_word' id='word_1_390' title='bbox 1232 1319 1286 1346; x_wconf 85' lang='grc' dir='ltr'><strong>τῶν</strong></span> <span class='ocrx_word' id='word_1_391' title='bbox 1299 1318 1471 1354; x_wconf 77' lang='grc' dir='ltr'>πραγμάτων</span> <span class='ocrx_word' id='word_1_392' title='bbox 1490 1316 1709 1351; x_wconf 71' lang='grc' dir='ltr'>πασιαζομένων</span> <span class='ocrx_word' id='word_1_393' title='bbox 1722 1315 1843 1350; x_wconf 73' lang='grc' dir='ltr'><strong>Χοσρὸῃ.</strong></span> 
     </span>
    </p>
   </div>
   <div class='ocr_carea' id='block_1_56' title="bbox 1055 1363 1858 1405">
    <p class='ocr_par' dir='ltr' id='par_1_56' title="bbox 1055 1363 1858 1405">
     <span class='ocr_line' id='line_1_56' title="bbox 1055 1363 1858 1405; baseline -0.007 -11"><span class='ocrx_word' id='word_1_394' title='bbox 1055 1367 1167 1398; x_wconf 80' lang='grc' dir='ltr'><strong>εἰκότως</strong></span> <span class='ocrx_word' id='word_1_395' title='bbox 1192 1366 1232 1401; x_wconf 85' lang='grc' dir='ltr'><strong>τῷ</strong></span> <span class='ocrx_word' id='word_1_396' title='bbox 1255 1365 1389 1401; x_wconf 79' lang='grc' dir='ltr'>Βαρϐάρῳ</span> <span class='ocrx_word' id='word_1_397' title='bbox 1403 1365 1516 1392; x_wconf 84' lang='grc' dir='ltr'>ὑπόνοια</span> <span class='ocrx_word' id='word_1_398' title='bbox 1536 1364 1642 1398; x_wconf 89' lang='grc' dir='ltr'>γίνεται</span> <span class='ocrx_word' id='word_1_399' title='bbox 1661 1363 1699 1398; x_wconf 83' lang='grc' dir='ltr'>μὴ</span> <span class='ocrx_word' id='word_1_400' title='bbox 1723 1363 1858 1405; x_wconf 39' lang='grc' dir='ltr'>ἄρασθαι.</span> 
     </span>
    </p>
   </div>
   <div class='ocr_carea' id='block_1_57' title="bbox 1055 1410 1845 1449">
    <p class='ocr_par' dir='ltr' id='par_1_57' title="bbox 1055 1410 1845 1449">
     <span class='ocr_line' id='line_1_57' title="bbox 1055 1410 1845 1449; baseline -0.006 -8"><span class='ocrx_word' id='word_1_401' title='bbox 1055 1414 1124 1446; x_wconf 82' lang='grc' dir='ltr'>τέως</span> <span class='ocrx_word' id='word_1_402' title='bbox 1140 1413 1209 1449; x_wconf 83' lang='grc' dir='ltr'>πρὸς</span> <span class='ocrx_word' id='word_1_403' title='bbox 1230 1412 1382 1447; x_wconf 80' lang='grc' dir='ltr'>Ῥωμαίους</span> <span class='ocrx_word' id='word_1_404' title='bbox 1400 1411 1447 1438; x_wconf 76' lang='grc' dir='ltr'>τὸν</span> <span class='ocrx_word' id='word_1_405' title='bbox 1463 1410 1592 1444; x_wconf 86' lang='grc' dir='ltr'>πόλεμον.</span> <span class='ocrx_word' id='word_1_406' title='bbox 1609 1410 1766 1445; x_wconf 77' lang='grc' dir='ltr'>Είσδέχεται</span> <span class='ocrx_word' id='word_1_407' title='bbox 1789 1410 1845 1436; x_wconf 89' lang='grc' dir='ltr'>τοί-</span> 
     </span>
    </p>
   </div>
   <div class='ocr_carea' id='block_1_58' title="bbox 1053 1456 1846 1494">
    <p class='ocr_par' dir='ltr' id='par_1_58' title="bbox 1053 1456 1846 1494">
     <span class='ocr_line' id='line_1_58' title="bbox 1053 1456 1846 1494; baseline -0.005 -8"><span class='ocrx_word' id='word_1_408' title='bbox 1053 1468 1101 1486; x_wconf 82' lang='grc' dir='ltr'><strong>νυν</strong></span> <span class='ocrx_word' id='word_1_409' title='bbox 1116 1459 1163 1486; x_wconf 72' lang='grc' dir='ltr'>τὸν</span> <span class='ocrx_word' id='word_1_410' title='bbox 1185 1459 1322 1494; x_wconf 82' lang='grc' dir='ltr'>Γεὼργιον</span> <span class='ocrx_word' id='word_1_411' title='bbox 1346 1458 1360 1484; x_wconf 88' lang='lat'><strong>6</strong></span> <span class='ocrx_word' id='word_1_412' title='bbox 1388 1456 1560 1488; x_wconf 81' lang='grc' dir='ltr'>Βαϐυλώνιος</span> <span class='ocrx_word' id='word_1_413' title='bbox 1585 1456 1712 1492; x_wconf 78' lang='grc' dir='ltr'>βασιλεὺς</span> <span class='ocrx_word' id='word_1_414' title='bbox 1736 1456 1778 1487; x_wconf 81' lang='grc' dir='ltr'><strong>είς</strong></span> <span class='ocrx_word' id='word_1_415' title='bbox 1808 1456 1846 1482; x_wconf 83' lang='grc' dir='ltr'>τὰ</span> 
     </span>
    </p>
   </div>
   <div class='ocr_carea' id='block_1_59' title="bbox 209 1499 1000 1542">
    <p class='ocr_par' dir='ltr' id='par_1_59' title="bbox 209 1499 1000 1540">
     <span class='ocr_line' id='line_1_59' title="bbox 209 1499 1000 1540; baseline 0.009 -14"><span class='ocrx_word' id='word_1_416' title='bbox 209 1499 346 1528; x_wconf 80' lang='lat' dir='ltr'><strong>Chesroes</strong></span> <span class='ocrx_word' id='word_1_417' title='bbox 358 1501 450 1528; x_wconf 81' lang='lat' dir='ltr'><strong>volens</strong></span> <span class='ocrx_word' id='word_1_418' title='bbox 466 1502 561 1529; x_wconf 83' lang='lat' dir='ltr'><strong>nolens</strong></span> <span class='ocrx_word' id='word_1_419' title='bbox 579 1510 671 1537; x_wconf 84' lang='lat' dir='ltr'><strong>pacem</strong></span> <span class='ocrx_word' id='word_1_420' title='bbox 685 1504 867 1538; x_wconf 87' lang='lat' dir='ltr'><strong>amplectitur.</strong></span> <span class='ocrx_word' id='word_1_421' title='bbox 883 1504 1000 1540; x_wconf 75' lang='lat' dir='ltr'><strong>Legatus</strong></span> 
     </span>
    </p>
   </div>
   <div class='ocr_carea' id='block_1_60' title="bbox 1053 1499 1844 1542">
    <p class='ocr_par' dir='ltr' id='par_1_60' title="bbox 1053 1502 1844 1542">
     <span class='ocr_line' id='line_1_60' title="bbox 1053 1502 1844 1542; baseline -0.006 -9"><span class='ocrx_word' id='word_1_422' title='bbox 1053 1505 1184 1542; x_wconf 80' lang='grc' dir='ltr'>βασίλεια.</span> <span class='ocrx_word' id='word_1_423' title='bbox 1205 1504 1233 1531; x_wconf 91' lang='lat'><strong>&#39;0</strong></span> <span class='ocrx_word' id='word_1_424' title='bbox 1250 1503 1300 1539; x_wconf 79' lang='grc' dir='ltr'><strong>μὲν</strong></span> <span class='ocrx_word' id='word_1_425' title='bbox 1320 1502 1367 1530; x_wconf 81' lang='grc' dir='ltr'><strong>οὖν</strong></span> <span class='ocrx_word' id='word_1_426' title='bbox 1388 1502 1524 1540; x_wconf 84' lang='grc' dir='ltr'>Γεώργιος</span> <span class='ocrx_word' id='word_1_427' title='bbox 1538 1502 1588 1538; x_wconf 78' lang='grc' dir='ltr'>τὴν</span> <span class='ocrx_word' id='word_1_428' title='bbox 1601 1502 1648 1529; x_wconf 80' lang='grc' dir='ltr'>τοῦ</span> <span class='ocrx_word' id='word_1_429' title='bbox 1662 1502 1760 1538; x_wconf 81' lang='grc' dir='ltr'>καιροῦ</span> <span class='ocrx_word' id='word_1_430' title='bbox 1774 1509 1844 1536; x_wconf 86' lang='grc' dir='ltr'>κτη-</span> 
     </span>
    </p>
   </div>
   <div class='ocr_carea' id='block_1_61' title="bbox 212 1546 1002 1584">
    <p class='ocr_par' dir='ltr' id='par_1_61' title="bbox 212 1546 1002 1584">
     <span class='ocr_line' id='line_1_61' title="bbox 212 1546 1002 1584; baseline 0.008 -13"><span class='ocrx_word' id='word_1_431' title='bbox 212 1550 302 1572; x_wconf 85' lang='lat' dir='ltr'><strong>autem</strong></span> <span class='ocrx_word' id='word_1_432' title='bbox 321 1546 422 1577; x_wconf 89' lang='lat' dir='ltr'><strong>omnia,</strong></span> <span class='ocrx_word' id='word_1_433' title='bbox 443 1554 504 1580; x_wconf 72' lang='lat' dir='ltr'><strong>quae</strong></span> <span class='ocrx_word' id='word_1_434' title='bbox 522 1552 549 1573; x_wconf 88' lang='lat' dir='ltr'><strong>et</strong></span> <span class='ocrx_word' id='word_1_435' title='bbox 575 1548 716 1582; x_wconf 85' lang='lat' dir='ltr'><strong>quomodo</strong></span> <span class='ocrx_word' id='word_1_436' title='bbox 735 1548 901 1582; x_wconf 85' lang='lat' dir='ltr'><strong>acciderant,</strong></span> <span class='ocrx_word' id='word_1_437' title='bbox 926 1549 1002 1584; x_wconf 89' lang='lat' dir='ltr'><strong>plene</strong></span> 
     </span>
    </p>
   </div>
   <div class='ocr_carea' id='block_1_62' title="bbox 208 1591 998 1626">
    <p class='ocr_par' dir='ltr' id='par_1_62' title="bbox 208 1591 998 1626">
     <span class='ocr_line' id='line_1_62' title="bbox 208 1591 998 1626; baseline 0.005 -8"><span class='ocrx_word' id='word_1_438' title='bbox 208 1592 321 1625; x_wconf 40' lang='lat' dir='ltr'><strong>fusi-que</strong></span> <span class='ocrx_word' id='word_1_439' title='bbox 336 1591 369 1618; x_wconf 90' lang='lat' dir='ltr'><strong>ad</strong></span> <span class='ocrx_word' id='word_1_440' title='bbox 385 1593 576 1626; x_wconf 84' lang='lat' dir='ltr'><strong>imperatorem</strong></span> <span class='ocrx_word' id='word_1_441' title='bbox 590 1594 693 1626; x_wconf 85' lang='lat' dir='ltr'><strong>retulit,</strong></span> <span class='ocrx_word' id='word_1_442' title='bbox 712 1594 764 1621; x_wconf 83' lang='lat' dir='ltr'><strong>line</strong></span> <span class='ocrx_word' id='word_1_443' title='bbox 783 1599 875 1622; x_wconf 86' lang='lat' dir='ltr'><strong>tamen</strong></span> <span class='ocrx_word' id='word_1_444' title='bbox 891 1596 928 1622; x_wconf 81' lang='lat' dir='ltr'><strong>rei</strong></span> <span class='ocrx_word' id='word_1_445' title='bbox 945 1603 998 1623; x_wconf 89' lang='lat' dir='ltr'><strong>non</strong></span> 
     </span>
    </p>
   </div>
   <div class='ocr_carea' id='block_1_63' title="bbox 207 1637 1002 1676">
    <p class='ocr_par' dir='ltr' id='par_1_63' title="bbox 207 1637 1002 1676">
     <span class='ocr_line' id='line_1_63' title="bbox 207 1637 1002 1676; baseline 0.006 -12"><span class='ocrx_word' id='word_1_446' title='bbox 207 1638 288 1664; x_wconf 84' lang='lat' dir='ltr'><strong>buuo.</strong></span> <span class='ocrx_word' id='word_1_447' title='bbox 319 1637 390 1664; x_wconf 58' lang='lat' dir='ltr'><strong>Dixit</strong></span> <span class='ocrx_word' id='word_1_448' title='bbox 406 1638 478 1664; x_wconf 88' lang='lat' dir='ltr'><strong>enim</strong></span> <span class='ocrx_word' id='word_1_449' title='bbox 501 1637 633 1672; x_wconf 77' lang='lat' dir='ltr'><strong>Georgius</strong></span> <span class='ocrx_word' id='word_1_450' title='bbox 648 1639 789 1666; x_wconf 77' lang='lat' dir='ltr'><strong>Cltosroen</strong></span> <span class='ocrx_word' id='word_1_451' title='bbox 807 1640 864 1668; x_wconf 69' lang='lat' dir='ltr'><strong>lure</strong></span> <span class='ocrx_word' id='word_1_452' title='bbox 881 1642 938 1676; x_wconf 80' lang='lat' dir='ltr'><strong>regi</strong></span> <span class='ocrx_word' id='word_1_453' title='bbox 960 1643 1002 1668; x_wconf 91' lang='lat' dir='ltr'><strong>di-</strong></span> 
     </span>
    </p>
   </div>
   <div class='ocr_carea' id='block_1_64' title="bbox 206 1682 1002 1720">
    <p class='ocr_par' dir='ltr' id='par_1_64' title="bbox 206 1682 1002 1720">
     <span class='ocr_line' id='line_1_64' title="bbox 206 1682 1002 1720; baseline 0.008 -11"><span class='ocrx_word' id='word_1_454' title='bbox 206 1692 269 1710; x_wconf 81' lang='lat' dir='ltr'><strong>ecte</strong></span> <span class='ocrx_word' id='word_1_455' title='bbox 285 1693 292 1710; x_wconf 90' lang='lat'><strong>:</strong></span> <span class='ocrx_word' id='word_1_456' title='bbox 308 1683 362 1709; x_wconf 76' lang='lat' dir='ltr'><strong>ltt-x</strong></span> <span class='ocrx_word' id='word_1_457' title='bbox 377 1682 521 1711; x_wconf 82' lang='lat' dir='ltr'><strong>Persarum</strong></span> <span class='ocrx_word' id='word_1_458' title='bbox 531 1685 564 1711; x_wconf 89' lang='lat' dir='ltr'><strong>ad</strong></span> <span class='ocrx_word' id='word_1_459' title='bbox 574 1685 696 1712; x_wconf 85' lang='lat' dir='ltr'><strong>subditos</strong></span> <span class='ocrx_word' id='word_1_460' title='bbox 710 1686 870 1720; x_wconf 87' lang='lat' dir='ltr'><strong>prolocutus</strong></span> <span class='ocrx_word' id='word_1_461' title='bbox 883 1692 924 1715; x_wconf 90' lang='lat' dir='ltr'><strong>est</strong></span> <span class='ocrx_word' id='word_1_462' title='bbox 937 1708 944 1720; x_wconf 83' lang='grc'><strong>,</strong></span> <span class='ocrx_word' id='word_1_463' title='bbox 961 1687 1002 1715; x_wconf 82' lang='grc'><strong>01)</strong></span> 
     </span>
    </p>
   </div>
   <div class='ocr_carea' id='block_1_65' title="bbox 207 1728 999 1766">
    <p class='ocr_par' dir='ltr' id='par_1_65' title="bbox 207 1728 999 1766">
     <span class='ocr_line' id='line_1_65' title="bbox 207 1728 999 1766; baseline 0.006 -11"><span class='ocrx_word' id='word_1_464' title='bbox 207 1728 287 1762; x_wconf 70' lang='lat' dir='ltr'><strong>l-gati</strong></span> <span class='ocrx_word' id='word_1_465' title='bbox 309 1729 436 1755; x_wconf 69' lang='lat' dir='ltr'><strong>tirtutcnt</strong></span> <span class='ocrx_word' id='word_1_466' title='bbox 459 1729 560 1756; x_wconf 91' lang='lat' dir='ltr'><strong>bellum</strong></span> <span class='ocrx_word' id='word_1_467' title='bbox 584 1738 636 1757; x_wconf 93' lang='lat' dir='ltr'><strong>non</strong></span> <span class='ocrx_word' id='word_1_468' title='bbox 653 1738 758 1759; x_wconf 87' lang='lat' dir='ltr'><strong>moveo.</strong></span> <span class='ocrx_word' id='word_1_469' title='bbox 779 1732 844 1766; x_wconf 78' lang='lat' dir='ltr'><strong>Quae</strong></span> <span class='ocrx_word' id='word_1_470' title='bbox 861 1740 922 1760; x_wconf 84' lang='lat' dir='ltr'><strong>eum</strong></span> <span class='ocrx_word' id='word_1_471' title='bbox 949 1735 999 1760; x_wconf 88' lang='lat' dir='ltr'><strong>im-</strong></span> 
     </span>
    </p>
   </div>
   <div class='ocr_carea' id='block_1_66' title="bbox 208 1769 996 1814">
    <p class='ocr_par' dir='ltr' id='par_1_66' title="bbox 208 1769 996 1814">
     <span class='ocr_line' id='line_1_66' title="bbox 208 1769 996 1814; baseline 0.008 -13"><span class='ocrx_word' id='word_1_472' title='bbox 208 1780 317 1810; x_wconf 88' lang='lat' dir='ltr'><strong>perator</strong></span> <span class='ocrx_word' id='word_1_473' title='bbox 329 1775 461 1803; x_wconf 87' lang='lat' dir='ltr'><strong>audiisset</strong></span> <span class='ocrx_word' id='word_1_474' title='bbox 472 1796 479 1808; x_wconf 83' lang='lat'><strong>,</strong></span> <span class='ocrx_word' id='word_1_475' title='bbox 504 1776 630 1803; x_wconf 85' lang='lat' dir='ltr'><strong>irascitur</strong></span> <span class='ocrx_word' id='word_1_476' title='bbox 641 1777 729 1812; x_wconf 83' lang='lat' dir='ltr'><strong>legato</strong></span> <span class='ocrx_word' id='word_1_477' title='bbox 740 1797 748 1811; x_wconf 84' lang='lat'><strong>,</strong></span> <span class='ocrx_word' id='word_1_478' title='bbox 765 1783 793 1805; x_wconf 87' lang='lat' dir='ltr'><strong>et</strong></span> <span class='ocrx_word' id='word_1_479' title='bbox 812 1769 929 1814; x_wconf 83' lang='lat' dir='ltr'><strong>Georgio</strong></span> <span class='ocrx_word' id='word_1_480' title='bbox 952 1781 996 1807; x_wconf 78' lang='lat' dir='ltr'><strong>ad~</strong></span> 
     </span>
    </p>
   </div>
   <div class='ocr_carea' id='block_1_67' title="bbox 206 1821 817 1858">
    <p class='ocr_par' dir='ltr' id='par_1_67' title="bbox 206 1821 817 1858">
     <span class='ocr_line' id='line_1_67' title="bbox 206 1821 817 1858; baseline 0.008 -12"><span class='ocrx_word' id='word_1_481' title='bbox 206 1821 314 1848; x_wconf 84' lang='lat' dir='ltr'><strong>tttmlutn</strong></span> <span class='ocrx_word' id='word_1_482' title='bbox 331 1822 484 1857; x_wconf 81' lang='lat' dir='ltr'><strong>periculose</strong></span> <span class='ocrx_word' id='word_1_483' title='bbox 501 1822 598 1858; x_wconf 71' lang='lat' dir='ltr'><strong>legatio</strong></span> <span class='ocrx_word' id='word_1_484' title='bbox 612 1822 655 1850; x_wconf 84' lang='lat' dir='ltr'><strong>illa</strong></span> <span class='ocrx_word' id='word_1_485' title='bbox 670 1825 817 1852; x_wconf 83' lang='lat' dir='ltr'><strong>successit.</strong></span> 
     </span>
    </p>
   </div>
   <div class='ocr_carea' id='block_1_68' title="bbox 1053 1548 1844 1586">
    <p class='ocr_par' dir='ltr' id='par_1_68' title="bbox 1053 1548 1844 1586">
     <span class='ocr_line' id='line_1_68' title="bbox 1053 1548 1844 1586; baseline -0.005 -8"><span class='ocrx_word' id='word_1_486' title='bbox 1053 1552 1172 1586; x_wconf 73' lang='grc' dir='ltr'>σάμενος</span> <span class='ocrx_word' id='word_1_487' title='bbox 1201 1549 1359 1585; x_wconf 85' lang='grc' dir='ltr'>σύμμαχον,</span> <span class='ocrx_word' id='word_1_488' title='bbox 1375 1549 1464 1576; x_wconf 76' lang='grc' dir='ltr'>πείοει</span> <span class='ocrx_word' id='word_1_489' title='bbox 1478 1549 1524 1576; x_wconf 75' lang='grc' dir='ltr'><strong>τὸν</strong></span> <span class='ocrx_word' id='word_1_490' title='bbox 1539 1548 1684 1584; x_wconf 83' lang='grc' dir='ltr'>Βάρϐαρον</span> <span class='ocrx_word' id='word_1_491' title='bbox 1701 1548 1751 1579; x_wconf 76' lang='grc' dir='ltr'>τὰς</span> <span class='ocrx_word' id='word_1_492' title='bbox 1767 1549 1844 1584; x_wconf 83' lang='grc' dir='ltr'>εἰρη-</span> 
     </span>
    </p>
   </div>
   <div class='ocr_carea' id='block_1_69' title="bbox 1052 1594 1844 1633">
    <p class='ocr_par' dir='ltr' id='par_1_69' title="bbox 1052 1594 1844 1633">
     <span class='ocr_line' id='line_1_69' title="bbox 1052 1594 1844 1633; baseline -0.005 -8"><span class='ocrx_word' id='word_1_493' title='bbox 1052 1599 1129 1630; x_wconf 66' lang='grc' dir='ltr'>ναίιις</span> <span class='ocrx_word' id='word_1_494' title='bbox 1158 1598 1195 1633; x_wconf 84' lang='grc' dir='ltr'>μὴ</span> <span class='ocrx_word' id='word_1_495' title='bbox 1216 1597 1341 1625; x_wconf 82' lang='grc' dir='ltr'>διαλῦσαι</span> <span class='ocrx_word' id='word_1_496' title='bbox 1366 1596 1492 1628; x_wconf 77' lang='grc' dir='ltr'>σπονδάς.</span> <span class='ocrx_word' id='word_1_497' title='bbox 1515 1597 1597 1624; x_wconf 86' lang='grc' dir='ltr'>Οὖτω</span> <span class='ocrx_word' id='word_1_498' title='bbox 1625 1596 1675 1632; x_wconf 82' lang='grc' dir='ltr'><strong>μὲν</strong></span> <span class='ocrx_word' id='word_1_499' title='bbox 1697 1594 1744 1623; x_wconf 71' lang='grc' dir='ltr'>οὖν</span> <span class='ocrx_word' id='word_1_500' title='bbox 1772 1595 1844 1622; x_wconf 79' lang='grc' dir='ltr'>ἑκὼν</span> 
     </span>
    </p>
   </div>
   <div class='ocr_carea' id='block_1_70' title="bbox 1053 1642 1842 1678">
    <p class='ocr_par' dir='ltr' id='par_1_70' title="bbox 1053 1642 1842 1678">
     <span class='ocr_line' id='line_1_70' title="bbox 1053 1642 1842 1678; baseline -0.004 -8"><span class='ocrx_word' id='word_1_501' title='bbox 1053 1643 1161 1670; x_wconf 82' lang='grc' dir='ltr'>ἀέκοντί</span> <span class='ocrx_word' id='word_1_502' title='bbox 1174 1652 1207 1677; x_wconf 86' lang='grc' dir='ltr'>γε</span> <span class='ocrx_word' id='word_1_503' title='bbox 1218 1642 1298 1678; x_wconf 84' lang='grc' dir='ltr'><strong>Θυμῷ</strong></span> <span class='ocrx_word' id='word_1_504' title='bbox 1309 1644 1323 1669; x_wconf 89' lang='lat'><strong>6</strong></span> <span class='ocrx_word' id='word_1_505' title='bbox 1334 1643 1459 1678; x_wconf 76' lang='grc' dir='ltr'>Χοσρόης</span> <span class='ocrx_word' id='word_1_506' title='bbox 1474 1643 1524 1678; x_wconf 81' lang='grc' dir='ltr'>τὴν</span> <span class='ocrx_word' id='word_1_507' title='bbox 1541 1643 1657 1678; x_wconf 76' lang='grc' dir='ltr'>ἡσυχίαν</span> <span class='ocrx_word' id='word_1_508' title='bbox 1674 1642 1842 1673; x_wconf 72' lang='grc' dir='ltr'>ἀσπάζεταιο</span> 
     </span>
    </p>
   </div>
   <div class='ocr_carea' id='block_1_71' title="bbox 1053 1689 1843 1725">
    <p class='ocr_par' dir='ltr' id='par_1_71' title="bbox 1053 1689 1843 1725">
     <span class='ocr_line' id='line_1_71' title="bbox 1053 1689 1843 1725; baseline -0.001 -10"><span class='ocrx_word' id='word_1_509' title='bbox 1053 1691 1066 1716; x_wconf 85' lang='lat'><strong>6</strong></span> <span class='ocrx_word' id='word_1_510' title='bbox 1082 1690 1110 1716; x_wconf 78' lang='grc' dir='ltr'>δὲ</span> <span class='ocrx_word' id='word_1_511' title='bbox 1127 1689 1242 1724; x_wconf 79' lang='grc' dir='ltr'>πρέσϐις</span> <span class='ocrx_word' id='word_1_512' title='bbox 1266 1689 1373 1716; x_wconf 79' lang='grc' dir='ltr'>ἅπαντα</span> <span class='ocrx_word' id='word_1_513' title='bbox 1399 1689 1433 1716; x_wconf 85' lang='grc' dir='ltr'><strong>τὰ</strong></span> <span class='ocrx_word' id='word_1_514' title='bbox 1459 1690 1671 1725; x_wconf 79' lang='grc' dir='ltr'>συγκυρήσαντα</span> <span class='ocrx_word' id='word_1_515' title='bbox 1687 1689 1843 1722; x_wconf 73' lang='grc' dir='ltr'>διεξοδικῶς</span> 
     </span>
    </p>
   </div>
   <div class='ocr_carea' id='block_1_72' title="bbox 1053 1734 1842 1770">
    <p class='ocr_par' dir='ltr' id='par_1_72' title="bbox 1053 1734 1842 1770">
     <span class='ocr_line' id='line_1_72' title="bbox 1053 1734 1842 1770; baseline 0 -10"><span class='ocrx_word' id='word_1_516' title='bbox 1053 1734 1091 1769; x_wconf 75' lang='grc' dir='ltr'>τῷ</span> <span class='ocrx_word' id='word_1_517' title='bbox 1110 1734 1215 1768; x_wconf 79' lang='grc' dir='ltr'>βασιλεῖ</span> <span class='ocrx_word' id='word_1_518' title='bbox 1237 1734 1396 1770; x_wconf 80' lang='grc' dir='ltr'>διηγήσατο.</span> <span class='ocrx_word' id='word_1_519' title='bbox 1425 1735 1488 1762; x_wconf 78' lang='grc' dir='ltr'>Αλλ’</span> <span class='ocrx_word' id='word_1_520' title='bbox 1506 1735 1557 1762; x_wconf 81' lang='grc' dir='ltr'>οὐκ</span> <span class='ocrx_word' id='word_1_521' title='bbox 1581 1736 1611 1767; x_wconf 82' lang='grc' dir='ltr'>ἐς</span> <span class='ocrx_word' id='word_1_522' title='bbox 1637 1735 1739 1769; x_wconf 79' lang='grc' dir='ltr'>ἀγαθὸν</span> <span class='ocrx_word' id='word_1_523' title='bbox 1760 1736 1776 1770; x_wconf 83' lang='grc' dir='ltr'>ἡ</span> <span class='ocrx_word' id='word_1_524' title='bbox 1793 1736 1842 1768; x_wconf 79' lang='grc' dir='ltr'>τῆς</span> 
     </span>
    </p>
   </div>
   <div class='ocr_carea' id='block_1_73' title="bbox 1052 1779 1841 1816">
    <p class='ocr_par' dir='ltr' id='par_1_73' title="bbox 1052 1779 1841 1816">
     <span class='ocr_line' id='line_1_73' title="bbox 1052 1779 1841 1816; baseline 0.003 -11"><span class='ocrx_word' id='word_1_525' title='bbox 1052 1780 1199 1812; x_wconf 79' lang='grc' dir='ltr'>ἐντεύξεως</span> <span class='ocrx_word' id='word_1_526' title='bbox 1230 1779 1340 1812; x_wconf 77' lang='grc' dir='ltr'>ἐκθεσις</span> <span class='ocrx_word' id='word_1_527' title='bbox 1368 1781 1522 1816; x_wconf 81' lang='grc' dir='ltr'>ἀπειλείφει</span> <span class='ocrx_word' id='word_1_528' title='bbox 1571 1781 1601 1807; x_wconf 75' lang='grc' dir='ltr'>τὸ</span> <span class='ocrx_word' id='word_1_529' title='bbox 1641 1782 1841 1816; x_wconf 70' lang='grc' dir='ltr'>συμπέρασμα.</span> 
     </span>
    </p>
   </div>
   <div class='ocr_carea' id='block_1_74' title="bbox 1053 1826 1841 1863">
    <p class='ocr_par' dir='ltr' id='par_1_74' title="bbox 1053 1826 1841 1863">
     <span class='ocr_line' id='line_1_74' title="bbox 1053 1826 1841 1863; baseline 0.001 -11"><span class='ocrx_word' id='word_1_530' title='bbox 1053 1826 1158 1861; x_wconf 73' lang='grc' dir='ltr'>Ἕφησε</span> <span class='ocrx_word' id='word_1_531' title='bbox 1178 1827 1232 1862; x_wconf 83' lang='grc' dir='ltr'><strong>γὰρ</strong></span> <span class='ocrx_word' id='word_1_532' title='bbox 1253 1827 1268 1853; x_wconf 84' lang='grc'>6</span> <span class='ocrx_word' id='word_1_533' title='bbox 1292 1826 1429 1863; x_wconf 83' lang='grc' dir='ltr'>Γεώργιος</span> <span class='ocrx_word' id='word_1_534' title='bbox 1456 1828 1545 1854; x_wconf 75' lang='grc' dir='ltr'>εἰπεῖν</span> <span class='ocrx_word' id='word_1_535' title='bbox 1562 1827 1631 1863; x_wconf 77' lang='grc' dir='ltr'>πρὸς</span> <span class='ocrx_word' id='word_1_536' title='bbox 1652 1828 1698 1854; x_wconf 79' lang='grc' dir='ltr'><strong>τὸν</strong></span> <span class='ocrx_word' id='word_1_537' title='bbox 1716 1827 1841 1863; x_wconf 69' lang='grc' dir='ltr'>βασιλέα.</span> 
     </span>
    </p>
   </div>
   <div class='ocr_carea' id='block_1_75' title="bbox 203 1867 1842 1910">
    <p class='ocr_par' dir='ltr' id='par_1_75' title="bbox 203 1867 1842 1910">
     <span class='ocr_line' id='line_1_75' title="bbox 203 1867 1842 1910; baseline 0.005 -18"><span class='ocrx_word' id='word_1_538' title='bbox 203 1868 218 1893; x_wconf 80' lang='grc' dir='ltr'><strong><em>ὁ</em></strong></span> <span class='ocrx_word' id='word_1_539' title='bbox 234 1867 347 1902; x_wconf 84' lang='grc' dir='ltr'>Περσῶν</span> <span class='ocrx_word' id='word_1_540' title='bbox 363 1867 491 1902; x_wconf 80' lang='grc' dir='ltr'>βασιλεὺς</span> <span class='ocrx_word' id='word_1_541' title='bbox 512 1869 553 1900; x_wconf 83' lang='grc' dir='ltr'>εις</span> <span class='ocrx_word' id='word_1_542' title='bbox 568 1869 690 1905; x_wconf 79' lang='grc' dir='ltr'>ὑπήκοον</span> <span class='ocrx_word' id='word_1_543' title='bbox 705 1870 769 1897; x_wconf 82' lang='grc' dir='ltr'>τάδε</span> <span class='ocrx_word' id='word_1_544' title='bbox 790 1870 948 1904; x_wconf 83' lang='grc' dir='ltr'>διείλεκται,</span> <span class='ocrx_word' id='word_1_545' title='bbox 971 1871 1015 1898; x_wconf 85' lang='grc' dir='ltr'>διὰ</span> <span class='ocrx_word' id='word_1_546' title='bbox 1033 1873 1082 1906; x_wconf 87' lang='grc' dir='ltr'><strong>τὴν</strong></span> <span class='ocrx_word' id='word_1_547' title='bbox 1107 1872 1152 1899; x_wconf 74' lang='grc' dir='ltr'>τοῦ</span> <span class='ocrx_word' id='word_1_548' title='bbox 1167 1873 1311 1910; x_wconf 84' lang='grc' dir='ltr'>πρέσϐεως</span> <span class='ocrx_word' id='word_1_549' title='bbox 1335 1874 1437 1909; x_wconf 81' lang='grc' dir='ltr'>ἀρετὴν</span> <span class='ocrx_word' id='word_1_550' title='bbox 1456 1874 1554 1910; x_wconf 84' lang='grc' dir='ltr'>δίδωμι</span> <span class='ocrx_word' id='word_1_551' title='bbox 1579 1875 1618 1910; x_wconf 84' lang='grc' dir='ltr'>τῷ</span> <span class='ocrx_word' id='word_1_552' title='bbox 1653 1874 1765 1910; x_wconf 85' lang='grc' dir='ltr'>πολέμῳ</span> <span class='ocrx_word' id='word_1_553' title='bbox 1790 1875 1842 1909; x_wconf 82' lang='grc' dir='ltr'>τὴν</span> 
     </span>
    </p>
   </div>
   <div class='ocr_carea' id='block_1_76' title="bbox 204 1913 1840 1958">
    <p class='ocr_par' dir='ltr' id='par_1_76' title="bbox 204 1913 1840 1958">
     <span class='ocr_line' id='line_1_76' title="bbox 204 1913 1840 1958; baseline 0.006 -19"><span class='ocrx_word' id='word_1_554' title='bbox 204 1913 292 1940; x_wconf 82' lang='grc' dir='ltr'>λύσιν.</span> <span class='ocrx_word' id='word_1_555' title='bbox 308 1913 418 1941; x_wconf 80' lang='grc' dir='ltr'>Τούτων</span> <span class='ocrx_word' id='word_1_556' title='bbox 434 1915 448 1941; x_wconf 91' lang='lat'><strong>6</strong></span> <span class='ocrx_word' id='word_1_557' title='bbox 465 1914 592 1950; x_wconf 76' lang='grc' dir='ltr'>βασιλεὺς</span> <span class='ocrx_word' id='word_1_558' title='bbox 604 1915 732 1952; x_wconf 81' lang='grc' dir='ltr'>ἀκηκοὼς</span> <span class='ocrx_word' id='word_1_559' title='bbox 750 1917 910 1952; x_wconf 81' lang='grc' dir='ltr'>χαλεπαίνει</span> <span class='ocrx_word' id='word_1_560' title='bbox 929 1918 1002 1945; x_wconf 79' lang='grc' dir='ltr'>κατὰ</span> <span class='ocrx_word' id='word_1_561' title='bbox 1021 1919 1068 1945; x_wconf 76' lang='grc' dir='ltr'>τοῦ</span> <span class='ocrx_word' id='word_1_562' title='bbox 1083 1920 1237 1954; x_wconf 75' lang='grc' dir='ltr'>πρέσϐεως,</span> <span class='ocrx_word' id='word_1_563' title='bbox 1269 1921 1318 1948; x_wconf 78' lang='grc' dir='ltr'>καὶ</span> <span class='ocrx_word' id='word_1_564' title='bbox 1340 1922 1447 1955; x_wconf 83' lang='grc' dir='ltr'>γίνεται</span> <span class='ocrx_word' id='word_1_565' title='bbox 1478 1921 1518 1957; x_wconf 86' lang='grc' dir='ltr'><strong>τῷ</strong></span> <span class='ocrx_word' id='word_1_566' title='bbox 1540 1922 1670 1958; x_wconf 85' lang='grc' dir='ltr'>Γεωργίῳ</span> <span class='ocrx_word' id='word_1_567' title='bbox 1685 1923 1807 1958; x_wconf 76' lang='grc' dir='ltr'>σφαλερὰ</span> <span class='ocrx_word' id='word_1_568' title='bbox 1823 1924 1840 1958; x_wconf 82' lang='grc' dir='ltr'>ή</span> 
     </span>
    </p>
   </div>
   <div class='ocr_carea' id='block_1_77' title="bbox 203 1959 578 1994">
    <p class='ocr_par' dir='ltr' id='par_1_77' title="bbox 203 1959 578 1994">
     <span class='ocr_line' id='line_1_77' title="bbox 203 1959 578 1994; baseline 0.011 -10"><span class='ocrx_word' id='word_1_569' title='bbox 203 1959 253 1993; x_wconf 83' lang='grc' dir='ltr'>τῆς</span> <span class='ocrx_word' id='word_1_570' title='bbox 266 1959 415 1994; x_wconf 76' lang='grc' dir='ltr'>πρεσϐείας</span> <span class='ocrx_word' id='word_1_571' title='bbox 428 1960 578 1994; x_wconf 81' lang='grc' dir='ltr'>ὲπίτευξις.</span> 
     </span>
    </p>
   </div>
   <div class='ocr_carea' id='block_1_78' title="bbox 240 2005 1032 2046">
    <p class='ocr_par' dir='ltr' id='par_1_78' title="bbox 240 2005 1032 2046">
     <span class='ocr_line' id='line_1_78' title="bbox 240 2005 1032 2046; baseline 0.011 -16"><span class='ocrx_word' id='word_1_572' title='bbox 240 2005 316 2038; x_wconf 80' lang='lat' dir='ltr'><strong>Quod</strong></span> <span class='ocrx_word' id='word_1_573' title='bbox 330 2007 436 2034; x_wconf 85' lang='lat' dir='ltr'><strong>Pbocas</strong></span> <span class='ocrx_word' id='word_1_574' title='bbox 455 2006 552 2035; x_wconf 79' lang='lat' dir='ltr'><strong>[-ilium</strong></span> <span class='ocrx_word' id='word_1_575' title='bbox 573 2008 690 2036; x_wconf 88' lang='lat' dir='ltr'><strong>electum</strong></span> <span class='ocrx_word' id='word_1_576' title='bbox 711 2011 862 2045; x_wconf 65' lang='lat' dir='ltr'><strong>tyrattnicze</strong></span> <span class='ocrx_word' id='word_1_577' title='bbox 885 2012 993 2046; x_wconf 87' lang='lat' dir='ltr'><strong>procla-</strong></span> <span class='ocrx_word' id='word_1_578' title='bbox 1010 2013 1032 2041; x_wconf 82' lang='grc' dir='ltr'><strong>ο</strong></span> 
     </span>
    </p>
   </div>
   <div class='ocr_carea' id='block_1_79' title="bbox 203 2051 997 2092">
    <p class='ocr_par' dir='ltr' id='par_1_79' title="bbox 203 2051 997 2092">
     <span class='ocr_line' id='line_1_79' title="bbox 203 2051 997 2092; baseline 0.011 -16"><span class='ocrx_word' id='word_1_579' title='bbox 203 2051 332 2078; x_wconf 82' lang='lat' dir='ltr'><strong>ntationis</strong></span> <span class='ocrx_word' id='word_1_580' title='bbox 359 2053 495 2086; x_wconf 87' lang='lat' dir='ltr'><strong>nuntium,</strong></span> <span class='ocrx_word' id='word_1_581' title='bbox 513 2060 575 2081; x_wconf 88' lang='lat' dir='ltr'><strong>cum</strong></span> <span class='ocrx_word' id='word_1_582' title='bbox 596 2055 755 2084; x_wconf 87' lang='lat' dir='ltr'><strong>muneribus</strong></span> <span class='ocrx_word' id='word_1_583' title='bbox 769 2057 850 2092; x_wconf 79' lang='lat' dir='ltr'><strong>regiis</strong></span> <span class='ocrx_word' id='word_1_584' title='bbox 867 2059 900 2084; x_wconf 83' lang='lat' dir='ltr'><strong>atl</strong></span> <span class='ocrx_word' id='word_1_585' title='bbox 912 2057 997 2085; x_wconf 86' lang='lat' dir='ltr'><strong>Cltos-</strong></span> 
     </span>
    </p>
   </div>
   <div class='ocr_carea' id='block_1_80' title="bbox 204 2097 997 2139">
    <p class='ocr_par' dir='ltr' id='par_1_80' title="bbox 204 2097 997 2139">
     <span class='ocr_line' id='line_1_80' title="bbox 204 2097 997 2139; baseline 0.011 -17"><span class='ocrx_word' id='word_1_586' title='bbox 204 2104 269 2123; x_wconf 74' lang='lat' dir='ltr'><strong>ruen</strong></span> <span class='ocrx_word' id='word_1_587' title='bbox 292 2097 437 2132; x_wconf 71' lang='lat' dir='ltr'><strong>ablegat-it.</strong></span> <span class='ocrx_word' id='word_1_588' title='bbox 467 2099 544 2128; x_wconf 88' lang='lat' dir='ltr'><strong>Unde</strong></span> <span class='ocrx_word' id='word_1_589' title='bbox 564 2100 699 2129; x_wconf 83' lang='lat' dir='ltr'><strong>Chosroes</strong></span> <span class='ocrx_word' id='word_1_590' title='bbox 721 2109 736 2129; x_wconf 88' lang='lat' dir='ltr'><strong>a</strong></span> <span class='ocrx_word' id='word_1_591' title='bbox 764 2104 906 2138; x_wconf 85' lang='lat' dir='ltr'><strong>tyrannide</strong></span> <span class='ocrx_word' id='word_1_592' title='bbox 927 2112 997 2139; x_wconf 62' lang='lat' dir='ltr'><strong>pra:-</strong></span> 
     </span>
    </p>
   </div>
   <div class='ocr_carea' id='block_1_81' title="bbox 206 2143 997 2178">
    <p class='ocr_par' dir='ltr' id='par_1_81' title="bbox 206 2143 997 2178">
     <span class='ocr_line' id='line_1_81' title="bbox 206 2143 997 2178; baseline 0.011 -10"><span class='ocrx_word' id='word_1_593' title='bbox 206 2149 314 2178; x_wconf 82' lang='lat' dir='ltr'><strong>suntpto</strong></span> <span class='ocrx_word' id='word_1_594' title='bbox 328 2143 390 2171; x_wconf 89' lang='lat' dir='ltr'><strong>belli</strong></span> <span class='ocrx_word' id='word_1_595' title='bbox 411 2149 590 2178; x_wconf 81' lang='lat' dir='ltr'><strong>argumento,</strong></span> <span class='ocrx_word' id='word_1_596' title='bbox 611 2147 704 2175; x_wconf 88' lang='lat' dir='ltr'><strong>ntuudi</strong></span> <span class='ocrx_word' id='word_1_597' title='bbox 722 2148 796 2176; x_wconf 82' lang='lat' dir='ltr'><strong>illam</strong></span> <span class='ocrx_word' id='word_1_598' title='bbox 817 2151 997 2177; x_wconf 79' lang='lat' dir='ltr'><strong>universaleut</strong></span> 
     </span>
    </p>
   </div>
   <div class='ocr_carea' id='block_1_82' title="bbox 204 2189 997 2231">
    <p class='ocr_par' dir='ltr' id='par_1_82' title="bbox 204 2189 997 2231">
     <span class='ocr_line' id='line_1_82' title="bbox 204 2189 997 2231; baseline 0.01 -16"><span class='ocrx_word' id='word_1_599' title='bbox 204 2189 352 2222; x_wconf 85' lang='lat' dir='ltr'><strong>perniciem</strong></span> <span class='ocrx_word' id='word_1_600' title='bbox 379 2190 482 2218; x_wconf 79' lang='lat' dir='ltr'><strong>clanxit</strong></span> <span class='ocrx_word' id='word_1_601' title='bbox 510 2192 620 2226; x_wconf 85' lang='lat' dir='ltr'><strong>tubam,</strong></span> <span class='ocrx_word' id='word_1_602' title='bbox 634 2197 701 2228; x_wconf 71' lang='lat' dir='ltr'><strong>‘quze</strong></span> <span class='ocrx_word' id='word_1_603' title='bbox 721 2196 849 2230; x_wconf 84' lang='lat' dir='ltr'><strong>utrinque</strong></span> <span class='ocrx_word' id='word_1_604' title='bbox 870 2197 949 2231; x_wconf 81' lang='lat' dir='ltr'><strong>fregit</strong></span> <span class='ocrx_word' id='word_1_605' title='bbox 969 2202 997 2223; x_wconf 88' lang='lat' dir='ltr'><strong>et</strong></span> 
     </span>
    </p>
   </div>
   <div class='ocr_carea' id='block_1_83' title="bbox 204 2235 998 2276">
    <p class='ocr_par' dir='ltr' id='par_1_83' title="bbox 204 2235 998 2276">
     <span class='ocr_line' id='line_1_83' title="bbox 204 2235 998 2276; baseline 0.01 -15"><span class='ocrx_word' id='word_1_606' title='bbox 204 2235 389 2262; x_wconf 76' lang='lat' dir='ltr'><strong>Romanorum</strong></span> <span class='ocrx_word' id='word_1_607' title='bbox 415 2241 442 2263; x_wconf 90' lang='lat' dir='ltr'><strong>et</strong></span> <span class='ocrx_word' id='word_1_608' title='bbox 466 2235 615 2265; x_wconf 83' lang='lat' dir='ltr'><strong>Persarum</strong></span> <span class='ocrx_word' id='word_1_609' title='bbox 640 2239 776 2268; x_wconf 80' lang='lat' dir='ltr'><strong>fortunas.</strong></span> <span class='ocrx_word' id='word_1_610' title='bbox 807 2242 845 2268; x_wconf 82' lang='lat' dir='ltr'><strong>lla</strong></span> <span class='ocrx_word' id='word_1_611' title='bbox 875 2242 998 2276; x_wconf 85' lang='lat' dir='ltr'><strong>quidem,</strong></span> 
     </span>
    </p>
   </div>
   <div class='ocr_carea' id='block_1_84' title="bbox 203 2281 999 2316">
    <p class='ocr_par' dir='ltr' id='par_1_84' title="bbox 203 2281 999 2316">
     <span class='ocr_line' id='line_1_84' title="bbox 203 2281 999 2316; baseline 0.01 -9"><span class='ocrx_word' id='word_1_612' title='bbox 203 2285 368 2316; x_wconf 70' lang='lat' dir='ltr'><strong>praetexente</strong></span> <span class='ocrx_word' id='word_1_613' title='bbox 385 2281 505 2310; x_wconf 80' lang='lat' dir='ltr'><strong>Cltosroe</strong></span> <span class='ocrx_word' id='word_1_614' title='bbox 524 2290 554 2311; x_wconf 87' lang='lat' dir='ltr'><strong>se</strong></span> <span class='ocrx_word' id='word_1_615' title='bbox 574 2282 699 2311; x_wconf 85' lang='lat' dir='ltr'><strong>Mauricii</strong></span> <span class='ocrx_word' id='word_1_616' title='bbox 725 2288 863 2314; x_wconf 70' lang='lat' dir='ltr'><strong>ntemorim</strong></span> <span class='ocrx_word' id='word_1_617' title='bbox 878 2293 999 2315; x_wconf 81' lang='lat' dir='ltr'><strong>assertu-</strong></span> 
     </span>
    </p>
   </div>
   <div class='ocr_carea' id='block_1_85' title="bbox 202 2327 997 2363">
    <p class='ocr_par' dir='ltr' id='par_1_85' title="bbox 202 2327 997 2363">
     <span class='ocr_line' id='line_1_85' title="bbox 202 2327 997 2363; baseline 0.011 -11"><span class='ocrx_word' id='word_1_618' title='bbox 202 2333 262 2352; x_wconf 89' lang='lat' dir='ltr'><strong>runt</strong></span> <span class='ocrx_word' id='word_1_619' title='bbox 279 2327 422 2361; x_wconf 79' lang='lat' dir='ltr'><strong>exsequias</strong></span> <span class='ocrx_word' id='word_1_620' title='bbox 435 2332 463 2359; x_wconf 87' lang='lat' dir='ltr'><strong>et</strong></span> <span class='ocrx_word' id='word_1_621' title='bbox 478 2327 560 2363; x_wconf 78' lang='lat' dir='ltr'><strong>iusta,</strong></span> <span class='ocrx_word' id='word_1_622' title='bbox 580 2328 722 2356; x_wconf 83' lang='lat' dir='ltr'><strong>Persicum</strong></span> <span class='ocrx_word' id='word_1_623' title='bbox 743 2331 842 2359; x_wconf 82' lang='lat' dir='ltr'><strong>bellum</strong></span> <span class='ocrx_word' id='word_1_624' title='bbox 860 2338 901 2359; x_wconf 82' lang='lat' dir='ltr'><strong>est</strong></span> <span class='ocrx_word' id='word_1_625' title='bbox 915 2341 997 2360; x_wconf 81' lang='lat' dir='ltr'><strong>exor-</strong></span> 
     </span>
    </p>
   </div>
   <div class='ocr_carea' id='block_1_86' title="bbox 203 2371 997 2412">
    <p class='ocr_par' dir='ltr' id='par_1_86' title="bbox 203 2371 997 2412">
     <span class='ocr_line' id='line_1_86' title="bbox 203 2371 997 2412; baseline 0.011 -15"><span class='ocrx_word' id='word_1_626' title='bbox 203 2375 271 2398; x_wconf 90' lang='lat' dir='ltr'><strong>tum.</strong></span> <span class='ocrx_word' id='word_1_627' title='bbox 289 2371 373 2400; x_wconf 86' lang='lat' dir='ltr'><strong>Lilius</strong></span> <span class='ocrx_word' id='word_1_628' title='bbox 387 2380 452 2401; x_wconf 85' lang='lat' dir='ltr'><strong>vero</strong></span> <span class='ocrx_word' id='word_1_629' title='bbox 467 2374 534 2402; x_wconf 89' lang='lat' dir='ltr'><strong>satis</strong></span> <span class='ocrx_word' id='word_1_630' title='bbox 548 2381 644 2410; x_wconf 84' lang='lat' dir='ltr'><strong>aspere</strong></span> <span class='ocrx_word' id='word_1_631' title='bbox 663 2379 795 2405; x_wconf 83' lang='lat' dir='ltr'><strong>tractatus</strong></span> <span class='ocrx_word' id='word_1_632' title='bbox 816 2378 885 2412; x_wconf 86' lang='lat' dir='ltr'><strong>apud</strong></span> <span class='ocrx_word' id='word_1_633' title='bbox 900 2379 997 2407; x_wconf 82' lang='lat' dir='ltr'><strong>Persas</strong></span> 
     </span>
    </p>
   </div>
   <div class='ocr_carea' id='block_1_87' title="bbox 202 2419 342 2445">
    <p class='ocr_par' dir='ltr' id='par_1_87' title="bbox 202 2419 342 2445">
     <span class='ocr_line' id='line_1_87' title="bbox 202 2419 342 2445; baseline 0.014 -2"><span class='ocrx_word' id='word_1_634' title='bbox 202 2419 342 2445; x_wconf 85' lang='lat' dir='ltr'><strong>remansit.</strong></span> 
     </span>
    </p>
   </div>
   <div class='ocr_carea' id='block_1_88' title="bbox 1083 2011 1842 2048">
    <p class='ocr_par' dir='ltr' id='par_1_88' title="bbox 1083 2011 1842 2048">
     <span class='ocr_line' id='line_1_88' title="bbox 1083 2011 1842 2048; baseline 0.003 -10"><span class='ocrx_word' id='word_1_635' title='bbox 1083 2011 1146 2038; x_wconf 73' lang='grc' dir='ltr'><strong>Ὀτι</strong></span> <span class='ocrx_word' id='word_1_636' title='bbox 1160 2012 1174 2038; x_wconf 91' lang='lat'><strong>6</strong></span> <span class='ocrx_word' id='word_1_637' title='bbox 1183 2011 1281 2043; x_wconf 79' lang='grc' dir='ltr'>Φωκᾶς</span> <span class='ocrx_word' id='word_1_638' title='bbox 1297 2011 1388 2038; x_wconf 87' lang='grc' dir='ltr'>Λίλιον</span> <span class='ocrx_word' id='word_1_639' title='bbox 1402 2012 1596 2047; x_wconf 76' lang='grc' dir='ltr'>χειροτονήσας</span> <span class='ocrx_word' id='word_1_640' title='bbox 1610 2012 1728 2047; x_wconf 75' lang='grc' dir='ltr'>ἄγγελον</span> <span class='ocrx_word' id='word_1_641' title='bbox 1740 2022 1792 2048; x_wconf 86' lang='grc' dir='ltr'><strong>τυρ</strong></span> <span class='ocrx_word' id='word_1_642' title='bbox 1798 2023 1842 2040; x_wconf 80' lang='lat' dir='ltr'><strong>1v-</strong></span> 
     </span>
    </p>
   </div>
   <div class='ocr_carea' id='block_1_89' title="bbox 1052 2058 1840 2094">
    <p class='ocr_par' dir='ltr' id='par_1_89' title="bbox 1052 2058 1840 2094">
     <span class='ocr_line' id='line_1_89' title="bbox 1052 2058 1840 2094; baseline 0.003 -10"><span class='ocrx_word' id='word_1_643' title='bbox 1052 2058 1129 2093; x_wconf 86' lang='grc' dir='ltr'>νικῆς</span> <span class='ocrx_word' id='word_1_644' title='bbox 1143 2058 1312 2094; x_wconf 70' lang='grc' dir='ltr'>χειροτονίας</span> <span class='ocrx_word' id='word_1_645' title='bbox 1327 2059 1394 2094; x_wconf 74' lang='grc' dir='ltr'>πρὸς</span> <span class='ocrx_word' id='word_1_646' title='bbox 1407 2058 1532 2093; x_wconf 87' lang='grc' dir='ltr'>Χοσρόην</span> <span class='ocrx_word' id='word_1_647' title='bbox 1545 2059 1756 2094; x_wconf 68' lang='grc' dir='ltr'>ἀπέπεμψε,κα“ι</span> <span class='ocrx_word' id='word_1_648' title='bbox 1766 2060 1840 2094; x_wconf 80' lang='grc' dir='ltr'>δῶρα</span> 
     </span>
    </p>
   </div>
   <div class='ocr_carea' id='block_1_90' title="bbox 1052 2104 1840 2141">
    <p class='ocr_par' dir='ltr' id='par_1_90' title="bbox 1052 2104 1840 2141">
     <span class='ocr_line' id='line_1_90' title="bbox 1052 2104 1840 2141; baseline 0 -9"><span class='ocrx_word' id='word_1_649' title='bbox 1052 2105 1182 2140; x_wconf 81' lang='grc' dir='ltr'>βασιλικὰ</span> <span class='ocrx_word' id='word_1_650' title='bbox 1215 2104 1497 2140; x_wconf 79' lang='grc' dir='ltr'>προσεπιφερόμενον.</span> <span class='ocrx_word' id='word_1_651' title='bbox 1519 2105 1550 2131; x_wconf 92' lang='lat'><strong>&#39;0</strong></span> <span class='ocrx_word' id='word_1_652' title='bbox 1565 2105 1615 2140; x_wconf 83' lang='grc' dir='ltr'>μὲν</span> <span class='ocrx_word' id='word_1_653' title='bbox 1640 2104 1687 2132; x_wconf 79' lang='grc' dir='ltr'>οὖν</span> <span class='ocrx_word' id='word_1_654' title='bbox 1714 2107 1840 2141; x_wconf 81' lang='grc' dir='ltr'>Χοσρόης</span> 
     </span>
    </p>
   </div>
   <div class='ocr_carea' id='block_1_91' title="bbox 1050 2150 1837 2187">
    <p class='ocr_par' dir='ltr' id='par_1_91' title="bbox 1050 2150 1837 2187">
     <span class='ocr_line' id='line_1_91' title="bbox 1050 2150 1837 2187; baseline 0 -9"><span class='ocrx_word' id='word_1_655' title='bbox 1050 2151 1179 2178; x_wconf 82' lang='grc' dir='ltr'>ὑπόθεσιν</span> <span class='ocrx_word' id='word_1_656' title='bbox 1193 2150 1312 2186; x_wconf 86' lang='grc' dir='ltr'>πολέμου</span> <span class='ocrx_word' id='word_1_657' title='bbox 1325 2151 1375 2185; x_wconf 82' lang='grc' dir='ltr'><strong>τὴν</strong></span> <span class='ocrx_word' id='word_1_658' title='bbox 1385 2150 1532 2185; x_wconf 84' lang='grc' dir='ltr'>τυραννίδα</span> <span class='ocrx_word' id='word_1_659' title='bbox 1543 2151 1837 2187; x_wconf 80' lang='grc' dir='ltr'>πραγματευσάμενος,</span> 
     </span>
    </p>
   </div>
   <div class='ocr_carea' id='block_1_92' title="bbox 1049 2195 1837 2232">
    <p class='ocr_par' dir='ltr' id='par_1_92' title="bbox 1049 2195 1837 2232">
     <span class='ocr_line' id='line_1_92' title="bbox 1049 2195 1837 2232; baseline 0.001 -10"><span class='ocrx_word' id='word_1_660' title='bbox 1049 2197 1099 2231; x_wconf 78' lang='grc' dir='ltr'>τὴν</span> <span class='ocrx_word' id='word_1_661' title='bbox 1131 2196 1321 2231; x_wconf 82' lang='grc' dir='ltr'>κοσμοφθόρον</span> <span class='ocrx_word' id='word_1_662' title='bbox 1346 2195 1454 2232; x_wconf 77' lang='grc' dir='ltr'>εκείνην</span> <span class='ocrx_word' id='word_1_663' title='bbox 1489 2197 1655 2230; x_wconf 72' lang='grc' dir='ltr'>ἐστράτευσε</span> <span class='ocrx_word' id='word_1_664' title='bbox 1686 2197 1837 2231; x_wconf 73' lang='grc' dir='ltr'>σάλπιγγα.</span> 
     </span>
    </p>
   </div>
   <div class='ocr_carea' id='block_1_93' title="bbox 1048 2241 1839 2279">
    <p class='ocr_par' dir='ltr' id='par_1_93' title="bbox 1048 2241 1839 2279">
     <span class='ocr_line' id='line_1_93' title="bbox 1048 2241 1839 2279; baseline 0.004 -12"><span class='ocrx_word' id='word_1_665' title='bbox 1048 2241 1121 2277; x_wconf 78' lang='grc' dir='ltr'>Αὕτη</span> <span class='ocrx_word' id='word_1_666' title='bbox 1133 2242 1187 2278; x_wconf 86' lang='grc' dir='ltr'>γὰρ</span> <span class='ocrx_word' id='word_1_667' title='bbox 1200 2242 1326 2278; x_wconf 80' lang='grc' dir='ltr'>λυτήριος</span> <span class='ocrx_word' id='word_1_668' title='bbox 1337 2242 1434 2277; x_wconf 86' lang='grc' dir='ltr'>γέγονε</span> <span class='ocrx_word' id='word_1_669' title='bbox 1448 2243 1497 2278; x_wconf 81' lang='grc' dir='ltr'><strong>τῆς</strong></span> <span class='ocrx_word' id='word_1_670' title='bbox 1512 2243 1655 2277; x_wconf 79' lang='grc' dir='ltr'>Ῥωμαίων</span> <span class='ocrx_word' id='word_1_671' title='bbox 1666 2252 1696 2269; x_wconf 80' lang='grc' dir='ltr'><strong>τε</strong></span> <span class='ocrx_word' id='word_1_672' title='bbox 1711 2244 1757 2270; x_wconf 76' lang='grc' dir='ltr'>καὶ</span> <span class='ocrx_word' id='word_1_673' title='bbox 1769 2244 1839 2279; x_wconf 83' lang='grc' dir='ltr'>Περ-</span> 
     </span>
    </p>
   </div>
   <div class='ocr_carea' id='block_1_94' title="bbox 1048 2287 1839 2325">
    <p class='ocr_par' dir='ltr' id='par_1_94' title="bbox 1048 2287 1839 2325">
     <span class='ocr_line' id='line_1_94' title="bbox 1048 2287 1839 2325; baseline 0.005 -13"><span class='ocrx_word' id='word_1_674' title='bbox 1048 2287 1102 2313; x_wconf 82' lang='grc' dir='ltr'><strong>σῶν</strong></span> <span class='ocrx_word' id='word_1_675' title='bbox 1127 2287 1291 2322; x_wconf 80' lang='grc' dir='ltr'>εὐπραγίας.</span> <span class='ocrx_word' id='word_1_676' title='bbox 1320 2288 1424 2315; x_wconf 84' lang='grc' dir='ltr'>Ἐδόκει</span> <span class='ocrx_word' id='word_1_677' title='bbox 1451 2289 1506 2324; x_wconf 84' lang='grc' dir='ltr'>γὰρ</span> <span class='ocrx_word' id='word_1_678' title='bbox 1533 2290 1800 2325; x_wconf 79' lang='grc' dir='ltr'>κατειρωνευόμενος</span> <span class='ocrx_word' id='word_1_679' title='bbox 1825 2291 1839 2316; x_wconf 87' lang='lat'><strong>6</strong></span> 
     </span>
    </p>
   </div>
   <div class='ocr_carea' id='block_1_95' title="bbox 1048 2332 1838 2370">
    <p class='ocr_par' dir='ltr' id='par_1_95' title="bbox 1048 2332 1838 2370">
     <span class='ocr_line' id='line_1_95' title="bbox 1048 2332 1838 2370; baseline 0.005 -13"><span class='ocrx_word' id='word_1_680' title='bbox 1048 2332 1172 2367; x_wconf 67' lang='grc' dir='ltr'>Χοσρόης</span> <span class='ocrx_word' id='word_1_681' title='bbox 1201 2332 1363 2368; x_wconf 77' lang='grc' dir='ltr'>ἀντέχεσθαι</span> <span class='ocrx_word' id='word_1_682' title='bbox 1386 2335 1436 2369; x_wconf 79' lang='grc' dir='ltr'>τῆς</span> <span class='ocrx_word' id='word_1_683' title='bbox 1459 2333 1537 2366; x_wconf 82' lang='grc' dir='ltr'>ὁσίας</span> <span class='ocrx_word' id='word_1_684' title='bbox 1563 2334 1612 2361; x_wconf 81' lang='grc' dir='ltr'>τοῦ</span> <span class='ocrx_word' id='word_1_685' title='bbox 1636 2335 1838 2370; x_wconf 74' lang='grc' dir='ltr'>αὐτοκράτορος</span> 
     </span>
    </p>
   </div>
   <div class='ocr_carea' id='block_1_96' title="bbox 1046 2377 1837 2415">
    <p class='ocr_par' dir='ltr' id='par_1_96' title="bbox 1046 2377 1837 2415">
     <span class='ocr_line' id='line_1_96' title="bbox 1046 2377 1837 2415; baseline 0.004 -12"><span class='ocrx_word' id='word_1_686' title='bbox 1046 2377 1201 2411; x_wconf 74' lang='grc' dir='ltr'>Μαυρικῐου</span> <span class='ocrx_word' id='word_1_687' title='bbox 1217 2378 1338 2414; x_wconf 77' lang='grc' dir='ltr'>μνήμης.</span> <span class='ocrx_word' id='word_1_688' title='bbox 1355 2378 1434 2406; x_wconf 78' lang='grc' dir='ltr'>Οὕτω</span> <span class='ocrx_word' id='word_1_689' title='bbox 1451 2379 1500 2414; x_wconf 79' lang='grc' dir='ltr'>μὲν</span> <span class='ocrx_word' id='word_1_690' title='bbox 1512 2379 1558 2406; x_wconf 85' lang='grc' dir='ltr'>οὖν</span> <span class='ocrx_word' id='word_1_691' title='bbox 1572 2380 1587 2406; x_wconf 89' lang='lat'><strong>6</strong></span> <span class='ocrx_word' id='word_1_692' title='bbox 1603 2380 1737 2415; x_wconf 72' lang='grc' dir='ltr'>Περσικὸς</span> <span class='ocrx_word' id='word_1_693' title='bbox 1756 2381 1837 2407; x_wconf 71' lang='grc' dir='ltr'><strong>¹ιτὶλε-</strong></span> 
     </span>
    </p>
   </div>
   <div class='ocr_carea' id='block_1_97' title="bbox 1049 2424 1835 2461">
    <p class='ocr_par' dir='ltr' id='par_1_97' title="bbox 1049 2424 1835 2461">
     <span class='ocr_line' id='line_1_97' title="bbox 1049 2424 1835 2461; baseline 0.005 -12"><span class='ocrx_word' id='word_1_694' title='bbox 1049 2432 1098 2458; x_wconf 80' lang='grc' dir='ltr'><strong>μος</strong></span> <span class='ocrx_word' id='word_1_695' title='bbox 1123 2424 1172 2459; x_wconf 77' lang='grc' dir='ltr'><strong>τὴν</strong></span> <span class='ocrx_word' id='word_1_696' title='bbox 1187 2425 1295 2458; x_wconf 77' lang='grc' dir='ltr'>γένεσιν</span> <span class='ocrx_word' id='word_1_697' title='bbox 1311 2425 1497 2461; x_wconf 70' lang='grc' dir='ltr'>ἐκληρώσατο.</span> <span class='ocrx_word' id='word_1_698' title='bbox 1520 2427 1550 2453; x_wconf 86' lang='lat'><strong>&#39;0</strong></span> <span class='ocrx_word' id='word_1_699' title='bbox 1566 2426 1594 2453; x_wconf 80' lang='grc' dir='ltr'>δὲ</span> <span class='ocrx_word' id='word_1_700' title='bbox 1616 2427 1708 2458; x_wconf 84' lang='grc' dir='ltr'>Λίλιος</span> <span class='ocrx_word' id='word_1_701' title='bbox 1722 2427 1835 2453; x_wconf 84' lang='grc' dir='ltr'>διετέλει</span> 
     </span>
    </p>
   </div>
   <div class='ocr_carea' id='block_1_98' title="bbox 1048 2470 1640 2509">
    <p class='ocr_par' dir='ltr' id='par_1_98' title="bbox 1048 2470 1640 2509">
     <span class='ocr_line' id='line_1_98' title="bbox 1048 2470 1640 2509; baseline 0.01 -15"><span class='ocrx_word' id='word_1_702' title='bbox 1048 2470 1124 2504; x_wconf 74' lang='grc' dir='ltr'>παρὰ</span> <span class='ocrx_word' id='word_1_703' title='bbox 1140 2472 1194 2501; x_wconf 78' lang='grc' dir='ltr'>τοῖς</span> <span class='ocrx_word' id='word_1_704' title='bbox 1212 2471 1330 2506; x_wconf 82' lang='grc' dir='ltr'>Πέρσαις</span> <span class='ocrx_word' id='word_1_705' title='bbox 1347 2473 1640 2509; x_wconf 72' lang='grc' dir='ltr'>σκ).ηραγωγούμενος.</span> 
     </span>
    </p>
   </div>
  </div>
