1943 3072
105 132 161 164 ε’37

507 134 554 164 DE
573 135 856 167 LEGATIONIBUS
877 137 1053 168 GENTIUM
1075 138 1124 168 AD
1143 137 1330 168 ROMANOS.

1678 139 1730 173 938

677 301 752 344 ΕΚ
790 302 897 345 ΤΗΣ
934 303 1180 346 ΙΣΤΟΡΙΛΣ

396 397 547 456 ΤΟΥ
587 399 834 457 ΑΥΤΟΥ
863 397 1435 458 ΘΕΟΦΥΑΑΚΤΟΥ

627 504 697 531 ΔΠΟ
718 504 882 531 ΕΠᾹΡΧΟΥ
898 504 958 531 KAI
978 505 1218 532 ΔΝΤΙΓΡΑΦΕΩΣ

318 589 450 634 ΠΕΡΙ
488 589 778 634 ΠΡΕΣΒΕΩΝ
815 590 1007 635 ΕΘΝΩΝ
1045 592 1190 635 ΠΡΟΣ
1227 589 1522 635 ΡΩΜΑΙΟΥΣ.

786 732 842 762 EX
864 731 1057 763 HISTORIA

469 823 786 881 EJUSDEM
826 824 1395 881 THEOPHYLACTI

636 932 869 961 EXPRIEFEC'I'I
883 933 929 961 ET
950 933 1208 967 SCRIPTURARII,

365 1021 439 1066 DE
477 1021 726 1067 LEGATIS
761 1020 1037 1067 GENTIUM
1075 1022 1149 1066 AD
1191 1020 1493 1068 ROMANOS.

151 1169 212 1195 Ὀτι
226 1165 392 1194 Φιλιππικοῢ
409 1165 457 1192 τοῦ
473 1165 600 1202 γαμϐροῦ
623 1166 778 1202 Μαυρικίου
800 1175 901 1202 στρατ-

989 1168 1070 1203 133
1083 1167 1159 1200 Quod
1179 1166 1319 1203 Philippici
1341 1168 1433 1204 generi
1463 1166 1584 1196 Mauricii
1607 1169 1687 1197 ductu
1703 1177 1737 1198 ex

113 1214 257 1250 ηγοῦνῖος,
272 1214 319 1240 ἐπὶ
334 1212 383 1246 τῆς
400 1211 532 1246 βασιλίδος
546 1211 695 1247 ὲξεδήμησε
719 1211 832 1244 πόλεως,
851 1213 898 1238 καὶ

111 1262 160 1295 τῆς
179 1259 290 1295 Ἀμίδης
319 1259 417 1293 ἐπέϐη.
444 1258 628 1294 Πρεσϐεύσυσι
656 1258 758 1294 Πέρσαι
786 1259 899 1292 ἐνδόξως

113 1316 174 1338 πως
205 1305 370 1333 καταθέσθαι
397 1305 443 1331 τὸν
473 1304 603 1340 πόλεμον.
630 1305 820 1341 Προσέταττον
843 1305 899 1341 γὰρ

117 1353 274 1388 Ῥωμαίοις,
305 1353 428 1388 χρήμασι
456 1352 505 1384 τὰς
530 1351 648 1384 σπονδὰς
675 1352 898 1387 σφετερίσασθαι,

113 1399 246 1434 Μείώδην
262 1399 308 1425 τὸν
323 1398 466 1433 σατράπην
478 1397 515 1430 ὡς
528 1397 574 1424 τὸν
589 1398 743 1433 στρατηγὸν
771 1398 899 1424 ἀποστεί-

113 1445 219 1477 λαντες.
233 1444 288 1472 Καὶ
305 1444 351 1471 οὖν
367 1442 418 1480 ἦκε
433 1444 565 1479 Μεσὼδης
579 1445 593 1471 ὁ
615 1444 724 1480 Πέρσης
738 1444 814 1480 παρὰ
836 1445 899 1476 τοὺς

119 1491 284 1526 Ῥωμαίους,
311 1490 359 1517 καὶ
377 1491 391 1517 ό
414 1491 565 1526 στρατηγὸς
592 1490 741 1526 ἐκκλησίαν
761 1490 898 1523 ἐκάθισεν,

114 1538 150 1568 ὡς
167 1537 263 1563 ἑαυτὸν
283 1536 536 1572 συγκαλεσάμενος,
553 1537 616 1567 τοὺς
640 1537 840 1572 ταγματάρχας
853 1537 899 1563 καὶ

113 1582 245 1616 λοχαγοὺς
263 1581 447 1613 ὑπασπιστὰς,
464 1581 512 1608 καὶ
540 1581 596 1620 τῆς.
609 1582 730 1617 μαχίμου
757 1581 900 1616 δυνάμεως

114 1629 143 1653 τ),
153 1628 365 1662 ἐμφανέστερον·
382 1627 500 1662 ὁπηνίκα
511 1627 533 1654 δ’
544 1628 558 1654 ό
571 1627 699 1661 σύλλογος
708 1626 898 1661 ἐπεπλήρωτο,

115 1674 130 1699 ὁ
146 1674 251 1708 Πέρσης
266 1674 348 1700 τῶνδε
365 1675 420 1699 τῷν
432 1673 519 1707 λόγων
538 1672 690 1708 ἀπήρξατο.

399 1730 607 1756 AIIMIII‘OPIA.

153 1786 264 1821 Ἄνδρες
280 1785 414 1820 πολέμιοι,
438 1785 475 1820 μὴ
490 1785 647 1819 ταραττέτω
658 1785 685 1811 δὲ
704 1786 768 1818 rei);
786 1786 899 1812 ἀκούον-

952 1215 1025 1250 rcgia
1048 1215 1115 1241 urbe
1140 1214 1279 1249 profectus
1303 1214 1428 1242 Amidam
1452 1215 1537 1242 venit.
1562 1214 1736 1250 Legationcm

951 1261 1062 1287 mittunt
1080 1259 1178 1292 Persae,
1192 1264 1221 1287 ut
1235 1259 1318 1287 certis
1332 1259 1431 1296 quippe
1445 1261 1644 1289 conditionibus
1655 1261 1738 1296 depo-

951 1310 1062 1333 neretur
1078 1305 1176 1332 bellum
1195 1314 1202 1332 :
1218 1308 1354 1340 petierunt
1375 1313 1491 1342 namque
1511 1314 1526 1334 a
1544 1306 1692 1340 Romanis,
1709 1312 1739 1334 ut

950 1352 1062 1386 pecunia
1078 1359 1171 1386 pacem
1183 1357 1314 1385 emerent,
1332 1351 1445 1380 Mebode
1460 1356 1569 1387 satrapa
1588 1353 1621 1379 ad
1641 1352 1737 1379 ducem

951 1396 1083 1430 ablegato.
1104 1396 1184 1424 Venit
1199 1403 1263 1431 ergo
1288 1397 1322 1424 ad
1343 1396 1481 1424 Romanos
1502 1395 1628 1424 Mebodes
1643 1395 1738 1425 Persa.

951 1448 983 1468 ac
1001 1442 1148 1476 imperator
1172 1442 1309 1469 exercitus
1324 1441 1454 1469 concione
1471 1445 1564 1469 coacta
1575 1459 1583 1474 ,
1599 1441 1634 1468 ad
1649 1441 1738 1476 ipsum

951 1488 1125 1520 audiendum,
1140 1488 1265 1516 ordinum
1281 1488 1416 1520 ductores,
1431 1495 1464 1516 ac
1481 1487 1603 1516 tribunos
1615 1492 1643 1515 et
1664 1487 1740 1514 auxi-

951 1534 1033 1562 liares
1046 1554 1053 1566 ,
1078 1534 1251 1569 reliquosque
1274 1534 1344 1562 inter
1365 1533 1465 1562 milites
1486 1533 1649 1562 illustriores
1671 1541 1738 1561 cou-

951 1584 1040 1612 vocat,
1061 1587 1115 1614 qua
1136 1579 1248 1608 collecta
1264 1579 1408 1613 concione,
1428 1579 1511 1608 Persa
1531 1581 1560 1608 in
1579 1580 1637 1608 haec
1654 1579 1739 1608 verba

951 1633 1029 1652 orsus
1044 1630 1095 1653 est.

1277 1725 1413 1754 CONCIO.

986 1781 1044 1808 Viri
1060 1781 1192 1814 bellicosi,
1205 1789 1238 1809 ne
1253 1789 1318 1810 vero
1330 1789 1377 1810 vos
1387 1782 1522 1817 percutiat
1536 1782 1677 1811 audientes
1688 1783 1740 1811 hoc

116 1839 164 1861 τας
188 1830 235 1857 τοῦ
250 1830 420 1866 πρεσϐευτοῦ
431 1830 462 1856 τὸ
473 1830 627 1865 προοίμιον.
647 1831 676 1857 EI
692 1830 746 1866 γὰρ
763 1830 811 1861 τὰς
828 1829 900 1865 γνώ-

954 1827 1032 1862 lcgati
1048 1827 1220 1861 prooemium.
1245 1828 1273 1855 Si
1293 1828 1364 1856 enim
1387 1828 1537 1857 sententias
1558 1829 1740 1862 mutareritis,

118 1884 170 1910 μας
186 1876 331 1910 ἁμείψητε,
358 1875 517 1910 μεταλλάξω
534 1875 611 1910 κάγὼ
633 1875 682 1912 τὴν
707 1875 899 1911 προφὼνησιν,

117 1922 245 1948 ὁπλίσατε
268 1922 318 1957 τὴν
333 1921 447 1957 εἰρήνην
472 1922 743 1958 ἀποχειροτονοῦντες
758 1923 803 1949 τὸν
818 1923 900 1950 πόλε-

120 1974 184 2002 μον·
199 1966 262 2001 δόρυ
287 1968 334 1993 καὶ
350 1966 437 2001 ξίφος,
455 1966 492 1999 ὡς
520 1967 695 2002 γεγηρακότα
718 1968 899 2003 χαιρέτωσαν.

120 2013 173 2040 Καὶ
189 2012 373 2048 στρατεύσατε
389 2012 506 2048 σύριγγα
525 2013 611 2049 πρᾷον
626 2013 693 2048 ὁμοῦ
710 2015 757 2040 καὶ
777 2022 901 2049 ποιμενι-

119 2059 165 2085 κὸν
183 2058 380 2094 περιλαλοῦσαν
408 2060 568 2095 τερέτισμα.
587 2059 618 2086 '0
635 2059 747 2095 Περσῶν
775 2059 902 2095 βασιλεὺς

118 2105 167 2140 τῆς
180 2105 290 2141 εἰρήνης
299 2105 372 2132 ἐστὶν
386 2106 505 2140 ἐραστὴς
515 2125 523 2138 ,
538 2105 585 2132 καὶ
596 2105 757 2140 σεμνύνεται
767 2105 902 2133 ἀπεκδυό-

121 2158 200 2184 μενος
218 2151 286 2184 πρὸς
299 2150 344 2176 τδιν
354 2150 482 2184 πόλεμον.
498 2150 640 2177 Βασιλικδν
655 2151 711 2185 γὰρ
731 2150 747 2186 ἠ
760 2151 808 2186 τῆς
824 2151 902 2186 εἰρὴ-

119 2204 165 2230 νης
179 2195 321 2230 ἀρέσκεια,
337 2195 375 2227 ὡς
389 2196 436 2222 καὶ
453 2195 592 2230 τυράννων
607 2195 671 2222 ἴδιον
687 2195 718 2222 τὸ
740 2195 900 2229 φιλόνεικον.

122 2241 235 2277 Ἀνδρες
265 2242 321 2268 τῶν
347 2241 437 2268 αὐτῶν
470 2241 640 2276 παθημάτων
664 2243 732 2276 ἡμῖν
763 2241 900 2269 κοινωνοί·

123 2287 239 2322 μεινάτω
261 2287 316 2313 τῶν
342 2287 451 2314 πάντων
470 2287 484 2313 ὁ
500 2287 619 2321 πόλεμος
647 2287 727 2322 μόνος
741 2287 900 2322 ἀκόρεστος.

120 2333 220 2367 Αἴματι
232 2334 281 2370 τὴν
301 2334 352 2368 γῆν
369 2334 523 2369 ὲμιάναμεν
535 2342 542 2349 ·
561 2333 690 2365 πολλάκις
719 2333 764 2360 τὸν
789 2333 902 2360 θάνατον

121 2379 311 2415 ἱστορήσαμεν.
324 2380 472 2415 Ζωγράφος
488 2380 542 2415 γὰρ
558 2379 606 2406 τοῦ
617 2379 730 2406 θανάτου
744 2380 758 2406 ὁ
769 2379 886 2414 πόλεμος
895 2387 902 2394 '

121 2423 173 2458 ἐγὼ
189 2425 218 2451 δέ
234 2434 306 2460 φημι
327 2426 374 2452 καὶ
397 2426 550 2461 ἀρχέτυπον
572 2427 618 2453 καὶ
645 2426 699 2458 τῶν
725 2426 904 2462 ἀνθρωπίνων

122 2470 213 2496 κακῶν
242 2471 398 2506 ἀρχηγέτης
433 2473 480 2498 καὶ
508 2471 668 2503 διδάσκαλος
701 2472 902 2503 αὐτοδίδακτος.

953 1874 1061 1901 Inulabo
1077 1879 1103 1900 et
1116 1882 1165 1909 ego
1184 1875 1428 1903 denuntiationem.
1450 1875 1569 1903 Excolite
1581 1882 1675 1911 pacem
1693 1875 1740 1902 de-

952 1919 1040 1954 posito
1057 1920 1137 1954 bello,
1154 1921 1293 1956 hasta-que
1312 1925 1339 1949 et
1362 1921 1467 1957 gladius
1480 1926 1510 1949 ut
1529 1921 1669 1957 antiquata
1692 1929 1741 1948 va-

951 1967 1034 2000 lcant,
1058 1972 1085 1995 et
1103 1975 1152 2002 pro
1173 1968 1268 1995 militia
1286 1968 1374 2003 capite
1396 1968 1514 1996 ﬁstulam
1536 1968 1597 1996 lene
1620 1967 1700 1996 simul
1714 1973 1742 1995 ct

951 2014 1086 2050 pastorale
1110 2019 1252 2042 canentem
1277 2015 1371 2041 melos.
1400 2013 1544 2042 Persarum
1574 2021 1621 2042 rex
1647 2021 1743 2042 amans

951 2060 1027 2096 pacis
1043 2064 1094 2091 est,
1113 2060 1188 2088 cultu
1207 2064 1321 2088 ornatur
1342 2060 1466 2095 aptiore,
1494 2067 1547 2088 non
1572 2060 1742 2088 ornamentis

951 2105 1066 2133 bellicis.
1078 2105 1161 2140 Regia
1177 2105 1249 2133 enim
1268 2109 1310 2133 est
1329 2105 1404 2139 pacis
1417 2105 1577 2139 placidilas,
1600 2105 1679 2132 sicuti
1698 2107 1742 2140 ty-

952 2158 1100 2179 rannorum
1125 2151 1234 2186 propria
1252 2151 1399 2178 discordia.
1418 2149 1477 2178 Viri
1498 2150 1544 2186 qui
1559 2150 1626 2178 estis
1645 2151 1741 2178 eodem

952 2197 1034 2225 modo
1059 2197 1198 2224 nobiscum
1223 2195 1323 2229 aiI'ecti,
1346 2195 1513 2231 relinquatur
1532 2196 1630 2224 bellum
1654 2196 1743 2223 solum

952 2243 1077 2272 omnibus
1090 2243 1171 2271 rebus
1187 2242 1358 2278 inexplebile.
1375 2242 1512 2276 Sanguine
1525 2246 1624 2269 terram
1645 2241 1742 2276 pollui-

952 2297 1023 2322 mus,
1037 2296 1108 2324 saepe
1130 2293 1244 2317 mortem
1260 2289 1380 2316 vidimus
1393 2308 1402 2322 ,
1424 2291 1538 2316 mortem
1555 2287 1632 2322 cuius
1656 2287 1744 2322 pictor

952 2341 994 2363 est
1007 2335 1118 2368 bellum,
1135 2343 1185 2371 ego
1196 2342 1262 2363 vero
1275 2333 1337 2363 dico
1349 2334 1430 2362 etiam
1445 2334 1640 2370 archetypum,
1655 2338 1682 2360 et
1694 2334 1745 2360 hu-

953 2388 1094 2408 manorum
1116 2380 1247 2409 malorum
1267 2385 1365 2408 auctor
1389 2385 1418 2408 et
1446 2379 1575 2414 magister
1593 2386 1641 2415 per
1665 2386 1694 2406 se
1717 2385 1745 2406 ut

954 2430 1050 2453 natura
1068 2434 1126 2454 sua.
1140 2425 1286 2454 Pecuniam
1308 2430 1381 2454 amat
1403 2425 1515 2461 aliquis,
1531 2425 1578 2453 sed
1599 2424 1696 2460 opibus
1717 2429 1746 2451 ct

953 2477 1114 2508 paupertate
1135 2473 1263 2506 ludimur,
1285 2474 1431 2509 aliquando
1446 2473 1520 2506 victi.
1539 2473 1678 2500 vincentes
1695 2470 1746 2498 ali-

121 2517 274 2551 Χρημάτων
291 2517 342 2552 ὲρᾷ
352 2516 405 2552 [τις
418 2517 439 2553 '1
452 2517 519 2544 ἀλλὰ
534 2517 643 2553 πλούτῳ
667 2518 715 2544 καὶ
729 2518 810 2553 πενία
824 2517 901 2552 γεγό-

956 2519 1075 2553 quando,
1091 2523 1119 2546 et
1130 2519 1224 2553 jactati
1243 2517 1326 2546 simul
1340 2526 1401 2546 cum
1417 2518 1480 2546 belli
1495 2517 1605 2546 fortuna
1620 2516 1743 2551 ancipiti,

122 2571 204 2598 ναμεν
214 2563 350 2597 παίγνιον,
360 2563 423 2590 ποτὲ
437 2565 485 2598 μὲν
494 2564 668 2599 κρατῡῦντες,
677 2564 742 2591 ποτὲ
750 2564 778 2591 δὲ
787 2563 906 2600 κρατούα

123 2617 195 2643 μενοι
208 2609 255 2635 καὶ
268 2608 555 2644 συμμεταϐαλλὸμενοι
569 2611 629 2641 ταῖς
644 2608 690 2636 τοῦ
709 2610 829 2645 πολέμου
842 2619 905 2645 τρο-

123 2657 194 2688 παῖς,
220 2656 305 2682 ἀΐδιον
324 2655 421 2690 ὥσπερ
440 2655 491 2691 τὴν
522 2656 674 2691 μεταδολὴν
695 2656 904 2692 ὲκαρπούμεθα.

127 2702 228 2737 ΪΕκόμα
239 2710 281 2734 τις
300 2701 354 2728 τῶν
367 2701 501 2737 ἀριστέων
515 2701 608 2737 χρυσῷ
618 2709 626 2717 ⁸
653 2702 722 2737 μετὰ
739 2703 788 2738 τῆς
809 2703 905 2738 ἡδονῆς

122 2747 168 2782 τὴν
181 2747 309 2774 ἀπιστίαν
333 2747 481 2782 ἐκέκτητοσ
500 2747 527 2773 τί
548 2747 602 2782 γὰρ
617 2747 795 2782 ἀπιστότερον
810 2748 839 2774 ὲν
857 2756 905 2774 πο-

123 2793 195 2828 λέμῳ
218 2792 378 2828 χρημάτων,
405 2792 517 2826 ἁμέσως
534 2791 756 2827 μετατιθεμένων
770 2793 799 2824 ἐς
813 2791 902 2825 ἄλλον,

124 2839 167 2866 καὶ
178 2839 260 2867 πάλιν
273 2837 303 2871 ἑξ
314 2839 419 2865 ἐκείνου
431 2838 469 2869 εις
480 2838 574 2873 ἓτερον
582 2846 590 2854 ν
606 2837 644 2870 ὡς
656 2838 827 2874 ἐγρηγορότα
846 2831 907 2874 βλέ-

277 2887 413 2918 ΡΑι-κοι..
431 2886 489 2918 Gn.
507 2887 619 2919 CXIII.

959 2570 1116 2600 perpetuam
1135 2565 1214 2601 183
1228 2567 1307 2601 quasi
1321 2565 1515 2593 volutationem
1538 2563 1668 2599 patimur.
1694 2563 1746 2591 Su-

959 2611 1048 2646 perbit
1062 2612 1131 2639 alius
1144 2619 1211 2640 auro
1233 2612 1400 2648 principum.
1422 2618 1484 2639 cum
1498 2609 1636 2644 voluptate
1659 2609 1748 2644 possi-

959 2658 1003 2685 det
1017 2657 1169 2692 perlidiam,
1183 2657 1247 2692 quid
1268 2656 1339 2685 enim
1356 2656 1384 2684 in
1399 2655 1471 2684 bello
1490 2655 1577 2690 magis
1603 2658 1645 2682 est.
1665 2653 1748 2689 perﬁ-

958 2703 1022 2731 dum
1037 2703 1170 2738 pecunia?
1193 2702 1294 2738 absque
1307 2701 1463 2730 discrimine
1477 2700 1597 2729 defertur
1611 2700 1646 2728 ab
1659 2698 1747 2727 illo:d

958 2749 1051 2782 alium,
1065 2753 1092 2776 et
1106 2748 1140 2775 ab
1151 2749 1203 2776 alio
1216 2755 1313 2776 rursus
1327 2747 1361 2777 ad
1374 2747 1468 2780 alium,
1485 2747 1562 2784 quasi
1577 2746 1601 2775 si
1614 2744 1746 2781 erigilans

959 2793 1096 2820 somnium
1107 2811 1115 2825 ,
1132 2792 1203 2828 quod
1223 2793 1419 2826 somniaveris,
1433 2792 1542 2825 videas,
1558 2796 1605 2819 aut
1619 2790 1662 2819 die
1684 2796 1747 2819 cras

962 2839 1018 2867 Iino
1032 2840 1149 2871 crapulae
1171 2838 1327 2868 memineris
1345 2839 1487 2868 hesternae.
1503 2837 1559 2866 Vos
1570 2837 1646 2872 olim,
1661 2843 1678 2866 ο
1693 2835 1749 2863 Ro-

1535 2887 1575 2919 30
