1943 3072
203 147 255 178 93.")

609 144 805 176 EXCERPTA
825 144 876 176 EX
896 143 1194 176 THEOPHYLACTO
1214 140 1426 174 SIMOCATTA

1771 143 1825 174 946

203 202 286 235 mani,
299 202 450 229 libertatem
465 200 567 229 fecistis
575 201 656 234 bello,
666 209 714 229 vos
722 203 802 229 etiam
814 202 888 236 pacis
900 204 985 228 estote

1040 207 1100 224 πειν
1115 198 1240 225 ἐνύπνιον
1256 197 1301 224 τὸν
1321 196 1536 232 κτησάμενον,ῆ
1563 197 1595 231 τῇ
1624 197 1756 232 ὑστεραίᾳ
1776 197 1826 230 τῆς

202 247 337 281 discipuli,
364 246 589 274 annuntiantibus
612 248 688 275 vobis
719 248 824 281 Persis,
842 252 872 275 ut
898 247 986 283 lacry-

203 300 305 320 mosum
322 293 419 320 bellum
435 293 589 320 excutiatis.
612 293 662 326 Qui
676 293 747 321 enim
764 294 850 329 primo
861 299 985 328 peccant,

203 339 263 366 illos
278 339 358 366 etiam
376 338 555 366 correctionis
567 337 644 366 decet
667 339 837 374 panitentia.
857 339 895 367 Ne
911 344 987 374 pute-

204 385 239 412 tis
261 384 451 412 conlidentiam
476 392 537 413 esse
563 385 634 413 hanc
656 392 745 412 meam
769 389 823 413 tam
841 385 987 412 humanam

201 430 362 457 orationem.
386 429 452 456 Cum
478 429 550 457 enim
573 429 674 457 nullius
702 429 820 465 indigeat
843 429 986 458 Persarum

203 483 261 507 rex,
278 475 334 503 beri
352 475 421 503 forte
436 475 476 502 vel
491 476 587 503 nudius
604 475 710 509 tertius,
723 477 830 511 quando
845 483 921 503 suam
934 481 988 503 ter-

203 529 259 548 ram
273 530 355 550 ausus
376 527 417 550 est
439 522 545 550 calcare
566 521 704 550 Romanus
724 523 877 555 exercitus,
894 522 988 557 praelia

201 568 327 601 congredi
344 567 443 595 renuit.
466 567 541 595 Auro
555 567 627 595 enim
646 566 741 599 multo,
763 567 894 602 donisque
907 567 988 595 lautis

201 620 292 639 emere
315 612 450 640 Romanos
465 620 558 647 pacem
580 612 674 648 jubet,
691 620 739 640 nec
754 620 819 640 sane
841 619 890 647 pro
909 619 988 648 pmoa

202 658 300 684 bellum
317 658 454 692 imponere
477 658 651 693 peccantibus
666 658 707 685 l'as
724 663 765 685 est
791 667 798 686 :
816 658 878 693 quia
904 657 988 685 multa

202 703 358 736 pecuniaria
366 708 392 731 et
401 703 541 731 Persicum
554 703 675 731 animum
687 704 804 738 placare,
817 708 844 731 et
858 703 986 732 ferociam

202 747 385 777 Romanorum
414 750 509 777 bellica
536 749 671 785 expletam
697 750 777 780 tuba.
812 757 864 777 non
895 749 988 784 nequit

200 795 390 830 comprimere.

1039 245 1153 279 ἔναγχος
1170 243 1324 279 μεμνῆσθαι
1340 243 1507 278 κραιπάλης.
1529 242 1635 278 Ὑμεῖς,
1652 239 1826 277 ὦῬωμαῐοι,

1039 291 1088 325 τὴν
1107 290 1263 326 παρρησίαν
1284 289 1368 316 πάλαι
1390 289 1431 324 τῷ
1449 289 1563 324 πολέμῳ
1580 289 1716 315 δεδώκατε
1727 298 1734 305 ι
1747 290 1826 324 ὑμεῖς

1040 337 1087 363 καὶ
1101 336 1151 371 τῆς
1165 335 1279 371 είρήνης
1293 334 1402 369 γίνεσθε
1425 334 1559 370 μαθηταὶ,
1587 334 1826 369 ἑπικηρυκευομέο

1040 390 1093 409 νων
1104 381 1218 415 Περσῶν
1229 381 1274 408 τὸν
1291 380 1455 416 φιλόδακρυν
1470 380 1671 407 ἀποσείσασθαι
1695 380 1826 414 πόλεμον.

1038 424 1087 459 Οἷς
1108 427 1164 462 γὰρ
1187 427 1236 462 τῆς
1265 420 1404 462 ἁμαρτίας
1429 426 1446 461 ή
1460 425 1579 461 ἐναρξις,
1597 425 1703 456 τούτοις
1716 426 1825 460 καὶτῆς

1039 472 1251 508 ἐπανορθώσεως
1265 472 1280 498 6
1296 471 1448 507 μετάμελος
1462 471 1537 498 ἐστιν
1560 471 1699 506 ἁρμόδιος.
1719 471 1765 506 Μὴ
1779 480 1826 505 γε-

1038 517 1125 545 νέσθω
1152 518 1251 553 θάρσος
1265 517 1331 553 ὑμῖν
1353 517 1439 544 ταῦτα
1452 517 1487 544 τὰ
1499 517 1678 553 φιλάνθρωπα
1702 518 1824 552 mitur.

1037 564 1076 590 Οὐ
1093 564 1147 599 γὰρ
1158 563 1285 599 περιδεὴς
1300 563 1421 598 γεγονὼς
1439 564 1453 589 6
1470 563 1583 598 Περσῶν
1604 563 1742 598 βασιλεὺς,
1759 563 1825 597 χθὲς

1040 617 1094 636 που
1111 609 1159 636 καὶ
1173 609 1271 644 τρίτην
1285 609 1330 636 ὅτε
1353 609 1403 645 τῆς
1418 609 1506 644 ιδικῆς
1535 609 1565 636 τὸ
1585 609 1738 644 Ῥωμαϊκὸν
1754 618 1823 636 κατ-

1039 655 1173 691 ετόλμησε
1187 655 1249 691 γῆς,
1265 655 1314 691 τὴν
1330 655 1490 691 συμπλοκὴν
1515 654 1696 682 ἀπαναίνεται
1707 662 1714 669 ·
1730 655 1825 689 χρυσῷ

1039 703 1095 738 γὰρ
1111 702 1201 738 πολλῷ
1213 702 1262 729 καὶ
1276 702 1373 738 δώροις
1383 702 1520 738 λαμπροῖς
1532 701 1665 737 πρίασθαι
1677 701 1824 736 Ῥωμαίοις

1037 750 1087 782 τὰς
1105 749 1221 782 σπονδὰς
1234 749 1421 784 ἐγκελεύεται.
1447 749 1485 776 οὐ
1503 749 1558 785 γὰρ
1571 749 1604 785 δὴ
1621 749 1716 785 ποινὴν
1735 758 1823 776 κατα-

1038 795 1134 822 θέσθαι
1145 795 1207 827 τοὺς
1223 795 1419 831 ἡμαρτηκότας
1430 795 1509 830 Θέμις
1525 796 1571 822 τὸν
1585 796 1714 830 πόλεμον.
1731 795 1826 830 Ἰκανὴ

200 842 255 878 γὰρ
274 842 417 877 ἠεκτιςις,
432 842 479 869 καὶ
495 841 628 878 Περσικὸν
644 842 809 870 κατευνισαι
827 841 931 879 Θυμδν,
951 843 1000 870 καὶ
1022 841 1122 877 θράσος
1141 841 1310 878 περιστεῖλαι
1330 841 1488 877 Ῥωμαίων.
1508 842 1665 877 πσλεμικῆς
1689 842 1824 878 ὀρεγόμε-

200 897 245 914 νον
261 886 422 922 σάλπιγγος.

231 933 298 960 Cum
329 935 480 961 oralionem
510 935 599 962 adhuc
620 935 779 962 extenderet
806 934 910 970 legatus
938 934 987 962 ad-

201 985 278 1006 versa
302 980 421 1007 omnium
437 984 531 1007 contra
556 987 617 1008 eum
639 980 840 1008 exsibilantium
860 980 989 1008 tolleban-

200 1030 242 1052 tur
273 1025 419 1061 sull'ragio,
461 1025 580 1054 clamore
618 1026 730 1062 insuper
765 1026 881 1062 ingenti,
911 1031 988 1062 quasi

199 1071 318 1105 graviter
332 1071 476 1099 ferentium
494 1072 644 1100 orationem
661 1072 785 1100 Barbari.
810 1071 894 1099 Elatis
915 1072 988 1100 enim

200 1118 359 1146 \idebanlur
383 1126 444 1146 esse
479 1119 594 1151 animis.
621 1124 730 1154 propter
756 1119 816 1147 illas
841 1127 908 1154 quas
935 1118 990 1154 pri-

201 1171 274 1190 mum
310 1163 555 1199 espertilfuerant
592 1171 636 1192 res
673 1172 835 1200 prosperas,
863 1172 924 1192 eum
960 1169 989 1192 et

200 1208 343 1236 Persarum
359 1209 549 1238 disturbarth
571 1209 698 1243 ordines,
717 1214 745 1238 et
759 1210 857 1245 pmdls
881 1211 988 1245 spoliis-

199 1261 252 1287 que
286 1254 364 1288 potiti
387 1253 564 1290 Cardarigam
589 1255 836 1284 circumvenerunt.
871 1255 987 1284 Dimissa

201 1306 264 1326 \cro
277 1299 312 1326 ab
328 1299 491 1334 imperatore
516 1299 658 1334 concione,
679 1300 761 1328 Persa
780 1299 885 1328 dicendi
906 1300 987 1328 linem

200 1344 264 1372 fecit
287 1353 294 1371 :
314 1352 363 1372 nec
390 1344 480 1373 multis
504 1350 564 1381 post
590 1346 686 1374 diebus
711 1345 847 1382 :Nisibidis
872 1346 988 1374 antistes

200 1392 303 1418 honore
336 1391 500 1420 sacerdotali
532 1391 714 1428 praefulgens,
737 1392 771 1420 ad
800 1393 989 1421 ducemvabiit

199 1437 346 1471 eademque
360 1437 480 1466 Mebodis
492 1438 575 1466 verba
588 1438 615 1465 in
630 1439 748 1466 medium
764 1438 888 1474 proponit
904 1446 911 1465 :
928 1446 988 1473 quae

199 1491 261 1509 cum
285 1484 338 1510 dux
370 1490 417 1518 per
445 1484 614 1512 tabellarium
641 1485 675 1512 ad
702 1491 792 1521 regem
819 1483 986 1520 scripsisset,

200 1529 293 1564 agnito
308 1530 456 1564 imperator
474 1530 562 1565 sigillo
587 1530 676 1564 ducis,
695 1531 785 1559 edicto
805 1531 897 1559 statim
915 1530 988 1558 facto

1072 933 1132 960 Ἔτι
1155 932 1245 960 τοίνυν
1269 932 1480 969 παρατείνοντος
1504 932 1551 959 τοῦ
1577 933 1657 967 λόγου
1681 933 1729 960 τοῦ
1753 934 1823 968 πρέ-

1039 978 1144 1012 σϐεως,
1188 978 1319 1014 Ῥωμαῖοι
1349 978 1586 1014 κατεχειροποίουν
1626 979 1800 1014 συρίττοντες
1814 1000 1823 1013 ,

1038 1023 1087 1050 καὶ
1107 1023 1231 1059 ταραχὴν
1252 1025 1312 1055 ταῖς
1331 1023 1407 1058 βοαῖς
1424 1023 1572 1057 ὲνεποίουν,
1585 1023 1680 1059 ὥσπερ
1695 1024 1824 1051 δεινοπα-

1039 1069 1157 1096 θούντων
1182 1069 1229 1096 ἐπὶ
1257 1070 1313 1101 τοῖς
1329 1070 1432 1105 ῥήμασι
1453 1070 1500 1096 τοῦ
1524 1069 1672 1106 βαρϐάρου.
1697 1071 1824 1098 Ἐδόκουν

1038 1116 1093 1151 γὰρ
1108 1115 1155 1142 καὶ
1178 1115 1308 1150 Ῥωμαῖοι
1320 1115 1504 1151 μεγαλαυχεῖν
1519 1116 1565 1142 ἐπὶ
1575 1117 1632 1148 τοῖς
1647 1116 1761 1151 ἔναγχος
1775 1125 1823 1151 γε-

1038 1160 1210 1196 γενημένοις,
1225 1161 1263 1193 ὡς
1277 1161 1407 1188 ἐσέδυσαν
1422 1162 1451 1193 ἐς
1467 1161 1517 1197 τὴν
1543 1161 1656 1197 Περσῶν
1672 1162 1823 1196 πολιτείαν,

1037 1207 1076 1240 ὡς
1087 1206 1162 1239 λείας
1177 1207 1349 1243 ἐκράτησαν,
1377 1207 1416 1239 ὡς
1444 1207 1620 1244 Καρδαρίγαν
1644 1208 1822 1244 ἐφενάκισαν.

1043 1254 1116 1282 ὀδὲ
1141 1253 1293 1289 στρατηγὸς
1323 1253 1374 1288 τὴν
1388 1253 1538 1289 ἐκκλησίαν
1565 1254 1703 1281 διέλυσενο
1730 1255 1777 1281 καὶ
1809 1256 1825 1282 ὀ

1038 1300 1146 1335 Περσης
1165 1299 1216 1326 οὐκ
1239 1298 1374 1334 ἐπέθηκεν
1395 1298 1472 1331 τέλος
1487 1300 1545 1331 τοῖς
1561 1299 1693 1335 ῥήμασιν.
1716 1299 1824 1334 Ὀλίγαι

1037 1346 1127 1372 τοίνυν
1153 1344 1255 1381 ἡμέραι
1274 1344 1435 1380 διῳκήκασι,
1461 1344 1508 1371 καὶ
1522 1345 1536 1371 ὁ
1558 1345 1606 1380 τῆς
1621 1345 1758 1377 Νισίϐιδος
1773 1347 1824 1380 τῆς

1039 1389 1178 1425 ἱερατικῆς
1205 1389 1375 1425 προλάμπων
1403 1389 1498 1425 τιμῆς,
1527 1389 1565 1422 ὡς
1591 1390 1638 1418 τὸν
1666 1392 1824 1426 στρατηγὲν

1036 1435 1202 1469 ἀφικνεῖται,
1219 1435 1253 1462 τὰ
1281 1435 1352 1462 αὐτὰ
1379 1435 1418 1471 τῷ
1439 1435 1557 1472 Μεϐώδῃ
1569 1437 1725 1472 ῥήματαλὲς
1738 1439 1824 1473 μέσον

1037 1481 1188 1517 τιθέμενος.
1203 1481 1239 1508 Τὸ
1251 1481 1403 1517 τηνικαῦτα
1412 1481 1558 1518 τοιγαροῦν
1571 1482 1586 1509 6
1600 1484 1754 1518 στρατηγὸς
1766 1485 1822 1510 τῶν

1037 1528 1151 1564 Περσῶν
1161 1527 1257 1563 λόγους
1273 1528 1307 1555 δι1
1323 1528 1488 1561 ἐπιστολέως
1502 1530 1531 1561 ἐς
1547 1529 1660 1565 βασιλέα
1675 1530 1822 1566 παρέπεμ-

200 1575 377 1611 Ηιξιίρρίουιιι
398 1576 479 1611 jussit
494 1564 692 1611 ilupurissimas
714 1576 764 1604 has
780 1576 902 1604 inducias
921 1576 985 1608 mis-

1039 1573 1100 1609 ψεν.
1119 1573 1149 1601 ’0
1163 1573 1191 1600 δὲ
1217 1572 1344 1608 βασιλεὺς
1363 1573 1412 1605 τὰς
1427 1573 1474 1600 τοῦ
1503 1564 1658 1610 στρατηγοῦ
1675 1564 1823 1611 ιστορήσας

199 1628 259 1648 sum
275 1621 376 1654 facere,
387 1625 515 1656 tanquam
533 1622 659 1649 obstante
670 1621 792 1650 Romana
807 1621 985 1657 magnanimi-

201 1671 266 1694 tate.
276 1665 423 1702 Duxigitur
431 1667 611 1703 imperatoriis
619 1666 726 1695 tabellis
733 1667 894 1700 convolutis,
901 1674 984 1702 prope

201 1712 404 1741 Matnbralhona
422 1715 517 1748 tendit,
534 1719 561 1742 et
575 1716 614 1742 sic
622 1715 729 1749 quidem
747 1714 849 1743 bellum
857 1713 982 1742 invaluit.

1038 1620 1151 1656 κεραίας
1164 1619 1320 1655 παραυτίκα
1338 1619 1427 1646 ἀνεῖλε
1448 1620 1648 1656 προστάγματι,
1663 1621 1710 1648 τδν
1725 1622 1822 1647 Φιλιπ-

1037 1666 1117 1693 πικὸν
1131 1666 1361 1701 ἐγκελευσάμενος
1374 1666 1425 1698 τὰς
1439 1666 1580 1702 αίσχίστας
1592 1668 1692 1700 ταύτας
1706 1669 1822 1700 σπονδὰς

1036 1712 1263 1747 ἀποπέμπεσθαι,
1278 1712 1316 1743 ὡς
1326 1711 1483 1748 ἀπᾳδούσης
1501 1712 1659 1749 Ῥωμαῖκῆς
1678 1715 1822 1749 pentec-

200 1762 360 1800 τητοςκΚαὶ
386 1762 478 1797 μέντοι
492 1762 506 1787 6
526 1761 677 1796 στρατηγὸς
691 1761 737 1793 τὰς
764 1760 996 1796 αὐτοκρατορικὰς
1016 1758 1318 1795 δέλτουτππτυξάμενος,
1341 1758 1387 1786 ἐπὶ
1405 1759 1436 1786 τὸ
1467 1759 1648 1795 Μαμϐραθὼν
1669 1769 1821 1796 στρατοπε-

199 1807 319 1841 δεύεται,
333 1806 404 1834 οὕτω
415 1807 465 1842 μὲν
481 1807 600 1843 ἐσφρίγα
613 1809 626 1834 6
643 1807 770 1844 πόλεμος.

235 1855 312 1889 Quod
329 1855 464 1882 Cliosroes
484 1855 568 1883 milite
592 1863 641 1883 suo
663 1855 741 1889 fuso,
764 1856 921 1884 seditionem
939 1862 983 1882 ve-

200 1902 279 1934 ιὶιυε,
294 1902 433 1937 proposuit
451 1902 502 1929 sibi
518 1902 550 1929 dc
566 1909 632 1937 pace
651 1901 777 1930 conferre
790 1909 852 1930 cum
875 1901 984 1929 Tiberio

199 1950 317 1981 (ῥαῖσαι-θ,
342 1947 376 1975 de
399 1955 450 1982 qua
475 1955 505 1976 re
527 1948 667 1976 consultus
688 1947 779 1976 Caesar
803 1948 982 1976 conditiOnem

200 1994 319 2023 decrevit
349 1993 483 2030 accipere.
511 1992 595 2022 Mittit
615 1993 708 2028 igitur,
733 1994 779 2029 qui
802 1995 834 2022 de
859 1991 984 2029 paciﬁca-

200 2042 273 2069 tione
293 2040 524 2075 collequerentur,
547 2040 621 2067 viros
642 2040 675 2068 ad
698 2047 759 2067 eam
782 2047 838 2067 rem
859 2039 983 2072 idoneos,

200 2087 297 2121 legatis
315 2086 393 2114 lectis
415 2084 520 2114 Joanne
543 2090 572 2113 et
593 2084 673 2113 Petro
686 2092 791 2114 summa
814 2086 885 2121 apud
898 2084 983 2112 Sena-

201 2141 256 2162 tum
273 2134 414 2169 dignitate,
431 2138 543 2169 utroque
562 2133 691 2169 patricio,
714 2140 746 2161 ac
763 2131 905 2161 Theodoro
924 2140 981 2160 ma-

199 2180 287 2216 gistri,
314 2184 342 2206 ut
368 2183 466 2206 vocant
490 2177 588 2211 Latini,
612 2177 769 2213 praefectura
791 2178 981 2206 condecorata.

198 2227 333 2253 Cluisrocs
357 2224 438 2252 etiam
466 2223 547 2260 184
568 2224 818 2259 Sarnachosganem
843 2223 929 2251 virum
955 2225 982 2251 in

1075 1854 1162 1881 Ὀτιὸ
1178 1854 1302 1890 Χοσρόης
1317 1854 1386 1889 μετὰ
1412 1853 1460 1889 τὴν
1475 1851 1569 1891 ἧτταν,
1587 1855 1639 1887 τὰς
1653 1856 1760 1887 στάσεις
1773 1856 1820 1882 τοῦ

1036 1897 1177 1925 ὁπλιτικοῦ
1198 1897 1301 1930 δεδιὼς,
1319 1898 1444 1933 διενοήθη
1466 1899 1503 1930 ,ἐς
1519 1898 1615 1933 λόγους
1633 1900 1697 1935 περὶ
1713 1901 1762 1935 τῆς
1782 1901 1819 1926 εἰη

1037 1944 1121 1979 ρήνης
1131 1943 1371 1979 κοινολογήσασοαι
1387 1944 1506 1980 Τιϐερίῳ
1530 1945 1569 1980 τῷ
1595 1946 1725 1982 Καίσαρι.
1746 1947 1775 1973 '0
1793 1947 1820 1973 ἑὲ

1035 1989 1144 2024 Καῖσαρ
1170 1988 1258 2016 ταῦτα
1286 1989 1448 2025 πυθόμενος,
1479 1991 1508 2022 ἐς
1522 1991 1670 2025 διαλλαγὰς
1693 1994 1820 2026 προϊέναι

1034 2036 1142 2070 διέγνω.
1163 2035 1319 2072 Ἐκπέμπει
1350 2035 1416 2070 γοῦν
1439 2037 1503 2069 τοὺς
1518 2038 1582 2073 περὶ
1598 2038 1761 2073 συμϐάσεως
1776 2040 1819 2065 λή-

1034 2091 1101 2118 γους
1114 2083 1243 2115 δυνατοὺς
1257 2082 1473 2119 καθιδρύσασθαι
1495 2084 1726 2119 κεχειροτονηκὼς
1753 2094 1820 2120 πρε-

1041 2129 1158 2160 σϐευτὰς
1179 2129 1307 2164 Ἰωάννην
1325 2128 1374 2156 καὶ
1395 2128 1508 2164 Πέτρον,
1524 2130 1552 2156 ὲν
1566 2131 1598 2166 τῇ
1613 2132 1755 2166 κορυφαίῳ
1769 2131 1818 2166 τῆς

1039 2175 1191 2211 συγκλήτου
1219 2175 1316 2210 βουλῆς
1346 2174 1490 2207 τελοῦντας
1516 2175 1599 2212 ἀξίᾳ·
1625 2178 1765 2211 πατρίκιοι
1796 2177 1819 2203 δ’

1037 2219 1092 2255 ἄρα
1120 2219 1196 2252 ὄντες
1212 2220 1369 2256 ἐτύγχανον,
1385 2220 1522 2256 Θεόδωρόν
1549 2229 1579 2248 τε
1596 2223 1627 2257 τῇ
1656 2224 1819 2258 μαγιστερῖᾳ

198 2272 307 2300 Persica
323 2270 415 2307 politia
430 2270 464 2297 ob
480 2269 637 2305 dignitatem
660 2274 824 2306 spectatum,
846 2277 908 2297 cum
926 2269 985 2298 aliis

1039 2266 1108 2301 ἀρχῇ
1139 2265 1214 2299 παρὰ
1235 2265 1380 2301 Ῥωμαίοις
1395 2265 1549 2300 τιμώμενόν
1569 2275 1597 2292 τε
1613 2269 1816 2303 γεραιρόμενοι

201 2319 266 2345 viris
280 2318 457 2353 dignissimis,
481 2316 551 2344 bello
564 2323 611 2351 per
625 2315 698 2343 illum
719 2322 830 2350 pausam
852 2314 983 2344 facturus.

198 2365 252 2392 Sed
275 2366 345 2392 circa
369 2364 434 2392 illud
457 2363 527 2391 forte
547 2366 652 2397 tempus
677 2361 703 2389 in
731 2361 858 2389 Armenia
881 2361 983 2397 ingenti

198 2420 287 2447 pugna
303 2411 448 2439 commissa
473 2409 544 2437 inter
560 2407 673 2435 Parthos
687 2411 714 2434 et
732 2406 879 2440 Romanos,
899 2406 982 2435 Tam-

197 2458 313 2486 «ιΙιοει-οο
350 2456 467 2484 ducente
494 2454 585 2489 copias
613 2452 805 2488 Babylonius,
832 2451 983 2480 Justlniano

199 2503 348 2537 lioinanas,
365 2509 426 2530 cum
442 2501 529 2529 relicti
543 2500 682 2535 aliquanto
696 2499 755 2534 plus
773 2498 885 2526 fuissent
901 2506 916 2526 a
931 2499 984 2534 pri-

198 2545 269 2576 istina
293 2546 347 2576 illa
372 2546 531 2575 strenuitate
559 2544 693 2581 Romani,
717 2544 793 2580 pacis
817 2544 984 2572 conditiones

199 2595 267 2623 Medi
291 2594 469 2626 sustulerunt,
488 2593 639 2627 iterumque
661 2590 759 2618 bellum
784 2589 816 2618 iis
839 2590 982 2617 incenden-

199 2641 269 2668 tinus
284 2641 396 2673 exarsit,
410 2646 472 2667 cum
489 2645 569 2673 super
591 2644 717 2665 successu
739 2636 792 2664 isto
812 2642 914 2670 nupero
930 2643 983 2663 non

199 2691 310 2721 possent
320 2686 373 2714 sibi
385 2684 532 2713 moderari.
547 2684 639 2719 Itaque
647 2682 728 2718 legati
738 2682 827 2709 verbis
836 2686 913 2709 tenus
922 2689 984 2716 pro-

198 2733 269 2758 iecto
284 2732 432 2767 proposito,
447 2730 658 2764 intermissaque
667 2735 732 2764 pace
742 2728 849 2755 dontum
867 2728 983 2755 rediere.

1041 2312 1088 2338 καὶ
1103 2312 1155 2346 μὴν
1168 2313 1214 2338 καὶ
1228 2311 1350 2347 Χοσρόης
1366 2312 1592 2348 Σαρναχοσγάνην
1606 2313 1690 2349 ἄνδρα
1705 2316 1738 2349 τῇ
1751 2315 1818 2349 ΙΙ.ρ-

1038 2359 1101 2393 σικῇ
1117 2357 1238 2392 πολιτείᾳ
1249 2358 1293 2384 διὰ
1307 2358 1356 2393 τὴν
1377 2357 1455 2389 ἀξίαν
1473 2358 1655 2391 ἀτιόϐλεπτον⁷
1672 2360 1738 2394 πρὸ,
1762 2361 1819 2386 ἐτέ-

1037 2412 1095 2438 ροις
1112 2403 1336 2438 ἀξιολογωτάτοις
1350 2403 1464 2439 ἀνδράσι
1480 2404 1520 2439 τῷ
1533 2405 1643 2440 πολέμῳ
1669 2405 1704 2432 δι’
1728 2407 1817 2433 αὐτῶν

1038 2449 1176 2484 παραδοὺς
1190 2450 1240 2484 τὴν
1251 2450 1419 2477 ἀνάπαυλαν.
1436 2450 1567 2483 Σῦστασις
1585 2451 1674 2478 τοίνυν
1691 2452 1755 2487 περὶ
1770 2455 1817 2487 τὴν

1043 2494 1192 2530 ’Δρμενίαν
1207 2495 1266 2522 κατ’
1281 2489 1369 2522 ἐκεῖνο
1379 2496 1475 2531 καιροῦ
1490 2497 1628 2532 κρατερᾶς
1644 2498 1734 2533 μάχης
1753 2499 1818 2524 Ῥω.

1040 2540 1131 2575 μαίοις
1142 2549 1172 2566 τε
1187 2541 1234 2567 καὶ
1249 2540 1377 2576 Πάρθοις,
1393 2541 1562 2576 Ταμχοσρῶε
1574 2542 1755 2577 ἐφεστηκότος
1768 2544 1817 2577 τῆς

1036 2587 1209 2619 Βαϐυλωνίας
1225 2586 1376 2622 δυνάμεως,
1395 2587 1584 2614 Ἴουστινιανοῦ
1597 2588 1624 2614 δὲ
1635 2590 1685 2624 τῆς
1703 2589 1819 2624 Ῥωμαῖ-

1036 2633 1097 2668 κῆς,
1113 2634 1217 2667 γίνεται
1245 2633 1359 2660 κατόπιν
1378 2633 1408 2659 τὺ
1430 2632 1584 2668 Ῥωμαϊκὸν
1605 2634 1655 2669 τῆς
1681 2637 1817 2670 προτέρας

1035 2679 1172 2711 εὐκλείας.
1187 2680 1237 2707 Διά.
1246 2687 1287 2706 τοι
1301 2679 1379 2705 τοῦτο
1391 2679 1561 2714 ἀπειρήκασι
1573 2679 1662 2715 Μῆδοι
1675 2681 1730 2707 τῶν
1744 2681 1818 2716 είρη-

1036 2726 1120 2753 ναίων
1133 2726 1264 2753 σπονδῶν.
1282 2726 1337 2753 Καὶ
1350 2725 1430 2753 πάλιν
1445 2726 1538 2757 αὐτοῖς
1551 2726 1819 2762 ἁναζωπυροῦταιτδ

199 2776 390 2812 φλοπὸλεμον,
409 2775 601 2811 μετριοπαθεῖν
612 2775 658 2801 ἐπὶ
672 2774 727 2806 τοῖς
745 2773 859 2808 ἔναγχος
873 2774 904 2800 οὐ
915 2774 1091 2810 χωρήσαντες
1105 2772 1312 2808 ἐπιτεύγμασιν.
1325 2773 1356 2799 Οί
1370 2773 1420 2808 μὲν
1433 2773 1479 2800 οὖν
1493 2773 1622 2808 πρέσϐεις
1637 2774 1718 2809 μέχρι
1732 2775 1817 2809 λόγων

197 2824 232 2850 τὰ
254 2823 301 2850 τοῦ
318 2823 418 2849 σκοποῦ
453 2821 639 2854 διανύσαντες,

671 2820 789 2856 χωροῦσι
811 2821 879 2856 πρὸς
894 2820 928 2847 τὰ
941 2821 1022 2855 οἴκοι,
1039 2820 1159 2856 ὀρφανὰς
1170 2820 1218 2851 τὰς
1234 2819 1380 2856 πρεσϐείας
1398 2820 1448 2855 τῆς
1466 2820 1577 2856 εἰρήνης
1594 2821 1817 2853 καταλείψλντες.
