1943 3072
174 137 229 170 943

568 134 768 166 EXCERPTA
788 133 840 165 EX
859 130 1160 164 THEOPHYLACTO
1188 128 1401 161 SIMOCATTA

1759 128 1815 160 οιι

175 194 301 226 famulos,
325 195 420 220 contra
445 190 567 220 ordinem
594 190 842 222 disturbationem,
870 193 964 217 contra

1023 187 1065 221 τῆς
1077 185 1191 222 Περσῶν
1203 185 1433 220 ἐπιφοιτήσαντες
1448 183 1599 216 πολιτείας,
1613 183 1687 210 δεινὰ
1703 193 1818 221 κατειρ-

172 241 302 267 dccurum
317 238 488 270 indecorum,
507 241 535 264 et
558 237 647 264 omnia
668 244 729 272 quae
747 235 885 264 contraria
899 239 964 263 sunt

174 286 264 317 bonis,
281 284 479 320 produxerunt.
492 283 625 311 Bararnus
641 283 713 310 enim
729 282 905 310 detestandus
920 280 965 307 ille

173 337 279 362 servus,
310 337 325 356 a
350 328 455 357 nostris
481 327 629 363 majoribus
652 332 817 363 provectus,
843 327 870 354 in
895 325 966 354 hanc

175 375 288 403 honoris
302 375 390 402 lucem
405 373 502 407 elatus,
525 381 574 402 nec
587 379 683 410 potens
701 378 781 401 tantm
794 372 886 409 gloriae
905 379 965 399 rna-

174 420 336 455 guitudinis,
358 420 391 447 ad
409 420 557 455 perniciem
577 420 704 454 delapsus
724 424 778 452 est,
800 422 828 446 et
853 425 965 454 regnum

166 461 225 494 'sibi
249 467 409 502 prOutittens
428 474 536 494 omnem
559 466 674 494 turbavit
696 465 840 494 Persarum
858 472 966 500 rempu-

148 545 150 547 >
175 513 285 545 blicam,
312 517 340 540 et
363 512 455 540 omnia
477 511 544 540 facit
568 517 595 540 et
620 511 761 544 allaborat.
781 516 811 539 ut
837 519 964 547 magnum

175 559 329 594 exstinguat
352 558 461 586 oculum
478 558 633 594 potestatis,
651 558 722 586 unde
748 558 857 593 capiant
872 562 967 593 gentes

177 606 240 632 tunc
254 611 281 632 et
304 605 403 639 iniqure
429 604 582 643 libertatem
607 608 636 632 et
657 604 806 639 potentiam
825 603 965 639 grassandi

177 652 308 678 adversus
340 650 591 678 unrusuetissimum
621 648 767 678 Persarum
798 649 963 684 imperium:

176 705 227 725 nec
246 698 297 724 hoc
314 696 412 729 solum,
433 697 480 724 sed
496 697 579 724 etiam
597 696 761 731 procedente
773 695 886 730 posthac
900 700 966 722 tem-

177 751 242 778 pore
267 748 362 771 contra
378 743 454 770 vobis
477 742 635 770 tributarias
656 743 739 774 vires,
766 748 827 776 quas
843 740 965 769 coerceri

178 796 230 816 uou
253 793 390 823 poterunt,
413 792 441 815 et
455 787 574 815 maxime
595 787 773 821 perniciosas.
791 785 872 814 Decet
885 785 966 820 igitur

178 833 320 868 pacificum
336 841 385 868 pro
408 837 499 860 vestra
522 831 705 867 providentia,
732 831 859 859 infestato
882 837 965 866 regun

177 884 205 907 ct
219 886 233 905 a
249 879 369 915 tyrannis
389 878 489 906 violato
515 878 645 906 adbibere
670 885 780 905 manum
803 877 964 911 salutarem,

177 929 204 952 ct
226 925 253 952 in
272 926 323 952 hoc
346 923 472 951 conferre
489 928 608 951 vestram
632 930 755 958 cperant,
771 928 799 950 ut
823 923 965 958 imperium

178 971 310 1006 incipiens
324 971 490 1001 destruatur,
505 974 533 998 et
546 970 643 998 salutis
657 970 809 998 communis
822 969 898 1004 quasi
912 974 966 996 tro-

179 1021 235 1050 ρεξτε
258 1014 394 1049 generalia
421 1014 446 1041 in
470 1014 655 1042 Romanorum
673 1014 810 1049 republica
836 1013 926 1049 ﬁgere,
941 1018 968 1041 et

179 1068 226 1088 vos
238 1060 408 1096 proclamare
424 1061 579 1088 conditores
592 1081 599 1093 ,
614 1065 642 1089 et
655 1066 820 1092 servatores,
838 1065 865 1087 et
880 1060 966 1087 medi-

180 1113 227 1134 cos
254 1105 360 1134 afflicta
388 1106 532 1134 Persarum
567 1105 722 1141 reipublicae
750 1106 841 1133 liceat.
870 1104 967 1133 Omnia

179 1153 252 1180 cultri
267 1152 408 1188 qumjusta
424 1157 498 1186 sunt,
514 1160 528 1179 a
546 1152 743 1187 potentissimis
757 1152 867 1187 regibus
883 1158 967 1186 expe-

179 1201 230 1227 diri
255 1201 366 1228 omnino
381 1201 517 1233 convenit,
533 1205 561 1228 et
575 1200 637 1227 inde
660 1200 713 1228 sibi
736 1199 905 1227 fortitudinis
921 1207 970 1226 eno

179 1246 280 1278 cunila,
292 1251 319 1273 et
330 1246 445 1282 gloriam
459 1250 519 1281 post
529 1250 644 1274 mortem
657 1253 709 1273 non
722 1244 881 1273 abolendam
893 1251 969 1271 com-

181 1298 289 1326 parare,
317 1299 349 1319 ac
376 1292 412 1319 ita
438 1292 563 1327 exemplo
587 1299 658 1325 esse,
683 1291 755 1326 quod
781 1299 833 1318 non
853 1290 971 1318 debeant

182 1345 256 1364 arma
271 1338 341 1366 ferre
356 1338 426 1365 servi
446 1343 540 1366 contra
558 1337 693 1366 dominos.
709 1336 872 1365 Varielaleln
888 1337 971 1371 igitur

181 1382 352 1411 l'ersicarum
362 1383 488 1418 in'politia
501 1391 592 1411 rerum
601 1390 632 1411 ex
642 1383 730 1411 ofﬁcio
743 1388 832 1411 vestro
841 1382 922 1418 188
932 1386 972 1410 est

181 1427 343 1462 gubernare.
361 1427 535 1463 Splendidius
550 1428 622 1455 enim
647 1428 710 1456 inde
730 1435 838 1463 queque
853 1436 901 1463 per
923 1434 972 1455 nos

182 1471 364 1500 llouiauorum
382 1473 427 1501 fiet
442 1480 551 1501 nomen.
573 1472 636 1502 Haec
653 1481 703 1509 ego
720 1473 866 1506 Cltosroes,
881 1479 911 1500 ut
926 1472 971 1508 qui

1019 233 1149 267 γάσαντο,
1169 231 1218 258 καὶ
1233 230 1343 262 δούλους
1360 230 1432 257 κατὰ
1461 230 1601 257 δεσποτῶν
1624 231 1817 266 ἐπεστράτευ-

1018 287 1078 312 σαν,
1098 277 1170 305 κατὰ
1185 278 1325 313 βασιλείας
1343 278 1463 309 οἰκέτας,
1479 277 1551 304 κατὰ
1563 277 1615 312 τῆς
1639 278 1746 310 τάξεως
1761 277 1816 312 τὴν

1015 324 1139 358 ἀταξίαν,
1161 325 1233 352 κατὰ
1265 324 1313 351 τοῦ
1334 323 1503 359 καθήκοντος
1528 323 1560 350 τὺ
1577 322 1615 358 μὴ
1635 323 1752 359 πρέπον,
1768 323 1818 349 καὶ

1015 371 1085 398 πᾶσι
1100 372 1158 403 τοῖς
1173 369 1306 402 ὶναντίοις
1320 369 1376 396 τῶν
1399 369 1513 404 ἀγαθῶν
1529 369 1706 404 ἐχορήγησαν
1731 369 1815 396 ὅπλα.

1015 416 1115 452 Βαρὰμ
1124 415 1179 452 γὰρ
1188 416 1203 443 ὁ
1215 415 1405 446 κατάπτυστος
1417 414 1522 447 δοῦλος,
1533 414 1586 441 ὑπὸ
1601 414 1656 440 τῶν
1672 414 1818 450 ἡμετέρων

1022 461 1166 497 προγόνων
1180 461 1320 497 αὐξηθεὶς,
1337 461 1385 487 καὶ
1394 460 1561 495 διαλάμψας,
1577 460 1623 487 καὶ
1635 460 1672 495 μὴ
1684 461 1816 495 χωρήσας

1015 509 1065 544 τῆς
1080 508 1160 543 δόξης
1178 507 1211 535 τὺ
1236 506 1366 544 μέγεθος,
1381 507 1451 543 πρὸς
1479 506 1592 543 ῦλεθρον
1609 507 1814 542 άπεσκίρτησε,

1016 554 1063 581 καὶ
1073 554 1212 590 βασιλείαν
1223 553 1314 589 ἑαυτῷ
1329 553 1560 590 μνηστευόμενος,
1570 554 1661 580 πᾶσαν
1669 553 1815 588 διετάραξε

1015 601 1066 636 τὴν
1081 600 1195 636 Περσῶν
1212 599 1365 636 βασιλείαν,
1388 600 1436 627 καὶ
1454 600 1545 627 πάντα
1562 599 1611 626 καὶ
1626 598 1743 634 πράττει
1767 598 1818 624 καὶ

1015 646 1172 683 διεγχειρεῖ,
1187 647 1231 674 ἶνα
1244 647 1332 682 μέγαν
1347 645 1490 682 ὀφθαλμὸν
1505 645 1647 681 ἀποσῆέσῃ
1660 644 1815 679 δυνάμεως,

1016 693 1062 719 καὶ
1076 691 1194 719 λάϐωσιν
1211 690 1339 718 ἐντεῦθεν
1362 691 1427 726 ἔθνη
1451 690 1580 725 ἀνήμερα
1605 690 1654 716 καὶ
1668 697 1815 724 κακοπρα-

1017 738 1135 772 γέστατα
1147 736 1306 773 παρρησίαν
1322 737 1370 763 καὶ
1385 736 1501 771 δύναμιν
1517 735 1589 763 κατὰ
1602 735 1654 770 τῆς
1668 735 1817 773 ἡμεροητὰο

1017 791 1068 820 της
1084 782 1139 810 τῶν
1154 782 1267 818 Περσῶν
1278 781 1431 817 βασιλείας·
1446 779 1506 808 εἶτα
1526 780 1619 808 λοιπὸν
1631 780 1758 808 ἕντεῦθεν
1775 780 1817 815 τῷ

1018 829 1118 864 χρόνῳ,
1141 829 1189 855 καὶ
1209 827 1282 856 κατὰ.
1306 827 1362 854 τῶν
1390 827 1458 862 παρ’
1483 827 1547 862 ὑμῖν
1574 826 1817 862 φορολογουμένων

1026 874 1112 902 ὲονῶν
1128 875 1229 910 κράτος
1243 874 1359 909 ἄσχετον
1376 874 1424 900 καὶ
1448 872 1551 908 πολλῆς
1566 873 1655 908 λύμης
1671 873 1721 898 οὐκ
1733 873 1818 907 ἄμοι-

1021 929 1078 957 ρον.
1095 920 1201 956 Πρέπει
1215 920 1309 947 τοίνυν
1320 919 1360 953 τῷ
1373 919 1504 955 εἰρηνικῷ
1517 919 1566 950 τὰς
1583 919 1715 954 προνοίας
1725 918 1816 953 ὑμῶν.

1018 966 1205 1002 λῃστευομένῃ
1222 965 1348 1002 βασιλείᾳ
1366 966 1414 992 καὶ
1428 965 1482 992 ὑπὸ
1500 965 1641 1000 τυράννων
1659 964 1813 1000 βιαζομένῃ

1022 1013 1176 1048 παρασχεῖν
1189 1013 1269 1047 χεῖρα
1280 1012 1425 1047 σωτήριον,
1443 1010 1632 1046 συστήσασθαί
1646 1019 1676 1037 τε
1702 1011 1818 1046 μέλλου-

1019 1067 1070 1086 σαν
1094 1057 1180 1094 ἀρχὴν
1197 1057 1392 1090 καταλύεσθαι,
1409 1057 1456 1084 καὶ
1478 1057 1527 1092 τῆς
1545 1057 1683 1093 σωτηρίας
1701 1058 1751 1089 τὰς
1771 1058 1817 1084 αἰ·-

1018 1103 1080 1134 τίας
1109 1102 1205 1138 ὥσπερ
1228 1103 1348 1139 τρόπαια
1370 1103 1548 1139 οὶκουμενικὰ
1566 1103 1594 1129 ὲν
1615 1104 1648 1138 τῇ
1667 1103 1816 1138 Ῥωμαίων

1019 1149 1143 1184 πολιτείᾳ
1155 1148 1329 1184 ῑδρὺσασθαι,
1346 1149 1601 1184 ἀναγορευθῆναίτε
1616 1149 1689 1184 ὑμᾶς
1701 1149 1815 1180 striam;

1019 1195 1068 1222 καὶ
1094 1195 1222 1231 σωτῆρας
1240 1195 1288 1222 καὶ
1317 1196 1428 1231 ἰατροὺς
1456 1197 1505 1231 τῆς
1528 1195 1643 1230 Περσῶν
1661 1195 1785 1222 πολιτεία
1807 1215 1814 1222 .

1021 1241 1114 1269 Πάντα
1128 1242 1183 1276 γὰρ
1191 1241 1226 1268 τὰ
1237 1242 1276 1276 τῷ
1295 1241 1392 1278 δικαίῳ
1415 1242 1612 1277 συμϐαίνοντα,
1632 1242 1734 1278 πρέπει
1757 1244 1816 1274 τοῖς

1020 1287 1222 1320 δυνατωτάτοις
1240 1287 1383 1323 βασιλεῦσι
1399 1288 1444 1316 διὰ
1469 1289 1572 1320 παντὸς
1594 1288 1814 1325 ἀπεργάζεσθαι,

1022 1334 1068 1361 καὶ
1082 1334 1206 1361 ὲντεῦοεν
1223 1334 1273 1368 τῆς
1290 1335 1470 1370 μεγαλονοίας
1489 1335 1522 1362 τά
1539 1335 1676 1370 ἐγκώμια,
1692 1335 1738 1361 καὶ
1764 1335 1814 1361 τοῦ

1020 1381 1085 1416 τῇδε
1100 1381 1203 1416 κόσμου
1218 1381 1466 1416 μεταναστεύουσιν
1486 1381 1559 1416 ἔχειν
1569 1382 1613 1408 διά
1622 1382 1723 1413 παντὸς
1735 1381 1816 1408 ἀδιά-

1022 1426 1145 1461 φθαρται
1161 1427 1336 1463 παράδειγμά
1346 1436 1376 1454 τε
1391 1427 1586 1463 συστήσασθαι,
1598 1428 1634 1459 ὼς
1646 1428 1677 1454 οὑ
1689 1428 1730 1454 δεῖ
1743 1428 1817 1455 κατὰ

1022 1472 1160 1500 δεσποτῶν
1174 1473 1312 1508 δραπέτας
1325 1473 1494 1505 ὁπλίζεσθαι.
1511 1474 1548 1500 Τὸ
1563 1474 1654 1501 τοίνυν
1668 1474 1816 1509 ἀνώμαλον

181 1525 303 1552 praesens
318 1519 424 1552 adsim,
441 1527 489 1554 per
511 1519 654 1554 epistolam
680 1520 814 1556 alloquor.
836 1520 970 1549 Chosroes

1024 1518 1071 1546 νῦν
1081 1518 1136 1545 τῶν
1153 1520 1325 1554 πραγμάτων
1340 1520 1388 1554 τῆς
1402 1519 1541 1555 Περσικῆς
1559 1519 1706 1552 πολιτείας,
1725 1528 1813 1555 προσ-

182 1568 244 1591 Inus
260 1563 331 1591 illius
346 1568 374 1592 et
388 1563 522 1595 famulus,
543 1564 600 1593 Non
616 1565 690 1593 enim
706 1570 818 1601 propter
834 1566 970 1593 fortunam

1023 1566 1085 1600 ήκει
1111 1565 1177 1600 παρ’
1206 1565 1283 1600 ὑμῶν
1317 1565 1519 1601 κυϐερνᾶσθαιο
1540 1565 1736 1601 λαμπροτέραν
1761 1566 1817 1601 γὰρ

180 1616 273 1635 eorum
287 1616 347 1644 qua:
359 1615 519 1644 evenerunt,
533 1611 724 1646 aspernaberis
739 1618 831 1647 aptum
846 1611 895 1640 hoc
906 1620 972 1641 coa-

181 1654 278 1682 ditioni
294 1654 437 1690 utriusque
455 1660 576 1683 nostrum
592 1654 702 1684 nomen.
714 1656 826 1686 Datores
839 1658 970 1686 bonorum

181 1697 268 1733 angeli
282 1699 327 1726 Dei
342 1705 454 1734 regnum
469 1705 590 1728 vestrum
604 1701 737 1736 sospitent
751 1706 776 1730 et
797 1707 970 1737 conservent,

182 1751 216 1771 ne
233 1748 260 1771 et
287 1744 311 1772 ei
337 1743 482 1779 aliquando
502 1749 551 1772 aut
573 1745 759 1781 opprobrium,
777 1751 824 1775 aut
849 1749 972 1784 tyrannis

183 1790 296 1818 illudere
308 1791 395 1826 possit

181 1836 236 1863 τῶν
271 1837 383 1872 ἀγαθῶν
414 1837 527 1873 ἄγγελοι
556 1838 605 1865 τοῦ
640 1838 708 1866 Θεοῦ
740 1839 973 1870 ἀνεπονείδειστον

183 1892 225 1911 σιν

219 1931 297 1965 Quod
313 1930 449 1959 Chosroes
474 1932 618 1967 impetrata
640 1931 770 1967 petitione
789 1941 837 1968 per
869 1934 972 1970 lcgalos

183 1977 216 2003 ad
233 1975 391 2004 Mauricium
407 1977 514 2010 missos,
535 1977 568 2004 ad
581 1978 676 2005 urbem
694 1977 857 2013 Hierapolim
871 1980 972 2008 dictam

182 2023 256 2050 venit
274 2031 281 2049 :
297 2030 347 2051 nec
369 2030 437 2051 sane
454 2023 507 2051 dux
524 2023 710 2051 Comentiolus
725 2031 777 2052 non
791 2030 833 2052 est
847 2032 900 2053 non
920 2026 973 2053 ho-

183 2066 301 2095 uorariis
318 2067 477 2095 muneribus
490 2072 650 2103 prosecutus
672 2075 745 2100 cum,
764 2068 809 2103 qui
824 2073 881 2096 tum
897 2076 975 2096 care-

183 2115 229 2142 bat
245 2121 339 2149 rcguo.
353 2113 399 2142 Sic
413 2114 486 2143 enim
501 2113 586 2142 visum
601 2117 643 2141 est
654 2112 795 2146 Mauricio,
807 2118 833 2142 et
845 2118 874 2141 ut
888 2113 973 2141 visum

182 2163 235 2192 est,
257 2159 295 2186 ita
311 2166 418 2195 quoque
436 2164 610 2195 procuratum
635 2163 686 2187 est.
710 2158 739 2186 lu
757 2159 866 2194 regione
883 2159 974 2194 itaque

1025 1609 1152 1637 ἐντεῦθεν
1166 1611 1191 1637 οἱ
1211 1610 1342 1646 Ῥωμαῖοι
1353 1610 1402 1646 τὴν
1422 1610 1549 1638 εὔκλειαν
1564 1611 1598 1638 δι’
1611 1611 1689 1646 ἡμῶν
1710 1611 1815 1646 ἀπολὴ-

1024 1656 1132 1691 ψονται.
1145 1656 1236 1683 Ταῦτα
1244 1657 1367 1693 Χοσρόη;
1381 1657 1436 1692 ὲγὼ
1444 1657 1482 1690 ὡς
1495 1657 1591 1694 παρὼν
1601 1658 1717 1693 γράφων
1729 1667 1816 1693 προσ-

1025 1701 1194 1738 φθέγγομαι,
1210 1702 1335 1738 Χοσρόης
1350 1703 1364 1730 ό
1381 1703 1428 1734 σὺς
1442 1703 1500 1734 υίὸς
1529 1703 1576 1730 καὶ
1592 1704 1696 1739 ἱκέτης.
1710 1704 1748 1730 Οὐ
1760 1705 1816 1739 γὰρ

1024 1749 1069 1776 διὰ
1085 1748 1135 1784 τὴν
1168 1747 1254 1784 τύχην
1279 1748 1333 1775 τῶν
1352 1748 1579 1784 συμβεϐηκότων,
1598 1748 1742 1784 ἀθετήσεις
1766 1750 1816 1784 τῆς

1024 1795 1102 1828 ἀξίας
1118 1795 1134 1830 ἢ
1150 1795 1199 1830 τῆς
1215 1795 1404 1830 προσηγορίας
1419 1795 1451 1821 τὸ
1468 1795 1634 1830 πρόσφορον.
1652 1796 1684 1822 Οἱ
1702 1796 1816 1830 δοτῆρες

1008 1842 1056 1870 καὶ
1076 1841 1262 1877 ἁτυράννητον
1295 1841 1359 1876 ὑμῖν
1397 1841 1447 1876 τὴν
1473 1841 1610 1876 βασιλείαν
1638 1841 1817 1876 διαφυλάξον-

1059 1933 1121 1960 Ὄτι
1137 1934 1151 1960 ό
1168 1932 1291 1968 Χοσρόης
1315 1932 1384 1967 μετά
1395 1931 1445 1968 τὴν
1470 1932 1579 1968 αἴτησιν
1598 1932 1650 1967 τῆς
1667 1932 1816 1967 πρεσϐείας

1025 1979 1074 2013 τῆς
1086 1978 1154 2013 προς
1171 1978 1324 2012 Μαυρίκιον
1339 1977 1495 2009 σταλεῖσον,
1520 1976 1567 2003 ἐπὶ
1590 1977 1640 2011 τὴν
1666 1977 1817 2012 λεγομένηι

1026 2024 1101 2058 ἱερὰν
1116 2023 1193 2050 πόλιν
1203 2023 1326 2057 ἀφίκετο.
1341 2023 1409 2049 Οᾷδὲ
1421 2021 1474 2058 μὴν
1489 2022 1672 2057 Κομεντίολος
1686 2024 1700 2050 ό
1717 2032 1818 2059 στρατ-

1026 2069 1103 2105 ηγὸς,
1115 2069 1267 2104 ἀγέραστον
1291 2069 1472 2095 καταλέλοιπε
1483 2068 1529 2095 τὸν
1541 2069 1610 2101 τέως
1619 2069 1668 2104 τῆς
1679 2068 1817 2104 βασιλείας

1026 2115 1191 2151 χηρεύοντα.
1208 2114 1286 2142 οὕτω
1300 2116 1355 2150 γὰρ
1367 2114 1440 2147 ἔδοξε
1457 2115 1615 2151 Μαυρικίῳ,
1626 2116 1673 2142 καὶ
1687 2116 1717 2142 τὸ
1728 2116 1816 2151 δόγμα

1029 2159 1180 2196 μετεχώρει
1206 2161 1275 2195 πρὸς
1307 2160 1418 2196 πρᾶξιν.
1440 2160 1547 2187 Οὐκοῦν
1576 2161 1624 2187 ἐπὶ
1641 2161 1671 2188 τὸ
1691 2161 1815 2196 Βεδαμᾱς

181 2205 226 2232 sic
247 2205 320 2232 dicta
337 2204 482 2238 Bedamas,
499 2205 606 2233 obviam
623 2205 711 2232 factus
727 2205 841 2233 Chosroi
857 2204 970 2233 Gentem

1027 2205 1101 2232 οὕτω
1116 2206 1216 2241 χωρίον
1230 2205 1391 2241 λεγόμενον,
1414 2207 1442 2238 ἐς
1456 2206 1621 2242 συνάντησιν
1638 2207 1744 2241 γίνεται
1763 2208 1815 2234 Ko-

185 2250 265 2278 :iolus
292 2250 367 2285 regio
393 2249 468 2278 illum
497 2251 625 2278 donatum
649 2255 800 2285 apparatu,
832 2250 975 2286 magniﬁco

184 2304 297 2331 prorsus
309 2295 440 2324 satellitio
456 2295 643 2330 comitataque
666 2295 802 2330 produxit.
823 2295 896 2323 Nona
913 2304 976 2324 vero

183 2342 264 2370 etiam
276 2341 323 2370 die
334 2341 459 2369 nuntium
471 2341 504 2369 ad
517 2341 644 2376 praesidia
656 2341 764 2369 Persica
775 2341 975 2377 Martyropolim

183 2386 404 2416 tnisit-Cbosroes
415 2387 552 2415 hominem
563 2387 694 2422 dignitate
703 2391 852 2422 satrapam,
867 2388 976 2416 nomine

182 2433 346 2469 Miragdum,
354 2433 516 2469 significans
527 2433 608 2462 simul
620 2438 647 2460 et
659 2438 793 2461 recentem
806 2432 974 2462 fortunarum

176 2484 300 2514 statum,
319 2484 347 2508 et
362 2479 535 2516 imperatoris
548 2486 607 2507 eam
621 2479 881 2515 magnanimitatem,
895 2487 976 2515 quam

185 2530 241 2554 tota
264 2525 329 2554 urbs
355 2526 464 2555 etiamsi
485 2526 663 2554 refertissima
679 2533 733 2554 non
757 2527 844 2561 possit
867 2533 976 2562 capere,

184 2571 283 2607 q‘nippe
300 2579 354 2608 qua
370 2571 505 2600 immunes
520 2571 596 2605 belli,
613 2572 640 2599 in
653 2572 802 2600 amicitiam
817 2573 918 2607 recepti
931 2579 976 2600 es-

183 2616 359 2646 sent‘Persa.
376 2616 531 2646 Bestamum
550 2617 633 2646 etiam
649 2618 782 2646 illustrem
795 2619 865 2654 apud
881 2619 978 2649 Persas

185 2663 273 2692 virum
287 2663 490 2700 Adrabiganutn
506 2665 532 2692 in
546 2663 704 2692 Armeniam
720 2664 887 2698 amandavit,
905 2670 934 2693 ut
949 2670 978 2694 et

185 2709 292 2742 urbem,
304 2714 331 2736 et
342 2710 389 2745 qui
401 2710 501 2738 ibidem
510 2715 745 2738 commorareutur
755 2709 853 2738 Persas
863 2711 978 2746 imperio

177 2752 302 2781 'Cznsaris
310 2754 471 2788 subiiceret,
480 2755 571 2783 etiuec
579 2755 688 2790 quidem
699 2755 853 2784 manifesto.
868 2755 905 2784 Ut
914 2763 978 2784 vero

180 2797 264 2827 vafer
279 2798 378 2832 factus,
391 2804 418 2827 et
433 2800 499 2828 nihil
514 2807 567 2828 non
585 2800 655 2828 dotis
666 2806 693 2828 et
708 2799 852 2829 fraudibus
866 2805 978 2837 postpo-

183 2845 251 2879 suit,
273 2843 470 2879 hospitalitatis
483 2843 546 2879 jure
563 2845 673 2878 violato,
692 2853 723 2874 ac
739 2846 845 2874 infinita
861 2846 913 2875 ista
930 2847 978 2874 be-

1028 2252 1168 2288 μεντίολος
1198 2253 1318 2288 Χοσρόῃ,
1344 2253 1396 2288 τήν
1428 2261 1457 2279 τε
1478 2252 1656 2288 παρασκευὴν
1684 2253 1816 2288 βασίλειον

1027 2298 1101 2333 αὑτῷ
1118 2298 1335 2333 συστησάμενος,
1351 2298 1509 2334 ἐδορυφόρει
1531 2299 1739 2335 μεγαλουργῶ;.
1758 2302 1815 2327 Ἐν-

1028 2345 1095 2380 νάτῃ
1111 2344 1132 2371 δ’
1153 2344 1245 2380 ἡμέρᾳ.
1258 2345 1375 2376 καὶτοῖς
1391 2345 1420 2370 ὲν
1434 2345 1643 2380 Μαρτυροπόλει
1667 2346 1817 2381 φρουροῦσι

1028 2389 1146 2425 Πέρσαις
1155 2389 1270 2423 ἄγγελον
1283 2390 1297 2416 ό
1309 2389 1433 2425 Χοσρόης
1447 2389 1604 2425 ἐξέπεμψεν
1615 2390 1702 2426 ἄνδρα
1719 2394 1818 2428 σατρά-

1029 2443 1083 2470 πην
1105 2434 1264 2470 Μιραγδοῦν
1282 2434 1355 2461 οὕτω
1379 2434 1536 2470 λεγόμενον,
1561 2436 1612 2467 τάς
1637 2444 1666 2462 τε
1682 2445 1818 2472 νεωτερας

1028 2479 1112 2516 τύχας
1127 2480 1298 2516 κατπηλιῶν,
1317 2480 1365 2507 καὶ¹
1381 2480 1420 2513 ὡς
1444 2480 1475 2508 οὺ
1491 2481 1591 2516 μεστὸν
1604 2481 1691 2517 αὐτῆς
1706 2483 1756 2518 τῆς
1772 2484 1818 2510 πό-

1028 2526 1096 2559 λεως
1120 2526 1230 2562 ἔχεσθαι
1256 2527 1305 2562 τῆς
1325 2526 1373 2553 τοῦ
1395 2527 1601 2564 αὐτοκράτορος
1628 2528 1816 2564 μεγαλονοίας,

1029 2572 1191 2608 ἀπομάχους
1217 2574 1265 2600 καὶ
1291 2573 1388 2608 φίλους
1417 2573 1528 2609 Πέρσας
1563 2575 1817 2610 μεταπλαττούσης.

1029 2617 1139 2652 Βεστάμ
1162 2616 1191 2644 δὲ
1206 2617 1260 2644 τῶν
1286 2617 1362 2653 παρά
1386 2617 1506 2653 Πέρσαις
1523 2618 1664 2654 διαφανῶν
1683 2622 1753 2646 κατὰ
1769 2621 1817 2654 τὴν

1035 2662 1183 2699 Ἀρμενίαν
1206 2663 1372 2691 ἀπέστελλεν
1393 2664 1422 2696 ἐς
1453 2664 1484 2691 τδ
1515 2665 1710 2701 ’Δδραδίγανον
1741 2667 1818 2700 ἐγκε-

1028 2707 1175 2744 λευόμενος
1185 2708 1326 2743 γενέσθαι,
1344 2709 1467 2741 καὶτοὺς
1483 2709 1579 2737 αὐτόθι
1601 2710 1818 2747 ὲνδιατρίὸοντας

1030 2754 1139 2791 Πέρσας
1157 2755 1296 2790 ὑπηκόους
1308 2755 1383 2791 αὐτῷ
1393 2756 1633 2792 καταστήσασθαι.
1648 2757 1704 2784 Καὶ
1733 2757 1819 2784 ταῦτα

1031 2801 1082 2837 μὲν
1096 2801 1184 2833 οὕτως
1206 2802 1235 2833 ὲς
1248 2801 1280 2828 τὺ
1306 2801 1425 2837 φανερὸν
1446 2802 1642 2839 διεπράττετο·
1654 2801 1698 2830 οἷα
1715 2804 1742 2830 δὲ
1754 2804 1818 2838 κέρα

1032 2847 1092 2882 κωψ
1104 2846 1235 2882 πεφυκὼς
1260 2847 1310 2884 τὴν
1321 2848 1453 2881 διάνοιαν,
1480 2849 1527 2876 καὶ
1551 2849 1640 2876 πάντα
1666 2848 1714 2876 τοῦ
1742 2850 1817 2877 δόλου
