1943 3072
119 174 175 208 945

525 176 574 206 DE
594 173 878 207 LEGATIONIBUS
895 175 1073 208 GENTIUM
1091 176 1141 208 AD
1159 175 1350 208 ROMANOS.

1706 176 1762 210 916

119 233 261 267 τιθέμενος
287 231 421 268 δεύτερα,
444 231 490 259 τὸν
515 232 566 267 τῆς
591 231 745 266 φιλοξενίας
772 230 925 267 ἀθετήσας,

979 232 1114 261 evolentia
1139 233 1255 268 pedibus
1273 232 1390 266 calcata,
1417 231 1542 269 quintum
1569 232 1694 262 nuntium
1710 234 1764 261 ab-

120 277 234 313 θεσμδν,
258 277 305 304 καὶ
325 278 389 309 τοὺς
414 276 480 308 ἃλας
495 276 545 312 τῆς
572 276 774 312 φιλοφροσύνης
795 275 848 302 ὑπὸ
864 274 914 307 τὰς

121 323 242 359 πτέρνας
255 323 493 358 καταϐαλλόμενος
503 343 512 356 ,
526 323 685 358 πεμπταῖον
710 322 828 356 ἄγγελον
847 330 914 348 κατ-

120 369 135 396 έ
142 379 171 397 πε
176 379 231 405 μπε
241 370 298 402 τοῖς
304 369 354 404 τήν
364 369 574 405 Μαρτυρόπολιν
582 368 743 396 κατοικοῦσι
756 368 913 402 Χαλδαίοις,

122 416 348 450 ἐγκελευόμενος,
365 414 474 451 ἔχεσθαι
489 415 539 450 τῆς
558 415 682 451 φρουρᾶς
698 415 788 450 κάρτα
803 414 915 450 κομιδῇ,

121 462 171 488 καὶ
191 462 246 493 τοῖς
261 462 291 493 ἐς
305 461 335 488 τδ
352 461 472 497 φανερὸν
496 461 746 497 προσταττομένοις
772 461 848 496 αὐτῷ
877 460 915 496 μὴ

122 507 267 543 προσέχειν
280 507 326 534 τὺν
337 506 409 535 νοῦν.
430 507 579 542 ’Δναϐολῆς
595 508 685 548 τρίνυν
709 509 761 543 τῆς
784 507 849 542 περὶ
863 506 915 542 τὴν

124 553 264 588 βασιλείαν
284 554 401 581 καθόδου
412 553 482 585 τέως
497 554 680 589 ἐγγινομένης
694 553 769 590 αὒτῷ
782 553 915 589 ἐνεχείρει

123 599 162 630 ὡς
182 599 294 634 βασιλέα
307 599 436 633 γενέσθαι
456 599 612 634 Ῥωμαίων.
634 600 663 626 '0
680 599 730 635 μὲν
760 599 808 626 οὖν
837 599 917 626 Μαυ-

127 645 215 680 ρίκιος
229 645 279 680 τὴν
291 645 388 672 τούτου
403 644 496 680 ἔφεσιν
518 644 656 679 διαγνοὺς,
672 644 817 680 γράμμασι
838 644 917 678 βασι-

125 691 210 724 λείοις
222 691 270 726 τὴν
284 691 322 723 ὡς
337 691 419 718 αὑτὸν
431 690 561 726 ὲνδημίαν
576 690 716 722 ὲνέκοπτε,
732 690 812 726 δόξης
829 691 916 725 ὑπερ-

967 278 1071 314 legavit
1087 279 1120 306 ad
1135 278 1278 307 Chaldaeos
1302 279 1457 307 habitantes
1480 278 1668 315 Martyropoli,
1693 287 1763 308 neve

969 324 1034 359 quid
1049 323 1182 360 praesidiis
1191 324 1311 358 deesset,
1325 331 1394 352 neve
1417 324 1463 358 iis,
1474 331 1535 360 quae
1547 325 1638 361 palam
1647 324 1760 361 egisset.

972 374 1143 405 apponerent
1166 370 1298 398 animum.
1313 369 1467 399 Occasione
1486 370 1568 405 igitur
1585 371 1688 399 reditus
1709 371 1762 400 sibi

970 415 1043 444 facta
1060 415 1087 443 in
1101 423 1226 451 regnum,
1248 417 1282 444 ad
1307 417 1501 452 imperatorem
1517 417 1698 445 Romanorum
1713 424 1762 445 ve-

970 461 1030 489 nire
1041 461 1169 489 instituit.
1182 460 1272 495 Quare
1282 461 1430 491 Mauricius
1437 469 1498 490 cum
1506 463 1666 490 rescisceret
1680 462 1763 498 bujus

969 506 1146 539 desiderium,
1163 506 1262 535 litteris
1276 507 1359 543 regiis
1371 515 1406 536 ne
1420 515 1450 536 se
1465 507 1553 535 adiret
1569 508 1674 541 Vetuit,
1698 515 1763 536 eon-

970 555 1098 580 tetnnens
1118 551 1268 587 imperator
1292 553 1417 587 gloriam,
1443 557 1472 580 et
1488 552 1515 580 in
1530 552 1661 581 Cbosrois
1683 553 1764 581 simul

972 597 1092 625 utilitate
1103 601 1131 624 et
1151 597 1297 626 commodo
1318 597 1482 626 allaborans.
1498 597 1606 626 Putavit
1617 598 1692 626 enim
1712 607 1764 627 non

974 643 1093 677 amplius
1107 642 1144 671 illi
1159 643 1358 678 procedendum
1373 651 1433 672 esse
1449 644 1483 672 ad
1496 643 1641 672 Persarum
1655 652 1765 680 rempu-

972 689 1081 722 blicam.
1105 697 1140 718 ne
1155 691 1192 717 ita
1207 698 1221 717 a
1239 689 1355 718 Baranto
1369 695 1509 725 occupatae
1531 691 1668 727 tyrannidi
1685 692 1761 718 inva-

124 738 214 774 ορῶν,
243 739 293 774 τήν
320 746 350 764 τε
378 738 427 765 τοῦ
454 737 626 769 συνοίσοντος
662 737 783 764 ἐπίδοσιν
807 737 918 774 Χοσρόῃ

979 735 1090 763 escendi
1108 735 1362 764 subministraretttr
1383 741 1585 772 argumentum.
1605 736 1700 765 Primo
1716 744 1767 764 au-

128 784 406 819 πραγματευόμενος.
421 783 539 810 Διενοίτο
550 783 604 818 γὰρ
615 784 654 814 ὼς
668 783 697 809 οὐ
711 783 751 810 δεῖ
765 783 860 818 πόρρω
869 783 918 818 τῆς

979 789 1028 811 lem
1043 791 1107 812 vere
1129 784 1265 812 Chosroes
1287 785 1321 812 ad
1337 792 1431 820 regem
1452 785 1545 819 mittit,
1569 784 1704 818 tertiaque
1723 785 1766 811 die

126 828 242 863 Περσῶν
258 828 397 860 πολιτείας
410 829 607 863 μεταχωρῆσαι
632 827 740 861 τοῦτον,
753 827 798 854 ίνα
816 827 854 862 μὴ
879 827 919 863 τῷ

979 835 1123 857 convocata
1141 830 1174 857 ab
1193 830 1359 865 imperatore
1372 831 1514 864 concione,
1528 838 1590 859 cum
1605 831 1708 858 honore
1723 830 1765 857 in-

127 874 224 908 Βιρὰμ
242 874 341 907 πάγιον
356 873 480 900 ἐντεῦθεν
490 874 521 900 τὺ
536 873 584 908 τῆς
601 872 758 908 τυραννίδος
775 871 920 907 καθιδρυν-

979 875 1046 910 genti
1061 875 1190 903 adoratur
1210 883 1225 903 a
1242 875 1349 911 legatis.
1371 875 1465 911 Itaque
1477 876 1587 904 silentio
1602 876 1706 904 indicto
1720 884 1766 904 sc—

127 921 188 955 Θείή
216 922 381 956 ἐγχείρημα.
402 920 491 956 Ἧρος
519 921 542 947 δ’
569 921 723 956 ἀρχομένου
753 920 768 946 ό
795 920 920 956 Χοσρόης

979 920 1060 954 multti,
1077 928 1109 948 ac
1132 920 1257 949 libertate
1279 920 1370 949 Persis
1387 921 1421 949 ab
1436 922 1601 956 imperatore
1628 922 1710 953 facta,
1734 929 1766 949 ea

126 967 257 1001 πρέσϐεις
278 968 306 998 ὲς
320 967 433 1002 βασιλέα
463 965 629 1002 ἐξέπεμψεν.
653 965 683 992 Ὀ
712 966 762 1001 μὲν
777 965 824 992 οῦν
840 965 919 992 αὺτο-

979 973 1032 1000 ptze
1060 965 1193 993 baberent
1220 966 1386 1000 exponendi,
1417 966 1498 1002 187
1523 966 1671 1002 primarius
1695 967 1767 993 inter

127 1013 238 1048 κράτωρ
255 1012 403 1047 βασιλικῶς
427 1012 591 1046 ’Ἐκκλησίαν
617 1011 697 1047 τρίτῃ
725 1012 920 1047 συγκροτήσας

979 1012 1076 1047 legatos
1084 1011 1205 1047 profusis
1216 1012 1355 1048 lacrymis,
1363 1020 1394 1040 ac
1406 1013 1470 1040 inde
1480 1018 1587 1047 captata
1596 1012 1767 1048 imperatoris

126 1058 230 1094 ἡμέρα,
251 1058 390 1093 ἐπιφανῶς
414 1058 607 1092 προσκυνεῖται
620 1057 673 1085 ὑπὸ
686 1057 742 1083 τῶν
765 1056 919 1092 πρέσϐεων.

979 1057 1163 1089 miseratione,
1183 1057 1209 1084 itt
1227 1057 1359 1092 ejusmodi
1379 1058 1460 1085 verba
1473 1058 1553 1085 dixit.

129 1104 239 1139 Σιωπῆς
258 1104 347 1131 τοίνυν
361 1103 579 1139 δαψιλευομένης
592 1102 631 1138 τῷ
648 1101 789 1138 συνεδρίῳ,
814 1102 860 1129 καὶ
890 1101 937 1129 τοῦ
958 1102 1093 1138 βασιλέως
1123 1102 1215 1131 ἄδειαν
1230 1103 1318 1138 λόγων
1334 1103 1470 1136 ἐκθέσεως
1487 1103 1690 1135 ἀποδεδωκότος
1710 1104 1766 1136 τοῖς

129 1149 260 1184 Πέρσαις,
277 1152 290 1176 ὁ
316 1149 370 1177 τῶν
389 1149 530 1186 πρέσϐεων
551 1149 766 1184 ἐπιφανέστερος
790 1148 964 1184 προπιαίνων
994 1149 1034 1184 τῷ
1051 1149 1162 1185 δακρύῳ
1197 1149 1243 1177 τὸν
1271 1150 1350 1185 λόγον
1364 1170 1372 1184 ,
1396 1149 1546 1178 κάντεῦθεν
1570 1150 1634 1182 τοὺς
1661 1149 1774 1185 βασιλι-.

129 1198 192 1227 κοῦς
209 1197 369 1231 οίκτιρμοὺς
389 1195 615 1232 ἀποθηρώμενος,
631 1195 715 1222 τῶνδε
732 1194 787 1222 τῶν
809 1195 900 1229 λόγων
920 1195 1075 1230 ἀπήρξατο.

166 1243 204 1278 (Ι)
235 1242 392 1277 Λεχθέντων
409 1242 437 1268 δὲ
465 1241 569 1276 μεταξὺ
598 1241 704 1268 πολλῶν
737 1241 787 1269 καὶ
818 1241 923 1268 τούτων

129 1288 202 1315 οὕτω
226 1288 442 1323 διαλαληθέντων
471 1287 523 1314 ὑπὸ
546 1287 600 1314 τῶν
623 1287 778 1323 πρέσϐεων,
804 1287 852 1314 καὶ
874 1287 923 1322 τῆς

131 1335 271 1368 ἀξιώσεως
284 1334 313 1360 τὸ
326 1334 438 1361 πιθανὸν
457 1334 505 1361 καὶ
518 1334 650 1370 ὲπίχαρες
661 1333 879 1369 κληρωσαμένής
889 1333 923 1368 τῇ

132 1380 226 1416 εὐροίᾳ
239 1380 285 1407 τοῦ
298 1380 390 1414 λόγου,
400 1380 452 1407 ὑπό
460 1389 489 1407 τε
502 1380 551 1415 τῆς
563 1380 661 1416 βουλῆς
672 1381 721 1407 καὶ
731 1379 777 1407 τοῦ
790 1379 924 1415 αὖτοκρά-

132 1436 210 1462 τορος
231 1426 423 1462 δογματίζεται
447 1427 641 1462 ἐπικουρήσειν
654 1427 693 1462 τῷ
719 1427 827 1462 Χοσρόῃ
857 1426 924 1453 Ῥω-

134 1474 240 1508 μαίους,
252 1473 290 1508 τῷ
301 1473 328 1500 δὲ
342 1463 537 1508 Βαρὰμῗιάρτα
550 1473 648 1508 κομιδῇ
666 1472 923 1509 παρασκευάζεσθαι

133 1518 266 1552 πόλεμον·
300 1517 409 1549 ἀνάξιον
439 1517 579 1549 Λατινίδος
597 1518 685 1553 ἀρχῆς
708 1517 755 1544 τοῦ
786 1517 920 1552 βασιλέως

1013 1241 1126 1270 Collatia
1141 1243 1270 1279 utrinque
1287 1250 1352 1272 vero
1375 1242 1478 1276 multis,
1490 1248 1518 1271 et
1534 1242 1577 1271 bis
1591 1242 1628 1270 ita
1640 1249 1655 1271 a
1671 1243 1771 1278 legatis

977 1287 1071 1321 dictis,
1088 1295 1119 1316 ac
1132 1289 1267 1324 petitione
1282 1289 1408 1317 facundia
1423 1289 1558 1317 sermonis
1573 1293 1765 1324 extorquente,

979 1338 1008 1361 ut
1028 1342 1090 1369 qua:
1114 1339 1290 1370 proponeret,
1310 1335 1492 1369 probarentur
1518 1342 1551 1362 ac
1576 1334 1727 1370 placerent,
1753 1342 1778 1361 a.

977 1384 1073 1407 senatu
1096 1380 1178 1407 simul
1200 1385 1227 1409 et
1251 1381 1286 1408 ab
1313 1381 1478 1416 imperatore
1500 1380 1640 1408 decretum
1659 1384 1711 1412 est,
1739 1384 1768 1406 lli.

977 1424 1091 1453 Chosroi
1107 1425 1224 1454 Romani
1246 1426 1464 1461 opitularentur,
1486 1426 1654 1461 Baramoque
1667 1426 1767 1453 adnixo

978 1471 1071 1499 studio
1085 1470 1185 1499 bellum
1200 1472 1332 1506 lacerent,
1349 1472 1448 1507 quippe
1468 1479 1530 1502 cum
1552 1471 1691 1508 indignum
1717 1472 1767 1499 La-

979 1517 1035 1545 tino
1048 1517 1185 1552 iudicaret
1206 1517 1354 1551 imperator
1375 1517 1508 1553 imperio,
1524 1519 1546 1546 si
1568 1526 1620 1546 non
1638 1519 1768 1554 pracvari-

133 1563 288 1598 κρίναντος,
323 1563 394 1589 ὅπλα
424 1564 482 1595 τοῖς
507 1563 631 1590 ἀδικοῦσι
658 1563 844 1599 παρέχεσθαι·
875 1565 922 1591 καὶ

979 1568 1037 1592 cato
1059 1571 1103 1591 res
1120 1568 1215 1591 contra
1241 1571 1319 1591 artna
1334 1568 1483 1598 sumeret,
1512 1564 1772 1600 periclitareturqne-

134 1609 355 1643 προκινδυνεύειν
368 1609 415 1636 τοῦ
432 1609 469 1644 μή
483 1609 568 1636 καλοῦ
583 1609 628 1637 διὰ
642 1609 688 1636 τδν
701 1609 783 1644 δγκον
798 1610 848 1645 τῆς
858 1610 924 1637 ὑπο-

135 1654 266 1688 σχέσεως,
297 1655 344 1682 καὶ
373 1654 528 1689 Ῥωμαίους
542 1655 686 1690 αἰσχίστην
710 1655 924 1692 ἁναδεξαμένους

136 1700 274 1733 ὑπόθεσιν,
292 1700 435 1733 ἀθανάτοις
454 1700 568 1727 ὀνείδεσι
582 1701 626 1728 διὰ
650 1701 752 1733 παντὸς
768 1701 924 1737 στηλιτεύε-

137 1747 210 1775 σῦαι.
225 1747 266 1774 Τὰ
279 1747 328 1782 μὲν
343 1745 390 1774 οὖν
417 1747 541 1782 περὶτοῦ
556 1747 693 1782 δόγματος
711 1747 739 1778 ἐς
755 1747 863 1783 ἐκείνην
875 1747 924 1782 τὴν

136 1793 244 1827 ἡμέραν
255 1793 318 1827 περὶ
328 1793 359 1819 τὸ
379 1793 513 1828 βασίλειον
531 1793 598 1820 ἄστυ
618 1793 709 1828 ὲξήχει
724 1794 785 1819 τότε
800 1793 846 1820 καὶ
877 1794 926 1820 ὲπ-

135 1837 265 1870 ιπολαζε.
296 1838 450 1873 Πεμπταϊοι
476 1838 499 1864 δ’
534 1839 559 1864 οι
576 1837 706 1873 πρέσϐεις
727 1837 926 1874 εἰσφρήσαντες

138 1883 206 1917 πρὸς
222 1883 268 1910 τδν
284 1883 423 1918 Καίσαρα,
452 1883 550 1918 δώροις
572 1882 804 1918 διακοσμηθέντες
822 1883 928 1918 βασιλι-

138 1929 207 1961 κοῖς,
222 1930 250 1955 ὲν
261 1929 407 1964 γράμμασι
423 1929 453 1956 τὸ
469 1929 546 1964 παρὰ
558 1929 612 1955 τῶν
628 1929 760 1964 βασιλέων
775 1929 928 1964 ἀποφέων-

137 1983 182 2001 ται
196 1975 336 2010 ψήφισμα.
345 1975 433 2002 Τόντε
446 1975 482 2002 Σα
495 1974 690 2011 [Σαρὰμ-ην)...
705 1975 756 2008 μὲν
770 1975 819 2002 καὶ
829 1976 930 2010 Χοσρο-

139 2021 269 2055 περόζην,
282 2021 344 2054 τούς
353 2029 383 2047 τε
398 2021 495 2053 ἄλλους
511 2021 574 2052 τοὺς
587 2021 636 2056 ήδη
652 2021 785 2056 πρότερον
800 2021 871 2048 κατὰ
883 2020 928 2048 τδν

139 2067 186 2095 τοῦ
210 2067 330 2102 πολέμου
360 2067 457 2102 καιρὸν
471 2067 571 2103 ᾑρήκει
587 2067 618 2093 τὸ
635 2066 801 2101 Ῥωμαϊκὸν,
818 2067 832 2093 ὁ
848 2066 929 2094 αὑτο-

140 2114 252 2149 κράτωρ
269 2114 297 2144 ἐς
310 2105 433 2149 ᾖοσρϐην
447 2113 506 2148 ἃμα
524 2114 582 2144 τοῖς
595 2113 743 2148 πρέσϐεσιν
771 2112 930 2145 ἐξαπέστει-

140 2159 198 2185 λεν.
215 2158 245 2185 '0
260 2158 289 2184 δὲ
305 2159 428 2193 Χοσρόης
452 2158 486 2184 τὰ
505 2158 533 2184 ἒν
546 2157 585 2193 τῷ
601 2157 696 2193 βιϐλίῳ
723 2157 770 2183 τοῦ
796 2157 930 2192 βασιλέως

140 2204 277 2238 διαγνοὺς,
302 2204 352 2239 τήν
379 2203 477 2230 τετῶν
493 2203 639 2238 Ῥωμαίων
661 2202 792 2237 ἀγασθεὶς
815 2202 926 2238 ἀρετὴν,

140 2250 190 2285 τὴν
215 2249 292 2285 ιερὰν
320 2249 396 2276 πόλιν
424 2249 595 2282 καταλιπὼν,
618 2248 677 2284 ἅμα
702 2248 879 2284 Κομεντιόλῳ
902 2249 930 2280 ὲς

142 2295 350 2322 Κωνσταντίναν
371 2295 402 2322 τδ
417 2295 485 2322 ἄστυ
497 2295 613 2330 ἀφίκετο
623 2303 630 2310 θ
649 2294 749 2331 μικροῦ
766 2304 796 2322 τε
812 2295 927 2330 ὕστερον

142 2342 190 2368 καὶ
206 2342 220 2368 δ
238 2341 288 2376 τῆς
307 2341 454 2377 Μελιτινῆς
476 2340 618 2377 προεστὼς
633 2342 641 2371 ί
651 2342 815 2377 Δομετιανὸς
841 2340 863 2368 δ’
878 2341 933 2377 ἄρα

142 2384 245 2423 οὗτος),
259 2387 414 2423 βασιλικαῖς
428 2388 580 2424 ὑποθήκαις
594 2388 700 2423 γίνεται
714 2386 784 2423 πρὸς
794 2387 931 2423 Χοσρόην·

141 2433 171 2465 ὃς
181 2433 247 2469 πρδς
260 2433 338 2468 γένος
349 2433 530 2470 συνῆπταιτῷ
542 2433 657 2469 βασιλεῖ,
665 2433 714 2469 τὴν
726 2433 810 2469 τιμὴν
827 2433 930 2469 ἱερεὺς,

147 2479 197 2514 τὴν
221 2479 249 2506 δὲ
269 2479 333 2515 περὶ
346 2471 406 2506 Διιεδν
436 2479 493 2515 βίον
507 2478 682 2515 κατασκευὴν
701 2478 858 2515 ἱερώτερος,
887 2478 937 2505 τὸν

146 2523 226 2558 λόγον
239 2525 314 2559 ἡδὺς,
327 2524 377 2559 τήν
387 2525 487 2560 πρᾶξιν
503 2525 600 2560 ταχὺς,
627 2524 678 2560 τὴν
700 2524 857 2560 συμϐουλὴν
883 2524 933 2560 ἑμ-

145 2569 336 2604 φρονέστατος.
358 2569 508 2596 Συνείπετο
533 2570 562 2596 δὲ
584 2569 659 2604 αὺτῷ
675 2570 720 2596 ὅτε
744 2569 895 2604 Γρηγόριος
922 2569 937 2596 ὁ

144 2615 195 2649 τῆς
213 2615 374 2649 Ἀντιοχέων
388 2614 436 2641 τοῦ
461 2615 601 2651 ἱερατικοῦ
632 2615 827 2651 ἐξηγούμενος.
841 2615 935 2648 Ἔδοξε

145 2661 200 2695 γὰρ
214 2662 261 2687 καὶ
276 2660 356 2688 τοῦτο
367 2661 406 2696 τῷ
422 2661 541 2697 βασιλεῖ’
559 2661 607 2688 καὶ
634 2662 783 2697 μετεφοίτα
803 2662 873 2698 πρὸς
884 2662 936 2698 τὴν

147 2706 275 2741 πρᾶξινὸ
298 2707 386 2741 λόγος.
410 2707 651 2742 Παραγενηθέντες
675 2707 742 2742 γοῦν
769 2708 794 2734 οί
812 2708 896 2743 ἱερεῖς
908 2707 936 2739 ἒς

148 2753 368 2786 Κωνσταντίναν,
389 2753 481 2788 λόγοις
493 2754 539 2780 καὶ
555 2754 653 2789 δώροις
675 2749 854 2789 παρήγοροῦν
865 2754 937 2780 Χοσ-

149 2799 225 2835 ρόην,
242 2798 395 2831 ὲπιτεύξεις
410 2799 527 2826 ἐλπίδων
541 2799 727 2835 ἁθυμουμένῳ
740 2799 933 2834 διατιθέμενοι,

184 2878 224 2915 (l)
241 2877 323 2914 Marg.
340 2879 420 2914 Ζήτει
438 2879 467 2905 ὲν
487 2879 526 2915 τῷ
541 2879 608 2914 Περὶ
623 2879 817 2914 δημηγορίας.

974 1613 1064 1649 potius
1078 1614 1116 1641 rei
1131 1621 1183 1641 non
1199 1614 1319 1641 honesta;
1333 1614 1425 1648 gratia.
1438 1618 1548 1649 propter
1561 1614 1685 1649 promissi
1704 1622 1762 1641 inn-

975 1657 1154 1691 gnitudinem.
1180 1663 1212 1684 ac
1237 1656 1352 1684 Romani
1377 1662 1518 1685 contracta
1541 1658 1687 1693 ignominia
1713 1667 1767 1685 non

976 1699 1169 1727 obliviscendis
1185 1700 1211 1727 in
1236 1705 1369 1728 aeternum
1392 1701 1546 1736 opprobriis
1564 1703 1665 1737 passim
1691 1703 1769 1730 ditia-

977 1749 1128 1772 marentnr.
1151 1744 1258 1773 Decreti
1284 1746 1366 1783 igitur
1389 1746 1472 1782 hujus
1497 1747 1586 1775 adhuc
1611 1748 1706 1775 eadem
1724 1749 1769 1775 dic

976 1798 1026 1826 per
1045 1792 1139 1819 urbem
1156 1792 1258 1828 regiam
1283 1793 1419 1821 sententia
1439 1794 1635 1828 pronuntiatur
1651 1798 1678 1821 et
1703 1802 1767 1829 pro-

980 1837 1124 1873 mulgatur.
1141 1838 1232 1872 Quinti
1250 1846 1315 1867 vero
1331 1840 1358 1867 bi
1382 1839 1463 1876 legati
1485 1839 1597 1867 admissi
1620 1841 1652 1867 ad
1679 1839 1768 1868 Caesa-

979 1890 1048 1915 rem,
1060 1882 1191 1918 donisque
1202 1884 1292 1910 ornati
1304 1882 1396 1918 regiis,
1411 1883 1511 1911 litteris
1524 1883 1682 1917 inscriptam
1698 1884 1769 1919 regis

979 1928 1142 1955 sententiam
1174 1935 1265 1956 secum
1290 1927 1391 1956 ierunt.
1419 1928 1555 1956 Praeterea
1586 1927 1718 1955 Saramen
1742 1932 1772 1955 et.

979 1972 1214 2008 Cbosroperozen,
1231 1973 1355 2008 aliosque
1368 1973 1424 2007 jam
1443 1977 1507 2001 ante
1523 1972 1586 2001 belli
1601 1978 1722 2008 tempore
1737 1973 1770 2000 ab

981 2013 1112 2046 Romanis
1132 2023 1226 2053 captos
1241 2019 1274 2046 ad
1297 2018 1453 2047 Cbrosroen
1469 2019 1618 2053 imperator
1634 2025 1688 2046 una
1709 2026 1770 2046 cum

981 2064 1077 2100 legatis
1095 2064 1210 2092 remisit.
1236 2065 1270 2092 At
1292 2064 1430 2093 Chosroes
1454 2065 1535 2100 regiis
1557 2065 1635 2092 lectis
1659 2063 1769 2096 litteris,

982 2110 1096 2137 miratus
1112 2109 1190 2137 istam
1204 2109 1388 2138 Romanorum
1403 2110 1543 2143 virtutem.
1560 2110 1654 2138 relicta
1675 2109 1772 2137 lliera-

981 2154 1046 2189 poli,
1058 2154 1138 2182 simul
1151 2162 1213 2182 cum
1228 2154 1399 2182 Comentiolo
1415 2154 1449 2182 ad
1467 2155 1561 2182 urbem
1578 2155 1685 2183 devertit
1698 2155 1770 2182 Con-

983 2200 1130 2228 stantinam
1143 2209 1149 2227 :
1168 2207 1218 2227 nec
1234 2199 1317 2227 multo
1330 2204 1391 2236 post
1406 2201 1520 2228 antistes
1535 2200 1661 2229 Melitina:
1678 2201 1772 2228 Denti-

984 2247 1084 2280 tianus,
1103 2246 1180 2282 jussu
1196 2246 1268 2282 regis
1287 2246 1320 2274 ad
1345 2245 1485 2276 Chosroen
1510 2247 1595 2280 venit,
1609 2248 1654 2282 qui
1682 2247 1773 2275 Domi-

984 2293 1075 2320 tianus
1110 2296 1241 2328 cognatus
1271 2297 1331 2321 erat
1369 2293 1563 2329 imperatoris.
1604 2293 1775 2329 professione

983 2340 1124 2373 sacerdos,
1142 2340 1283 2375 praestanti
1299 2340 1361 2368 vitae
1376 2340 1568 2373 sanctimonia,
1583 2341 1705 2367 oratione
1716 2340 1774 2374 pla-

983 2386 1071 2419 cidus,
1095 2386 1129 2414 ad
1153 2387 1261 2421 negotia
1291 2387 1458 2415 conﬁcienda
1474 2387 1571 2420 solers,
1588 2387 1702 2415 consilio
1727 2394 1774 2414 sa-

983 2431 1166 2468 pientissimo.
1193 2432 1346 2468 Adjunctus
1371 2433 1410 2461 illi
1426 2433 1483 2461 ibat
1506 2433 1653 2469 Gregorius
1677 2433 1774 2461 Antio-

984 2478 1078 2506 chenaz
1103 2485 1204 2513 praeses
1223 2478 1361 2506 Ecclesiae.
1390 2478 1457 2506 Nam
1476 2482 1504 2506 et
1524 2478 1576 2506 hoe
1592 2478 1697 2505 volebat
1715 2485 1774 2508 rex.

985 2529 1014 2551 et
1031 2524 1259 2558 quemadmodum
1274 2524 1371 2557 voluit,
1388 2524 1427 2552 ita
1443 2524 1544 2552 factum
1560 2529 1612 2552 est.
1630 2524 1697 2552 Cum
1710 2532 1774 2559 ergo

985 2569 1112 2597 sacerdos
1135 2573 1250 2605 uterque
1273 2569 1460 2598 Constantina:
1484 2574 1574 2603 esset,
1604 2567 1776 2597 sermonibus

985 2620 1018 2642 ac
1043 2614 1201 2643 muneribus
1225 2614 1405 2647 delinientes,
1429 2615 1551 2643 melioris
1573 2616 1629 2650 spei
1655 2615 1776 2643 desolato

985 2667 1062 2696 spem
1077 2659 1210 2688 fecerunt.
1231 2660 1322 2694 Quare
1342 2660 1477 2689 Chosroes
1501 2668 1549 2696 per
1563 2660 1668 2689 Nisibin
1683 2662 1775 2690 missis

987 2706 1103 2742 legatis,
1127 2706 1218 2735 l‘ersis
1241 2707 1269 2734 in
1295 2707 1454 2735 memoriam
1479 2712 1559 2736 vocat
1582 2707 1774 2736 beneﬁciorum

988 2753 1015 2780 in
1034 2753 1146 2786 stirpem
1170 2752 1282 2788 regiam,
1305 2751 1452 2780 admonitis
1475 2760 1528 2780 una
1556 2752 1696 2781 concionis
1721 2760 1777 2780 suae

989 2799 1169 2832 auditoribus,
1194 2799 1266 2839 quod
1288 2803 1404 2827 tvranno
1424 2806 1475 2828 nec
1495 2798 1640 2829 favendum
1656 2799 1703 2833 sit,
1727 2806 1777 2827 nec
