  <div class='ocr_page' id='page_1' title='image "/cluster/home/n/w/nwhite01/storage/ocr_20150623/113/njp.32101077772968/529.png"; bbox 0 0 1943 3072; ppageno 0'>
   <div class='ocr_carea' id='block_1_1' title="bbox 160 157 214 192">
    <p class='ocr_par' dir='ltr' id='par_1_1' title="bbox 160 157 214 192">
     <span class='ocr_line' id='line_1_1' title="bbox 160 157 214 192; baseline -0.037 0"><span class='ocrx_word' id='word_1_1' title='bbox 160 157 214 192; x_wconf 67' lang='lat'><strong>9‘7</strong></span> 
     </span>
    </p>
   </div>
   <div class='ocr_carea' id='block_1_2' title="bbox 578 156 1402 197">
    <p class='ocr_par' dir='ltr' id='par_1_2' title="bbox 578 156 1402 197">
     <span class='ocr_line' id='line_1_2' title="bbox 578 156 1402 197; baseline 0.007 -6"><span class='ocrx_word' id='word_1_2' title='bbox 578 156 778 192; x_wconf 70' lang='lat' dir='ltr'><strong>EXCKRPTA</strong></span> <span class='ocrx_word' id='word_1_3' title='bbox 798 158 851 192; x_wconf 81' lang='lat' dir='ltr'><strong>EX</strong></span> <span class='ocrx_word' id='word_1_4' title='bbox 868 158 1170 196; x_wconf 80' lang='lat' dir='ltr'><strong>THEOPHYLACTO</strong></span> <span class='ocrx_word' id='word_1_5' title='bbox 1189 164 1402 197; x_wconf 75' lang='lat' dir='ltr'><strong>SIMOCATTA</strong></span> 
     </span>
    </p>
   </div>
   <div class='ocr_carea' id='block_1_3' title="bbox 1749 167 1803 199">
    <p class='ocr_par' dir='ltr' id='par_1_3' title="bbox 1749 167 1803 199">
     <span class='ocr_line' id='line_1_3' title="bbox 1749 167 1803 199; baseline 0.019 -1"><span class='ocrx_word' id='word_1_6' title='bbox 1749 167 1803 199; x_wconf 69' lang='lat'><strong>958</strong></span> 
     </span>
    </p>
   </div>
   <div class='ocr_carea' id='block_1_4' title="bbox 161 215 956 260">
    <p class='ocr_par' dir='ltr' id='par_1_4' title="bbox 161 215 956 256">
     <span class='ocr_line' id='line_1_4' title="bbox 161 215 956 256; baseline 0.008 -14"><span class='ocrx_word' id='word_1_7' title='bbox 161 215 365 251; x_wconf 66' lang='lat' dir='ltr'><strong>confringendis:</strong></span> <span class='ocrx_word' id='word_1_8' title='bbox 393 215 466 252; x_wconf 86' lang='lat' dir='ltr'><strong>leges</strong></span> <span class='ocrx_word' id='word_1_9' title='bbox 496 221 614 250; x_wconf 78' lang='lat' dir='ltr'><strong>veteres.</strong></span> <span class='ocrx_word' id='word_1_10' title='bbox 644 225 676 247; x_wconf 77' lang='lat' dir='ltr'><strong>ac</strong></span> <span class='ocrx_word' id='word_1_11' title='bbox 701 219 806 255; x_wconf 69' lang='lat' dir='ltr'><strong>patriae,</strong></span> <span class='ocrx_word' id='word_1_12' title='bbox 831 227 892 256; x_wconf 70' lang='lat' dir='ltr'><strong>quae</strong></span> <span class='ocrx_word' id='word_1_13' title='bbox 917 225 956 248; x_wconf 90' lang='lat' dir='ltr'><strong>tot</strong></span> 
     </span>
    </p>
   </div>
   <div class='ocr_carea' id='block_1_5' title="bbox 1007 215 1802 260">
    <p class='ocr_par' dir='ltr' id='par_1_5' title="bbox 1015 221 1802 260">
     <span class='ocr_line' id='line_1_5' title="bbox 1015 221 1802 260; baseline 0.003 -11"><span class='ocrx_word' id='word_1_14' title='bbox 1015 221 1045 249; x_wconf 85' lang='lat'><strong>&#39;0</strong></span> <span class='ocrx_word' id='word_1_15' title='bbox 1059 223 1108 258; x_wconf 79' lang='grc' dir='ltr'><strong>μὲν</strong></span> <span class='ocrx_word' id='word_1_16' title='bbox 1121 222 1168 249; x_wconf 79' lang='grc' dir='ltr'><strong>οὖν</strong></span> <span class='ocrx_word' id='word_1_17' title='bbox 1188 223 1314 259; x_wconf 81' lang='grc' dir='ltr'><strong>Χοσράης</strong></span> <span class='ocrx_word' id='word_1_18' title='bbox 1329 223 1381 250; x_wconf 71' lang='grc' dir='ltr'><strong>ἀνὰ</strong></span> <span class='ocrx_word' id='word_1_19' title='bbox 1394 222 1446 260; x_wconf 82' lang='grc' dir='ltr'><strong>τὴν</strong></span> <span class='ocrx_word' id='word_1_20' title='bbox 1469 222 1580 251; x_wconf 76' lang='grc' dir='ltr'><strong>Νίσιϐιν</strong></span> <span class='ocrx_word' id='word_1_21' title='bbox 1596 223 1731 260; x_wconf 79' lang='grc' dir='ltr'><strong>πρέσϐεις</strong></span> <span class='ocrx_word' id='word_1_22' title='bbox 1747 224 1802 251; x_wconf 80' lang='grc' dir='ltr'><strong>άπ-</strong></span> 
     </span>
    </p>
   </div>
   <div class='ocr_carea' id='block_1_6' title="bbox 160 260 956 302">
    <p class='ocr_par' dir='ltr' id='par_1_6' title="bbox 160 260 956 302">
     <span class='ocr_line' id='line_1_6' title="bbox 160 260 956 302; baseline 0.009 -14"><span class='ocrx_word' id='word_1_23' title='bbox 160 261 224 288; x_wconf 83' lang='lat' dir='ltr'><strong>iude</strong></span> <span class='ocrx_word' id='word_1_24' title='bbox 237 260 294 296; x_wconf 84' lang='lat' dir='ltr'><strong>jam</strong></span> <span class='ocrx_word' id='word_1_25' title='bbox 311 261 393 289; x_wconf 83' lang='lat' dir='ltr'><strong>annis</strong></span> <span class='ocrx_word' id='word_1_26' title='bbox 411 262 438 289; x_wconf 89' lang='lat' dir='ltr'><strong>in</strong></span> <span class='ocrx_word' id='word_1_27' title='bbox 461 261 607 291; x_wconf 82' lang='lat' dir='ltr'><strong>Persarum</strong></span> <span class='ocrx_word' id='word_1_28' title='bbox 626 264 681 292; x_wconf 84' lang='lat' dir='ltr'><strong>sint</strong></span> <span class='ocrx_word' id='word_1_29' title='bbox 701 265 854 295; x_wconf 65' lang='lat' dir='ltr'><strong>observatas</strong></span> <span class='ocrx_word' id='word_1_30' title='bbox 875 274 956 302; x_wconf 86' lang='lat' dir='ltr'><strong>repu-</strong></span> 
     </span>
    </p>
   </div>
   <div class='ocr_carea' id='block_1_7' title="bbox 160 307 955 345">
    <p class='ocr_par' dir='ltr' id='par_1_7' title="bbox 160 307 955 345">
     <span class='ocr_line' id='line_1_7' title="bbox 160 307 955 345; baseline 0.011 -12"><span class='ocrx_word' id='word_1_31' title='bbox 160 307 246 340; x_wconf 83' lang='lat' dir='ltr'><strong>blica,</strong></span> <span class='ocrx_word' id='word_1_32' title='bbox 262 308 388 344; x_wconf 86' lang='lat' dir='ltr'><strong>quodque</strong></span> <span class='ocrx_word' id='word_1_33' title='bbox 401 314 573 345; x_wconf 80' lang='lat' dir='ltr'><strong>nequaquam</strong></span> <span class='ocrx_word' id='word_1_34' title='bbox 587 317 602 338; x_wconf 88' lang='lat' dir='ltr'><strong>a</strong></span> <span class='ocrx_word' id='word_1_35' title='bbox 620 317 710 339; x_wconf 84' lang='lat' dir='ltr'><strong>rerum</strong></span> <span class='ocrx_word' id='word_1_36' title='bbox 725 318 858 340; x_wconf 82' lang='lat' dir='ltr'><strong>novarum</strong></span> <span class='ocrx_word' id='word_1_37' title='bbox 875 314 955 342; x_wconf 90' lang='lat' dir='ltr'><strong>moli-</strong></span> 
     </span>
    </p>
   </div>
   <div class='ocr_carea' id='block_1_8' title="bbox 162 354 757 394">
    <p class='ocr_par' dir='ltr' id='par_1_8' title="bbox 162 354 757 394">
     <span class='ocr_line' id='line_1_8' title="bbox 162 354 757 394; baseline 0.01 -14"><span class='ocrx_word' id='word_1_38' title='bbox 162 354 282 382; x_wconf 82' lang='lat' dir='ltr'><strong>tionibus</strong></span> <span class='ocrx_word' id='word_1_39' title='bbox 298 355 440 390; x_wconf 88' lang='lat' dir='ltr'><strong>turpitudo</strong></span> <span class='ocrx_word' id='word_1_40' title='bbox 453 356 536 390; x_wconf 87' lang='lat' dir='ltr'><strong>absit,</strong></span> <span class='ocrx_word' id='word_1_41' title='bbox 555 361 582 385; x_wconf 92' lang='lat' dir='ltr'><strong>et</strong></span> <span class='ocrx_word' id='word_1_42' title='bbox 598 357 757 394; x_wconf 73' lang='lat' dir='ltr'><strong>ignominia.</strong></span> 
     </span>
    </p>
   </div>
   <div class='ocr_carea' id='block_1_9' title="bbox 1004 267 1801 306">
    <p class='ocr_par' dir='ltr' id='par_1_9' title="bbox 1004 267 1801 306">
     <span class='ocr_line' id='line_1_9' title="bbox 1004 267 1801 306; baseline 0.004 -12"><span class='ocrx_word' id='word_1_43' title='bbox 1004 267 1142 301; x_wconf 72' lang='grc' dir='ltr'><strong>ἔστελλεν,</strong></span> <span class='ocrx_word' id='word_1_44' title='bbox 1156 269 1377 305; x_wconf 77' lang='grc' dir='ltr'><strong>ἀναμιμνήσκων</strong></span> <span class='ocrx_word' id='word_1_45' title='bbox 1388 268 1497 305; x_wconf 68' lang='grc' dir='ltr'><strong>Πέρσας</strong></span> <span class='ocrx_word' id='word_1_46' title='bbox 1513 269 1564 306; x_wconf 81' lang='grc' dir='ltr'><strong>τῆς</strong></span> <span class='ocrx_word' id='word_1_47' title='bbox 1578 269 1688 302; x_wconf 81' lang='grc' dir='ltr'>εὐνοίας</span> <span class='ocrx_word' id='word_1_48' title='bbox 1701 269 1752 306; x_wconf 85' lang='grc' dir='ltr'><strong>τῆς</strong></span> <span class='ocrx_word' id='word_1_49' title='bbox 1770 271 1801 303; x_wconf 76' lang='grc' dir='ltr'><strong>ἐς</strong></span> 
     </span>
    </p>
   </div>
   <div class='ocr_carea' id='block_1_10' title="bbox 1003 312 1803 358">
    <p class='ocr_par' dir='ltr' id='par_1_10' title="bbox 1003 312 1803 358">
     <span class='ocr_line' id='line_1_10' title="bbox 1003 312 1803 358; baseline 0.004 -17"><span class='ocrx_word' id='word_1_50' title='bbox 1003 313 1034 341; x_wconf 79' lang='grc' dir='ltr'><strong>τὸ</strong></span> <span class='ocrx_word' id='word_1_51' title='bbox 1047 314 1184 350; x_wconf 85' lang='grc' dir='ltr'><strong>βασίλειον</strong></span> <span class='ocrx_word' id='word_1_52' title='bbox 1198 312 1288 351; x_wconf 76' lang='grc' dir='ltr'><strong>γένος,</strong></span> <span class='ocrx_word' id='word_1_53' title='bbox 1302 316 1472 351; x_wconf 80' lang='grc' dir='ltr'><strong>παρακαλῶν</strong></span> <span class='ocrx_word' id='word_1_54' title='bbox 1485 315 1524 352; x_wconf 89' lang='grc' dir='ltr'>τῷ</span> <span class='ocrx_word' id='word_1_55' title='bbox 1540 317 1628 358; x_wconf 75' lang='grc' dir='ltr'><strong>ἱππίῳ</strong></span> <span class='ocrx_word' id='word_1_56' title='bbox 1639 317 1688 352; x_wconf 81' lang='grc' dir='ltr'><strong>τῆς</strong></span> <span class='ocrx_word' id='word_1_57' title='bbox 1700 324 1803 352; x_wconf 82' lang='grc' dir='ltr'><strong>παραι-</strong></span> 
     </span>
    </p>
   </div>
   <div class='ocr_carea' id='block_1_11' title="bbox 1002 361 1802 399">
    <p class='ocr_par' dir='ltr' id='par_1_11' title="bbox 1002 361 1802 399">
     <span class='ocr_line' id='line_1_11' title="bbox 1002 361 1802 399; baseline 0.003 -12"><span class='ocrx_word' id='word_1_58' title='bbox 1002 361 1115 393; x_wconf 72' lang='grc' dir='ltr'><strong>νέσεως,</strong></span> <span class='ocrx_word' id='word_1_59' title='bbox 1130 362 1168 394; x_wconf 82' lang='grc' dir='ltr'><strong>ὡς</strong></span> <span class='ocrx_word' id='word_1_60' title='bbox 1182 361 1214 389; x_wconf 83' lang='grc' dir='ltr'><strong>οὐ</strong></span> <span class='ocrx_word' id='word_1_61' title='bbox 1229 362 1269 389; x_wconf 88' lang='grc' dir='ltr'><strong>δεῖ</strong></span> <span class='ocrx_word' id='word_1_62' title='bbox 1278 363 1419 398; x_wconf 80' lang='grc' dir='ltr'><strong>τυράννων</strong></span> <span class='ocrx_word' id='word_1_63' title='bbox 1439 362 1566 397; x_wconf 61' lang='grc' dir='ltr'><strong>ἔξουσίας</strong></span> <span class='ocrx_word' id='word_1_64' title='bbox 1577 363 1735 399; x_wconf 79' lang='grc' dir='ltr'><strong>ἀνέχεσθαι,</strong></span> <span class='ocrx_word' id='word_1_65' title='bbox 1752 362 1802 390; x_wconf 74' lang='grc' dir='ltr'><strong>καὶ</strong></span> 
     </span>
    </p>
   </div>
   <div class='ocr_carea' id='block_1_12' title="bbox 158 400 1801 448">
    <p class='ocr_par' dir='ltr' id='par_1_12' title="bbox 158 400 1801 448">
     <span class='ocr_line' id='line_1_12' title="bbox 158 400 1801 448; baseline 0.008 -21"><span class='ocrx_word' id='word_1_66' title='bbox 158 400 339 438; x_wconf 73' lang='grc' dir='ltr'><strong>καθυϐρίζειν</strong></span> <span class='ocrx_word' id='word_1_67' title='bbox 354 403 438 439; x_wconf 85' lang='grc' dir='ltr'><strong>νόμον</strong></span> <span class='ocrx_word' id='word_1_68' title='bbox 451 402 567 440; x_wconf 75' lang='grc' dir='ltr'><strong>ἀρχαῖον</strong></span> <span class='ocrx_word' id='word_1_69' title='bbox 578 405 625 432; x_wconf 73' lang='grc' dir='ltr'><strong>καὶ</strong></span> <span class='ocrx_word' id='word_1_70' title='bbox 645 405 760 442; x_wconf 83' lang='grc' dir='ltr'><strong>πάτριον</strong></span> <span class='ocrx_word' id='word_1_71' title='bbox 774 405 952 444; x_wconf 74' lang='grc' dir='ltr'><strong>γεγηρακότα</strong></span> <span class='ocrx_word' id='word_1_72' title='bbox 963 409 997 444; x_wconf 81' lang='grc' dir='ltr'><strong>τῇ</strong></span> <span class='ocrx_word' id='word_1_73' title='bbox 1012 408 1124 445; x_wconf 71' lang='grc' dir='ltr'><strong>Περσῶν</strong></span> <span class='ocrx_word' id='word_1_74' title='bbox 1151 409 1287 447; x_wconf 67' lang='grc' dir='ltr'><strong>βασιλεία,</strong></span> <span class='ocrx_word' id='word_1_75' title='bbox 1300 411 1349 438; x_wconf 70' lang='grc' dir='ltr'><strong>καὶ</strong></span> <span class='ocrx_word' id='word_1_76' title='bbox 1369 410 1506 446; x_wconf 74' lang='grc' dir='ltr'><strong>μηδέποτε</strong></span> <span class='ocrx_word' id='word_1_77' title='bbox 1525 411 1565 447; x_wconf 86' lang='grc' dir='ltr'><strong>τῷ</strong></span> <span class='ocrx_word' id='word_1_78' title='bbox 1587 411 1714 448; x_wconf 80' lang='grc' dir='ltr'><strong>νεωτέρῳ</strong></span> <span class='ocrx_word' id='word_1_79' title='bbox 1747 411 1801 446; x_wconf 80' lang='grc' dir='ltr'><strong>τῆς</strong></span> 
     </span>
    </p>
   </div>
   <div class='ocr_carea' id='block_1_13' title="bbox 157 448 783 489">
    <p class='ocr_par' dir='ltr' id='par_1_13' title="bbox 157 448 783 489">
     <span class='ocr_line' id='line_1_13' title="bbox 157 448 783 489; baseline 0.011 -15"><span class='ocrx_word' id='word_1_80' title='bbox 157 448 349 484; x_wconf 71' lang='grc' dir='ltr'><strong>καθαιρέσεως</strong></span> <span class='ocrx_word' id='word_1_81' title='bbox 359 450 582 486; x_wconf 80' lang='grc' dir='ltr'><strong>ἁπενεγκόμενον</strong></span> <span class='ocrx_word' id='word_1_82' title='bbox 595 451 627 479; x_wconf 79' lang='grc' dir='ltr'><strong>τὺ</strong></span> <span class='ocrx_word' id='word_1_83' title='bbox 643 451 783 489; x_wconf 77' lang='grc' dir='ltr'><strong>ἀδόκιμον.</strong></span> 
     </span>
    </p>
   </div>
   <div class='ocr_carea' id='block_1_14' title="bbox 197 494 954 532">
    <p class='ocr_par' dir='ltr' id='par_1_14' title="bbox 197 494 954 532">
     <span class='ocr_line' id='line_1_14' title="bbox 197 494 954 532; baseline 0.011 -11"><span class='ocrx_word' id='word_1_84' title='bbox 197 495 275 528; x_wconf 81' lang='lat' dir='ltr'><strong>Quod</strong></span> <span class='ocrx_word' id='word_1_85' title='bbox 286 494 331 523; x_wconf 90' lang='lat' dir='ltr'><strong>ubi</strong></span> <span class='ocrx_word' id='word_1_86' title='bbox 344 495 460 524; x_wconf 80' lang='lat' dir='ltr'><strong>Baramo</strong></span> <span class='ocrx_word' id='word_1_87' title='bbox 472 496 589 532; x_wconf 85' lang='lat' dir='ltr'><strong>primum</strong></span> <span class='ocrx_word' id='word_1_88' title='bbox 604 497 734 532; x_wconf 80' lang='lat' dir='ltr'><strong>innatuit,</strong></span> <span class='ocrx_word' id='word_1_89' title='bbox 747 499 781 527; x_wconf 92' lang='lat' dir='ltr'><strong>de</strong></span> <span class='ocrx_word' id='word_1_90' title='bbox 792 505 954 530; x_wconf 81' lang='lat' dir='ltr'><strong>conservato</strong></span> 
     </span>
    </p>
   </div>
   <div class='ocr_carea' id='block_1_15' title="bbox 160 539 954 582">
    <p class='ocr_par' dir='ltr' id='par_1_15' title="bbox 160 539 954 582">
     <span class='ocr_line' id='line_1_15' title="bbox 160 539 954 582; baseline 0.01 -15"><span class='ocrx_word' id='word_1_91' title='bbox 160 539 292 573; x_wconf 75' lang='lat' dir='ltr'><strong>tlltosroe,</strong></span> <span class='ocrx_word' id='word_1_92' title='bbox 309 540 520 576; x_wconf 81' lang='lat' dir='ltr'><strong>humaniterque</strong></span> <span class='ocrx_word' id='word_1_93' title='bbox 537 549 552 569; x_wconf 87' lang='lat' dir='ltr'><strong>a</strong></span> <span class='ocrx_word' id='word_1_94' title='bbox 567 541 698 572; x_wconf 78' lang='lat' dir='ltr'><strong>Romanis</strong></span> <span class='ocrx_word' id='word_1_95' title='bbox 709 549 834 580; x_wconf 77' lang='lat' dir='ltr'><strong>excepto,</strong></span> <span class='ocrx_word' id='word_1_96' title='bbox 848 545 954 582; x_wconf 78' lang='lat' dir='ltr'><strong>legatos</strong></span> 
     </span>
    </p>
   </div>
   <div class='ocr_carea' id='block_1_16' title="bbox 159 586 953 628">
    <p class='ocr_par' dir='ltr' id='par_1_16' title="bbox 159 586 953 628">
     <span class='ocr_line' id='line_1_16' title="bbox 159 586 953 628; baseline 0.009 -14"><span class='ocrx_word' id='word_1_97' title='bbox 159 586 252 621; x_wconf 83' lang='lat' dir='ltr'><strong>misit,</strong></span> <span class='ocrx_word' id='word_1_98' title='bbox 275 592 377 616; x_wconf 70' lang='lat' dir='ltr'><strong>carens</strong></span> <span class='ocrx_word' id='word_1_99' title='bbox 396 587 567 624; x_wconf 81' lang='lat' dir='ltr'><strong>imperatori,</strong></span> <span class='ocrx_word' id='word_1_100' title='bbox 593 595 628 618; x_wconf 88' lang='lat' dir='ltr'><strong>ne</strong></span> <span class='ocrx_word' id='word_1_101' title='bbox 653 589 788 620; x_wconf 78' lang='lat' dir='ltr'><strong>Chosroes</strong></span> <span class='ocrx_word' id='word_1_102' title='bbox 816 599 953 628; x_wconf 88' lang='lat' dir='ltr'><strong>quaquam</strong></span> 
     </span>
    </p>
   </div>
   <div class='ocr_carea' id='block_1_17' title="bbox 160 632 952 671">
    <p class='ocr_par' dir='ltr' id='par_1_17' title="bbox 160 632 952 671">
     <span class='ocr_line' id='line_1_17' title="bbox 160 632 952 671; baseline 0.01 -11"><span class='ocrx_word' id='word_1_103' title='bbox 160 632 280 662; x_wconf 77' lang='lat' dir='ltr'><strong>fortunis</strong></span> <span class='ocrx_word' id='word_1_104' title='bbox 304 633 473 668; x_wconf 80' lang='lat' dir='ltr'><strong>subveniret,</strong></span> <span class='ocrx_word' id='word_1_105' title='bbox 494 639 591 671; x_wconf 85' lang='lat' dir='ltr'><strong>pactus</strong></span> <span class='ocrx_word' id='word_1_106' title='bbox 605 636 667 665; x_wconf 88' lang='lat' dir='ltr'><strong>ideo</strong></span> <span class='ocrx_word' id='word_1_107' title='bbox 680 641 708 666; x_wconf 88' lang='lat' dir='ltr'><strong>ct</strong></span> <span class='ocrx_word' id='word_1_108' title='bbox 728 638 823 666; x_wconf 81' lang='lat' dir='ltr'><strong>urbem</strong></span> <span class='ocrx_word' id='word_1_109' title='bbox 847 637 952 668; x_wconf 82' lang='lat' dir='ltr'><strong>Nisibin</strong></span> 
     </span>
    </p>
   </div>
   <div class='ocr_carea' id='block_1_18' title="bbox 159 679 954 721">
    <p class='ocr_par' dir='ltr' id='par_1_18' title="bbox 159 679 954 721">
     <span class='ocr_line' id='line_1_18' title="bbox 159 679 954 721; baseline 0.01 -15"><span class='ocrx_word' id='word_1_110' title='bbox 159 679 295 708; x_wconf 77' lang='lat' dir='ltr'><strong>Romanis</strong></span> <span class='ocrx_word' id='word_1_111' title='bbox 309 685 341 709; x_wconf 84' lang='lat' dir='ltr'><strong>se</strong></span> <span class='ocrx_word' id='word_1_112' title='bbox 354 680 493 716; x_wconf 84' lang='lat' dir='ltr'><strong>daturum,</strong></span> <span class='ocrx_word' id='word_1_113' title='bbox 507 685 534 710; x_wconf 90' lang='lat' dir='ltr'><strong>et</strong></span> <span class='ocrx_word' id='word_1_114' title='bbox 556 681 615 711; x_wconf 88' lang='lat' dir='ltr'><strong>loca</strong></span> <span class='ocrx_word' id='word_1_115' title='bbox 631 687 719 719; x_wconf 89' lang='lat' dir='ltr'><strong>usque</strong></span> <span class='ocrx_word' id='word_1_116' title='bbox 733 683 845 713; x_wconf 80' lang='lat' dir='ltr'><strong>ﬂuvium</strong></span> <span class='ocrx_word' id='word_1_117' title='bbox 863 684 954 721; x_wconf 78' lang='lat' dir='ltr'><strong>Tigri-</strong></span> 
     </span>
    </p>
   </div>
   <div class='ocr_carea' id='block_1_19' title="bbox 161 724 951 765">
    <p class='ocr_par' dir='ltr' id='par_1_19' title="bbox 161 724 951 765">
     <span class='ocr_line' id='line_1_19' title="bbox 161 724 951 765; baseline 0.009 -13"><span class='ocrx_word' id='word_1_118' title='bbox 161 724 235 752; x_wconf 89' lang='lat' dir='ltr'><strong>dem.</strong></span> <span class='ocrx_word' id='word_1_119' title='bbox 250 724 304 754; x_wconf 81' lang='lat' dir='ltr'><strong>Sed</strong></span> <span class='ocrx_word' id='word_1_120' title='bbox 317 725 446 762; x_wconf 82' lang='lat' dir='ltr'><strong>quoniam</strong></span> <span class='ocrx_word' id='word_1_121' title='bbox 459 735 515 755; x_wconf 81' lang='lat' dir='ltr'><strong>non</strong></span> <span class='ocrx_word' id='word_1_122' title='bbox 530 727 692 757; x_wconf 50' lang='lat' dir='ltr'><strong>illetBaram</strong></span> <span class='ocrx_word' id='word_1_123' title='bbox 705 733 776 764; x_wconf 86' lang='lat' dir='ltr'><strong>erat,</strong></span> <span class='ocrx_word' id='word_1_124' title='bbox 790 728 836 765; x_wconf 84' lang='lat' dir='ltr'><strong>qui</strong></span> <span class='ocrx_word' id='word_1_125' title='bbox 852 738 951 760; x_wconf 88' lang='lat' dir='ltr'><strong>nomen</strong></span> 
     </span>
    </p>
   </div>
   <div class='ocr_carea' id='block_1_20' title="bbox 160 771 724 808">
    <p class='ocr_par' dir='ltr' id='par_1_20' title="bbox 160 771 724 808">
     <span class='ocr_line' id='line_1_20' title="bbox 160 771 724 808; baseline 0.005 -8"><span class='ocrx_word' id='word_1_126' title='bbox 160 771 267 807; x_wconf 75' lang='lat' dir='ltr'><strong>regium</strong></span> <span class='ocrx_word' id='word_1_127' title='bbox 284 772 466 808; x_wconf 65' lang='lat' dir='ltr'><strong>extingueret,</strong></span> <span class='ocrx_word' id='word_1_128' title='bbox 484 773 645 803; x_wconf 81' lang='lat' dir='ltr'><strong>frustratum</strong></span> <span class='ocrx_word' id='word_1_129' title='bbox 662 775 724 803; x_wconf 76' lang='lat' dir='ltr'><strong>iuit.</strong></span> 
     </span>
    </p>
   </div>
   <div class='ocr_carea' id='block_1_21' title="bbox 198 864 992 910">
    <p class='ocr_par' dir='ltr' id='par_1_21' title="bbox 198 864 992 910">
     <span class='ocr_line' id='line_1_21' title="bbox 198 864 992 910; baseline 0.01 -16"><span class='ocrx_word' id='word_1_130' title='bbox 198 864 281 903; x_wconf 70' lang='lat'><strong>188</strong></span> <span class='ocrx_word' id='word_1_131' title='bbox 303 865 381 901; x_wconf 80' lang='lat' dir='ltr'><strong>Quod</strong></span> <span class='ocrx_word' id='word_1_132' title='bbox 396 873 425 896; x_wconf 80' lang='lat' dir='ltr'><strong>re</strong></span> <span class='ocrx_word' id='word_1_133' title='bbox 435 873 530 897; x_wconf 79' lang='lat' dir='ltr'><strong>contra</strong></span> <span class='ocrx_word' id='word_1_134' title='bbox 546 868 692 899; x_wconf 84' lang='lat' dir='ltr'><strong>Baramum</strong></span> <span class='ocrx_word' id='word_1_135' title='bbox 703 871 772 900; x_wconf 85' lang='lat' dir='ltr'><strong>bene</strong></span> <span class='ocrx_word' id='word_1_136' title='bbox 785 870 956 910; x_wconf 79' lang='lat' dir='ltr'><strong>feliciterque</strong></span> <span class='ocrx_word' id='word_1_137' title='bbox 970 873 992 902; x_wconf 78' lang='grc' dir='ltr'><strong><em>Β</em></strong></span> 
     </span>
    </p>
   </div>
   <div class='ocr_carea' id='block_1_22' title="bbox 161 910 958 956">
    <p class='ocr_par' dir='ltr' id='par_1_22' title="bbox 161 910 958 956">
     <span class='ocr_line' id='line_1_22' title="bbox 161 910 958 956; baseline 0.011 -16"><span class='ocrx_word' id='word_1_138' title='bbox 161 918 249 949; x_wconf 80' lang='lat' dir='ltr'><strong>gesta,</strong></span> <span class='ocrx_word' id='word_1_139' title='bbox 258 910 395 943; x_wconf 79' lang='lat' dir='ltr'><strong>Cbosrocs</strong></span> <span class='ocrx_word' id='word_1_140' title='bbox 403 914 436 944; x_wconf 84' lang='lat' dir='ltr'><strong>ad</strong></span> <span class='ocrx_word' id='word_1_141' title='bbox 447 914 607 945; x_wconf 80' lang='lat' dir='ltr'><strong>Maurlclum</strong></span> <span class='ocrx_word' id='word_1_142' title='bbox 619 915 756 954; x_wconf 85' lang='lat' dir='ltr'><strong>principes</strong></span> <span class='ocrx_word' id='word_1_143' title='bbox 767 918 870 956; x_wconf 88' lang='lat' dir='ltr'><strong>aliquot</strong></span> <span class='ocrx_word' id='word_1_144' title='bbox 881 925 897 949; x_wconf 90' lang='lat' dir='ltr'><strong>e</strong></span> <span class='ocrx_word' id='word_1_145' title='bbox 908 928 958 949; x_wconf 85' lang='lat' dir='ltr'><strong>co—</strong></span> 
     </span>
    </p>
   </div>
   <div class='ocr_carea' id='block_1_23' title="bbox 160 958 956 1001">
    <p class='ocr_par' dir='ltr' id='par_1_23' title="bbox 160 958 956 1001">
     <span class='ocr_line' id='line_1_23' title="bbox 160 958 956 1001; baseline 0.011 -16"><span class='ocrx_word' id='word_1_146' title='bbox 160 958 259 986; x_wconf 89' lang='lat' dir='ltr'><strong>mitatu</strong></span> <span class='ocrx_word' id='word_1_147' title='bbox 271 962 321 988; x_wconf 84' lang='lat' dir='ltr'><strong>suo</strong></span> <span class='ocrx_word' id='word_1_148' title='bbox 335 959 420 994; x_wconf 85' lang='lat' dir='ltr'><strong>misit,</strong></span> <span class='ocrx_word' id='word_1_149' title='bbox 437 964 465 990; x_wconf 87' lang='lat' dir='ltr'><strong>et</strong></span> <span class='ocrx_word' id='word_1_150' title='bbox 483 967 579 991; x_wconf 84' lang='lat' dir='ltr'><strong>eorum</strong></span> <span class='ocrx_word' id='word_1_151' title='bbox 593 967 653 999; x_wconf 82' lang='lat' dir='ltr'><strong>quae</strong></span> <span class='ocrx_word' id='word_1_152' title='bbox 667 966 816 993; x_wconf 81' lang='lat' dir='ltr'><strong>evenerant</strong></span> <span class='ocrx_word' id='word_1_153' title='bbox 830 965 956 1001; x_wconf 81' lang='lat' dir='ltr'><strong>exposita</strong></span> 
     </span>
    </p>
   </div>
   <div class='ocr_carea' id='block_1_24' title="bbox 161 1004 957 1047">
    <p class='ocr_par' dir='ltr' id='par_1_24' title="bbox 161 1004 957 1047">
     <span class='ocr_line' id='line_1_24' title="bbox 161 1004 957 1047; baseline 0.011 -15"><span class='ocrx_word' id='word_1_154' title='bbox 161 1004 283 1038; x_wconf 79' lang='lat' dir='ltr'><strong>fortuna,</strong></span> <span class='ocrx_word' id='word_1_155' title='bbox 299 1005 416 1041; x_wconf 83' lang='lat' dir='ltr'><strong>petiltut</strong></span> <span class='ocrx_word' id='word_1_156' title='bbox 432 1007 534 1036; x_wconf 79' lang='lat' dir='ltr'><strong>auxilio</strong></span> <span class='ocrx_word' id='word_1_157' title='bbox 545 1009 630 1038; x_wconf 86' lang='lat' dir='ltr'><strong>misso</strong></span> <span class='ocrx_word' id='word_1_158' title='bbox 640 1015 742 1038; x_wconf 90' lang='lat' dir='ltr'><strong>metum</strong></span> <span class='ocrx_word' id='word_1_159' title='bbox 754 1011 806 1040; x_wconf 82' lang='lat' dir='ltr'><strong>sibi</strong></span> <span class='ocrx_word' id='word_1_160' title='bbox 823 1011 957 1047; x_wconf 80' lang='lat' dir='ltr'><strong>demeret,</strong></span> 
     </span>
    </p>
   </div>
   <div class='ocr_carea' id='block_1_25' title="bbox 161 1051 957 1090">
    <p class='ocr_par' dir='ltr' id='par_1_25' title="bbox 161 1051 957 1090">
     <span class='ocr_line' id='line_1_25' title="bbox 161 1051 957 1090; baseline 0.011 -12"><span class='ocrx_word' id='word_1_161' title='bbox 161 1051 359 1089; x_wconf 87' lang='lat' dir='ltr'><strong>opitulareturq</strong></span> <span class='ocrx_word' id='word_1_162' title='bbox 364 1061 397 1082; x_wconf 90' lang='lat' dir='ltr'><strong>ue</strong></span> <span class='ocrx_word' id='word_1_163' title='bbox 404 1061 487 1090; x_wconf 85' lang='lat' dir='ltr'><strong>quam</strong></span> <span class='ocrx_word' id='word_1_164' title='bbox 495 1055 635 1084; x_wconf 75' lang='lat' dir='ltr'><strong>citissime.</strong></span> <span class='ocrx_word' id='word_1_165' title='bbox 645 1055 908 1086; x_wconf 78' lang='lat' dir='ltr'><strong>Allirmabantetiam</strong></span> <span class='ocrx_word' id='word_1_166' title='bbox 918 1059 957 1088; x_wconf 89' lang='lat' dir='ltr'><strong>le-</strong></span> 
     </span>
    </p>
   </div>
   <div class='ocr_carea' id='block_1_26' title="bbox 161 1098 957 1139">
    <p class='ocr_par' dir='ltr' id='par_1_26' title="bbox 161 1098 957 1139">
     <span class='ocr_line' id='line_1_26' title="bbox 161 1098 957 1139; baseline 0.01 -13"><span class='ocrx_word' id='word_1_167' title='bbox 161 1098 218 1133; x_wconf 77' lang='lat' dir='ltr'><strong>gati</strong></span> <span class='ocrx_word' id='word_1_168' title='bbox 232 1099 255 1127; x_wconf 89' lang='lat' dir='ltr'><strong>si</strong></span> <span class='ocrx_word' id='word_1_169' title='bbox 275 1101 399 1135; x_wconf 80' lang='lat' dir='ltr'><strong>pecuniae</strong></span> <span class='ocrx_word' id='word_1_170' title='bbox 419 1101 525 1136; x_wconf 80' lang='lat' dir='ltr'><strong>copiam</strong></span> <span class='ocrx_word' id='word_1_171' title='bbox 543 1102 692 1138; x_wconf 85' lang='lat' dir='ltr'><strong>imperator</strong></span> <span class='ocrx_word' id='word_1_172' title='bbox 711 1103 815 1132; x_wconf 82' lang='lat' dir='ltr'><strong>iaceret</strong></span> <span class='ocrx_word' id='word_1_173' title='bbox 831 1104 957 1139; x_wconf 85' lang='lat' dir='ltr'><strong>Cbosroi,</strong></span> 
     </span>
    </p>
   </div>
   <div class='ocr_carea' id='block_1_27' title="bbox 162 1143 955 1184">
    <p class='ocr_par' dir='ltr' id='par_1_27' title="bbox 162 1143 955 1184">
     <span class='ocr_line' id='line_1_27' title="bbox 162 1143 955 1184; baseline 0.009 -12"><span class='ocrx_word' id='word_1_174' title='bbox 162 1143 321 1174; x_wconf 77' lang='lat' dir='ltr'><strong>refusurum</strong></span> <span class='ocrx_word' id='word_1_175' title='bbox 335 1153 394 1174; x_wconf 91' lang='lat' dir='ltr'><strong>eam</strong></span> <span class='ocrx_word' id='word_1_176' title='bbox 408 1145 539 1176; x_wconf 76' lang='lat' dir='ltr'><strong>Romanis</strong></span> <span class='ocrx_word' id='word_1_177' title='bbox 554 1152 635 1182; x_wconf 86' lang='lat' dir='ltr'><strong>quam</strong></span> <span class='ocrx_word' id='word_1_178' title='bbox 650 1149 768 1184; x_wconf 87' lang='lat' dir='ltr'><strong>primum</strong></span> <span class='ocrx_word' id='word_1_179' title='bbox 783 1156 861 1178; x_wconf 89' lang='lat' dir='ltr'><strong>suum</strong></span> <span class='ocrx_word' id='word_1_180' title='bbox 875 1159 955 1179; x_wconf 82' lang='lat' dir='ltr'><strong>recu-</strong></span> 
     </span>
    </p>
   </div>
   <div class='ocr_carea' id='block_1_28' title="bbox 162 1192 954 1230">
    <p class='ocr_par' dir='ltr' id='par_1_28' title="bbox 162 1192 954 1230">
     <span class='ocr_line' id='line_1_28' title="bbox 162 1192 954 1230; baseline 0.008 -12"><span class='ocrx_word' id='word_1_181' title='bbox 162 1195 272 1227; x_wconf 84' lang='lat' dir='ltr'><strong>peraret</strong></span> <span class='ocrx_word' id='word_1_182' title='bbox 295 1199 419 1228; x_wconf 91' lang='lat' dir='ltr'><strong>regnum.</strong></span> <span class='ocrx_word' id='word_1_183' title='bbox 443 1192 631 1221; x_wconf 76' lang='lat' dir='ltr'><strong>Romanorum</strong></span> <span class='ocrx_word' id='word_1_184' title='bbox 646 1198 737 1222; x_wconf 84' lang='lat' dir='ltr'><strong>autem</strong></span> <span class='ocrx_word' id='word_1_185' title='bbox 757 1202 814 1228; x_wconf 76' lang='lat' dir='ltr'><strong>rex,</strong></span> <span class='ocrx_word' id='word_1_186' title='bbox 840 1202 954 1230; x_wconf 64' lang='lat' dir='ltr'><strong>praeter-</strong></span> 
     </span>
    </p>
   </div>
   <div class='ocr_carea' id='block_1_29' title="bbox 162 1238 954 1276">
    <p class='ocr_par' dir='ltr' id='par_1_29' title="bbox 162 1238 954 1276">
     <span class='ocr_line' id='line_1_29' title="bbox 162 1238 954 1276; baseline 0.009 -13"><span class='ocrx_word' id='word_1_187' title='bbox 162 1243 245 1271; x_wconf 86' lang='lat' dir='ltr'><strong>quam</strong></span> <span class='ocrx_word' id='word_1_188' title='bbox 261 1238 332 1272; x_wconf 86' lang='lat' dir='ltr'><strong>quod</strong></span> <span class='ocrx_word' id='word_1_189' title='bbox 355 1238 439 1267; x_wconf 87' lang='lat' dir='ltr'><strong>armis</strong></span> <span class='ocrx_word' id='word_1_190' title='bbox 456 1238 610 1273; x_wconf 74' lang='lat' dir='ltr'><strong>coniunctis</strong></span> <span class='ocrx_word' id='word_1_191' title='bbox 634 1239 740 1268; x_wconf 71' lang='lat' dir='ltr'><strong>ferebat</strong></span> <span class='ocrx_word' id='word_1_192' title='bbox 760 1248 850 1276; x_wconf 90' lang='lat' dir='ltr'><strong>opem,</strong></span> <span class='ocrx_word' id='word_1_193' title='bbox 867 1242 954 1270; x_wconf 75' lang='lat' dir='ltr'><strong>maxi-</strong></span> 
     </span>
    </p>
   </div>
   <div class='ocr_carea' id='block_1_30' title="bbox 162 1285 954 1323">
    <p class='ocr_par' dir='ltr' id='par_1_30' title="bbox 162 1285 954 1323">
     <span class='ocr_line' id='line_1_30' title="bbox 162 1285 954 1323; baseline 0.008 -12"><span class='ocrx_word' id='word_1_194' title='bbox 162 1291 238 1312; x_wconf 85' lang='lat' dir='ltr'><strong>mam</strong></span> <span class='ocrx_word' id='word_1_195' title='bbox 257 1290 366 1320; x_wconf 89' lang='lat' dir='ltr'><strong>quoque</strong></span> <span class='ocrx_word' id='word_1_196' title='bbox 379 1285 405 1313; x_wconf 87' lang='lat' dir='ltr'><strong>ei</strong></span> <span class='ocrx_word' id='word_1_197' title='bbox 422 1285 547 1321; x_wconf 59' lang='lat' dir='ltr'><strong>pecunia!</strong></span> <span class='ocrx_word' id='word_1_198' title='bbox 561 1293 695 1314; x_wconf 84' lang='lat' dir='ltr'><strong>summam</strong></span> <span class='ocrx_word' id='word_1_199' title='bbox 714 1291 757 1315; x_wconf 81' lang='lat' dir='ltr'><strong>est</strong></span> <span class='ocrx_word' id='word_1_200' title='bbox 769 1287 881 1323; x_wconf 84' lang='lat' dir='ltr'><strong>largitus</strong></span> <span class='ocrx_word' id='word_1_201' title='bbox 896 1299 903 1317; x_wconf 83' lang='lat'><strong>:</strong></span> <span class='ocrx_word' id='word_1_202' title='bbox 921 1297 954 1318; x_wconf 82' lang='lat' dir='ltr'><strong>ac</strong></span> 
     </span>
    </p>
   </div>
   <div class='ocr_carea' id='block_1_31' title="bbox 162 1330 952 1370">
    <p class='ocr_par' dir='ltr' id='par_1_31' title="bbox 162 1330 952 1370">
     <span class='ocr_line' id='line_1_31' title="bbox 162 1330 952 1370; baseline 0.006 -12"><span class='ocrx_word' id='word_1_203' title='bbox 162 1330 202 1358; x_wconf 86' lang='lat' dir='ltr'><strong>ita</strong></span> <span class='ocrx_word' id='word_1_204' title='bbox 211 1330 348 1360; x_wconf 85' lang='lat' dir='ltr'><strong>Chosroes</strong></span> <span class='ocrx_word' id='word_1_205' title='bbox 359 1331 454 1361; x_wconf 82' lang='lat' dir='ltr'><strong>relicta</strong></span> <span class='ocrx_word' id='word_1_206' title='bbox 468 1332 626 1368; x_wconf 86' lang='lat' dir='ltr'><strong>imperatori</strong></span> <span class='ocrx_word' id='word_1_207' title='bbox 641 1333 806 1369; x_wconf 76' lang='lat' dir='ltr'><strong>syngrapha,</strong></span> <span class='ocrx_word' id='word_1_208' title='bbox 818 1334 952 1370; x_wconf 89' lang='lat' dir='ltr'><strong>ingentem</strong></span> 
     </span>
    </p>
   </div>
   <div class='ocr_carea' id='block_1_32' title="bbox 161 1377 951 1415">
    <p class='ocr_par' dir='ltr' id='par_1_32' title="bbox 161 1377 951 1415">
     <span class='ocr_line' id='line_1_32' title="bbox 161 1377 951 1415; baseline 0.005 -11"><span class='ocrx_word' id='word_1_209' title='bbox 161 1378 341 1413; x_wconf 81' lang='lat' dir='ltr'><strong>pecuniarum</strong></span> <span class='ocrx_word' id='word_1_210' title='bbox 356 1377 410 1407; x_wconf 83' lang='lat' dir='ltr'><strong>vim</strong></span> <span class='ocrx_word' id='word_1_211' title='bbox 426 1380 585 1415; x_wconf 85' lang='lat' dir='ltr'><strong>reportavit,</strong></span> <span class='ocrx_word' id='word_1_212' title='bbox 603 1387 686 1415; x_wconf 84' lang='lat' dir='ltr'><strong>quam</strong></span> <span class='ocrx_word' id='word_1_213' title='bbox 701 1379 798 1408; x_wconf 83' lang='lat' dir='ltr'><strong>deinde</strong></span> <span class='ocrx_word' id='word_1_214' title='bbox 814 1380 951 1409; x_wconf 87' lang='lat' dir='ltr'><strong>diribitam</strong></span> 
     </span>
    </p>
   </div>
   <div class='ocr_carea' id='block_1_33' title="bbox 158 1422 621 1460">
    <p class='ocr_par' dir='ltr' id='par_1_33' title="bbox 158 1422 621 1460">
     <span class='ocr_line' id='line_1_33' title="bbox 158 1422 621 1460; baseline 0.009 -10"><span class='ocrx_word' id='word_1_215' title='bbox 158 1423 284 1452; x_wconf 77' lang='lat' dir='ltr'><strong>Persicis</strong></span> <span class='ocrx_word' id='word_1_216' title='bbox 300 1424 357 1453; x_wconf 90' lang='lat' dir='ltr'><strong>suis</strong></span> <span class='ocrx_word' id='word_1_217' title='bbox 371 1425 456 1460; x_wconf 85' lang='lat' dir='ltr'><strong>copiis</strong></span> <span class='ocrx_word' id='word_1_218' title='bbox 473 1422 621 1454; x_wconf 81' lang='lat' dir='ltr'><strong>distribuit.</strong></span> 
     </span>
    </p>
   </div>
   <div class='ocr_carea' id='block_1_34' title="bbox 1043 498 1800 536">
    <p class='ocr_par' dir='ltr' id='par_1_34' title="bbox 1043 498 1800 536">
     <span class='ocr_line' id='line_1_34' title="bbox 1043 498 1800 536; baseline 0.003 -9"><span class='ocrx_word' id='word_1_219' title='bbox 1043 501 1107 528; x_wconf 77' lang='grc' dir='ltr'><strong>ὀτι</strong></span> <span class='ocrx_word' id='word_1_220' title='bbox 1121 499 1160 535; x_wconf 84' lang='grc' dir='ltr'><strong>τῷ</strong></span> <span class='ocrx_word' id='word_1_221' title='bbox 1174 499 1274 536; x_wconf 80' lang='grc' dir='ltr'><strong>Βαρὰμ.</strong></span> <span class='ocrx_word' id='word_1_222' title='bbox 1302 500 1364 528; x_wconf 78' lang='grc' dir='ltr'><strong>ἐπεὶ</strong></span> <span class='ocrx_word' id='word_1_223' title='bbox 1390 498 1542 536; x_wconf 79' lang='grc' dir='ltr'><strong>κατάδηλον</strong></span> <span class='ocrx_word' id='word_1_224' title='bbox 1568 498 1682 536; x_wconf 77' lang='grc' dir='ltr'><strong>γέγονεν</strong></span> <span class='ocrx_word' id='word_1_225' title='bbox 1698 502 1736 533; x_wconf 82' lang='grc' dir='ltr'><strong>ὡς</strong></span> <span class='ocrx_word' id='word_1_226' title='bbox 1758 502 1800 529; x_wconf 88' lang='grc' dir='ltr'><strong>δι-</strong></span> 
     </span>
    </p>
   </div>
   <div class='ocr_carea' id='block_1_35' title="bbox 1006 546 1800 585">
    <p class='ocr_par' dir='ltr' id='par_1_35' title="bbox 1006 546 1800 585">
     <span class='ocr_line' id='line_1_35' title="bbox 1006 546 1800 585; baseline 0.001 -11"><span class='ocrx_word' id='word_1_227' title='bbox 1006 547 1097 583; x_wconf 84' lang='grc' dir='ltr'><strong>εσώθη</strong></span> <span class='ocrx_word' id='word_1_228' title='bbox 1122 547 1137 574; x_wconf 82' lang='grc' dir='ltr'><strong>δ</strong></span> <span class='ocrx_word' id='word_1_229' title='bbox 1152 546 1296 582; x_wconf 81' lang='grc' dir='ltr'><strong>Χοσρόης·</strong></span> <span class='ocrx_word' id='word_1_230' title='bbox 1328 547 1404 580; x_wconf 76' lang='grc' dir='ltr'><strong>ὅπως</strong></span> <span class='ocrx_word' id='word_1_231' title='bbox 1430 555 1461 575; x_wconf 85' lang='grc' dir='ltr'><strong>τε</strong></span> <span class='ocrx_word' id='word_1_232' title='bbox 1481 547 1612 584; x_wconf 82' lang='grc' dir='ltr'><strong>Ῥωμαῖοι</strong></span> <span class='ocrx_word' id='word_1_233' title='bbox 1629 548 1800 585; x_wconf 79' lang='grc' dir='ltr'><strong>φιλοφρόνως</strong></span> 
     </span>
    </p>
   </div>
   <div class='ocr_carea' id='block_1_36' title="bbox 1006 592 1798 630">
    <p class='ocr_par' dir='ltr' id='par_1_36' title="bbox 1006 592 1798 630">
     <span class='ocr_line' id='line_1_36' title="bbox 1006 592 1798 630; baseline 0 -8"><span class='ocrx_word' id='word_1_234' title='bbox 1006 592 1088 622; x_wconf 74' lang='grc' dir='ltr'><strong>αὐτὸν</strong></span> <span class='ocrx_word' id='word_1_235' title='bbox 1107 593 1279 628; x_wconf 78' lang='grc' dir='ltr'><strong>ἀνεδέξαντο,</strong></span> <span class='ocrx_word' id='word_1_236' title='bbox 1301 594 1433 629; x_wconf 71' lang='grc' dir='ltr'><strong>πρέσϐεις</strong></span> <span class='ocrx_word' id='word_1_237' title='bbox 1450 593 1618 630; x_wconf 75' lang='grc' dir='ltr'><strong>ἐξέπεμψεν,</strong></span> <span class='ocrx_word' id='word_1_238' title='bbox 1639 594 1724 629; x_wconf 79' lang='grc' dir='ltr'><strong>ἀξιῶν</strong></span> <span class='ocrx_word' id='word_1_239' title='bbox 1752 595 1798 623; x_wconf 82' lang='grc' dir='ltr'><strong>τδν</strong></span> 
     </span>
    </p>
   </div>
   <div class='ocr_carea' id='block_1_37' title="bbox 1006 638 1800 677">
    <p class='ocr_par' dir='ltr' id='par_1_37' title="bbox 1006 638 1800 677">
     <span class='ocr_line' id='line_1_37' title="bbox 1006 638 1800 677; baseline 0 -9"><span class='ocrx_word' id='word_1_240' title='bbox 1006 638 1198 676; x_wconf 78' lang='grc' dir='ltr'><strong>αὐτοκράτορα</strong></span> <span class='ocrx_word' id='word_1_241' title='bbox 1216 639 1350 676; x_wconf 76' lang='grc' dir='ltr'><strong>μηδαμῶς</strong></span> <span class='ocrx_word' id='word_1_242' title='bbox 1360 641 1421 672; x_wconf 84' lang='grc' dir='ltr'><strong>ταῖς</strong></span> <span class='ocrx_word' id='word_1_243' title='bbox 1432 639 1554 676; x_wconf 78' lang='grc' dir='ltr'><strong>Χοσρόου</strong></span> <span class='ocrx_word' id='word_1_244' title='bbox 1571 640 1669 677; x_wconf 80' lang='grc' dir='ltr'><strong>τύχαις</strong></span> <span class='ocrx_word' id='word_1_245' title='bbox 1687 642 1800 668; x_wconf 76' lang='grc' dir='ltr'><strong>ἐπικου-</strong></span> 
     </span>
    </p>
   </div>
   <div class='ocr_carea' id='block_1_38' title="bbox 1007 686 1799 723">
    <p class='ocr_par' dir='ltr' id='par_1_38' title="bbox 1007 686 1799 723">
     <span class='ocr_line' id='line_1_38' title="bbox 1007 686 1799 723; baseline 0.001 -9"><span class='ocrx_word' id='word_1_246' title='bbox 1007 686 1076 722; x_wconf 81' lang='grc' dir='ltr'><strong>ρεῖν,</strong></span> <span class='ocrx_word' id='word_1_247' title='bbox 1097 686 1333 723; x_wconf 74' lang='grc' dir='ltr'><strong>διισχυριζόμενος</strong></span> <span class='ocrx_word' id='word_1_248' title='bbox 1347 687 1459 714; x_wconf 76' lang='grc' dir='ltr'><strong>Νίσιδίν</strong></span> <span class='ocrx_word' id='word_1_249' title='bbox 1472 696 1502 714; x_wconf 89' lang='grc' dir='ltr'><strong>τε</strong></span> <span class='ocrx_word' id='word_1_250' title='bbox 1518 687 1597 715; x_wconf 79' lang='grc' dir='ltr'><strong>πόλιν</strong></span> <span class='ocrx_word' id='word_1_251' title='bbox 1621 688 1799 722; x_wconf 77' lang='grc' dir='ltr'><strong>παραδιδόναι</strong></span> 
     </span>
    </p>
   </div>
   <div class='ocr_carea' id='block_1_39' title="bbox 1011 733 1801 770">
    <p class='ocr_par' dir='ltr' id='par_1_39' title="bbox 1011 733 1801 770">
     <span class='ocr_line' id='line_1_39' title="bbox 1011 733 1801 770; baseline 0 -9"><span class='ocrx_word' id='word_1_252' title='bbox 1011 734 1170 769; x_wconf 85' lang='grc' dir='ltr'><strong>Ῥωμαίοις,</strong></span> <span class='ocrx_word' id='word_1_253' title='bbox 1188 734 1236 761; x_wconf 77' lang='grc' dir='ltr'><strong>καὶ</strong></span> <span class='ocrx_word' id='word_1_254' title='bbox 1261 734 1296 761; x_wconf 82' lang='grc' dir='ltr'><strong>τὰ</strong></span> <span class='ocrx_word' id='word_1_255' title='bbox 1308 734 1373 770; x_wconf 75' lang='grc' dir='ltr'><strong>ἄχρι</strong></span> <span class='ocrx_word' id='word_1_256' title='bbox 1399 733 1527 770; x_wconf 72' lang='grc' dir='ltr'><strong>Τίγριδος</strong></span> <span class='ocrx_word' id='word_1_257' title='bbox 1550 735 1685 770; x_wconf 80' lang='grc' dir='ltr'><strong>ποταμοῦ.</strong></span> <span class='ocrx_word' id='word_1_258' title='bbox 1704 735 1734 761; x_wconf 85' lang='grc'><strong>’0</strong></span> <span class='ocrx_word' id='word_1_259' title='bbox 1749 735 1801 770; x_wconf 74' lang='grc' dir='ltr'><strong>μὲν</strong></span> 
     </span>
    </p>
   </div>
   <div class='ocr_carea' id='block_1_40' title="bbox 1005 776 1800 817">
    <p class='ocr_par' dir='ltr' id='par_1_40' title="bbox 1005 776 1800 817">
     <span class='ocr_line' id='line_1_40' title="bbox 1005 776 1800 817; baseline -0.001 -9"><span class='ocrx_word' id='word_1_260' title='bbox 1005 776 1054 808; x_wconf 78' lang='grc' dir='ltr'><strong>οὖν</strong></span> <span class='ocrx_word' id='word_1_261' title='bbox 1067 780 1167 816; x_wconf 71' lang='grc' dir='ltr'><strong>Βαρὰμ</strong></span> <span class='ocrx_word' id='word_1_262' title='bbox 1189 779 1330 816; x_wconf 83' lang='grc' dir='ltr'><strong>τηνάλλως</strong></span> <span class='ocrx_word' id='word_1_263' title='bbox 1345 779 1481 808; x_wconf 80' lang='grc' dir='ltr'><strong>ὲπλανᾶτο</strong></span> <span class='ocrx_word' id='word_1_264' title='bbox 1491 789 1498 796; x_wconf 91' lang='grc'><strong>·</strong></span> <span class='ocrx_word' id='word_1_265' title='bbox 1517 781 1548 808; x_wconf 78' lang='grc' dir='ltr'><strong>οὐ</strong></span> <span class='ocrx_word' id='word_1_266' title='bbox 1569 782 1624 817; x_wconf 75' lang='grc' dir='ltr'><strong>γὰρ</strong></span> <span class='ocrx_word' id='word_1_267' title='bbox 1640 777 1696 814; x_wconf 72' lang='grc' dir='ltr'><strong>οἶός</strong></span> <span class='ocrx_word' id='word_1_268' title='bbox 1710 790 1740 808; x_wconf 88' lang='grc' dir='ltr'><strong>τε</strong></span> <span class='ocrx_word' id='word_1_269' title='bbox 1764 779 1800 817; x_wconf 81' lang='grc' dir='ltr'><strong>ἧν</strong></span> 
     </span>
    </p>
   </div>
   <div class='ocr_carea' id='block_1_41' title="bbox 1005 825 1600 863">
    <p class='ocr_par' dir='ltr' id='par_1_41' title="bbox 1005 825 1600 863">
     <span class='ocr_line' id='line_1_41' title="bbox 1005 825 1600 863; baseline 0.002 -9"><span class='ocrx_word' id='word_1_270' title='bbox 1005 826 1172 863; x_wconf 83' lang='grc' dir='ltr'><strong>διαφθείρειν</strong></span> <span class='ocrx_word' id='word_1_271' title='bbox 1181 825 1231 862; x_wconf 83' lang='grc' dir='ltr'><strong>τὴν</strong></span> <span class='ocrx_word' id='word_1_272' title='bbox 1246 826 1293 853; x_wconf 85' lang='grc' dir='ltr'><strong>τοῦ</strong></span> <span class='ocrx_word' id='word_1_273' title='bbox 1313 826 1447 862; x_wconf 81' lang='grc' dir='ltr'><strong>βασιλέως</strong></span> <span class='ocrx_word' id='word_1_274' title='bbox 1466 827 1600 862; x_wconf 74' lang='grc' dir='ltr'><strong>ίδιὸτητα.</strong></span> 
     </span>
    </p>
   </div>
   <div class='ocr_carea' id='block_1_42' title="bbox 1042 871 1799 910">
    <p class='ocr_par' dir='ltr' id='par_1_42' title="bbox 1042 871 1799 910">
     <span class='ocr_line' id='line_1_42' title="bbox 1042 871 1799 910; baseline 0.001 -10"><span class='ocrx_word' id='word_1_275' title='bbox 1042 871 1105 900; x_wconf 79' lang='grc' dir='ltr'><strong>ὀτι</strong></span> <span class='ocrx_word' id='word_1_276' title='bbox 1121 873 1191 908; x_wconf 82' lang='grc' dir='ltr'><strong>μετὰ</strong></span> <span class='ocrx_word' id='word_1_277' title='bbox 1205 872 1260 900; x_wconf 85' lang='grc' dir='ltr'><strong>τῶν</strong></span> <span class='ocrx_word' id='word_1_278' title='bbox 1282 872 1539 909; x_wconf 80' lang='grc' dir='ltr'><strong>ἀνδραγαθημάτων</strong></span> <span class='ocrx_word' id='word_1_279' title='bbox 1567 874 1619 910; x_wconf 80' lang='grc' dir='ltr'><strong>τὴν</strong></span> <span class='ocrx_word' id='word_1_280' title='bbox 1633 872 1772 906; x_wconf 79' lang='grc' dir='ltr'><strong>ὲπίτευξιν</strong></span> <span class='ocrx_word' id='word_1_281' title='bbox 1784 875 1799 901; x_wconf 84' lang='grc' dir='ltr'><strong>δ</strong></span> 
     </span>
    </p>
   </div>
   <div class='ocr_carea' id='block_1_43' title="bbox 1003 918 1799 956">
    <p class='ocr_par' dir='ltr' id='par_1_43' title="bbox 1003 918 1799 956">
     <span class='ocr_line' id='line_1_43' title="bbox 1003 918 1799 956; baseline -0.001 -8"><span class='ocrx_word' id='word_1_282' title='bbox 1003 920 1130 956; x_wconf 82' lang='grc' dir='ltr'><strong>Χοσρδης</strong></span> <span class='ocrx_word' id='word_1_283' title='bbox 1146 919 1174 952; x_wconf 69' lang='grc' dir='ltr'><strong>ἐς</strong></span> <span class='ocrx_word' id='word_1_284' title='bbox 1194 919 1241 946; x_wconf 81' lang='grc' dir='ltr'><strong>τὸν</strong></span> <span class='ocrx_word' id='word_1_285' title='bbox 1250 918 1406 955; x_wconf 85' lang='grc' dir='ltr'><strong>Μαυρίκιον</strong></span> <span class='ocrx_word' id='word_1_286' title='bbox 1419 920 1475 947; x_wconf 84' lang='grc' dir='ltr'><strong>τῶν</strong></span> <span class='ocrx_word' id='word_1_287' title='bbox 1486 920 1631 955; x_wconf 75' lang='grc' dir='ltr'><strong>ἑπομένων</strong></span> <span class='ocrx_word' id='word_1_288' title='bbox 1655 921 1799 956; x_wconf 79' lang='grc' dir='ltr'><strong>ἀρχόντων</strong></span> 
     </span>
    </p>
   </div>
   <div class='ocr_carea' id='block_1_44' title="bbox 1003 965 1801 1004">
    <p class='ocr_par' dir='ltr' id='par_1_44' title="bbox 1003 965 1801 1004">
     <span class='ocr_line' id='line_1_44' title="bbox 1003 965 1801 1004; baseline -0.001 -9"><span class='ocrx_word' id='word_1_289' title='bbox 1003 967 1080 1000; x_wconf 78' lang='grc' dir='ltr'><strong>τινὰς</strong></span> <span class='ocrx_word' id='word_1_290' title='bbox 1099 965 1303 1003; x_wconf 71' lang='grc' dir='ltr'><strong>μετεπέμπετο,</strong></span> <span class='ocrx_word' id='word_1_291' title='bbox 1317 968 1365 994; x_wconf 74' lang='grc' dir='ltr'><strong>καὶ</strong></span> <span class='ocrx_word' id='word_1_292' title='bbox 1378 966 1429 1002; x_wconf 93' lang='grc' dir='ltr'><strong>τὴν</strong></span> <span class='ocrx_word' id='word_1_293' title='bbox 1445 966 1500 994; x_wconf 82' lang='grc' dir='ltr'><strong>τῶν</strong></span> <span class='ocrx_word' id='word_1_294' title='bbox 1512 967 1801 1004; x_wconf 71' lang='grc' dir='ltr'><strong>παρηκολουθηκότων</strong></span> 
     </span>
    </p>
   </div>
   <div class='ocr_carea' id='block_1_45' title="bbox 1003 1014 1798 1052">
    <p class='ocr_par' dir='ltr' id='par_1_45' title="bbox 1003 1014 1798 1052">
     <span class='ocr_line' id='line_1_45' title="bbox 1003 1014 1798 1052; baseline -0.004 -9"><span class='ocrx_word' id='word_1_295' title='bbox 1003 1016 1185 1051; x_wconf 74' lang='grc' dir='ltr'><strong>περιπέτειαν</strong></span> <span class='ocrx_word' id='word_1_296' title='bbox 1195 1017 1407 1052; x_wconf 72' lang='grc' dir='ltr'><strong>ἐνσημαίνεται·</strong></span> <span class='ocrx_word' id='word_1_297' title='bbox 1427 1014 1504 1049; x_wconf 77' lang='grc' dir='ltr'><strong>ἠξίου</strong></span> <span class='ocrx_word' id='word_1_298' title='bbox 1519 1023 1548 1042; x_wconf 90' lang='grc' dir='ltr'><strong>τε</strong></span> <span class='ocrx_word' id='word_1_299' title='bbox 1562 1014 1704 1050; x_wconf 79' lang='grc' dir='ltr'><strong>μελήσεως</strong></span> <span class='ocrx_word' id='word_1_300' title='bbox 1715 1014 1798 1049; x_wconf 79' lang='grc' dir='ltr'><strong>ὲγκο-</strong></span> 
     </span>
    </p>
   </div>
   <div class='ocr_carea' id='block_1_46' title="bbox 1004 1060 1798 1099">
    <p class='ocr_par' dir='ltr' id='par_1_46' title="bbox 1004 1060 1798 1099">
     <span class='ocr_line' id='line_1_46' title="bbox 1004 1060 1798 1099; baseline -0.004 -9"><span class='ocrx_word' id='word_1_301' title='bbox 1004 1064 1060 1097; x_wconf 68' lang='grc' dir='ltr'><strong>τὴν</strong></span> <span class='ocrx_word' id='word_1_302' title='bbox 1070 1064 1130 1095; x_wconf 80' lang='grc' dir='ltr'><strong>ταῖς</strong></span> <span class='ocrx_word' id='word_1_303' title='bbox 1146 1063 1335 1099; x_wconf 70' lang='grc' dir='ltr'><strong>ωμμαχικαῖς</strong></span> <span class='ocrx_word' id='word_1_304' title='bbox 1347 1062 1429 1090; x_wconf 72' lang='grc' dir='ltr'><strong>αϋτδν</strong></span> <span class='ocrx_word' id='word_1_305' title='bbox 1437 1062 1572 1089; x_wconf 76' lang='grc' dir='ltr'><strong>ἐπιθεῖναι</strong></span> <span class='ocrx_word' id='word_1_306' title='bbox 1582 1061 1715 1097; x_wconf 82' lang='grc' dir='ltr'><strong>δυνάμεσι</strong></span> <span class='ocrx_word' id='word_1_307' title='bbox 1725 1069 1732 1076; x_wconf 95' lang='grc'><strong>·</strong></span> <span class='ocrx_word' id='word_1_308' title='bbox 1748 1060 1798 1087; x_wconf 76' lang='grc' dir='ltr'><strong>καὶ</strong></span> 
     </span>
    </p>
   </div>
   <div class='ocr_carea' id='block_1_47' title="bbox 1004 1106 1798 1146">
    <p class='ocr_par' dir='ltr' id='par_1_47' title="bbox 1004 1106 1798 1146">
     <span class='ocr_line' id='line_1_47' title="bbox 1004 1106 1798 1146; baseline -0.005 -9"><span class='ocrx_word' id='word_1_309' title='bbox 1004 1109 1044 1141; x_wconf 86' lang='grc' dir='ltr'><strong>ὠς</strong></span> <span class='ocrx_word' id='word_1_310' title='bbox 1058 1110 1177 1145; x_wconf 85' lang='grc' dir='ltr'><strong>τάχιστα</strong></span> <span class='ocrx_word' id='word_1_311' title='bbox 1195 1110 1320 1146; x_wconf 78' lang='grc' dir='ltr'><strong>βοηθεῖν·</strong></span> <span class='ocrx_word' id='word_1_312' title='bbox 1346 1108 1397 1145; x_wconf 84' lang='grc' dir='ltr'><strong>τήν</strong></span> <span class='ocrx_word' id='word_1_313' title='bbox 1414 1117 1445 1135; x_wconf 84' lang='grc' dir='ltr'><strong>τε</strong></span> <span class='ocrx_word' id='word_1_314' title='bbox 1466 1108 1521 1135; x_wconf 85' lang='grc' dir='ltr'><strong>τῶν</strong></span> <span class='ocrx_word' id='word_1_315' title='bbox 1547 1107 1697 1144; x_wconf 78' lang='grc' dir='ltr'><strong>χρημάτων</strong></span> <span class='ocrx_word' id='word_1_316' title='bbox 1721 1106 1798 1142; x_wconf 75' lang='grc' dir='ltr'><strong>αὐτῷ</strong></span> 
     </span>
    </p>
   </div>
   <div class='ocr_carea' id='block_1_48' title="bbox 1006 1153 1798 1192">
    <p class='ocr_par' dir='ltr' id='par_1_48' title="bbox 1006 1153 1798 1192">
     <span class='ocr_line' id='line_1_48' title="bbox 1006 1153 1798 1192; baseline -0.004 -10"><span class='ocrx_word' id='word_1_317' title='bbox 1006 1156 1082 1192; x_wconf 79' lang='grc' dir='ltr'><strong>παρὰ</strong></span> <span class='ocrx_word' id='word_1_318' title='bbox 1092 1156 1139 1182; x_wconf 84' lang='grc' dir='ltr'><strong>τοῦ</strong></span> <span class='ocrx_word' id='word_1_319' title='bbox 1158 1155 1292 1192; x_wconf 76' lang='grc' dir='ltr'><strong>βασιλέως</strong></span> <span class='ocrx_word' id='word_1_320' title='bbox 1312 1155 1388 1190; x_wconf 76' lang='grc' dir='ltr'><strong>αὐτῷ</strong></span> <span class='ocrx_word' id='word_1_321' title='bbox 1399 1154 1527 1189; x_wconf 71' lang='grc' dir='ltr'><strong>γενέσθαι</strong></span> <span class='ocrx_word' id='word_1_322' title='bbox 1543 1153 1703 1190; x_wconf 80' lang='grc' dir='ltr'><strong>περιϐολὴν,</strong></span> <span class='ocrx_word' id='word_1_323' title='bbox 1723 1154 1798 1188; x_wconf 86' lang='grc' dir='ltr'><strong>ίσχυ-</strong></span> 
     </span>
    </p>
   </div>
   <div class='ocr_carea' id='block_1_49' title="bbox 1007 1200 1799 1238">
    <p class='ocr_par' dir='ltr' id='par_1_49' title="bbox 1007 1200 1799 1238">
     <span class='ocr_line' id='line_1_49' title="bbox 1007 1200 1799 1238; baseline -0.004 -9"><span class='ocrx_word' id='word_1_324' title='bbox 1007 1202 1146 1238; x_wconf 78' lang='grc' dir='ltr'><strong>ριζόμενοι</strong></span> <span class='ocrx_word' id='word_1_325' title='bbox 1171 1203 1222 1237; x_wconf 82' lang='grc' dir='ltr'><strong>τὴν</strong></span> <span class='ocrx_word' id='word_1_326' title='bbox 1241 1203 1346 1229; x_wconf 73' lang='grc' dir='ltr'><strong>οἰκείαν</strong></span> <span class='ocrx_word' id='word_1_327' title='bbox 1374 1200 1548 1229; x_wconf 76' lang='grc' dir='ltr'><strong>ἀπολάσοντα</strong></span> <span class='ocrx_word' id='word_1_328' title='bbox 1565 1200 1665 1236; x_wconf 78' lang='grc' dir='ltr'><strong>ἀρχὴν,</strong></span> <span class='ocrx_word' id='word_1_329' title='bbox 1681 1200 1799 1227; x_wconf 79' lang='grc' dir='ltr'><strong>ἀντικα-</strong></span> 
     </span>
    </p>
   </div>
   <div class='ocr_carea' id='block_1_50' title="bbox 1005 1245 1799 1285">
    <p class='ocr_par' dir='ltr' id='par_1_50' title="bbox 1005 1245 1799 1285">
     <span class='ocr_line' id='line_1_50' title="bbox 1005 1245 1799 1285; baseline -0.006 -9"><span class='ocrx_word' id='word_1_330' title='bbox 1005 1248 1152 1276; x_wconf 79' lang='grc' dir='ltr'><strong>τασάλλειν</strong></span> <span class='ocrx_word' id='word_1_331' title='bbox 1171 1248 1361 1285; x_wconf 76' lang='grc' dir='ltr'><strong>Ῥωμαίοιςτδ</strong></span> <span class='ocrx_word' id='word_1_332' title='bbox 1381 1248 1498 1275; x_wconf 86' lang='grc' dir='ltr'><strong>δάνειον.</strong></span> <span class='ocrx_word' id='word_1_333' title='bbox 1519 1247 1548 1274; x_wconf 93' lang='grc'><strong>’0</strong></span> <span class='ocrx_word' id='word_1_334' title='bbox 1565 1247 1594 1274; x_wconf 74' lang='grc' dir='ltr'><strong>δὲ</strong></span> <span class='ocrx_word' id='word_1_335' title='bbox 1610 1245 1658 1273; x_wconf 83' lang='grc' dir='ltr'><strong>τοῦ</strong></span> <span class='ocrx_word' id='word_1_336' title='bbox 1677 1245 1799 1281; x_wconf 81' lang='grc' dir='ltr'><strong>Ῥωμαῖ-</strong></span> 
     </span>
    </p>
   </div>
   <div class='ocr_carea' id='block_1_51' title="bbox 1005 1291 1798 1330">
    <p class='ocr_par' dir='ltr' id='par_1_51' title="bbox 1005 1291 1798 1330">
     <span class='ocr_line' id='line_1_51' title="bbox 1005 1291 1798 1330; baseline -0.004 -9"><span class='ocrx_word' id='word_1_337' title='bbox 1005 1293 1054 1321; x_wconf 87' lang='grc' dir='ltr'>κοῦ</span> <span class='ocrx_word' id='word_1_338' title='bbox 1066 1294 1206 1330; x_wconf 79' lang='grc' dir='ltr'><strong>βασιλεὺς,</strong></span> <span class='ocrx_word' id='word_1_339' title='bbox 1221 1294 1292 1330; x_wconf 77' lang='grc' dir='ltr'><strong>μετὰ</strong></span> <span class='ocrx_word' id='word_1_340' title='bbox 1305 1294 1357 1330; x_wconf 86' lang='grc' dir='ltr'><strong>τῆς</strong></span> <span class='ocrx_word' id='word_1_341' title='bbox 1380 1293 1543 1330; x_wconf 82' lang='grc' dir='ltr'><strong>συμμαχίας</strong></span> <span class='ocrx_word' id='word_1_342' title='bbox 1557 1293 1614 1320; x_wconf 89' lang='grc' dir='ltr'><strong>τῶν</strong></span> <span class='ocrx_word' id='word_1_343' title='bbox 1627 1292 1730 1323; x_wconf 79' lang='grc' dir='ltr'><strong>ὃπλων,</strong></span> <span class='ocrx_word' id='word_1_344' title='bbox 1748 1291 1798 1318; x_wconf 70' lang='grc' dir='ltr'><strong>καὶ</strong></span> 
     </span>
    </p>
   </div>
   <div class='ocr_carea' id='block_1_52' title="bbox 1003 1335 1796 1376">
    <p class='ocr_par' dir='ltr' id='par_1_52' title="bbox 1003 1335 1796 1376">
     <span class='ocr_line' id='line_1_52' title="bbox 1003 1335 1796 1376; baseline -0.004 -10"><span class='ocrx_word' id='word_1_345' title='bbox 1003 1339 1054 1374; x_wconf 79' lang='grc' dir='ltr'><strong>τὴν</strong></span> <span class='ocrx_word' id='word_1_346' title='bbox 1071 1339 1125 1366; x_wconf 86' lang='grc' dir='ltr'><strong>τῶν</strong></span> <span class='ocrx_word' id='word_1_347' title='bbox 1137 1340 1289 1376; x_wconf 79' lang='grc' dir='ltr'><strong>χρημάτων</strong></span> <span class='ocrx_word' id='word_1_348' title='bbox 1301 1339 1378 1375; x_wconf 85' lang='grc' dir='ltr'><strong>αὺτῷ</strong></span> <span class='ocrx_word' id='word_1_349' title='bbox 1396 1339 1530 1375; x_wconf 81' lang='grc' dir='ltr'><strong>μεγίστην</strong></span> <span class='ocrx_word' id='word_1_350' title='bbox 1541 1338 1630 1375; x_wconf 76' lang='grc' dir='ltr'><strong>ῥοπὴν</strong></span> <span class='ocrx_word' id='word_1_351' title='bbox 1641 1335 1796 1373; x_wconf 75' lang='grc' dir='ltr'><strong>ἐχαρίζετο.</strong></span> 
     </span>
    </p>
   </div>
   <div class='ocr_carea' id='block_1_53' title="bbox 1011 1382 1797 1422">
    <p class='ocr_par' dir='ltr' id='par_1_53' title="bbox 1011 1382 1797 1422">
     <span class='ocr_line' id='line_1_53' title="bbox 1011 1382 1797 1422; baseline -0.004 -10"><span class='ocrx_word' id='word_1_352' title='bbox 1011 1385 1042 1412; x_wconf 72' lang='grc' dir='ltr'>Ὀ</span> <span class='ocrx_word' id='word_1_353' title='bbox 1056 1385 1146 1414; x_wconf 80' lang='grc' dir='ltr'><strong>τοίνυν</strong></span> <span class='ocrx_word' id='word_1_354' title='bbox 1158 1386 1282 1421; x_wconf 83' lang='grc' dir='ltr'><strong>Χοσρόης</strong></span> <span class='ocrx_word' id='word_1_355' title='bbox 1297 1385 1521 1422; x_wconf 79' lang='grc' dir='ltr'><strong>χειρογραφήσας</strong></span> <span class='ocrx_word' id='word_1_356' title='bbox 1534 1384 1565 1411; x_wconf 59' lang='lat' dir='ltr'><strong>se</strong></span> <span class='ocrx_word' id='word_1_357' title='bbox 1585 1383 1731 1419; x_wconf 83' lang='grc' dir='ltr'><strong>δάνεισμα,</strong></span> <span class='ocrx_word' id='word_1_358' title='bbox 1748 1382 1797 1410; x_wconf 77' lang='grc' dir='ltr'><strong>καὶ</strong></span> 
     </span>
    </p>
   </div>
   <div class='ocr_carea' id='block_1_54' title="bbox 1007 1428 1797 1467">
    <p class='ocr_par' dir='ltr' id='par_1_54' title="bbox 1007 1428 1797 1467">
     <span class='ocr_line' id='line_1_54' title="bbox 1007 1428 1797 1467; baseline -0.004 -9"><span class='ocrx_word' id='word_1_359' title='bbox 1007 1431 1037 1462; x_wconf 76' lang='grc' dir='ltr'><strong>ἐς</strong></span> <span class='ocrx_word' id='word_1_360' title='bbox 1046 1429 1200 1467; x_wconf 81' lang='grc' dir='ltr'><strong>Μαυρίκιον</strong></span> <span class='ocrx_word' id='word_1_361' title='bbox 1214 1429 1458 1466; x_wconf 57' lang='grc' dir='ltr'><strong>ἀποστειλάηιενος,</strong></span> <span class='ocrx_word' id='word_1_362' title='bbox 1471 1429 1517 1458; x_wconf 69' lang='grc' dir='ltr'><strong>τὸν</strong></span> <span class='ocrx_word' id='word_1_363' title='bbox 1530 1430 1731 1457; x_wconf 74' lang='grc' dir='ltr'><strong>πολυτάλαντον</strong></span> <span class='ocrx_word' id='word_1_364' title='bbox 1741 1428 1797 1456; x_wconf 86' lang='grc' dir='ltr'><strong>τῶν</strong></span> 
     </span>
    </p>
   </div>
   <div class='ocr_carea' id='block_1_55' title="bbox 162 1471 1798 1514">
    <p class='ocr_par' dir='ltr' id='par_1_55' title="bbox 162 1471 1798 1514">
     <span class='ocr_line' id='line_1_55' title="bbox 162 1471 1798 1514; baseline 0.004 -16"><span class='ocrx_word' id='word_1_365' title='bbox 162 1471 314 1508; x_wconf 80' lang='grc' dir='ltr'><strong>χρημάτων</strong></span> <span class='ocrx_word' id='word_1_366' title='bbox 343 1471 489 1508; x_wconf 67' lang='grc' dir='ltr'><strong>ὶκομίζετο</strong></span> <span class='ocrx_word' id='word_1_367' title='bbox 521 1472 653 1500; x_wconf 79' lang='grc' dir='ltr'><strong>πλοῦτον·</strong></span> <span class='ocrx_word' id='word_1_368' title='bbox 683 1473 730 1500; x_wconf 80' lang='grc' dir='ltr'><strong>καὶ</strong></span> <span class='ocrx_word' id='word_1_369' title='bbox 760 1471 841 1501; x_wconf 73' lang='grc' dir='ltr'><strong>τοῦτο</strong></span> <span class='ocrx_word' id='word_1_370' title='bbox 864 1478 1120 1513; x_wconf 83' lang='grc' dir='ltr'><strong>κατακερματίσας,</strong></span> <span class='ocrx_word' id='word_1_371' title='bbox 1140 1480 1199 1511; x_wconf 77' lang='grc' dir='ltr'><strong>ταῖς</strong></span> <span class='ocrx_word' id='word_1_372' title='bbox 1227 1478 1292 1514; x_wconf 76' lang='grc' dir='ltr'><strong>περὶ</strong></span> <span class='ocrx_word' id='word_1_373' title='bbox 1316 1478 1399 1506; x_wconf 77' lang='grc' dir='ltr'><strong>αὑτδν</strong></span> <span class='ocrx_word' id='word_1_374' title='bbox 1441 1478 1590 1513; x_wconf 83' lang='grc' dir='ltr'><strong>Περσικαῖς</strong></span> <span class='ocrx_word' id='word_1_375' title='bbox 1615 1477 1798 1514; x_wconf 81' lang='grc' dir='ltr'><strong>κατασπείρει</strong></span> 
     </span>
    </p>
   </div>
   <div class='ocr_carea' id='block_1_56' title="bbox 163 1518 325 1553">
    <p class='ocr_par' dir='ltr' id='par_1_56' title="bbox 163 1518 325 1553">
     <span class='ocr_line' id='line_1_56' title="bbox 163 1518 325 1553; baseline 0.012 -9"><span class='ocrx_word' id='word_1_376' title='bbox 163 1518 325 1553; x_wconf 82' lang='grc' dir='ltr'><strong>δυνάμεσιν.</strong></span> 
     </span>
    </p>
   </div>
   <div class='ocr_carea' id='block_1_57' title="bbox 200 1565 989 1606">
    <p class='ocr_par' dir='ltr' id='par_1_57' title="bbox 200 1565 989 1606">
     <span class='ocr_line' id='line_1_57' title="bbox 200 1565 989 1606; baseline 0.009 -14"><span class='ocrx_word' id='word_1_377' title='bbox 200 1565 277 1599; x_wconf 86' lang='lat' dir='ltr'><strong>Quod</strong></span> <span class='ocrx_word' id='word_1_378' title='bbox 296 1573 349 1593; x_wconf 89' lang='lat' dir='ltr'><strong>non</strong></span> <span class='ocrx_word' id='word_1_379' title='bbox 369 1566 450 1603; x_wconf 83' lang='lat' dir='ltr'><strong>longe</strong></span> <span class='ocrx_word' id='word_1_380' title='bbox 464 1572 526 1602; x_wconf 84' lang='lat' dir='ltr'><strong>post</strong></span> <span class='ocrx_word' id='word_1_381' title='bbox 541 1567 674 1597; x_wconf 88' lang='lat' dir='ltr'><strong>Saramen</strong></span> <span class='ocrx_word' id='word_1_382' title='bbox 688 1570 721 1598; x_wconf 87' lang='lat' dir='ltr'><strong>ad</strong></span> <span class='ocrx_word' id='word_1_383' title='bbox 742 1577 833 1606; x_wconf 82' lang='lat' dir='ltr'><strong>regem</strong></span> <span class='ocrx_word' id='word_1_384' title='bbox 857 1577 951 1598; x_wconf 87' lang='lat' dir='ltr'><strong>aman-</strong></span> <span class='ocrx_word' id='word_1_385' title='bbox 966 1574 989 1603; x_wconf 87' lang='lat' dir='ltr'><strong>c</strong></span> 
     </span>
    </p>
   </div>
   <div class='ocr_carea' id='block_1_58' title="bbox 163 1610 956 1649">
    <p class='ocr_par' dir='ltr' id='par_1_58' title="bbox 163 1610 956 1649">
     <span class='ocr_line' id='line_1_58' title="bbox 163 1610 956 1649; baseline 0.01 -12"><span class='ocrx_word' id='word_1_386' title='bbox 163 1610 239 1639; x_wconf 68' lang='lat' dir='ltr'><strong>nlavit</strong></span> <span class='ocrx_word' id='word_1_387' title='bbox 250 1610 398 1644; x_wconf 84' lang='lat' dir='ltr'><strong>Chosroes,</strong></span> <span class='ocrx_word' id='word_1_388' title='bbox 410 1619 493 1641; x_wconf 86' lang='lat' dir='ltr'><strong>orans</strong></span> <span class='ocrx_word' id='word_1_389' title='bbox 507 1613 655 1649; x_wconf 61' lang='lat' dir='ltr'><strong>Caesarem,</strong></span> <span class='ocrx_word' id='word_1_390' title='bbox 671 1619 701 1643; x_wconf 91' lang='lat' dir='ltr'><strong>ut</strong></span> <span class='ocrx_word' id='word_1_391' title='bbox 724 1615 823 1644; x_wconf 86' lang='lat' dir='ltr'><strong>ducatu</strong></span> <span class='ocrx_word' id='word_1_392' title='bbox 837 1614 956 1644; x_wconf 85' lang='lat' dir='ltr'><strong>Comen-</strong></span> 
     </span>
    </p>
   </div>
   <div class='ocr_carea' id='block_1_59' title="bbox 164 1655 956 1694">
    <p class='ocr_par' dir='ltr' id='par_1_59' title="bbox 164 1655 956 1694">
     <span class='ocr_line' id='line_1_59' title="bbox 164 1655 956 1694; baseline 0.009 -11"><span class='ocrx_word' id='word_1_393' title='bbox 164 1655 259 1684; x_wconf 88' lang='lat' dir='ltr'><strong>tiolum</strong></span> <span class='ocrx_word' id='word_1_394' title='bbox 269 1657 425 1693; x_wconf 86' lang='lat' dir='ltr'><strong>deponeret,</strong></span> <span class='ocrx_word' id='word_1_395' title='bbox 440 1663 470 1686; x_wconf 90' lang='lat' dir='ltr'><strong>ut</strong></span> <span class='ocrx_word' id='word_1_396' title='bbox 485 1659 530 1694; x_wconf 88' lang='lat' dir='ltr'><strong>qui</strong></span> <span class='ocrx_word' id='word_1_397' title='bbox 541 1661 757 1690; x_wconf 84' lang='lat' dir='ltr'><strong>contumeliosus</strong></span> <span class='ocrx_word' id='word_1_398' title='bbox 770 1668 851 1694; x_wconf 84' lang='lat' dir='ltr'><strong>esset.</strong></span> <span class='ocrx_word' id='word_1_399' title='bbox 867 1667 895 1689; x_wconf 90' lang='lat' dir='ltr'><strong>et</strong></span> <span class='ocrx_word' id='word_1_400' title='bbox 905 1662 956 1690; x_wconf 84' lang='lat' dir='ltr'><strong>sub</strong></span> 
     </span>
    </p>
   </div>
   <div class='ocr_carea' id='block_1_60' title="bbox 163 1703 955 1741">
    <p class='ocr_par' dir='ltr' id='par_1_60' title="bbox 163 1703 955 1741">
     <span class='ocr_line' id='line_1_60' title="bbox 163 1703 955 1741; baseline 0.009 -12"><span class='ocrx_word' id='word_1_401' title='bbox 163 1706 298 1737; x_wconf 62' lang='lat' dir='ltr'><strong>praetextu</strong></span> <span class='ocrx_word' id='word_1_402' title='bbox 327 1703 423 1732; x_wconf 79' lang='lat' dir='ltr'><strong>auxilii</strong></span> <span class='ocrx_word' id='word_1_403' title='bbox 453 1703 563 1733; x_wconf 71' lang='lat' dir='ltr'><strong>afferret</strong></span> <span class='ocrx_word' id='word_1_404' title='bbox 591 1705 806 1740; x_wconf 74' lang='lat' dir='ltr'><strong>detrimentum.</strong></span> <span class='ocrx_word' id='word_1_405' title='bbox 838 1715 955 1741; x_wconf 87' lang='lat' dir='ltr'><strong>cumque</strong></span> 
     </span>
    </p>
   </div>
   <div class='ocr_carea' id='block_1_61' title="bbox 164 1748 957 1791">
    <p class='ocr_par' dir='ltr' id='par_1_61' title="bbox 164 1748 957 1791">
     <span class='ocr_line' id='line_1_61' title="bbox 164 1748 957 1791; baseline 0.008 -16"><span class='ocrx_word' id='word_1_406' title='bbox 164 1748 296 1776; x_wconf 82' lang='lat' dir='ltr'><strong>Sarames</strong></span> <span class='ocrx_word' id='word_1_407' title='bbox 316 1750 466 1778; x_wconf 74' lang='lat' dir='ltr'><strong>Secundum</strong></span> <span class='ocrx_word' id='word_1_408' title='bbox 490 1751 664 1791; x_wconf 72' lang='lat' dir='ltr'><strong>quodjustus</strong></span> <span class='ocrx_word' id='word_1_409' title='bbox 679 1757 738 1781; x_wconf 87' lang='lat' dir='ltr'><strong>erat</strong></span> <span class='ocrx_word' id='word_1_410' title='bbox 761 1754 891 1789; x_wconf 83' lang='lat' dir='ltr'><strong>appulsus</strong></span> <span class='ocrx_word' id='word_1_411' title='bbox 905 1753 957 1791; x_wconf 75' lang='lat' dir='ltr'><strong>By-</strong></span> 
     </span>
    </p>
   </div>
   <div class='ocr_carea' id='block_1_62' title="bbox 165 1787 957 1836">
    <p class='ocr_par' dir='ltr' id='par_1_62' title="bbox 165 1787 957 1836">
     <span class='ocr_line' id='line_1_62' title="bbox 165 1787 957 1836; baseline 0.01 -14"><span class='ocrx_word' id='word_1_412' title='bbox 165 1795 306 1830; x_wconf 81' lang='lat' dir='ltr'><strong>aantium,</strong></span> <span class='ocrx_word' id='word_1_413' title='bbox 332 1795 495 1832; x_wconf 84' lang='lat' dir='ltr'><strong>legationem</strong></span> <span class='ocrx_word' id='word_1_414' title='bbox 521 1787 678 1834; x_wconf 61' lang='lat' dir='ltr'><strong>imperatori</strong></span> <span class='ocrx_word' id='word_1_415' title='bbox 703 1787 884 1836; x_wconf 76' lang='lat' dir='ltr'><strong>exposuisset,</strong></span> <span class='ocrx_word' id='word_1_416' title='bbox 904 1787 957 1830; x_wconf 63' lang='lat' dir='ltr'><strong>c2»-</strong></span> 
     </span>
    </p>
   </div>
   <div class='ocr_carea' id='block_1_63' title="bbox 166 1840 955 1879">
    <p class='ocr_par' dir='ltr' id='par_1_63' title="bbox 166 1840 955 1879">
     <span class='ocr_line' id='line_1_63' title="bbox 166 1840 955 1879; baseline 0.008 -11"><span class='ocrx_word' id='word_1_417' title='bbox 166 1840 295 1870; x_wconf 86' lang='lat' dir='ltr'><strong>mentiolo</strong></span> <span class='ocrx_word' id='word_1_418' title='bbox 316 1841 351 1869; x_wconf 91' lang='lat' dir='ltr'><strong>ab</strong></span> <span class='ocrx_word' id='word_1_419' title='bbox 361 1841 449 1871; x_wconf 83' lang='lat' dir='ltr'><strong>oﬂlcio</strong></span> <span class='ocrx_word' id='word_1_420' title='bbox 464 1842 541 1878; x_wconf 69' lang='lat' dir='ltr'><strong>ducis</strong></span> <span class='ocrx_word' id='word_1_421' title='bbox 556 1844 680 1879; x_wconf 84' lang='lat' dir='ltr'><strong>deposito</strong></span> <span class='ocrx_word' id='word_1_422' title='bbox 693 1845 795 1873; x_wconf 83' lang='lat' dir='ltr'><strong>aditum</strong></span> <span class='ocrx_word' id='word_1_423' title='bbox 814 1845 841 1873; x_wconf 89' lang='lat' dir='ltr'><strong>in</strong></span> <span class='ocrx_word' id='word_1_424' title='bbox 863 1845 955 1874; x_wconf 85' lang='lat' dir='ltr'><strong>Persi-</strong></span> 
     </span>
    </p>
   </div>
   <div class='ocr_carea' id='block_1_64' title="bbox 163 1887 957 1927">
    <p class='ocr_par' dir='ltr' id='par_1_64' title="bbox 163 1887 957 1927">
     <span class='ocr_line' id='line_1_64' title="bbox 163 1887 957 1927; baseline 0.008 -12"><span class='ocrx_word' id='word_1_425' title='bbox 163 1887 227 1916; x_wconf 85' lang='lat' dir='ltr'><strong>dem</strong></span> <span class='ocrx_word' id='word_1_426' title='bbox 254 1888 357 1916; x_wconf 83' lang='lat' dir='ltr'><strong>ademit</strong></span> <span class='ocrx_word' id='word_1_427' title='bbox 382 1889 541 1924; x_wconf 85' lang='lat' dir='ltr'><strong>imperator,</strong></span> <span class='ocrx_word' id='word_1_428' title='bbox 564 1889 710 1924; x_wconf 81' lang='lat' dir='ltr'><strong>Narsique,</strong></span> <span class='ocrx_word' id='word_1_429' title='bbox 735 1892 781 1927; x_wconf 90' lang='lat' dir='ltr'><strong>qui</strong></span> <span class='ocrx_word' id='word_1_430' title='bbox 805 1892 882 1920; x_wconf 87' lang='lat' dir='ltr'><strong>ducis</strong></span> <span class='ocrx_word' id='word_1_431' title='bbox 897 1898 957 1921; x_wconf 88' lang='lat' dir='ltr'><strong>erat</strong></span> 
     </span>
    </p>
   </div>
   <div class='ocr_carea' id='block_1_65' title="bbox 166 1934 957 1970">
    <p class='ocr_par' dir='ltr' id='par_1_65' title="bbox 166 1934 957 1970">
     <span class='ocr_line' id='line_1_65' title="bbox 166 1934 957 1970; baseline 0.005 -7"><span class='ocrx_word' id='word_1_432' title='bbox 166 1934 296 1970; x_wconf 84' lang='lat' dir='ltr'><strong>armiger,</strong></span> <span class='ocrx_word' id='word_1_433' title='bbox 312 1934 439 1963; x_wconf 80' lang='lat' dir='ltr'><strong>ducatum</strong></span> <span class='ocrx_word' id='word_1_434' title='bbox 456 1936 541 1964; x_wconf 87' lang='lat' dir='ltr'><strong>dedit.</strong></span> <span class='ocrx_word' id='word_1_435' title='bbox 562 1935 644 1965; x_wconf 77' lang='lat' dir='ltr'><strong>Sexta</strong></span> <span class='ocrx_word' id='word_1_436' title='bbox 665 1945 731 1966; x_wconf 88' lang='lat' dir='ltr'><strong>vero</strong></span> <span class='ocrx_word' id='word_1_437' title='bbox 752 1938 795 1967; x_wconf 91' lang='lat' dir='ltr'><strong>die</strong></span> <span class='ocrx_word' id='word_1_438' title='bbox 809 1937 957 1967; x_wconf 73' lang='lat' dir='ltr'><strong>Mauricius</strong></span> 
     </span>
    </p>
   </div>
   <div class='ocr_carea' id='block_1_66' title="bbox 164 1981 955 2020">
    <p class='ocr_par' dir='ltr' id='par_1_66' title="bbox 164 1981 955 2020">
     <span class='ocr_line' id='line_1_66' title="bbox 164 1981 955 2020; baseline 0.004 -12"><span class='ocrx_word' id='word_1_439' title='bbox 164 1981 304 2017; x_wconf 86' lang='lat' dir='ltr'><strong>cingulum</strong></span> <span class='ocrx_word' id='word_1_440' title='bbox 323 1981 495 2017; x_wconf 81' lang='lat' dir='ltr'><strong>variegatum</strong></span> <span class='ocrx_word' id='word_1_441' title='bbox 512 1983 641 2018; x_wconf 83' lang='lat' dir='ltr'><strong>gemmis,</strong></span> <span class='ocrx_word' id='word_1_442' title='bbox 668 1989 696 2012; x_wconf 91' lang='lat' dir='ltr'><strong>et</strong></span> <span class='ocrx_word' id='word_1_443' title='bbox 722 1984 822 2012; x_wconf 82' lang='lat' dir='ltr'><strong>tiaram</strong></span> <span class='ocrx_word' id='word_1_444' title='bbox 840 1986 955 2020; x_wconf 80' lang='lat' dir='ltr'><strong>regiam,</strong></span> 
     </span>
    </p>
   </div>
   <div class='ocr_carea' id='block_1_67' title="bbox 165 2026 957 2063">
    <p class='ocr_par' dir='ltr' id='par_1_67' title="bbox 165 2026 957 2063">
     <span class='ocr_line' id='line_1_67' title="bbox 165 2026 957 2063; baseline 0.004 -8"><span class='ocrx_word' id='word_1_445' title='bbox 165 2026 345 2063; x_wconf 86' lang='lat' dir='ltr'><strong>lectulosque.</strong></span> <span class='ocrx_word' id='word_1_446' title='bbox 360 2033 388 2056; x_wconf 90' lang='lat' dir='ltr'><strong>et</strong></span> <span class='ocrx_word' id='word_1_447' title='bbox 402 2035 511 2056; x_wconf 83' lang='lat' dir='ltr'><strong>mensas</strong></span> <span class='ocrx_word' id='word_1_448' title='bbox 525 2036 623 2058; x_wconf 82' lang='lat' dir='ltr'><strong>aureas</strong></span> <span class='ocrx_word' id='word_1_449' title='bbox 633 2029 720 2058; x_wconf 73' lang='lat' dir='ltr'><strong>Duras</strong></span> <span class='ocrx_word' id='word_1_450' title='bbox 735 2030 809 2058; x_wconf 87' lang='lat' dir='ltr'><strong>misit</strong></span> <span class='ocrx_word' id='word_1_451' title='bbox 824 2030 858 2058; x_wconf 89' lang='lat' dir='ltr'><strong>ad</strong></span> <span class='ocrx_word' id='word_1_452' title='bbox 871 2030 957 2059; x_wconf 86' lang='lat' dir='ltr'><strong>Chos-</strong></span> 
     </span>
    </p>
   </div>
   <div class='ocr_carea' id='block_1_68' title="bbox 164 2074 956 2112">
    <p class='ocr_par' dir='ltr' id='par_1_68' title="bbox 164 2074 956 2112">
     <span class='ocr_line' id='line_1_68' title="bbox 164 2074 956 2112; baseline 0.004 -10"><span class='ocrx_word' id='word_1_453' title='bbox 164 2081 245 2108; x_wconf 83' lang='lat' dir='ltr'><strong>roen,</strong></span> <span class='ocrx_word' id='word_1_454' title='bbox 271 2074 403 2103; x_wconf 83' lang='lat' dir='ltr'><strong>instructa</strong></span> <span class='ocrx_word' id='word_1_455' title='bbox 430 2074 457 2105; x_wconf 77' lang='lat' dir='ltr'><strong>in</strong></span> <span class='ocrx_word' id='word_1_456' title='bbox 480 2074 566 2110; x_wconf 77' lang='lat' dir='ltr'><strong>ipsius</strong></span> <span class='ocrx_word' id='word_1_457' title='bbox 579 2076 695 2111; x_wconf 86' lang='lat' dir='ltr'><strong>gratiam</strong></span> <span class='ocrx_word' id='word_1_458' title='bbox 713 2076 787 2112; x_wconf 88' lang='lat' dir='ltr'><strong>regia</strong></span> <span class='ocrx_word' id='word_1_459' title='bbox 809 2083 907 2112; x_wconf 81' lang='lat' dir='ltr'><strong>pompa</strong></span> <span class='ocrx_word' id='word_1_460' title='bbox 920 2085 956 2105; x_wconf 75' lang='lat' dir='ltr'><strong>ex</strong></span> 
     </span>
    </p>
   </div>
   <div class='ocr_carea' id='block_1_69' title="bbox 164 2119 955 2157">
    <p class='ocr_par' dir='ltr' id='par_1_69' title="bbox 164 2119 955 2157">
     <span class='ocr_line' id='line_1_69' title="bbox 164 2119 955 2157; baseline 0.004 -9"><span class='ocrx_word' id='word_1_461' title='bbox 164 2120 222 2149; x_wconf 83' lang='lat' dir='ltr'><strong>suis</strong></span> <span class='ocrx_word' id='word_1_462' title='bbox 245 2119 419 2156; x_wconf 75' lang='lat' dir='ltr'><strong>doryphoris.</strong></span> <span class='ocrx_word' id='word_1_463' title='bbox 434 2121 577 2157; x_wconf 75' lang='lat' dir='ltr'><strong>magniﬁce</strong></span> <span class='ocrx_word' id='word_1_464' title='bbox 600 2122 722 2156; x_wconf 79' lang='lat' dir='ltr'><strong>donavit,</strong></span> <span class='ocrx_word' id='word_1_465' title='bbox 741 2127 769 2150; x_wconf 93' lang='lat' dir='ltr'><strong>ut</strong></span> <span class='ocrx_word' id='word_1_466' title='bbox 785 2130 820 2150; x_wconf 91' lang='lat' dir='ltr'><strong>ne</strong></span> <span class='ocrx_word' id='word_1_467' title='bbox 837 2123 955 2151; x_wconf 84' lang='lat' dir='ltr'><strong>destitu-</strong></span> 
     </span>
    </p>
   </div>
   <div class='ocr_carea' id='block_1_70' title="bbox 164 2165 955 2203">
    <p class='ocr_par' dir='ltr' id='par_1_70' title="bbox 164 2165 955 2203">
     <span class='ocr_line' id='line_1_70' title="bbox 164 2165 955 2203; baseline 0.003 -10"><span class='ocrx_word' id='word_1_468' title='bbox 164 2171 222 2194; x_wconf 91' lang='lat' dir='ltr'><strong>tum</strong></span> <span class='ocrx_word' id='word_1_469' title='bbox 240 2170 370 2201; x_wconf 81' lang='lat' dir='ltr'><strong>apparatu</strong></span> <span class='ocrx_word' id='word_1_470' title='bbox 393 2166 469 2203; x_wconf 86' lang='lat' dir='ltr'><strong>regio</strong></span> <span class='ocrx_word' id='word_1_471' title='bbox 485 2165 602 2195; x_wconf 73' lang='lat' dir='ltr'><strong>Romani</strong></span> <span class='ocrx_word' id='word_1_472' title='bbox 615 2166 761 2202; x_wconf 66' lang='lat' dir='ltr'><strong>Persaeque</strong></span> <span class='ocrx_word' id='word_1_473' title='bbox 777 2174 955 2202; x_wconf 71' lang='lat' dir='ltr'><strong>aspernareno</strong></span> 
     </span>
    </p>
   </div>
   <div class='ocr_carea' id='block_1_71' title="bbox 165 2210 954 2247">
    <p class='ocr_par' dir='ltr' id='par_1_71' title="bbox 165 2210 954 2247">
     <span class='ocr_line' id='line_1_71' title="bbox 165 2210 954 2247; baseline 0.001 -9"><span class='ocrx_word' id='word_1_474' title='bbox 165 2215 219 2239; x_wconf 89' lang='lat' dir='ltr'><strong>tur.</strong></span> <span class='ocrx_word' id='word_1_475' title='bbox 237 2210 352 2240; x_wconf 88' lang='lat' dir='ltr'><strong>Cinctus</strong></span> <span class='ocrx_word' id='word_1_476' title='bbox 368 2216 410 2240; x_wconf 90' lang='lat' dir='ltr'><strong>est</strong></span> <span class='ocrx_word' id='word_1_477' title='bbox 428 2211 510 2247; x_wconf 84' lang='lat' dir='ltr'><strong>igitur</strong></span> <span class='ocrx_word' id='word_1_478' title='bbox 524 2211 660 2240; x_wconf 87' lang='lat' dir='ltr'><strong>Chosroes</strong></span> <span class='ocrx_word' id='word_1_479' title='bbox 683 2211 804 2247; x_wconf 84' lang='lat' dir='ltr'><strong>undique</strong></span> <span class='ocrx_word' id='word_1_480' title='bbox 824 2211 954 2240; x_wconf 79' lang='lat' dir='ltr'><strong>satellitio</strong></span> 
     </span>
    </p>
   </div>
   <div class='ocr_carea' id='block_1_72' title="bbox 1041 1565 1800 1606">
    <p class='ocr_par' dir='ltr' id='par_1_72' title="bbox 1041 1565 1800 1606">
     <span class='ocr_line' id='line_1_72' title="bbox 1041 1565 1800 1606; baseline -0.003 -8"><span class='ocrx_word' id='word_1_481' title='bbox 1041 1571 1104 1598; x_wconf 79' lang='grc' dir='ltr'><strong>Ὀτι</strong></span> <span class='ocrx_word' id='word_1_482' title='bbox 1132 1570 1192 1605; x_wconf 80' lang='grc' dir='ltr'><strong>μετ’</strong></span> <span class='ocrx_word' id='word_1_483' title='bbox 1212 1570 1242 1597; x_wconf 85' lang='grc' dir='ltr'><strong>οὒ</strong></span> <span class='ocrx_word' id='word_1_484' title='bbox 1268 1570 1336 1597; x_wconf 77' lang='grc' dir='ltr'><strong>πολὺ</strong></span> <span class='ocrx_word' id='word_1_485' title='bbox 1358 1569 1398 1605; x_wconf 83' lang='grc' dir='ltr'><strong>τῷ</strong></span> <span class='ocrx_word' id='word_1_486' title='bbox 1415 1565 1530 1606; x_wconf 78' lang='grc' dir='ltr'><strong>Σαράμῃ</strong></span> <span class='ocrx_word' id='word_1_487' title='bbox 1558 1569 1588 1602; x_wconf 69' lang='grc' dir='ltr'><strong>ις</strong></span> <span class='ocrx_word' id='word_1_488' title='bbox 1612 1568 1725 1604; x_wconf 78' lang='grc' dir='ltr'><strong>βασιλέα</strong></span> <span class='ocrx_word' id='word_1_489' title='bbox 1750 1577 1800 1603; x_wconf 74' lang='grc' dir='ltr'><strong>γε-</strong></span> 
     </span>
    </p>
   </div>
   <div class='ocr_carea' id='block_1_73' title="bbox 1006 1615 1798 1652">
    <p class='ocr_par' dir='ltr' id='par_1_73' title="bbox 1006 1615 1798 1652">
     <span class='ocr_line' id='line_1_73' title="bbox 1006 1615 1798 1652; baseline -0.001 -9"><span class='ocrx_word' id='word_1_490' title='bbox 1006 1616 1101 1644; x_wconf 79' lang='grc' dir='ltr'><strong>νέσθαι</strong></span> <span class='ocrx_word' id='word_1_491' title='bbox 1120 1616 1246 1652; x_wconf 83' lang='grc' dir='ltr'><strong>Χοσρόης</strong></span> <span class='ocrx_word' id='word_1_492' title='bbox 1261 1615 1439 1651; x_wconf 76' lang='grc' dir='ltr'><strong>προσέταττε,</strong></span> <span class='ocrx_word' id='word_1_493' title='bbox 1464 1615 1652 1643; x_wconf 78' lang='grc' dir='ltr'><strong>καθικετεύων</strong></span> <span class='ocrx_word' id='word_1_494' title='bbox 1667 1616 1714 1642; x_wconf 87' lang='grc' dir='ltr'><strong>τδν</strong></span> <span class='ocrx_word' id='word_1_495' title='bbox 1728 1615 1798 1643; x_wconf 81' lang='grc' dir='ltr'><strong>Καί-</strong></span> 
     </span>
    </p>
   </div>
   <div class='ocr_carea' id='block_1_74' title="bbox 1007 1661 1798 1698">
    <p class='ocr_par' dir='ltr' id='par_1_74' title="bbox 1007 1661 1798 1698">
     <span class='ocr_line' id='line_1_74' title="bbox 1007 1661 1798 1698; baseline -0.003 -8"><span class='ocrx_word' id='word_1_496' title='bbox 1007 1672 1089 1698; x_wconf 75' lang='grc' dir='ltr'><strong>σαρα,</strong></span> <span class='ocrx_word' id='word_1_497' title='bbox 1118 1662 1302 1698; x_wconf 79' lang='grc' dir='ltr'><strong>Κομεντίολον</strong></span> <span class='ocrx_word' id='word_1_498' title='bbox 1329 1661 1380 1697; x_wconf 79' lang='grc' dir='ltr'><strong>τῆς</strong></span> <span class='ocrx_word' id='word_1_499' title='bbox 1410 1662 1598 1697; x_wconf 82' lang='grc' dir='ltr'><strong>στρατηγικῆς</strong></span> <span class='ocrx_word' id='word_1_500' title='bbox 1624 1662 1798 1693; x_wconf 64' lang='lat' dir='ltr'><strong>diros-racia;</strong></span> 
     </span>
    </p>
   </div>
   <div class='ocr_carea' id='block_1_75' title="bbox 1005 1704 1797 1743">
    <p class='ocr_par' dir='ltr' id='par_1_75' title="bbox 1005 1704 1797 1743">
     <span class='ocr_line' id='line_1_75' title="bbox 1005 1704 1797 1743; baseline -0.001 -8"><span class='ocrx_word' id='word_1_501' title='bbox 1005 1707 1154 1735; x_wconf 71' lang='grc' dir='ltr'><strong>ἀποϐαλεῖν</strong></span> <span class='ocrx_word' id='word_1_502' title='bbox 1164 1715 1172 1723; x_wconf 87' lang='grc'><strong>·</strong></span> <span class='ocrx_word' id='word_1_503' title='bbox 1188 1707 1226 1740; x_wconf 87' lang='grc' dir='ltr'><strong>ὡς</strong></span> <span class='ocrx_word' id='word_1_504' title='bbox 1238 1704 1282 1734; x_wconf 70' lang='grc' dir='ltr'><strong>οἶα</strong></span> <span class='ocrx_word' id='word_1_505' title='bbox 1296 1707 1330 1743; x_wconf 82' lang='grc' dir='ltr'><strong>δὴ</strong></span> <span class='ocrx_word' id='word_1_506' title='bbox 1349 1706 1403 1734; x_wconf 77' lang='grc' dir='ltr'><strong>ὑπὸ</strong></span> <span class='ocrx_word' id='word_1_507' title='bbox 1417 1706 1601 1742; x_wconf 80' lang='grc' dir='ltr'><strong>Κομιντιόλου</strong></span> <span class='ocrx_word' id='word_1_508' title='bbox 1624 1707 1797 1743; x_wconf 82' lang='grc' dir='ltr'><strong>προπηλακι-</strong></span> 
     </span>
    </p>
   </div>
   <div class='ocr_carea' id='block_1_76' title="bbox 1006 1752 1798 1789">
    <p class='ocr_par' dir='ltr' id='par_1_76' title="bbox 1006 1752 1798 1789">
     <span class='ocr_line' id='line_1_76' title="bbox 1006 1752 1798 1789; baseline -0.001 -9"><span class='ocrx_word' id='word_1_509' title='bbox 1006 1753 1132 1789; x_wconf 77' lang='grc' dir='ltr'><strong>ζομένου,</strong></span> <span class='ocrx_word' id='word_1_510' title='bbox 1143 1753 1191 1780; x_wconf 78' lang='grc' dir='ltr'><strong>καὶ</strong></span> <span class='ocrx_word' id='word_1_511' title='bbox 1204 1754 1264 1784; x_wconf 65' lang='grc' dir='ltr'><strong>παῖς</strong></span> <span class='ocrx_word' id='word_1_512' title='bbox 1275 1752 1420 1784; x_wconf 71' lang='grc' dir='ltr'><strong>ἀναϐολαῖς</strong></span> <span class='ocrx_word' id='word_1_513' title='bbox 1429 1752 1479 1788; x_wconf 77' lang='grc' dir='ltr'><strong>τῆς</strong></span> <span class='ocrx_word' id='word_1_514' title='bbox 1490 1752 1652 1788; x_wconf 74' lang='grc' dir='ltr'><strong>ιπικουρίας</strong></span> <span class='ocrx_word' id='word_1_515' title='bbox 1665 1752 1798 1787; x_wconf 76' lang='grc' dir='ltr'><strong>ὑποφθεὶ-</strong></span> 
     </span>
    </p>
   </div>
   <div class='ocr_carea' id='block_1_77' title="bbox 1008 1796 1798 1835">
    <p class='ocr_par' dir='ltr' id='par_1_77' title="bbox 1008 1796 1798 1835">
     <span class='ocr_line' id='line_1_77' title="bbox 1008 1796 1798 1835; baseline -0.003 -9"><span class='ocrx_word' id='word_1_516' title='bbox 1008 1807 1112 1835; x_wconf 85' lang='grc' dir='ltr'><strong>ροντος.</strong></span> <span class='ocrx_word' id='word_1_517' title='bbox 1129 1799 1159 1825; x_wconf 92' lang='grc'><strong>’0</strong></span> <span class='ocrx_word' id='word_1_518' title='bbox 1174 1798 1266 1826; x_wconf 85' lang='grc' dir='ltr'><strong>τοίνυν</strong></span> <span class='ocrx_word' id='word_1_519' title='bbox 1279 1798 1412 1834; x_wconf 80' lang='grc' dir='ltr'><strong>Σαράμης</strong></span> <span class='ocrx_word' id='word_1_520' title='bbox 1424 1796 1497 1825; x_wconf 81' lang='grc' dir='ltr'><strong>κατὰ</strong></span> <span class='ocrx_word' id='word_1_521' title='bbox 1507 1797 1539 1824; x_wconf 85' lang='grc' dir='ltr'><strong>τδ</strong></span> <span class='ocrx_word' id='word_1_522' title='bbox 1555 1797 1798 1833; x_wconf 78' lang='grc' dir='ltr'><strong>προστεταγμένον</strong></span> 
     </span>
    </p>
   </div>
   <div class='ocr_carea' id='block_1_78' title="bbox 1006 1843 1797 1880">
    <p class='ocr_par' dir='ltr' id='par_1_78' title="bbox 1006 1843 1797 1880">
     <span class='ocr_line' id='line_1_78' title="bbox 1006 1843 1797 1880; baseline -0.003 -8"><span class='ocrx_word' id='word_1_523' title='bbox 1006 1844 1081 1879; x_wconf 87' lang='grc' dir='ltr'><strong>αὐτῷ</strong></span> <span class='ocrx_word' id='word_1_524' title='bbox 1097 1845 1126 1876; x_wconf 74' lang='grc' dir='ltr'><strong>ἐς</strong></span> <span class='ocrx_word' id='word_1_525' title='bbox 1145 1844 1292 1878; x_wconf 78' lang='grc' dir='ltr'><strong>Βυζάντιον</strong></span> <span class='ocrx_word' id='word_1_526' title='bbox 1317 1844 1487 1878; x_wconf 74' lang='grc' dir='ltr'><strong>ἀφικνεῖται,</strong></span> <span class='ocrx_word' id='word_1_527' title='bbox 1509 1843 1562 1879; x_wconf 83' lang='grc' dir='ltr'><strong>τήν</strong></span> <span class='ocrx_word' id='word_1_528' title='bbox 1590 1851 1621 1871; x_wconf 79' lang='grc' dir='ltr'><strong>τε</strong></span> <span class='ocrx_word' id='word_1_529' title='bbox 1646 1843 1797 1880; x_wconf 70' lang='grc' dir='ltr'><strong>πρεσϐείαν</strong></span> 
     </span>
    </p>
   </div>
   <div class='ocr_carea' id='block_1_79' title="bbox 1005 1889 1798 1926">
    <p class='ocr_par' dir='ltr' id='par_1_79' title="bbox 1005 1889 1798 1926">
     <span class='ocr_line' id='line_1_79' title="bbox 1005 1889 1798 1926; baseline -0.001 -8"><span class='ocrx_word' id='word_1_530' title='bbox 1005 1891 1129 1926; x_wconf 78' lang='grc' dir='ltr'><strong>διεξῆλθε</strong></span> <span class='ocrx_word' id='word_1_531' title='bbox 1147 1891 1187 1926; x_wconf 86' lang='grc' dir='ltr'><strong>τῷ</strong></span> <span class='ocrx_word' id='word_1_532' title='bbox 1199 1890 1394 1926; x_wconf 78' lang='grc' dir='ltr'><strong>αὐτοκράτορι.</strong></span> <span class='ocrx_word' id='word_1_533' title='bbox 1411 1890 1468 1918; x_wconf 71' lang='grc' dir='ltr'><strong>Καὶ</strong></span> <span class='ocrx_word' id='word_1_534' title='bbox 1480 1890 1528 1917; x_wconf 79' lang='grc' dir='ltr'><strong>οὖν</strong></span> <span class='ocrx_word' id='word_1_535' title='bbox 1548 1890 1563 1917; x_wconf 84' lang='grc' dir='ltr'><strong>δ</strong></span> <span class='ocrx_word' id='word_1_536' title='bbox 1578 1889 1707 1926; x_wconf 78' lang='grc' dir='ltr'><strong>βασιλεὺς</strong></span> <span class='ocrx_word' id='word_1_537' title='bbox 1728 1891 1798 1917; x_wconf 80' lang='grc' dir='ltr'><strong>ἀπο-</strong></span> 
     </span>
    </p>
   </div>
   <div class='ocr_carea' id='block_1_80' title="bbox 1007 1936 1799 1973">
    <p class='ocr_par' dir='ltr' id='par_1_80' title="bbox 1007 1936 1799 1973">
     <span class='ocr_line' id='line_1_80' title="bbox 1007 1936 1799 1973; baseline -0.003 -9"><span class='ocrx_word' id='word_1_538' title='bbox 1007 1938 1159 1973; x_wconf 82' lang='grc' dir='ltr'><strong>στράτηγον</strong></span> <span class='ocrx_word' id='word_1_539' title='bbox 1182 1937 1232 1973; x_wconf 86' lang='grc' dir='ltr'><strong>τῆς</strong></span> <span class='ocrx_word' id='word_1_540' title='bbox 1244 1938 1292 1964; x_wconf 64' lang='grc' dir='ltr'><strong>ἐπὶ</strong></span> <span class='ocrx_word' id='word_1_541' title='bbox 1321 1937 1440 1972; x_wconf 85' lang='grc' dir='ltr'><strong>Περσίδα</strong></span> <span class='ocrx_word' id='word_1_542' title='bbox 1470 1936 1586 1964; x_wconf 59' lang='grc' dir='ltr'><strong>καθόδου</strong></span> <span class='ocrx_word' id='word_1_543' title='bbox 1614 1936 1799 1972; x_wconf 69' lang='grc' dir='ltr'><strong>Κομεντίολον</strong></span> 
     </span>
    </p>
   </div>
   <div class='ocr_carea' id='block_1_81' title="bbox 1007 1982 1797 2019">
    <p class='ocr_par' dir='ltr' id='par_1_81' title="bbox 1007 1982 1797 2019">
     <span class='ocr_line' id='line_1_81' title="bbox 1007 1982 1797 2019; baseline -0.001 -8"><span class='ocrx_word' id='word_1_544' title='bbox 1007 1984 1204 2019; x_wconf 83' lang='grc' dir='ltr'><strong>ποιησάμενος.</strong></span> <span class='ocrx_word' id='word_1_545' title='bbox 1219 1983 1327 2019; x_wconf 78' lang='grc' dir='ltr'><strong>Ναρσῇ,</strong></span> <span class='ocrx_word' id='word_1_546' title='bbox 1344 1983 1374 2015; x_wconf 84' lang='grc' dir='ltr'><strong>ὃς</strong></span> <span class='ocrx_word' id='word_1_547' title='bbox 1391 1982 1438 2010; x_wconf 83' lang='grc' dir='ltr'><strong>τοῦ</strong></span> <span class='ocrx_word' id='word_1_548' title='bbox 1450 1983 1604 2019; x_wconf 83' lang='grc' dir='ltr'><strong>στρατηγοῦ</strong></span> <span class='ocrx_word' id='word_1_549' title='bbox 1621 1983 1797 2018; x_wconf 76' lang='grc' dir='ltr'><strong>ὑπασπιστὴς</strong></span> 
     </span>
    </p>
   </div>
   <div class='ocr_carea' id='block_1_82' title="bbox 990 2028 1800 2065">
    <p class='ocr_par' dir='ltr' id='par_1_82' title="bbox 990 2028 1800 2065">
     <span class='ocr_line' id='line_1_82' title="bbox 990 2028 1800 2065; baseline -0.001 -9"><span class='ocrx_word' id='word_1_550' title='bbox 990 2029 1157 2065; x_wconf 75' lang='grc' dir='ltr'><strong>ιὲτύγχανεν</strong></span> <span class='ocrx_word' id='word_1_551' title='bbox 1184 2029 1234 2062; x_wconf 79' lang='grc' dir='ltr'><strong>ὢν,</strong></span> <span class='ocrx_word' id='word_1_552' title='bbox 1250 2029 1300 2065; x_wconf 81' lang='grc' dir='ltr'><strong>τὴν</strong></span> <span class='ocrx_word' id='word_1_553' title='bbox 1325 2029 1477 2065; x_wconf 80' lang='grc' dir='ltr'><strong>ἠγεμονίαν</strong></span> <span class='ocrx_word' id='word_1_554' title='bbox 1499 2029 1646 2065; x_wconf 66' lang='grc' dir='ltr'><strong>ἐντίθησιν.</strong></span> <span class='ocrx_word' id='word_1_555' title='bbox 1665 2029 1752 2065; x_wconf 83' lang='grc' dir='ltr'><strong>Ἐκτῃ</strong></span> <span class='ocrx_word' id='word_1_556' title='bbox 1775 2028 1800 2055; x_wconf 72' lang='grc' dir='ltr'><strong>δ’</strong></span> 
     </span>
    </p>
   </div>
   <div class='ocr_carea' id='block_1_83' title="bbox 1005 2074 1798 2112">
    <p class='ocr_par' dir='ltr' id='par_1_83' title="bbox 1005 2074 1798 2112">
     <span class='ocr_line' id='line_1_83' title="bbox 1005 2074 1798 2112; baseline 0 -11"><span class='ocrx_word' id='word_1_557' title='bbox 1005 2075 1111 2112; x_wconf 68' lang='grc' dir='ltr'><strong>ἡμέρᾳ,</strong></span> <span class='ocrx_word' id='word_1_558' title='bbox 1132 2075 1206 2102; x_wconf 81' lang='grc' dir='ltr'><strong>καὶό</strong></span> <span class='ocrx_word' id='word_1_559' title='bbox 1233 2074 1385 2110; x_wconf 80' lang='grc' dir='ltr'><strong>Μαυρίκιος</strong></span> <span class='ocrx_word' id='word_1_560' title='bbox 1406 2074 1597 2110; x_wconf 82' lang='grc' dir='ltr'><strong>λιθοκόλλητον</strong></span> <span class='ocrx_word' id='word_1_561' title='bbox 1620 2074 1723 2110; x_wconf 80' lang='grc' dir='ltr'><strong>ζώνην,</strong></span> <span class='ocrx_word' id='word_1_562' title='bbox 1749 2075 1798 2102; x_wconf 76' lang='grc' dir='ltr'><strong>καὶ</strong></span> 
     </span>
    </p>
   </div>
   <div class='ocr_carea' id='block_1_84' title="bbox 1005 2115 1798 2156">
    <p class='ocr_par' dir='ltr' id='par_1_84' title="bbox 1005 2115 1798 2156">
     <span class='ocr_line' id='line_1_84' title="bbox 1005 2115 1798 2156; baseline -0.003 -8"><span class='ocrx_word' id='word_1_563' title='bbox 1005 2120 1104 2156; x_wconf 85' lang='grc' dir='ltr'><strong>τιάραν</strong></span> <span class='ocrx_word' id='word_1_564' title='bbox 1118 2119 1274 2156; x_wconf 76' lang='grc' dir='ltr'><strong>βασιλικὴν,</strong></span> <span class='ocrx_word' id='word_1_565' title='bbox 1297 2115 1394 2152; x_wconf 78' lang='grc' dir='ltr'><strong>κλίνας</strong></span> <span class='ocrx_word' id='word_1_566' title='bbox 1417 2128 1449 2146; x_wconf 86' lang='grc' dir='ltr'><strong>τε</strong></span> <span class='ocrx_word' id='word_1_567' title='bbox 1465 2119 1513 2146; x_wconf 77' lang='grc' dir='ltr'><strong>καὶ</strong></span> <span class='ocrx_word' id='word_1_568' title='bbox 1532 2119 1674 2153; x_wconf 73' lang='grc' dir='ltr'><strong>τραπέζας</strong></span> <span class='ocrx_word' id='word_1_569' title='bbox 1690 2120 1798 2155; x_wconf 77' lang='grc' dir='ltr'><strong>χρυσᾶς</strong></span> 
     </span>
    </p>
   </div>
   <div class='ocr_carea' id='block_1_85' title="bbox 1006 2167 1797 2204">
    <p class='ocr_par' dir='ltr' id='par_1_85' title="bbox 1006 2167 1797 2204">
     <span class='ocr_line' id='line_1_85' title="bbox 1006 2167 1797 2204; baseline 0.001 -10"><span class='ocrx_word' id='word_1_570' title='bbox 1006 2167 1036 2200; x_wconf 72' lang='grc' dir='ltr'><strong>ἐς</strong></span> <span class='ocrx_word' id='word_1_571' title='bbox 1046 2169 1077 2195; x_wconf 83' lang='grc' dir='ltr'><strong>τδ</strong></span> <span class='ocrx_word' id='word_1_572' title='bbox 1090 2167 1181 2203; x_wconf 85' lang='grc' dir='ltr'><strong>Δάρας</strong></span> <span class='ocrx_word' id='word_1_573' title='bbox 1194 2167 1235 2204; x_wconf 79' lang='grc' dir='ltr'><strong>τῷ</strong></span> <span class='ocrx_word' id='word_1_574' title='bbox 1249 2167 1359 2204; x_wconf 81' lang='grc' dir='ltr'><strong>Χοσρόῃ</strong></span> <span class='ocrx_word' id='word_1_575' title='bbox 1372 2167 1539 2194; x_wconf 69' lang='grc' dir='ltr'><strong>ἀπέστελλεν</strong></span> <span class='ocrx_word' id='word_1_576' title='bbox 1550 2174 1558 2183; x_wconf 79' lang='grc'><strong><em>³</em></strong></span> <span class='ocrx_word' id='word_1_577' title='bbox 1575 2168 1688 2203; x_wconf 87' lang='grc' dir='ltr'><strong>πομπήν</strong></span> <span class='ocrx_word' id='word_1_578' title='bbox 1701 2176 1732 2194; x_wconf 87' lang='grc' dir='ltr'><strong>τε</strong></span> <span class='ocrx_word' id='word_1_579' title='bbox 1750 2167 1797 2202; x_wconf 84' lang='grc' dir='ltr'><strong>βα-</strong></span> 
     </span>
    </p>
   </div>
   <div class='ocr_carea' id='block_1_86' title="bbox 1007 2211 1799 2249">
    <p class='ocr_par' dir='ltr' id='par_1_86' title="bbox 1007 2211 1799 2249">
     <span class='ocr_line' id='line_1_86' title="bbox 1007 2211 1799 2249; baseline -0.001 -9"><span class='ocrx_word' id='word_1_580' title='bbox 1007 2213 1109 2240; x_wconf 83' lang='grc' dir='ltr'><strong>σίλειον</strong></span> <span class='ocrx_word' id='word_1_581' title='bbox 1128 2211 1204 2249; x_wconf 79' lang='grc' dir='ltr'><strong>αὑτῷ</strong></span> <span class='ocrx_word' id='word_1_582' title='bbox 1231 2211 1392 2248; x_wconf 81' lang='grc' dir='ltr'><strong>συγκροτῶν</strong></span> <span class='ocrx_word' id='word_1_583' title='bbox 1409 2213 1442 2240; x_wconf 89' lang='grc' dir='ltr'><strong>ὲκ</strong></span> <span class='ocrx_word' id='word_1_584' title='bbox 1466 2212 1520 2239; x_wconf 86' lang='grc' dir='ltr'><strong>τῶν</strong></span> <span class='ocrx_word' id='word_1_585' title='bbox 1535 2213 1602 2248; x_wconf 84' lang='grc' dir='ltr'><strong>παρ’</strong></span> <span class='ocrx_word' id='word_1_586' title='bbox 1626 2212 1702 2248; x_wconf 82' lang='grc' dir='ltr'><strong>αὐτῷ</strong></span> <span class='ocrx_word' id='word_1_587' title='bbox 1719 2213 1799 2248; x_wconf 87' lang='grc' dir='ltr'><strong>δορυ-</strong></span> 
     </span>
    </p>
   </div>
   <div class='ocr_carea' id='block_1_87' title="bbox 162 2248 956 2302">
    <p class='ocr_par' dir='ltr' id='par_1_87' title="bbox 162 2254 953 2302">
     <span class='ocr_line' id='line_1_87' title="bbox 162 2254 953 2302; baseline 0 -16"><span class='ocrx_word' id='word_1_588' title='bbox 162 2258 252 2294; x_wconf 84' lang='lat' dir='ltr'><strong>regio,</strong></span> <span class='ocrx_word' id='word_1_589' title='bbox 270 2261 373 2302; x_wconf 71' lang='lat' dir='ltr'><strong>quanto</strong></span> <span class='ocrx_word' id='word_1_590' title='bbox 387 2257 457 2293; x_wconf 79' lang='lat' dir='ltr'><strong>apud</strong></span> <span class='ocrx_word' id='word_1_591' title='bbox 467 2257 603 2286; x_wconf 77' lang='lat' dir='ltr'><strong>Romanos</strong></span> <span class='ocrx_word' id='word_1_592' title='bbox 612 2261 719 2293; x_wconf 84' lang='lat' dir='ltr'><strong>sceptra</strong></span> <span class='ocrx_word' id='word_1_593' title='bbox 732 2258 804 2295; x_wconf 83' lang='lat' dir='ltr'><strong>regia</strong></span> <span class='ocrx_word' id='word_1_594' title='bbox 815 2254 953 2287; x_wconf 80' lang='lat' dir='ltr'><strong>observari</strong></span> 
     </span>
    </p>
   </div>
   <div class='ocr_carea' id='block_1_88' title="bbox 1007 2248 1797 2302">
    <p class='ocr_par' dir='ltr' id='par_1_88' title="bbox 1007 2258 1797 2295">
     <span class='ocr_line' id='line_1_88' title="bbox 1007 2258 1797 2295; baseline -0.001 -9"><span class='ocrx_word' id='word_1_595' title='bbox 1007 2259 1109 2295; x_wconf 74' lang='grc' dir='ltr'><strong>φόρων,</strong></span> <span class='ocrx_word' id='word_1_596' title='bbox 1121 2258 1342 2295; x_wconf 73' lang='grc' dir='ltr'><strong>μεγαλοπρεπῶς</strong></span> <span class='ocrx_word' id='word_1_597' title='bbox 1356 2258 1504 2294; x_wconf 82' lang='grc' dir='ltr'><strong>μετεδίδου,</strong></span> <span class='ocrx_word' id='word_1_598' title='bbox 1515 2258 1591 2290; x_wconf 86' lang='grc' dir='ltr'><strong>ὅπως</strong></span> <span class='ocrx_word' id='word_1_599' title='bbox 1603 2258 1641 2294; x_wconf 82' lang='grc' dir='ltr'><strong>μὴ</strong></span> <span class='ocrx_word' id='word_1_600' title='bbox 1653 2258 1797 2294; x_wconf 81' lang='grc' dir='ltr'><strong>βασιλικῆς</strong></span> 
     </span>
    </p>
   </div>
   <div class='ocr_carea' id='block_1_89' title="bbox 163 2303 954 2339">
    <p class='ocr_par' dir='ltr' id='par_1_89' title="bbox 163 2303 954 2339">
     <span class='ocr_line' id='line_1_89' title="bbox 163 2303 954 2339; baseline -0.001 -5"><span class='ocrx_word' id='word_1_601' title='bbox 163 2305 268 2334; x_wconf 86' lang='lat' dir='ltr'><strong>obtinet</strong></span> <span class='ocrx_word' id='word_1_602' title='bbox 284 2313 291 2332; x_wconf 90' lang='lat'>:</span> <span class='ocrx_word' id='word_1_603' title='bbox 305 2311 338 2332; x_wconf 86' lang='lat' dir='ltr'><strong>ac</strong></span> <span class='ocrx_word' id='word_1_604' title='bbox 359 2304 396 2332; x_wconf 87' lang='lat' dir='ltr'><strong>ita</strong></span> <span class='ocrx_word' id='word_1_605' title='bbox 420 2304 543 2333; x_wconf 84' lang='lat' dir='ltr'><strong>videntes</strong></span> <span class='ocrx_word' id='word_1_606' title='bbox 564 2303 634 2332; x_wconf 79' lang='lat' dir='ltr'><strong>Medi</strong></span> <span class='ocrx_word' id='word_1_607' title='bbox 660 2304 760 2339; x_wconf 85' lang='lat' dir='ltr'><strong>quibus</strong></span> <span class='ocrx_word' id='word_1_608' title='bbox 786 2304 889 2332; x_wconf 81' lang='lat' dir='ltr'><strong>viribus</strong></span> <span class='ocrx_word' id='word_1_609' title='bbox 919 2304 954 2333; x_wconf 87' lang='lat' dir='ltr'><strong>ab</strong></span> 
     </span>
    </p>
   </div>
   <div class='ocr_carea' id='block_1_90' title="bbox 163 2349 953 2388">
    <p class='ocr_par' dir='ltr' id='par_1_90' title="bbox 163 2349 953 2388">
     <span class='ocr_line' id='line_1_90' title="bbox 163 2349 953 2388; baseline -0.003 -9"><span class='ocrx_word' id='word_1_610' title='bbox 163 2353 332 2388; x_wconf 81' lang='lat' dir='ltr'><strong>imperatore</strong></span> <span class='ocrx_word' id='word_1_611' title='bbox 350 2349 536 2379; x_wconf 88' lang='lat' dir='ltr'><strong>circumdatus</strong></span> <span class='ocrx_word' id='word_1_612' title='bbox 566 2351 603 2378; x_wconf 88' lang='lat' dir='ltr'><strong>sit</strong></span> <span class='ocrx_word' id='word_1_613' title='bbox 625 2349 772 2383; x_wconf 82' lang='lat' dir='ltr'><strong>Chosroes.</strong></span> <span class='ocrx_word' id='word_1_614' title='bbox 796 2350 892 2378; x_wconf 89' lang='lat' dir='ltr'><strong>relicta</strong></span> <span class='ocrx_word' id='word_1_615' title='bbox 910 2354 953 2387; x_wconf 81' lang='lat' dir='ltr'><strong>ty-</strong></span> 
     </span>
    </p>
   </div>
   <div class='ocr_carea' id='block_1_91' title="bbox 165 2395 955 2432">
    <p class='ocr_par' dir='ltr' id='par_1_91' title="bbox 165 2395 955 2432">
     <span class='ocr_line' id='line_1_91' title="bbox 165 2395 955 2432; baseline -0.003 -6"><span class='ocrx_word' id='word_1_616' title='bbox 165 2398 279 2427; x_wconf 87' lang='lat' dir='ltr'><strong>rannide</strong></span> <span class='ocrx_word' id='word_1_617' title='bbox 293 2396 480 2425; x_wconf 84' lang='lat' dir='ltr'><strong>transiverunt</strong></span> <span class='ocrx_word' id='word_1_618' title='bbox 493 2397 527 2424; x_wconf 86' lang='lat' dir='ltr'><strong>ad</strong></span> <span class='ocrx_word' id='word_1_619' title='bbox 541 2401 633 2432; x_wconf 84' lang='lat' dir='ltr'><strong>partes</strong></span> <span class='ocrx_word' id='word_1_620' title='bbox 648 2396 790 2431; x_wconf 71' lang='lat' dir='ltr'><strong>(lbosroisl</strong></span> <span class='ocrx_word' id='word_1_621' title='bbox 805 2401 832 2424; x_wconf 91' lang='lat' dir='ltr'><strong>et</strong></span> <span class='ocrx_word' id='word_1_622' title='bbox 845 2395 955 2427; x_wconf 83' lang='lat' dir='ltr'><strong>Barami</strong></span> 
     </span>
    </p>
   </div>
   <div class='ocr_carea' id='block_1_92' title="bbox 164 2442 955 2480">
    <p class='ocr_par' dir='ltr' id='par_1_92' title="bbox 164 2442 955 2480">
     <span class='ocr_line' id='line_1_92' title="bbox 164 2442 955 2480; baseline -0.001 -8"><span class='ocrx_word' id='word_1_623' title='bbox 164 2444 275 2480; x_wconf 88' lang='lat' dir='ltr'><strong>quidem</strong></span> <span class='ocrx_word' id='word_1_624' title='bbox 295 2451 341 2472; x_wconf 90' lang='lat' dir='ltr'><strong>res</strong></span> <span class='ocrx_word' id='word_1_625' title='bbox 358 2443 384 2471; x_wconf 93' lang='lat' dir='ltr'><strong>in</strong></span> <span class='ocrx_word' id='word_1_626' title='bbox 399 2442 460 2472; x_wconf 84' lang='lat' dir='ltr'><strong>dies</strong></span> <span class='ocrx_word' id='word_1_627' title='bbox 476 2442 624 2472; x_wconf 74' lang='lat' dir='ltr'><strong>debilitatae</strong></span> <span class='ocrx_word' id='word_1_628' title='bbox 650 2442 715 2470; x_wconf 83' lang='lat' dir='ltr'><strong>sunt</strong></span> <span class='ocrx_word' id='word_1_629' title='bbox 732 2450 739 2469; x_wconf 90' lang='lat'><strong>:</strong></span> <span class='ocrx_word' id='word_1_630' title='bbox 758 2442 875 2471; x_wconf 87' lang='lat' dir='ltr'><strong>Chosroi</strong></span> <span class='ocrx_word' id='word_1_631' title='bbox 889 2450 955 2471; x_wconf 80' lang='lat' dir='ltr'><strong>vero</strong></span> 
     </span>
    </p>
   </div>
   <div class='ocr_carea' id='block_1_93' title="bbox 163 2488 954 2524">
    <p class='ocr_par' dir='ltr' id='par_1_93' title="bbox 163 2488 954 2524">
     <span class='ocr_line' id='line_1_93' title="bbox 163 2488 954 2524; baseline -0.001 -5"><span class='ocrx_word' id='word_1_632' title='bbox 163 2491 312 2519; x_wconf 85' lang='lat' dir='ltr'><strong>secundum</strong></span> <span class='ocrx_word' id='word_1_633' title='bbox 322 2490 405 2518; x_wconf 90' lang='lat' dir='ltr'><strong>animi</strong></span> <span class='ocrx_word' id='word_1_634' title='bbox 419 2489 593 2524; x_wconf 87' lang='lat' dir='ltr'><strong>sententiam,</strong></span> <span class='ocrx_word' id='word_1_635' title='bbox 602 2488 820 2524; x_wconf 59' lang='lat' dir='ltr'><strong>«crescentibus</strong></span> <span class='ocrx_word' id='word_1_636' title='bbox 828 2497 861 2518; x_wconf 84' lang='lat' dir='ltr'><strong>eo</strong></span> <span class='ocrx_word' id='word_1_637' title='bbox 872 2489 954 2518; x_wconf 90' lang='lat' dir='ltr'><strong>modo</strong></span> 
     </span>
    </p>
   </div>
   <div class='ocr_carea' id='block_1_94' title="bbox 161 2535 955 2572">
    <p class='ocr_par' dir='ltr' id='par_1_94' title="bbox 161 2535 955 2572">
     <span class='ocr_line' id='line_1_94' title="bbox 161 2535 955 2572; baseline 0 -8"><span class='ocrx_word' id='word_1_638' title='bbox 161 2538 281 2570; x_wconf 84' lang='lat' dir='ltr'><strong>viribus,</strong></span> <span class='ocrx_word' id='word_1_639' title='bbox 299 2543 469 2566; x_wconf 83' lang='lat' dir='ltr'><strong>successere.</strong></span> <span class='ocrx_word' id='word_1_640' title='bbox 486 2536 658 2572; x_wconf 83' lang='lat' dir='ltr'><strong>Quapropter</strong></span> <span class='ocrx_word' id='word_1_641' title='bbox 672 2536 755 2564; x_wconf 84' lang='lat' dir='ltr'><strong>etiam</strong></span> <span class='ocrx_word' id='word_1_642' title='bbox 767 2536 888 2565; x_wconf 82' lang='lat' dir='ltr'><strong>decrevit</strong></span> <span class='ocrx_word' id='word_1_643' title='bbox 903 2535 955 2564; x_wconf 80' lang='lat' dir='ltr'><strong>ali-</strong></span> 
     </span>
    </p>
   </div>
   <div class='ocr_carea' id='block_1_95' title="bbox 161 2581 955 2620">
    <p class='ocr_par' dir='ltr' id='par_1_95' title="bbox 161 2581 955 2620">
     <span class='ocr_line' id='line_1_95' title="bbox 161 2581 955 2620; baseline -0.001 -10"><span class='ocrx_word' id='word_1_644' title='bbox 161 2584 234 2620; x_wconf 78' lang='lat' dir='ltr'><strong>quod</strong></span> <span class='ocrx_word' id='word_1_645' title='bbox 256 2582 392 2612; x_wconf 74' lang='lat' dir='ltr'><strong>Chosroes</strong></span> <span class='ocrx_word' id='word_1_646' title='bbox 415 2581 545 2611; x_wconf 75' lang='lat' dir='ltr'><strong>Mauricio</strong></span> <span class='ocrx_word' id='word_1_647' title='bbox 559 2581 722 2611; x_wconf 71' lang='lat' dir='ltr'><strong>beneﬁcium</strong></span> <span class='ocrx_word' id='word_1_648' title='bbox 742 2582 856 2614; x_wconf 81' lang='lat' dir='ltr'><strong>reierre.</strong></span> <span class='ocrx_word' id='word_1_649' title='bbox 880 2581 955 2610; x_wconf 89' lang='lat' dir='ltr'><strong>litte-</strong></span> 
     </span>
    </p>
   </div>
   <div class='ocr_carea' id='block_1_96' title="bbox 163 2629 955 2667">
    <p class='ocr_par' dir='ltr' id='par_1_96' title="bbox 163 2629 955 2667">
     <span class='ocr_line' id='line_1_96' title="bbox 163 2629 955 2667; baseline -0.003 -9"><span class='ocrx_word' id='word_1_650' title='bbox 163 2631 258 2667; x_wconf 83' lang='lat' dir='ltr'><strong>risque</strong></span> <span class='ocrx_word' id='word_1_651' title='bbox 282 2630 365 2666; x_wconf 78' lang='lat' dir='ltr'><strong>regiis</strong></span> <span class='ocrx_word' id='word_1_652' title='bbox 381 2629 506 2658; x_wconf 82' lang='lat' dir='ltr'><strong>Mauricii</strong></span> <span class='ocrx_word' id='word_1_653' title='bbox 520 2629 636 2665; x_wconf 84' lang='lat' dir='ltr'><strong>imperio</strong></span> <span class='ocrx_word' id='word_1_654' title='bbox 649 2636 710 2665; x_wconf 69' lang='lat' dir='ltr'><strong>pre</strong></span> <span class='ocrx_word' id='word_1_655' title='bbox 723 2636 838 2663; x_wconf 77' lang='lat' dir='ltr'><strong>munere</strong></span> <span class='ocrx_word' id='word_1_656' title='bbox 851 2629 955 2664; x_wconf 80' lang='lat' dir='ltr'><strong>obligat</strong></span> 
     </span>
    </p>
   </div>
   <div class='ocr_carea' id='block_1_97' title="bbox 162 2674 953 2711">
    <p class='ocr_par' dir='ltr' id='par_1_97' title="bbox 162 2674 953 2711">
     <span class='ocr_line' id='line_1_97' title="bbox 162 2674 953 2711; baseline -0.001 -8"><span class='ocrx_word' id='word_1_657' title='bbox 162 2677 258 2705; x_wconf 86' lang='lat' dir='ltr'><strong>urbem</strong></span> <span class='ocrx_word' id='word_1_658' title='bbox 279 2675 377 2710; x_wconf 84' lang='lat' dir='ltr'><strong>Daras,</strong></span> <span class='ocrx_word' id='word_1_659' title='bbox 402 2674 548 2711; x_wconf 60' lang='lat' dir='ltr'><strong>Delauaam</strong></span> <span class='ocrx_word' id='word_1_660' title='bbox 564 2681 673 2710; x_wconf 85' lang='lat' dir='ltr'><strong>quoque</strong></span> <span class='ocrx_word' id='word_1_661' title='bbox 695 2678 845 2709; x_wconf 81' lang='lat' dir='ltr'><strong>satrapam,</strong></span> <span class='ocrx_word' id='word_1_662' title='bbox 865 2675 953 2702; x_wconf 83' lang='lat' dir='ltr'><strong>virum</strong></span> 
     </span>
    </p>
   </div>
   <div class='ocr_carea' id='block_1_98' title="bbox 161 2719 953 2757">
    <p class='ocr_par' dir='ltr' id='par_1_98' title="bbox 161 2719 953 2757">
     <span class='ocr_line' id='line_1_98' title="bbox 161 2719 953 2757; baseline -0.003 -8"><span class='ocrx_word' id='word_1_663' title='bbox 161 2725 329 2756; x_wconf 80' lang='lat' dir='ltr'><strong>spectatum.</strong></span> <span class='ocrx_word' id='word_1_664' title='bbox 347 2720 510 2757; x_wconf 78' lang='lat' dir='ltr'><strong>Byzantium</strong></span> <span class='ocrx_word' id='word_1_665' title='bbox 528 2720 622 2754; x_wconf 86' lang='lat' dir='ltr'><strong>mittit,</strong></span> <span class='ocrx_word' id='word_1_666' title='bbox 635 2721 680 2755; x_wconf 89' lang='lat' dir='ltr'><strong>qui</strong></span> <span class='ocrx_word' id='word_1_667' title='bbox 695 2719 779 2748; x_wconf 75' lang='lat' dir='ltr'><strong>{erret</strong></span> <span class='ocrx_word' id='word_1_668' title='bbox 792 2720 882 2753; x_wconf 68' lang='lat' dir='ltr'><strong>claves</strong></span> <span class='ocrx_word' id='word_1_669' title='bbox 904 2728 953 2756; x_wconf 77' lang='lat' dir='ltr'><strong>op-</strong></span> 
     </span>
    </p>
   </div>
   <div class='ocr_carea' id='block_1_99' title="bbox 164 2765 954 2802">
    <p class='ocr_par' dir='ltr' id='par_1_99' title="bbox 164 2765 954 2802">
     <span class='ocr_line' id='line_1_99' title="bbox 164 2765 954 2802; baseline 0 -8"><span class='ocrx_word' id='word_1_670' title='bbox 164 2766 232 2802; x_wconf 83' lang='lat' dir='ltr'><strong>pidi,</strong></span> <span class='ocrx_word' id='word_1_671' title='bbox 248 2774 310 2795; x_wconf 87' lang='lat' dir='ltr'><strong>eum</strong></span> <span class='ocrx_word' id='word_1_672' title='bbox 327 2766 451 2794; x_wconf 80' lang='lat' dir='ltr'><strong>clavibus</strong></span> <span class='ocrx_word' id='word_1_673' title='bbox 475 2766 548 2802; x_wconf 79' lang='lat' dir='ltr'><strong>quod</strong></span> <span class='ocrx_word' id='word_1_674' title='bbox 569 2765 668 2795; x_wconf 85' lang='lat' dir='ltr'><strong>litteris</strong></span> <span class='ocrx_word' id='word_1_675' title='bbox 687 2766 882 2796; x_wconf 82' lang='lat' dir='ltr'><strong>continebatur</strong></span> <span class='ocrx_word' id='word_1_676' title='bbox 893 2775 954 2794; x_wconf 84' lang='lat' dir='ltr'><strong>mu-</strong></span> 
     </span>
    </p>
   </div>
   <div class='ocr_carea' id='block_1_100' title="bbox 161 2809 954 2849">
    <p class='ocr_par' dir='ltr' id='par_1_100' title="bbox 161 2809 954 2849">
     <span class='ocr_line' id='line_1_100' title="bbox 161 2809 954 2849; baseline 0.003 -8"><span class='ocrx_word' id='word_1_677' title='bbox 161 2820 224 2841; x_wconf 86' lang='lat' dir='ltr'><strong>nus.</strong></span> <span class='ocrx_word' id='word_1_678' title='bbox 238 2809 362 2841; x_wconf 85' lang='lat' dir='ltr'><strong>Tradidit</strong></span> <span class='ocrx_word' id='word_1_679' title='bbox 379 2812 470 2847; x_wconf 86' lang='lat' dir='ltr'><strong>itaque</strong></span> <span class='ocrx_word' id='word_1_680' title='bbox 479 2820 540 2841; x_wconf 88' lang='lat' dir='ltr'><strong>cutn</strong></span> <span class='ocrx_word' id='word_1_681' title='bbox 550 2818 623 2841; x_wconf 86' lang='lat' dir='ltr'><strong>esset</strong></span> <span class='ocrx_word' id='word_1_682' title='bbox 637 2813 665 2840; x_wconf 95' lang='lat' dir='ltr'><strong>in</strong></span> <span class='ocrx_word' id='word_1_683' title='bbox 678 2813 746 2841; x_wconf 89' lang='lat' dir='ltr'><strong>urbe</strong></span> <span class='ocrx_word' id='word_1_684' title='bbox 760 2813 834 2848; x_wconf 85' lang='lat' dir='ltr'><strong>regia</strong></span> <span class='ocrx_word' id='word_1_685' title='bbox 850 2813 954 2849; x_wconf 86' lang='lat' dir='ltr'><strong>legatus</strong></span> 
     </span>
    </p>
   </div>
   <div class='ocr_carea' id='block_1_101' title="bbox 163 2857 954 2893">
    <p class='ocr_par' dir='ltr' id='par_1_101' title="bbox 163 2857 954 2893">
     <span class='ocr_line' id='line_1_101' title="bbox 163 2857 954 2893; baseline 0 -7"><span class='ocrx_word' id='word_1_686' title='bbox 163 2857 296 2886; x_wconf 73' lang='lat' dir='ltr'><strong>Romanis</strong></span> <span class='ocrx_word' id='word_1_687' title='bbox 307 2858 415 2891; x_wconf 88' lang='lat' dir='ltr'><strong>urbem,</strong></span> <span class='ocrx_word' id='word_1_688' title='bbox 430 2862 458 2885; x_wconf 88' lang='lat' dir='ltr'><strong>et</strong></span> <span class='ocrx_word' id='word_1_689' title='bbox 474 2858 508 2885; x_wconf 82' lang='lat' dir='ltr'><strong>ad</strong></span> <span class='ocrx_word' id='word_1_690' title='bbox 530 2857 695 2893; x_wconf 85' lang='lat' dir='ltr'><strong>colloquium</strong></span> <span class='ocrx_word' id='word_1_691' title='bbox 712 2858 887 2892; x_wconf 85' lang='lat' dir='ltr'><strong>imperatoris</strong></span> <span class='ocrx_word' id='word_1_692' title='bbox 904 2860 954 2887; x_wconf 91' lang='lat' dir='ltr'><strong>ad-</strong></span> 
     </span>
    </p>
   </div>
   <div class='ocr_carea' id='block_1_102' title="bbox 163 2901 953 2942">
    <p class='ocr_par' dir='ltr' id='par_1_102' title="bbox 163 2901 953 2942">
     <span class='ocr_line' id='line_1_102' title="bbox 163 2901 953 2942; baseline -0.001 -9"><span class='ocrx_word' id='word_1_693' title='bbox 163 2903 266 2942; x_wconf 72' lang='lat' dir='ltr'><strong>missus</strong></span> <span class='ocrx_word' id='word_1_694' title='bbox 280 2906 332 2934; x_wconf 82' lang='lat' dir='ltr'><strong>est.</strong></span> <span class='ocrx_word' id='word_1_695' title='bbox 348 2901 497 2932; x_wconf 65' lang='lat' dir='ltr'><strong>Mauricius</strong></span> <span class='ocrx_word' id='word_1_696' title='bbox 512 2907 615 2938; x_wconf 84' lang='lat' dir='ltr'><strong>autem,</strong></span> <span class='ocrx_word' id='word_1_697' title='bbox 639 2911 701 2933; x_wconf 88' lang='lat' dir='ltr'><strong>cum</strong></span> <span class='ocrx_word' id='word_1_698' title='bbox 715 2904 844 2934; x_wconf 84' lang='lat' dir='ltr'><strong>donasset</strong></span> <span class='ocrx_word' id='word_1_699' title='bbox 862 2905 953 2941; x_wconf 79' lang='lat' dir='ltr'><strong>homi-</strong></span> 
     </span>
    </p>
   </div>
   <div class='ocr_carea' id='block_1_103' title="bbox 1005 2305 1797 2343">
    <p class='ocr_par' dir='ltr' id='par_1_103' title="bbox 1005 2305 1797 2343">
     <span class='ocr_line' id='line_1_103' title="bbox 1005 2305 1797 2343; baseline -0.001 -10"><span class='ocrx_word' id='word_1_700' title='bbox 1005 2306 1132 2343; x_wconf 80' lang='grc' dir='ltr'><strong>χηρεύων</strong></span> <span class='ocrx_word' id='word_1_701' title='bbox 1146 2305 1309 2339; x_wconf 76' lang='grc' dir='ltr'><strong>συντάξεως,</strong></span> <span class='ocrx_word' id='word_1_702' title='bbox 1326 2305 1567 2341; x_wconf 78' lang='grc' dir='ltr'><strong>εὐκαταφρόνητος</strong></span> <span class='ocrx_word' id='word_1_703' title='bbox 1585 2306 1629 2341; x_wconf 84' lang='grc' dir='ltr'><strong>εῖη</strong></span> <span class='ocrx_word' id='word_1_704' title='bbox 1648 2305 1797 2341; x_wconf 84' lang='grc' dir='ltr'><strong>Ῥωμαίοις</strong></span> 
     </span>
    </p>
   </div>
   <div class='ocr_carea' id='block_1_104' title="bbox 1004 2348 1797 2387">
    <p class='ocr_par' dir='ltr' id='par_1_104' title="bbox 1004 2348 1797 2387">
     <span class='ocr_line' id='line_1_104' title="bbox 1004 2348 1797 2387; baseline -0.001 -9"><span class='ocrx_word' id='word_1_705' title='bbox 1004 2359 1035 2378; x_wconf 88' lang='grc' dir='ltr'><strong>τε</strong></span> <span class='ocrx_word' id='word_1_706' title='bbox 1047 2352 1094 2378; x_wconf 76' lang='grc' dir='ltr'><strong>καὶ</strong></span> <span class='ocrx_word' id='word_1_707' title='bbox 1106 2348 1236 2387; x_wconf 69' lang='grc' dir='ltr'><strong>Πέρσαις.</strong></span> <span class='ocrx_word' id='word_1_708' title='bbox 1247 2350 1482 2386; x_wconf 76' lang='grc' dir='ltr'><strong>Πιριεστοιχίζετο</strong></span> <span class='ocrx_word' id='word_1_709' title='bbox 1491 2349 1556 2385; x_wconf 82' lang='grc' dir='ltr'><strong>γοῦν</strong></span> <span class='ocrx_word' id='word_1_710' title='bbox 1571 2349 1704 2377; x_wconf 82' lang='grc' dir='ltr'><strong>πάντοθεν</strong></span> <span class='ocrx_word' id='word_1_711' title='bbox 1719 2350 1797 2385; x_wconf 72' lang='grc' dir='ltr'><strong>βασι-</strong></span> 
     </span>
    </p>
   </div>
   <div class='ocr_carea' id='block_1_105' title="bbox 1005 2396 1797 2434">
    <p class='ocr_par' dir='ltr' id='par_1_105' title="bbox 1005 2396 1797 2434">
     <span class='ocr_line' id='line_1_105' title="bbox 1005 2396 1797 2434; baseline -0.001 -9"><span class='ocrx_word' id='word_1_712' title='bbox 1005 2397 1068 2434; x_wconf 75' lang='grc' dir='ltr'><strong>λικῇ</strong></span> <span class='ocrx_word' id='word_1_713' title='bbox 1099 2397 1249 2434; x_wconf 74' lang='grc' dir='ltr'><strong>δορυφορίᾳ</strong></span> <span class='ocrx_word' id='word_1_714' title='bbox 1272 2396 1409 2434; x_wconf 85' lang='grc' dir='ltr'><strong>Χοσρόης,</strong></span> <span class='ocrx_word' id='word_1_715' title='bbox 1431 2396 1520 2432; x_wconf 76' lang='grc' dir='ltr'><strong>ὁπόση</strong></span> <span class='ocrx_word' id='word_1_716' title='bbox 1547 2397 1631 2432; x_wconf 86' lang='grc' dir='ltr'><strong>νόμος</strong></span> <span class='ocrx_word' id='word_1_717' title='bbox 1648 2397 1797 2432; x_wconf 84' lang='grc' dir='ltr'><strong>Ῥωμαίοις</strong></span> 
     </span>
    </p>
   </div>
   <div class='ocr_carea' id='block_1_106' title="bbox 1004 2442 1797 2480">
    <p class='ocr_par' dir='ltr' id='par_1_106' title="bbox 1004 2442 1797 2480">
     <span class='ocr_line' id='line_1_106' title="bbox 1004 2442 1797 2480; baseline -0.001 -9"><span class='ocrx_word' id='word_1_718' title='bbox 1004 2443 1225 2480; x_wconf 75' lang='grc' dir='ltr'><strong>αὕτοκρατορικὰ</strong></span> <span class='ocrx_word' id='word_1_719' title='bbox 1238 2445 1372 2480; x_wconf 73' lang='grc' dir='ltr'><strong>σκῆπτρα</strong></span> <span class='ocrx_word' id='word_1_720' title='bbox 1382 2442 1575 2479; x_wconf 84' lang='grc' dir='ltr'><strong>γεραίρεσθαι.</strong></span> <span class='ocrx_word' id='word_1_721' title='bbox 1584 2443 1718 2478; x_wconf 73' lang='grc' dir='ltr'><strong>Ὀρῶντες</strong></span> <span class='ocrx_word' id='word_1_722' title='bbox 1731 2443 1797 2478; x_wconf 75' lang='grc' dir='ltr'><strong>γοῦν</strong></span> 
     </span>
    </p>
   </div>
   <div class='ocr_carea' id='block_1_107' title="bbox 1004 2489 1797 2526">
    <p class='ocr_par' dir='ltr' id='par_1_107' title="bbox 1004 2489 1797 2526">
     <span class='ocr_line' id='line_1_107' title="bbox 1004 2489 1797 2526; baseline -0.001 -9"><span class='ocrx_word' id='word_1_723' title='bbox 1004 2490 1030 2517; x_wconf 76' lang='lat' dir='ltr'><strong>ot</strong></span> <span class='ocrx_word' id='word_1_724' title='bbox 1046 2490 1132 2526; x_wconf 77' lang='grc' dir='ltr'><strong>Μῆδοι</strong></span> <span class='ocrx_word' id='word_1_725' title='bbox 1154 2491 1242 2526; x_wconf 77' lang='grc' dir='ltr'><strong>ὁπόση</strong></span> <span class='ocrx_word' id='word_1_726' title='bbox 1268 2490 1308 2526; x_wconf 85' lang='grc' dir='ltr'><strong>τῷ</strong></span> <span class='ocrx_word' id='word_1_727' title='bbox 1324 2490 1433 2526; x_wconf 76' lang='grc' dir='ltr'><strong>Χοσρόῃ</strong></span> <span class='ocrx_word' id='word_1_728' title='bbox 1450 2490 1504 2517; x_wconf 78' lang='grc' dir='ltr'><strong>ὑπὸ</strong></span> <span class='ocrx_word' id='word_1_729' title='bbox 1527 2489 1576 2517; x_wconf 80' lang='grc' dir='ltr'><strong>τοῦ</strong></span> <span class='ocrx_word' id='word_1_730' title='bbox 1593 2490 1797 2525; x_wconf 81' lang='grc' dir='ltr'><strong>αὐτοκράτορος</strong></span> 
     </span>
    </p>
   </div>
   <div class='ocr_carea' id='block_1_108' title="bbox 1011 2535 1796 2572">
    <p class='ocr_par' dir='ltr' id='par_1_108' title="bbox 1011 2535 1796 2572">
     <span class='ocr_line' id='line_1_108' title="bbox 1011 2535 1796 2572; baseline -0.001 -9"><span class='ocrx_word' id='word_1_731' title='bbox 1011 2535 1121 2572; x_wconf 78' lang='grc' dir='ltr'><strong>Ῥώμης</strong></span> <span class='ocrx_word' id='word_1_732' title='bbox 1131 2536 1320 2572; x_wconf 76' lang='grc' dir='ltr'><strong>περιεκέχυτο,</strong></span> <span class='ocrx_word' id='word_1_733' title='bbox 1329 2536 1377 2572; x_wconf 77' lang='grc' dir='ltr'><strong>τὴν</strong></span> <span class='ocrx_word' id='word_1_734' title='bbox 1389 2535 1504 2571; x_wconf 78' lang='grc' dir='ltr'><strong>γνώμην</strong></span> <span class='ocrx_word' id='word_1_735' title='bbox 1514 2536 1796 2571; x_wconf 81' lang='grc' dir='ltr'><strong>μεταναστησάμενοι,</strong></span> 
     </span>
    </p>
   </div>
   <div class='ocr_carea' id='block_1_109' title="bbox 1005 2579 1797 2618">
    <p class='ocr_par' dir='ltr' id='par_1_109' title="bbox 1005 2579 1797 2618">
     <span class='ocr_line' id='line_1_109' title="bbox 1005 2579 1797 2618; baseline -0.001 -9"><span class='ocrx_word' id='word_1_736' title='bbox 1005 2581 1112 2618; x_wconf 78' lang='grc' dir='ltr'><strong>χαίρειν</strong></span> <span class='ocrx_word' id='word_1_737' title='bbox 1122 2579 1318 2617; x_wconf 82' lang='grc' dir='ltr'><strong>φράσαντεςτῇ</strong></span> <span class='ocrx_word' id='word_1_738' title='bbox 1336 2581 1490 2617; x_wconf 78' lang='grc' dir='ltr'><strong>τυραννίδι,</strong></span> <span class='ocrx_word' id='word_1_739' title='bbox 1504 2580 1700 2618; x_wconf 75' lang='grc' dir='ltr'><strong>προσεχώρουν</strong></span> <span class='ocrx_word' id='word_1_740' title='bbox 1724 2581 1797 2608; x_wconf 77' lang='grc' dir='ltr'><strong>Χοσ-</strong></span> 
     </span>
    </p>
   </div>
   <div class='ocr_carea' id='block_1_110' title="bbox 1006 2627 1797 2665">
    <p class='ocr_par' dir='ltr' id='par_1_110' title="bbox 1006 2627 1797 2665">
     <span class='ocr_line' id='line_1_110' title="bbox 1006 2627 1797 2665; baseline 0.001 -10"><span class='ocrx_word' id='word_1_741' title='bbox 1006 2628 1068 2665; x_wconf 68' lang='grc' dir='ltr'><strong>ρόῃ.</strong></span> <span class='ocrx_word' id='word_1_742' title='bbox 1083 2628 1140 2656; x_wconf 72' lang='grc' dir='ltr'><strong>Καὶ</strong></span> <span class='ocrx_word' id='word_1_743' title='bbox 1161 2627 1209 2656; x_wconf 77' lang='grc' dir='ltr'><strong>τοῦ</strong></span> <span class='ocrx_word' id='word_1_744' title='bbox 1226 2627 1279 2664; x_wconf 71' lang='grc' dir='ltr'><strong>μὲν</strong></span> <span class='ocrx_word' id='word_1_745' title='bbox 1303 2628 1402 2664; x_wconf 77' lang='grc' dir='ltr'><strong>Βαρὰμ</strong></span> <span class='ocrx_word' id='word_1_746' title='bbox 1416 2628 1555 2664; x_wconf 70' lang='grc' dir='ltr'><strong>ὁσημέραι</strong></span> <span class='ocrx_word' id='word_1_747' title='bbox 1575 2628 1607 2654; x_wconf 72' lang='grc' dir='ltr'><strong>τὸ</strong></span> <span class='ocrx_word' id='word_1_748' title='bbox 1621 2628 1797 2664; x_wconf 82' lang='grc' dir='ltr'><strong>συμμαχικὸν</strong></span> 
     </span>
    </p>
   </div>
   <div class='ocr_carea' id='block_1_111' title="bbox 1005 2672 1798 2710">
    <p class='ocr_par' dir='ltr' id='par_1_111' title="bbox 1005 2672 1798 2710">
     <span class='ocr_line' id='line_1_111' title="bbox 1005 2672 1798 2710; baseline 0 -10"><span class='ocrx_word' id='word_1_749' title='bbox 1005 2673 1188 2709; x_wconf 75' lang='grc' dir='ltr'><strong>κατησθένιι·</strong></span> <span class='ocrx_word' id='word_1_750' title='bbox 1216 2673 1256 2708; x_wconf 83' lang='grc' dir='ltr'><strong>τῷ</strong></span> <span class='ocrx_word' id='word_1_751' title='bbox 1279 2672 1309 2700; x_wconf 71' lang='grc' dir='ltr'><strong>δὲ</strong></span> <span class='ocrx_word' id='word_1_752' title='bbox 1331 2673 1441 2710; x_wconf 73' lang='grc' dir='ltr'><strong>Χωρόῃ</strong></span> <span class='ocrx_word' id='word_1_753' title='bbox 1465 2673 1536 2705; x_wconf 78' lang='grc' dir='ltr'><strong>κατὰ</strong></span> <span class='ocrx_word' id='word_1_754' title='bbox 1561 2672 1625 2700; x_wconf 84' lang='grc' dir='ltr'><strong>νοῦν</strong></span> <span class='ocrx_word' id='word_1_755' title='bbox 1647 2672 1747 2709; x_wconf 78' lang='grc' dir='ltr'><strong>ἐχώρει</strong></span> <span class='ocrx_word' id='word_1_756' title='bbox 1762 2673 1798 2700; x_wconf 81' lang='grc' dir='ltr'><strong>τὰ</strong></span> 
     </span>
    </p>
   </div>
   <div class='ocr_carea' id='block_1_112' title="bbox 1005 2719 1795 2757">
    <p class='ocr_par' dir='ltr' id='par_1_112' title="bbox 1005 2719 1795 2757">
     <span class='ocr_line' id='line_1_112' title="bbox 1005 2719 1795 2757; baseline -0.003 -9"><span class='ocrx_word' id='word_1_757' title='bbox 1005 2720 1170 2756; x_wconf 78' lang='grc' dir='ltr'><strong>πράγματα,</strong></span> <span class='ocrx_word' id='word_1_758' title='bbox 1186 2720 1457 2757; x_wconf 82' lang='grc' dir='ltr'><strong>καταλιπαινομένης</strong></span> <span class='ocrx_word' id='word_1_759' title='bbox 1487 2719 1564 2755; x_wconf 81' lang='grc' dir='ltr'><strong>αὐτῷ</strong></span> <span class='ocrx_word' id='word_1_760' title='bbox 1574 2720 1624 2755; x_wconf 80' lang='grc' dir='ltr'><strong>τῆς</strong></span> <span class='ocrx_word' id='word_1_761' title='bbox 1641 2719 1795 2755; x_wconf 83' lang='grc' dir='ltr'><strong>δυνάμεως.</strong></span> 
     </span>
    </p>
   </div>
   <div class='ocr_carea' id='block_1_113' title="bbox 1005 2765 1796 2803">
    <p class='ocr_par' dir='ltr' id='par_1_113' title="bbox 1005 2765 1796 2803">
     <span class='ocr_line' id='line_1_113' title="bbox 1005 2765 1796 2803; baseline -0.001 -10"><span class='ocrx_word' id='word_1_762' title='bbox 1005 2768 1157 2794; x_wconf 84' lang='grc' dir='ltr'><strong>Διανοείται</strong></span> <span class='ocrx_word' id='word_1_763' title='bbox 1187 2766 1254 2801; x_wconf 84' lang='grc' dir='ltr'><strong>γοῦν</strong></span> <span class='ocrx_word' id='word_1_764' title='bbox 1278 2767 1437 2803; x_wconf 85' lang='grc' dir='ltr'><strong>παραυτίκα</strong></span> <span class='ocrx_word' id='word_1_765' title='bbox 1454 2766 1581 2802; x_wconf 78' lang='grc' dir='ltr'><strong>Χοσρόης</strong></span> <span class='ocrx_word' id='word_1_766' title='bbox 1593 2765 1634 2802; x_wconf 79' lang='grc' dir='ltr'><strong>τῷ</strong></span> <span class='ocrx_word' id='word_1_767' title='bbox 1645 2766 1796 2801; x_wconf 82' lang='grc' dir='ltr'><strong>Μαυρικίῳ</strong></span> 
     </span>
    </p>
   </div>
   <div class='ocr_carea' id='block_1_114' title="bbox 1009 2811 1795 2849">
    <p class='ocr_par' dir='ltr' id='par_1_114' title="bbox 1009 2811 1795 2849">
     <span class='ocr_line' id='line_1_114' title="bbox 1009 2811 1795 2849; baseline -0.001 -10"><span class='ocrx_word' id='word_1_768' title='bbox 1009 2813 1194 2849; x_wconf 70' lang='grc' dir='ltr'><strong>εὖνουστάτην</strong></span> <span class='ocrx_word' id='word_1_769' title='bbox 1210 2812 1311 2848; x_wconf 73' lang='grc' dir='ltr'><strong>πρᾶξιν</strong></span> <span class='ocrx_word' id='word_1_770' title='bbox 1324 2812 1507 2845; x_wconf 65' lang='grc' dir='ltr'><strong>ἐνδείξασθαι.</strong></span> <span class='ocrx_word' id='word_1_771' title='bbox 1524 2812 1564 2838; x_wconf 80' lang='grc' dir='ltr'><strong>Δι’</strong></span> <span class='ocrx_word' id='word_1_772' title='bbox 1579 2811 1594 2838; x_wconf 80' lang='grc' dir='ltr'><strong>ὃ</strong></span> <span class='ocrx_word' id='word_1_773' title='bbox 1622 2812 1651 2838; x_wconf 82' lang='grc' dir='ltr'><strong>ὲν</strong></span> <span class='ocrx_word' id='word_1_774' title='bbox 1667 2811 1795 2847; x_wconf 80' lang='grc' dir='ltr'><strong>βασιλικῇ</strong></span> 
     </span>
    </p>
   </div>
   <div class='ocr_carea' id='block_1_115' title="bbox 1004 2858 1795 2895">
    <p class='ocr_par' dir='ltr' id='par_1_115' title="bbox 1004 2858 1795 2895">
     <span class='ocr_line' id='line_1_115' title="bbox 1004 2858 1795 2895; baseline -0.004 -9"><span class='ocrx_word' id='word_1_775' title='bbox 1004 2859 1122 2895; x_wconf 84' lang='grc' dir='ltr'><strong>διφθέρᾳ</strong></span> <span class='ocrx_word' id='word_1_776' title='bbox 1130 2859 1180 2895; x_wconf 74' lang='grc' dir='ltr'><strong>τὴν</strong></span> <span class='ocrx_word' id='word_1_777' title='bbox 1194 2859 1272 2886; x_wconf 72' lang='grc' dir='ltr'><strong>πόλιν</strong></span> <span class='ocrx_word' id='word_1_778' title='bbox 1282 2859 1372 2894; x_wconf 79' lang='grc' dir='ltr'><strong>Δάρας</strong></span> <span class='ocrx_word' id='word_1_779' title='bbox 1379 2859 1501 2895; x_wconf 72' lang='grc' dir='ltr'><strong>ὑπήκοον</strong></span> <span class='ocrx_word' id='word_1_780' title='bbox 1511 2858 1683 2895; x_wconf 72' lang='grc' dir='ltr'><strong>ιγγράφεται</strong></span> <span class='ocrx_word' id='word_1_781' title='bbox 1695 2858 1795 2893; x_wconf 81' lang='grc' dir='ltr'><strong>προῖκα</strong></span> 
     </span>
    </p>
   </div>
   <div class='ocr_carea' id='block_1_116' title="bbox 1005 2903 1795 2945">
    <p class='ocr_par' dir='ltr' id='par_1_116' title="bbox 1005 2903 1795 2945">
     <span class='ocr_line' id='line_1_116' title="bbox 1005 2903 1795 2945; baseline -0.003 -12"><span class='ocrx_word' id='word_1_782' title='bbox 1005 2905 1165 2944; x_wconf 57' lang='grc' dir='ltr'><strong>Μαυρικίῳ,</strong></span> <span class='ocrx_word' id='word_1_783' title='bbox 1181 2906 1228 2934; x_wconf 87' lang='grc' dir='ltr'><strong>τόν</strong></span> <span class='ocrx_word' id='word_1_784' title='bbox 1254 2915 1283 2944; x_wconf 84' lang='grc' dir='ltr'><strong>τε</strong></span> <span class='ocrx_word' id='word_1_785' title='bbox 1303 2905 1445 2945; x_wconf 75' lang='grc' dir='ltr'><strong>Δηλαῦζαν</strong></span> <span class='ocrx_word' id='word_1_786' title='bbox 1467 2905 1514 2934; x_wconf 77' lang='grc' dir='ltr'><strong>τὸν</strong></span> <span class='ocrx_word' id='word_1_787' title='bbox 1532 2904 1689 2941; x_wconf 36' lang='grc' dir='ltr'><strong>σατράπην*</strong></span> <span class='ocrx_word' id='word_1_788' title='bbox 1709 2903 1795 2939; x_wconf 67' lang='grc' dir='ltr'><strong>ἄνδρα</strong></span> 
     </span>
    </p>
   </div>
  </div>
