1943 3072
162 87 214 120 9-19

564 89 614 121 DE
633 89 914 123 LEGATIONIBUS
933 92 1109 124 GENTIUM
1126 93 1176 123 AD
1195 93 1382 126 ROMANOS.

1743 94 1796 126 950

163 143 347 177 ἀπόϐλεπτον,
360 143 388 175 ἐς
405 142 553 176 Βυζάντιον
568 144 685 177 στέλλει,
717 145 768 176 τὰς
785 145 859 177 κλεῖς
885 146 956 174 οἰσό-

1019 154 1069 174 tem
1088 147 1223 182 regalibus
1239 148 1406 181 muneribus,
1426 155 1518 176 eorum
1534 154 1641 184 quoque
1655 156 1715 184 qua:
1732 155 1797 176 ante

165 196 246 222 μενον
261 187 308 215 τοῦ
325 187 503 223 πολίσματος,
521 188 572 223 τήν
585 197 615 216 τε
630 190 659 215 ἐν
674 189 822 225 γράμμασι
836 190 951 226 δωρεάν.

163 234 178 260 ὁ
194 234 245 270 μὲν
264 232 311 261 οὖν
326 233 449 270 ¹πρέσϐυς
463 233 508 260 ἐπὶ
522 233 553 260 τὸ
565 234 702 270 βασίλειον
716 235 784 263 ἄστυ
797 236 953 272 γενόμενος,

1008 193 1146 228 pepigerat
1163 193 1281 222 llrmavit
1302 194 1392 226 lidem,
1411 195 1533 222 Chosroe
1546 194 1579 222 ad
1598 203 1658 222 eam
1674 203 1730 222 rem
1747 203 1796 222 no-

1008 240 1111 268 tninato
1128 240 1192 268 lilio.

164 281 308 316 παρεδίδου
329 281 478 317 Ῥωμαίοις
507 280 538 307 τδ
560 281 693 317 πόλισμα.
725 283 781 311 Καὶ
808 285 837 317 ἐς
857 284 953 319 λόγους
972 286 1041 321 πρὸς
1072 288 1117 315 τὸν
1147 288 1338 324 αὐτοκράτορα
1349 286 1466 324 ἧκεν.’0
1478 287 1507 315 δέ
1518 287 1797 323 Μαυρίκιος,δώροιέ

165 328 314 363 βασιλικοῖς
330 327 485 363 μεγαλύνας
496 325 602 361 τοῦτον,
629 328 680 365 τὴν
694 329 749 359 τῶν
767 332 1050 366 προαπαγγελθέντων
1084 334 1193 371 ὠχύρου
1224 335 1273 362 καὶ
1307 331 1386 366 αὖθις
1398 335 1555 370 ὑπόσχεσιν,
1570 334 1654 363 παῖδα
1670 334 1796 369 Χοσρόην

163 375 321 403 ἀποκαλῶν.

199 422 260 449 Ὀτι
282 421 318 459 [ὁ]
340 422 465 458 Χοσρόης
485 422 614 456 δεδοικὼς
635 423 673 459 μή
688 432 739 451 που
755 423 897 461 δολοφονίᾳ
912 434 956 458 τις

166 468 300 504 ὑποσταίη
315 469 390 504 αὐτῷ
398 469 451 496 ὑπὸ
463 469 518 497 τῶν
532 470 685 506 ἐγχωρίων,
698 470 785 498 ἐδεῖτο
798 472 954 508 Μαυριχίου

165 515 193 546 ἐς
211 515 260 550 τὴν
274 515 322 542 τοῦ
340 514 467 551 σώματος
488 517 611 552 φρουρὰν
627 516 730 552 χιλίους
747 517 830 545 αὑτοῦ
849 518 954 545 ὁπλιτι-

165 562 213 589 κοῦ
234 562 478 597 παραπέμπεσθαι.
497 562 528 589 '0
547 562 576 590 δὲ
592 562 648 590 τῶν
664 563 810 599 Ῥωμαίων
828 564 955 600 βασιλεὺς

166 607 404 642 σωματοφύλακας
418 609 447 640 ἐς
462 608 586 645 Χοσρόην
599 609 768 645 ἐξέπεμπεν.

202 654 264 680 ὀτι
280 654 295 680 ὁ
309 654 462 689 Μαυρίκιος
477 654 529 686 ἕως
543 654 591 682 τοῦ
606 655 736 691 Ἑϐδόμου
752 656 955 693 ὀνομαζομένου

166 699 269 726 ὲλοών·
290 699 406 735 ἠκηκόει
427 700 482 736 γὰρ
501 699 539 733 ὥς
560 700 589 728 τὸ
609 701 724 729 Οὺνικὺν
743 702 954 738 ἐκστρατεύειν

167 745 213 772 καὶ
229 746 355 781 ἀκηκοὼς
366 746 508 778 Δαλαῢζαν
518 747 565 774 τδν
577 747 684 783 Πέρσην
698 748 799 782 ἥκοντα
811 748 848 780 ὠς
861 748 956 781 αὐτὸν,

1044 426 1127 462 189
1136 426 1211 460 Quod
1228 427 1329 454 veritus
1336 426 1482 458 Cbosroes,
1491 432 1525 453 ne
1538 424 1599 460 quis
1608 424 1677 451 clam
1687 431 1799 459 percus-

1008 481 1054 501 sor
1065 483 1078 500 a
1089 473 1206 501 subditis
1222 473 1274 500 sibi
1292 469 1799 507 substitueretur,rogavitMauricium.

1007 525 1036 548 ut
1059 519 1092 546 ad
1113 519 1264 547 custodiam
1280 518 1404 553 corporis
1419 517 1493 545 mille
1522 523 1633 545 suorum
1661 515 1710 543 sibi
1730 515 1800 543 ritili-

1007 570 1063 593 ttnn
1086 565 1175 593 daret.
1196 563 1333 591 Romanus
1357 567 1448 591 autem
1464 569 1524 595 rex,
1542 561 1670 589 custodes
1679 561 1800 594 corporis

1008 611 1120 640 Clwsroi
1137 610 1221 640 misit.

1044 658 1121 693 Quod
1140 658 1288 687 Mauricius
1305 657 1339 685 ad
1352 657 1499 693 septimum
1515 663 1602 692 usque
1617 656 1664 690 qui
1676 655 1712 682 ita
1728 654 1799 683 dici-

1010 709 1054 733 tur
1081 705 1166 737 locus,
1181 704 1315 739 pervenit,
1341 703 1469 739 quoniam
1504 701 1616 730 llunuos
1645 700 1724 729 educi
1752 708 1801 727 au-

1009 752 1126 784 diverat,
1149 751 1304 786 certiorque
1327 750 1416 779 tutus
1447 750 1481 778 de
1508 749 1631 776 Danum
1654 748 1746 776 Persae
1769 746 1803 776 ad

167 791 347 827 παλινδρομεῖ
364 791 431 828 πρὸς
447 792 478 819 τὸ
496 792 630 827 βασίλειον
647 789 715 821 ᾱέττυ
726 813 733 825 .
750 793 854 825 διαθείς
870 803 900 821 τε
916 790 955 826 ὡς

1019 807 1038 826 .e
1067 799 1194 831 adventu,
1208 797 1325 826 recurrit
1344 797 1377 825 ad
1387 797 1482 825 urbem
1508 795 1622 831 regiam,
1638 793 1804 829 composita—

166 837 231 871 ἐνῆν
246 837 387 870 ἐπιδεξίως
401 838 450 874 τὴν
463 838 513 873 τῆς
527 839 677 875 πρεσϐείας
691 839 815 874 ἀξίωσιν,
829 839 877 868 τοῦ
893 848 957 868 σχο-

168 882 220 909 ποῦ
236 880 314 915 αὖθις
329 884 377 919 τῆς
393 884 527 920 ἐκδημίας
543 885 692 921 ἀπήρχετο.

204 928 265 955 ’Ὁτι
289 930 368 966 τρίτῃ
391 930 494 967 ἡμέρᾳ,
517 931 648 966 πρέσϐεις
672 931 725 959 ὑπὸ
747 932 794 959 τοῦ
821 932 957 968 βασιλείου

168 974 354 1011 ἐξεπέμποντο
369 976 486 1008 ἄστεως·
502 977 520 1013 ἦ
530 986 561 1004 τε
575 978 687 1011 ἀξίωσις
703 979 756 1006 ὑπὸ
769 979 820 1014 τῆς
838 979 958 1015 συγκλή-

167 1029 214 1048 του
235 1022 263 1054 ἐς
284 1023 330 1049 τὸν
353 1022 466 1059 βασιλέα
488 1024 622 1060 ἐγίγνετο.
641 1025 674 1053 'H
695 1026 726 1053 δὲ
747 1026 886 1059 ὑπόθεσις,
907 1026 958 1063 τὴν

1009 852 1073 879 que,
1086 849 1116 872 ut
1134 851 1184 879 par
1199 848 1269 877 erat,
1280 843 1428 879 legatione,
1443 841 1611 877 propositum
1628 847 1724 868 rursus
1746 838 1803 866 abi-

1011 896 1066 917 tum
1082 890 1228 925 promovit.

1046 936 1124 970 Quod
1143 936 1188 964 die
1203 936 1280 964 tertia
1312 935 1394 971 legati
1411 934 1446 963 ab
1460 934 1526 961 urbe
1551 933 1624 968 regis
1640 932 1715 960 missi
1729 935 1802 963 sunt,

1011 986 1118 1017 petente
1131 986 1227 1010 senatu
1255 983 1289 1010 ab
1315 981 1481 1017 imperatore
1511 985 1541 1008 ut
1565 979 1680 1007 rediret.
1697 978 1746 1006 Cui
1780 978 1802 1006 is

1012 1027 1140 1062 legationi
1153 1028 1354 1059 obsecundaus,
1368 1035 1428 1055 cum
1442 1026 1538 1061 legatis
1561 1025 1652 1053 rediit.

167 1068 349 1102 ὲπανάζευξιν
366 1069 418 1104 τῆς
439 1070 573 1104 βασιλέως
594 1071 727 1108 ἐκδημίας
748 1073 834 1110 ἐθήρα
853 1073 956 1101 λαϐεῖν.
982 1072 1012 1100 ’0
1029 1074 1057 1101 δὲ
1074 1075 1159 1111 μηδὲν
1177 1074 1390 1110 προσηκάμενος
1423 1073 1473 1109 τῆς
1507 1071 1673 1109 πρεσΰεὶας,
1694 1070 1804 1098 παλινα-

170 1116 228 1141 στεῑ
240 1115 296 1147 τοῖς
311 1115 469 1151 πρέσϐεσιν.

205 1161 267 1188 Ὅτι
289 1162 357 1197 πρὸς
374 1163 407 1198 τῇ
427 1163 565 1199 Ἀγχιαλῷ
579 1163 626 1191 τδν
642 1164 752 1201 χάρακα
771 1167 786 1192 ὸ
805 1166 960 1201 Μαυρίκιος

168 1207 409 1242 διαγραψάμενος,
428 1209 537 1245 ἡμέρας
554 1218 584 1236 τε
604 1210 686 1238 πέντε
707 1211 776 1247 πρὸς
793 1213 854 1244 ταῖς
872 1211 937 1238 δέκα
951 1220 958 1226 ·

171 1252 235 1280 ἔνθα
252 1253 284 1289 δὴ
299 1254 349 1290 τὴν
363 1254 505 1290 διατριϐὴν
521 1257 716 1292 ποιησάμενος,
732 1258 761 1289 ἐς
776 1257 806 1284 τὸ
823 1257 961 1293 βασίλειον

171 1299 239 1326 ἂστυ
257 1300 408 1333 ἐπάνεισιν,
422 1301 501 1337 ἥκειν
516 1302 637 1334 ἀκούσας
653 1302 704 1330 ὑπὸ
719 1303 766 1330 τοῦ
785 1303 898 1339 Περσῶν
912 1304 962 1339 βα-

173 1346 267 1378 σιλέως
287 1347 316 1378 ἐς
334 1347 481 1379 Βυζάντιον
498 1348 639 1383 πρέσϐεις.
656 1349 742 1385 Τρίτῃ
761 1349 788 1376 δὲ
806 1350 898 1386 ἡμέρᾳ
916 1350 962 1377 καὶ

171 1391 196 1417 oi
215 1392 265 1426 τῆς
286 1392 423 1428 Κελτικῆς
435 1393 556 1430 Ἰϐηρίας
574 1395 706 1431 πρέσϐεις
725 1396 755 1428 ἐς
770 1395 800 1422 τὸ
823 1395 960 1431 βασίλειον

172 1436 370 1471 παραγίνονται
381 1437 459 1465 ἄστυ.
471 1439 503 1465 Al
514 1439 543 1466 δὲ
556 1440 738 1476 προσηγορίαι
750 1442 806 1473 τοῖς
817 1441 959 1477 πρέσϐεσι,

172 1482 254 1514 Βόσος
273 1483 320 1510 καὶ
338 1483 444 1516 Βέττος.
464 1485 583 1518 Τούτους
602 1487 616 1513 ὁ
632 1486 679 1513 τοῦ
697 1486 791 1518 ἒονους
808 1487 961 1523 δυνάστης,

171 1527 293 1563 Φράγγοι
312 1528 335 1555 δ’
347 1524 421 1557 οὗτοι
438 1531 471 1565 τῇ
488 1530 611 1566 νεωτέρᾳ
631 1530 740 1567 γλώττῃ
761 1531 963 1567 κατονομάζον-

172 1582 229 1608 ται,
245 1574 331 1609 ὄνομα
344 1575 373 1603 δὲ
388 1575 555 1612 Θεοδώριχος
568 1576 655 1612 αὐτῷ,
671 1577 700 1609 ἐς
716 1577 830 1612 βασιλέα
845 1577 964 1612 ἐξέπεμ-

173 1629 224 1648 πεν
237 1629 244 1636 ·
263 1621 338 1656 ἠξίου
357 1630 386 1649 τε
408 1622 557 1659 συνθήκαις
577 1624 739 1660 φορολογίας
758 1625 797 1660 τῷ
814 1624 963 1660 Ῥωμαϊκῷ

174 1668 363 1703 συμμαχῆσαι,
380 1668 427 1696 καὶ
442 1669 539 1705 δώροις
554 1669 710 1697 ἀναλῶσθαι
723 1670 769 1698 τὸν
785 1670 852 1706 πρὸς
867 1671 962 1706 Χαγά-

174 1722 219 1741 νον
234 1714 362 1750 πόλεμον.
380 1716 409 1743 '0
428 1716 477 1750 μὲν
491 1714 539 1744 οὖν
554 1717 734 1754 αὐτοκράτωρ
748 1719 812 1751 τοὺς
833 1718 964 1755 πρέσϐεις

173 1761 441 1798 φιλοφρονησάμενος
453 1764 563 1800 δώροις,
577 1765 732 1801 ἀπόμισθον
743 1765 794 1800 τὴν
806 1765 964 1802 ξυμμαχίαν

173 1807 284 1834 ἐκέλευε
304 1808 447 1844 Φράγγους
464 1809 634 1846 παρέχεσθαι
648 1818 655 1826 ο
672 1810 920 1847 ἀργυρολογεῖσθαι
935 1810 966 1838 τὺ

180 1853 334 1888 Ῥωμαϊκὸν
349 1855 400 1881 ὑπὸ
414 1856 467 1883 τῶν
478 1857 629 1894 Βαρϐάρων
642 1857 692 1884 οὐκ
706 1857 880 1893 ἀνεχόμενος.
894 1857 923 1884 '0
937 1856 965 1884 δὲ

1046 1166 1123 1200 Quod
1151 1165 1184 1192 ad
1198 1165 1361 1193 Anchialum
1385 1168 1503 1192 metatus
1525 1163 1636 1196 vallum,
1652 1161 1805 1196 ibidemque

1011 1219 1061 1248 par
1079 1211 1237 1247 quindecim
1251 1211 1309 1239 dies
1319 1214 1441 1238 moratus
1464 1208 1622 1240 Mauricius,
1636 1215 1697 1235 cum
1713 1207 1807 1235 venire

1011 1259 1160 1287 audivisset
1176 1265 1191 1286 a
1210 1257 1355 1286 Persarum
1379 1264 1445 1293 rege
1467 1255 1570 1292 legatos
1588 1255 1760 1290 Byzantium,
1778 1254 1806 1281 in

1012 1307 1107 1333 urbem
1130 1305 1210 1332 rediit
1233 1304 1345 1339 regiam.
1362 1302 1453 1331 Tertia
1464 1309 1527 1330 vero
1552 1306 1613 1338 post
1630 1301 1673 1328 die
1687 1300 1806 1327 Celtibe-

975 1366 997 1396 ο
1014 1352 1061 1380 riae
1076 1351 1170 1378 eodem
1187 1357 1294 1386 quoque
1317 1349 1410 1385 Legati
1426 1348 1548 1377 veniunt.
1570 1347 1678 1383 Legatis
1698 1346 1807 1396 immitia

1013 1402 1092 1426 erant
1108 1397 1178 1425 Boso
1194 1404 1224 1425 ac
1240 1396 1333 1429 Betto,
1350 1402 1418 1431 quos
1440 1395 1565 1430 princeps
1578 1393 1666 1430 gentis
1689 1393 1697 1428 (
1710 1391 1808 1420 Franci

1015 1442 1041 1470 hi
1058 1441 1208 1469 recentiore
1221 1441 1312 1476 lingua
1327 1445 1470 1474 vocantur,
1483 1444 1511 1467 at
1526 1439 1563 1467 illi
1576 1446 1673 1466 nomen
1688 1438 1810 1466 Theodo-

1016 1486 1112 1522 riclto)
1123 1486 1156 1514 ad
1166 1487 1359 1520 imperatorem
1370 1485 1453 1517 misit,
1466 1485 1654 1520 promisitque.
1666 1491 1706 1517 se,
1714 1484 1736 1511 si
1746 1490 1809 1510 vec-

1018 1531 1106 1567 tigalia
1120 1531 1171 1559 sibi
1193 1531 1333 1564 darentur,
1349 1529 1543 1566 opitulaturum
1558 1528 1698 1560 Romanis,
1711 1534 1743 1555 ac
1759 1535 1809 1563 pro

1017 1577 1177 1606 muneribus
1191 1584 1253 1605 cum
1266 1576 1393 1612 Chagano
1407 1580 1545 1612 gesturum
1561 1574 1672 1603 bellum.
1690 1573 1811 1609 Impera-

1017 1629 1061 1653 tor
1076 1629 1165 1652 tamen
1179 1627 1337 1651 muneratus
1350 1622 1462 1657 legatos,
1474 1621 1497 1649 si
1508 1628 1556 1649 sua
1568 1620 1668 1648 auxilia
1680 1620 1808 1655 suppedi-

1016 1675 1105 1699 tarent
1115 1669 1224 1706 Franci,
1238 1674 1266 1696 ut
1278 1669 1303 1696 id
1314 1669 1398 1704 gratis
1411 1667 1528 1696 facerent
1537 1667 1626 1702 jussit,
1636 1673 1808 1702 nequaquam

1015 1717 1068 1745 emi
1089 1724 1183 1752 passus
1198 1724 1212 1743 a
1233 1715 1362 1743 Romanis
1381 1721 1459 1750 opem
1475 1714 1668 1742 Barbarorum.
1693 1711 1804 1740 Interim

1017 1762 1163 1797 Chaganus
1177 1762 1211 1790 ad
1225 1762 1315 1796 priora
1329 1765 1407 1796 pacta
1419 1760 1632 1789 additamentum
1645 1758 1679 1786 ab
1690 1757 1809 1791 impera-

1018 1812 1077 1835 tore
1090 1807 1204 1843 llagitat,
1216 1807 1242 1834 iu
1257 1813 1311 1843 qua
1325 1813 1353 1835 re
1366 1805 1502 1834 Barbarus
1512 1812 1565 1834 non
1580 1804 1703 1836 auditus,
1717 1803 1808 1832 statim

1018 1853 1182 1883 restauravit
1196 1852 1307 1881 bellum.

175 1901 302 1935 Χαγάνος
317 1902 470 1938 ἐπενθήκας
486 1903 638 1939 λαμϐάνειν
653 1902 702 1934 τὰς
718 1903 856 1940 συνθήκας
871 1903 962 1939 ἐζήτει
981 1902 1027 1929 τδν
1047 1900 1171 1936 βασιλέα.
1194 1899 1272 1927 Ἐπεὶ
1306 1899 1335 1926 δὲ
1354 1899 1368 1926 ὁ
1386 1897 1566 1932 αὐτοκράτωρ
1583 1897 1641 1928 τοῖς
1657 1895 1748 1930 λόγοις
1764 1894 1811 1922 τοῦ

175 1947 331 1984 Βιρϐάρου,
353 1947 431 1975 ὤτων
452 1949 503 1975 οὐκ
525 1949 611 1977 ἐδίδου
628 1949 753 1985 βαλϐτδα,
776 1949 965 1984 ἁντελάμϐανε
984 1947 1142 1985 παραυτίκα
1156 1947 1202 1974 τὸν
1217 1946 1347 1981 πόλεμον.

212 1994 273 2021 Ὅτι
285 1994 300 2020 ὁ
313 1995 434 2031 Πρίσκος
446 1995 511 2022 δέκα
525 1995 573 2023 καὶ
586 1997 667 2023 πέντε
681 1996 866 2032 ποιησάμενος
879 1996 966 2033 χάραο

177 2048 239 2072 κας,
255 2039 300 2066 τόν
314 2048 344 2066 τε
357 2039 465 2075 Ἴστρον
478 2039 691 2076 διαπεραιωθεὶς
704 2039 839 2075 ποταμὸν,
846 2039 965 2075 τετάρτῃ

177 2085 270 2120 ἡμέρᾳ
283 2085 322 2117 εἰς
336 2085 428 2116 Νὸϐας
441 2085 490 2118 τὰς
505 2085 561 2114 ἄνω
576 2085 766 2122 παραγίνεται.
786 2085 814 2113 '0
828 2085 857 2113 δὲ
871 2085 966 2120 Χαγάρ

177 2139 222 2162 νος
235 2131 314 2158 τοῦτο
328 2130 508 2166 μεμαθηκὼς.
521 2131 559 2164 ὡς
573 2131 620 2159 τδν
633 2132 754 2167 Πρίσκον
779 2131 911 2167 πρέσϐεις
924 2131 968 2164 ἐξ·

179 2176 312 2211 ἐπεμψεν,
324 2177 374 2212 τήν
385 2185 415 2203 τε
426 2177 516 2205 αἰτίαν
537 2177 698 2213 ἐξερευνᾶτο
721 2176 819 2213 μαθεῖν
839 2177 891 2212 τῆς
911 2177 967 2204 τῶν

182 2221 327 2257 Ῥωμαίων
350 2222 478 2257 ἀφίξεως.
497 2223 527 2250 ’0
551 2223 582 2251 δὲ
607 2224 759 2260 στρατηγὸς
781 2224 845 2256 τοὺς
867 2223 968 2256 τόπους

177 2268 296 2303 ἔφασκεν
315 2268 426 2303 εὐφυεῖς
448 2269 477 2301 ἐς
500 2270 651 2305 κυνηγέσια
674 2269 827 2304 πεφυκέναι
852 2269 968 2297 ἱππασί-

178 2321 246 2346 μους
264 2320 295 2339 τε
315 2313 363 2340 καὶ
384 2312 445 2340 λίαν
464 2313 604 2349 ἐνύδρους.
622 2313 652 2341 '0
673 2314 701 2340 δὲ
721 2314 849 2348 Χαγάνος
871 2314 967 2350 ἐδήλου

177 2359 221 2385 ἐπ’
235 2358 376 2395 ἀλλοτρίας
393 2358 445 2394 γῆς
461 2359 613 2387 ἐπιϐαίνειν
627 2360 795 2396 Ῥωμαίους,
810 2369 969 2396 παρασπον-

178 2405 260 2439 δήσαί
273 2414 304 2432 τε
319 2405 450 2442 Πρίσκον,
467 2406 514 2434 καὶ
528 2407 653 2442 ἀοράτως
668 2406 717 2442 τὴν
730 2407 845 2443 εἰρήνην
859 2407 906 2434 ὑπ’
919 2407 968 2435 αὺ-

178 2451 226 2478 τοῦ
243 2452 463 2487 περισχίζεσθαι.
477 2453 600 2488 Ἔφασκε
614 2453 704 2480 τοίνυν
718 2455 733 2481 ὁ
747 2453 883 2489 Πρίσκος,
899 2453 968 2480 Ῥω-

180 2498 279 2534 μαϊκὸν
295 2497 360 2525 ῢπει
377 2499 409 2526 τὸ
427 2499 540 2534 ἔδαφος·
557 2501 572 2527 6
591 2499 620 2528 δὶ
632 2499 790 2535 Βάρϐαρος,
808 2499 901 2532 ὅπλοις
921 2500 969 2527 καὶ

179 2545 274 2580 νόμοις
285 2545 426 2580 πολέμων·
439 2545 592 2581 Ῥωμαίους
601 2545 968 2583 ἀποκτήσασθαιτοῢτο.ἰ“οὖ

179 2591 268 2618 τοίνυν
282 2591 408 2625 Χαγάνου
426 2590 646 2627 ζυγομαχοῦντος
662 2591 709 2619 καὶ
724 2591 969 2628 διαμφιϐάλλοντος

180 2638 244 2670 περὶ
265 2637 368 2664 τούτων
389 2637 445 2664 τῶν
461 2638 562 2670 τόπων,
580 2637 649 2672 φασὶ
664 2638 710 2665 τὸν
728 2638 851 2674 Πρίσκον
862 2638 913 2675 τὴν
934 2639 968 2666 ἐκ

178 2683 229 2718 τῆς
242 2684 300 2710 "Em
313 2683 465 2718 ἀπόδρασιν
486 2683 615 2710 ὀνειδίσαι
640 2684 768 2719 Χαγάνῳ.
789 2684 892 2720 Θέρους
914 2685 969 2720 γὰρ

179 2730 336 2762 ἐνεστῶτος,
351 2731 365 2756 ό
378 2729 447 2765 πρὸς
462 2731 496 2766 τῇ
513 2730 550 2765 ἐῳ
564 2729 618 2757 ὑπὸ
631 2729 685 2756 τῶν
699 2729 830 2765 Τούρκων
844 2730 969 2763 Χαγάνος

178 2776 366 2811 ὑμνούμενος,
383 2776 512 2811 πρέσϐεις
529 2776 666 2812 ἐξέπεμψε
683 2771 829 2811 Mauthqu
846 2775 967 2810 βασιλεῖ,

1056 1994 1133 2028 Quod
1152 1993 1262 2021 Priscus
1283 1992 1437 2028 quindecim
1453 1990 1524 2018 valla
1547 1994 1683 2024 metatus,
1699 1989 1811 2024 traiecto

1019 2039 1088 2068 Istro
1102 2038 1193 2072 ﬂuvio,
1205 2042 1300 2070 quarta
1315 2037 1357 2064 die
1374 2036 1528 2072 superiores
1541 2035 1630 2064 Nobas
1637 2036 1721 2064 venit.
1734 2035 1810 2069 Quod

1018 2093 1080 2114 cum
1093 2086 1206 2113 resciret
1222 2083 1379 2119 Chaganus,
1398 2083 1432 2111 ad
1451 2082 1575 2110 Priscum
1600 2082 1704 2118 legatos
1720 2082 1810 2114 misit,

1019 2137 1186 2165 causamque
1205 2129 1276 2158 scire
1288 2129 1373 2157 voluit
1385 2129 1518 2157 adventus
1532 2128 1724 2156 Romanorum.
1743 2127 1811 2156 Res-

1018 2177 1112 2213 pondit
1134 2179 1202 2209 dux.
1217 2176 1251 2205 ad
1266 2175 1437 2205 venationem
1457 2180 1485 2203 et
1505 2175 1655 2211 equitatum
1674 2181 1735 2202 esse
1751 2174 1810 2202 loca

1020 2225 1130 2258 idonea,
1141 2229 1169 2252 et
1181 2230 1282 2259 aquosa
1297 2222 1375 2252 satis.
1392 2221 1441 2251 Cui
1451 2221 1596 2257 Cliaganus
1610 2220 1728 2248 ostendit
1746 2219 1812 2248 alie-

1019 2279 1082 2298 nam
1092 2276 1193 2299 terram
1201 2269 1309 2298 calcare
1318 2268 1466 2301 Romanos,
1475 2267 1597 2302 citraque
1605 2271 1713 2302 pactum
1731 2272 1812 2300 agere

1019 2315 1155 2349 Priscum,
1171 2320 1198 2344 et
1209 2319 1302 2351 aperte
1315 2322 1408 2351 pacem
1423 2314 1457 2342 ab
1472 2321 1505 2341 eo
1519 2313 1644 2341 convelli.
1658 2312 1812 2346 Respondet

1020 2362 1128 2393 Priscus
1143 2370 1152 2391 :
1166 2362 1320 2391 Romanum
1336 2367 1445 2397 quoque
1459 2365 1486 2388 tu
1503 2359 1576 2388 subis
1589 2358 1687 2387 solum.
1706 2358 1808 2392 Chatta-

1020 2417 1083 2443 uus,
1097 2409 1191 2442 armis,
1207 2408 1305 2443 inquit,
1319 2413 1346 2447 et
1358 2408 1420 2443 jure
1435 2407 1511 2439 belli,
1526 2406 1665 2433 Romanos
1677 2406 1730 2433 hoc
1745 2407 1810 2432 ami-

1020 2456 1099 2484 sisse.
1113 2455 1242 2488 Chagano
1253 2454 1368 2489 amplius
1383 2454 1490 2481 rixante
1504 2458 1532 2480 et
1547 2453 1716 2487 disceptante
1726 2451 1759 2478 de
1774 2453 1816 2478 his

1021 2503 1098 2535 locis,
1114 2502 1235 2530 Priscum
1249 2501 1340 2536 fugam
1354 2508 1388 2530 ex
1401 2499 1513 2530 Oriente
1525 2499 1706 2534 exprobrasse
1721 2494 1815 2526 dicunt

1020 2548 1158 2584 Cbagano.
1184 2546 1305 2577 Instante
1325 2552 1444 2581 namque
1463 2549 1558 2573 aestate
1579 2545 1742 2580 Chagauus,
1767 2545 1813 2578 qui

1021 2593 1156 2626 laudibus,
1165 2600 1180 2620 a
1188 2591 1285 2620 Turcis
1296 2592 1324 2619 in
1338 2590 1449 2620 Oriente
1459 2589 1622 2624 celebratur,
1642 2590 1747 2626 legatos
1761 2590 1811 2616 mi—

1021 2643 1094 2668 serat
1108 2638 1141 2666 ad
1158 2638 1239 2674 190
1253 2637 1413 2665 Mauricium
1431 2636 1633 2672 imperatorem,
1649 2643 1734 2671 eaque
1744 2643 1812 2664 con-

1021 2684 1129 2711 cinnata
1143 2683 1256 2718 epistola
1269 2682 1393 2710 exaravit
1407 2681 1539 2717 epinicia:
1554 2681 1619 2716 Regi
1630 2680 1812 2708 Romanorum

1021 2731 1165 2764 Cltaganns
1180 2736 1293 2765 niaguus
1305 2729 1431 2757 dominus
1452 2732 1556 2764 septem
1569 2727 1690 2763 gentium
1703 2747 1710 2761 ,
1727 2728 1814 2755 domi’

1022 2784 1073 2802 nus
1088 2775 1227 2803 climatum
1238 2773 1367 2802 universi.
1634 2780 1638 2783 ”

181 2823 325 2860 ἐπιστολήν
349 2832 379 2851 τε
406 2823 594 2860 συντεταχὼς,
621 2823 742 2853 ἐπινίκια
767 2824 916 2860 ὲχάραττεν
941 2824 968 2851 ἐν
988 2823 1067 2859 αὐτῇ.
1103 2823 1135 2851 'll
1157 2822 1186 2850 δέ
1208 2822 1257 2859 τῆς
1279 2822 1423 2858 ἐπιστολῆς
1448 2819 1590 2857 ἐπιγραφὴ
1610 2816 1685 2856 εἶχεν
1705 2819 1752 2847 ἐπὶ
1769 2818 1814 2847 λέ-
