1943 3072
141 93 193 128 951

651 95 909 127 CONSTANTINI
932 95 1271 128 PORPIIYROGENITI

1725 97 1786 130 952

141 153 209 186 ξεως
224 151 322 184 οὕτως·
337 150 384 188 τῷ
400 150 506 187 βασιλεῖ
518 151 572 179 τῶν
589 150 734 188 Ῥωμαίων
748 153 763 180 ὁ
777 152 903 186 Χαγάνος
936 153 950 179 ό
968 151 1053 188 μέγας
1073 152 1207 188 δεσπότης
1226 152 1297 180 ἑπτὰ
1316 153 1420 188 γενεῶν
1455 152 1550 189 κύριος
1570 153 1714 190 κλιμάτων
1730 155 1785 191 τῆς

141 197 317 232 οἰκουμένης.

176 244 253 279 Quod
269 243 415 279 incipiente
423 250 496 277 vere,
512 243 632 273 instante
648 244 765 272 maxima
780 250 931 279 temporum
947 247 973 275 Α

139 291 307 322 festivitate,
324 297 376 325 qua
389 290 543 326 passionem
560 290 641 318 simul
662 294 689 318 et
707 291 934 319 resurrectionem

140 337 189 366 Dei
204 337 358 366 Servatoris
368 337 456 365 solent
475 337 632 370 celebrare,
652 337 776 372 fameque
797 337 935 364 Romanos

140 389 294 419 premente,
320 384 457 419 insperato
472 385 588 419 quoniam
600 384 657 412 sive
667 392 747 417 casu,
768 384 825 412 sive
846 384 936 418 provi-

141 430 232 458 dentia
242 429 457 465 Dei,Chaganus
472 430 505 458 ad
517 428 654 457 Romanos
669 429 760 462 mittit,
772 430 834 457 fami
851 430 935 464 impo-

141 477 243 506 siturus
253 476 344 505 linem.
353 476 439 510 Quam
453 477 491 504 rei
504 477 650 504 novitatem
662 476 688 504 in
699 476 807 504 dubium
819 476 934 511 primum

142 523 226 551 traxit
240 523 421 556 Priscus,nec
436 523 461 550 ei
479 522 599 551 conlidit.
617 522 764 558 Postquam
777 530 840 550 vero
856 530 936 550 secu-

141 577 192 598 rus
209 569 308 602 iactus,
327 568 442 597 Romani
459 569 531 597 inter
544 576 574 597 se
589 574 616 597 et
630 568 743 596 Barbari
765 568 886 596 iecerunt
904 576 936 596 ac

142 620 322 652 susceperunt
342 615 463 652 quinque
493 616 596 644 dierum
611 615 749 647 inducias,
778 614 936 649 sublatoque

142 661 218 691 omni
232 666 315 695 metu,
327 660 472 697 Chaganus
487 661 669 690 esurientibus
681 661 812 689 Romanis
829 661 862 687 ad
879 661 935 687 {ru-

142 709 340 736 mentationem
353 708 467 743 praebuit
481 707 614 736 Vehicuia.
623 707 769 741 Propterea
784 712 839 734 lam
851 707 937 740 inopi-

143 758 210 781 nata
224 753 277 781 ista
289 753 433 781 barbarica
447 753 601 781 humanitas
612 754 645 780 ad
655 757 748 780 nostra
764 760 849 787 usque
867 757 937 779 tem-

144 807 212 835 pora
224 803 266 827 est
281 804 437 834 propagata.
451 798 553 832 Quarta
568 799 611 827 die
626 798 756 826 Romanis
775 798 860 833 copiis
881 799 937 825 ins-

143 845 242 882 tructis
269 845 303 872 ad
323 845 407 872 vitam
429 845 510 872 rebus
535 845 711 878 necessariis,
734 845 836 880 legatos
865 845 939 873 misit

143 892 299 927 Chaganus,
314 891 422 919 Indicas
433 899 448 918 a
460 890 554 919 Prisco
566 891 700 926 petiturus
715 899 828 919 merces.
841 891 870 919 in
885 899 937 927 qua

143 946 176 966 re
190 938 310 965 Barbaro
326 937 435 965 Priscus
449 937 647 965 obsecundatus
657 956 665 970 ,
678 942 705 965 et
720 938 796 972 piper
810 938 894 970 misit,
913 943 940 965 et

144 984 238 1012 folium
256 984 375 1011 indicum
387 1004 394 1015 .
410 983 583 1018 casiamque,
601 988 701 1019 etquae
722 984 822 1011 dicitur
836 989 940 1011 costus.

145 1030 196 1058 llic
211 1038 276 1058 vero
296 1030 415 1065 acceptis
431 1030 559 1058 Romanis
576 1030 734 1057 muneribus
745 1051 752 1061 ,
771 1030 938 1058 aromatibus

145 1077 291 1110 dclinitus,
306 1077 450 1104 admodum
463 1076 611 1104 oblectatus
626 1081 684 1104 est:
708 1082 734 1104 et
754 1077 793 1104 sic
814 1085 827 1104 a
853 1085 941 1113 pugna

146 1121 286 1153 abstinuit,
299 1121 384 1148 donec
393 1121 523 1149 Romanis
535 1121 641 1156 publica
655 1121 699 1148 illa
715 1122 809 1156 ingens
821 1123 935 1150 celebri»

147 1171 189 1195 tas
213 1167 413 1201 prueteriisset:
436 1166 471 1195 ob
488 1167 602 1195 invicem
620 1175 685 1195 vero
708 1175 737 1195 se
761 1175 822 1195 cum
849 1168 943 1196 metati

147 1218 250 1244 essent,
269 1213 396 1250 utrinque
417 1219 506 1241 tamen
521 1213 612 1241 omnia
632 1218 710 1241 erant
725 1221 831 1242 secura.
853 1214 942 1242 Finito

148 1259 246 1287 deinde
255 1259 333 1293 festo,
344 1260 455 1288 nuntios
463 1259 607 1296 Chaganus
615 1260 700 1292 misit,
712 1259 938 1295 sejungcndarnm

147 1313 163 1332 ο
179 1313 208 1333 se
221 1311 313 1334 mutuo
328 1306 478 1341 copiarum.

1023 244 1085 272 Ὅτι
1099 243 1147 272 τοῦ
1165 242 1232 280 ἦρος
1250 244 1417 280 ἀνίσχοντος,
1437 244 1588 281 μελλούσης
1606 245 1635 273 δὲ
1652 246 1786 283 ἐπιϐήσε-

986 290 1049 318 σθαι
1070 290 1121 326 τῆς
1147 290 1269 326 μεγάλης
1288 290 1343 318 τῶν
1362 290 1468 326 χρόνων
1488 292 1601 327 ἑορτῆς,
1623 292 1671 319 καὶ
1693 293 1786 325 πάθος

986 337 1055 373 ὁμοῦ
1078 337 1125 364 καὶ
1147 337 1303 373 ἀνάστασιν]
1313 336 1360 364 τοῦ
1383 337 1511 372 Σωτῆρος
1533 337 1676 373 ἑορτάξειν
1697 338 1783 370 Θεοῦ,

986 383 1033 411 τοῦ
1043 392 1072 411 τε
1080 383 1161 419 λιμοῦ
1176 383 1239 416 τοὺς
1252 383 1406 419 Ῥωμαίους
1415 384 1643 417 καταπιέζοντος,
1659 393 1696 412 πα
1702 385 1786 420 9:156-

986 430 1025 466 ξῳ
1048 429 1160 465 προνοίᾳ
1181 431 1236 457 τινὶ
1259 431 1274 457 ὁ
1300 431 1427 465 Χαγάνος
1450 430 1520 466 πρὸς
1541 431 1606 463 τοὺς
1623 431 1785 466 Ῥωμαίους

988 475 1178 510 πρεσϐεύεται.
1196 475 1228 502 Ἦ
1244 475 1273 502 δὲ
1291 475 1403 508 ἀξίωσις
1417 473 1462 512 ἦν,
1480 476 1557 504 λύσιν
1573 477 1612 512 τῷ
1629 476 1700 512 λιμῷ
1719 478 1784 503 ἑπι-

988 521 1084 549 θεῖναι.
1101 521 1130 549 ’0
1149 522 1198 557 μὲν
1212 520 1259 548 οὖν
1274 521 1404 557 Πρίσκος,
1421 523 1466 549 ἐπὶ
1482 522 1521 558 τῷ
1538 524 1714 558 κοινοπρεπεί
1728 523 1782 557 τῆς

988 566 1138 601 ἀξιώσεως,
1152 568 1278 604 διηπόρει
1291 577 1320 595 τε
1337 569 1383 596 καὶ
1398 569 1518 604 ἠπίστει.
1532 569 1609 596 Ἐπεὶ
1622 570 1650 596 δὲ
1668 570 1779 600 πίστεις

995 614 1126 650 Ῥωμαῖοί
1137 623 1166 642 τε
1177 615 1225 642 καὶ
1236 615 1376 651 Βάρϐαροι
1391 615 1486 643 ἔδοσαν
1498 616 1545 643 καὶ
1559 616 1780 651 ἀντελὰμϐανον,

989 659 1184 695 πένθ’ἠμέρας
1209 661 1324 692 σπονδὰς
1351 661 1562 697 συστησάμενοι,
1586 661 1636 697 τὴν
1662 661 1782 695 ἀφοϐίαν

989 707 1242 742 ὲπραγματεύοντο.
1261 708 1382 742 Ἀμάξας
1397 707 1543 742 τοιγαροῦν
1558 707 1573 733 ὀ
1590 708 1716 741 Χαγάνῡς
1734 708 1782 733 ἐπὶ

989 753 1115 787 σιτισμὺν
1132 752 1296 788 λιμώττουσι
1312 755 1368 786 τοῖς
1385 753 1533 788 Ῥωμαίοις
1550 753 1698 788 παρείχετο
1710 760 1718 768 ·
1735 752 1783 780 διὰ

989 798 1068 826 τοῦτο
1088 799 1168 834 μέχρι
1185 799 1240 826 τῶν
1258 799 1362 834 χρόνων
1380 800 1436 826 τῶν
1454 799 1516 827 καθ’
1528 800 1601 835 ἡμᾶς
1619 799 1672 827 τῶν
1691 808 1785 834 παρα-

990 846 1222 880 δοξολογουμένων
1245 846 1279 873 τὰ
1300 846 1352 881 τῆς
1376 846 1548 882 βαρϐαρικῆς
1573 846 1784 881 φιλανθρωπίας

990 892 1092 927 ταύτης
1111 892 1276 928 καθέστηκε.
1290 892 1414 928 Τετάρτῃ
1431 893 1459 919 δὲ
1477 893 1568 929 ἡμέρᾳ
1585 892 1632 919 καὶ
1650 892 1699 926 τῆς
1713 892 1785 918 Ῥω-

995 937 1096 971 μαῖκῆς
1112 937 1252 971 δυνάμεως
1262 937 1442 972 εὐσθενούσης
1459 938 1515 969 τοῖς
1534 937 1602 972 πρὸς
1617 936 1690 972 ζωὴν
1699 937 1785 969 ἀναγ-

992 983 1146 1014 καιοτᾶτοις
1165 983 1204 1018 τῷ
1219 983 1280 1018 βίῳ,
1294 984 1308 1010 ὁ
1320 984 1447 1018 Χαγάνος
1468 983 1599 1018 πρέσϐεις
1615 982 1783 1017 ἐξέπεμψεν,

993 1030 1109 1061 Ἰνδικὰς
1119 1029 1171 1056 ὑπὸ
1185 1029 1231 1056 τοῦ
1247 1029 1368 1065 Πρίσκου
1382 1029 1474 1056 λαϐεῖν
1487 1029 1571 1062 ἀξιῶν
1582 1029 1744 1064 καρυκείας.
1754 1029 1784 1054 '0

997 1077 1046 1112 μὲν
1063 1074 1109 1103 οὖν
1127 1075 1247 1110 Πρίσκος
1266 1076 1314 1102 τοῦ
1327 1076 1473 1112 Βαρϐάρου
1491 1075 1540 1111 τὴν
1556 1075 1668 1107 ἀξίωσιν
1686 1074 1784 1108 ἐθερά-

995 1122 1179 1157 πευε,πέπερί
1193 1130 1223 1148 τε
1237 1121 1386 1157 ἐξέπεμψε,
1403 1122 1449 1148 καὶ
1464 1121 1564 1156 φύλλον
1577 1120 1699 1152 Ἰνδικὸν,
1715 1128 1785 1146 κασ-

998 1168 1058 1195 σίαν
1071 1176 1100 1194 τε
1113 1168 1160 1194 καὶ
1172 1168 1202 1194 τὺ
1216 1167 1362 1202 λεγόμενον
1377 1167 1487 1194 κόστονο
1502 1167 1516 1193 ὁ
1530 1166 1558 1193 δὲ
1572 1164 1718 1192 ἀπολαϐὼν
1731 1164 1782 1194 τὰς

1003 1213 1160 1248 Ῥωμαϊκὰς
1172 1213 1290 1249 δωρεὰς,
1305 1213 1618 1248 καταρωματισάμενος,
1634 1211 1706 1247 ἥσθη
1720 1210 1782 1236 λίαν

994 1259 1161 1295 περιχσρώς.
1179 1260 1284 1286 Γίνεται
1301 1259 1347 1286 οὖν
1361 1259 1503 1294 ἀπόμαχος
1521 1259 1617 1294 μέχρις
1633 1258 1695 1284 ὅτου
1714 1256 1782 1283 Ῥω-

994 1306 1085 1341 μαιοις
1102 1307 1117 1341 ὴ
1134 1305 1284 1341 δημοτελὴς
1305 1305 1396 1342 ἐκείνη
1419 1305 1524 1341 μεγάλη
1547 1306 1701 1340 πανήγυρις
1718 1304 1783 1329 ἐπει

148 1352 279 1388 πέραστο.
305 1352 499 1388 Συνηυλίζοντο
520 1351 666 1388 τοιγαροῦν
690 1352 723 1379 τὰ
746 1352 892 1379 ἀντίθετασ
923 1353 970 1380 καὶ
1002 1353 1052 1380 οὐκ
1076 1351 1110 1388 ἦν
1127 1352 1186 1384 δέος
1208 1353 1236 1378 ὲν
1252 1352 1398 1387 ἑκατέραις
1418 1352 1575 1388 δυνάμεσιν.
1594 1351 1698 1378 Οὐκοῦν
1715 1351 1783 1377 άπε-

149 1401 368 1436 τερματιζούσης
380 1402 429 1437 τῆς
445 1402 553 1437 ἑορτῆς,
569 1403 701 1438 ἀγγέλους
726 1404 741 1431 ὀ
755 1405 879 1439 Χαγάνος
913 1404 1062 1439 ἐξέπεμπε,
1084 1403 1271 1439 διακρίνεσθαι
1308 1404 1356 1430 ἀπ’
1383 1403 1506 1438 ἀλλήλων
1527 1402 1610 1437 ἀξιῶν
1630 1403 1678 1433 τὰς
1702 1401 1783 1427 δυνα-

151 1455 223 1482 μεις.

186 1492 264 1525 Quod
279 1500 294 1519 a
311 1493 403 1528 quinta
419 1501 518 1529 pugna,
534 1495 655 1523 devictus
670 1504 683 1522 τι
696 1495 825 1524 Romanis
837 1497 942 1531 Chaga-

150 1544 213 1570 nus,
232 1542 377 1573 antequam
403 1540 560 1574 imperatori
584 1541 686 1576 aliquid
702 1542 734 1569 de
752 1542 823 1569 facto
833 1547 942 1569 consta-

152 1587 204 1615 ret,
219 1582 321 1617 iegatos
336 1584 369 1612 ad
381 1583 539 1612 Mauricium
556 1586 669 1614 misitde
679 1587 794 1622 captivis
809 1587 941 1622 recipien-

152 1628 204 1656 dis.
224 1629 308 1656 Erlut
329 1637 361 1657 ea
388 1631 471 1659 millia
492 1632 700 1667 septemdecim,
723 1641 784 1660 cum
805 1634 940 1661 ducentis.

152 1673 300 1702 Mauricius
312 1675 404 1710 itaque
420 1677 500 1705 minis
509 1677 622 1705 Barbari
637 1686 789 1713 percussus,
806 1679 943 1707 oratione-

152 1726 206 1754 que
221 1720 429 1754 circumventus,
444 1729 493 1757 per
504 1722 673 1750 tabellarium
689 1724 781 1752 Prisco
797 1724 942 1756 mandavit,

153 1768 185 1791 ut
197 1764 319 1800 captivos
333 1766 456 1794 redderet
469 1766 598 1802 Chagano
609 1768 724 1802 Abaros,
737 1777 769 1797 ac
781 1770 817 1796 ita
836 1770 943 1804 quidem

154 1818 170 1837 a
187 1811 308 1849 periculo
322 1811 400 1840 liberi
415 1813 564 1842 redduntur
574 1813 701 1849 Cit-sano
715 1815 839 1843 Barbari.

1032 1496 1095 1522 Ὅτι
1109 1496 1124 1522 ὁ
1136 1494 1262 1528 Χαγάνος
1277 1494 1346 1529 μετὰ
1358 1494 1407 1529 τὴν
1420 1493 1549 1530 πέμπτην
1561 1491 1648 1529 ἧτταν
1661 1501 1783 1520 καταπο-

995 1540 1124 1575 λεμηθεὶς
1146 1540 1198 1566 ὑπὸ
1214 1539 1369 1574 Ῥωμαίων,
1387 1540 1452 1575 πρίν
1473 1548 1503 1566 τε
1520 1539 1566 1566 τὸν
1590 1539 1781 1574 αὐτοκράτορα.

993 1586 1048 1613 τῶν
1062 1586 1255 1621 γεγενημένων
1275 1587 1303 1613 ὲν
1318 1586 1420 1621 είδὴσει
1441 1586 1581 1620 γενέσθαι,
1603 1585 1733 1619 πρέσϐεις
1750 1585 1784 1616 νὲς

994 1632 1147 1666 Μαυρίκιον
1174 1631 1306 1666 ἐπεμψεν,
1330 1631 1475 1659 ἀναλαϐεῖν
1501 1632 1564 1663 τοὺς
1590 1629 1782 1665 ζωγρηθέντας

996 1677 1176 1713 πειρώμενος.
1187 1676 1277 1704 Ἦσαν
1292 1678 1321 1705 δὲ
1336 1677 1456 1713 χιλιάδες
1473 1671 1543 1704 ἐπτᾶ
1559 1677 1607 1703 καὶ
1623 1676 1688 1702 δέκα
1713 1675 1782 1710 πρὶς

996 1725 1052 1756 τοῖς
1067 1724 1225 1756 διακοσίοις.
1241 1724 1271 1751 ’ὓ
1287 1724 1316 1751 δὲ
1332 1723 1501 1760 Μαυρίκιος,
1517 1725 1577 1755 ταῖς
1593 1722 1719 1753 ἀπειλαῖς
1736 1720 1782 1747 τοῦ

997 1770 1141 1806 Βαρϐάρου
1157 1770 1356 1805 καταπλαγεὶς,
1377 1771 1424 1798 καὶ
1445 1771 1500 1802 τοῖς
1519 1770 1609 1804 λόγοις
1630 1768 1781 1801 ἀποϐουκο-

996 1816 1137 1852 λούμενος,
1150 1817 1183 1844 δι’
1192 1817 1354 1850 ἐπιστολέως
1364 1817 1403 1853 τῷ
1415 1817 1527 1852 Πρίσκῳ
1539 1815 1705 1852 προσέταξεν
1715 1816 1784 1842 ἁπο-

154 1858 246 1886 δοῦναι
256 1859 321 1892 τοὺς
334 1860 526 1898 ζωγρηθέντας
534 1862 574 1898 τῷ
588 1863 707 1899 Χαγάνῳ
721 1863 864 1900 ’Δϐάρους.
876 1863 954 1891 Οὕτω
976 1865 1026 1900 μὲν
1044 1863 1090 1892 οὖν
1120 1865 1174 1893 ἀπὸ
1191 1866 1241 1902 τῆς
1259 1866 1364 1901 τόμεως
1395 1865 1545 1894 ἀνεδίδοντο
1562 1865 1600 1901 τῷ
1620 1865 1738 1899 Χαγάνῳ
1759 1865 1783 1890 οι

157 1906 309 1943 Βάρϐαροι.

405 1972 762 1989 2
785 1976 1582 1981 ._______________,
1604 1978 1632 1979 κ

782 2057 1167 2116 ΥΠΟΘΕΣΙΣ

310 2161 427 2206 ΤΟΥ
464 2163 594 2206 ΠΕΡΙ
630 2162 739 2206 ΤΗΣ
777 2162 988 2205 ΑΡΕΤΗΣ
1027 2162 1124 2205 ΚΑΙ
1156 2159 1360 2206 ΚΑΚΙΑΣ
1397 2162 1622 2206 ΒΙΒΛΙΟΥ

494 2245 564 2272 ΤΟΥ
583 2244 858 2273 ΚΩΝΣΤΔΝΤΙΝΟΥ
879 2243 1061 2271 ΠΟΡΦΥΡΑΣ
1079 2243 1266 2272 ΔΠΟΓΟΝΟΥ
1286 2244 1437 2273 ΠΡΩΤΟΥ.

723 2370 1226 2428 ABGUMENTUM

325 2481 492 2527 LIBRI
530 2481 706 2526 PBIMI
748 2481 822 2525 DE
858 2479 1231 2526 VIBTUTIBUS
1274 2479 1350 2524 ET
1387 2479 1606 2529 VI'i‘ilS,

635 2559 906 2592 CONSTANTINI
929 2559 1340 2592 PORPHYROGENETE.

181 2619 269 2656 (Apud
279 2619 357 2646 Henr.
370 2620 498 2647 Yalesimn
507 2620 532 2647 in
542 2621 708 2648 Collectaneis
717 2620 874 2648 Constantini
885 2621 1087 2683 Sans
1098 2621 1168 2653 16st,
1183 2621 1216 2647 ιο.
1229 2621 1291 2648 Vide
1303 2621 1399 2648 Fabric.
1414 2622 1479 2653 apud
1489 2628 1536 2646 nos
1546 2620 1606 2647 tomi
1616 2621 1756 2653 superioris

945 2719 981 2726 ..με

188 2760 348 2798 Quieunque
370 2761 435 2791 olim
462 2763 521 2792 sive
534 2771 625 2800 reges,
649 2763 706 2792 sive
728 2763 810 2792 sortis
828 2763 941 2799 privatae
957 2765 979 2793 Ι)

153 2805 296 2844 homines.
321 2812 415 2842 mente
442 2808 553 2844 fuerunt
578 2817 667 2846 neque
690 2809 873 2846 voluptatibus
898 2811 945 2839 de-

1029 2764 1107 2792 Ὂσοι
1126 2765 1181 2792 τῶν
1199 2765 1282 2792 πάλαι
1306 2765 1372 2793 ποτὲ
1395 2764 1526 2800 βασιλέων
1545 2773 1574 2791 τε
1599 2763 1646 2790 καὶ
1667 2763 1782 2790 ἰδιωτῶν

998 2811 1035 2848 μὴ
1049 2811 1094 2838 τὸν
1109 2812 1171 2839 νοῦν
1186 2811 1381 2848 παρεσύρησαν
1395 2811 1500 2847 ἡδοναῖς
1514 2811 1530 2846 ἢ
1547 2810 1779 2846 κατεμαλακίιιίιη⁴
