1943 3072
143 129 195 162 333

392 125 608 156 PROCEMIUM
630 126 670 156 IN
691 124 958 156 COLLECTANEA
979 125 1026 156 DE
1045 127 1280 158 VlRTUl‘lllUS
1301 126 1348 158 ET
1365 126 1496 159 VITIIS.

1713 126 1766 158 955

144 195 209 217 σαν,
227 183 295 212 ἀλλὰ
309 183 340 210 τὸ
355 183 406 218 τῆς
425 183 514 219 ψυχῆς
533 183 643 217 εύγενὲ;
663 182 828 218 ἁκηλίδωτον
846 182 929 217 αρετῇ

983 189 1106 218 pravata.
1123 191 1210 218 neque
1240 183 1354 211 mollitie
1378 187 1520 218 corrupta,
1535 181 1582 210 sed
1607 182 1692 210 animi
1712 191 1768 210 no—

145 226 420 266 συνετήρησαν,οὗτοι
434 229 477 264 δὴ.
487 227 560 255 οὗτοι
577 230 623 256 καὶ
639 229 729 261 πόνοις
744 229 929 262 ἐνεκαρτέρη-

145 285 202 308 Juv.
222 276 269 303 xui.
289 275 378 310 λόγοις
400 275 637 311 ἐνησχολήθησαν·
656 276 702 301 καὶ
721 275 800 306 ἄλλος
821 274 885 300 ἄλλο
901 282 927 300 τι

146 323 195 350 τῶν
211 323 267 350 ὅσοι
284 321 464 357 λογικώτερον
483 321 652 353 ἐπεϐίωσαν,
671 321 796 352 παιδείας
814 320 927 355 ἐρασταὶ.

146 368 284 404 γεγονότες
301 367 511 403 σπουδαιότερόν
527 376 587 394 τινα
604 367 810 402 συνεγράψαντο
822 373 830 382 ο
848 366 928 392 τοῦτο

143 414 192 449 μὲν
204 414 252 448 τῆς
261 413 337 448 σφῶν
346 413 436 440 αὐτῶν
446 412 630 447 πολυμαθείας
640 413 737 447 δεῖγμα
750 412 864 447 ἐναργὲς
872 412 929 442 τοῖς

143 458 290 493 μετέπειτα
305 459 468 486 καταλιπεῖν
482 458 651 493 ίμειρόμενοι
663 466 671 474 ο
687 458 766 484 τοῦτο
779 458 808 484 δὲ
823 457 870 484 καὶ
885 456 929 482 εῦ-

143 504 236 530 κλειαν
251 505 416 540 ἀείμνηστον
431 505 463 532 ἐκ
476 504 530 530 τῶν
546 505 764 540 ἐντυγχανόντων
777 502 929 538 καρπώσα-

143 549 206 576 σθαι
225 549 370 585 μνώμενοι.
385 550 461 576 Ἐπεὶ
477 549 506 576 δὲ
522 550 554 576 ἐκ
570 549 618 584 τῆς
635 549 690 575 τῶν
707 549 841 575 τοσούτων
858 547 929 574 ἐτῶν

144 595 313 631 περιδρομῆς
331 596 447 623 ἄπλετόν
462 604 488 622 τι
506 595 602 631 χρῆμα
620 596 668 621 καὶ
685 596 855 630 πραγμάτων
873 595 930 628 ἐγί-

143 651 238 676 γνετο,
252 644 300 669 καὶ
315 642 400 676 λόγων
415 643 545 669 ἐπλέκετο
554 661 562 674 ,
577 642 619 668 ἐπ’
629 642 742 677 ἀπειρόν
754 651 783 668 τε
797 641 845 668 καὶ
858 641 930 676 ἀμή-

145 697 224 724 χανον
243 690 259 723 ὴ
279 689 327 722 τῆς
350 689 470 724 ἱστορίας
490 689 618 724 εὐρύνετο
642 688 805 724 συμπλοκή·
826 688 880 715 ἔδει
900 688 929 714 δὲ

145 733 376 768 ἐπιρῤεπέστερον
394 732 462 768 πρὸς
479 733 513 760 τὰ
533 734 618 769 χείρω
635 734 684 769 τὴν
703 734 758 760 τῶν
777 733 930 769 ἀνθρώπων

144 778 306 813 προαίρεσιν
328 779 518 813 μετατίθεσθαι
539 779 645 814 χρόνοις
659 779 781 814 ὕστερον,
797 780 843 806 καὶ
857 779 930 813 ὀλιγ-

145 823 223 858 ώρως
241 824 312 859 ἔχειν
330 825 396 859 πρὶς
414 827 447 852 τι
464 826 533 852 καλὰ
549 826 595 852 καὶ
611 825 799 861 ῥᾳθυμότερον
830 826 931 852 διακεῖ-

147 870 209 896 σθα;
225 871 293 905 πρὸς
309 871 358 906 τὴν
374 870 428 897 τῶν
444 871 607 906 φθασάντων
621 872 749 905 γενέσθαι
767 871 928 906 κατάληψιν,

147 916 265 942 κατόπιν
288 917 433 951 γινομένης
454 917 504 952 τῆς
523 917 640 951 ἀληθοῦς
661 917 824 950 ἐπιτεύξεως
837 925 843 932 ·
866 917 929 944 ὥστ’

146 961 269 988 ἐντεῦθεν
287 962 384 997 ἀδηλία
402 962 560 994 σκιάζεσθαι
577 964 626 997 τῐ-,ν
641 963 691 998 τῆς
711 964 832 999 ἱστορίας
852 963 931 998 ἐφεύ-

147 1015 230 1040 ρεσιν,
248 1008 285 1041 πὴ
304 1008 351 1042 μὲν
368 1008 463 1034 σπάνει
479 1008 578 1043 βίϐλων
591 1009 750 1044 ἐπωψελῶν,
765 1010 803 1045 πὴ
818 1011 845 1036 δέ
861 1010 931 1045 πρὸς

144 1054 194 1086 τὴν
210 1054 326 1088 ἐκτάδην
340 1055 504 1089 πολυλογίαν
518 1056 713 1091 δειμαινόντων
729 1057 774 1083 καὶ
790 1058 931 1094 κατορρω-

145 1097 262 1124 eoum.»
275 1106 281 1113 '
306 1100 320 1125 ὁ
338 1099 386 1134 τῆς
412 1100 556 1135 πορφύρας
575 1103 709 1135 ἀπόγονος
727 1102 931 1134 Κωνσταντῖνος

145 1142 160 1167 ὁ
179 1142 386 1177 ὀρθοδοξὸτατος
406 1147 452 1171 καὶ
471 1146 731 1180 χριστιανικώτατος
747 1147 801 1174 τῶν
821 1147 930 1174 πώποτε

147 1187 397 1222 βεϐασιλευκότι-ιν,
420 1190 625 1226 ὀξυωπέστερον
646 1192 714 1227 πρὸς
734 1192 784 1228 τὴν
805 1193 858 1220 τῶν
879 1201 931 1220 κα-

146 1233 200 1259 λῶν
209 1234 370 1269 κατανόησιν
380 1236 562 1270 διακείμενος,
573 1237 620 1264 καὶ
630 1237 795 1273 δραστήριον
807 1237 932 1273 ἐσχηκὼς

147 1280 225 1312 νοῦν,
242 1280 332 1316 ἔκρινε
349 1281 487 1316 βέλτιστον
503 1280 573 1310 εἶναι
590 1284 637 1310 καὶ
654 1284 831 1319 κοινωφελές,
847 1285 886 1321 τῷ
902 1293 931 1311 τε

149 1326 199 1360 βίῳ
220 1326 396 1362 ὀνησιφόρον,
417 1328 549 1364 πρότερον
573 1329 622 1364 μὲν
644 1329 778 1365 ζητητικῇ
794 1330 931 1365 διεγέρσει

149 1371 256 1405 β’ῧλους
273 1372 383 1398 ἄλλοθεν
400 1372 482 1405 ἄλλας
500 1373 528 1406 ἐξ
547 1374 655 1409 ἀπάσης
675 1374 826 1410 ἑκασταχοῦ
843 1376 932 1402 οἰκον-

149 1417 233 1451 μένης
251 1418 446 1452 συλλέξασθαι,
464 1419 637 1455 παντοδαπῆς
653 1420 681 1446 δὲ
699 1420 854 1452 πολυειδοῦς
873 1422 932 1447 ἐπι-

148 1463 253 1498 στήμης
268 1465 434 1496 ἐγκύμονας.
450 1465 566 1492 Ἔπειτα
579 1466 609 1492 τὸ
621 1466 670 1501 τῆς
685 1466 869 1498 πλατυεπείας
884 1467 932 1501 μέ-

146 1508 225 1542 γεθος
247 1509 293 1535 καὶ
314 1510 398 1541 ἀκοὰς
418 1512 575 1542 ἁποκναῖον,
595 1511 682 1543 ἄλλως
698 1520 728 1538 τε
749 1512 795 1538 καὶ
816 1513 931 1547 ὀχληρὶν

147 1555 193 1580 καὶ
207 1555 334 1589 φορτικὸν
346 1556 508 1590 φαινόμενον
520 1557 575 1587 τοῖς
591 1556 710 1589 πολλοῖς,
726 1556 780 1583 δεῖν
791 1556 868 1592 ᾠήθη
884 1566 933 1584 κα-

145 1599 292 1634 ταμερίσαι
308 1600 388 1627 τοῦτο
404 1601 444 1632 είς
461 1601 678 1636 λεπτομέρειανί,
700 1601 886 1636 ἀνεπιφθόνως
902 1610 931 1628 τε

146 1644 285 1678 προθεῖναι
308 1646 374 1672 πᾶσι
395 1646 472 1681 κοινῇ
493 1645 542 1681 τὴν
564 1646 596 1672 ἐκ
617 1645 721 1672 τούτων
742 1647 932 1682 ἀναφυομένην

146 1689 278 1723 ὠφέλειαν
289 1699 295 1705 ·
311 1690 348 1722 ὡς
364 1691 395 1717 ἐκ
413 1691 462 1726 μέν
475 1691 524 1727 τῆς
540 1692 657 1727 ἐκλογῆς
673 1694 933 1728 προσεκτικωτέρως

147 1736 195 1763 καὶ
216 1736 435 1772 ὲνδελεχέστερον
455 1739 683 1774 κατεντυγχάνειν
701 1740 763 1772 τοὺς
783 1742 932 1775 τροφῖμους

147 1782 200 1808 τῶν
222 1781 320 1816 λόγων.
343 1784 391 1809 καὶ
415 1783 602 1819 μονιμώτερον
623 1785 805 1813 ἐντυποΰσθαι
827 1787 933 1820 τούτοις

146 1827 195 1862 τὴν
208 1828 262 1855 τῶν
275 1828 361 1862 λόγων
375 1829 548 1864 εὐφράδειαν.
564 1830 754 1866 Μεγαλοφνῶς
767 1841 797 1859 τε
813 1832 860 1859 καὶ
887 1833 933 1860 ἀν·-

146 1873 287 1908 επηϐόλως
295 1873 363 1909 πρὸς
374 1875 421 1901 ἐπὶ
432 1874 538 1907 τούτοις
551 1877 734 1913 καταμερίσαι
743 1877 782 1909 εἰς
790 1877 933 1909 ὑποθέσεις

145 1919 300 1953 διαφόρους,
320 1921 393 1955 τρεῖς
416 1921 463 1948 ἐπὶ
483 1923 538 1953 τοῖς
559 1922 729 1958 πεντήκοντα
750 1924 795 1950 τὸν
815 1924 932 1959 ἀριθμὸν

146 1962 239 1996 οὑσας,
255 1965 283 1989 ἐν
298 1961 341 1995 αἷς
357 1965 403 1991 καὶ
418 1965 463 2000 ὑψ*
474 1963 517 1997 αἷς
532 1966 626 1993 ἅπασα
641 1967 765 2003 ἱστορικὴ
782 1968 933 2004 μεγαλουρ-

146 2009 194 2043 γία
209 2008 391 2043 συγκλείεται.
407 2011 461 2037 Καὶ
476 2011 525 2038 οὐκ
540 2011 614 2038 ἐστιν
627 2012 704 2040 οὐδὲν
718 2014 772 2040 τῶν
787 2015 933 2050 συγκειμέ-

146 2063 210 2087 νων,
235 2055 249 2081 ὅ
273 2055 449 2089 διαφεύξεται
474 2057 523 2091 τὴν
548 2057 676 2093 τοιαύτην
699 2058 753 2085 τῶν
777 2059 932 2087 ὑποθέσεων

145 2101 350 2136 ἀπαρίθμησιν,
371 2103 447 2129 οὐδὲν
464 2104 493 2130 τὸ
515 2105 646 2139 παράπαν
663 2106 866 2142 ἀφαιρουμένης
881 2107 931 2142 τῆς

145 2147 192 2175 τοῦ
206 2147 284 2181 λόγου
299 2147 458 2180 ἀκολουθίας
471 2150 502 2185 τῇ
517 2150 646 2185 διαιρέσει
657 2152 711 2178 τῶν
723 2153 831 2179 ἐννοιῶν
842 2161 848 2167 ·
863 2153 931 2180 ἀλλὰ

982 229 1113 255 hititamn
1143 231 1332 256 intemeratum
1352 229 1385 256 ad
1411 230 1538 256 virtutem
1560 234 1769 260 causervarnnt.

982 275 1008 301 hi
1026 275 1146 309 profecto
1161 279 1188 302 cl
1208 275 1278 302 inter
1296 275 1404 302 labores
1425 275 1571 306 durarunt,
1584 278 1612 301 et
1632 274 1718 301 otium
1742 274 1769 300 in

983 319 1080 347 litteris
1097 325 1333 354 consumpserunt.
1347 321 1385 348 Ac
1408 320 1431 347 si
1456 320 1502 355 qui
1517 319 1622 347 illorum
1637 320 1719 346 vitam
1744 320 1770 346 in

982 365 1080 392 studiis
1096 365 1252 399 diligentius
1275 369 1402 400 egerunt.
1425 364 1585 392 eruditionis
1613 371 1706 391 amore
1729 364 1771 391 in-

982 409 1108 437 llannnati
1126 411 1226 445 aliquid
1252 410 1415 444 impensiore
1440 417 1506 438 cura
1535 409 1767 444 conscripserunt,

983 458 1079 491 partim
1096 458 1166 492 quod
1185 458 1342 493 multiplicis
1363 458 1495 485 doctrinae
1521 465 1577 485 sua;
1593 462 1697 485 certum
1717 457 1770 483 ali-

982 503 1052 537 quod
1082 504 1196 537 posleris
1220 509 1424 531 monumentum
1452 504 1606 539 relinquere
1626 508 1770 537 cttperuttt,

985 549 1082 583 partim
1101 549 1182 576 etiam
1199 549 1360 576 immortalis
1375 550 1511 577 memoria:
1528 549 1673 582 desiderio,
1689 557 1769 583 quam

984 593 1055 627 apud
1084 593 1199 621 lectores
1216 599 1456 628 consequerentur.
1481 594 1614 627 Quoniam
1637 601 1701 620 vero
1725 601 1772 626 per

984 643 1024 666 tot
1041 646 1179 665 armorutn
1206 639 1342 666 curricula
1365 645 1392 666 et
1419 646 1461 666 res
1487 639 1625 665 immensa:
1652 638 1772 672 quotidie

983 684 1178 712 exoriebantur
1205 690 1234 712 et
1267 685 1368 720 scripta
1398 685 1622 716 contexebantur,
1651 683 1771 710 histor-Le

983 730 1149 765 conscriptio
1178 738 1285 765 semper
1310 731 1390 757 latius
1406 738 1465 757 sese
1488 736 1649 764 propagans.
1668 729 1770 755 inﬁnita

981 775 1037 811 jam
1055 784 1097 804 res
1111 781 1182 808 erat,
1194 782 1221 803 et
1235 783 1294 808 quae
1311 776 1419 803 humani
1437 775 1535 810 ingenii
1548 775 1600 801 vim
1618 774 1771 801 excederet.

985 822 1129 850 Enimvero
1154 822 1233 850 aliter
1257 823 1367 849 evenire
1391 829 1442 848 non
1467 824 1584 854 poterat,
1602 819 1666 854 quin
1684 819 1774 846 homi-

986 877 1049 896 nutu
1066 869 1154 895 studia
1170 873 1197 895 et
1210 868 1362 895 voluntates
1386 866 1581 901 posterioribus
1607 865 1773 899 temporibus

984 917 1017 942 ad
1033 914 1168 942 deteriora
1187 921 1216 942 se
1243 914 1416 945 inclinarent,
1434 913 1547 940 honesta
1563 919 1664 946 susque
1686 912 1773 945 deque

985 961 1126 991 haberent,
1142 965 1169 987 et
1190 960 1223 987 ad
1240 959 1443 994 cognoscendas
1469 958 1588 992 priorum
1613 956 1772 985 surculorum

984 1014 1030 1034 ros
1057 1007 1203 1034 evaderent
1228 1005 1448 1041 ncgligentiores,
1480 1003 1688 1039 investigatione
1714 1003 1770 1030 veri

984 1052 1068 1080 semel
1095 1052 1226 1087 neglectu.
1252 1051 1290 1078 ita
1310 1056 1339 1078 ut
1367 1051 1488 1078 historia:
1512 1049 1630 1083 cognitio
1653 1049 1772 1076 tenebris

985 1099 1109 1127 obvoluta
1128 1099 1288 1126 redderetur
1306 1098 1420 1130 incerta,
1438 1103 1493 1125 tum
1507 1103 1616 1132 propter
1639 1097 1770 1124 librorum

985 1145 1089 1171 utilium
1106 1144 1236 1178 innpiant,
1255 1149 1310 1171 tum
1327 1144 1390 1178 qttia
1408 1144 1440 1171 ad
1466 1144 1509 1170 Illa
1529 1148 1569 1170 tot
1585 1148 1612 1170 et
1636 1147 1710 1169 tanta
1727 1150 1773 1169 νος

985 1191 1087 1217 lumina
1102 1190 1180 1224 vulgo
1198 1190 1320 1217 homines
1337 1189 1562 1224 expavesccbant.
1577 1189 1681 1216 Idcirco
1702 1188 1774 1216 Con-

984 1237 1121 1264 stantinus
1142 1236 1379 1271 Porphyrogeneta
1406 1235 1554 1270 imperator
1575 1235 1696 1263 omniutn
1726 1234 1772 1268 qui

985 1290 1106 1317 unquam
1124 1282 1232 1309 fuerunt
1246 1287 1325 1309 recta:
1337 1281 1396 1309 lidei
1411 1282 1599 1309 tenacissimus
1612 1286 1638 1309 et
1649 1281 1775 1308 christia-

986 1329 1123 1360 nissimus,
1141 1328 1249 1363 ingenio
1274 1328 1402 1362 [traditus
1422 1329 1455 1355 ad
1479 1335 1569 1355 rerttm
1596 1327 1772 1363 pulchrarum

985 1375 1186 1409 perceptionem
1205 1374 1373 1406 acutissimo,
1393 1381 1425 1401 eo
1440 1374 1557 1409 denique
1576 1378 1706 1409 prmtans
1728 1373 1770 1400 ir.-

986 1420 1144 1455 lt‘lligcﬂllﬂ,
1174 1425 1202 1447 ut
1233 1419 1311 1447 facile
1343 1420 1451 1455 quidvis
1475 1420 1509 1447 ad
1526 1419 1651 1447 ell‘ectum
1676 1419 1774 1454 perdu-

985 1470 1067 1497 ceret.
1085 1466 1148 1492 illud
1164 1466 1251 1500 primo
1277 1465 1336 1493 fore
1352 1467 1482 1500 optimttm
1499 1470 1540 1493 est
1555 1471 1630 1494 ratus
1652 1471 1679 1494 et
1694 1465 1774 1498 vulgo

985 1511 1112 1537 omnibus
1127 1511 1203 1542 utile,
1218 1515 1245 1536 ut
1262 1510 1347 1538 libros
1362 1510 1482 1545 undique
1496 1518 1529 1538 es
1547 1511 1672 1538 omnibus
1699 1511 1773 1538 orbis

987 1557 1107 1591 partibus
1148 1556 1270 1584 doctrina
1308 1556 1383 1583 varia
1426 1556 1540 1584 refertos
1579 1557 1772 1592 conquireret;

987 1602 1083 1629 deinde
1099 1608 1200 1629 vastam
1220 1602 1296 1629 illam
1321 1601 1452 1629 librorum
1469 1602 1567 1629 molem
1583 1610 1643 1638 quae
1657 1602 1774 1630 lectores

986 1651 1117 1676 enecabat
1132 1648 1202 1683 (cum
1228 1647 1379 1683 prtesertim
1396 1648 1508 1676 molesta
1534 1648 1671 1684 plerisque
1686 1649 1775 1676 omni-

986 1695 1036 1722 bus
1052 1699 1080 1722 et
1095 1695 1165 1722 taedii
1183 1695 1262 1729 plena
1277 1701 1308 1722 ea
1335 1701 1381 1722 res
1393 1694 1553 1729 videretur),
1569 1694 1595 1721 in
1611 1699 1702 1730 partes
1724 1694 1774 1721 nti-

987 1745 1066 1767 nutas
1082 1740 1185 1774 putavit
1204 1739 1440 1772 distribuendam,
1454 1744 1481 1767 et
1507 1739 1670 1767 luculentam
1698 1740 1773 1767 utili-

987 1790 1068 1813 tatem
1095 1793 1157 1820 quae
1182 1789 1287 1820 poterat
1309 1785 1372 1812 inde
1397 1785 1499 1820 percipi
1523 1785 1609 1812 oculis
1633 1785 1772 1812 hominum

986 1832 1183 1867 exponendam.
1200 1831 1275 1859 Adeo
1295 1835 1326 1858 ut
1352 1831 1404 1860 ltoc
1426 1831 1532 1858 delectu
1559 1831 1652 1858 habito
1676 1830 1773 1864 majori

985 1877 1132 1905 attentione
1148 1882 1175 1905 et
1187 1876 1346 1905 assiduitate
1359 1877 1466 1905 lectioni
1483 1876 1640 1904 incumbere
1659 1876 1773 1903 studiosi

985 1928 1096 1960 queant,
1112 1928 1139 1951 ct
1158 1923 1292 1951 sermonis
1309 1923 1464 1951 facundiam
1489 1922 1572 1949 altius
1596 1929 1628 1949 ac
1655 1922 1773 1957 penitius

986 1970 1077 1997 animo
1096 1969 1262 2004 imprimere.
1287 1969 1343 1997 Hoc
1370 1969 1486 2004 amplius
1504 1969 1652 2004 imperator
1676 1975 1774 2003 magno

986 2020 1012 2043 ct
1026 2015 1098 2043 felici
1113 2020 1213 2043 conatu
1228 2023 1296 2050 opus
1309 2014 1465 2044 universum
1489 2014 1517 2042 in
1536 2019 1666 2042 tractatus
1688 2014 1775 2041 diver-

985 2069 1030 2089 sos
1044 2069 1156 2088 utunero
1172 2066 1226 2089 tres
1238 2066 1265 2089 et
1278 2061 1474 2096 quinquaginta
1490 2061 1595 2088 censuit
1609 2061 1773 2088 distribuen-

985 2107 1063 2139 dum,
1079 2107 1105 2134 iu
1120 2106 1220 2142 quibus
1231 2106 1361 2142 quidquid
1379 2106 1552 2139 magnificum
1566 2106 1646 2134 habet
1663 2105 1772 2132 historia

985 2154 1120 2182 inclusum
1138 2154 1302 2186 continetur,
1321 2160 1410 2188 neque
1435 2152 1667 2191 inest_quidquam
1688 2152 1773 2179 histo-

146 2193 289 2228 σύσσωμον
306 2193 446 2229 σωζούσης
457 2215 464 2227 ,
481 2196 527 2222 καὶ
544 2196 646 2232 ἑκαστῃ
663 2197 790 2224 ὑποθέσει
809 2206 929 2234 προσαρ-

985 2201 1031 2227 rlte
1046 2200 1176 2226 insertum
1193 2198 1264 2233 quod
1280 2198 1457 2233 partitionem
1482 2197 1552 2225 hanc
1567 2197 1594 2224 itt
1611 2197 1693 2225 hosce
1716 2201 1771 2223 tra-

147 2239 297 2276 μοζομένης
310 2240 474 2276 τηλικαύτης
487 2243 670 2277 οὖα-συνόψεως
684 2263 691 2276 ,
707 2244 885 2280 ἀληθέστερον
898 2245 927 2272 δὲ

145 2284 241 2318 είπείν,
263 2284 496 2319 οἱκειώσεως.⁷Ων
518 2288 711 2321 κεφαλαιωδῶν
733 2288 887 2315 ὑποθέσεων
909 2289 926 2324 ή

145 2332 314 2367 προκειμένη
331 2332 413 2368 αὕτη,
434 2333 482 2360 καὶ
499 2334 707 2369 ὲπιγραιρομένη
719 2353 726 2365 ,
745 2335 809 2369 περὶ
825 2335 926 2370 ἀρετῆς

145 2377 190 2403 aut
199 2377 298 2409 κακίας
307 2377 478 2414 πεντηκοστὴ
491 2377 557 2405 οὖσα
567 2378 706 2414 τυγχάνει·
717 2379 766 2414 τῆς
775 2379 886 2416 πρώτης
896 2380 928 2408 τὸ

145 2423 286 2458 ἐπώνυμον
297 2423 433 2460 λαχούσης
442 2425 510 2459 Περὶ
524 2425 681 2452 Βασιλέων
691 2425 925 2459 ἀναγορεύσεως.

150 2468 292 2501 Ἐμφαίνει
306 2469 333 2496 δὲ
347 2470 421 2497 τουτὶ
435 2470 465 2497 τὸ
481 2471 634 2506 προοίμιον,
649 2471 725 2502 τίνας
740 2472 764 2498 οἱ
780 2471 854 2506 λόγοι
868 2472 925 2498 Πα-

143 2514 225 2548 τέρας
241 2515 458 2550 κέκτηνται,“καὶ
473 2516 535 2544 ὅθεν
549 2517 777 2550 ἁποκυῖσκονται,
791 2518 828 2549 ὡς
841 2517 875 2545 ἂν
888 2517 927 2553 μὴ

143 2554 210 2585 ὦσιν
237 2559 265 2585 at
299 2559 496 2593 κεφαλαιώδεις
531 2561 673 2594 ὑποθέσεις
709 2564 926 2598 ἀκατονόμαστοι

144 2605 189 2629 καὶ
207 2605 244 2640 μὴ
259 2606 377 2641 γνήσιοι,
394 2607 462 2634 ἀλλὰ
477 2607 550 2634 νόθοι
564 2617 594 2634 τε
609 2609 656 2634 καὶ
670 2608 850 2645 ψευδώνυμοι.
865 2609 926 2636 Εἰσὶ

144 2648 171 2676 δὲ
186 2651 218 2676 ἐκ
232 2651 285 2677 τῶν
300 2652 528 2689 ὑποτεταγμένων
540 2653 684 2689 χρονικῶν,

981 2250 1069 2274 ctatus
1081 2245 1222 2281 eﬂ'ugeret.
1238 2244 1331 2280 Neque.
1345 2252 1410 2273 vero
1436 2246 1471 2272 ob
1485 2245 1645 2272 divisionem
1664 2248 1774 2272 senten-

982 2293 1091 2325 tiarum,
1102 2292 1187 2319 series
1198 2292 1289 2327 operis
1303 2292 1385 2319 totius
1401 2291 1455 2319 ullo
1469 2291 1547 2318 tundo
1561 2291 1744 2325 corrumpitur
1762 2298 1770 2316 :

982 2345 1074 2366 verunt
1088 2341 1179 2365 servat
1204 2337 1262 2365 haec
1292 2337 1430 2373 synopsis,
1453 2336 1494 2364 vel
1514 2341 1544 2364 ut
1559 2336 1648 2364 verius
1672 2337 1772 2369 dicam,

981 2383 1038 2411 hac
1050 2391 1139 2411 rerum
1154 2388 1330 2418 cognatarum
1346 2383 1474 2411 adunatio
1484 2383 1509 2410 in
1520 2382 1634 2417 singulis
1646 2383 1770 2417 partibus

981 2430 1176 2458 concinnandis
1191 2430 1337 2464 unicuique
1355 2429 1482 2457 tractatui
1501 2429 1707 2456 convenientem
1726 2436 1772 2455 ra-

980 2474 1092 2502 tionem.
1112 2473 1214 2502 llorutn
1232 2482 1295 2502 vero
1309 2478 1472 2501 tractatuum
1488 2480 1608 2508 praesens
1619 2473 1663 2500 hic
1680 2473 1726 2508 qui
1739 2473 1773 2500 de

981 2519 1128 2547 virtutibus
1143 2524 1171 2546 et
1189 2520 1260 2547 vitiis
1277 2519 1448 2552 inscribitur,
1462 2519 1559 2546 ordine
1581 2523 1621 2546 est
1635 2519 1771 2553 quinqua.

979 2565 1109 2600 gesimus.
1139 2564 1248 2593 Primus
1274 2571 1365 2592 autem
1394 2564 1599 2599 inscriptionem
1630 2563 1712 2590 habet
1738 2563 1773 2590 tio

981 2612 1175 2647 imperatorum
1194 2613 1406 2639 rcuuntiatioue.
1431 2611 1592 2638 Coutinetur
1615 2611 1696 2637 etiam
1720 2610 1771 2637 hoc

981 2658 1115 2692 prooemio
1130 2661 1195 2691 quot
1216 2662 1306 2692 patres
1320 2657 1467 2684 habuerint
1482 2662 1509 2684 et
1527 2661 1652 2684 auctores
1665 2656 1770 2690 singula

144 2697 254 2731 scripta,
269 2703 295 2725 et
310 2705 423 2732 quorum
437 2704 514 2732 parta
531 2700 585 2726 sint
597 2700 731 2735 ingeniis;
751 2709 785 2728 ne
797 2707 925 2738 excerpta
946 2703 1003 2732 tunc
1033 2705 1189 2731 nominibus
1209 2709 1321 2731 careant
1334 2708 1360 2731 et
1384 2703 1537 2731 habeantur
1553 2710 1601 2738 pro
1635 2710 1687 2729 non
1703 2701 1769 2737 legi-

145 2745 228 2777 timis,
249 2748 296 2773 sed
331 2753 380 2780 pro
403 2746 501 2780 spuriis
524 2752 552 2774 et
588 2747 737 2777 subdititiis
761 2748 879 2778 fatalibus.
914 2750 982 2779 Sunt
1013 2757 1102 2779 autent
1134 2751 1191 2778 hace
1216 2756 1341 2786 execrpta
1368 2760 1401 2779 ex
1428 2751 1570 2779 muralibus
1602 2749 1673 2778 infra
1706 2749 1771 2780 sub-

141 2795 221 2830 jectis
249 2803 256 2821 :

178 2841 213 2871 σ’-
232 2842 364 2879 Ἱωσήπον
382 2843 585 2879 ἀρχαιολογίας,

1022 2846 1044 2873 l.
1064 2846 1100 2873 lis
1117 2844 1227 2881 Joscplti
1246 2845 1436 2880 antiquitatum
1451 2843 1537 2873 llbl‘lSq
