  <div class='ocr_page' id='page_1' title='image "/cluster/home/n/w/nwhite01/storage/ocr_20150623/113/njp.32101077772968/543.png"; bbox 0 0 1943 3072; ppageno 0'>
   <div class='ocr_carea' id='block_1_1' title="bbox 113 101 906 139">
    <p class='ocr_par' dir='ltr' id='par_1_1' title="bbox 113 103 901 139">
     <span class='ocr_line' id='line_1_1' title="bbox 113 103 901 139; baseline -0.008 0"><span class='ocrx_word' id='word_1_1' title='bbox 113 108 168 139; x_wconf 67' lang='grc'><strong>975</strong></span> <span class='ocrx_word' id='word_1_2' title='bbox 732 103 762 134; x_wconf 82' lang='grc'><strong>5.</strong></span> <span class='ocrx_word' id='word_1_3' title='bbox 785 103 901 134; x_wconf 85' lang='lat' dir='ltr'><strong>NICON</strong></span> 
     </span>
    </p>
   </div>
   <div class='ocr_carea' id='block_1_2' title="bbox 957 101 1121 139">
    <p class='ocr_par' dir='ltr' id='par_1_2' title="bbox 970 101 1121 133">
     <span class='ocr_line' id='line_1_2' title="bbox 970 101 1121 133; baseline 0 0"><span class='ocrx_word' id='word_1_4' title='bbox 970 101 1121 133; x_wconf 79' lang='lat' dir='ltr'><strong>ARMENI</strong></span> 
     </span>
    </p>
   </div>
   <div class='ocr_carea' id='block_1_3' title="bbox 115 156 1750 195">
    <p class='ocr_par' dir='ltr' id='par_1_3' title="bbox 115 156 1750 195">
     <span class='ocr_line' id='line_1_3' title="bbox 115 156 1750 195; baseline -0.002 -6"><span class='ocrx_word' id='word_1_5' title='bbox 115 167 161 189; x_wconf 84' lang='lat' dir='ltr'><strong>tus</strong></span> <span class='ocrx_word' id='word_1_6' title='bbox 175 161 275 193; x_wconf 82' lang='lat' dir='ltr'><strong>fuerat,</strong></span> <span class='ocrx_word' id='word_1_7' title='bbox 301 158 415 195; x_wconf 83' lang='lat' dir='ltr'><strong>proinde</strong></span> <span class='ocrx_word' id='word_1_8' title='bbox 439 162 486 195; x_wconf 35' lang='lat' dir='ltr'><strong>ut”</strong></span> <span class='ocrx_word' id='word_1_9' title='bbox 498 157 638 195; x_wconf 70' lang='lat' dir='ltr'><strong>Agathias,</strong></span> <span class='ocrx_word' id='word_1_10' title='bbox 665 157 908 195; x_wconf 32' lang='lat' dir='ltr'><strong>cujusnhistoriam</strong></span> <span class='ocrx_word' id='word_1_11' title='bbox 924 161 946 189; x_wconf 82' lang='grc' dir='ltr'><strong>Δ</strong></span> <span class='ocrx_word' id='word_1_12' title='bbox 961 158 1023 195; x_wconf 78' lang='lat' dir='ltr'><strong>vide</strong></span> <span class='ocrx_word' id='word_1_13' title='bbox 1039 157 1192 195; x_wconf 63' lang='lat' dir='ltr'><strong>llosgchelio</strong></span> <span class='ocrx_word' id='word_1_14' title='bbox 1207 163 1268 185; x_wconf 87' lang='lat' dir='ltr'><strong>esse</strong></span> <span class='ocrx_word' id='word_1_15' title='bbox 1277 157 1479 195; x_wconf 83' lang='lat' dir='ltr'><strong>concinnatam,</strong></span> <span class='ocrx_word' id='word_1_16' title='bbox 1497 157 1581 195; x_wconf 79' lang='lat' dir='ltr'><strong>Boico</strong></span> <span class='ocrx_word' id='word_1_17' title='bbox 1601 156 1708 195; x_wconf 71' lang='lat' dir='ltr'><strong>scilicet</strong></span> <span class='ocrx_word' id='word_1_18' title='bbox 1721 163 1750 195; x_wconf 80' lang='lat' dir='ltr'><strong>et</strong></span> 
     </span>
    </p>
   </div>
   <div class='ocr_carea' id='block_1_4' title="bbox 113 192 1753 228">
    <p class='ocr_par' dir='ltr' id='par_1_4' title="bbox 113 192 1753 228">
     <span class='ocr_line' id='line_1_4' title="bbox 113 192 1753 228; baseline -0.004 -4"><span class='ocrx_word' id='word_1_19' title='bbox 113 192 309 224; x_wconf 61' lang='lat' dir='ltr'><strong>continuabat:</strong></span> <span class='ocrx_word' id='word_1_20' title='bbox 332 195 380 221; x_wconf 87' lang='lat' dir='ltr'><strong>Est</strong></span> <span class='ocrx_word' id='word_1_21' title='bbox 400 198 428 221; x_wconf 91' lang='lat' dir='ltr'><strong>et</strong></span> <span class='ocrx_word' id='word_1_22' title='bbox 452 192 532 228; x_wconf 75' lang='lat' dir='ltr'><strong>aliud</strong></span> <span class='ocrx_word' id='word_1_23' title='bbox 552 193 733 227; x_wconf 79' lang='lat' dir='ltr'><strong>fragmentum</strong></span> <span class='ocrx_word' id='word_1_24' title='bbox 750 193 821 220; x_wconf 87' lang='lat' dir='ltr'><strong>illius</strong></span> <span class='ocrx_word' id='word_1_25' title='bbox 836 193 907 228; x_wconf 89' lang='lat' dir='ltr'><strong>apud</strong></span> <span class='ocrx_word' id='word_1_26' title='bbox 963 194 1078 223; x_wconf 63' lang='lat' dir='ltr'><strong>Andreae</strong></span> <span class='ocrx_word' id='word_1_27' title='bbox 1089 192 1194 220; x_wconf 84' lang='lat' dir='ltr'><strong>Schotti</strong></span> <span class='ocrx_word' id='word_1_28' title='bbox 1209 201 1216 220; x_wconf 91' lang='lat'>:</span> <span class='ocrx_word' id='word_1_29' title='bbox 1233 192 1427 228; x_wconf 32' lang='lat' dir='ltr'><strong>quorumAaltEr</strong></span> <span class='ocrx_word' id='word_1_30' title='bbox 1437 192 1524 220; x_wconf 89' lang='lat' dir='ltr'><strong>altero</strong></span> <span class='ocrx_word' id='word_1_31' title='bbox 1542 192 1676 228; x_wconf 69' lang='lat' dir='ltr'><strong>integrior</strong></span> <span class='ocrx_word' id='word_1_32' title='bbox 1690 193 1753 223; x_wconf 83' lang='lat' dir='ltr'><strong>fuit,</strong></span> 
     </span>
    </p>
   </div>
   <div class='ocr_carea' id='block_1_5' title="bbox 114 226 906 264">
    <p class='ocr_par' dir='ltr' id='par_1_5' title="bbox 114 226 906 264">
     <span class='ocr_line' id='line_1_5' title="bbox 114 226 906 264; baseline -0.006 -6"><span class='ocrx_word' id='word_1_33' title='bbox 114 232 226 264; x_wconf 73' lang='lat' dir='ltr'><strong>Suidam</strong></span> <span class='ocrx_word' id='word_1_34' title='bbox 245 231 271 256; x_wconf 95' lang='lat' dir='ltr'><strong>in</strong></span> <span class='ocrx_word' id='word_1_35' title='bbox 284 237 311 256; x_wconf 89' lang='lat' dir='ltr'><strong>v.</strong></span> <span class='ocrx_word' id='word_1_36' title='bbox 342 227 531 263; x_wconf 81' lang='grc' dir='ltr'><strong>’Δπετάφρεὸε</strong></span> <span class='ocrx_word' id='word_1_37' title='bbox 542 234 569 264; x_wconf 84' lang='lat' dir='ltr'><strong>et</strong></span> <span class='ocrx_word' id='word_1_38' title='bbox 589 226 615 255; x_wconf 79' lang='lat' dir='ltr'><strong>in</strong></span> <span class='ocrx_word' id='word_1_39' title='bbox 634 235 660 264; x_wconf 62' lang='grc' dir='ltr'><strong>γ.</strong></span> <span class='ocrx_word' id='word_1_40' title='bbox 676 227 827 264; x_wconf 73' lang='grc' dir='ltr'><strong>δοκιμάσᾳς</strong></span> <span class='ocrx_word' id='word_1_41' title='bbox 842 226 869 264; x_wconf 68' lang='lat' dir='ltr'><strong>et</strong></span> <span class='ocrx_word' id='word_1_42' title='bbox 880 227 906 254; x_wconf 91' lang='lat' dir='ltr'><strong>in</strong></span> 
     </span>
    </p>
   </div>
   <div class='ocr_carea' id='block_1_6' title="bbox 957 226 1753 264">
    <p class='ocr_par' dir='ltr' id='par_1_6' title="bbox 963 226 1753 264">
     <span class='ocr_line' id='line_1_6' title="bbox 963 226 1753 264; baseline 0 -8"><span class='ocrx_word' id='word_1_43' title='bbox 963 229 1030 256; x_wconf 91' lang='lat' dir='ltr'><strong>utin</strong></span> <span class='ocrx_word' id='word_1_44' title='bbox 1044 228 1202 263; x_wconf 65' lang='lat' dir='ltr'><strong>praefatione</strong></span> <span class='ocrx_word' id='word_1_45' title='bbox 1217 226 1517 264; x_wconf 31' lang='lat' dir='ltr'><strong>monuit-liteschelius.</strong></span> <span class='ocrx_word' id='word_1_46' title='bbox 1550 226 1614 254; x_wconf 73' lang='grc' dir='ltr'><strong>Ι)υὲ</strong></span> <span class='ocrx_word' id='word_1_47' title='bbox 1634 227 1753 264; x_wconf 81' lang='lat' dir='ltr'><strong>proinde</strong></span> 
     </span>
    </p>
   </div>
   <div class='ocr_carea' id='block_1_7' title="bbox 113 261 906 304">
    <p class='ocr_par' dir='ltr' id='par_1_7' title="bbox 113 261 906 304">
     <span class='ocr_line' id='line_1_7' title="bbox 113 261 906 304; baseline -0.004 -12"><span class='ocrx_word' id='word_1_48' title='bbox 113 261 263 304; x_wconf 53' lang='lat' dir='ltr'><strong>tpﬁptﬂﬁc,</strong></span> <span class='ocrx_word' id='word_1_49' title='bbox 279 264 348 304; x_wconf 77' lang='lat' dir='ltr'><strong>et_in</strong></span> <span class='ocrx_word' id='word_1_50' title='bbox 364 271 391 304; x_wconf 66' lang='grc' dir='ltr'><strong>γ.</strong></span> <span class='ocrx_word' id='word_1_51' title='bbox 406 261 669 304; x_wconf 30' lang='grc' dir='ltr'><strong>ῥπῄδουπήραςγίίο</strong></span> <span class='ocrx_word' id='word_1_52' title='bbox 691 261 825 304; x_wconf 79' lang='lat' dir='ltr'><strong>tympanis</strong></span> <span class='ocrx_word' id='word_1_53' title='bbox 836 262 906 302; x_wconf 74' lang='lat' dir='ltr'><strong>Aba-</strong></span> 
     </span>
    </p>
   </div>
   <div class='ocr_carea' id='block_1_8' title="bbox 957 261 1752 304">
    <p class='ocr_par' dir='ltr' id='par_1_8' title="bbox 963 261 1752 304">
     <span class='ocr_line' id='line_1_8' title="bbox 963 261 1752 304; baseline -0.005 -12"><span class='ocrx_word' id='word_1_54' title='bbox 963 261 1060 304; x_wconf 76' lang='lat' dir='ltr'><strong>horuth</strong></span> <span class='ocrx_word' id='word_1_55' title='bbox 1075 267 1263 304; x_wconf 65' lang='lat' dir='ltr'><strong>excerptorum</strong></span> <span class='ocrx_word' id='word_1_56' title='bbox 1275 261 1457 304; x_wconf 69' lang='lat' dir='ltr'><strong>collectiones</strong></span> <span class='ocrx_word' id='word_1_57' title='bbox 1472 262 1591 304; x_wconf 37' lang='lat' dir='ltr'><strong>luem-uiti.</strong></span> <span class='ocrx_word' id='word_1_58' title='bbox 1618 263 1690 304; x_wconf 69' lang='lat' dir='ltr'><strong>quod</strong></span> <span class='ocrx_word' id='word_1_59' title='bbox 1703 269 1752 289; x_wconf 87' lang='lat' dir='ltr'><strong>su-</strong></span> 
     </span>
    </p>
   </div>
   <div class='ocr_carea' id='block_1_9' title="bbox 115 297 1754 334">
    <p class='ocr_par' dir='ltr' id='par_1_9' title="bbox 115 297 1754 334">
     <span class='ocr_line' id='line_1_9' title="bbox 115 297 1754 334; baseline -0.002 -7"><span class='ocrx_word' id='word_1_60' title='bbox 115 297 187 332; x_wconf 63' lang='lat' dir='ltr'><strong>rinn&#39;,</strong></span> <span class='ocrx_word' id='word_1_61' title='bbox 201 297 232 327; x_wconf 56' lang='lat' dir='ltr'><strong>ct&quot;</strong></span> <span class='ocrx_word' id='word_1_62' title='bbox 248 300 281 327; x_wconf 87' lang='lat' dir='ltr'><strong>de</strong></span> <span class='ocrx_word' id='word_1_63' title='bbox 304 299 371 326; x_wconf 84' lang='lat' dir='ltr'><strong>Boni</strong></span> <span class='ocrx_word' id='word_1_64' title='bbox 397 297 478 326; x_wconf 87' lang='lat' dir='ltr'><strong>ducis</strong></span> <span class='ocrx_word' id='word_1_65' title='bbox 498 297 771 334; x_wconf 17' lang='lat' dir='ltr'><strong>antistrategem’ate.’</strong></span> <span class='ocrx_word' id='word_1_66' title='bbox 790 297 854 334; x_wconf 81' lang='lat' dir='ltr'><strong>Item</strong></span> <span class='ocrx_word' id='word_1_67' title='bbox 880 298 906 324; x_wconf 89' lang='lat' dir='ltr'><strong>in</strong></span> <span class='ocrx_word' id='word_1_68' title='bbox 961 299 1044 334; x_wconf 82' lang='lat' dir='ltr'><strong>prain</strong></span> <span class='ocrx_word' id='word_1_69' title='bbox 1056 297 1128 334; x_wconf 82' lang='lat' dir='ltr'><strong>notis</strong></span> <span class='ocrx_word' id='word_1_70' title='bbox 1139 297 1390 334; x_wconf 61' lang='lat' dir='ltr'><strong>observavi.A_tque</strong></span> <span class='ocrx_word' id='word_1_71' title='bbox 1401 297 1463 334; x_wconf 76' lang='lat' dir='ltr'><strong>huic</strong></span> <span class='ocrx_word' id='word_1_72' title='bbox 1475 298 1550 334; x_wconf 81' lang='lat' dir='ltr'><strong>operi</strong></span> <span class='ocrx_word' id='word_1_73' title='bbox 1561 297 1633 334; x_wconf 77' lang='lat' dir='ltr'><strong>idem</strong></span> <span class='ocrx_word' id='word_1_74' title='bbox 1643 297 1754 334; x_wconf 71' lang='lat' dir='ltr'><strong>videtur</strong></span> 
     </span>
    </p>
   </div>
   <div class='ocr_carea' id='block_1_10' title="bbox 113 331 1754 370">
    <p class='ocr_par' dir='ltr' id='par_1_10' title="bbox 113 331 1754 370">
     <span class='ocr_line' id='line_1_10' title="bbox 113 331 1754 370; baseline -0.002 -8"><span class='ocrx_word' id='word_1_75' title='bbox 113 331 280 370; x_wconf 60' lang='grc' dir='ltr'><strong>Μαυμκιος,</strong></span> <span class='ocrx_word' id='word_1_76' title='bbox 298 336 332 362; x_wconf 86' lang='lat' dir='ltr'><strong>de</strong></span> <span class='ocrx_word' id='word_1_77' title='bbox 347 334 476 370; x_wconf 82' lang='lat' dir='ltr'><strong>laudibus</strong></span> <span class='ocrx_word' id='word_1_78' title='bbox 498 332 623 370; x_wconf 71' lang='lat' dir='ltr'><strong>Mauricii</strong></span> <span class='ocrx_word' id='word_1_79' title='bbox 648 331 773 370; x_wconf 52' lang='lat' dir='ltr'><strong>magistri</strong></span> <span class='ocrx_word' id='word_1_80' title='bbox 791 332 906 370; x_wconf 71' lang='lat' dir='ltr'><strong>militum</strong></span> <span class='ocrx_word' id='word_1_81' title='bbox 961 331 1120 370; x_wconf 59' lang='lat' dir='ltr'><strong>contigisse,</strong></span> <span class='ocrx_word' id='word_1_82' title='bbox 1138 333 1209 370; x_wconf 77' lang='lat' dir='ltr'><strong>quod</strong></span> <span class='ocrx_word' id='word_1_83' title='bbox 1223 331 1396 370; x_wconf 65' lang='lat' dir='ltr'><strong>Bibliotheca:</strong></span> <span class='ocrx_word' id='word_1_84' title='bbox 1413 331 1516 363; x_wconf 78' lang='lat' dir='ltr'><strong>Photii.</strong></span> <span class='ocrx_word' id='word_1_85' title='bbox 1530 331 1666 370; x_wconf 74' lang='lat' dir='ltr'><strong>cuialtera</strong></span> <span class='ocrx_word' id='word_1_86' title='bbox 1680 332 1754 365; x_wconf 82' lang='lat' dir='ltr'><strong>ejus-</strong></span> 
     </span>
    </p>
   </div>
   <div class='ocr_carea' id='block_1_11' title="bbox 112 366 906 403">
    <p class='ocr_par' dir='ltr' id='par_1_11' title="bbox 112 366 905 403">
     <span class='ocr_line' id='line_1_11' title="bbox 112 366 905 403; baseline -0.004 -6"><span class='ocrx_word' id='word_1_87' title='bbox 112 366 246 398; x_wconf 82' lang='lat' dir='ltr'><strong>Orientis.</strong></span> <span class='ocrx_word' id='word_1_88' title='bbox 265 366 332 397; x_wconf 84' lang='lat' dir='ltr'><strong>[tem</strong></span> <span class='ocrx_word' id='word_1_89' title='bbox 348 369 375 396; x_wconf 93' lang='lat' dir='ltr'><strong>in</strong></span> <span class='ocrx_word' id='word_1_90' title='bbox 394 375 460 396; x_wconf 88' lang='lat' dir='ltr'><strong>voce</strong></span> <span class='ocrx_word' id='word_1_91' title='bbox 475 367 636 403; x_wconf 69' lang='grc' dir='ltr'><strong>σπαλζωνες.</strong></span> <span class='ocrx_word' id='word_1_92' title='bbox 648 366 716 395; x_wconf 74' lang='lat' dir='ltr'><strong>etin</strong></span> <span class='ocrx_word' id='word_1_93' title='bbox 724 366 905 403; x_wconf 64' lang='grc' dir='ltr'><strong>Ταμκοσᾷρὼ.</strong></span> 
     </span>
    </p>
   </div>
   <div class='ocr_carea' id='block_1_12' title="bbox 957 366 1753 403">
    <p class='ocr_par' dir='ltr' id='par_1_12' title="bbox 961 366 1753 403">
     <span class='ocr_line' id='line_1_12' title="bbox 961 366 1753 403; baseline -0.003 -8"><span class='ocrx_word' id='word_1_94' title='bbox 961 369 1022 396; x_wconf 89' lang='lat' dir='ltr'><strong>dem</strong></span> <span class='ocrx_word' id='word_1_95' title='bbox 1040 366 1207 403; x_wconf 62' lang='lat' dir='ltr'><strong>argumenti</strong></span> <span class='ocrx_word' id='word_1_96' title='bbox 1219 367 1326 403; x_wconf 78' lang='lat' dir='ltr'><strong>abjecta</strong></span> <span class='ocrx_word' id='word_1_97' title='bbox 1340 371 1437 403; x_wconf 18' lang='lat' dir='ltr'><strong>est,&gt;ut</strong></span> <span class='ocrx_word' id='word_1_98' title='bbox 1447 371 1529 403; x_wconf 76' lang='lat' dir='ltr'><strong>patet</strong></span> <span class='ocrx_word' id='word_1_99' title='bbox 1542 374 1573 403; x_wconf 76' lang='lat' dir='ltr'><strong>ex</strong></span> <span class='ocrx_word' id='word_1_100' title='bbox 1591 367 1686 403; x_wconf 80' lang='lat' dir='ltr'><strong>iisdem</strong></span> <span class='ocrx_word' id='word_1_101' title='bbox 1701 375 1753 393; x_wconf 83' lang='lat' dir='ltr'><strong>au-</strong></span> 
     </span>
    </p>
   </div>
   <div class='ocr_carea' id='block_1_13' title="bbox 959 401 1754 438">
    <p class='ocr_par' dir='ltr' id='par_1_13' title="bbox 959 401 1754 438">
     <span class='ocr_line' id='line_1_13' title="bbox 959 401 1754 438; baseline -0.003 -8"><span class='ocrx_word' id='word_1_102' title='bbox 959 401 1092 435; x_wconf 63' lang='lat' dir='ltr'><strong>ctoribus,</strong></span> <span class='ocrx_word' id='word_1_103' title='bbox 1111 403 1157 438; x_wconf 90' lang='lat' dir='ltr'><strong>qui</strong></span> <span class='ocrx_word' id='word_1_104' title='bbox 1182 401 1225 430; x_wconf 87' lang='lat' dir='ltr'><strong>his</strong></span> <span class='ocrx_word' id='word_1_105' title='bbox 1237 402 1262 429; x_wconf 93' lang='lat' dir='ltr'><strong>in</strong></span> <span class='ocrx_word' id='word_1_106' title='bbox 1284 402 1328 428; x_wconf 88' lang='lat' dir='ltr'><strong>illa</strong></span> <span class='ocrx_word' id='word_1_107' title='bbox 1349 401 1513 429; x_wconf 68' lang='lat' dir='ltr'><strong>bibliotheca</strong></span> <span class='ocrx_word' id='word_1_108' title='bbox 1530 402 1660 436; x_wconf 80' lang='lat' dir='ltr'><strong>descripti</strong></span> <span class='ocrx_word' id='word_1_109' title='bbox 1674 409 1754 436; x_wconf 71' lang='grc' dir='ltr'><strong>τερε-</strong></span> 
     </span>
    </p>
   </div>
   <div class='ocr_carea' id='block_1_14' title="bbox 113 401 1031 465">
    <p class='ocr_par' dir='ltr' id='par_1_14' title="bbox 113 401 1031 465">
     <span class='ocr_line' id='line_1_14' title="bbox 113 401 1027 440; baseline -0.002 -8"><span class='ocrx_word' id='word_1_110' title='bbox 113 404 153 432; x_wconf 86' lang='lat' dir='ltr'><strong>Ne</strong></span> <span class='ocrx_word' id='word_1_111' title='bbox 166 405 227 440; x_wconf 83' lang='lat' dir='ltr'><strong>quis</strong></span> <span class='ocrx_word' id='word_1_112' title='bbox 241 410 332 432; x_wconf 85' lang='lat' dir='ltr'><strong>autem</strong></span> <span class='ocrx_word' id='word_1_113' title='bbox 345 403 458 431; x_wconf 86' lang='lat' dir='ltr'><strong>miretur</strong></span> <span class='ocrx_word' id='word_1_114' title='bbox 475 403 533 430; x_wconf 57' lang='lat' dir='ltr'><strong>haec</strong></span> <span class='ocrx_word' id='word_1_115' title='bbox 547 402 698 438; x_wconf 78' lang='lat' dir='ltr'><strong>fragmenta</strong></span> <span class='ocrx_word' id='word_1_116' title='bbox 708 401 776 429; x_wconf 83' lang='lat' dir='ltr'><strong>adeo</strong></span> <span class='ocrx_word' id='word_1_117' title='bbox 790 401 904 429; x_wconf 85' lang='lat' dir='ltr'><strong>confusa</strong></span> <span class='ocrx_word' id='word_1_118' title='bbox 959 403 1027 430; x_wconf 88' lang='lat' dir='ltr'><strong>ctori</strong></span> 
     </span>
     <span class='ocr_line' id='line_1_15' title="bbox 113 437 1031 465; baseline 0 0"><span class='ocrx_word' id='word_1_119' title='bbox 113 447 146 465; x_wconf 85' lang='lat' dir='ltr'><strong>ac</strong></span> <span class='ocrx_word' id='word_1_120' title='bbox 160 440 315 465; x_wconf 75' lang='lat' dir='ltr'><strong>perturbata</strong></span> <span class='ocrx_word' id='word_1_121' title='bbox 327 439 360 465; x_wconf 87' lang='lat' dir='ltr'><strong>ad</strong></span> <span class='ocrx_word' id='word_1_122' title='bbox 370 446 419 465; x_wconf 87' lang='lat' dir='ltr'><strong>nos</strong></span> <span class='ocrx_word' id='word_1_123' title='bbox 427 438 594 465; x_wconf 77' lang='lat' dir='ltr'><strong>pervenisse.</strong></span> <span class='ocrx_word' id='word_1_124' title='bbox 607 437 764 465; x_wconf 81' lang='lat' dir='ltr'><strong>meminisse</strong></span> <span class='ocrx_word' id='word_1_125' title='bbox 776 438 854 464; x_wconf 88' lang='lat' dir='ltr'><strong>debet</strong></span> <span class='ocrx_word' id='word_1_126' title='bbox 866 437 905 463; x_wconf 91' lang='lat' dir='ltr'><strong>lc-</strong></span> <span class='ocrx_word' id='word_1_127' title='bbox 959 438 1031 465; x_wconf 88' lang='lat' dir='ltr'><strong>riunt</strong></span> 
     </span>
    </p>
   </div>
   <div class='ocr_carea' id='block_1_15' title="bbox 959 445 1075 465">
    <p class='ocr_par' dir='ltr' id='par_1_15' title="bbox 959 445 1075 465">
     <span class='ocr_line' id='line_1_16' title="bbox 959 445 1075 465; baseline 0 0"><span class='ocrx_word' id='word_1_128' title='bbox 959 445 1075 465; x_wconf 88' lang='lat' dir='ltr'><strong>nuntur.</strong></span> 
     </span>
    </p>
   </div>
   <div class='ocr_carea' id='block_1_16' title="bbox 113 437 905 474">
    <p class='ocr_par' dir='ltr' id='par_1_16' title="bbox 113 437 905 474">
     <span class='ocr_line' id='line_1_17' title="bbox 113 437 905 474; baseline -0.005 -7"><span class='ocrx_word' id='word_1_129' title='bbox 113 447 146 467; x_wconf 89' lang='lat' dir='ltr'><strong>ac</strong></span> <span class='ocrx_word' id='word_1_130' title='bbox 160 437 315 474; x_wconf 71' lang='lat' dir='ltr'><strong>perturbata</strong></span> <span class='ocrx_word' id='word_1_131' title='bbox 327 439 360 466; x_wconf 91' lang='lat' dir='ltr'><strong>ad</strong></span> <span class='ocrx_word' id='word_1_132' title='bbox 370 446 419 466; x_wconf 85' lang='lat' dir='ltr'><strong>nos</strong></span> <span class='ocrx_word' id='word_1_133' title='bbox 427 438 594 474; x_wconf 80' lang='lat' dir='ltr'><strong>pervenisse,</strong></span> <span class='ocrx_word' id='word_1_134' title='bbox 607 437 905 474; x_wconf 54' lang='lat' dir='ltr'><strong>meminissedebetjc-</strong></span> 
     </span>
    </p>
   </div>
   <div class='ocr_carea' id='block_1_17' title="bbox 113 470 905 503">
    <p class='ocr_par' dir='ltr' id='par_1_17' title="bbox 113 470 905 503">
     <span class='ocr_line' id='line_1_18' title="bbox 113 470 905 503; baseline -0.008 0"><span class='ocrx_word' id='word_1_135' title='bbox 113 470 173 503; x_wconf 81' lang='lat' dir='ltr'><strong>ctoi-</strong></span> <span class='ocrx_word' id='word_1_136' title='bbox 194 475 265 503; x_wconf 88' lang='lat' dir='ltr'><strong>hanc</strong></span> <span class='ocrx_word' id='word_1_137' title='bbox 274 474 422 503; x_wconf 87' lang='lat' dir='ltr'><strong>editionem</strong></span> <span class='ocrx_word' id='word_1_138' title='bbox 428 470 470 501; x_wconf 67' lang='grc' dir='ltr'><strong>ἐκ</strong></span> <span class='ocrx_word' id='word_1_139' title='bbox 481 473 586 501; x_wconf 87' lang='lat' dir='ltr'><strong>duobus</strong></span> <span class='ocrx_word' id='word_1_140' title='bbox 598 480 663 501; x_wconf 82' lang='lat' dir='ltr'><strong>mss.</strong></span> <span class='ocrx_word' id='word_1_141' title='bbox 675 472 814 500; x_wconf 86' lang='lat' dir='ltr'><strong>codicibus</strong></span> <span class='ocrx_word' id='word_1_142' title='bbox 825 480 839 498; x_wconf 90' lang='lat' dir='ltr'><strong>a</strong></span> <span class='ocrx_word' id='word_1_143' title='bbox 853 470 905 498; x_wconf 85' lang='lat' dir='ltr'><strong>Da-</strong></span> 
     </span>
    </p>
   </div>
   <div class='ocr_carea' id='block_1_18' title="bbox 757 652 1095 676">
    <p class='ocr_par' dir='ltr' id='par_1_18' title="bbox 757 652 1095 676">
     <span class='ocr_line' id='line_1_19' title="bbox 757 652 1095 676; baseline -0.009 0"><span class='ocrx_word' id='word_1_144' title='bbox 757 655 795 676; x_wconf 82' lang='grc' dir='ltr'><strong>ΔΝ</strong></span> <span class='ocrx_word' id='word_1_145' title='bbox 802 654 841 676; x_wconf 79' lang='lat' dir='ltr'><strong>N0</strong></span> <span class='ocrx_word' id='word_1_146' title='bbox 862 652 974 675; x_wconf 73' lang='lat' dir='ltr'><strong>DOMINI</strong></span> <span class='ocrx_word' id='word_1_147' title='bbox 996 652 1095 675; x_wconf 67' lang='grc' dir='ltr'><strong>(ιω-ι.</strong></span> 
     </span>
    </p>
   </div>
   <div class='ocr_carea' id='block_1_19' title="bbox 487 744 1367 841">
    <p class='ocr_par' dir='ltr' id='par_1_19' title="bbox 487 744 1367 841">
     <span class='ocr_line' id='line_1_20' title="bbox 487 744 1367 841; baseline -0.008 0"><span class='ocrx_word' id='word_1_148' title='bbox 487 748 975 841; x_wconf 87' lang='lat' dir='ltr'><strong>SANCTUS</strong></span> <span class='ocrx_word' id='word_1_149' title='bbox 1042 744 1367 836; x_wconf 85' lang='lat' dir='ltr'><strong>NICON</strong></span> 
     </span>
    </p>
   </div>
   <div class='ocr_carea' id='block_1_20' title="bbox 731 907 1106 965">
    <p class='ocr_par' dir='ltr' id='par_1_20' title="bbox 731 907 1106 965">
     <span class='ocr_line' id='line_1_21' title="bbox 731 907 1106 965; baseline -0.011 0"><span class='ocrx_word' id='word_1_150' title='bbox 731 909 801 965; x_wconf 87' lang='grc' dir='ltr'><strong>ΙΝ</strong></span> <span class='ocrx_word' id='word_1_151' title='bbox 846 907 1106 964; x_wconf 83' lang='lat' dir='ltr'><strong>CRETA.</strong></span> 
     </span>
    </p>
   </div>
   <div class='ocr_carea' id='block_1_21' title="bbox 383 1103 1498 1154">
    <p class='ocr_par' dir='ltr' id='par_1_21' title="bbox 383 1103 1498 1154">
     <span class='ocr_line' id='line_1_22' title="bbox 383 1103 1498 1154; baseline -0.004 -1"><span class='ocrx_word' id='word_1_152' title='bbox 383 1106 706 1154; x_wconf 82' lang='lat' dir='ltr'><strong>EDITORUM</strong></span> <span class='ocrx_word' id='word_1_153' title='bbox 743 1105 1150 1153; x_wconf 78' lang='lat' dir='ltr'><strong>PATROLOGL/E</strong></span> <span class='ocrx_word' id='word_1_154' title='bbox 1187 1103 1498 1151; x_wconf 84' lang='lat' dir='ltr'><strong>MONITUM.</strong></span> 
     </span>
    </p>
   </div>
   <div class='ocr_carea' id='block_1_22' title="bbox 194 1198 1753 1246">
    <p class='ocr_par' dir='ltr' id='par_1_22' title="bbox 194 1198 1753 1246">
     <span class='ocr_line' id='line_1_23' title="bbox 194 1198 1753 1246; baseline -0.004 -10"><span class='ocrx_word' id='word_1_155' title='bbox 194 1206 225 1236; x_wconf 88' lang='lat' dir='ltr'><strong>S.</strong></span> <span class='ocrx_word' id='word_1_156' title='bbox 244 1204 372 1243; x_wconf 90' lang='lat' dir='ltr'><strong>Niconi,</strong></span> <span class='ocrx_word' id='word_1_157' title='bbox 391 1204 448 1246; x_wconf 89' lang='lat' dir='ltr'><strong>qui</strong></span> <span class='ocrx_word' id='word_1_158' title='bbox 465 1204 574 1236; x_wconf 89' lang='lat' dir='ltr'><strong>medio</strong></span> <span class='ocrx_word' id='word_1_159' title='bbox 592 1203 713 1236; x_wconf 76' lang='lat' dir='ltr'><strong>saeculo</strong></span> <span class='ocrx_word' id='word_1_160' title='bbox 728 1213 752 1234; x_wconf 84' lang='lat' dir='ltr'><strong>x</strong></span> <span class='ocrx_word' id='word_1_161' title='bbox 766 1202 888 1240; x_wconf 85' lang='lat' dir='ltr'><strong>ﬂoruit,</strong></span> <span class='ocrx_word' id='word_1_162' title='bbox 909 1202 1010 1234; x_wconf 83' lang='lat' dir='ltr'><strong>tribui</strong></span> <span class='ocrx_word' id='word_1_163' title='bbox 1036 1201 1142 1234; x_wconf 91' lang='lat' dir='ltr'><strong>solent</strong></span> <span class='ocrx_word' id='word_1_164' title='bbox 1157 1201 1197 1232; x_wconf 91' lang='lat' dir='ltr'><strong>ab</strong></span> <span class='ocrx_word' id='word_1_165' title='bbox 1217 1200 1354 1233; x_wconf 89' lang='lat' dir='ltr'><strong>eruditis</strong></span> <span class='ocrx_word' id='word_1_166' title='bbox 1373 1199 1568 1240; x_wconf 88' lang='lat' dir='ltr'><strong>opusculum</strong></span> <span class='ocrx_word' id='word_1_167' title='bbox 1589 1199 1633 1229; x_wconf 84' lang='lat' dir='ltr'><strong>De</strong></span> <span class='ocrx_word' id='word_1_168' title='bbox 1652 1198 1753 1240; x_wconf 76' lang='lat' dir='ltr'><strong>impia</strong></span> 
     </span>
    </p>
   </div>
   <div class='ocr_carea' id='block_1_23' title="bbox 112 1249 1751 1295">
    <p class='ocr_par' dir='ltr' id='par_1_23' title="bbox 112 1249 1751 1295">
     <span class='ocr_line' id='line_1_24' title="bbox 112 1249 1751 1295; baseline -0.003 -9"><span class='ocrx_word' id='word_1_169' title='bbox 112 1255 332 1286; x_wconf 70' lang='lat' dir='ltr'><strong>Armmiorum</strong></span> <span class='ocrx_word' id='word_1_170' title='bbox 346 1254 510 1295; x_wconf 76' lang='lat' dir='ltr'><strong>religione,</strong></span> <span class='ocrx_word' id='word_1_171' title='bbox 529 1253 617 1294; x_wconf 91' lang='lat' dir='ltr'><strong>quod</strong></span> <span class='ocrx_word' id='word_1_172' title='bbox 636 1252 818 1285; x_wconf 87' lang='lat' dir='ltr'><strong>Cotelerius</strong></span> <span class='ocrx_word' id='word_1_173' title='bbox 841 1253 896 1284; x_wconf 89' lang='lat' dir='ltr'><strong>Gr.</strong></span> <span class='ocrx_word' id='word_1_174' title='bbox 925 1253 993 1284; x_wconf 89' lang='lat' dir='ltr'><strong>Lat.</strong></span> <span class='ocrx_word' id='word_1_175' title='bbox 1018 1252 1120 1283; x_wconf 82' lang='lat' dir='ltr'><strong>edidit</strong></span> <span class='ocrx_word' id='word_1_176' title='bbox 1137 1251 1171 1282; x_wconf 90' lang='lat' dir='ltr'><strong>in</strong></span> <span class='ocrx_word' id='word_1_177' title='bbox 1193 1251 1278 1282; x_wconf 80' lang='lat' dir='ltr'><strong>noti&#39;s</strong></span> <span class='ocrx_word' id='word_1_178' title='bbox 1293 1250 1332 1281; x_wconf 87' lang='lat' dir='ltr'><strong>ad</strong></span> <span class='ocrx_word' id='word_1_179' title='bbox 1348 1252 1456 1282; x_wconf 92' lang='lat' dir='ltr'><strong>Patres</strong></span> <span class='ocrx_word' id='word_1_180' title='bbox 1471 1249 1680 1289; x_wconf 84' lang='lat' dir='ltr'><strong>apostolicos,</strong></span> <span class='ocrx_word' id='word_1_181' title='bbox 1697 1250 1751 1281; x_wconf 89' lang='lat' dir='ltr'><strong>ed.</strong></span> 
     </span>
    </p>
   </div>
   <div class='ocr_carea' id='block_1_24' title="bbox 114 1302 1749 1346">
    <p class='ocr_par' dir='ltr' id='par_1_24' title="bbox 114 1302 1749 1346">
     <span class='ocr_line' id='line_1_25' title="bbox 114 1302 1749 1346; baseline -0.004 -9"><span class='ocrx_word' id='word_1_182' title='bbox 114 1307 205 1344; x_wconf 78' lang='lat'><strong>1672,</strong></span> <span class='ocrx_word' id='word_1_183' title='bbox 222 1306 284 1337; x_wconf 90' lang='lat' dir='ltr'><strong>col.</strong></span> <span class='ocrx_word' id='word_1_184' title='bbox 303 1307 371 1342; x_wconf 82' lang='lat'><strong>152,</strong></span> <span class='ocrx_word' id='word_1_185' title='bbox 388 1315 462 1338; x_wconf 91' lang='lat' dir='ltr'><strong>cum</strong></span> <span class='ocrx_word' id='word_1_186' title='bbox 478 1305 668 1346; x_wconf 77' lang='lat' dir='ltr'><strong>fragmentis</strong></span> <span class='ocrx_word' id='word_1_187' title='bbox 683 1305 831 1345; x_wconf 84' lang='lat' dir='ltr'><strong>ejusdem</strong></span> <span class='ocrx_word' id='word_1_188' title='bbox 846 1304 1030 1344; x_wconf 82' lang='lat' dir='ltr'><strong>argumenti</strong></span> <span class='ocrx_word' id='word_1_189' title='bbox 1046 1313 1076 1344; x_wconf 87' lang='lat' dir='ltr'><strong>p.</strong></span> <span class='ocrx_word' id='word_1_190' title='bbox 1094 1304 1154 1335; x_wconf 81' lang='lat'><strong>235</strong></span> <span class='ocrx_word' id='word_1_191' title='bbox 1170 1314 1179 1341; x_wconf 84' lang='lat'><strong>;</strong></span> <span class='ocrx_word' id='word_1_192' title='bbox 1212 1307 1243 1335; x_wconf 86' lang='lat' dir='ltr'><strong>et</strong></span> <span class='ocrx_word' id='word_1_193' title='bbox 1260 1302 1425 1334; x_wconf 77' lang='lat' dir='ltr'><strong>Pandectw</strong></span> <span class='ocrx_word' id='word_1_194' title='bbox 1444 1311 1551 1333; x_wconf 83' lang='lat' dir='ltr'><strong>rerum</strong></span> <span class='ocrx_word' id='word_1_195' title='bbox 1573 1311 1749 1339; x_wconf 76' lang='lat' dir='ltr'><strong>sacrarum,</strong></span> 
     </span>
    </p>
   </div>
   <div class='ocr_carea' id='block_1_25' title="bbox 113 1353 1752 1398">
    <p class='ocr_par' dir='ltr' id='par_1_25' title="bbox 113 1353 1752 1398">
     <span class='ocr_line' id='line_1_26' title="bbox 113 1353 1752 1398; baseline -0.003 -9"><span class='ocrx_word' id='word_1_196' title='bbox 113 1366 250 1398; x_wconf 86' lang='lat' dir='ltr'><strong>quarum</strong></span> <span class='ocrx_word' id='word_1_197' title='bbox 271 1357 448 1398; x_wconf 77' lang='lat' dir='ltr'><strong>fragmenta</strong></span> <span class='ocrx_word' id='word_1_198' title='bbox 464 1357 595 1389; x_wconf 77' lang='lat' dir='ltr'><strong>exhibet</strong></span> <span class='ocrx_word' id='word_1_199' title='bbox 613 1356 795 1389; x_wconf 90' lang='lat' dir='ltr'><strong>Cotelerius</strong></span> <span class='ocrx_word' id='word_1_200' title='bbox 812 1356 846 1388; x_wconf 88' lang='lat' dir='ltr'><strong>in</strong></span> <span class='ocrx_word' id='word_1_201' title='bbox 861 1357 1003 1388; x_wconf 84' lang='lat' dir='ltr'><strong>Monum.</strong></span> <span class='ocrx_word' id='word_1_202' title='bbox 1016 1355 1104 1387; x_wconf 83' lang='lat' dir='ltr'><strong>Eccl.</strong></span> <span class='ocrx_word' id='word_1_203' title='bbox 1121 1355 1179 1387; x_wconf 78' lang='lat' dir='ltr'><strong>Gr.</strong></span> <span class='ocrx_word' id='word_1_204' title='bbox 1195 1358 1216 1386; x_wconf 91' lang='lat' dir='ltr'><strong>t.</strong></span> <span class='ocrx_word' id='word_1_205' title='bbox 1234 1355 1289 1392; x_wconf 80' lang='lat' dir='ltr'><strong>lli,</strong></span> <span class='ocrx_word' id='word_1_206' title='bbox 1311 1364 1342 1394; x_wconf 87' lang='lat' dir='ltr'><strong>p.</strong></span> <span class='ocrx_word' id='word_1_207' title='bbox 1359 1355 1429 1392; x_wconf 56' lang='lat'><strong>£39,</strong></span> <span class='ocrx_word' id='word_1_208' title='bbox 1445 1357 1476 1386; x_wconf 91' lang='lat' dir='ltr'><strong>et</strong></span> <span class='ocrx_word' id='word_1_209' title='bbox 1491 1353 1656 1392; x_wconf 84' lang='lat' dir='ltr'><strong>specimen</strong></span> <span class='ocrx_word' id='word_1_210' title='bbox 1674 1363 1752 1394; x_wconf 86' lang='lat' dir='ltr'><strong>pro-</strong></span> 
     </span>
    </p>
   </div>
   <div class='ocr_carea' id='block_1_26' title="bbox 118 1405 1752 1449">
    <p class='ocr_par' dir='ltr' id='par_1_26' title="bbox 118 1405 1752 1449">
     <span class='ocr_line' id='line_1_27' title="bbox 118 1405 1752 1449; baseline -0.002 -10"><span class='ocrx_word' id='word_1_211' title='bbox 118 1409 210 1449; x_wconf 83' lang='lat' dir='ltr'><strong>ponit</strong></span> <span class='ocrx_word' id='word_1_212' title='bbox 226 1409 364 1440; x_wconf 89' lang='lat' dir='ltr'><strong>Bandini</strong></span> <span class='ocrx_word' id='word_1_213' title='bbox 381 1409 415 1440; x_wconf 92' lang='lat' dir='ltr'><strong>in</strong></span> <span class='ocrx_word' id='word_1_214' title='bbox 433 1407 537 1440; x_wconf 83' lang='lat' dir='ltr'><strong>Catal.</strong></span> <span class='ocrx_word' id='word_1_215' title='bbox 551 1407 635 1439; x_wconf 83' lang='lat' dir='ltr'><strong>Bibl.</strong></span> <span class='ocrx_word' id='word_1_216' title='bbox 651 1407 803 1446; x_wconf 78' lang='lat' dir='ltr'><strong>Laurent,</strong></span> <span class='ocrx_word' id='word_1_217' title='bbox 820 1413 843 1438; x_wconf 89' lang='lat' dir='ltr'><strong>t.</strong></span> <span class='ocrx_word' id='word_1_218' title='bbox 859 1409 884 1446; x_wconf 91' lang='lat' dir='ltr'><strong>l,</strong></span> <span class='ocrx_word' id='word_1_219' title='bbox 902 1417 934 1447; x_wconf 91' lang='lat' dir='ltr'><strong>p.</strong></span> <span class='ocrx_word' id='word_1_220' title='bbox 953 1409 992 1439; x_wconf 82' lang='lat'><strong>92</strong></span> <span class='ocrx_word' id='word_1_221' title='bbox 1008 1408 1062 1448; x_wconf 55' lang='grc' dir='ltr'><strong>(αἱ.</strong></span> <span class='ocrx_word' id='word_1_222' title='bbox 1083 1407 1145 1438; x_wconf 90' lang='lat' dir='ltr'><strong>Sed</strong></span> <span class='ocrx_word' id='word_1_223' title='bbox 1166 1407 1233 1438; x_wconf 65' lang='lat' dir='ltr'><strong>hac</strong></span> <span class='ocrx_word' id='word_1_224' title='bbox 1253 1405 1423 1446; x_wconf 87' lang='lat' dir='ltr'><strong>opuscula,</strong></span> <span class='ocrx_word' id='word_1_225' title='bbox 1443 1409 1479 1437; x_wconf 91' lang='lat' dir='ltr'><strong>ut</strong></span> <span class='ocrx_word' id='word_1_226' title='bbox 1504 1407 1584 1437; x_wconf 88' lang='lat' dir='ltr'><strong>bene</strong></span> <span class='ocrx_word' id='word_1_227' title='bbox 1601 1406 1752 1437; x_wconf 83' lang='lat' dir='ltr'><strong>observat</strong></span> 
     </span>
    </p>
   </div>
   <div class='ocr_carea' id='block_1_27' title="bbox 116 1455 1752 1496">
    <p class='ocr_par' dir='ltr' id='par_1_27' title="bbox 116 1455 1752 1496">
     <span class='ocr_line' id='line_1_28' title="bbox 116 1455 1752 1496; baseline -0.001 -8"><span class='ocrx_word' id='word_1_228' title='bbox 116 1458 267 1496; x_wconf 85' lang='lat' dir='ltr'><strong>Bandini,</strong></span> <span class='ocrx_word' id='word_1_229' title='bbox 300 1458 333 1489; x_wconf 93' lang='lat' dir='ltr'><strong>in</strong></span> <span class='ocrx_word' id='word_1_230' title='bbox 365 1458 474 1490; x_wconf 87' lang='lat' dir='ltr'><strong>Indice</strong></span> <span class='ocrx_word' id='word_1_231' title='bbox 492 1461 673 1494; x_wconf 85' lang='lat' dir='ltr'><strong>auctorum,</strong></span> <span class='ocrx_word' id='word_1_232' title='bbox 702 1457 891 1489; x_wconf 85' lang='lat' dir='ltr'><strong>ascribenda</strong></span> <span class='ocrx_word' id='word_1_233' title='bbox 913 1461 989 1489; x_wconf 91' lang='lat' dir='ltr'><strong>sunt</strong></span> <span class='ocrx_word' id='word_1_234' title='bbox 1006 1457 1120 1488; x_wconf 88' lang='lat' dir='ltr'><strong>Niconi</strong></span> <span class='ocrx_word' id='word_1_235' title='bbox 1136 1457 1293 1488; x_wconf 83' lang='lat' dir='ltr'><strong>monacho</strong></span> <span class='ocrx_word' id='word_1_236' title='bbox 1315 1455 1495 1492; x_wconf 88' lang='lat' dir='ltr'><strong>Raitbensi,</strong></span> <span class='ocrx_word' id='word_1_237' title='bbox 1511 1455 1568 1495; x_wconf 86' lang='lat' dir='ltr'><strong>qui</strong></span> <span class='ocrx_word' id='word_1_238' title='bbox 1587 1456 1671 1487; x_wconf 87' lang='lat' dir='ltr'><strong>circa</strong></span> <span class='ocrx_word' id='word_1_239' title='bbox 1693 1464 1752 1487; x_wconf 88' lang='lat' dir='ltr'><strong>an-</strong></span> 
     </span>
    </p>
   </div>
   <div class='ocr_carea' id='block_1_28' title="bbox 114 1507 1750 1548">
    <p class='ocr_par' dir='ltr' id='par_1_28' title="bbox 114 1507 1750 1548">
     <span class='ocr_line' id='line_1_29' title="bbox 114 1507 1750 1548; baseline -0.001 -8"><span class='ocrx_word' id='word_1_240' title='bbox 114 1519 194 1541; x_wconf 91' lang='lat' dir='ltr'><strong>num</strong></span> <span class='ocrx_word' id='word_1_241' title='bbox 215 1511 294 1542; x_wconf 83' lang='lat'><strong>1060</strong></span> <span class='ocrx_word' id='word_1_242' title='bbox 323 1511 385 1542; x_wconf 89' lang='lat' dir='ltr'><strong>sub</strong></span> <span class='ocrx_word' id='word_1_243' title='bbox 426 1510 638 1542; x_wconf 86' lang='lat' dir='ltr'><strong>Constantino</strong></span> <span class='ocrx_word' id='word_1_244' title='bbox 658 1511 745 1541; x_wconf 90' lang='lat' dir='ltr'><strong>Duca</strong></span> <span class='ocrx_word' id='word_1_245' title='bbox 765 1510 887 1541; x_wconf 87' lang='lat' dir='ltr'><strong>ﬂoruit.</strong></span> <span class='ocrx_word' id='word_1_246' title='bbox 917 1510 1072 1547; x_wconf 88' lang='lat' dir='ltr'><strong>Quinimo</strong></span> <span class='ocrx_word' id='word_1_247' title='bbox 1093 1511 1122 1540; x_wconf 88' lang='lat' dir='ltr'><strong>J.</strong></span> <span class='ocrx_word' id='word_1_248' title='bbox 1140 1511 1178 1540; x_wconf 81' lang='grc' dir='ltr'><strong>Α.</strong></span> <span class='ocrx_word' id='word_1_249' title='bbox 1191 1509 1316 1540; x_wconf 88' lang='lat' dir='ltr'><strong>Fabric.</strong></span> <span class='ocrx_word' id='word_1_250' title='bbox 1339 1509 1372 1540; x_wconf 90' lang='lat' dir='ltr'><strong>in</strong></span> <span class='ocrx_word' id='word_1_251' title='bbox 1390 1507 1473 1539; x_wconf 77' lang='lat' dir='ltr'><strong>Bibl.</strong></span> <span class='ocrx_word' id='word_1_252' title='bbox 1493 1508 1601 1539; x_wconf 65' lang='lat' dir='ltr'><strong>Greca</strong></span> <span class='ocrx_word' id='word_1_253' title='bbox 1616 1512 1638 1539; x_wconf 89' lang='lat' dir='ltr'><strong>t.</strong></span> <span class='ocrx_word' id='word_1_254' title='bbox 1656 1510 1698 1544; x_wconf 83' lang='grc' dir='ltr'><strong>Χ,</strong></span> <span class='ocrx_word' id='word_1_255' title='bbox 1716 1517 1750 1548; x_wconf 91' lang='lat' dir='ltr'><strong>p.</strong></span> 
     </span>
    </p>
   </div>
   <div class='ocr_carea' id='block_1_29' title="bbox 117 1558 1751 1600">
    <p class='ocr_par' dir='ltr' id='par_1_29' title="bbox 117 1558 1751 1600">
     <span class='ocr_line' id='line_1_30' title="bbox 117 1558 1751 1600; baseline -0.001 -10"><span class='ocrx_word' id='word_1_256' title='bbox 117 1559 189 1597; x_wconf 83' lang='lat'><strong>607,</strong></span> <span class='ocrx_word' id='word_1_257' title='bbox 213 1560 384 1591; x_wconf 81' lang='lat' dir='ltr'><strong>Anastasio</strong></span> <span class='ocrx_word' id='word_1_258' title='bbox 413 1560 603 1591; x_wconf 79' lang='lat' dir='ltr'><strong>Caesariensi</strong></span> <span class='ocrx_word' id='word_1_259' title='bbox 625 1560 683 1600; x_wconf 90' lang='lat' dir='ltr'><strong>qui</strong></span> <span class='ocrx_word' id='word_1_260' title='bbox 711 1561 750 1591; x_wconf 86' lang='lat' dir='ltr'><strong>ad</strong></span> <span class='ocrx_word' id='word_1_261' title='bbox 771 1560 866 1592; x_wconf 84' lang='lat' dir='ltr'><strong>ﬁnem</strong></span> <span class='ocrx_word' id='word_1_262' title='bbox 886 1563 1039 1600; x_wconf 81' lang='lat' dir='ltr'><strong>vergente</strong></span> <span class='ocrx_word' id='word_1_263' title='bbox 1064 1559 1182 1591; x_wconf 64' lang='lat' dir='ltr'><strong>saeculo</strong></span> <span class='ocrx_word' id='word_1_264' title='bbox 1201 1568 1236 1590; x_wconf 78' lang='grc' dir='ltr'><strong>ιι</strong></span> <span class='ocrx_word' id='word_1_265' title='bbox 1259 1558 1401 1599; x_wconf 82' lang='lat' dir='ltr'><strong>scripsit,</strong></span> <span class='ocrx_word' id='word_1_266' title='bbox 1429 1559 1543 1590; x_wconf 84' lang='lat' dir='ltr'><strong>tribuit</strong></span> <span class='ocrx_word' id='word_1_267' title='bbox 1565 1558 1683 1590; x_wconf 89' lang='lat' dir='ltr'><strong>librum</strong></span> <span class='ocrx_word' id='word_1_268' title='bbox 1704 1560 1751 1589; x_wconf 76' lang='lat' dir='ltr'><strong>Dc</strong></span> 
     </span>
    </p>
   </div>
   <div class='ocr_carea' id='block_1_30' title="bbox 116 1610 1751 1651">
    <p class='ocr_par' dir='ltr' id='par_1_30' title="bbox 116 1610 1751 1651">
     <span class='ocr_line' id='line_1_31' title="bbox 116 1610 1751 1651; baseline 0.001 -10"><span class='ocrx_word' id='word_1_269' title='bbox 116 1611 313 1649; x_wconf 77' lang='lat' dir='ltr'><strong>Artziburio,</strong></span> <span class='ocrx_word' id='word_1_270' title='bbox 332 1615 442 1642; x_wconf 86' lang='lat' dir='ltr'><strong>contra</strong></span> <span class='ocrx_word' id='word_1_271' title='bbox 458 1613 629 1648; x_wconf 86' lang='lat' dir='ltr'><strong>Armenos,</strong></span> <span class='ocrx_word' id='word_1_272' title='bbox 647 1620 744 1651; x_wconf 87' lang='lat' dir='ltr'><strong>quem</strong></span> <span class='ocrx_word' id='word_1_273' title='bbox 763 1611 899 1643; x_wconf 88' lang='lat' dir='ltr'><strong>minime</strong></span> <span class='ocrx_word' id='word_1_274' title='bbox 920 1611 1191 1651; x_wconf 80' lang='lat' dir='ltr'><strong>distinguendum</strong></span> <span class='ocrx_word' id='word_1_275' title='bbox 1217 1619 1288 1642; x_wconf 89' lang='lat' dir='ltr'><strong>esse</strong></span> <span class='ocrx_word' id='word_1_276' title='bbox 1314 1610 1537 1641; x_wconf 77' lang='lat' dir='ltr'><strong>existimamus</strong></span> <span class='ocrx_word' id='word_1_277' title='bbox 1560 1619 1576 1642; x_wconf 74' lang='grc' dir='ltr'><strong><em>ε</em></strong></span> <span class='ocrx_word' id='word_1_278' title='bbox 1600 1610 1683 1642; x_wconf 86' lang='lat' dir='ltr'><strong>libro</strong></span> <span class='ocrx_word' id='word_1_279' title='bbox 1705 1611 1751 1642; x_wconf 81' lang='lat' dir='ltr'><strong>De</strong></span> 
     </span>
    </p>
   </div>
   <div class='ocr_carea' id='block_1_31' title="bbox 113 1660 1752 1701">
    <p class='ocr_par' dir='ltr' id='par_1_31' title="bbox 113 1660 1752 1701">
     <span class='ocr_line' id='line_1_32' title="bbox 113 1660 1752 1701; baseline 0.001 -11"><span class='ocrx_word' id='word_1_280' title='bbox 113 1661 212 1700; x_wconf 74' lang='lat' dir='ltr'><strong>impia</strong></span> <span class='ocrx_word' id='word_1_281' title='bbox 233 1661 455 1693; x_wconf 82' lang='lat' dir='ltr'><strong>Armeniorum</strong></span> <span class='ocrx_word' id='word_1_282' title='bbox 469 1661 633 1701; x_wconf 78' lang='lat' dir='ltr'><strong>religione.</strong></span> <span class='ocrx_word' id='word_1_283' title='bbox 672 1663 718 1693; x_wconf 89' lang='lat' dir='ltr'><strong>De</strong></span> <span class='ocrx_word' id='word_1_284' title='bbox 740 1663 771 1693; x_wconf 90' lang='lat' dir='ltr'><strong>S.</strong></span> <span class='ocrx_word' id='word_1_285' title='bbox 792 1662 914 1694; x_wconf 88' lang='lat' dir='ltr'><strong>Nicone</strong></span> <span class='ocrx_word' id='word_1_286' title='bbox 952 1671 991 1693; x_wconf 85' lang='lat' dir='ltr'><strong>ex</strong></span> <span class='ocrx_word' id='word_1_287' title='bbox 1015 1661 1152 1693; x_wconf 89' lang='lat' dir='ltr'><strong>Baronio</strong></span> <span class='ocrx_word' id='word_1_288' title='bbox 1174 1660 1332 1692; x_wconf 87' lang='lat' dir='ltr'><strong>nonnulla</strong></span> <span class='ocrx_word' id='word_1_289' title='bbox 1357 1661 1454 1692; x_wconf 83' lang='lat' dir='ltr'><strong>refert</strong></span> <span class='ocrx_word' id='word_1_290' title='bbox 1473 1661 1655 1692; x_wconf 86' lang='lat' dir='ltr'><strong>Flaminius</strong></span> <span class='ocrx_word' id='word_1_291' title='bbox 1673 1662 1752 1693; x_wconf 91' lang='lat' dir='ltr'><strong>Cor-</strong></span> 
     </span>
    </p>
   </div>
   <div class='ocr_carea' id='block_1_32' title="bbox 115 1711 1747 1754">
    <p class='ocr_par' dir='ltr' id='par_1_32' title="bbox 115 1711 1747 1754">
     <span class='ocr_line' id='line_1_33' title="bbox 115 1711 1747 1754; baseline 0.002 -14"><span class='ocrx_word' id='word_1_292' title='bbox 115 1711 225 1742; x_wconf 85' lang='lat' dir='ltr'><strong>nelius</strong></span> <span class='ocrx_word' id='word_1_293' title='bbox 245 1712 280 1743; x_wconf 91' lang='lat' dir='ltr'><strong>in</strong></span> <span class='ocrx_word' id='word_1_294' title='bbox 298 1720 357 1744; x_wconf 89' lang='lat' dir='ltr'><strong>sua</strong></span> <span class='ocrx_word' id='word_1_295' title='bbox 373 1713 467 1744; x_wconf 87' lang='lat' dir='ltr'><strong>Creta</strong></span> <span class='ocrx_word' id='word_1_296' title='bbox 489 1722 592 1751; x_wconf 79' lang='lat' dir='ltr'><strong>saera,</strong></span> <span class='ocrx_word' id='word_1_297' title='bbox 609 1716 632 1745; x_wconf 90' lang='lat' dir='ltr'><strong>t.</strong></span> <span class='ocrx_word' id='word_1_298' title='bbox 648 1714 672 1751; x_wconf 86' lang='grc' dir='ltr'><strong>Ι,</strong></span> <span class='ocrx_word' id='word_1_299' title='bbox 691 1722 722 1754; x_wconf 94' lang='lat' dir='ltr'><strong>p.</strong></span> <span class='ocrx_word' id='word_1_300' title='bbox 740 1714 811 1752; x_wconf 83' lang='lat'><strong>206,</strong></span> <span class='ocrx_word' id='word_1_301' title='bbox 828 1714 944 1746; x_wconf 91' lang='lat' dir='ltr'><strong>Venet.</strong></span> <span class='ocrx_word' id='word_1_302' title='bbox 962 1714 1051 1745; x_wconf 83' lang='lat'><strong>1755.</strong></span> <span class='ocrx_word' id='word_1_303' title='bbox 1078 1713 1184 1746; x_wconf 84' lang='lat' dir='ltr'><strong>Solam</strong></span> <span class='ocrx_word' id='word_1_304' title='bbox 1198 1713 1303 1745; x_wconf 87' lang='lat' dir='ltr'><strong>Vitam</strong></span> <span class='ocrx_word' id='word_1_305' title='bbox 1323 1713 1392 1753; x_wconf 87' lang='lat' dir='ltr'><strong>ejus</strong></span> <span class='ocrx_word' id='word_1_306' title='bbox 1411 1712 1464 1744; x_wconf 88' lang='lat' dir='ltr'><strong>hic</strong></span> <span class='ocrx_word' id='word_1_307' title='bbox 1488 1712 1690 1752; x_wconf 83' lang='lat' dir='ltr'><strong>proferemus</strong></span> <span class='ocrx_word' id='word_1_308' title='bbox 1706 1721 1747 1743; x_wconf 79' lang='lat' dir='ltr'><strong>ex</strong></span> 
     </span>
    </p>
   </div>
   <div class='ocr_carea' id='block_1_33' title="bbox 115 1764 683 1806">
    <p class='ocr_par' dir='ltr' id='par_1_33' title="bbox 115 1764 683 1806">
     <span class='ocr_line' id='line_1_34' title="bbox 115 1764 683 1806; baseline 0.004 -11"><span class='ocrx_word' id='word_1_309' title='bbox 115 1765 213 1795; x_wconf 86' lang='lat' dir='ltr'><strong>Surio</strong></span> <span class='ocrx_word' id='word_1_310' title='bbox 240 1764 279 1796; x_wconf 90' lang='lat' dir='ltr'><strong>ad</strong></span> <span class='ocrx_word' id='word_1_311' title='bbox 306 1765 392 1797; x_wconf 87' lang='lat' dir='ltr'><strong>diem</strong></span> <span class='ocrx_word' id='word_1_312' title='bbox 416 1765 457 1796; x_wconf 80' lang='grc'><strong>26</strong></span> <span class='ocrx_word' id='word_1_313' title='bbox 480 1765 683 1806; x_wconf 75' lang='lat' dir='ltr'><strong>Novembris.</strong></span> 
     </span>
    </p>
   </div>
   <div class='ocr_carea' id='block_1_34' title="bbox 405 1944 1461 2023">
    <p class='ocr_par' dir='ltr' id='par_1_34' title="bbox 405 1944 1461 2023">
     <span class='ocr_line' id='line_1_35' title="bbox 405 1944 1461 2023; baseline -0.001 0"><span class='ocrx_word' id='word_1_314' title='bbox 405 1945 637 2023; x_wconf 90' lang='lat' dir='ltr'><strong>VlTA</strong></span> <span class='ocrx_word' id='word_1_315' title='bbox 688 1944 1033 2023; x_wconf 85' lang='lat' dir='ltr'><strong>SANGTI</strong></span> <span class='ocrx_word' id='word_1_316' title='bbox 1076 1945 1461 2023; x_wconf 86' lang='lat' dir='ltr'><strong>NICONIS</strong></span> 
     </span>
    </p>
   </div>
   <div class='ocr_carea' id='block_1_35' title="bbox 771 2077 1093 2111">
    <p class='ocr_par' dir='ltr' id='par_1_35' title="bbox 771 2077 1093 2111">
     <span class='ocr_line' id='line_1_36' title="bbox 771 2077 1093 2111; baseline -0.006 -4"><span class='ocrx_word' id='word_1_317' title='bbox 771 2078 905 2107; x_wconf 82' lang='lat' dir='ltr'><strong>ARMENI</strong></span> <span class='ocrx_word' id='word_1_318' title='bbox 926 2077 1093 2111; x_wconf 80' lang='lat' dir='ltr'><strong>MONAClll,</strong></span> 
     </span>
    </p>
   </div>
   <div class='ocr_carea' id='block_1_36' title="bbox 115 2158 1749 2200">
    <p class='ocr_par' dir='ltr' id='par_1_36' title="bbox 115 2158 1749 2200">
     <span class='ocr_line' id='line_1_37' title="bbox 115 2158 1749 2200; baseline -0.001 -10"><span class='ocrx_word' id='word_1_319' title='bbox 115 2160 162 2190; x_wconf 83' lang='lat' dir='ltr'><strong>Ex</strong></span> <span class='ocrx_word' id='word_1_320' title='bbox 181 2159 270 2191; x_wconf 77' lang='lat' dir='ltr'><strong>Actis</strong></span> <span class='ocrx_word' id='word_1_321' title='bbox 287 2160 359 2200; x_wconf 86' lang='lat' dir='ltr'><strong>ejus</strong></span> <span class='ocrx_word' id='word_1_322' title='bbox 373 2159 412 2191; x_wconf 84' lang='lat' dir='ltr'><strong>ab</strong></span> <span class='ocrx_word' id='word_1_323' title='bbox 425 2159 540 2191; x_wconf 82' lang='lat' dir='ltr'><strong>abbate</strong></span> <span class='ocrx_word' id='word_1_324' title='bbox 555 2160 745 2191; x_wconf 87' lang='lat' dir='ltr'><strong>monasterii</strong></span> <span class='ocrx_word' id='word_1_325' title='bbox 761 2160 792 2190; x_wconf 90' lang='lat' dir='ltr'><strong>S.</strong></span> <span class='ocrx_word' id='word_1_326' title='bbox 810 2159 943 2190; x_wconf 86' lang='lat' dir='ltr'><strong>Niconis</strong></span> <span class='ocrx_word' id='word_1_327' title='bbox 961 2167 1046 2190; x_wconf 87' lang='lat' dir='ltr'><strong>anno</strong></span> <span class='ocrx_word' id='word_1_328' title='bbox 1062 2159 1141 2190; x_wconf 76' lang='lat'><strong>1150</strong></span> <span class='ocrx_word' id='word_1_329' title='bbox 1159 2160 1266 2190; x_wconf 72' lang='lat' dir='ltr'><strong>Graece</strong></span> <span class='ocrx_word' id='word_1_330' title='bbox 1282 2158 1422 2197; x_wconf 89' lang='lat' dir='ltr'><strong>scriptis,</strong></span> <span class='ocrx_word' id='word_1_331' title='bbox 1441 2158 1616 2197; x_wconf 86' lang='lat' dir='ltr'><strong>interprete</strong></span> <span class='ocrx_word' id='word_1_332' title='bbox 1631 2159 1749 2189; x_wconf 75' lang='lat' dir='ltr'><strong>Iacobo</strong></span> 
     </span>
    </p>
   </div>
   <div class='ocr_carea' id='block_1_37' title="bbox 155 2209 1749 2250">
    <p class='ocr_par' dir='ltr' id='par_1_37' title="bbox 155 2209 1749 2250">
     <span class='ocr_line' id='line_1_38' title="bbox 155 2209 1749 2250; baseline 0 -10"><span class='ocrx_word' id='word_1_333' title='bbox 155 2210 329 2241; x_wconf 89' lang='lat' dir='ltr'><strong>Sirmundo</strong></span> <span class='ocrx_word' id='word_1_334' title='bbox 345 2211 491 2242; x_wconf 80' lang='lat' dir='ltr'><strong>Arverno</strong></span> <span class='ocrx_word' id='word_1_335' title='bbox 505 2211 729 2250; x_wconf 78' lang='lat' dir='ltr'><strong>Bicomagensi</strong></span> <span class='ocrx_word' id='word_1_336' title='bbox 757 2211 789 2242; x_wconf 90' lang='lat' dir='ltr'><strong>S.</strong></span> <span class='ocrx_word' id='word_1_337' title='bbox 805 2211 834 2242; x_wconf 85' lang='lat' dir='ltr'><strong>J.</strong></span> <span class='ocrx_word' id='word_1_338' title='bbox 863 2210 1059 2250; x_wconf 82' lang='lat' dir='ltr'><strong>profcssore,</strong></span> <span class='ocrx_word' id='word_1_339' title='bbox 1087 2219 1127 2241; x_wconf 80' lang='lat' dir='ltr'><strong>ex</strong></span> <span class='ocrx_word' id='word_1_340' title='bbox 1159 2210 1292 2241; x_wconf 73' lang='lat' dir='ltr'><strong>Cmsaris</strong></span> <span class='ocrx_word' id='word_1_341' title='bbox 1313 2209 1443 2240; x_wconf 85' lang='lat' dir='ltr'><strong>Baronii</strong></span> <span class='ocrx_word' id='word_1_342' title='bbox 1463 2209 1636 2239; x_wconf 81' lang='lat' dir='ltr'><strong>Annalium</strong></span> <span class='ocrx_word' id='word_1_343' title='bbox 1664 2212 1749 2240; x_wconf 80' lang='grc' dir='ltr'><strong>[οωο</strong></span> 
     </span>
    </p>
   </div>
   <div class='ocr_carea' id='block_1_38' title="bbox 155 2258 1749 2299">
    <p class='ocr_par' dir='ltr' id='par_1_38' title="bbox 155 2258 1749 2299">
     <span class='ocr_line' id='line_1_39' title="bbox 155 2258 1749 2299; baseline 0 -10"><span class='ocrx_word' id='word_1_344' title='bbox 155 2258 282 2290; x_wconf 92' lang='lat' dir='ltr'><strong>decimo</strong></span> <span class='ocrx_word' id='word_1_345' title='bbox 298 2259 429 2290; x_wconf 87' lang='lat' dir='ltr'><strong>collecta</strong></span> <span class='ocrx_word' id='word_1_346' title='bbox 445 2270 455 2290; x_wconf 85' lang='lat'><strong>:</strong></span> <span class='ocrx_word' id='word_1_347' title='bbox 481 2260 648 2290; x_wconf 85' lang='lat' dir='ltr'><strong>observata</strong></span> <span class='ocrx_word' id='word_1_348' title='bbox 668 2259 856 2299; x_wconf 86' lang='lat' dir='ltr'><strong>interpretis</strong></span> <span class='ocrx_word' id='word_1_349' title='bbox 882 2260 1038 2296; x_wconf 87' lang='lat' dir='ltr'><strong>dictione,</strong></span> <span class='ocrx_word' id='word_1_350' title='bbox 1066 2260 1196 2291; x_wconf 91' lang='lat' dir='ltr'><strong>duobus</strong></span> <span class='ocrx_word' id='word_1_351' title='bbox 1218 2259 1440 2291; x_wconf 87' lang='lat' dir='ltr'><strong>tantummodo</strong></span> <span class='ocrx_word' id='word_1_352' title='bbox 1465 2259 1546 2291; x_wconf 82' lang='lat' dir='ltr'><strong>locis</strong></span> <span class='ocrx_word' id='word_1_353' title='bbox 1577 2259 1749 2299; x_wconf 65' lang='lat' dir='ltr'><strong>perpaucis</strong></span> 
     </span>
    </p>
   </div>
   <div class='ocr_carea' id='block_1_39' title="bbox 157 2308 1126 2341">
    <p class='ocr_par' dir='ltr' id='par_1_39' title="bbox 157 2308 1126 2341">
     <span class='ocr_line' id='line_1_40' title="bbox 157 2308 1126 2341; baseline 0.001 -1"><span class='ocrx_word' id='word_1_354' title='bbox 157 2308 276 2340; x_wconf 85' lang='lat' dir='ltr'><strong>additis</strong></span> <span class='ocrx_word' id='word_1_355' title='bbox 296 2317 335 2340; x_wconf 81' lang='lat' dir='ltr'><strong>ex</strong></span> <span class='ocrx_word' id='word_1_356' title='bbox 356 2309 472 2341; x_wconf 89' lang='lat' dir='ltr'><strong>eodem</strong></span> <span class='ocrx_word' id='word_1_357' title='bbox 499 2308 637 2341; x_wconf 89' lang='lat' dir='ltr'><strong>Baronio</strong></span> <span class='ocrx_word' id='word_1_358' title='bbox 655 2309 694 2340; x_wconf 90' lang='lat' dir='ltr'><strong>ad</strong></span> <span class='ocrx_word' id='word_1_359' title='bbox 713 2309 953 2341; x_wconf 80' lang='lat' dir='ltr'><strong>connexionem</strong></span> <span class='ocrx_word' id='word_1_360' title='bbox 969 2310 1126 2341; x_wconf 72' lang='lat' dir='ltr'><strong>historice.</strong></span> 
     </span>
    </p>
   </div>
   <div class='ocr_carea' id='block_1_40' title="bbox 1695 102 1809 140">
    <p class='ocr_par' dir='ltr' id='par_1_40' title="bbox 1695 102 1809 140">
     <span class='ocr_line' id='line_1_41' title="bbox 1695 102 1809 140; baseline -0.009 -7"><span class='ocrx_word' id='word_1_361' title='bbox 1695 102 1751 134; x_wconf 75' lang='lat'><strong>976</strong></span> <span class='ocrx_word' id='word_1_362' title='bbox 1804 138 1809 140; x_wconf 13' lang='grc' dir='ltr'>ἒ</span> 
     </span>
    </p>
   </div>
   <div class='ocr_carea' id='block_1_41' title="bbox 154 2465 908 2496">
    <p class='ocr_par' dir='ltr' id='par_1_41' title="bbox 154 2465 908 2496">
     <span class='ocr_line' id='line_1_42' title="bbox 154 2465 908 2496; baseline 0.004 -3"><span class='ocrx_word' id='word_1_363' title='bbox 154 2466 174 2493; x_wconf 85' lang='grc' dir='ltr'><strong>ι.</strong></span> <span class='ocrx_word' id='word_1_364' title='bbox 183 2466 269 2494; x_wconf 82' lang='lat' dir='ltr'><strong>Ortus</strong></span> <span class='ocrx_word' id='word_1_365' title='bbox 282 2470 324 2494; x_wconf 88' lang='lat' dir='ltr'><strong>est</strong></span> <span class='ocrx_word' id='word_1_366' title='bbox 344 2471 455 2493; x_wconf 87' lang='lat' dir='ltr'><strong>sanctus</strong></span> <span class='ocrx_word' id='word_1_367' title='bbox 469 2465 557 2493; x_wconf 88' lang='lat' dir='ltr'><strong>Nicon</strong></span> <span class='ocrx_word' id='word_1_368' title='bbox 571 2465 597 2492; x_wconf 90' lang='lat' dir='ltr'><strong>in</strong></span> <span class='ocrx_word' id='word_1_369' title='bbox 612 2465 700 2494; x_wconf 84' lang='lat' dir='ltr'><strong>Ponto</strong></span> <span class='ocrx_word' id='word_1_370' title='bbox 719 2466 908 2496; x_wconf 86' lang='lat' dir='ltr'><strong>Polemoniaco</strong></span> 
     </span>
    </p>
   </div>
   <div class='ocr_carea' id='block_1_42' title="bbox 115 2511 907 2546">
    <p class='ocr_par' dir='ltr' id='par_1_42' title="bbox 115 2511 907 2546">
     <span class='ocr_line' id='line_1_43' title="bbox 115 2511 907 2546; baseline 0.001 -6"><span class='ocrx_word' id='word_1_371' title='bbox 115 2512 275 2546; x_wconf 86' lang='lat' dir='ltr'><strong>parentibus</strong></span> <span class='ocrx_word' id='word_1_372' title='bbox 288 2511 509 2545; x_wconf 68' lang='lat' dir='ltr'><strong>honestissimis,</strong></span> <span class='ocrx_word' id='word_1_373' title='bbox 538 2512 634 2540; x_wconf 85' lang='lat' dir='ltr'><strong>iisdem</strong></span> <span class='ocrx_word' id='word_1_374' title='bbox 657 2513 761 2546; x_wconf 84' lang='lat' dir='ltr'><strong>insciis,</strong></span> <span class='ocrx_word' id='word_1_375' title='bbox 777 2514 821 2541; x_wconf 90' lang='lat' dir='ltr'><strong>ubi</strong></span> <span class='ocrx_word' id='word_1_376' title='bbox 840 2515 907 2542; x_wconf 83' lang='lat' dir='ltr'><strong>ado-</strong></span> 
     </span>
    </p>
   </div>
   <div class='ocr_carea' id='block_1_43' title="bbox 114 2557 908 2593">
    <p class='ocr_par' dir='ltr' id='par_1_43' title="bbox 114 2557 908 2593">
     <span class='ocr_line' id='line_1_44' title="bbox 114 2557 908 2593; baseline 0.003 -8"><span class='ocrx_word' id='word_1_377' title='bbox 114 2559 189 2591; x_wconf 86' lang='lat' dir='ltr'><strong>levit,</strong></span> <span class='ocrx_word' id='word_1_378' title='bbox 214 2557 306 2593; x_wconf 85' lang='lat' dir='ltr'><strong>fugam</strong></span> <span class='ocrx_word' id='word_1_379' title='bbox 322 2558 466 2592; x_wconf 83' lang='lat' dir='ltr'><strong>arripiens,</strong></span> <span class='ocrx_word' id='word_1_380' title='bbox 483 2558 517 2585; x_wconf 88' lang='lat' dir='ltr'><strong>ad</strong></span> <span class='ocrx_word' id='word_1_381' title='bbox 531 2559 725 2586; x_wconf 86' lang='lat' dir='ltr'><strong>monasterium</strong></span> <span class='ocrx_word' id='word_1_382' title='bbox 745 2559 842 2587; x_wconf 74' lang='lat' dir='ltr'><strong>Aurea:</strong></span> <span class='ocrx_word' id='word_1_383' title='bbox 854 2559 908 2588; x_wconf 86' lang='lat' dir='ltr'><strong>Pe-</strong></span> 
     </span>
    </p>
   </div>
   <div class='ocr_carea' id='block_1_44' title="bbox 116 2602 906 2640">
    <p class='ocr_par' dir='ltr' id='par_1_44' title="bbox 116 2602 906 2640">
     <span class='ocr_line' id='line_1_45' title="bbox 116 2602 906 2640; baseline 0.004 -10"><span class='ocrx_word' id='word_1_384' title='bbox 116 2607 164 2631; x_wconf 67' lang='lat' dir='ltr'><strong>trae</strong></span> <span class='ocrx_word' id='word_1_385' title='bbox 179 2604 293 2637; x_wconf 85' lang='lat' dir='ltr'><strong>dictum,</strong></span> <span class='ocrx_word' id='word_1_386' title='bbox 313 2604 396 2632; x_wconf 86' lang='lat' dir='ltr'><strong>situm</strong></span> <span class='ocrx_word' id='word_1_387' title='bbox 413 2605 439 2632; x_wconf 95' lang='lat' dir='ltr'><strong>in</strong></span> <span class='ocrx_word' id='word_1_388' title='bbox 457 2604 555 2632; x_wconf 88' lang='lat' dir='ltr'><strong>finibus</strong></span> <span class='ocrx_word' id='word_1_389' title='bbox 569 2602 646 2631; x_wconf 87' lang='lat' dir='ltr'><strong>Ponti</strong></span> <span class='ocrx_word' id='word_1_390' title='bbox 664 2609 691 2632; x_wconf 88' lang='lat' dir='ltr'><strong>et</strong></span> <span class='ocrx_word' id='word_1_391' title='bbox 705 2604 906 2640; x_wconf 77' lang='lat' dir='ltr'><strong>Paphlagoniae,</strong></span> 
     </span>
    </p>
   </div>
   <div class='ocr_carea' id='block_1_45' title="bbox 115 2649 907 2685">
    <p class='ocr_par' dir='ltr' id='par_1_45' title="bbox 115 2649 907 2685">
     <span class='ocr_line' id='line_1_46' title="bbox 115 2649 907 2685; baseline 0.003 -9"><span class='ocrx_word' id='word_1_392' title='bbox 115 2649 246 2684; x_wconf 77' lang='lat' dir='ltr'><strong>religione</strong></span> <span class='ocrx_word' id='word_1_393' title='bbox 270 2650 473 2678; x_wconf 85' lang='lat' dir='ltr'><strong>sanctissimum</strong></span> <span class='ocrx_word' id='word_1_394' title='bbox 497 2657 558 2678; x_wconf 85' lang='lat' dir='ltr'><strong>sese</strong></span> <span class='ocrx_word' id='word_1_395' title='bbox 585 2650 699 2678; x_wconf 85' lang='lat' dir='ltr'><strong>contulit</strong></span> <span class='ocrx_word' id='word_1_396' title='bbox 718 2659 725 2678; x_wconf 89' lang='lat'><strong>:</strong></span> <span class='ocrx_word' id='word_1_397' title='bbox 747 2651 836 2685; x_wconf 86' lang='lat' dir='ltr'><strong>ibique</strong></span> <span class='ocrx_word' id='word_1_398' title='bbox 856 2653 907 2678; x_wconf 87' lang='lat' dir='ltr'><strong>sub</strong></span> 
     </span>
    </p>
   </div>
   <div class='ocr_carea' id='block_1_46' title="bbox 116 2695 908 2733">
    <p class='ocr_par' dir='ltr' id='par_1_46' title="bbox 116 2695 908 2733">
     <span class='ocr_line' id='line_1_47' title="bbox 116 2695 908 2733; baseline 0.003 -10"><span class='ocrx_word' id='word_1_399' title='bbox 116 2695 174 2730; x_wconf 81' lang='lat' dir='ltr'><strong>ejus</strong></span> <span class='ocrx_word' id='word_1_400' title='bbox 191 2698 348 2726; x_wconf 81' lang='lat' dir='ltr'><strong>monasterii</strong></span> <span class='ocrx_word' id='word_1_401' title='bbox 364 2697 473 2732; x_wconf 84' lang='lat' dir='ltr'><strong>abbate,</strong></span> <span class='ocrx_word' id='word_1_402' title='bbox 489 2698 549 2726; x_wconf 88' lang='lat' dir='ltr'><strong>viro</strong></span> <span class='ocrx_word' id='word_1_403' title='bbox 563 2698 777 2733; x_wconf 78' lang='lat' dir='ltr'><strong>religiosiSSimo,</strong></span> <span class='ocrx_word' id='word_1_404' title='bbox 795 2698 827 2725; x_wconf 88' lang='lat' dir='ltr'><strong>ad</strong></span> <span class='ocrx_word' id='word_1_405' title='bbox 842 2699 908 2725; x_wconf 88' lang='lat' dir='ltr'><strong>duo-</strong></span> 
     </span>
    </p>
   </div>
   <div class='ocr_carea' id='block_1_47' title="bbox 155 2785 910 2822">
    <p class='ocr_par' dir='ltr' id='par_1_47' title="bbox 155 2785 910 2822">
     <span class='ocr_line' id='line_1_48' title="bbox 155 2785 910 2822; baseline 0.003 -10"><span class='ocrx_word' id='word_1_406' title='bbox 155 2785 196 2822; x_wconf 69' lang='grc' dir='ltr'><strong>(ιι)</strong></span> <span class='ocrx_word' id='word_1_407' title='bbox 210 2785 265 2814; x_wconf 81' lang='lat' dir='ltr'><strong>Nos</strong></span> <span class='ocrx_word' id='word_1_408' title='bbox 280 2786 418 2822; x_wconf 88' lang='lat' dir='ltr'><strong>specimen</strong></span> <span class='ocrx_word' id='word_1_409' title='bbox 433 2786 486 2822; x_wconf 73' lang='lat' dir='ltr'><strong>hoc</strong></span> <span class='ocrx_word' id='word_1_410' title='bbox 501 2786 645 2822; x_wconf 81' lang='lat' dir='ltr'><strong>edidimus,</strong></span> <span class='ocrx_word' id='word_1_411' title='bbox 678 2787 763 2822; x_wconf 67' lang='lat' dir='ltr'><strong>veluti</strong></span> <span class='ocrx_word' id='word_1_412' title='bbox 792 2794 910 2822; x_wconf 85' lang='lat' dir='ltr'><strong>opuscu-</strong></span> 
     </span>
    </p>
   </div>
   <div class='ocr_carea' id='block_1_48' title="bbox 114 2819 902 2856">
    <p class='ocr_par' dir='ltr' id='par_1_48' title="bbox 114 2819 902 2856">
     <span class='ocr_line' id='line_1_49' title="bbox 114 2819 902 2856; baseline 0 -6"><span class='ocrx_word' id='word_1_413' title='bbox 114 2819 176 2850; x_wconf 77' lang='lat' dir='ltr'><strong>lum</strong></span> <span class='ocrx_word' id='word_1_414' title='bbox 185 2819 303 2850; x_wconf 70' lang='lat' dir='ltr'><strong>incertae</strong></span> <span class='ocrx_word' id='word_1_415' title='bbox 314 2821 412 2856; x_wconf 80' lang='lat' dir='ltr'><strong>aetatis,</strong></span> <span class='ocrx_word' id='word_1_416' title='bbox 432 2821 593 2856; x_wconf 68' lang='lat' dir='ltr'><strong>Patrologicc</strong></span> <span class='ocrx_word' id='word_1_417' title='bbox 608 2827 628 2848; x_wconf 93' lang='lat' dir='ltr'><strong>t.</strong></span> <span class='ocrx_word' id='word_1_418' title='bbox 658 2821 725 2855; x_wconf 85' lang='lat' dir='ltr'><strong>CVI,</strong></span> <span class='ocrx_word' id='word_1_419' title='bbox 743 2821 797 2849; x_wconf 87' lang='lat' dir='ltr'><strong>col.</strong></span> <span class='ocrx_word' id='word_1_420' title='bbox 810 2819 902 2855; x_wconf 54' lang='lat'><strong>1559,</strong></span> 
     </span>
    </p>
   </div>
   <div class='ocr_carea' id='block_1_49' title="bbox 956 2468 1750 2498">
    <p class='ocr_par' dir='ltr' id='par_1_49' title="bbox 956 2468 1750 2498">
     <span class='ocr_line' id='line_1_50' title="bbox 956 2468 1750 2498; baseline 0 -3"><span class='ocrx_word' id='word_1_421' title='bbox 956 2468 1090 2496; x_wconf 81' lang='lat' dir='ltr'><strong>decimum</strong></span> <span class='ocrx_word' id='word_1_422' title='bbox 1106 2475 1206 2495; x_wconf 88' lang='lat' dir='ltr'><strong>annum</strong></span> <span class='ocrx_word' id='word_1_423' title='bbox 1222 2468 1403 2495; x_wconf 82' lang='lat' dir='ltr'><strong>monasticam</strong></span> <span class='ocrx_word' id='word_1_424' title='bbox 1417 2468 1498 2495; x_wconf 84' lang='lat' dir='ltr'><strong>vitam</strong></span> <span class='ocrx_word' id='word_1_425' title='bbox 1514 2468 1640 2497; x_wconf 79' lang='lat' dir='ltr'><strong>munibus</strong></span> <span class='ocrx_word' id='word_1_426' title='bbox 1655 2475 1750 2498; x_wconf 83' lang='lat' dir='ltr'><strong>nume-</strong></span> 
     </span>
    </p>
   </div>
   <div class='ocr_carea' id='block_1_50' title="bbox 959 2513 1749 2549">
    <p class='ocr_par' dir='ltr' id='par_1_50' title="bbox 959 2513 1749 2549">
     <span class='ocr_line' id='line_1_51' title="bbox 959 2513 1749 2549; baseline 0.004 -8"><span class='ocrx_word' id='word_1_427' title='bbox 959 2515 996 2541; x_wconf 80' lang='lat' dir='ltr'><strong>ris</strong></span> <span class='ocrx_word' id='word_1_428' title='bbox 1009 2513 1186 2549; x_wconf 81' lang='lat' dir='ltr'><strong>perfectionis</strong></span> <span class='ocrx_word' id='word_1_429' title='bbox 1199 2515 1330 2541; x_wconf 75' lang='lat' dir='ltr'><strong>excoluit.</strong></span> <span class='ocrx_word' id='word_1_430' title='bbox 1345 2514 1412 2542; x_wconf 86' lang='lat' dir='ltr'><strong>Cum</strong></span> <span class='ocrx_word' id='word_1_431' title='bbox 1431 2523 1496 2542; x_wconf 83' lang='lat' dir='ltr'><strong>vero</strong></span> <span class='ocrx_word' id='word_1_432' title='bbox 1511 2515 1640 2544; x_wconf 77' lang='lat' dir='ltr'><strong>divinitus</strong></span> <span class='ocrx_word' id='word_1_433' title='bbox 1653 2517 1749 2544; x_wconf 84' lang='lat' dir='ltr'><strong>admo-</strong></span> 
     </span>
    </p>
   </div>
   <div class='ocr_carea' id='block_1_51' title="bbox 957 2559 1749 2597">
    <p class='ocr_par' dir='ltr' id='par_1_51' title="bbox 957 2559 1749 2597">
     <span class='ocr_line' id='line_1_52' title="bbox 957 2559 1749 2597; baseline 0.003 -10"><span class='ocrx_word' id='word_1_434' title='bbox 957 2561 1030 2587; x_wconf 88' lang='lat' dir='ltr'><strong>nitus</strong></span> <span class='ocrx_word' id='word_1_435' title='bbox 1055 2559 1113 2594; x_wconf 84' lang='lat' dir='ltr'><strong>ejus</strong></span> <span class='ocrx_word' id='word_1_436' title='bbox 1139 2559 1234 2592; x_wconf 87' lang='lat' dir='ltr'><strong>abbas,</strong></span> <span class='ocrx_word' id='word_1_437' title='bbox 1255 2560 1344 2596; x_wconf 88' lang='lat' dir='ltr'><strong>ipsum</strong></span> <span class='ocrx_word' id='word_1_438' title='bbox 1369 2560 1403 2588; x_wconf 88' lang='lat' dir='ltr'><strong>ad</strong></span> <span class='ocrx_word' id='word_1_439' title='bbox 1426 2560 1604 2596; x_wconf 87' lang='lat' dir='ltr'><strong>plurimarum</strong></span> <span class='ocrx_word' id='word_1_440' title='bbox 1629 2563 1749 2597; x_wconf 75' lang='lat' dir='ltr'><strong>gentium</strong></span> 
     </span>
    </p>
   </div>
   <div class='ocr_carea' id='block_1_52' title="bbox 956 2607 1750 2643">
    <p class='ocr_par' dir='ltr' id='par_1_52' title="bbox 956 2607 1750 2643">
     <span class='ocr_line' id='line_1_53' title="bbox 956 2607 1750 2643; baseline 0.004 -10"><span class='ocrx_word' id='word_1_441' title='bbox 956 2607 1162 2634; x_wconf 86' lang='lat' dir='ltr'><strong>conversionem</strong></span> <span class='ocrx_word' id='word_1_442' title='bbox 1178 2610 1301 2633; x_wconf 88' lang='lat' dir='ltr'><strong>vocatum</strong></span> <span class='ocrx_word' id='word_1_443' title='bbox 1319 2614 1335 2634; x_wconf 90' lang='lat' dir='ltr'><strong>e</strong></span> <span class='ocrx_word' id='word_1_444' title='bbox 1349 2608 1516 2634; x_wconf 87' lang='lat' dir='ltr'><strong>monasterio</strong></span> <span class='ocrx_word' id='word_1_445' title='bbox 1540 2609 1616 2635; x_wconf 86' lang='lat' dir='ltr'><strong>abire</strong></span> <span class='ocrx_word' id='word_1_446' title='bbox 1630 2609 1704 2643; x_wconf 82' lang='lat' dir='ltr'><strong>cogit</strong></span> <span class='ocrx_word' id='word_1_447' title='bbox 1716 2609 1750 2636; x_wconf 81' lang='lat' dir='ltr'><strong>ad</strong></span> 
     </span>
    </p>
   </div>
   <div class='ocr_carea' id='block_1_53' title="bbox 956 2652 1750 2688">
    <p class='ocr_par' dir='ltr' id='par_1_53' title="bbox 956 2652 1750 2688">
     <span class='ocr_line' id='line_1_54' title="bbox 956 2652 1750 2688; baseline 0.003 -9"><span class='ocrx_word' id='word_1_448' title='bbox 956 2652 1124 2688; x_wconf 87' lang='lat' dir='ltr'><strong>apostolatus</strong></span> <span class='ocrx_word' id='word_1_449' title='bbox 1141 2653 1181 2680; x_wconf 88' lang='lat' dir='ltr'><strong>sui</strong></span> <span class='ocrx_word' id='word_1_450' title='bbox 1199 2661 1297 2680; x_wconf 89' lang='lat' dir='ltr'><strong>munus</strong></span> <span class='ocrx_word' id='word_1_451' title='bbox 1317 2653 1480 2688; x_wconf 86' lang='lat' dir='ltr'><strong>implendum</strong></span> <span class='ocrx_word' id='word_1_452' title='bbox 1498 2662 1504 2681; x_wconf 94' lang='lat'><strong>:</strong></span> <span class='ocrx_word' id='word_1_453' title='bbox 1525 2659 1554 2681; x_wconf 86' lang='lat' dir='ltr'><strong>ut</strong></span> <span class='ocrx_word' id='word_1_454' title='bbox 1579 2653 1658 2688; x_wconf 85' lang='lat' dir='ltr'><strong>plane</strong></span> <span class='ocrx_word' id='word_1_455' title='bbox 1674 2655 1707 2681; x_wconf 89' lang='lat' dir='ltr'><strong>de</strong></span> <span class='ocrx_word' id='word_1_456' title='bbox 1717 2661 1750 2682; x_wconf 83' lang='lat' dir='ltr'><strong>co</strong></span> 
     </span>
    </p>
   </div>
   <div class='ocr_carea' id='block_1_54' title="bbox 957 2698 1749 2735">
    <p class='ocr_par' dir='ltr' id='par_1_54' title="bbox 957 2698 1749 2735">
     <span class='ocr_line' id='line_1_55' title="bbox 957 2698 1749 2735; baseline 0.004 -10"><span class='ocrx_word' id='word_1_457' title='bbox 957 2699 1022 2726; x_wconf 87' lang='lat' dir='ltr'><strong>illud</strong></span> <span class='ocrx_word' id='word_1_458' title='bbox 1039 2698 1155 2726; x_wconf 73' lang='lat' dir='ltr'><strong>leunnis</strong></span> <span class='ocrx_word' id='word_1_459' title='bbox 1169 2699 1287 2734; x_wconf 77' lang='lat' dir='ltr'><strong>elogium</strong></span> <span class='ocrx_word' id='word_1_460' title='bbox 1304 2699 1374 2726; x_wconf 88' lang='lat' dir='ltr'><strong>haud</strong></span> <span class='ocrx_word' id='word_1_461' title='bbox 1389 2699 1537 2734; x_wconf 78' lang='lat' dir='ltr'><strong>incongrue</strong></span> <span class='ocrx_word' id='word_1_462' title='bbox 1546 2699 1672 2735; x_wconf 86' lang='lat' dir='ltr'><strong>usurpari</strong></span> <span class='ocrx_word' id='word_1_463' title='bbox 1686 2706 1749 2735; x_wconf 72' lang='lat' dir='ltr'><strong>poi-</strong></span> 
     </span>
    </p>
   </div>
   <div class='ocr_carea' id='block_1_55' title="bbox 963 2787 1749 2822">
    <p class='ocr_par' dir='ltr' id='par_1_55' title="bbox 963 2787 1749 2822">
     <span class='ocr_line' id='line_1_56' title="bbox 963 2787 1749 2822; baseline 0.001 -9"><span class='ocrx_word' id='word_1_464' title='bbox 963 2787 1026 2821; x_wconf 83' lang='lat' dir='ltr'><strong>qnia</strong></span> <span class='ocrx_word' id='word_1_465' title='bbox 1058 2795 1122 2814; x_wconf 86' lang='lat' dir='ltr'><strong>nota</strong></span> <span class='ocrx_word' id='word_1_466' title='bbox 1157 2792 1290 2822; x_wconf 78' lang='lat' dir='ltr'><strong>temporis</strong></span> <span class='ocrx_word' id='word_1_467' title='bbox 1310 2795 1324 2815; x_wconf 85' lang='lat' dir='ltr'><strong>a</strong></span> <span class='ocrx_word' id='word_1_468' title='bbox 1355 2787 1471 2816; x_wconf 85' lang='lat' dir='ltr'><strong>Bandini</strong></span> <span class='ocrx_word' id='word_1_469' title='bbox 1493 2787 1624 2821; x_wconf 86' lang='lat' dir='ltr'><strong>indicata,</strong></span> <span class='ocrx_word' id='word_1_470' title='bbox 1654 2787 1749 2816; x_wconf 77' lang='lat' dir='ltr'><strong>oculos</strong></span> 
     </span>
    </p>
   </div>
   <div class='ocr_carea' id='block_1_56' title="bbox 958 2822 1675 2858">
    <p class='ocr_par' dir='ltr' id='par_1_56' title="bbox 958 2822 1675 2858">
     <span class='ocr_line' id='line_1_57' title="bbox 958 2822 1675 2858; baseline 0.004 -9"><span class='ocrx_word' id='word_1_471' title='bbox 958 2827 1067 2850; x_wconf 83' lang='lat' dir='ltr'><strong>nostros</strong></span> <span class='ocrx_word' id='word_1_472' title='bbox 1084 2822 1201 2858; x_wconf 73' lang='lat' dir='ltr'><strong>fugerat.</strong></span> <span class='ocrx_word' id='word_1_473' title='bbox 1671 2844 1675 2847; x_wconf 53' lang='grc' dir='ltr'><strong>μ</strong></span> 
     </span>
    </p>
   </div>
  </div>
