1943 3072
148 181 203 216 977

913 187 1013 221 VITA.

1715 188 1771 222 978‘

147 242 184 270 sit
203 252 210 270 :
230 242 293 270 Fuit
311 244 387 270 homo
406 245 500 273 missus
513 254 528 272 ιι
545 245 608 273 Deo.
623 244 674 274 Ubi
695 253 760 274 vero
776 247 824 274 Dei
847 249 934 276 outni-
949 250 973 278 Α
989 247 1053 281 Deo,
1066 247 1102 275 illi
1116 247 1302 281 adhaerebant,
1315 246 1353 275 ita
1367 245 1459 275 utvim
1469 245 1546 283 legis,
1563 245 1691 282 quidquid
1706 255 1776 282 pra:-

149 289 267 322 potcntis
293 289 489 323 misericordia,
516 291 594 318 Creta
620 291 706 319 insula
721 297 761 319 est
778 299 935 327 recuperata

150 341 163 357 a
194 332 365 365 Christianis,
394 334 426 361 ad
458 334 516 369 ejus
541 328 676 363 culturam
702 336 772 364 idem
791 336 877 365 Nicon
902 338 935 366 ab

151 377 263 404 Oriente
276 383 414 411 evocatus,
430 387 443 405 a
457 380 511 407 Deo
524 381 651 408 ntittitur.

187 422 218 448 ll.
248 422 314 449 Cutn
344 423 425 457 igitur
457 425 579 458 regiones
605 432 659 452 non
689 434 788 461 paucas
814 427 934 456 orienta-

150 467 214 495 lium
243 469 358 503 partium
377 476 567 505 peragrasset,
589 476 616 498 et
641 473 747 507 publica
769 474 937 508 poenitentiae.

149 514 340 547 praedicatione
365 514 522 543 innumeras
539 521 632 551 gentes
657 518 691 545 ad
713 510 808 548 salutis
828 526 935 555 portum

148 567 198 593 per
227 560 434 594 pmnitentiam,
464 562 639 598 meliorisque
667 564 729 592 vita:
759 566 936 594 mutationem

149 605 332 638 perduxisset,
354 605 388 633 ad
406 606 513 634 Cretam
538 607 653 636 insulam
680 610 858 644 navigandum
884 611 935 639 sibi

149 657 210 677 esse
225 649 365 678 intellexit.
391 651 456 679 Illuc
471 653 543 680 enim
558 653 650 681 divino
665 655 781 689 quodam
804 661 869 683 nutu
890 663 938 684 vo-

147 697 272 723 cabatur.
295 696 398 724 Etenim
414 698 492 725 sintnl
510 704 591 734 atque
612 700 727 728 insulam
744 701 880 736 ingressus
896 707 939 730 est

150 741 185 767 ab
202 741 383 775 Agarenorum
402 744 467 778 jugo
489 745 645 780 nuperrime
669 745 822 779 liberatam,
837 747 939 775 Roma-

151 792 238 820 noque
260 786 372 820 imperio
384 789 536 816 restitutam
563 797 611 824 per
630 790 810 825 Nicephorum
824 813 831 826 ,
856 793 935 820 raetiis

151 836 241 857 autent
258 831 423 860 detestanda!
437 835 619 869 Agarenorum
641 837 842 871 superstitionis
858 839 941 866 vesti-

149 874 203 908 giis
220 875 307 903 adhuc
321 877 426 911 plenatn
450 884 478 906 et
495 879 641 913 refertam,
668 881 746 916 cujus
771 883 874 911 scilicet
899 884 940 910 itt-

985 298 1104 328 ceperat,
1121 294 1266 321 obtineret.

1020 338 1064 366 ιν.
1081 340 1168 373 Quare
1179 347 1239 367 eum
1252 346 1347 367 securo
1360 339 1415 374 jam
1432 339 1522 367 animo
1537 337 1571 366 ad
1589 338 1694 366 solitam
1707 345 1775 373 prte-

986 384 1147 412 dicationetn
1168 385 1304 417 rediisset,
1333 384 1367 412 ad
1384 384 1547 419 baptismum
1562 391 1668 415 omnes,
1691 389 1776 410 verte-

986 437 1039 464 quc
1059 430 1120 458 [idei
1145 430 1314 466 disciplinam
1348 429 1474 465 perpulit.
1495 429 1563 457 Tum
1585 423 1679 457 errore
1699 428 1775 456 omni

986 483 1002 503 e
1013 475 1100 502 medio
1115 475 1230 507 sublato,
1253 475 1375 503 ecclesiis
1390 483 1437 510 per
1453 479 1537 503 totatn
1560 475 1674 502 insulam
1687 473 1774 500 aditi-

987 521 1066 553 catis,
1081 521 1276 553 sacerdotibus,
1289 521 1412 548 diaconis
1439 520 1598 555 aedituisque
1614 519 1773 552 designatis.

987 565 1097 600 reliquis
1108 566 1190 592 etiam
1204 566 1334 593 ritibusct
1348 565 1518 594 caeremoniis
1532 569 1594 599 apte
1610 564 1775 596 distribuli=,

987 612 1093 639 vivendi
1111 611 1213 647 legibus
1229 612 1384 647 descriptis,
1398 611 1524 639 omnibus
1541 611 1656 646 denique
1672 618 1731 644 quae
1749 611 1775 636 in

988 655 1078 682 animo
1088 660 1176 689 erant,
1191 663 1224 683 ne
1235 663 1314 691 quem
1322 655 1491 684 Cretensium
1501 655 1562 682 boni
1577 658 1716 690 expertem
1729 661 1773 680 rc-

990 699 1136 735 linqueret,
1167 701 1262 728 ordine
1288 701 1455 733 constitutis,
1480 700 1601 735 Gortyna
1631 699 1775 730 discessit.

989 746 1123 780 triumque
1150 746 1253 774 dierum
1269 747 1321 774 iter
1339 753 1511 782 progressus,
1532 745 1648 780 quodam
1665 745 1693 772 in
1717 745 1776 772 loco

989 792 1039 820 sub
1064 797 1170 821 noctetn
1207 793 1348 825 constitit,
1376 793 1422 820 ubi
1460 791 1642 827 antiquissimi
1671 791 1774 825 templi,

990 843 1120 872 quantum
1141 846 1175 866 ex
1189 838 1332 866 ruderibus
1348 837 1483 873 conjicere
1499 842 1568 870 erat,
1584 836 1697 870 vestigia
1717 843 1777 862 cer-

989 883 1131 911 nebantur.
1150 882 1258 911 Hoc’in
1280 883 1339 911 loco
1360 890 1421 911 cum
1446 887 1579 910 nocturno
1603 882 1704 917 hymno
1726 880 1777 908 rite

152 918 218 944 colae
250 919 376 948 diuturna
400 926 483 958 atque
503 924 610 952 assidua
632 933 693 953 cum
715 925 858 955 Saracenis
874 935 938 956 con-
953 924 975 952 Β
990 928 1142 961 decantato,
1158 933 1186 955 et
1199 928 1340 962 crncigero
1359 926 1454 954 baculo
1469 927 1542 954 humi
1560 926 1660 958 deﬁxo,
1678 932 1774 953 somno

150 965 302 998 suetudine,
320 968 353 993 ad
369 967 474 995 illorum
493 977 592 1002 mores,
614 971 682 1006 prob
703 973 797 1000 dolor!
822 973 937 1008 abrepti,

152 1009 266 1037 nefanda
284 1011 366 1039 etiam
383 1017 410 1040 et
426 1013 537 1047 profana
556 1023 648 1043 eorum
663 1017 739 1052 orgia
755 1017 864 1045 fuerant
880 1025 938 1044 am-

151 1055 232 1088 pli-x3.
263 1056 296 1084 Ut
320 1057 400 1091 igitur
418 1066 450 1087 co
467 1060 588 1093 delatus,
609 1062 731 1090 solemne
754 1063 823 1092 illud
846 1071 937 1092 suum,

152 1099 336 1129 Panilenlt'am
373 1104 442 1140 agite
465 1105 515 1140 (1),
539 1107 685 1135 inclamare
709 1109 808 1144 cmpit,
832 1110 938 1138 attoniti

152 1147 293 1196 peregrino
307 1152 333 1175 et
347 1149 468 1177 inaudito
490 1152 688 1186 praedicationis
701 1162 798 1189 genere
810 1155 937 1189 insulani,

151 1193 303 1226 animisque
326 1193 450 1228 incensi,
475 1198 649 1226 vehementer
672 1201 699 1226 in
723 1207 785 1227 eum
807 1203 934 1229 commoti

150 1241 215 1263 sunt
234 1246 240 1264 :
259 1238 326 1266 adeo
338 1240 460 1273 quidem,
477 1247 505 1269 ttt
529 1250 624 1270 manus
644 1244 725 1271 etiatn
749 1245 849 1274 inferre
863 1247 936 1282 cogi-

155 1285 261 1310 tarent:
279 1284 449 1312 manifestum
464 1287 535 1313 enim
552 1287 583 1314 ad
606 1287 723 1316 furorem
735 1289 794 1317 illos
813 1291 938 1325 adegerat

152 1333 197 1353 res
213 1335 280 1354 nova
295 1334 322 1356 et
337 1329 474 1364 inusitata,
490 1339 690 1368 praeoccupatos
708 1335 847 1368 nimirum,
863 1336 937 1363 dedi—

154 1377 260 1407 tosque,
289 1379 319 1401 ut
344 1375 476 1409 diximus,
513 1379 708 1412 superstitiosis
738 1380 937 1408 Saracenorum

154 1420 332 1448 caeremoniis.

189 1463 232 1491 lli.
244 1464 343 1493 Videas
359 1473 423 1502 ergo
438 1468 551 1497 immitis
564 1474 644 1506 atque
660 1471 838 1502 intractabilis
852 1474 938 1509 gentis

156 1511 304 1544 ingenium,
321 1514 495 1549 sentiensque
516 1520 618 1544 tantam
633 1517 769 1552 duritiem,
796 1519 845 1547 nisi
871 1527 938 1554 pru-

154 1554 228 1582 denti
253 1557 367 1591 quadatn
393 1564 452 1587 arte
474 1562 625 1595 perdontari
644 1570 697 1590 non
719 1571 797 1598 posse
816 1573 823 1592 :
839 1572 937 1592 secun-

155 1601 216 1628 dant
232 1602 312 1637 (quod
327 1604 415 1639 aiunt)
428 1606 636 1641 navigationem,
648 1609 737 1643 priore
759 1610 880 1641 omissa,
894 1610 950 1636 ιιι-ν

156 1647 252 1679 stituit,
267 1649 477 1686 sapientumque
502 1652 663 1681 medicorum
686 1655 819 1690 exemplo,
841 1662 936 1683 eorum

155 1694 322 1722 curationem
334 1697 453 1730 apposite
465 1697 544 1725 simul
554 1705 585 1726 ac
600 1699 713 1727 solerter
729 1707 871 1735 aggressus
885 1705 937 1728 est.

155 1737 277 1766 Habebat
291 1741 363 1768 ettim
375 1741 486 1770 Paulum
499 1744 524 1771 in
538 1751 570 1771 ea
580 1752 608 1772 re
619 1745 712 1772 ducem
724 1753 756 1772 ac
767 1746 936 1780 tnagistrum.

156 1784 248 1819 Itaque
272 1787 382 1815 missam
403 1788 504 1817 faciens
522 1791 657 1819 insolitam
678 1791 750 1818 illam
774 1793 938 1827 praedicandi

157 1832 299 1864 rationem,
327 1834 398 1868 quod
413 1842 445 1862 ex
463 1843 512 1862 usu
532 1836 651 1864 futurum
668 1837 695 1864 in
714 1844 746 1865 eo
755 1838 811 1872 jam
825 1838 938 1866 elucens

155 1878 296 1912 perspicax
322 1878 471 1908 futurorum
496 1882 582 1916 gratia
599 1883 792 1917 praemonebat,
815 1890 937 1911 seorsum

153 1925 262 1959 aliquos
278 1926 423 1959 abducens,
440 1935 507 1962 quos
525 1928 633 1963 reliquis
654 1929 875 1964 intelligentiores
887 1950 894 1963 ,
910 1935 938 1958 et

154 1970 189 1996 ad
216 1969 315 1997 bonutn
345 1971 531 2005 excipiendum
560 1972 710 2007 paratiores
729 1977 817 2005 norat,
833 1973 938 2002 blandis

155 2015 272 2048 primum
301 2016 392 2043 verbis
413 2016 518 2044 illorunt
550 2018 716 2045 ferocitatem
741 2018 837 2050 lenire,
861 2019 938 2046 duri-

157 2061 274 2095 tiamque
292 2061 374 2088 anitni
394 2062 514 2090 emollire
537 2063 632 2098 coepit;
656 2063 754 2091 deinde
773 2064 872 2091 sensim
891 2072 939 2092 cor

156 2114 324 2140 permovere,
339 2107 445 2134 occulta
463 2107 591 2143 cuiusque
614 2108 685 2136 facta
706 2109 746 2144 (ut
765 2116 843 2136 meus
861 2109 939 2137 Jesus

155 2152 220 2178 olim
233 2152 421 2188 Samaritana)
440 2153 555 2188 vitaeque
571 2153 672 2188 ﬂagitia
693 2154 867 2189 redarguens.
880 2153 938 2187 Quo

157 2198 257 2224 factum
271 2203 323 2232 est,
337 2203 365 2224 ut
388 2199 514 2226 eximiatn
529 2199 587 2234 ejus
605 2199 731 2227 virtutem
749 2204 937 2234 agnoscentes,

970 1008 974 1011 _
991 981 1020 1001 se
1036 975 1161 1006 dedisset,
1195 975 1374 1002 lucernarium
1392 975 1468 1010 quasi
1490 974 1582 1002 lumen
1614 977 1677 1001 ante
1693 973 1776 1000 bacu-

990 1019 1044 1047 lum
1062 1019 1088 1047 in
1109 1027 1171 1048 aere
1189 1020 1314 1048 libratum
1336 1020 1427 1048 videre
1445 1019 1519 1048 visus
1541 1023 1593 1047 est.
1625 1019 1659 1046 At
1681 1025 1777 1046 summ

990 1064 1102 1092 decusso
1124 1072 1185 1092 cum
1202 1065 1383 1098 surrexisset,
1400 1072 1453 1092 non
1472 1064 1528 1100 jam
1553 1064 1705 1095 somnium,
1728 1063 1787 1090 sed'

989 1116 1053 1136 vera
1068 1109 1136 1137 visio
1153 1110 1256 1145 objecta
1273 1114 1323 1138 est.
1339 1110 1434 1137 Divina
1445 1109 1569 1143 quaedam
1583 1109 1686 1143 lampas
1703 1107 1775 1135 haud

990 1154 1138 1182 materialis
1155 1162 1170 1182 a
1191 1162 1272 1183 cruce
1291 1155 1445 1188 irradians,
1465 1155 1498 1182 ad
1519 1154 1665 1182 diluculum
1690 1161 1777 1188 usqu

989 1200 1088 1227 astanti
1103 1204 1130 1227 et
1147 1201 1255 1232 oranti,
1271 1201 1380 1235 Deoque
1393 1200 1494 1235 gratias
1506 1208 1557 1235 pro
1572 1204 1648 1227 tanto
1665 1205 1776 1227 munere

988 1244 1078 1279 agenti
1097 1244 1186 1272 lumen
1203 1245 1335 1272 exhibuit.

1024 1288 1057 1316 V.
1075 1288 1197 1323 Cumque
1223 1289 1320 1316 iterum
1346 1290 1401 1318 Deo
1416 1290 1456 1324 (ut
1481 1288 1580 1325 patuit)
1600 1288 1640 1317 sic
1658 1288 1776 1318 volente.

989 1341 1084 1362 somno
1099 1335 1265 1366 indttlsisset,
1289 1340 1392 1363 ornatas
1417 1336 1539 1364 mulieris
1563 1336 1666 1369 species
1692 1341 1775 1369 appa-

989 1380 1050 1411 ruit,
1067 1388 1126 1415 qure
1140 1380 1258 1408 dirutum
1275 1381 1403 1416 templum
1421 1381 1564 1409 instaurari
1578 1380 1699 1415 jubebat,
1715 1387 1773 1406 mn-

988 1426 1062 1453 n'tum
1088 1425 1203 1453 Domino
1229 1427 1268 1454 sic
1289 1427 1395 1461 placere
1419 1427 1594 1454 conﬁrmans.
1617 1425 1664 1452 lllo
1686 1430 1776 1451 autem

988 1472 1183 1507 interrogante,
1198 1479 1321 1507 quaenam
1342 1476 1415 1500 esset
1439 1479 1499 1507 quae
1514 1472 1575 1499 talia
1590 1479 1639 1505 pro
1662 1470 1776 1504 imperio

987 1516 1096 1551 jttberet
1109 1525 1115 1543 :
1133 1517 1246 1544 Pltotina
1258 1524 1328 1550 sttm,
1337 1516 1434 1551 inquit,
1447 1523 1548 1552 martyr
1555 1520 1582 1543 et
1592 1515 1689 1543 famula
1698 1514 1776 1541 Citri-

991 1562 1037 1590 sti.
1054 1562 1130 1595 Quod
1156 1562 1207 1589 nisi
1218 1563 1303 1597 reipsa
1315 1562 1386 1597 quod
1400 1562 1459 1589 volo
1467 1561 1626 1596 expleveris,
1636 1560 1730 1595 pedem
1743 1567 1776 1586 ex

988 1607 1077 1635 insula
1089 1615 1143 1635 non
1154 1607 1260 1635 etYeres.
1273 1607 1455 1643 Experrectus
1466 1606 1498 1633 ad
1510 1608 1565 1634 hac
1581 1611 1701 1638 sanctus,
1711 1612 1774 1639 pro.

989 1657 1049 1688 pter
1074 1653 1185 1681 visionis
1200 1653 1369 1687 varietatem,
1396 1652 1521 1687 ambiguo
1546 1652 1637 1679 animo
1660 1656 1729 1684 erat,
1748 1655 1777 1677 ut

991 1699 1072 1727 inane
1085 1700 1175 1734 potius
1197 1700 1359 1727 insomnium
1377 1699 1461 1726 fuisse
1480 1698 1611 1730 crederet,
1627 1704 1708 1732 quam
1731 1696 1776 1724 di-

990 1745 1061 1773 vinat
1084 1745 1177 1780 gratiae
1202 1745 1420 1773 illustratiouem.
1448 1744 1540 1777 Quare
1564 1751 1623 1778 qua!
1650 1743 1777 1771 audierat

990 1795 1183 1823 contemnens,
1208 1795 1325 1825 coeptum
1359 1790 1410 1817 iter
1435 1790 1553 1821 tenebat,
1578 1796 1638 1816 cum
1666 1793 1777 1823 repente

994 1835 1170 1870 interceptam
1189 1835 1241 1863 sibi
1252 1835 1390 1863 ocul-orum
1400 1835 1485 1862 aciem
1502 1834 1589 1862 sensit
1603 1843 1609 1861 :
1623 1840 1708 1868 eoque
1718 1838 1776 1860 tan-

991 1880 1051 1908 dem
1077 1880 1176 1908 indicio
1189 1880 1270 1908 divini
1290 1880 1410 1907 numinis
1432 1879 1577 1914 imperium
1593 1878 1618 1905 id
1634 1879 1715 1906 fuisse
1730 1885 1778 1904 co-

991 1926 1082 1961 gnavit
1092 1935 1098 1953 :
1109 1927 1180 1961 quod
1196 1927 1240 1954 ubi
1250 1927 1325 1961 jussa
1337 1927 1449 1960 exsequi
1459 1925 1601 1953 constituit
1610 1924 1698 1952 visum
1713 1931 1789 1950 mox.

991 1972 1098 2006 recipit.
1114 1972 1166 1999 Sed
1182 1972 1308 2007 quoniam
1329 1979 1379 1999 nec
1394 1972 1447 2006 ligo
1461 1971 1487 1998 in
1502 1974 1627 2005 promptu
1640 1974 1710 2000 erat.
1725 1976 1776 1996 nec

990 2016 1049 2052 pala
1060 2037 1068 2051 ,
1086 2025 1136 2045 nec
1149 2017 1256 2052 adjutor
1271 2017 1342 2045 ullus
1357 2017 1384 2052 (ο
1395 2017 1475 2050 mira,
1491 2015 1618 2048 Domine,
1629 2019 1658 2043 et
1675 2022 1775 2042 arcana

991 2070 1074 2098 opera
1084 2063 1153 2099 tua!)
1162 2067 1243 2091 nocte
1252 2063 1384 2095 insecuta,
1393 2061 1518 2089 ﬁnitimis
1529 2061 1581 2088 loci
1589 2060 1686 2088 incolis
1697 2060 1776 2095 ignea

991 2109 1027 2137 ibi
1041 2110 1168 2136 columna
1183 2117 1230 2143 per
1242 2109 1368 2136 tenebras
1376 2108 1470 2135 lucens
1486 2107 1629 2142 apparuit:
1641 2105 1775 2141 prodigio-

990 2161 1042 2189 que
1053 2154 1145 2187 exciti,
1154 2154 1242 2182 subito
1250 2157 1438 2185 accurrerunt,
1447 2158 1475 2181 et
1488 2160 1548 2180 cum
1560 2160 1593 2180 ex
1603 2151 1705 2179 Nicone
1714 2158 1775 2186 quae

992 2199 1107 2232 viderat,
1127 2200 1292 2233 didicissent,
1303 2207 1380 2227 suam
1393 2198 1508 2234 quisque
1518 2205 1627 2234 operam
1639 2197 1773 2228 conferre,

155 2243 296 2271 confestim
318 2243 373 2271 iras
387 2247 517 2278 ponerent
541 2244 746 2279 animorumque
764 2245 879 2280 impetus
896 2253 939 2272 re-
954 2265 976 2294 Β
988 2244 1057 2280 jussi
1076 2245 1211 2272 communi
1224 2252 1319 2272 omnes
1333 2251 1468 2272 consensu
1482 2243 1594 2278 imperio
1615 2246 1773 2278 paruerunt.

157 2294 293 2322 vocarent,
313 2294 341 2317 et
363 2296 442 2324 quem
460 2289 531 2317 malo
552 2297 624 2317 nunc
644 2289 799 2324 aﬂeceraut,
814 2291 938 2318 eumdem

157 2343 256 2370 magno
270 2343 319 2363 suo
339 2335 410 2363 bono
428 2339 623 2362 venerarentur
639 2343 646 2362 :
663 2335 881 2370 propositamqtte
904 2336 938 2364 ab

155 2390 187 2409 eo
201 2387 302 2409 rectam
320 2381 398 2409 tidem
422 2382 624 2415 amplectentes,
647 2382 701 2409 odii
720 2381 828 2409 modum
845 2382 879 2409 ad
893 2382 939 2409 be-

156 2428 314 2454 nevolentia:
327 2427 516 2462 profectusque
532 2428 572 2455 sui
586 2427 722 2456 cumulum
738 2431 937 2455 converterent.

156 2473 326 2500 Consuetudo
337 2473 411 2500 enim
427 2472 469 2509 [ut
479 2474 517 2501 ait
528 2474 582 2510 ille]
593 2474 626 2501 ad
640 2474 744 2509 majora
755 2477 782 2500 et
794 2471 939 2507 perfectio-

157 2527 185 2547 ra
201 2520 269 2546 viam
293 2519 386 2546 munit.
400 2519 492 2553 Itaque
512 2521 632 2555 sapiens,
651 2520 673 2548 si
686 2520 776 2547 minus
794 2519 938 2547 verborum

156 2567 243 2601 copia,
260 2573 291 2593 ac
305 2565 427 2593 veritatis
438 2565 564 2593 facultate
580 2565 698 2600 piscator
712 2569 779 2598 erat,
797 2565 936 2593 hominum

156 2614 260 2640 animas
273 2612 363 2639 venari
375 2611 475 2644 sciens,
488 2619 589 2646 easque
604 2612 637 2638 ad
653 2612 878 2639 immortalitatem
896 2611 936 2639 di-

155 2658 225 2685 vinis
238 2656 364 2691 eloquiis,
384 2661 410 2683 et
427 2664 478 2683 tton
502 2656 626 2683 humanm
639 2656 792 2690 sapientiae,
814 2657 861 2684 scd
876 2657 937 2692 Spi-

156 2703 224 2729 n'tus
237 2701 322 2729 sancti
337 2700 457 2727 doctrina
477 2700 628 2727 traducere.
652 2700 689 2727 Ex
705 2700 751 2727 illo
772 2701 853 2735 igitur
871 2705 939 2728 tem-

155 2755 221 2783 pore
243 2746 385 2774 Cretenses
407 2744 537 2772 Niconem
561 2749 688 2780 tanquam
713 2753 728 2772 a
748 2746 802 2773 Deo
827 2746 938 2773 missum

157 2793 307 2827 apostolum
328 2793 491 2821 habuerunt.
517 2796 653 2826 tutamque
667 2791 781 2818 insulam
793 2785 852 2826 ejus
868 2790 940 2818 fama

156 2840 336 2875 complerunt.
353 2837 530 2866 Conﬂuebant
553 2837 584 2865 ad
601 2845 661 2864 eum
682 2837 812 2870 universi,
829 2842 854 2865 et
871 2838 941 2865 sicut

989 2291 1083 2325 itaque
1103 2291 1194 2319 sedttla
1210 2291 1269 2327 ejus
1288 2290 1482 2323 sollicitudine,
1506 2289 1655 2324 vigilantia,
1676 2287 1775 2315 alacri-

988 2340 1052 2368 tate,
1070 2343 1137 2370 opus
1154 2340 1289 2368 exactum,
1312 2335 1496 2370 templumque
1523 2333 1650 2369 martyris
1673 2332 1775 2360 biennii

986 2381 1074 2416 spatio
1100 2381 1248 2416 perfectum
1267 2385 1318 2408 est.
1333 2380 1362 2408 ln
1382 2387 1434 2414 qua
1451 2384 1544 2415 postea
1567 2385 1642 2406 aram
1667 2379 1774 2412 erigen-

986 2426 1047 2454 dam
1064 2432 1096 2453 ac
1118 2426 1170 2453 rite
1186 2425 1397 2453 consecrandam
1425 2423 1546 2456 curavit,
1564 2422 1775 2456 sacerdotesque

988 2473 1014 2499 itt
1025 2480 1056 2500 ea
1071 2471 1187 2505 inStittti,
1210 2472 1344 2506 simulque
1365 2470 1455 2498 omnia
1477 2469 1555 2504 juxta
1576 2467 1775 2495 ecclesiasticos

991 2517 1060 2544 ritus
1080 2516 1169 2551 peragi
1182 2515 1353 2550 praescripsit.
1374 2513 1560 2547 Omnibusque
1576 2515 1637 2545 post
1657 2510 1714 2537 haec
1728 2517 1776 2536 va-

987 2561 1043 2589 lere
1053 2561 1135 2597 jussis
1148 2580 1155 2593 ,
1170 2559 1303 2594 navigium
1323 2557 1489 2588 conscendit,
1507 2563 1539 2583 ac
1556 2555 1675 2583 secundo
1689 2561 1773 2581 cursu

985 2613 1128 2644 provectus
1150 2607 1332 2643 Epidaurum,
1355 2604 1428 2640 quod
1457 2602 1593 2630 Damalatn
1616 2601 1709 2628 incolae
1728 2607 1775 2628 co~

987 2652 1156 2688 gnominant’;
1186 2651 1230 2678 die
1246 2651 1341 2685 quinto
1363 2648 1498 2684 pervenit.
1523 2647 1589 2674 Dein
1618 2646 1772 2672 universam

985 2702 1117 2731 Graeciam
1142 2699 1327 2734 paenitentiam
1349 2695 1519 2732 praedicando
1534 2693 1696 2729 peragravit,
1712 2692 1773 2726 plu-

987 2755 1070 2782 raque
1085 2745 1214 2773 miracula
1239 2748 1368 2780 operatus
1389 2747 1469 2777 atque
1501 2742 1597 2770 uberes
1620 2740 1724 2768 fructus
1737 2745 1779 2766 ex

989 2801 1037 2821 sua
1053 2791 1242 2826 praedicatione
1258 2789 1373 2824 collegit.
1750 2827 1756 2834 _

1032 2836 1073 2864 γι.
1106 2835 1219 2863 Basilius
1248 2837 1425 2870 cognomento
1458 2831 1627 2867 Apocaucus,
1650 2831 1780 2864 praetoris

192 2897 232 2932 (l)
266 2894 331 2922 lndc
354 2894 519 2922 Μετανοεῖτε
552 2894 716 2929 appellatum
752 2894 834 2922 tradit
867 2893 1008 2922 Batonius.
