1943 3072
168 158 221 193 979

863 161 1017 191 NICONIS
1037 162 1185 193 ARMENI

1752 165 1808 197 930

167 223 283 244 munere
299 215 720 248 auctus,CorinIhiversabatur,
732 217 915 250 isthmttmqlte
926 216 955 243 il-
969 219 992 248 Α
1007 218 1163 244 demnarent
1181 222 1260 251 alque
1277 217 1366 244 onmia
1393 225 1453 252 quae
1467 217 1728 252 jusserat,facturos
1742 228 1810 255 pro-

168 263 221 288 lum
235 261 361 296 praesidio
369 266 463 288 contra
475 261 631 297 Bulgaricos
643 263 765 290 incursus
774 263 896 289 tuebatur
905 262 954 297 (2).

168 307 292 334 Graviter
318 311 406 334 autem
423 307 496 334 illum
512 307 626 342 angebat
642 315 693 334 non
719 308 802 335 solum
830 308 956 335 molestus

170 359 201 378 ac
216 351 331 378 dillicilis
345 351 456 378 morbus
470 359 523 386 quo
539 352 690 384 tenebatur,
703 352 750 380 sed
773 353 855 379 multo
872 352 957 388 magis

167 397 262 432 vigens
280 401 366 424 mctus
380 402 407 424 et
423 405 507 431 pavor
523 397 670 432 Bulgaricte
693 399 864 430 incursionis,
884 398 957 425 fama

167 442 312 476 gliscente,
335 447 441 477 gentem
472 443 543 469 illam
565 448 618 470 tota
642 442 724 478 Epiro
745 449 914 479 grassatam,
932 444 958 470 in

167 486 306 514 Helladam
321 492 401 522 atque
418 487 444 513 in
459 486 674 522 Peloponnesum
685 489 777 522 copias
788 494 957 517 c0nvertere.

168 532 286 575 l’roinde
308 534 398 560 missis
425 532 549 568 Spartam
567 535 667 562 nuntiis
691 535 850 569 Apocancus
880 535 959 562 Nico-

168 586 229 605 nent
255 584 391 606 avocarat.
417 580 559 608 Enimvero
580 581 779 615 compleverant
800 581 858 615 ejus
881 588 960 608 aures

169 632 228 659 qua:
246 625 278 651 de
293 625 339 652 illo
358 626 457 660 passim
481 625 672 658 narrabantur,
696 627 828 659 pra-cipue
851 634 910 660 quae
928 627 960 652 de

169 678 275 701 summa
289 671 360 698 illius
376 671 402 697 in
418 670 500 697 Deum
515 671 611 698 ﬁducia
627 677 653 698 et
669 672 794 698 libertate
807 677 958 706 acceperat.

169 717 209 743 Ex
227 723 281 751 quo
293 721 382 750 aptem
407 717 513 744 virtutis
526 718 584 752 ejns
604 717 737 744 illecebris
753 718 812 751 capi
829 723 960 752 coeperat,

169 762 277 789 beatum
316 762 376 797 cjus
402 762 504 789 vultum
533 770 657 796 cernere,
677 770 825 798 vocemque
850 763 959 795 audire,

170 808 240 835 votis
253 807 378 835 omnibus
396 809 538 843 gestiebat.
565 808 678 842 Semper
697 809 768 836 enim
784 810 854 844 apud
868 817 962 836 omnes

170 858 264 888 gentes
292 853 318 880 in
345 854 435 887 pretio
455 858 482 880 et
509 855 682 881 veneratione
710 855 760 881 fuit
786 862 847 882 vera
873 855 960 888 philo-

170 898 274 932 so‘phia.
306 897 418 925 Divinns
448 898 554 933 quidem
582 899 622 925 vir
651 900 784 927 charitate
815 905 959 933 praestans,

170 942 306 978 Apocanci
337 944 493 978 petitionem
526 952 657 978 propenso
695 945 785 972 aninto
813 946 958 979 accipiens,

171 988 307 1022 antiquius
332 988 398 1015 nihil
419 988 511 1014 habuit
534 996 612 1022 quam
641 993 671 1016 ut
691 988 849 1016 Corinthum
877 990 961 1016 celer-

171 1034 241 1062 rime
257 1035 443 1062 contenderet.
459 1034 518 1067 Qun
533 1035 680 1068 appelletis,
692 1043 744 1061 non
761 1035 847 1062 solum
867 1035 962 1062 morbo

172 1087 273 1115 aegrum
287 1087 334 1107 sua
356 1080 499 1114 praesentia
522 1080 655 1113 liberavit,
672 1081 718 1108 sed
739 1085 811 1107 metu
832 1081 914 1107 etiam
937 1085 963 1107 ct

174 1127 281 1152 terrore
296 1124 484 1160 Bulgarornm,
499 1124 558 1150 illos
575 1124 627 1150 alio
642 1131 750 1150 cursum
765 1131 842 1150 suntn
856 1123 963 1150 ﬂexisse

173 1170 338 1204 signiﬁcans.
365 1170 404 1196 Ita
430 1170 503 1196 omni
531 1177 562 1195 ex
591 1174 667 1203 parte
691 1169 759 1194 facta
785 1172 826 1195 est
845 1168 962 1202 jucunda

174 1216 276 1243 Basilio
298 1215 408 1242 Niconis
422 1216 520 1242 oratio.
535 1214 602 1241 Cum
622 1222 686 1249 ergo
701 1213 756 1240 dies
777 1219 879 1247 scptem
910 1213 964 1240 illic

174 1260 324 1293 posuisset,
364 1259 550 1293 malorumque
573 1258 784 1292 impendentium
816 1258 887 1284 illius
917 1264 965 1290 per

174 1312 239 1333 eum
257 1305 377 1333 discussa
395 1310 422 1333 et
436 1305 542 1333 sublata
559 1304 674 1332 lormido
689 1310 778 1336 esset,
796 1304 904 1331 dotnnm
923 1311 965 1330 re-

176 1351 269 1379 vertit.

210 1395 267 1424 VII.
296 1397 374 1424 Anno
402 1397 605 1431 nongcntesimo
638 1395 803 1430 octogesimo
832 1394 965 1427 secundo,

176 1449 275 1478 praeter
291 1443 358 1470 bella
374 1443 464 1470 civilia
481 1448 507 1470 et
520 1448 630 1470 externa
654 1443 760 1476 aliaque
785 1441 855 1468 mala
869 1442 966 1476 quibus

177 1489 273 1516 Oriens
288 1488 476 1520 amictabatur,
501 1493 576 1523 peste
596 1489 675 1515 etiam
693 1488 838 1519 laboravit,
855 1494 915 1514 cum
933 1487 965 1513 ad

177 1542 237 1562 eam
252 1535 396 1561 curandam
422 1534 630 1566 Laccdmonii,
647 1534 768 1561 destituti
782 1534 900 1560 humano
921 1541 968 1560 au-

180 1566 256 1613 xilio‘,
269 1582 302 1607 ad
316 1588 393 1615 opem
410 1580 526 1608 divinam
545 1580 739 1615 implorandatn
761 1584 915 1612 assurgunt,
934 1579 973 1605 lc—

179 1627 371 1660 gationemquc
399 1626 547 1653 decernunt
581 1626 614 1653 ad
641 1625 772 1653 Niconem
793 1626 880 1651 virum
907 1632 970 1651 san-

181 1671 334 1699 ctissimum
347 1671 397 1706 (5),
409 1672 442 1697 dc
457 1679 508 1704 qua
524 1671 548 1697 in
563 1671 643 1698 rebus
657 1671 690 1698 ab
707 1671 764 1704 ipso
783 1669 913 1704 praeclare
927 1676 972 1703 ge-

180 1717 230 1744 stis
245 1716 296 1743 ista
311 1721 466 1743 narrantur.
496 1715 654 1742 Transactis
671 1716 698 1742 in
717 1723 748 1741 ea
773 1714 900 1749 spelunca
915 1715 971 1741 die-

180 1762 231 1790 btls
247 1766 318 1793 octo,
335 1769 349 1787 a
364 1761 458 1787 marbo
480 1764 637 1792 recreatus,
661 1759 786 1793 Spartam
810 1760 903 1786 venire
925 1759 973 1786 ab-

182 1814 276 1838 nuens,
292 1806 418 1841 Amyclas
439 1806 588 1832 contendit.
611 1805 689 1838 Quod
712 1810 742 1832 ut
761 1813 870 1832 sensere
889 1805 973 1831 Lace-

182 1851 316 1883 daemonii,
333 1850 429 1878 festiue
455 1851 488 1877 ad
505 1851 578 1877 illunt
600 1850 721 1884 priutarii
744 1851 827 1881 cives,
849 1855 875 1877 et
899 1850 942 1876 alii
957 1857 972 1876 e

182 1896 260 1932 plebe
274 1896 397 1923 certatim
415 1895 593 1922 convolarunt
606 1895 686 1922 enixe
709 1900 828 1926 orantes,
846 1899 874 1920 ut
889 1894 972 1928 Spar-

183 1949 237 1970 tam
254 1950 340 1977 usquc
357 1942 448 1969 venire
471 1941 556 1968 velit:
576 1942 712 1968 invaserat
737 1941 809 1968 enim
834 1940 972 1967 civitatem

183 1987 311 2023 pestifera
338 1987 415 2019 lues,
448 1992 476 2013 et
502 1986 631 2020 plurimos
658 1986 761 2013 incolas
789 1986 972 2012 absumebat:

184 2039 327 2069 propterea
344 2033 435 2060 Venire
452 2032 526 2059 illum
548 2031 711 2066 cupiebant,
737 2031 809 2065 quod
822 2038 852 2057 se
873 2031 973 2058 divinis

184 2079 243 2114 ejus
255 2078 381 2113 precibus
406 2077 560 2105 liberandos
575 2077 760 2110 conﬁderent;
789 2077 834 2103 ille
856 2084 931 2107 vero,
947 2081 974 2103 et

185 2129 283 2152 castora
302 2124 458 2151 misericors
471 2142 478 2155 ,
501 2128 528 2150 et
544 2123 570 2149 in
587 2129 620 2149 eo
635 2123 753 2149 maxime
765 2122 833 2156 ,-qui
851 2122 910 2157 ejus
925 2129 974 2154 po-

185 2170 274 2206 pulus,
286 2174 313 2198 et
326 2176 385 2197 sors
400 2169 483 2196 futuri
497 2173 598 2201 essent,
616 2173 746 2203 tanquam
766 2166 857 2194 futura
871 2174 974 2201 prtesa-

1010 261 1157 293 tritterent,
1188 261 1253 288 nihil
1292 262 1407 295 amplius
1444 267 1589 290 cunctatus
1615 270 1678 290 cum
1709 264 1809 298 legatis

1010 306 1062 333 illis
1078 305 1214 341 prolectus
1227 311 1279 339 est,
1301 315 1354 334 non
1371 307 1532 340 cantherio,
1561 313 1607 334 aut
1635 308 1732 337 lectica
1760 318 1810 336 ve—

1009 356 1078 384 ctus,
1097 359 1147 379 nec
1166 352 1250 379 multo
1261 352 1389 379 comitattt
1416 353 1541 387 stipatus,
1568 354 1616 380 sed
1643 354 1701 381 solo
1720 355 1810 382 virtu-

1011 403 1066 425 tum
1082 399 1166 425 choro
1190 398 1396 432 circumseptus.
1415 399 1456 425 Ad
1475 399 1533 433 ejus
1552 407 1632 434 porro
1656 400 1807 427 adventum

1010 445 1067 472 lues
1081 444 1206 477 cessavit,
1221 449 1248 472 et
1271 443 1355 472 Judzei
1378 445 1444 472 urbe
1468 445 1537 479 pulsi
1563 451 1637 473 sunt.
1655 445 1711 473 Nec
1740 454 1807 473 vero

1011 489 1200 516 Lacedatmonc
1218 489 1332 524 amplius
1348 491 1542 522 excedendum,
1564 490 1611 517 Sed
1628 491 1654 517 in
1680 498 1711 517 ea
1741 499 1808 525 per-

1011 540 1092 569 petuo
1117 534 1278 561 manendum
1294 535 1445 566 constituit,
1481 535 1517 561 ita
1536 539 1633 562 utnon
1662 535 1741 563 facile
1759 544 1807 571 pe-

1011 581 1072 607 dem
1090 581 1143 607 alio
1157 580 1277 611 ctferret,
1296 581 1346 607 nisi
1364 587 1425 608 cum
1441 570 1593 607 necessaria
1610 588 1654 608 res
1669 570 1806 616 quaepiam

1011 625 1101 658 aliquo
1119 630 1236 654 vocaret.
1258 630 1283 651 et
1300 629 1363 651 tttnc
1380 632 1488 658 quoque
1503 624 1616 658 gradum
1635 625 1715 651 citius
1734 624 1807 652 refe-

1014 671 1100 696 rebat.
1120 669 1231 696 Videres
1254 671 1337 703 igitur
1361 674 1534 696 occurrentes
1560 670 1682 703 quotidie
1695 678 1727 696 ex
1744 671 1807 697 uni-

1013 723 1089 742 versa
1104 714 1291 750 Peloponneso
1301 722 1433 750 aegrorum
1444 715 1532 742 omnis
1544 716 1650 749 generis
1661 721 1786 744 catervas
1797 737 1805 748 .

1013 762 1110 796 quibus
1125 761 1170 788 ille
1190 769 1241 789 non
1255 761 1345 788 minus
1356 761 1453 788 anima:
1465 768 1546 795 quam
1570 762 1694 795 corporis
1711 769 1808 788 curam

1016 807 1187 842 impendebat
1204 816 1210 833 :
1228 806 1336 834 mellitis
1358 807 1430 834 enint
1450 807 1683 834 adhortationibus
1705 808 1738 834 ad
1753 809 1810 842 pie-

1015 853 1077 880 tatis
1088 853 1174 881 zclum
1187 860 1233 880 eas
1249 853 1424 883 accendebat,
1441 852 1474 879 ad
1488 852 1604 880 salutem
1617 853 1715 887 cuique
1729 861 1808 879 suam

1012 899 1177 932 poenitentiae
1192 905 1242 933 ope
1266 897 1435 932 disponebat.
1451 897 1600 924 Fortunata
1624 904 1689 924 vero
1714 897 1806 924 Lace-

1011 942 1199 976 da-mon,qn:e
1217 942 1296 968 talem
1318 941 1450 968 medicum
1476 941 1617 975 civemque
1643 941 1739 968 sortita
1764 949 1808 970 es.

1012 989 1088 1023 cujus
1099 988 1196 1014 divinis
1211 987 1350 1022 prteceptis
1362 994 1393 1013 ac
1409 986 1560 1020 disciplinis
1571 987 1604 1014 ad
1619 994 1728 1014 onmem
1741 988 1798 1013 vir-

1013 1034 1078 1060 tutis
1093 1033 1207 1060 l'ormam
1222 1033 1305 1059 multo
1323 1032 1422 1059 certius
1446 1033 1600 1066 rectiusque
1616 1040 1696 1066 quam
1716 1033 1809 1059 inani~

1012 1080 1062 1107 bus
1085 1079 1148 1106 olim
1167 1079 1280 1113 Lycurgi
1303 1078 1403 1112 legibus
1427 1078 1606 1113 eﬂingebarel
1625 1079 1740 1113 Subjicit
1758 1079 1804 1105 Itis

1013 1125 1046 1152 de
1069 1130 1205 1152 structura
1223 1124 1326 1158 templi,
1343 1128 1398 1150 tum
1428 1123 1485 1158 ejus
1510 1124 1618 1151 hortatu
1632 1125 1778 1151 elaborare
1800 1133 1807 1150 :

1014 1171 1056 1197 cui
1083 1170 1242 1197 adversatus
1265 1174 1307 1197 est
1338 1168 1455 1196 Joannes
1487 1170 1597 1204 quidam
1624 1175 1810 1204 cognomento

1014 1215 1122 1247 Aratus,
1137 1214 1291 1242 Iudaeorum
1303 1219 1443 1249 patronus.
1455 1214 1522 1247 Qua:
1536 1215 1573 1243 sit
1586 1223 1697 1250 passus,
1712 1216 1747 1242 ab
1763 1222 1810 1242 eo-

1015 1262 1075 1289 dem
1093 1265 1202 1288 auctore
1214 1261 1254 1288 sic
1270 1261 1373 1294 accipe.

1052 1307 1118 1335 Vlll.
1137 1307 1184 1335 Hic
1200 1306 1309 1340 (inquit)
1325 1305 1504 1333 solisinvidize
1512 1306 1629 1334 stimulis
1641 1307 1809 1338 concitatus,

1016 1360 1062 1382 aut
1076 1353 1206 1380 dmmonis
1222 1351 1310 1386 potius
1334 1351 1436 1378 scelere
1452 1351 1602 1384 impulsus,
1629 1353 1667 1378 ira
1693 1358 1720 1379 ct
1743 1352 1810 1379 odio

1017 1401 1145 1427 adversus
1167 1397 1295 1424 Nic-onem
1320 1395 1472 1422 insaniebat
1485 1415 1492 1426 ,
1508 1395 1592 1423 divini
1614 1389 1704 1430 operis
1723 1405 1810 1432 argu-

1017 1451 1136 1474 mentum
1162 1444 1194 1470 ad
1219 1443 1344 1475 prnbrtltn
1372 1445 1398 1467 ct
1424 1440 1548 1473 injttriam
1576 1450 1652 1469 suam
1673 1444 1808 1476 rapiens:

1017 1493 1162 1528 proclivior
1177 1493 1308 1526 siquidem
1325 1497 1365 1520 est
1389 1494 1502 1526 malitia,
1527 1497 1554 1519 ut
1569 1494 1602 1520 ad
1620 1492 1713 1526 pejora
1736 1490 1811 1517 fera-

983 1551 1005 1581 C
1023 1543 1064 1565 tur
1088 1545 1168 1572 quam
1196 1541 1226 1564 ut
1249 1537 1405 1565 melioribus
1431 1538 1569 1565 inhaereat.
1595 1536 1653 1564 Non
1682 1536 1812 1563 cessabat

1022 1584 1144 1618 egregius
1163 1582 1204 1610 ille
1220 1587 1314 1610 sancto
1338 1583 1365 1610 in
1381 1591 1412 1611 os
1426 1583 1552 1618 oblaqui,
1570 1588 1713 1618 cceptoqne
1733 1582 1810 1616 operi

1023 1636 1057 1656 ne
1089 1628 1265 1663 colophoncm
1301 1628 1421 1660 adderet,
1448 1630 1520 1655 omni
1551 1636 1603 1663 ope
1631 1628 1804 1662 prohibebat.

1022 1674 1137 1702 Prorsus
1152 1673 1224 1701 enim
1243 1681 1303 1700 cutn
1324 1674 1435 1708 reliquis
1451 1674 1601 1701 Laconibus
1617 1674 1651 1700 ibi
1670 1681 1722 1700 non
1738 1680 1806 1699 con-

1024 1720 1147 1747 veniebat
1164 1728 1171 1746 :
1189 1718 1259 1744 unde
1272 1723 1299 1745 et
1315 1717 1469 1745 Judasorum
1487 1719 1577 1753 fugant
1595 1718 1692 1752 injurla
1714 1724 1741 1745 ct
1759 1719 1811 1745 im-

1023 1766 1119 1792 merito
1147 1764 1244 1792 factam
1279 1764 1431 1791 allirmabat
1449 1774 1455 1791 :
1473 1772 1587 1800 eamque
1614 1771 1675 1791 cum
1705 1765 1812 1792 civibus

1024 1811 1088 1837 vitio
1111 1816 1227 1842 vertere.
1253 1815 1334 1845 atque
1350 1810 1409 1837 illos
1432 1811 1483 1838 ltoc
1499 1810 1606 1837 nomine
1629 1810 1757 1844 sugillare
1783 1815 1812 1838 et

1024 1855 1166 1882 traducere
1177 1863 1229 1882 non
1247 1856 1399 1882 verebatur.

1059 1902 1104 1929 IX.
1119 1902 1240 1937 Cumque
1255 1902 1353 1937 opiﬁeii
1369 1902 1506 1937 cujusdam
1521 1902 1643 1934 obtentu,
1659 1908 1713 1935 quo
1728 1900 1809 1935 poliri

1023 1954 1050 1975 et
1063 1949 1189 1975 illustrari
1200 1948 1300 1975 textilia
1312 1948 1409 1978 solent,
1422 1946 1576 1974 Iudaeorum
1587 1955 1668 1973 unuln
1679 1946 1705 1972 in
1718 1946 1812 1972 urbem

1025 1993 1218 2020 introduxisset
1233 2002 1240 2019 :
1257 1992 1413 2020 intercessit
1429 1992 1503 2019 illico
1521 1992 1618 2022 Nicon,
1643 1991 1815 2024 bellatorque

1022 2039 1098 2074 juxta
1121 2039 1278 2073 prophetam
1295 2038 1411 2070 factus‘,
1432 2044 1559 2065 consueta
1577 2037 1688 2064 lenitate
1711 2037 1792 2071 paulo
1804 2053 1814 2058 -

1026 2085 1080 2111 lum
1101 2084 1268 2114 intermissa;
1294 2083 1428 2110 leoninum
1448 2083 1568 2109 animum
1593 2083 1689 2113 induit,
1703 2088 1731 2109 et
1744 2082 1816 2109 fuste

1025 2130 1071 2164 qni
1093 2134 1202 2164 propter
1223 2128 1340 2163 jacebat,
1367 2133 1484 2162 arrepto,
1499 2126 1620 2154 Judaeum
1638 2127 1709 2154 male
1732 2134 1813 2154 acce-

1027 2180 1101 2209 ptum
1136 2175 1208 2202 foras
1242 2175 1390 2206 extrusit,.
1411 2173 1659 2206 formidabilinrqne
1680 2173 1814 2203 hostibus,

185 2217 273 2253 gicns,
289 2223 374 2250 eoque
387 2215 414 2242 in
442 2216 502 2242 illos
519 2215 686 2249 propensior,
702 2219 729 2241 ct
745 2213 906 2248 legationem
927 2213 967 2240 be-

1026 2227 1105 2254 quatn
1116 2219 1244 2247 Hercules
1251 2219 1294 2246 ille
1302 2227 1348 2246 sua
1357 2219 1431 2246 clava
1442 2218 1516 2246 visus
1525 2223 1575 2245 est.
1583 2217 1734 2245 Iudaeorum
1741 2220 1815 2244 enini

186 2264 267 2298 nigne
286 2261 393 2296 excepit
427 2262 575 2295 annuitqne
612 2260 751 2294 petitioni,
775 2265 802 2287 et
825 2259 976 2294 ingruentis

187 2309 251 2336 mali
266 2307 465 2343 propulslonem
489 2307 644 2341 spopondit,
666 2306 688 2332 si
711 2306 789 2333 modo
811 2306 861 2340 ipsi
881 2304 975 2332 Judai-

186 2362 246 2384 eam
259 2360 366 2390 gentem
383 2362 416 2382 ex
433 2354 500 2381 urbe
514 2361 561 2380 sua
579 2353 728 2387 pellerent,
749 2361 782 2380 ne
803 2353 977 2380 exsecrandis

187 2408 282 2428 eorum
309 2399 350 2434 (ιιι
371 2399 472 2433 aiebat)
504 2397 624 2424 moribus
649 2398 817 2432 piaculisque
841 2398 978 2432 religionis

188 2450 245 2474 Suae
258 2446 359 2473 diutius
372 2451 431 2478 eam
454 2443 681 2471 contaminarent.
700 2443 726 2470 ln
743 2443 785 2470 his
798 2463 805 2475 ,
829 2443 882 2475 ait,
899 2443 921 2470 si
936 2451 978 2471 me

189 2491 346 2524 audieritis,
363 2495 391 2518 et
413 2491 497 2525 pestis
512 2498 526 2516 a
549 2489 625 2516 vobis
649 2491 765 2521 recedet,
788 2495 816 2517 et
840 2497 890 2524 ego
906 2490 978 2524 quod

191 2542 316 2572 superest
332 2537 404 2568 vitae,
421 2537 516 2562 ducam
534 2535 682 2562 vobiscum.
699 2535 802 2568 Quibus
818 2535 908 2562 verbis
922 2543 978 2562 mo-

173 2580 176 2586 ’
191 2584 247 2610 nita
264 2583 317 2610 alia
332 2582 472 2617 adjiciens,
486 2588 582 2608 sacras
597 2582 677 2607 ctiam
689 2579 812 2608 Jeremia:
825 2587 902 2607 voces
915 2580 979 2608 sub-

191 2629 254 2656 inde
280 2628 439 2662 aspergebat
460 2636 467 2654 :
487 2626 543 2654 Vite
566 2631 618 2654 tua:
644 2626 765 2654 fecerunt
791 2627 848 2654 hzec
869 2627 926 2659 tibi,
952 2631 977 2654 et

192 2675 350 2708 iniquitates
368 2678 420 2701 tuae
434 2674 632 2708 praevaluernnt
648 2677 676 2700 et
691 2673 759 2700 duro
773 2673 835 2700 ludo
851 2680 977 2707 percussa

193 2726 234 2748 es.
247 2719 368 2754 Cumque
380 2719 417 2746 illi
430 2719 487 2753 ejus
500 2720 622 2746 oratione
634 2719 760 2746 commoti
785 2719 888 2754 scipsos
912 2727 977 2746 con-

233 2778 241 2794 ‘
258 2778 298 2806 Isa
325 2786 366 2809 ιιι.
387 2779 414 2805 ‘2.
453 2779 462 2793 ⁹
492 2777 562 2805 Psal.
584 2787 718 2810 cxxmtt,
749 2779 839 2807 21-25.

233 2855 270 2889 (2)
290 2855 358 2882 Vide
369 2855 512 2883 Baroniutn
526 2858 558 2884 ad
577 2867 618 2884 an.
634 2860 694 2885 981.

1025 2271 1134 2300 gentem
1150 2273 1234 2300 usque
1250 2265 1317 2292 adeo
1331 2264 1519 2295 aversabatur,
1535 2268 1562 2288 nt
1584 2270 1632 2289 nec
1645 2262 1745 2296 lingua,
1766 2270 1817 2288 nec

1025 2311 1137 2338 auribus
1151 2318 1281 2345 usurpare
1304 2310 1410 2337 illorum
1429 2317 1527 2336 nomen
1549 2308 1638 2338 vellet.
1670 2312 1699 2333 ut
1712 2307 1773 2341 jure
1790 2308 1816 2334 in

1028 2357 1104 2384 illum
1118 2357 1226 2384 Davidis
1235 2356 1315 2383 verba
1326 2355 1501 2383 convenirent
1511 2363 1518 2381 :
1530 2354 1698 2386 Quioderum
1708 2358 1745 2385 te,
1760 2352 1817 2379 Do—

1029 2402 1110 2432 mine.
1125 2401 1242 2433 oderam,
1259 2406 1283 2428 et
1302 2408 1379 2434 super
1398 2401 1517 2426 inimicos
1545 2405 1604 2425 tuo:
1626 2397 1790 2425 tabescebam
1806 2406 1816 2425 :

1026 2447 1139 2480 perfecto
1154 2447 1213 2473 odio
1229 2447 1334 2473 oderam
1351 2447 1422 2478 illos,
1439 2451 1462 2472 et
1476 2445 1575 2471 inimici
1588 2445 1652 2478 facti
1667 2450 1727 2470 sunt
1740 2445 1816 2476 mihi,

1026 2498 1162 2526 propterea
1182 2493 1287 2519 nomina
1309 2500 1399 2519 eorum
1422 2491 1499 2518 labiis
1515 2492 1524 2506 '
1543 2492 1605 2517 meis
1633 2499 1685 2518 non
1700 2499 1817 2517 comme-

1028 2538 1144 2565 morubo.

1063 2582 1097 2611 Χ.
1114 2583 1175 2610 llaec
1195 2591 1259 2610 vero
1273 2591 1333 2610 cum
1359 2583 1478 2610 audisset
1496 2591 1511 2608 a
1537 2581 1627 2608 furore
1648 2589 1743 2608 notnen
1761 2587 1818 2607 tra-

1027 2629 1567 2662 hensAratus,rabietumens(utsemper
1584 2627 1670 2653 litium
1687 2632 1819 2653 atnanset

1028 2674 1170 2707 impudens
1182 2679 1262 2708 atque
1278 2675 1310 2700 ad
1325 2673 1452 2711 itnmania
1464 2680 1583 2708 praeceps
1593 2677 1634 2700 est
1645 2673 1818 2706 improbitas)

1033 2720 1060 2747 in
1083 2725 1206 2747 sanctum
1223 2719 1354 2747 anhelans
1373 2719 1477 2746 irrttere
1497 2719 1587 2752 coepit,
1605 2718 1734 2746 conviciis
1751 2726 1816 2745 oue-

1067 2861 1105 2896 (ὅ)
1124 2860 1189 2887 Vide
1202 2859 1346 2886 Bamniunt
1358 2865 1403 2884 an.
1421 2857 1482 2884 982.
