1943 3072
123 162 176 197 981

881 166 979 196 ΥΙΤᾹ,

1695 164 1749 197 982

123 226 194 251 rare,
210 219 400 254 proscindere,
421 228 574 256 quanquam
599 222 687 250 inanis
704 223 761 250 hinc
776 223 813 250 illi
840 229 909 252 strc-
923 224 946 252 Α
961 222 993 248 ad
1011 222 1200 257 imperatorem
1214 222 1416 250 reconciliatum
1434 221 1576 249 festinasse
1591 230 1597 248 :
1616 221 1672 254 eius
1686 228 1750 248 vero

124 265 195 297 pitus
223 269 312 297 erant,
340 270 366 292 et
395 274 442 300 pro
464 267 544 294 larva:
571 269 705 296 terriculis
731 269 907 298 habebantur.

125 310 177 343 Qui
192 311 243 338 leni
261 312 293 338 ad
310 318 369 338 cum
389 320 453 340 voce
468 321 474 339 :
491 320 541 339 nec
561 313 632 340 enim
652 315 816 342 contendere
832 324 910 350 pror-

125 364 182 389 sus,
198 365 248 384 nec
262 357 386 385 altercari
400 364 477 386 norat
495 368 500 386 :
516 359 576 391 Abi,
592 360 689 394 inquit,
706 365 733 388 et
746 361 779 388 ad
796 366 820 388 te
841 362 909 395 redi,

126 403 229 430 ittl'clix.
247 403 318 431 Delle
331 404 433 432 scelera
450 409 494 431 tua
513 412 520 430 :
540 406 612 433 brevi
628 407 701 434 enim
720 408 832 440 senties,
849 409 910 443 quis

124 448 288 483 arrogantiae
301 448 414 481 fructus,
431 454 458 476 et
470 450 559 484 qualia
576 451 704 486 nequitiae
717 452 771 479 sint
789 455 907 487 prtemia.

121 493 173 520 llis
183 493 261 520 dictis
273 499 298 521 et
314 498 441 528 tanquam
458 495 484 522 in
497 497 593 524 mortui
611 497 692 532 (quod
711 498 801 534 aiunt)
829 507 910 527 aures

124 538 227 570 etfusis,
241 539 273 565 ad
285 541 479 568 monasterium
492 549 631 576 regressus
641 548 682 571 est
692 551 698 571 :
710 544 826 572 hominis
838 546 910 574 enim

124 584 243 610 animum
263 584 342 611 verba
369 592 616 620 nonpenetrarant.
635 588 723 622 Quare
744 598 796 618 non
810 591 912 618 destitit

125 636 218 655 amens
239 628 273 656 ab
293 629 410 664 incepto,
423 632 488 665 quin
503 632 632 661 adversus
648 639 772 662 sanctum
789 637 821 664 de
837 644 911 664 more

122 671 253 717 fremeret
283 674 462 707 proscindens
484 675 579 709 illttm,
603 678 742 713 ﬁgensque
765 685 820 707 tota
846 683 911 709 urbe

124 716 213 751 dignis
221 717 342 745 furoreet
350 720 455 747 insania
462 722 621 755 suaprobris
627 729 654 750 et
661 725 840 752 contumeliis:
848 727 911 759 quin

124 763 206 788 etiam
221 763 307 791 minas
319 765 479 798 intentabat,
498 767 621 796 nesciens
633 770 757 803 stupidus
768 776 795 798 et
804 779 909 805 vecors,

120 807 196 839 quod
210 816 262 835 non
283 809 412 843 glorietur
428 811 529 839 malitia
554 814 684 842 adversus
702 816 839 850 virtutem,
862 826 911 846 nec

126 853 250 884 proficiat
273 855 399 883 inimicus
412 863 505 885 contra
521 859 620 887 electos
644 860 700 893 Dei,
727 868 756 890 ιιι
779 864 908 898 scriptum

123 904 166 925 est
189 909 195 927 :
215 900 248 927 Et
263 901 337 936 ﬁlius
360 904 506 938 iniquitatis
529 914 579 933 non
602 914 712 941 apponet
734 918 824 937 nocere
845 912 867 938 ei
889 912 908 939 ³.

124 945 195 975 Quid
216 950 272 972 tum
294 953 383 975 autem
401 956 574 979 consecutum
600 953 659 980 est?
676 954 791 982 Tantum
814 957 910 990 abfuit,

126 994 155 1015 ut
169 990 227 1022 cjus
248 992 328 1019 minis
359 1001 391 1021 ac
412 995 562 1025 maledictis
584 1005 753 1033 avocaretur,
779 1007 807 1029 ut
823 1003 848 1029 in
871 1004 912 1030 his

122 1035 225 1068 potius,
239 1037 342 1065 Domini
363 1041 496 1076 exemplo,
517 1046 645 1078 tanquam
667 1045 791 1075 laudibus
817 1049 910 1076 trium-

123 1081 230 1130 pltaret.
249 1083 378 1113 Dominus
395 1092 485 1114 autem
510 1089 542 1116 de
567 1091 636 1117 coelo
653 1092 774 1120 auditum
792 1094 854 1122 fecit
867 1095 912 1130 ju-

126 1127 237 1160 dicium,
255 1134 282 1156 et
299 1131 401 1158 malitia
419 1133 584 1167 justissimas
607 1144 700 1170 poenas
715 1139 797 1167 dedit.
826 1127 911 1168 Verba

126 1171 153 1198 in
166 1180 221 1200 rem
240 1175 338 1203 misero
357 1177 480 1206 abierunt
498 1188 505 1206 :
528 1188 589 1208 nam
607 1182 701 1217 dignos
716 1186 839 1213 amentia:
859 1194 913 1214 sua:

127 1218 230 1266 fruetus
243 1221 314 1248 tristi
329 1227 356 1249 et
372 1224 517 1253 miserabili
541 1228 602 1254 vitae
620 1230 693 1256 exitu
710 1232 839 1266 percepit.
860 1233 913 1260 Nec

127 1265 202 1292 tarda
220 1265 270 1294 fuit
286 1268 413 1301 vindicta,
430 1271 519 1305 qualis
539 1280 724 1306 saepenumero
755 1265 842 1304 divina
868 1279 913 1305 bo-

123 1310 211 1337 nitate
227 1313 431 1341 conversionem
451 1317 623 1349 przestolante
646 1321 803 1354 contingere
816 1323 884 1350 solet
905 1334 911 1350 :

125 1357 173 1384 sed
189 1365 204 1385 e
220 1359 348 1394 vestigio,
379 1362 534 1397 derepente,
553 1371 602 1392 nec
623 1366 789 1400 opinantem,
807 1373 835 1395 ut
853 1378 913 1397 mox

127 1403 226 1436 dicam,
247 1407 391 1440 oppressit.
864 1436 871 1450 Χ

163 1447 208 1475 XI.
226 1449 309 1478 Nocte
322 1452 443 1486 proxima
461 1454 558 1488 objecti
581 1461 639 1482 sunt
655 1456 755 1484 infelici
769 1459 820 1486 duo
836 1447 914 1490 senes

127 1494 154 1522 in
172 1497 284 1530 somnis,
307 1505 375 1532 quos
395 1499 439 1526 alii
467 1500 519 1527 duo
543 1502 735 1537 sequebantur,
753 1503 837 1532 forma
855 1508 913 1541 qui-

961 269 1148 302 cognominem
1174 269 1286 296 alterum
1306 268 1391 303 ipsius
1416 269 1534 296 audaci-.e
1560 274 1591 294 ac
1611 267 1750 294 rebellioni

961 315 1137 343 successisse.
1157 315 1282 342 Attamen
1310 322 1359 342 nec
1379 314 1417 341 illi
1434 313 1602 349 profuturam
1629 311 1751 347 tyranni-

962 360 1035 393 dem,
1051 368 1100 388 ncc
1119 360 1328 394 imperatoribus
1350 359 1518 394 Superiorem
1537 358 1603 385 fore.
1622 357 1670 385 His
1686 364 1751 390 ergo

961 406 1178 442 praedictionibus
1204 410 1399 434 consentaneus
1425 404 1477 432 fuit
1496 408 1608 432 eventus
1634 407 1661 430 et
1688 409 1751 429 eum

960 454 1004 488 qui
1029 452 1204 487 prtedixerat,
1231 450 1417 478 admirabilem
1439 449 1599 477 declaravit.
1621 449 1656 475 At
1683 455 1752 482 prte-

962 499 1028 527 toris
1044 499 1151 533 quidem
1176 497 1297 533 Gregorii
1320 497 1462 531 sanctique
1485 503 1530 523 res
1555 495 1605 523 hoc
1622 494 1701 522 modo
1721 501 1751 521 se

962 545 1072 572 habent.

998 589 1066 616 Xlll.
1083 589 1282 624 Peragebantur
1294 588 1439 624 aliquando
1455 587 1616 622 vespertinae
1631 586 1722 613 laudes
1739 590 1753 613 :‘

962 636 1048 670 prima
1064 640 1153 662 autem
1172 634 1347 662 hebdomadis
1359 634 1417 661 dies
1430 637 1498 666 erat,
1514 641 1574 660 eum
1590 632 1751 667 Sphaerista-

961 689 1020 708 rum
1033 687 1125 715 aperto
1141 680 1291 715 gymnasio,
1307 680 1434 715 iuvenum
1451 679 1581 712 frequens
1599 685 1693 705 manus
1712 678 1753 705 in-

962 727 1001 754 fra
1016 735 1119 754 sacram
1132 727 1216 753 aedem
1229 726 1360 759 constitit,
1383 731 1463 760 atque
1479 725 1551 752 inter
1566 724 1634 752 alios
1653 729 1752 758 praetor

959 772 1106 807 Gregorius
1127 779 1188 806 pars
1212 772 1268 806 ipse
1292 771 1462 803 certaminis,
1476 778 1536 798 cum
1553 770 1687 804 indigenis
1712 770 1753 796 lu-

962 819 1027 846 dens
1057 817 1139 845 :ludi
1165 817 1237 844 enim
1265 824 1359 844 amans
1391 821 1459 849 erat,
1488 816 1651 851 ludicrisque
1671 824 1751 850 supra

963 865 1069 892 modum
1089 865 1254 900 capiebatur.
1272 863 1305 890 Et
1320 862 1445 898 quoniam
1466 862 1610 889 incondita:
1631 854 1769 889 clamant?

964 911 1029 937 tium
1045 918 1136 942 voces,
1151 915 1203 936 tam
1218 909 1379 939 ludentium,
1394 915 1474 942 quam
1485 907 1664 942 spectantium
1675 914 1754 934 exath

963 956 1115 986 diebantur,
1128 955 1249 988 adeoque
1265 953 1479 988 perstrepebant,
1496 957 1524 979 ut
1539 960 1553 980 e
1568 952 1654 980 sacris
1673 953 1752 987 Ityn:-

964 1003 1006 1029 nis
1019 1005 1173 1031 avocarent,
1183 1005 1209 1027 et
1219 1004 1335 1026 mentem
1351 999 1376 1026 in
1389 999 1442 1026 illis
1459 999 1540 1032 figere
1551 1005 1603 1025 non
1619 997 1750 1030 sinerent,

963 1048 1021 1075 zelo
1034 1047 1078 1074 Dei
1094 1047 1210 1081 percitus
1225 1045 1307 1073 Nicon
1323 1045 1447 1072 celeriter
1466 1048 1637 1080 approperat,
1656 1043 1753 1070 bellni-

964 1102 1079 1128 namque
1093 1094 1231 1120 hominum
1245 1092 1396 1119 barbariem
1417 1091 1500 1118 libera
1516 1097 1590 1123 voce,
1603 1089 1753 1125 quajustos

964 1141 1050 1171 decet,
1070 1139 1193 1166 libertate
1207 1137 1331 1171 castigat.
1347 1137 1380 1162 At
1401 1140 1503 1171 praeter
1520 1135 1561 1162 vir
1578 1135 1664 1161 amari
1687 1134 1759 1161 alias-

964 1185 1075 1220 ingenii,
1093 1189 1119 1211 et
1133 1188 1187 1210 tum
1205 1183 1322 1209 maxime
1344 1182 1405 1209 ludo
1421 1182 1552 1213 intentus,
1571 1185 1600 1207 ut
1617 1180 1662 1215 qui
1677 1187 1691 1206 a
1706 1187 1737 1214 pa

965 1232 1039 1258 ribus
1055 1238 1085 1258 se
1096 1228 1167 1257 vinci
1182 1229 1293 1261 doleret,
1326 1227 1464 1262 impotenti
1478 1227 1608 1254 adversus
1629 1231 1752 1253 sanctum

965 1282 1041 1305 actus
1064 1275 1148 1308 rabie,
1171 1274 1343 1309 proscindere
1367 1273 1516 1300 maledictis
1536 1278 1687 1306 manusque
1718 1270 1753 1298 ad

966 1323 1112 1350 vindictam
1124 1329 1206 1348 ausus
1220 1320 1352 1351 attollere,
1368 1320 1433 1346 urbe
1449 1319 1564 1353 denique
1579 1317 1676 1352 expelli
1691 1317 1751 1352 jus-

965 1371 1012 1398 sit.
1029 1369 1140 1403 Jamque
1160 1368 1307 1395 ducebatur
1336 1365 1413 1393 hilari
1435 1369 1584 1400 pacatoque
1605 1363 1689 1395 vultu,
1703 1364 1754 1390 Do-

966 1414 1030 1442 mini
1044 1413 1086 1440 sui
1103 1412 1236 1446 exemplo,
1258 1411 1396 1445 leviusque
1423 1410 1549 1444 injuriam
1564 1416 1645 1443 quam
1663 1408 1753 1436 cmteri

968 1460 1099 1487 maximos
1109 1458 1226 1485 honores
1240 1456 1352 1484 ferebat.

1002 1503 1071 1531 XIV,
1086 1503 1219 1530 Ceterum
1232 1509 1281 1529 nec
1291 1508 1362 1534 sera,
1378 1507 1426 1528 nec
1439 1500 1550 1535 pedibus
1563 1498 1603 1534 (ut
1619 1503 1697 1533 poeta
1710 1497 1754 1525 die

121 1541 187 1568 dem
204 1544 332 1576 eunuchi,
348 1544 394 1572 sed
405 1545 483 1580 longe
491 1554 572 1581 quam
582 1547 698 1575 humana
710 1551 908 1584 pmstarttiore.
923 1557 946 1587 ς
963 1551 1012 1585 xit)
1028 1551 1102 1577 tarda
1132 1548 1182 1575 fuit
1202 1547 1277 1580 ultio,
1298 1546 1364 1582 quia
1390 1546 1523 1578 velocius.
1542 1545 1696 1587 ἱιιηειῑεςυὲ
1712 1551 1756 1570 “9‘

126 1588 167 1615 Ab
180 1588 222 1617 bis
241 1597 304 1618 vero
319 1590 410 1627 flagris
422 1592 488 1620 caedi
505 1593 555 1621 sibi
570 1594 720 1627 videbatur,
733 1600 760 1623 et
770 1597 809 1624 sic
821 1598 910 1626 verbis

128 1635 260 1669 increpari
281 1644 288 1663 :
305 1636 445 1670 Quomodo
462 1642 489 1665 tu
512 1647 545 1667 eo
558 1647 588 1667 es
618 1645 761 1675 provectus
781 1644 909 1677 audaciae,

126 1684 156 1706 ut
185 1688 294 1708 servum
320 1682 366 1710 Dei
383 1687 557 1713 contemnere
584 1690 612 1713 et
631 1688 761 1716 conviciis
786 1694 912 1724 appetere

123 1733 178 1752 non
196 1726 352 1756 dubitares?
373 1729 470 1758 deinde
497 1731 523 1758 in
554 1731 699 1760 obscurum
722 1739 783 1768 post
800 1736 911 1763 verbera

124 1779 262 1799 carcerem
282 1773 400 1801 detrudi.
424 1774 457 1802 Et
474 1782 535 1802 cum
551 1777 658 1804 veniam
682 1778 774 1806 multis
798 1785 912 1813 orasset,

125 1817 169 1843 vix
193 1818 300 1845 tandem
319 1820 440 1847 cadendi
469 1820 549 1848 linem
573 1820 683 1856 fecisse,
709 1831 758 1852 nec
785 1829 873 1853 tamen
899 1835 914 1853 (ι

124 1864 246 1890 custodia
264 1864 409 1892 dimisisse.
419 1865 598 1900 Experrectus
610 1868 815 1904 igitur,gravem
824 1872 913 1898 statim

125 1909 151 1934 in
168 1908 269 1936 febrem
289 1909 382 1938 incidit
398 1920 406 1938 :
423 1912 567 1947 accitoque
579 1913 692 1946 Nicone,
710 1915 743 1942 ad
759 1916 816 1948 eius
834 1917 915 1951 pedes

125 1954 278 1988 advolutus,
304 1957 517 1984 misericnirdiam
536 1959 699 1992 imploravit.
725 1960 773 1987 Cui
797 1962 913 1989 beatus:

121 2000 190 2032 Quae
206 2000 231 2027 in
248 2007 290 2028 me
301 2003 473 2035 perpetrasti,
492 2002 540 2035 ait,
558 2011 588 2030 ea
604 2003 652 2031 tibi
671 2004 767 2039 frater,
786 2012 915 2040 quantum

124 2054 152 2080 in
170 2054 213 2074 me
226 2052 277 2080 est,
290 2048 526 2076 condonabuntur.
553 2048 605 2077 Sed
623 2051 749 2085 quoniam
779 2053 839 2080 vitte
856 2053 918 2081 linis

120 2094 172 2120 «tibi
183 2094 286 2121 cudesti
302 2093 409 2120 decreto
422 2095 588 2128 praestitutus
605 2100 657 2128 est,
671 2104 744 2124 nemo
755 2098 804 2124 erit
818 2098 849 2125 de
865 2107 918 2125 ιω-

125 2145 193 2171 tero,
212 2139 438 2174 quemadmodum
461 2140 499 2166 ait
513 2140 647 2176 Propheta
659 2142 682 2174 δ,
698 2143 743 2177 qui
760 2143 805 2170 Dei
828 2145 917 2171 conci-

123 2185 190 2210 timn
204 2184 335 2218 dissipare
353 2185 444 2218 pauit.
460 2184 492 2212 Et
508 2185 551 2212 his
575 2186 653 2214 dictis
668 2188 700 2214 ad
718 2190 913 2217 monasterium

963 1597 1051 1631 stigiis
1067 1593 1292 1622 contumeliosum
1314 1597 1405 1620 secuta
1415 1597 1466 1620 est.
1485 1591 1551 1618 Nam
1566 1597 1627 1617 cum
1638 1586 1754 1624 primum

963 1643 995 1670 ad
1013 1641 1199 1676 excipiendam
1230 1640 1364 1674 sphaeram
1404 1645 1511 1665 manum
1533 1636 1651 1669 sustulit,
1676 1643 1756 1670 para-

963 1690 1011 1725 lysi
1032 1692 1141 1723 repente
1164 1687 1215 1714 icta
1230 1690 1281 1714 ent.
1305 1685 1376 1712 ldem
1394 1691 1476 1719 porro
1491 1683 1619 1711 membris
1630 1682 1756 1710 omnibus

963 1734 1053 1762 statim
1068 1733 1169 1760 solutus
1177 1736 1203 1758 et
1215 1735 1369 1761 enervatus,
1381 1729 1414 1756 ad
1426 1728 1587 1756 catholicam
1612 1727 1756 1755 ecclesiam

964 1780 1077 1806 aliorum
1097 1777 1221 1805 manibus
1233 1775 1336 1803 delatus
1350 1779 1402 1802 est.
1424 1775 1475 1802 Ubi
1498 1772 1661 1801 acutissimis
1680 1771 1756 1799 dolo-

966 1826 1039 1852 ribus
1047 1823 1229 1855 excruciatus,
1243 1826 1356 1849 mortem
1372 1828 1425 1855 prte
1441 1820 1492 1848 illis
1507 1821 1534 1847 in
1550 1819 1625 1846 lucro
1640 1824 1755 1852 ponens.

967 1871 1150 1898 lamentabiles
1164 1873 1274 1903 questus
1287 1869 1393 1896 edebat.
1412 1867 1535 1902 Cumque
1551 1873 1647 1901 magna
1669 1865 1756 1892 medi-

967 1925 1060 1945 corum
1075 1916 1218 1944 sedulitate
1228 1920 1380 1945 curaretur,
1396 1919 1424 1941 et
1443 1912 1559 1941 remedia
1577 1912 1668 1939 omnia
1686 1911 1756 1938 infra

968 1962 1067 1989 malum
1091 1967 1194 1994 essent,
1213 1961 1249 1988 ita
1268 1966 1296 1987 ut
1315 1960 1402 1987 inanis
1418 1965 1445 1987 et
1461 1966 1528 1986 rana
1549 1958 1635 1986 omnis
1651 1957 1684 1984 ab
1697 1957 1758 1984 illo-

969 2016 1027 2035 rum
1049 2013 1107 2035 arte
1129 2015 1191 2042 spes
1215 2012 1288 2034 esset
1305 2016 1311 2033 :
1331 2013 1441 2034 causam
1460 2004 1579 2040 exquirit
1602 2004 1755 2039 episcopus.

969 2063 1016 2082 cur
1032 2062 1093 2082 cum
1114 2053 1268 2089 repentinus
1291 2053 1400 2080 morbus
1422 2051 1565 2080 invasisset
1589 2055 1666 2078 :erat
1682 2050 1755 2077 enirn

970 2105 996 2128 et
1011 2101 1067 2135 ipse
1091 2099 1200 2126 medicae
1220 2098 1286 2126 artis
1304 2097 1494 2133 peritissimus.
1513 2095 1549 2123 At
1567 2095 1623 2127 ille,
1647 2102 1706 2129 qua:
1728 2094 1755 2121 in

970 2146 1097 2173 Niconem
1119 2145 1277 2177 admiserat,
1306 2143 1345 2170 vel
1369 2143 1469 2170 invitus
1491 2142 1617 2176 exposuit
1647 2151 1653 2168 :
1682 2142 1756 2168 hunc

970 2192 1034 2219 mali
1047 2191 1088 2218 sui
1108 2191 1210 2218 fontem
1224 2193 1251 2217 et
1265 2193 1346 2224 caput
1359 2196 1420 2216 esse
1434 2195 1484 2215 non
1499 2187 1682 2215 dissimulans.
1694 2186 1754 2220 Quo

127 2237 250 2258 reversus
266 2235 318 2258 est.
337 2230 375 2257 llli
389 2238 454 2259 vero
469 2231 548 2259 tertia
566 2237 626 2267 post
640 2233 698 2261 dies
710 2233 812 2261 infelici
826 2241 912 2263 morte
930 2225 950 2253 θ
964 2236 1071 2272 cognito
1092 2235 1235 2270 episcopus
1257 2233 1411 2269 objurgavit
1435 2233 1479 2260 ille
1508 2232 1616 2267 quidem
1636 2232 1755 2260 hominis

124 2274 205 2301 \‘itam
234 2275 342 2309 eripuit.
370 2275 409 2302 Ex
429 2283 482 2310 quo
508 2281 596 2304 metus
612 2277 707 2312 ingens
723 2286 754 2305 ac
770 2279 911 2314 trepidatio

124 2319 343 2348 Lacedaemonios
367 2322 468 2349 invasit
485 2331 491 2349 :
507 2330 556 2350 nec
576 2329 698 2357 repertus
710 2329 751 2351 est
767 2326 911 2359 quisquam

118 2374 138 2394 θ
154 2367 272 2395 minimis
288 2373 313 2395 et
324 2368 460 2401 maximis,
482 2369 527 2403 qui
545 2369 578 2396 ad
596 2369 724 2397 Nicenem
739 2378 791 2398 non
804 2371 913 2398 advola-

123 2418 165 2439 ret
184 2413 296 2449 ejusque
320 2414 403 2449 jussis
433 2420 550 2449 pareret.
580 2415 670 2443 Fidem
701 2417 772 2444 enim
812 2417 914 2444 fecerat

123 2460 249 2487 omnibus
260 2461 423 2494 exemplum,
435 2462 488 2496 ﬁqni
507 2461 610 2490 Christi
630 2470 722 2489 servos
735 2462 851 2489 ludibrio
863 2463 912 2490 ha-

121 2505 188 2532 bent
203 2514 210 2533 :
224 2507 352 2540 quoniam
364 2506 460 2542 Utique
481 2513 516 2534 est
529 2508 630 2542 fructus
642 2508 728 2542 justo,
743 2512 768 2534 et
786 2508 853 2535 Deut
863 2509 909 2542 ju-

121 2551 214 2577 dicans
224 2558 267 2577 eos
279 2552 305 2578 in
316 2557 385 2579 terra
398 2553 420 2580 ⁵.

157 2595 215 2623 Xll.
229 2596 358 2631 Gregorio
375 2598 484 2632 praetori
503 2603 530 2625 et
545 2599 576 2625 de
593 2598 678 2626 Scleri
703 2599 798 2626 Bardze
819 2601 910 2632 rebus,

119 2648 149 2670 ct
167 2647 231 2678 post
253 2642 310 2676 ejus
330 2650 345 2670 e
370 2643 509 2678 Babylone
533 2644 661 2678 reditum,
677 2645 770 2672 audire
792 2645 911 2679 cupienti

123 2690 184 2720 (nec
194 2690 266 2717 enim
278 2689 370 2717 abdita
381 2690 502 2718 intuendi
514 2691 608 2725 gratia:
619 2695 754 2718 exsortem
764 2691 837 2718 illum
853 2699 913 2720 esse

120 2741 222 2772 praetor
233 2737 427 2772 arbitrabatur)
441 2738 560 2765 narravit
573 2737 793 2770 Nicon,Sclerum
804 2739 912 2773 quidem

158 2808 168 2823 ³
192 2807 396 2839 Psaltxxxvm,
413 2807 457 2834 25.
496 2807 503 2821 ‘
521 2807 590 2833 Psal.
617 2816 702 2839 mm,
719 2808 762 2835 lO.

161 2885 200 2921 (1,)
214 2885 317 2914 Daren.
332 2893 380 2912 an.
398 2886 460 2912 983.

961 2283 1141 2310 temeritatem
1161 2289 1215 2309 non
1240 2281 1346 2309 leviter.
1373 2280 1441 2307 Tum
1462 2284 1617 2314 opportuno
1638 2278 1753 2307 consilio

960 2333 1057 2355 auctor
1071 2327 1133 2360 fuit,
1152 2332 1181 2354 ut
1195 2326 1295 2355 fastum
1311 2331 1435 2362 poneret,
1454 2331 1482 2354 et
1496 2334 1511 2353 a
1527 2325 1629 2353 Nicone
1642 2325 1755 2360 supplex

960 2374 1041 2401 illatae
1071 2373 1177 2406 injuriae
1195 2373 1302 2400 veniam
1329 2376 1444 2407 peteret.
1474 2372 1557 2399 Norat
1590 2371 1673 2403 enim,
1686 2371 1757 2398 unde

965 2422 1038 2445 certa
1057 2417 1195 2445 medicinae
1207 2423 1270 2452 spes
1284 2422 1368 2445 esset.

997 2461 1054 2489 XV.
1078 2461 1170 2490 Paruit
1196 2462 1249 2495 ille,
1277 2462 1439 2497 abjecthue
1469 2462 1538 2488 fastu
1566 2468 1598 2488 ac
1624 2461 1756 2495 praetoriae

964 2509 1105 2544 potestatis
1128 2509 1280 2543 supercilio,
1301 2508 1428 2536 Niconem
1445 2508 1536 2534 multis
1563 2507 1687 2541 precibus
1707 2513 1756 2540 per

961 2557 1071 2584 nuntios
1091 2556 1216 2584 accersit.
1239 2555 1289 2588 Qui
1306 2555 1414 2590 quidem
1431 2559 1549 2590 acceptae
1568 2553 1672 2588 injuri-te
1685 2552 1755 2580 obli-

962 2608 1014 2634 lus,
1035 2602 1106 2629 dicto
1123 2601 1203 2628 citius
1217 2601 1304 2628 adfuit
1319 2610 1325 2628 :
1342 2601 1471 2628 didicerat
1486 2602 1558 2627 enim
1571 2603 1600 2628 ut
1613 2604 1757 2627 contume-

962 2649 1011 2674 lias
1024 2648 1088 2682 pati,
1108 2648 1147 2675 sic
1165 2646 1273 2674 easdem
1289 2646 1360 2674 ultro
1375 2645 1522 2678 remittere,
1540 2649 1587 2671 aut
1600 2644 1690 2678 potius
1705 2643 1753 2670 be-

963 2693 1077 2721 nefactis
1104 2698 1131 2720 et
1152 2692 1247 2720 ofﬁciis
1273 2699 1460 2725 compensare.
1483 2690 1588 2718 Praetor
1610 2694 1701 2717 autem
1726 2692 1756 2715 ut

963 2739 1036 2766 illum
1052 2739 1126 2772 vidit,
1138 2739 1171 2766 ad
1183 2738 1241 2774 ejus
1253 2738 1333 2774 pedes
1349 2745 1378 2765 se
1399 2737 1501 2773 abiicit,
1513 2740 1541 2765 et
1554 2736 1597 2773 qui
1609 2735 1688 2764 modo
1701 2738 1756 2767 tu?

802 2810 810 2823 ³
832 2808 902 2836 Psal.
922 2816 984 2841 Lvtt,
1006 2808 1044 2834 l2.
