1943 3072
130 153 183 188 931

888 157 986 187 \‘ITA.

1701 155 1755 188 982

130 217 202 242 rare,
217 210 406 245 proscindere,
428 219 580 247 quanquam
606 213 694 241 inanis
711 214 767 241 hac
783 214 820 241 illi
847 220 915 243 sua-
930 215 953 242 Α
968 213 1000 239 ad
1018 213 1207 248 imperatorem
1221 212 1423 240 reconciliatum
1441 211 1583 240 festinasse
1597 220 1604 238 -.
1622 211 1679 244 ejns
1693 218 1757 238 vero

131 256 203 288 pitns
230 260 319 287 erant,
347 261 373 283 et
402 265 450 291 pro
471 257 550 285 larva:
578 259 711 287 terriculis
737 260 913 288 habebantur.

132 300 184 334 Qui
199 301 250 328 leni
269 303 300 328 ad
317 309 376 328 enm
395 310 460 330 voce
475 313 481 330 :
499 311 549 330 nec
567 304 639 331 enim
659 306 822 333 contendere
839 315 917 341 pror-

133 355 190 380 sus,
206 355 255 375 nec
269 348 393 375 altercari
407 354 484 376 norat
501 359 507 377 :
523 350 583 382 Abi,
599 351 696 385 inquit,
713 356 740 378 et
753 352 785 379 ad
802 357 827 379 te
848 353 915 386 redi,

134 394 237 421 infelix.
255 393 326 422 Delle
339 394 441 422 scelera
457 399 501 422 tua
520 403 527 421 :
547 397 619 424 brevi
634 398 708 424 enim
726 399 839 431 senties,
855 400 917 434 quis

132 438 296 474 arrogantia.-
308 439 421 471 fructus,
438 445 465 467 et
477 440 566 474 qualia
583 442 711 476 nequitiae
724 443 777 470 sint
795 445 914 478 praemia.

130 484 181 511 llis
191 484 269 511 dictis
280 489 306 512 et
322 489 448 519 tanquam
466 486 491 513 in
504 487 600 514 mortui
617 488 699 523 (quod
718 489 808 524 aiunt)
836 497 917 517 aures

132 529 235 561 ellusis,
248 530 281 556 ad
293 531 486 558 monasterium
499 540 638 567 regressus
649 539 705 562 est:
717 535 833 563 hominis
845 537 916 564 enim

132 575 251 601 animum
270 575 350 602 verba
376 584 428 603 non
441 582 623 611 penetrarant.
642 579 730 612 Quare
750 588 804 608 non
817 581 918 609 destitit

133 627 226 646 amens
247 619 281 647 ab
300 620 417 655 incepto.
431 623 495 656 quin
510 623 639 651 adverstts
655 630 779 653 sanctum
795 627 828 654 de
843 635 918 654 more

131 661 261 708 frettteret
291 665 470 698 proscindens
492 666 586 699 illum,
610 668 749 704 figensque
772 675 827 698 tota
853 673 918 699 urbe

132 707 221 741 dignis
229 708 318 736 furore
324 711 462 737 ctinsania
469 713 847 746 suaprobrisetcontumeliis:
855 718 918 750 quin

132 754 214 779 etiam
229 754 315 782 minas
326 755 486 788 intentabat,
505 758 628 786 nesciens
641 761 765 794 stupidus
775 766 802 788 et
811 770 916 796 vecors,

127 798 269 829 quodnon
290 800 419 833 glorie:ur
435 801 537 830 malitia
562 804 691 833 adversus
710 807 846 841 virtutem,
869 817 918 837 nec

133 844 258 875 proficiat
280 846 407 873 inimicus
419 853 513 875 contra
528 849 627 878 electos
651 851 708 883 Dei,
734 859 763 880 ιιι
786 855 915 888 scriptum

131 894 174 916 est
196 899 203 917 :
223 891 254 917 Et
270 891 344 926 ﬁlius
367 894 513 929 iniquitatis
536 905 586 923 non
609 904 719 931 apponet
741 908 831 928 nocere
852 902 875 928 ei
895 903 916 929 ⁸.

132 935 202 966 Quid
223 940 279 963 tum
302 943 390 965 autent
408 947 582 969 consecutum
607 943 667 970 est?
684 944 798 972 Tantum
822 947 917 980 abluit,

134 985 162 1006 nt
177 980 235 1013 ejus
255 983 336 1010 minis
367 992 398 1012 ac
419 986 569 1015 maledictis
592 995 761 1023 avocaretur,
786 997 814 1019 nt
830 993 855 1019 in
878 994 919 1021 his

130 1026 232 1059 potius,
247 1027 350 1056 Domini
370 1032 503 1066 exemplo,
524 1037 652 1069 tanquam
674 1035 798 1065 laudibus
825 1039 918 1067 trium-

131 1072 237 1120 pit-aret.
257 1073 385 1104 Dominus
402 1082 492 1105 autem
517 1080 549 1106 de
573 1081 644 1108 cutio
661 1083 782 1111 auditum
799 1085 861 1112 fecit
875 1086 919 1120 jn-

133 1117 244 1151 dicium,
263 1124 290 1147 et
306 1121 408 1149 malitia
426 1123 591 1158 justissimas
614 1134 707 1161 peltas
722 1129 804 1157 dedit.
834 1117 919 1158 Verba

134 1162 161 1189 in
174 1171 229 1190 rem
247 1166 346 1193 misero
364 1168 487 1196 abierunt
505 1178 512 1197 :
536 1179 596 1198 nam
614 1173 708 1208 dignos
723 1177 847 1203 amentiae
866 1184 921 1204 sua:

135 1209 238 1238 fructus
251 1212 321 1239 tristi
337 1218 364 1240 et
379 1215 525 1243 miserabili
549 1219 610 1245 vitae
628 1220 700 1246 exitu
717 1223 847 1256 percepit.
868 1223 921 1250 Nec

135 1256 210 1282 tarda
227 1256 277 1284 fuit
294 1259 420 1292 vindicta,
438 1261 527 1295 qualis
546 1270 732 1297 saepenumero
763 1267 850 1294 divina
876 1269 921 1295 ho-

134 1301 219 1328 uitate
234 1304 438 1332 conversionem
458 1307 630 1340 prmstolante
653 1311 811 1345 contingere
824 1313 891 1340 solet
913 1324 918 1341 :

134 1347 181 1374 sed
197 1355 212 1376 e
227 1349 355 1384 vestigio,
386 1352 541 1387 derepente,
559 1362 609 1383 nec
631 1357 797 1390 opinantem,
815 1364 843 1385 ut
861 1368 920 1387 mox

135 1393 234 1426 dicam,
255 1397 399 1430 oppressit.
871 1426 878 1441 κ

171 1438 216 1466 XI.
233 1440 317 1469 Nocte
330 1442 451 1476 proxima
468 1444 565 1478 objecti
589 1451 647 1473 sunt
663 1447 762 1474 infelici
776 1449 828 1476 duo
844 1438 922 1479 senes

134 1484 162 1513 in
180 1487 292 1521 somnis.
314 1496 382 1523 quos
402 1489 446 1517 alii
474 1491 527 1518 duo
551 1493 743 1527 sequebantur,
761 1493 845 1523 forma
862 1499 920 1532 qui-

968 261 1155 293 cognominem
1181 260 1293 286 alterum
1313 259 1397 294 ipsius
1423 259 1541 286 audaciae
1566 265 1597 285 ac
1618 257 1757 285 rebellioni

968 306 1143 334 successisse.
1164 306 1289 333 Attamen
1317 312 1366 332 nec
1386 305 1424 332 illi
1441 304 1608 340 profuturam
1636 302 1757 338 tyranni-

969 351 1042 384 dem,
1058 358 1107 378 nec
1126 351 1335 385 imperatoribus
1356 350 1524 385 superiorem
1543 349 1610 376 fore.
1629 347 1676 376 His
1693 355 1758 380 ergo

968 397 1185 432 przedictionibns
1211 401 1406 424 consentaneus
1432 395 1483 422 fuit
1503 399 1615 422 eventus
1640 397 1667 420 ct
1695 400 1758 420 enm

967 445 1011 478 qui
1036 442 1210 477 praedixerat,
1238 440 1423 468 admirabilem
1445 439 1606 467 declaravit.
1629 439 1663 465 At
1690 445 1759 473 prse-

968 490 1035 517 toris
1051 489 1158 524 quidem
1183 488 1304 524 Gregorii
1327 487 1468 521 sanctique
1492 493 1536 513 res
1561 486 1612 513 hoc
1629 485 1708 512 modo
1727 491 1759 512 se

969 535 1078 562 habent.

1004 580 1072 607 Xlll.
1090 580 1289 614 Peragebantur
1301 578 1445 614 aliquando
1462 577 1623 611 vespertina:
1638 576 1730 603 laudes
1747 581 1759 603 :‘

968 626 1054 660 prima
1071 631 1160 653 autem
1179 625 1353 652 hebdomadis
1366 624 1423 651 dies
1437 627 1505 656 erat,
1520 631 1581 650 curn
1597 622 1759 657 Sphaerista-

968 679 1026 698 rum
1040 677 1132 706 aperto
1148 670 1297 706 gytnnasio,
1314 670 1440 705 juvenum
1458 669 1588 702 frequens
1605 676 1700 695 manus
1719 668 1759 694 in-

969 718 1009 745 fra
1023 725 1126 744 sacram
1139 717 1222 744 aedem
1236 717 1367 749 constitit,
1389 720 1470 750 atque
1486 715 1558 742 inter
1572 714 1641 741 alios
1660 718 1760 748 praetor

967 762 1113 798 Gregorius
1134 769 1195 797 pars
1218 762 1274 796 ipse
1299 762 1468 794 certaminis,
1483 768 1542 788 cum
1560 759 1693 794 indigenis
1719 759 1760 786 lu-

969 810 1034 836 dens
1064 818 1070 835 :
1091 807 1146 835 ludi
1172 807 1244 835 enim
1272 815 1366 834 amans
1397 811 1466 839 erat,
1494 806 1658 841 ludicrisque
1677 813 1776 845 supra,

970 856 1076 882 modum
1096 855 1261 890 capiebatur.
1279 854 1312 880 Et
1327 852 1451 888 quoniam
1473 852 1617 879 inconditae
1638 852 1760 879 clamann

971 901 1036 927 tium
1053 908 1143 932 voces,
1158 905 1210 926 tam
1225 899 1386 929 ludentium,
1401 905 1481 932 quam
1492 897 1671 932 spectantium
1682 904 1761 924 exau~

970 946 1122 976 diebantnr,
1135 945 1256 978 adeoque
1271 943 1486 978 perstrepebant,
1503 947 1531 969 nt
1545 949 1560 970 e
1575 942 1660 970 sacris
1680 943 1759 976 byn.-

971 993 1013 1019 nis
1026 995 1180 1021 avocarent.
1190 995 1216 1017 et
1226 994 1341 1017 mentem
1358 989 1384 1016 in
1395 989 1448 1016 illis
1466 989 1547 1022 figere
1559 995 1610 1015 non
1626 987 1757 1019 sinerent,

970 1038 1028 1065 zelo
1041 1037 1086 1065 Dei
1101 1037 1217 1071 percitus
1232 1036 1314 1063 Nicon
1331 1035 1454 1063 celeriter
1473 1038 1644 1069 approperat,
1663 1033 1760 1060 bellni-

971 1092 1086 1118 namque
1099 1084 1238 1111 hominum
1252 1082 1403 1109 barbariem
1425 1081 1508 1108 libera
1522 1087 1597 1113 voce,
1610 1087 1663 1115 qua
1672 1079 1760 1114 justo:

971 1131 1057 1161 decet,
1077 1129 1200 1156 libertate
1214 1127 1338 1161 castigat.
1353 1126 1387 1152 At
1408 1130 1510 1160 przetor
1527 1126 1567 1152 vir
1585 1125 1671 1151 amari
1694 1124 1763 1151 alias-

972 1175 1082 1210 ingenii,
1100 1179 1126 1201 ct
1140 1179 1194 1200 tum
1212 1173 1329 1199 Inaxime
1351 1172 1412 1199 ludo
1428 1172 1559 1203 intentus,
1578 1175 1607 1197 ut
1624 1170 1668 1205 qui
1684 1177 1698 1196 ιι
1713 1177 1744 1204 pa

973 1222 1046 1249 ribus
1063 1227 1092 1248 se
1103 1218 1174 1246 vinci
1189 1219 1301 1251 doleret,
1333 1217 1471 1252 impotenti
1485 1217 1615 1244 adversus
1636 1220 1759 1243 sanctum

973 1272 1049 1294 actus
1071 1265 1155 1298 rabie,
1178 1264 1350 1299 proscindere
1374 1263 1524 1290 maledictis
1543 1268 1694 1296 manusque
1725 1260 1760 1288 ad

973 1313 1120 1340 vindictam
1132 1319 1214 1338 ausus
1228 1309 1359 1341 attollere,
1375 1309 1440 1336 urbe
1456 1309 1571 1343 denique
1586 1307 1683 1342 expelli
1698 1307 1758 1342 jus-

973 1361 1020 1388 sit.
1036 1359 1148 1392 Jamque
1168 1357 1315 1385 ducebatur
1344 1355 1420 1383 hilari
1443 1359 1591 1389 pacatoque
1612 1353 1696 1385 vultu,
1710 1353 1761 1380 Do-

974 1405 1037 1432 mini
1052 1403 1093 1431 sui
1111 1402 1243 1436 exemplo,
1266 1401 1403 1435 leviusque
1431 1399 1556 1434 injuriam
1572 1406 1652 1433 quam
1670 1398 1760 1426 caeteri

975 1450 1106 1477 maximos
1117 1448 1234 1475 honores
1247 1445 1360 1473 ferebat.

1009 1494 1079 1522 XIV.
1094 1493 1226 1521 Caeterum
1240 1499 1289 1519 nec
1299 1498 1370 1524 sera,
1385 1497 1433 1518 nec
1446 1489 1558 1524 pedibus
1570 1489 1610 1524 (ιιι
1626 1493 1704 1523 poeta
1717 1487 1761 1514 di-

129 1532 194 1558 dem
211 1534 339 1567 eunuchi,
356 1535 402 1563 sed
412 1536 490 1571 longe
499 1544 580 1571 quam
589 1537 705 1566 humana
718 1542 915 1574 praestantiore.
931 1547 953 1577 α
970 1541 1020 1576 xit)
1036 1541 1109 1567 tarda
1140 1538 1189 1565 fuit
1210 1538 1285 1570 ultio,
1306 1537 1371 1572 quin
1397 1535 1531 1567 νειοοὶυεν
1549 1534 1703 1577 ἱηηειίείὶυβ
1719 1541 1762 1560 Vc‘

134 1578 175 1606 Ab
188 1579 230 1607 his
249 1588 312 1608 vero
327 1581 418 1618 ﬂagris
430 1583 496 1610 credi
513 1584 563 1612 sibi
578 1585 728 1618 videbatur,
741 1590 768 1614 et
778 1587 816 1614 sic
829 1589 918 1616 verbis

136 1625 267 1660 increpari
288 1634 295 1653 :
312 1627 452 1661 Quomodo
470 1633 496 1656 tu
519 1637 552 1657 eo
565 1637 595 1658 es
625 1636 769 1666 provectus
789 1634 916 1668 audaciae,

134 1675 164 1696 nt
193 1679 301 1700 servum
327 1673 374 1700 Dei
391 1679 564 1704 contemnere
592 1681 619 1704 et
639 1678 769 1706 conviciis
793 1685 919 1714 appetere

131 1724 187 1743 non
204 1717 359 1746 dubitares?
380 1720 477 1748 deinde
505 1722 530 1748 in
561 1722 706 1751 obscurum
730 1729 790 1758 post
808 1727 919 1754 verbera

132 1769 270 1790 carcerem
290 1763 407 1791 detrudi.
432 1764 465 1792 Et
483 1773 543 1793 cum
559 1767 666 1795 veniam
690 1769 782 1796 multis
806 1776 920 1804 orasset,

132 1808 177 1834 vix
201 1809 308 1836 tandem
327 1811 448 1838 caedendi
477 1811 556 1839 linem
580 1812 691 1846 fecisse,
717 1822 766 1842 nec
792 1820 881 1844 tamen
907 1825 922 1844 e

132 1855 254 1881 custodia
271 1855 417 1883 dimisisse.
428 1856 606 1891 Experrectus
618 1859 823 1895 igitur,gravem
832 1863 921 1889 statim

133 1900 159 1926 in
176 1899 277 1927 febrem
296 1900 390 1928 incidit
407 1910 414 1928 :
431 1903 575 1937 accitoque
587 1903 700 1936 Nicone.
718 1905 751 1933 ad
767 1906 825 1939 eius
842 1908 923 1942 pedes

133 1945 286 1978 advolutus,
312 1947 525 1974 miscricordiam
544 1949 707 1983 imploravit.
734 1951 781 1978 Cui
805 1952 921 1979 beatus:

130 1990 198 2022 Quae
213 1991 239 2018 in
256 1998 298 2018 me
310 1993 481 2026 perpetrasti,
500 1993 547 2025 ait,
566 2001 597 2020 ea
612 1994 660 2022 tibi
678 1994 775 2030 frater,
794 2002 923 2031 quantum

132 2045 160 2070 in
178 2044 220 2064 me
234 2042 285 2071 est,
298 2037 534 2067 contionabuntur.
561 2039 613 2067 Sed
631 2042 758 2075 quoniam
787 2043 847 2070 vita:
865 2043 925 2072 finis

128 2085 180 2111 tibi
191 2084 294 2111 cutlcsti
309 2084 418 2111 decreto
431 2085 597 2119 praestitutus
612 2090 665 2118 est,
679 2094 752 2114 nemo
764 2088 812 2114 erit
826 2089 858 2115 de
874 2096 926 2116 ιιι--

133 2136 201 2161 tero,
220 2130 446 2164 quemadmodum
469 2130 507 2157 ait
522 2130 655 2166 Propheta
667 2132 689 2164 δ,
706 2133 751 2167 qui
768 2134 814 2160 Dei
837 2135 926 2161 consi-

131 2175 197 2201 tium
212 2175 343 2209 dissipare
362 2175 453 2209 possit.
468 2174 500 2203 Et
517 2176 559 2203 his
583 2177 661 2204 dictis
676 2178 708 2204 ad
727 2180 920 2208 monasterium

971 1587 1059 1621 stigiis
1075 1583 1300 1612 contumeliosum
1321 1587 1412 1610 secuta
1422 1587 1473 1610 est.
1492 1581 1558 1608 Nam
1573 1587 1633 1607 cum
1644 1576 1762 1614 primum

970 1634 1003 1661 ad
1020 1631 1206 1667 excipiendam
1238 1630 1372 1664 sphaeram
1411 1635 1518 1655 manum
1540 1626 1657 1659 sustulit,
1683 1633 1763 1660 para-

971 1680 1019 1715 lysi
1040 1682 1149 1713 repente
1172 1677 1223 1705 icta
1238 1680 1288 1704 est.
1313 1676 1383 1702 Idem
1402 1682 1483 1709 porro
1498 1673 1626 1701 membris
1636 1671 1764 1700 omnibus

971 1725 1061 1752 statim
1075 1723 1177 1750 solutus
1184 1726 1210 1748 et
1223 1725 1376 1751 enervatus,
1389 1719 1421 1746 ad
1433 1718 1594 1746 catholicam
1619 1716 1763 1745 ecclesiam

972 1770 1085 1797 aliorum
1105 1767 1229 1795 manibus
1241 1766 1343 1794 delatus
1358 1769 1410 1793 est.
1431 1765 1482 1792 Ubi
1505 1762 1668 1791 acutissimis
1687 1761 1763 1789 dolo-

974 1817 1047 1843 ribus
1055 1814 1237 1846 excruciatus,
1251 1816 1364 1839 mortem
1379 1818 1433 1845 prm
1448 1810 1500 1838 illis
1515 1811 1541 1836 in
1557 1809 1632 1835 lucro
1648 1815 1763 1842 ponens,

974 1861 1158 1889 lamentabiles
1171 1863 1281 1894 questus
1294 1859 1400 1886 edebat.
1420 1857 1543 1892 Cumque
1559 1863 1654 1891 magna
1676 1854 1763 1882 medi-

975 1915 1068 1935 corum
1083 1906 1226 1934 sedulitate
1237 1910 1388 1936 curaretur.
1404 1909 1432 1932 et
1450 1903 1567 1931 remedia
1584 1902 1676 1929 omnia
1693 1901 1763 1928 infra

976 1952 1075 1980 malum
1100 1956 1202 1984 essent,
1221 1951 1257 1977 ita
1276 1956 1304 1977 ut
1322 1950 1409 1977 inanis
1426 1955 1453 1977 et
1468 1956 1536 1976 vana
1557 1947 1643 1976 omnis
1658 1947 1692 1974 ab
1705 1947 1765 1974 illo-

977 2006 1035 2026 rum
1057 2003 1115 2025 arte
1137 2005 1199 2032 spes
1223 2001 1295 2024 esset
1313 2005 1318 2022 :
1339 2003 1448 2024 causam
1467 1994 1587 2029 exquirit
1611 1994 1763 2028 episcopus.

977 2053 1024 2072 cur
1040 2052 1101 2072 cum
1122 2043 1277 2078 repentintts
1299 2042 1408 2070 morbus
1430 2041 1572 2069 invasisset
1597 2045 1674 2068 :erat
1690 2039 1763 2067 enim

978 2095 1004 2118 et
1019 2091 1075 2125 ipse
1099 2089 1208 2116 medicae
1228 2087 1294 2116 artis
1312 2087 1503 2122 peritissimus.
1521 2085 1556 2113 At
1575 2085 1631 2117 ille,
1655 2092 1714 2119 qua:
1736 2084 1762 2110 in

978 2136 1105 2163 Niconem
1127 2135 1285 2167 admiserat,
1314 2133 1353 2160 vel
1377 2132 1477 2159 invitus
1499 2132 1625 2165 exposuit
1654 2141 1661 2158 :
1690 2131 1764 2158 hunc

978 2181 1042 2209 mali
1055 2181 1096 2208 sui
1116 2181 1218 2208 fontem
1232 2183 1259 2207 et
1273 2184 1354 2214 caput
1368 2185 1427 2206 esse
1442 2185 1493 2205 non
1507 2176 1690 2204 dissimulans.
1701 2176 1761 2209 Quo

134 2228 259 2249 reversus
274 2225 326 2248 est.
345 2220 383 2247 Illi
397 2229 461 2250 vero
478 2221 556 2249 tertia
574 2227 634 2257 post
648 2223 706 2251 dies
719 2223 820 2252 infelici
834 2231 921 2253 morte
938 2216 958 2243 θ
972 2226 1078 2262 cognito
1101 2225 1243 2260 episcopus
1265 2223 1419 2260 objurgavit
1443 2222 1487 2250 ille
1517 2222 1624 2257 quidem
1644 2221 1763 2249 hominis

132 2265 213 2291 vitam
242 2266 350 2300 eripuit.
378 2265 418 2292 Ex
437 2273 490 2300 qno
516 2271 604 2294 metus
621 2267 715 2302 ingens
732 2276 763 2296 ac
778 2270 920 2303 trepidatio

132 2310 350 2339 Lacedaemonios
375 2312 476 2339 invasit
493 2321 500 2339 :
515 2320 564 2341 nec
584 2319 707 2347 repertus
719 2319 760 2341 est
776 2316 919 2349 quisquam

126 2365 146 2384 »ε
162 2358 281 2385 minimis
295 2363 322 2386 et
333 2358 469 2392 maximis,
490 2359 535 2394 qui
553 2359 586 2386 ad
604 2359 733 2387 Niconem
747 2368 799 2388 non
812 2361 922 2388 advola-

131 2409 173 2430 rct
192 2404 304 2439 ejusque
328 2405 411 2440 jussis
441 2410 558 2439 pareret.
588 2405 679 2433 Fidem
709 2407 781 2434 enim
821 2407 923 2435 fecerat

131 2451 257 2478 omnibus
268 2451 431 2485 exemplum,
444 2452 496 2486 :qui
515 2451 618 2480 Christi
639 2460 731 2480 servos
744 2453 860 2480 ludibrio
871 2454 920 2480 ha-

129 2495 196 2522 bent
212 2505 219 2524 :
233 2497 360 2530 quoniam
372 2497 468 2532 Utique
489 2503 524 2525 est
537 2499 638 2533 {ructus
651 2499 737 2533 justo,
752 2503 776 2525 et
794 2498 862 2526 Dens
872 2499 917 2532 ju-

128 2541 222 2567 dicans
233 2549 275 2568 eos
287 2542 314 2568 in
324 2547 393 2569 terra
406 2543 428 2570 ⁸.

166 2586 224 2614 Xll.
237 2587 366 2621 Gregorio
383 2589 492 2622 pratori
511 2594 538 2616 et
553 2590 585 2616 de
602 2589 687 2617 Seleri
712 2590 806 2617 Bardae
828 2591 918 2622 rebus,

127 2639 157 2661 ct
176 2639 240 2669 post
261 2633 319 2667 ejus
338 2641 353 2661 e
378 2633 517 2669 Babylone
542 2635 669 2668 reditum,
686 2635 779 2662 audire
801 2635 920 2670 cupienti

131 2681 192 2710 (nec
203 2681 275 2708 enim
287 2680 378 2708 abdita
389 2681 510 2708 intuendi
523 2681 616 2716 gratiae
627 2686 762 2708 exsortem
773 2681 845 2709 illum
861 2689 921 2709 esse

129 2731 231 2762 prator
242 2728 435 2763 arbitrabatur)
449 2729 569 2756 narravit
582 2728 801 2760 Nicon,Sclerum
813 2729 920 2763 quidem

166 2799 177 2814 ³
201 2797 404 2830 Psaluxxvm,
421 2798 465 2825 25.
504 2797 512 2812 ‘
530 2797 599 2824 Psal.
626 2807 710 2830 xxxu,
728 2798 771 2825 10.

169 2876 208 2912 (ι)
221 2876 326 2905 Daren.
341 2885 388 2903 an.
406 2877 457 2903 987
463 2895 468 2902 .

969 2273 1149 2300 temeritatem
1169 2279 1222 2299 non
1247 2271 1354 2298 leviter.
1380 2270 1450 2297 Tum
1471 2274 1625 2304 opportuno
1647 2268 1761 2296 consilio

969 2323 1065 2346 auctor
1079 2318 1141 2350 fuit,
1160 2322 1189 2344 ut
1203 2316 1303 2345 fastum
1319 2321 1443 2352 poneret,
1462 2321 1490 2344 et
1505 2323 1519 2343 ιι
1534 2315 1637 2343 Nicone
1650 2315 1763 2350 supplex

968 2364 1049 2391 illatae
1079 2363 1185 2396 injuriae
1203 2363 1311 2391 veniam
1337 2367 1453 2397 peteret.
1482 2362 1565 2389 Norat
1598 2361 1681 2393 enim,
1694 2360 1765 2388 unde

973 2413 1046 2435 certa
1065 2408 1203 2436 medicinae
1215 2414 1278 2442 spes
1292 2412 1377 2435 esset.

1006 2452 1062 2480 XV.
1086 2452 1179 2480 Paruit
1204 2452 1257 2485 ille,
1285 2452 1448 2487 abjectoque
1477 2452 1547 2478 fastu
1575 2458 1607 2478 ac
1632 2450 1764 2485 praeturia:

972 2500 1113 2534 potestatis
1136 2499 1288 2533 supercilio,
1310 2498 1437 2526 Niconem
1454 2497 1544 2524 multis
1571 2496 1696 2531 precibus
1715 2503 1764 2530 per

970 2547 1079 2574 nuntios
1099 2546 1224 2574 accersit.
1248 2545 1298 2577 Qui
1315 2545 1423 2579 quidem
1440 2549 1557 2579 accepta;
1576 2543 1681 2578 injuriae
1693 2542 1763 2570 obll-

971 2598 1022 2624 tus,
1044 2592 1114 2619 dicto
1132 2591 1211 2618 citius
1226 2590 1312 2618 adfuit
1327 2600 1334 2617 :
1350 2590 1480 2618 didicerat
1495 2592 1566 2617 enim
1579 2593 1609 2617 ut
1621 2593 1765 2617 contume-

970 2639 1020 2665 lins
1032 2638 1097 2672 pati,
1117 2637 1156 2664 sic
1173 2636 1282 2663 easdem
1297 2635 1369 2663 ultro
1383 2635 1531 2668 remittere,
1548 2639 1595 2662 aut
1609 2634 1698 2669 potius
1714 2633 1762 2660 be-

971 2683 1086 2711 nefactis
1113 2688 1139 2710 et
1161 2682 1255 2710 obiciis
1282 2688 1468 2716 compensare.
1492 2680 1596 2708 Prtetor
1618 2684 1709 2707 autem
1734 2683 1764 2706 ut

971 2729 1045 2756 illum
1060 2729 1134 2762 vidit,
1147 2729 1179 2756 ad
1191 2729 1250 2764 ejus
1261 2728 1341 2764 pedes
1357 2735 1387 2755 se
1408 2727 1510 2762 objicit,
1522 2730 1550 2755 et
1562 2726 1605 2763 qui
1617 2725 1696 2754 modo
1709 2729 1764 2757 tu?

810 2800 819 2813 ⁵
841 2798 910 2826 Psal.
930 2806 993 2832 ινφ-ιι,
1013 2799 1053 2825 l'l.
