1943 3072
161 160 214 191 983

798 160 829 192 S.
849 158 1004 191 NICONIS
1025 156 1174 192 ARMENI

1745 156 1802 189 981

162 218 414 254 gidns,-animisque
433 218 508 246 ferox
527 219 582 246 iras
600 223 705 246 tantum
721 224 748 246 et
768 219 882 254 injurias
897 219 954 253 spi-
967 225 992 250 Α
1006 220 1135 248 divinitus
1147 221 1247 255 agitata
1270 219 1359 254 lingua
1376 218 1432 246 hze‘c
1445 217 1568 250 audiens,
1590 215 1713 251 nihilque
1724 214 1803 250 peni-

164 270 224 291 rare
246 263 398 297 videbatur,
441 265 550 300 supplex
590 264 687 297 factus,
716 266 818 292 erroris
849 265 956 292 veniam

162 308 267 343 lugubri
283 317 349 338 voce
361 315 450 346 rogat,
467 311 580 346 ejuSque
600 317 704 345 preces.
732 311 842 339 unicum
864 311 960 338 salutis

164 361 224 382 sua:
237 354 416 389 pharmacum
435 356 574 391 implorat.
592 355 705 391 Semper
724 355 852 382 nimirum
873 356 960 383 imbe-

164 399 227 427 cilla
235 407 278 428 res
288 401 442 435 estvitium,
452 401 529 429 fortis
537 406 627 429 autem
633 401 771 429 etstabilis
780 401 878 429 virtus.
891 401 960 435 Quid

166 452 235 479 ergo
250 446 283 473 ad
300 446 357 473 haec
370 446 460 474 divina
481 446 582 474 mensi
599 446 640 473 An
660 447 835 481 exprobravit
858 446 961 474 homini

166 491 325 525 amentiam,
340 491 556 526 eﬁrenatamque
571 492 730 519 audaciam?
752 496 800 518 aut
821 491 963 526 aspernari

167 542 301 570 orantem,
313 542 340 565 et
353 537 483 572 tantisper
492 538 613 566 abnuere
621 539 695 565 visus
707 541 749 564 est
757 538 769 564 '!
778 536 888 564 Minime
899 544 964 572 gen-

168 583 246 610 tiutn.
257 582 307 616 Qui
321 583 392 610 enim
405 582 518 617 faceret,
529 584 575 618 qui
587 583 745 619 discipulus,
757 587 805 610 aut
815 583 964 611 acerrimus

169 627 258 662 potius
276 628 349 655 mitis
364 628 435 656 illius
456 633 483 655 et
507 628 612 663 paciﬁci
628 628 747 656 imitator
764 633 823 656 erat
838 628 871 656 ad
887 629 965 656 bene-

171 673 322 701 faciendum
339 674 427 710 magis
447 682 528 709 quam
547 674 580 702 ad
594 674 763 709 plectendum
780 678 875 701 natura
888 681 965 701 com-

171 721 278 754 parati?
290 719 384 754 itaque
397 727 451 747 non
469 720 556 748 solum
574 720 681 748 veniam
696 720 779 751 dedit.
795 720 842 747 sed
863 719 966 747 sanita-

172 770 226 792 tem
243 765 327 792 etiam
349 765 477 799 precibus
501 766 569 798 suis,
590 765 698 792 admota
726 771 807 791 manu
837 764 965 791 restituit.

171 810 211 838 ita
233 815 262 838 ut
283 812 375 838 statitn
398 811 489 839 cibum
515 815 635 839 sumeret
654 811 807 843 incolumis,
830 815 857 837 et
883 810 967 838 libere

172 862 253 892 atque
267 857 392 892 expedite
407 857 573 892 loqueretur,
586 857 718 885 miraculo
734 856 776 884 vel
797 857 884 884 oculis
900 856 967 892 ipsis

173 905 219 938 qui
239 903 409 938 spectabant,
423 903 503 931 ﬁdem
516 903 559 930 vix
574 903 701 931 faciente.

212 948 282 976 XVI.
307 949 348 976 Ab
367 948 497 983 improbis
517 948 679 984 quibusdam
710 948 901 983 malevolisqne
921 948 970 975 hoc

173 993 293 1021 minibus
313 1002 360 1028 per
375 993 537 1022 calumniam
565 998 708 1021 accusatus
725 998 766 1021 est
777 992 897 1021 Joannes
912 993 969 1020 Ma-

173 1039 296 1071 lacenus,
312 1039 451 1066 nobilitate
473 1039 581 1073 generis
606 1046 638 1066 ac
665 1039 808 1073 splendore
842 1045 891 1066 nec
916 1045 970 1064 non

176 1091 289 1112 summa:
317 1084 457 1120 sapientia:
478 1085 558 1112 laude
584 1093 637 1112 non
664 1084 735 1112 inter
751 1083 971 1112 Lacedaemonios

176 1131 268 1163 tnodo,
278 1139 369 1159 verum
377 1131 458 1158 etiam
471 1136 524 1158 tota
535 1130 645 1158 Hellade
658 1139 689 1158 ac
699 1131 883 1166 Peloponneso
892 1130 971 1157 facile

177 1175 304 1210 princeps
321 1184 327 1202 :
345 1181 490 1203 accusatus
506 1181 596 1203 autem
611 1176 682 1210 apud
692 1184 764 1209 eum,
782 1176 828 1210 qui
844 1180 899 1202 tum
919 1177 969 1202 im-

178 1221 244 1256 perii
262 1221 379 1255 sceptris
401 1221 565 1256 potiebatur,
592 1221 719 1249 Basilium
739 1221 843 1249 scilicet
857 1221 970 1256 Romani

179 1267 291 1294 tninoris
320 1267 415 1299 filium,
441 1275 534 1302 regum
559 1268 678 1295 omnium
711 1267 970 1300 fortunatissimum,

178 1314 257 1348 cujus
268 1314 356 1341 etvita
370 1314 528 1345 illustris,et
543 1314 649 1347 intperii
660 1315 778 1348 spatium
788 1314 970 1349 langiSsimum

180 1359 241 1392 fuit.
254 1364 282 1387 et
296 1360 415 1388 victoria:
445 1364 472 1387 et
497 1364 594 1394 tropaea
618 1360 652 1388 de
680 1360 804 1388 hostibus
825 1360 970 1394 quamplu.

179 1405 260 1438 tima,
288 1413 338 1441 per
354 1413 434 1441 quem
456 1411 484 1433 et
506 1405 656 1441 Bulgaricre
678 1406 766 1440 gentis
789 1406 915 1441 princeps
932 1405 973 1441 [ut

181 1456 331 1479 memorant
348 1451 478 1487 historiae]
497 1451 605 1479 Samuel
629 1451 684 1484 ille,
710 1452 812 1479 viribus
835 1456 862 1478 et
876 1451 973 1478 robore

181 1497 408 1532 inexpugnabilis,
422 1497 448 1524 in
468 1497 548 1524 Creta
565 1504 626 1524 cum
643 1496 833 1523 innutnerabili
848 1495 971 1523 multitu-

183 1542 246 1569 dine
259 1542 432 1576 Bulgarornm
450 1542 551 1569 fractus
570 1546 597 1569 et
609 1541 737 1569 subactus
750 1545 791 1569 est
805 1541 855 1576 (5).

217 1586 299 1614 XVII.
329 1586 473 1613 Mittuntur
499 1586 589 1621 itaque
614 1586 648 1613 ab
672 1586 835 1621 imperatore
856 1591 973 1621 satrapa!

183 1633 248 1672 duo.
265 1632 381 1660 militum
396 1633 528 1667 legionem
547 1632 698 1665 trahentes,
714 1637 744 1659 ut
756 1631 924 1660 Malacenum
939 1639 973 1660 ex

185 1679 333 1713 improviso
358 1678 601 1713 comprehendant,
618 1679 793 1714 vinctumque
805 1679 838 1706 ad
851 1678 973 1713 reginam

186 1723 294 1749 urbium
319 1723 443 1751 ducant:
467 1723 627 1752 defectionis
650 1724 722 1751 enim
741 1730 769 1751 et
785 1724 975 1759 perduellionis

184 1768 214 1796 in
230 1775 291 1796 eum
319 1768 421 1796 crimen
450 1769 643 1796 concinnuntes
670 1769 772 1802 aemuli,
805 1769 975 1803 imperatoris

186 1820 267 1840 aures
283 1813 358 1840 falsae
380 1814 563 1841 accusationis
580 1814 716 1842 calumnia
738 1815 924 1850 oppleverant.
943 1814 977 1843 Ut

187 1867 254 1894 ergo
276 1860 303 1887 in
325 1859 516 1887 Lacedamona
532 1865 721 1895 pervenerunt,
737 1865 763 1888 et
789 1861 876 1887 virum
900 1861 977 1895 cujus

187 1913 271 1932 causa
296 1906 370 1933 missi
387 1905 502 1937 fuerant,
527 1906 802 1941 comprehenderunt,
825 1911 920 1934 evocat
934 1906 977 1934 ille

188 1951 333 1979 coufestim
345 1951 433 1978 virum
449 1951 494 1978 Dei
513 1951 655 1984 Niconem,
667 1959 747 1986 quem
769 1953 804 1979 ob
816 1952 923 1987 egregia
939 1951 978 1979 fa-

188 1998 280 2024 cinora
299 1998 435 2032 praecipuo
449 1996 476 2024 in
497 1996 599 2024 Itonore
621 1997 746 2031 habebat,
781 1997 910 2032 gravique
929 1998 978 2025 do-

190 2044 248 2071 lore
262 2043 360 2071 anxius
375 2052 381 2070 :
396 2042 461 2075 Ora,
479 2043 576 2078 inquit,
592 2050 639 2070 ora
655 2051 703 2078 pro
719 2051 762 2071 me
776 2043 886 2077 misero,
901 2051 980 2071 serve

189 2089 248 2123 Dei,
261 2096 294 2116 ne
311 2089 483 2124 imperatoris
495 2089 535 2116 ira
551 2089 620 2117 male
631 2096 749 2124 peream.
762 2089 847 2123 Quem
858 2095 978 2121 sanctus.

188 2135 299 2163 blandis
313 2140 408 2163 contra
435 2136 599 2170 mellitisque
614 2136 704 2164 verbis
721 2137 898 2170 respondens,
915 2143 980 2163 eon-

190 2182 302 2209 tinuare
321 2182 442 2210 animum
456 2182 537 2216 jussit
559 2182 678 2217 nihilque
696 2182 800 2218 tristius
825 2182 979 2210 formidare.

1013 272 1055 294 tus
1070 267 1220 300 ambigens,
1238 267 1413 293 vehementer
1431 264 1600 292 exhilaratus
1619 268 1670 295 est,
1693 262 1804 296 naviga-

1013 312 1166 345 tionemque
1186 311 1306 338 salutato
1326 310 1440 343 Nicone,
1466 316 1563 336 securo
1582 308 1673 335 animo
1689 315 1805 335 exorsus

1011 362 1065 385 est.
1078 356 1223 391 Postquam
1239 356 1272 383 ad
1286 356 1478 390 imperatorem
1494 354 1628 388 pervenit,
1646 357 1673 380 et
1689 354 1803 379 conficta

1013 402 1047 429 ab
1076 402 1181 430 aemulis
1201 401 1356 429 criminatio
1379 400 1505 428 veritatis
1532 400 1601 432 luce,
1623 399 1670 426 sed
1693 396 1806 424 Niconis

1015 448 1130 474 maxime
1142 446 1277 481 precibus,
1295 446 1419 473 discussa
1440 449 1493 477 est,
1519 444 1651 478 majorem
1676 443 1807 476 deinceps

1014 492 1085 527 apud
1117 491 1307 526 imperatorem
1341 491 1468 525 gratiam,
1499 489 1644 524 ampliores
1677 488 1806 514 honores»

1015 537 1128 572 gloriam
1142 541 1170 565 et
1185 536 1285 564 famam
1299 537 1414 571 adeptus
1429 539 1481 568 est,
1494 535 1562 563 adeo
1576 539 1605 562 ut
1616 533 1766 568 principem
1779 532 1807 558 in

1015 587 1111 610 senatu
1131 583 1220 610 locum
1230 582 1373 609 obtineret.

1051 627 1121 655 XIX.
1151 626 1300 654 Transacto
1325 631 1387 661 post
1411 626 1469 653 haec
1492 629 1615 658 tempore
1637 631 1691 651 non
1717 622 1805 653 brevi.

1016 679 1078 700 cum
1094 671 1246 699 Malacenus
1258 669 1492 704 Constantinopoli
1512 669 1601 696 adhuc
1619 672 1703 698 esset,
1720 667 1805 694 Nicon

1017 719 1050 746 ad
1063 717 1243 745 immortalem
1253 718 1415 751 beatamque
1424 719 1526 743 sortem
1539 714 1657 742 transiit.
1675 713 1752 747 Quod
1766 711 1810 739 ille

1017 773 1078 793 cum
1091 764 1251 798 accepisset,
1266 768 1293 791 et
1303 763 1407 791 dulcem
1421 761 1495 789 illam
1512 769 1586 796 spem
1616 768 1670 795 qua
1687 760 1808 787 futurum

1018 818 1050 838 ex
1066 809 1124 844 ejus
1138 809 1229 836 verbis
1249 816 1302 836 non
1318 807 1464 839 dubitarat,
1483 812 1513 834 ut
1527 806 1670 841 optabilem
1685 804 1743 838 ejus
1757 803 1813 830 vul-

1020 861 1075 884 tum
1091 855 1233 890 aspiceret,
1250 853 1302 881 sibi
1322 852 1521 888 quodammodo
1533 855 1653 885 ereptam
1671 850 1786 876 sentiret
1804 857 1812 874 :

1020 903 1192 929 vehementer
1216 900 1277 934 angi
1306 899 1408 931 animo,
1436 897 1574 932 variisque
1602 894 1813 930 cogitationibus

1019 953 1134 975 aestuare
1153 946 1246 981 coepit,
1262 951 1371 980 gravem
1396 946 1527 978 praeterea
1539 942 1621 969 vitam
1637 942 1747 972 ducere,
1763 938 1814 966 nisi

1020 995 1091 1028 quod
1108 992 1151 1019 ille
1165 991 1327 1027 promiserat
1342 989 1435 1024 perlici
1456 987 1571 1014 videret.

1055 1038 1115 1066 XX.
1127 1037 1193 1065 Fide
1205 1037 1288 1072 igitur
1298 1035 1475 1062 confirmatus
1486 1033 1586 1068 (neque
1601 1031 1672 1058 enim
1686 1029 1758 1056 illius
1768 1037 1814 1072 utt-~

1022 1093 1083 1120 pcrs
1093 1089 1152 1112 erat
1165 1083 1294 1116 scientiae,
1308 1089 1360 1116 qua
1375 1079 1501 1116 cognosci
1516 1078 1563 1105 Dei
1578 1076 1705 1113 mysteria
1719 1068 1817 1103 solenti

1021 1131 1085 1166 quid
1100 1130 1170 1165 agit?
1190 1137 1244 1163 quo
1259 1135 1288 1155 se
1302 1126 1452 1154 convertit?
1468 1125 1602 1152 PictOrem
1615 1123 1739 1155 advocat,
1757 1125 1818 1148 arte

1023 1184 1159 1212 manuque
1177 1175 1323 1210 insignem,
1338 1178 1366 1200 et
1384 1171 1472 1207 qualis
1492 1170 1596 1202 habittt,
1614 1173 1698 1200 veste,
1712 1166 1818 1201 capillis

1022 1227 1133 1250 sanctus
1144 1221 1248 1253 fuisset,
1264 1219 1353 1246 verbis
1366 1218 1489 1252 designat
1507 1225 1513 1242 :
1533 1220 1589 1242 tum
1601 1214 1671 1249 aptis
1682 1213 1818 1241 coloribus

1023 1269 1049 1295 in
1075 1267 1166 1295 tabula
1182 1271 1265 1293 totam
1282 1265 1341 1299 ejus
1372 1263 1516 1297 imaginem
1531 1260 1646 1295 exprimi
1660 1260 1749 1294 jubet.
1765 1257 1819 1285 lie-

1023 1319 1118 1340 vcrsus
1146 1312 1254 1338 domum
1286 1309 1384 1344 pictor,
1416 1314 1505 1341 opera:
1539 1305 1709 1340 pretiumque
1741 1307 1818 1330 ratus

1023 1359 1092 1394 quod
1105 1357 1198 1392 jussus
1213 1357 1310 1388 fuerat,
1323 1361 1403 1389 qualn
1416 1351 1619 1381 accuratissime
1647 1353 1739 1385 posset
1767 1356 1818 1376 ex-

1023 1405 1098 1439 sequi
1119 1407 1199 1438 :post
1219 1401 1309 1429 varios
1322 1404 1447 1432 conatus,
1460 1400 1558 1426 frustra
1575 1397 1680 1424 tandem
1693 1403 1724 1423 se
1741 1395 1817 1422 labo-

1024 1457 1085 1477 rare
1100 1447 1289 1475 animadvertit
1307 1455 1314 1474 :
1335 1453 1384 1473 nec
1397 1445 1469 1472 enim
1492 1450 1523 1471 ex
1536 1442 1590 1470 sola
1608 1442 1764 1469 narratione
1773 1448 1821 1474 po-

1024 1498 1102 1527 terat,
1114 1493 1238 1528 quamvis
1259 1491 1441 1527 peritissimus
1458 1489 1525 1516 artis
1534 1493 1562 1515 et
1574 1486 1822 1515 exercitatissimus

1023 1545 1107 1571 esset,
1123 1546 1202 1573 quem
1220 1545 1358 1572 nunquam
1370 1536 1486 1567 viderat,
1501 1534 1534 1561 ad
1550 1541 1642 1560 veram
1661 1532 1821 1559 similitudi-

1024 1593 1086 1613 nem
1098 1584 1259 1618 exprimere.
1279 1582 1309 1610 In
1326 1583 1377 1610 hac
1394 1581 1477 1615 igitur
1500 1586 1567 1608 cura
1585 1578 1717 1607 versanti.
1738 1577 1822 1604 vehe-

1024 1635 1182 1665 menterque
1197 1629 1309 1662 dolenti,
1332 1627 1402 1663 quod
1427 1627 1484 1654 oris
1504 1626 1670 1654 lineamenta
1692 1623 1821 1658 ciiingere

1025 1685 1077 1705 non
1098 1681 1198 1712 posset,
1214 1680 1277 1703 ante
1296 1674 1388 1702 oculos
1413 1676 1525 1709 repente
1540 1672 1646 1700 exstitit
1670 1670 1822 1698 monachus

1026 1723 1147 1759 quidam,
1164 1722 1209 1757 qui
1224 1723 1250 1749 in
1278 1721 1349 1749 aedes
1364 1720 1434 1748 clam
1457 1721 1624 1753 penetrarat,
1638 1720 1742 1744 stalttra
1758 1723 1821 1750 pro-

1027 1777 1114 1799 cerus.
1131 1768 1223 1795 ltabitu
1237 1767 1385 1799 eretnitico,
1404 1765 1524 1793 obsoleta
1544 1767 1618 1791 veste
1633 1763 1759 1793 amictus,
1776 1769 1824 1787 cn-

1027 1822 1070 1841 ma
1092 1813 1230 1848 squalens,
1259 1811 1390 1845 capillitio
1411 1810 1549 1844 barbaque
1575 1808 1663 1841 niger,
1689 1807 1715 1833 in
1739 1806 1823 1833 omni-

1027 1861 1078 1888 bus
1089 1859 1204 1894 deniqtte
1219 1858 1297 1886 beato
1325 1857 1383 1884 viro
1404 1855 1557 1883 simillimus
1574 1863 1581 1881 :
1598 1861 1659 1881 natn
1677 1857 1705 1880 et
1720 1851 1823 1886 virgaut

1029 1914 1108 1933 mantt
1121 1905 1230 1941 gerebat
1244 1904 1321 1938 cujus
1338 1910 1407 1938 apex
1429 1902 1455 1929 in
1470 1907 1579 1929 crucem
1601 1898 1756 1927 desinebat.
1772 1897 1824 1930 Qui

1030 1951 1132 1985 pictore
1153 1949 1266 1976 comiter
1295 1948 1414 1976 salutato
1432 1946 1559 1974 maeroris
1578 1943 1825 1977 soliicitudinisqtte

1029 2003 1138 2024 causam
1165 1994 1320 2022 sciscitatus
1345 1997 1399 2020 est.
1421 1991 1468 2018 ille
1490 1998 1554 2018 vero
1576 1994 1604 2017 ct
1633 1996 1742 2016 causam
1763 1995 1825 2014 mox

1031 2042 1147 2077 aperttit,
1169 2045 1195 2068 et
1213 2040 1305 2075 operis
1319 2037 1504 2067 difﬁcultatem
1526 2036 1731 2064 demonstravit.
1756 2034 1826 2061 Tum

1031 2088 1084 2117 ieni
1097 2088 1130 2115 ad
1148 2094 1209 2114 eum
1232 2093 1298 2113 voce
1322 2085 1472 2112 monachus
1505 2083 1579 2116 :Me,
1599 2081 1697 2116 inquit,
1723 2082 1826 2114 aspice,

1032 2135 1126 2167 frater,
1140 2132 1202 2160 mihi
1213 2139 1259 2167 per
1271 2130 1361 2158 omnia
1371 2130 1468 2158 similis
1483 2134 1533 2161 est,
1546 2136 1625 2163 quem
1645 2126 1776 2161 depingis.
1794 2126 1826 2152 Ut

1033 2187 1096 2214 ergo
1111 2179 1200 2206 acrius
1212 2178 1238 2204 in
1251 2177 1324 2204 illum
1338 2176 1431 2203 oculos
1447 2174 1562 2202 intendit
1578 2173 1676 2208 pictor.
1703 2172 1826 2206 penitus-

191 2227 260 2255 Tum
270 2228 370 2255 eximia
384 2228 500 2262 quadam
521 2229 546 2255 vi
566 2228 707 2255 charitatis
725 2236 823 2256 mensa;
836 2228 916 2256 simul
931 2236 976 2255 ac-
993 2224 1015 2252 ι)
1030 2231 1083 2259 que
1097 2221 1298 2256 circumspexit,
1328 2220 1401 2247 illutn
1426 2220 1513 2254 ipsum
1535 2224 1595 2245 esse
1610 2217 1729 2251 agnovit,
1745 2223 1824 2248 quem

191 2274 306 2306 cttbans,
334 2277 362 2301 et
387 2274 487 2301 laetitia:
510 2274 647 2308 pocttlutn,
675 2281 725 2301 ceu
751 2274 884 2308 poeticum
909 2273 981 2300 illum

191 2319 330 2355 Gygeona,
360 2318 493 2346 malorum
516 2319 638 2346 omnium
665 2319 826 2346 oblivionem
857 2320 982 2347 tncercnti

192 2366 352 2401 propinans,
371 2365 509 2393 oraculum
526 2363 764 2398 adjecit:Regiam
789 2364 877 2398 potius
902 2364 983 2391 bene—

192 2412 340 2440 volentiam
367 2411 537 2446 adeptttrum,
569 2410 653 2437 vitam
678 2414 802 2437 anteacta
834 2410 981 2437 beatiorem

193 2463 327 2489 acturum,
340 2456 450 2484 altiores
465 2455 498 2482 ad
512 2455 644 2482 honorum
654 2454 751 2489 gradus
761 2461 984 2487 conscensurutn,

192 2503 226 2529 de
241 2502 314 2528 onmi
326 2501 441 2535 deniqtte
451 2499 573 2527 molestia
588 2504 616 2527 et
627 2499 780 2526 calamitate
795 2498 977 2532 triumphatu-

193 2556 253 2575 rttm
266 2556 273 2575 :
286 2552 313 2575 ct
326 2555 379 2580 me,
394 2546 492 2581 inquit,
502 2545 617 2578 videbis,
629 2549 657 2572 et
669 2545 697 2571 in
707 2544 820 2579 patriam
834 2544 885 2571 sub
899 2543 978 2570 linem

194 2594 256 2620 vita:
274 2593 428 2620 reverteris.
442 2591 508 2618 Nam
523 2596 551 2618 et
564 2591 621 2618 haec
635 2597 741 2625 qttoque
755 2589 837 2616 Nicon
849 2589 888 2624 (ut
901 2596 983 2623 supra

195 2639 300 2665 dictum
318 2637 371 2673 est)
395 2645 408 2664 a
437 2637 519 2664 Patre
542 2634 769 2669 Iuminumgratia
779 2638 891 2660 Ornatus
913 2638 982 2666 erat,

197 2689 225 2709 ιιι
239 2683 328 2709 futura
341 2689 418 2716 aeque
433 2689 466 2709 ac
481 2680 624 2716 praesentia
647 2679 808 2714 praevideret
821 2678 909 2713 Atque
923 2686 983 2706 etn-

197 2729 241 2755 uia
262 2735 338 2761 sane,
351 2732 380 2753 ut
394 2727 569 2761 praedixerat,
582 2729 746 2753 evenerunt.

235 2774 327 2802 XVIII.
346 2774 501 2802 Malacenus
522 2780 586 2809 ergo
602 2777 730 2807 tanquam
758 2778 772 2798 a
787 2770 943 2806 prophetica
957 2774 984 2798 et

235 2866 272 2900 t5)
284 2864 384 2891 Baron.
399 2863 432 2889 ad
443 2870 485 2889 an.
499 2863 561 2889 995.

1031 2269 1183 2296 Malaccnus
1198 2266 1286 2293 verbis
1301 2265 1465 2300 designarat.
1493 2264 1583 2296 Quare
1596 2263 1630 2289 ad
1647 2261 1768 2288 tabulam
1785 2269 1825 2286 re-

1031 2315 1126 2346 flexus,
1154 2317 1182 2339 ut
1207 2315 1379 2346 conspectam
1406 2309 1523 2336 fortnam
1550 2309 1715 2341 imitaretur,
1731 2315 1747 2334 ο
1769 2315 1825 2333 rem

1031 2357 1239 2387 admirandam!
1270 2363 1375 2384 sacram
1394 2359 1435 2382 ter
1460 2355 1529 2382 beati
1555 2353 1668 2388 emgicm
1695 2353 1720 2379 in
1737 2352 1826 2379 tabula

1031 2405 1088 2432 suis
1113 2403 1282 2431 lineatnentis
1315 2406 1410 2435 suapte
1435 2407 1589 2434 expressam
1617 2404 1715 2433 sponte
1743 2398 1826 2428 vidct,

1031 2456 1149 2484 cumque
1164 2447 1293 2475 miraculo
1306 2446 1510 2481 obstupefactus
1528 2445 1561 2472 ad
1577 2449 1701 2472 sanctum
1725 2443 1824 2474 subito,

1033 2495 1115 2529 Kyrie
1129 2493 1229 2521 elcison
1259 2500 1321 2520 cum
1338 2492 1450 2519 horrore
1464 2491 1626 2521 inclamans,
1644 2497 1673 2515 se
1691 2489 1827 2520 vertisset,

1035 2540 1108 2566 illum
1124 2539 1237 2572 amplius
1250 2545 1305 2565 tton
1321 2537 1398 2564 vidit.
1419 2535 1478 2564 Jam
1499 2535 1571 2563 ettim
1588 2535 1755 2562 avolaverat.
1773 2533 1827 2560 ita-

1031 2593 1084 2620 que
1099 2585 1132 2612 ad
1147 2585 1310 2611 delineatam
1332 2582 1461 2610 divinitus
1485 2581 1600 2608 formam
1626 2579 1730 2613 reliqua
1752 2579 1827 2606 culo-

1033 2638 1091 2658 rum
1107 2630 1242 2665 pigmenta
1254 2628 1394 2663 adjiciens,
1408 2627 1555 2662 perfectam
1566 2626 1723 2660 imaginem,
1737 2625 1827 2660 qualis

1034 2677 1164 2711 hodieque
1192 2677 1220 2703 in
1248 2682 1327 2703 sacro
1350 2674 1422 2701 beati
1443 2673 1542 2708 tctnpio
1557 2679 1691 2707 suspensa
1718 2670 1826 2702 visitur,

1032 2724 1157 2752 omnibus
1174 2723 1295 2750 numeris
1312 2721 1447 2752 absolvit.
1471 2720 1618 2754 statimque
1633 2719 1667 2745 ad
1688 2717 1827 2752 spectabi-

1033 2768 1276 2805 letnhiilalacenum
1292 2775 1351 2796 cum
1368 2767 1412 2794 iila
1426 2772 1576 2802 properans
1597 2773 1604 2792 :
1622 2763 1782 2799 ontniaiilli,
1797 2766 1826 2789 ut
