1943 3072
139 151 193 184 985

900 155 999 187 νΙΤΛ.

1721 156 1773 189 986

141 208 308 241 acciderant,
325 208 419 236 ordine
447 209 611 243 percensuit.
639 209 741 243 Quibus
756 208 801 238 ille
817 211 926 243 auditis,
943 213 966 241 Α
980 210 1075 239 extulit
1089 231 1096 244 ,
1115 215 1174 244 quae
1190 211 1270 238 hodie
1293 213 1443 245 spectatur,
1461 214 1488 238 et
1505 210 1666 246 praeclarum
1685 211 1770 239 divini

140 262 201 282 cum
227 262 260 282 ex
277 254 366 282 oblata
388 255 485 289 pictori
511 255 621 283 Niconis
641 257 739 291 specie,
773 265 807 285 ne
829 257 855 284 in
881 257 931 285 hac

140 301 250 336 quidem
280 306 358 336 parte
381 302 489 329 inanem
521 301 604 330 fuisse
631 302 690 337 ejus
715 304 930 337 przedictionem,

129 349 389 381 animadverteret,
412 348 512 383 ingenui
538 349 635 383 gaudio
661 349 800 384 perfusus,
818 349 932 377 mirabi-

141 394 208 421 lium
235 394 282 422 Dei
308 401 420 429 operum
446 394 550 426 laudes,
569 399 597 421 et
617 400 750 429 quantum
779 403 795 422 a
824 395 930 429 Spiritu

139 444 236 467 sancto
266 439 381 475 gratiam
406 441 519 467 sortitus
548 439 634 466 Nicon
658 445 749 473 esset,
782 441 931 475 pra'dicare

141 492 278 520 nunquam
298 485 402 513 destitit
418 493 425 512 :
443 484 491 512 sed
512 484 643 512 Malaceni
658 485 776 520 quidem,
800 490 828 513 et
846 492 931 513 sacra:

139 530 265 566 imaginis
286 530 398 558 historia
414 531 454 558 sic
471 538 501 558 se
518 531 610 557 habet.

175 575 246 603 XXI.
269 575 348 603 Venit
374 576 556 604 cubicularius
577 577 685 611 quidam
709 577 744 605 ab
766 577 931 612 imperatore

141 623 217 650 aurci
238 623 333 650 trilmti
349 630 431 650 causa
454 623 550 650 missus
564 632 572 650 :
586 624 643 658 qui,
667 628 696 650 ut
718 624 839 658 pecunia:
872 628 931 651 tur-

142 668 237 703 pisque
258 669 324 696 lucri
341 669 503 703 percnpidus
523 674 592 702 erat,
617 677 729 703 magnas
749 677 809 696 cum
826 669 932 696 cmteris

141 715 246 741 civibus
269 718 324 741 tum
351 714 439 741 sancti
465 713 492 740 in
516 713 612 749 primis
639 713 765 742 ρωποι)ίο
791 714 931 741 molestias

141 760 295 788 exhibebat.
313 759 407 787 Solent
432 761 505 787 enim
530 760 668 787 civitatum
691 759 803 794 imperia
821 764 849 786 et
867 767 931 787 exa-

141 807 247 833 ctiones
263 813 315 833 non
341 807 426 840 :cquis
442 810 468 833 et
487 806 623 841 benignis,
641 806 688 833 sed
710 806 877 839 durioribus,
903 810 932 832 ιιι,

141 854 296 886 plurimum.
314 857 341 879 rt
361 851 594 879 inbumanioribus
610 852 739 886 delegari.
757 851 867 878 Frustra
884 859 931 878 au-

142 903 196 925 tem
215 898 350 929 monachi,
369 898 466 932 quilms
487 897 545 924 auri
568 897 632 924 nihil
654 902 724 930 erat,
742 897 873 924 immitem
892 897 930 924 l'c-

143 951 257 978 rumque
270 943 348 970 linire
359 943 482 978 precibus
492 942 645 976 studebant,
657 943 702 978 qui
716 950 810 970 aurum
824 943 929 974 sitiens,

142 989 215 1016 velut
241 989 315 1023 aspis
339 989 371 1016 ad
389 988 584 1015 incantantium
610 995 689 1015 voces
709 987 929 1020 obsurdescebat,

141 1040 168 1063 et
184 1039 312 1070 tanquam
326 1035 466 1069 spinarum
490 1041 587 1062 senum
607 1035 658 1061 sub
671 1033 757 1061 lebete
772 1033 854 1070 [quod
867 1033 931 1060 scri-

141 1088 217 1116 ptum
235 1081 288 1117 est]
309 1082 400 1109 omnia
423 1081 530 1108 illorum
552 1081 632 1108 verba
648 1080 851 1112 eontemnrbat,
863 1080 930 1115 quin

140 1131 168 1154 et
184 1126 302 1154 ferocius
315 1127 490 1157 insolescens.
513 1131 573 1160 post
596 1132 702 1154 atroces
720 1127 807 1154 minas
826 1126 852 1153 in
870 1133 931 1153 car-

140 1179 230 1200 cerem
249 1180 296 1200 eos
311 1172 425 1200 denusit
439 1181 470 1199 ac
486 1173 680 1200 monasterium
697 1173 782 1207 ipsqu
810 1173 931 1208 expilare

139 1218 343 1253 deprwdarique
363 1226 457 1245 vecors
470 1218 662 1246 meditabatur.
681 1218 758 1251 Quod
775 1219 866 1246 cncteri
883 1227 932 1246 auo

141 1264 246 1291 dientes
257 1265 301 1299 qui
314 1264 339 1290 in
354 1271 387 1291 eo
403 1265 610 1296 exercebantur,
623 1264 656 1291 ad
669 1270 792 1292 sanctum
805 1265 931 1300 precibus

140 1310 307 1337 exorandum
325 1317 354 1336 se
371 1314 532 1336 convertunt
548 1315 762 1344 praesentemque
777 1310 834 1344 ejus
851 1318 931 1345 opem

141 1356 200 1382 sine
216 1362 291 1382 mora
305 1354 408 1389 experti
425 1359 497 1382 sunt.

178 1400 262 1428 XXII.
280 1400 385 1427 Etenim
402 1400 525 1434 praxima
544 1405 632 1433 nocte,
649 1401 748 1428 minaci
763 1406 844 1436 atque
863 1401 933 1428 indi-

141 1445 285 1480 gnabundo
301 1445 372 1472 vultu
385 1447 417 1472 ad
433 1446 628 1473 cubicularium
645 1446 755 1473 veniens
766 1450 876 1473 sancttts
887 1445 933 1473 Ni-

141 1500 204 1523 con,
224 1492 315 1518 multis
335 1499 396 1518 eum
421 1492 578 1519 verberibus
601 1493 717 1527 excepit.
745 1492 783 1519 Eo
806 1493 876 1527 quod
898 1492 934 1519 in-

983 257 1031 284 viri
1060 257 1201 284 consiliutn
1232 257 1412 292 pietatemque
1448 257 1529 285 tacito
1557 257 1692 292 praeconio
1727 257 1772 284 de-

982 303 1076 331 clarat.

1017 349 1110 377 XXIII.
1126 349 1179 376 Sed
1194 348 1227 377 ad
1241 349 1350 384 impium
1363 349 1524 377 Antiochum
1536 351 1718 378 convertenda
1729 354 1771 377 est

981 395 1078 422 oratio.
1097 393 1214 422 Praeerat
1234 395 1256 421 is
1272 394 1349 422 ducis
1367 399 1501 429 potestate
1534 395 1704 423 ctlmicornm
1722 403 1771 422 re-

982 439 1063 474 gioni.
1077 440 1114 467 lio
1128 443 1217 467 autetn
1232 439 1303 466 inter
1314 444 1410 466 czetera
1423 440 1484 467 vita:
1493 440 1590 474 ﬂagitia
1603 445 1774 474 processerat

981 483 1118 517 amentiae,
1135 488 1164 511 ut
1187 484 1274 518 ipsum
1292 484 1364 511 beati
1385 489 1578 512 testamentum
1596 485 1697 512 violare
1719 494 1770 512 non

981 530 1125 557 dubitaret.
1150 530 1242 565 Itaque
1265 530 1405 557 finitimum
1434 531 1602 558 ctlmicorum
1624 539 1678 558 orae
1705 539 1774 565 prte-

984 577 1056 603 dium
1073 576 1214 609 invadens,
1233 575 1324 604 sedem
1341 577 1369 603 in
1388 584 1430 608 eo,
1448 577 1660 604 reclantantibus
1678 585 1772 604 mona-

982 623 1051 655 chis,
1070 623 1268 656 tentoriumque
1285 623 1351 650 fixit.
1373 623 1405 650 Et
1418 631 1451 650 ne
1465 623 1528 658 quid
1543 624 1639 650 seelcri
1652 624 1771 656 dcesmt,

983 676 1044 695 eum
1066 668 1153 696 lucum
1178 667 1287 703 perfuso
1313 668 1486 696 circumcirca
1516 676 1612 696 cruore
1641 670 1773 696 eontam'—

983 719 1094 746 uasset,
1124 714 1230 749 impuro
1267 715 1294 741 in
1320 714 1458 741 libidinum
1486 722 1564 742 anno
1598 714 1773 748 nefandisque

982 759 1098 795 ﬂagitiis,
1114 768 1163 788 suo
1191 760 1247 788 illic
1274 768 1348 788 more
1373 760 1555 795 volutabatur,
1571 761 1658 796 quoad
1680 761 1774 795 dignun

984 806 1143 833 temeritatis
1164 814 1218 833 sum
1243 806 1347 833 fructus
1374 814 1388 832 a
1407 804 1508 834 Sancto
1528 808 1653 841 percepit.
1671 807 1694 834 Is
1711 815 1774 842 ergo

982 859 1031 887 per
1051 857 1156 879 noctem
1182 852 1345 879 formidabili
1377 854 1503 887 trucique
1524 860 1572 880 ore
1596 853 1631 880 illi
1661 858 1774 885 astans,

982 901 1042 933 post
1058 896 1200 925 horribiles
1223 897 1346 924 incussos
1364 901 1493 930 terrores,
1513 898 1650 932 crttcigero
1666 898 1773 925 demum

982 943 1078 971 baculo
1088 943 1158 971 latus
1169 942 1259 970 lethali
1272 943 1347 978 plaga
1359 943 1503 978 percussit.
1515 943 1572 976 Qua
1584 944 1699 976 excitus,
1712 952 1774 971 cum

981 994 1124 1018 exeuntem
1145 990 1287 1017 etcntorio
1301 997 1487 1025 percussorem
1507 995 1637 1022 notasset,
1668 990 1775 1017 famulis

983 1037 1102 1072 quidem,
1115 1041 1144 1064 ut
1157 1044 1218 1064 eum
1230 1037 1502 1071 cumprehemlcrent,
1511 1036 1592 1063 cruda
1603 1042 1630 1062 et
1644 1036 1774 1062 iamcum-

981 1084 999 1111 Ι)
1011 1084 1027 1111 li
1037 1090 1102 1110 voce
1115 1082 1272 1117 imperabat,
1285 1089 1379 1109 verum
1389 1082 1425 1108 illi
1439 1081 1571 1108 neminem
1585 1081 1720 1108 vidchant.
1735 1081 1771 1108 Ex

982 1137 1036 1164 quo
1051 1129 1157 1156 demum
1171 1128 1232 1154 mali
1249 1128 1348 1155 fontem
1369 1127 1450 1154 miser
1469 1134 1628 1161 agnoscens,
1641 1126 1771 1153 Sanctum

983 1175 1065 1203 fuisse
1080 1173 1257 1209 intelligebat,
1272 1173 1316 1208 qtti
1337 1173 1435 1200 vulnus
1450 1173 1585 1200 inﬂixerat
1604 1173 1772 1199 invasorem-

982 1228 1035 1256 que
1056 1227 1135 1247 suum
1152 1227 1184 1246 ex
1198 1219 1254 1246 suis
1271 1218 1380 1246 sedibus
1395 1218 1494 1252 pellere
1520 1219 1671 1253 satagebat.
1688 1218 1776 1250 Quare

983 1273 1131 1294 conscenso
1144 1273 1204 1292 mox
1223 1272 1304 1298 equo,
1316 1264 1536 1291 Lacedmmonem
1553 1264 1703 1290 contemiit.
1723 1262 1775 1290 Scd

984 1312 1073 1341 stadia
1097 1312 1167 1339 haud
1181 1312 1297 1346 amplius
1318 1311 1426 1346 tringta
1442 1315 1630 1344 processerat,
1650 1317 1711 1336 cum
1730 1310 1777 1335 do-

984 1357 1046 1384 loris
1063 1357 1212 1384 acerbitate
1227 1356 1324 1387 victus,
1333 1363 1366 1382 ex
1381 1363 1450 1389 equo
1467 1355 1643 1385 descendens,
1654 1354 1741 1381 media
1751 1355 1776 1381 in

984 1404 1025 1431 via
1043 1403 1190 1436 turpiterin
1204 1410 1314 1429 suorum
1328 1402 1456 1429 manibus
1469 1402 1640 1428 exmimatus
1657 1401 1775 1432 interiit,

984 1455 1067 1482 reque
1087 1448 1112 1474 in
1135 1455 1177 1479 eo,
1192 1448 1264 1482 quod
1281 1447 1307 1474 in
1331 1446 1487 1474 Proverbiis
1513 1445 1620 1480 legitur,
1642 1446 1778 1480 expletum

984 1501 1041 1523 est:
1057 1495 1158 1521 Anima:
1168 1495 1320 1528 iniquorum
1330 1493 1479 1520 immotum
1488 1492 1619 1527 peribunt,
1631 1497 1653 1518 et
1662 1493 1777 1525 perversi

143 1537 240 1572 quiens
253 1537 325 1572 [ejus
347 1537 419 1564 enim
442 1537 531 1564 verbis
550 1538 678 1564 utendum
697 1537 750 1574 est]
773 1537 931 1565 monasterii
946 1552 968 1580 ε
985 1541 1012 1568 in
1038 1545 1122 1567 ηιοι-ιε
1139 1541 1273 1574 repentina
1288 1538 1379 1573 (Prov.
1397 1546 1438 1571 ιιι,
1457 1546 1513 1566 sec.
1528 1537 1631 1572 iLXX.)
1653 1537 1778 1564 Miserum

142 1589 291 1616 curatores,
304 1591 365 1611 cum
381 1583 429 1618 ipsi
445 1583 511 1610 nihil
526 1583 711 1618 deliquissent,
725 1584 839 1612 vinculis
855 1592 932 1611 man-

143 1631 240 1666 cipasll
266 1639 273 1656 :
296 1631 367 1664 quod
395 1630 446 1657 nisi
469 1637 516 1657 eos
538 1630 629 1657 statim
645 1630 790 1661 exetneris,
816 1630 932 1658 acerbus

144 1681 273 1711 pra-terea
291 1681 315 1703 te
330 1684 345 1702 v
358 1681 392 1703 tie
406 1676 495 1703 exitus
516 1681 618 1703 manct.
639 1675 744 1703 Profuit
767 1675 886 1711 palatino
899 1675 931 1701 ad

143 1725 279 1752 saniorem
312 1728 429 1750 mentem
460 1723 517 1750 hate
543 1722 660 1750 aﬂlictio.
691 1722 771 1750 Mane
795 1723 878 1757 igitur
906 1726 933 1749 et

144 1771 248 1797 vinctos
278 1770 373 1796 eduxit
401 1774 428 1795 et
456 1769 489 1795 ad
515 1768 645 1803 templum
667 1775 826 1802 properans,
849 1775 934 1794 sacra:

145 1818 229 1843 theca:
242 1815 384 1842 advolutus
399 1823 460 1842 cum
476 1814 602 1850 laerymis
622 1814 741 1841 audacia:
759 1822 815 1841 sua:
830 1814 934 1840 veniatn

144 1870 159 1889 a
186 1862 288 1889 Sancto
308 1860 399 1895 petiit,
431 1860 611 1887 discessurum
644 1859 780 1894 extemplo
802 1859 935 1887 Lacedae—

146 1915 226 1936 mone
246 1907 417 1942 promittens,
437 1910 464 1933 ct
478 1905 583 1934 civibus
600 1913 695 1933 aurum
707 1905 781 1941 quod
796 1910 934 1940 exegerat,

145 1954 314 1985 relicturum,
335 1953 408 1988 quod
423 1959 451 1980 re
467 1953 522 1988 ipsa
537 1954 673 1987 praestitit.
688 1951 757 1979 Nam
789 1952 879 1980 aureis
893 1960 936 1980 se-

147 2000 286 2036 ptuaginta
313 1998 515 2036 [septingentis]
528 1999 634 2026 duobus
660 1999 693 2026 ad
727 1998 796 2026 beati
819 1998 935 2025 loculum

146 2047 270 2083 abjectis,
285 2054 440 2083 conscenso
448 2053 518 2081 equo
531 2042 655 2081 protinus
674 2045 816 2072 abscessit.
832 2045 935 2072 Aurum

146 2081 222 2128 ergo,
243 2092 290 2127 qui
306 2081 472 2120 monaslei'io
493 2096 550 2118 tum
571 2095 696 2126 praeerat,
713 2091 938 2123 Coustantinopo'

148 2133 194 2166 lim
207 2137 278 2165 misit
293 2138 327 2165 ad
343 2136 526 2172 prmpositum.
539 2136 565 2163 Is
582 2143 645 2163 vero
661 2135 793 2170 coemptis
811 2136 861 2162 hoc
876 2130 938 2169 pre-

148 2185 186 2211 tio
205 2183 290 2211 sacris
306 2182 449 2218 pyxidibus
469 2181 582 2216 aliisque
604 2181 729 2217 pretiosis
753 2181 869 2208 vasculis
885 2190 937 2208 non

984 1594 1064 1622 porro
1093 1585 1163 1613 illius
1192 1586 1310 1612 cadaver
1336 1585 1461 1619 Spartam
1489 1583 1628 1616 delatura,
1656 1583 1789 1617 sequenti.

983 1638 1061 1660 nocte
1075 1632 1116 1667 (ut
1133 1636 1262 1658 constans
1280 1630 1350 1657 fama
1371 1631 1423 1664 e51)
1448 1629 1526 1664 ignis,
1544 1629 1676 1656 incertum
1698 1630 1779 1661 ιιιιιιιι,

984 1679 1009 1704 in
1027 1679 1142 1705 loculum
1161 1678 1326 1711 irrumpens,
1341 1672 1580 1709 utrumque'sitnul
1599 1674 1778 1708 consumpsit,

984 1729 1011 1751 ct
1029 1724 1055 1751 in
1072 1724 1190 1750 cinerem
1211 1722 1325 1757 redegit.

1020 1770 1078 1797 Non
1098 1769 1186 1796 minus
1210 1767 1359 1802 pavendum
1374 1771 1415 1794 est
1430 1765 1501 1800 quod
1520 1765 1652 1799 sequitur.
1667 1763 1779 1791 Michael

985 1817 1030 1843 ille
1058 1814 1294 1848 Chmrosphactcs,
1330 1813 1371 1839 vir
1397 1812 1503 1840 scilicet
1533 1810 1666 1841 illustris,
1702 1809 1781 1836 nulli-

985 1871 1038 1898 que
1048 1863 1118 1890 inter
1131 1861 1347 1889 Lacedaamonios
1358 1864 1465 1887 nostros
1481 1859 1593 1891 honore,
1608 1856 1703 1891 gloria,
1719 1855 1779 1890 opi-

986 1911 1036 1939 bus
1050 1909 1184 1938 sccundns
1197 1916 1204 1935 :
1220 1908 1252 1934 ad
1265 1908 1322 1934 haec
1338 1906 1475 1938 facundia,
1490 1904 1588 1936 indole,
1603 1903 1701 1934 forma,
1717 1909 1780 1928 sna-

987 1957 1070 1983 vitatc
1087 1962 1209 1985 morum,
1232 1951 1363 1987 sapientia
1387 1951 1495 1984 aliaque
1515 1947 1590 1975 onmi
1615 1946 1693 1973 laude
1711 1953 1780 1979 prte-

987 2006 1064 2029 stans
1079 2004 1157 2032 erat,
1169 1998 1236 2025 adeo
1253 2002 1283 2024 ut
1299 1997 1324 2024 in
1340 2003 1387 2022 ore
1402 1994 1525 2022 omnium
1540 1999 1600 2019 cum
1617 1990 1778 2018 suavissimo

987 2055 1067 2074 sensu
1090 2048 1254 2072 versaretur.
1271 2042 1324 2070 Sed
1355 2048 1437 2075 quam
1461 2038 1568 2066 dillicile
1591 2042 1632 2064 est
1653 2037 1778 2063 humanae

988 2097 1090 2120 natura:
1106 2091 1191 2118 hostis
1205 2089 1308 2117 insidiis
1326 2094 1462 2122 nunquam
1479 2083 1672 2115 succumbere,
1692 2087 1780 2109 recte-

988 2146 1041 2173 que
1060 2139 1111 2164 iter
1128 2143 1213 2170 nsqne
1233 2135 1267 2161 ad
1283 2134 1363 2161 ﬂuctu
1384 2132 1516 2174 jnoﬂ'enso
1530 2130 1598 2164 pede
1615 2127 1783 2156 decurrere?

990 2182 1104 2211 Deﬂexit
1117 2182 1158 2208 vir
1171 2179 1403 2214 incomparabilis,
1418 2183 1445 2204 et
1461 2177 1566 2204 invidias
1577 2175 1637 2202 face
1650 2181 1783 2200 accensus

148 2230 252 2266 paucis,
263 2230 298 2258 ad
312 2229 508 2257 monasterium
526 2228 618 2256 omnia
633 2228 736 2259 detulit,
750 2236 808 2262 quae
820 2229 852 2254 ad
864 2227 934 2254 hunc

987 2233 1080 2257 contra
1105 2226 1297 2254 monasterium
1313 2223 1485 2259 impudenter
1506 2221 1624 2254 exarsit,
1647 2220 1784 2248 levissimo

148 2284 234 2311 usque
249 2276 319 2303 diem
335 2275 427 2310 templi
460 2275 553 2302 usibus
575 2273 763 2309 perconnnoda
778 2277 939 2305 cernuntur,

149 2327 176 2350 et
187 2321 358 2357 splendorem
370 2321 407 2348 illi
422 2329 476 2348 non
496 2327 608 2355 parvum
620 2320 732 2351 addunt,
745 2319 828 2346 variis
839 2319 940 2353 alioqui

148 2373 176 2396 et
197 2368 312 2404 egregiis
339 2367 460 2395 omnium
483 2374 612 2402 generum
638 2366 805 2393 ornamentis
827 2364 939 2396 referto,

149 2421 214 2441 cura
236 2414 263 2441 in
287 2413 383 2448 primis
406 2413 551 2448 studioque
575 2411 695 2450 ejusdem
721 2410 868 2446 praepositi.
893 2410 941 2438 llic

150 2459 222 2486 enim
238 2459 281 2486 vir
297 2460 413 2494 optimus
427 2463 454 2486 et
470 2458 766 2494 magnilicentissimus,
782 2457 873 2484 diVlllO
882 2457 941 2484 zelo

152 2513 312 2538 succensus,
327 2513 434 2532 otnnem
450 2513 560 2539 opcram
579 2506 678 2540 posuit,
699 2509 729 2532 ut
752 2504 843 2538 templi
865 2510 941 2531 velu-

153 2558 252 2580 statem
275 2554 443 2588 abstergeret
459 2553 571 2588 ejusque
586 2553 704 2587 speciem
736 2551 844 2586 penitus
866 2559 942 2578 renu-

152 2604 242 2630 varct,
265 2599 335 2632 quod
347 2602 375 2625 et
385 2598 506 2625 donariis
518 2597 613 2625 deinde
633 2597 841 2632 qttatnplnrimis
856 2596 940 2627 auxit,

153 2644 341 2671 columnarum
362 2642 477 2676 fulgore,
501 2642 645 2678 politorttm
665 2641 783 2676 lapidum
805 2641 942 2668 coloribus

154 2692 246 2724 variis,
266 2691 486 2726 picturarumque
503 2690 790 2725 przestantissimarum
811 2689 942 2716 varietate

153 2738 360 2769 condecotavit.
377 2739 525 2773 porticibus
546 2738 627 2765 etiam
643 2742 671 2764 et
694 2736 834 2765 vestibulis
857 2736 944 2771 gradi-

154 2785 259 2819 busque
276 2784 464 2812 circumcinxit
482 2792 489 2811 :
507 2783 540 2810 ad
563 2790 623 2810 eam
649 2782 765 2816 denique
782 2780 940 2816 dignitatem

191 2878 199 2891 ε
215 2877 292 2903 i‘rm‘.
312 2884 353 2908 ιιι,
369 2884 421 2902 src.
438 2874 517 2901 LXX.

989 2274 1128 2309 cujusdam
1153 2273 1211 2308 agri
1234 2275 1380 2307 prtetextu,
1400 2277 1480 2304 quem
1502 2268 1600 2295 latdere
1625 2265 1784 2294 monasterii

990 2328 1086 2357 pecora
1094 2320 1264 2347 dicebantur.
1274 2316 1344 2350 Ergo
1350 2315 1462 2343 collecta
1473 2314 1685 2341 facinorosorum
1699 2311 1785 2338 homi-

991 2375 1054 2394 nttm
1068 2374 1160 2396 tnanu,
1177 2373 1238 2392 cum
1250 2363 1283 2390 ad
1296 2363 1385 2390 locutu
1397 2362 1529 2392 venisset,
1544 2359 1661 2395 primum
1676 2357 1784 2392 quidem

990 2412 1128 2440 Zosimunt
1148 2410 1309 2438 Inouachum
1331 2407 1410 2434 annis
1427 2413 1552 2441 gravem,
1565 2405 1609 2439 qui
1626 2401 1785 2430 monasterii

991 2467 1034 2486 res
1048 2457 1220 2493 procurabat,
1234 2455 1300 2482 nihil
1315 2453 1374 2488 ejus
1390 2459 1484 2484 cauos,
1500 2458 1549 2478 nec
1567 2450 1695 2476 virtutem
1716 2447 1788 2474 veri-

992 2510 1051 2536 tus,
1065 2507 1140 2530 veste
1153 2510 1202 2530 sua
1215 2500 1358 2536 spoliatum
1382 2504 1463 2532 atque
1488 2497 1515 2524 in
1547 2500 1648 2523 terram
1666 2497 1788 2528 prostra-

993 2555 1059 2582 tum,
1077 2549 1173 2584 pugnis
1188 2547 1359 2580 fustibusth
1383 2545 1418 2571 ita
1433 2542 1552 2572 vexavit,
1569 2545 1598 2567 ut
1614 2545 1719 2567 tantum
1735 2545 1788 2564 non

991 2596 1173 2624 exanimatum
1187 2593 1342 2628 reliquerit;
1361 2590 1459 2618 deinde
1482 2589 1684 2624 Syracusanum
1710 2584 1786 2612 illum

994 2642 1151 2678 Dionysium
1164 2640 1264 2668 imitari
1279 2639 1373 2667 volens
1383 2660 1390 2672 ,
1405 2638 1431 2665 in
1446 2641 1568 2672 agrestes
1582 2635 1664 2662 etiam
1690 2640 1787 2667 operas

995 2687 1162 2721 famulosque
1173 2686 1268 2713 saevire
1282 2685 1404 2720 parabat,
1414 2683 1465 2710 nisi
1480 2681 1541 2716 fuga
1556 2680 1635 2707 saluti
1651 2687 1706 2706 sua:
1723 2686 1789 2706 con-

995 2732 1152 2760 suluissent.
1162 2731 1230 2759 Tum
1241 2739 1306 2759 vero
1323 2728 1480 2758 monasterii
1493 2734 1536 2755 res
1548 2733 1643 2754 onmcs
1657 2725 1788 2761 Nysornm

996 2779 1094 2815 praeda:
1109 2779 1243 2814 exposuit,
1260 2785 1313 2806 non
1331 2776 1416 2805 caulis
1441 2774 1518 2811 ipsis,
1543 2778 1726 2809 pecorumque
1744 2777 1788 2798 sc-
