1943 3072
160 108 212 138 987
772 111 946 142 THEODOS
953 113 979 142 ll

1742 109 1812 145 *ἐπὶ

1015 113 1166 143 DlAflUXl

159 168 215 202 ptis
229 175 354 201 parcens,
367 168 464 202 quibus
478 169 558 196 ctiam
575 169 697 197 ﬂammas
709 170 833 204 subjecit,
846 173 950 206 nequid
968 176 989 203 Α
1005 178 1106 204 uoStra,
1124 179 1235 207 pt'avtttlt
1250 172 1394 204 ﬁctumque
1412 170 1527 196 hominis
1539 170 1658 197 auimmu
1671 171 1807 200 intuens.

160 217 232 240 esset
246 220 298 246 quo
309 214 360 247 tegi
373 221 460 247 capri?
478 221 596 249 ovesque
613 221 638 242 et
650 224 662 241 a
676 215 764 242 furum
773 215 828 243 fera
835 225 947 251 rumque

160 258 265 285 insidiis
288 258 393 285 defendi
418 264 536 293 possent.
562 260 598 286 Ita
623 261 747 294 demum,
771 263 846 296 quasi
869 269 946 297 parta

161 302 283 335 victoria,
299 310 394 335 ovans,
410 303 435 330 in
449 311 518 337 equo
530 306 612 331 miser
626 306 857 337 exsultabat,cum
871 307 946 334 subi-

165 354 219 376 tam
234 349 313 376 illata:
334 355 427 377 sancto
438 350 542 384 injuria:
558 352 701 378 vindictam
716 358 843 387 expertus
858 359 910 382 cst.

198 395 291 422 XXIV.
309 395 393 423 Nocte
404 397 534 428 insecuta,
552 399 678 431 terribili,
692 403 720 426 ιιι
736 399 762 426 iu
778 400 819 426 his
832 401 945 432 solebat,

160 446 271 475 aspectu
287 442 429 469 dormienti
448 449 558 470 sanctus
569 444 653 471 Nic-on
674 452 703 472 se
723 445 830 478 objicit,
844 447 948 481 gravis-

160 486 291 521 simisque
313 492 340 514 et
367 489 508 516 acerrimis
522 490 610 517 verbis
632 491 795 526 increpans:
812 492 880 525 Quid
898 493 945 519 tibi

163 541 279 566 mecum,
300 534 349 566 ait,
376 540 406 562 ut
423 540 526 562 tantum
554 537 675 564 audacim
691 538 841 572 furorisque
854 540 946 566 conci-

161 587 234 613 pere,
253 584 280 606 et
292 585 385 607 contra
401 589 448 608 nos
473 582 611 616 Deumque
638 585 725 618 ipsum
740 584 879 618 insurgere
893 592 944 610 nou

161 625 322 652 formidares
334 626 345 652 ?
359 625 411 653 Sed
424 627 543 654 diuturni
559 629 719 662 arrogantia:
740 629 817 663 hujus
834 633 947 656 eonatus

163 679 214 698 non
234 676 324 704 erunt,
348 672 502 707 seutiesque
515 674 621 700 tandem
642 674 713 700 haud
728 674 872 707 optabilem
890 675 948 700 cxi-

161 721 217 743 tum
231 716 296 749 fore,
316 724 347 744 ac
360 718 466 745 docebit
487 719 653 752 experientia
675 724 803 753 quatitum
826 721 888 747 mali
913 721 948 747 sit

163 762 311 794 temeritas,
325 765 353 789 et
365 763 480 797 proiecta
494 764 519 790 in
532 763 612 791 Dcu-u
641 765 752 799 ejusque
763 773 856 792 servos
872 774 948 792 arro-

162 807 272 841 gantia;
292 813 372 842 atque
394 809 436 836 his
453 809 532 836 dictis
556 810 677 837 recessit.
704 810 859 838 Michaclem
883 819 947 838 vero

163 851 353 879 ardentissima
372 853 444 880 illico
459 854 542 881 febris
557 855 695 887 invasit,et
709 864 770 883 cum
786 856 859 883 febre
872 865 951 891 para-

163 897 238 931 lysis.
252 897 290 925 lta
310 899 418 926 domum
437 900 547 932 relatus,
561 907 672 928 mortem
685 903 871 936 exspectabat.
882 902 951 930 Cum

163 943 261 970 iterum
279 944 329 978 ipsi
347 949 472 979 tanquam
490 946 515 972 in
539 948 636 974 mentis
653 955 763 975 excessu
781 948 888 975 oblatus
905 948 953 975 Ni-

163 994 226 1018 con,
243 990 419 1016 succensebat
430 997 520 1022 porro,
530 990 679 1026 eademque
689 1000 749 1019 cum
763 993 842 1020 minis
854 1000 953 1027 expro—

164 1033 268 1060 brabat.
291 1032 367 1062 Unde
388 1035 422 1062 ad
443 1037 658 1072 consanguineos
677 1038 721 1072 qui
738 1038 868 1069 aderant,
885 1046 948 1064 con-

164 1085 277 1105 versus:
291 1078 350 1106 Non
362 1080 468 1112 videtis,
485 1083 531 1114 ait,
546 1084 705 1110 monachum
720 1084 811 1116 istum,
824 1085 869 1118 qui
885 1084 951 1111 mihi

164 1122 222 1149 dira
236 1124 325 1150 omnia
335 1124 492 1153 minitatur?
503 1126 570 1154 Tum
580 1128 677 1162 expelli
691 1133 718 1156 et
732 1129 804 1164 abigi
827 1137 890 1158 eum
909 1138 952 1158 ro-

164 1168 246 1201 gabat
261 1172 343 1202 atque
356 1169 478 1203 jubebat.

200 1211 284 1238 XXV.
307 1212 403 1240 Verum
424 1214 478 1246 illi,
499 1215 561 1250 quia
578 1217 711 1244 neminem
726 1218 867 1251 videbant,
895 1227 952 1246 am-

114 1260 118 1262 ‘
165 1257 236 1291 plius
256 1259 442 1288 morabantur.
465 1261 546 1288 Paulo
566 1268 625 1297 post
646 1272 706 1290 curti
728 1265 761 1292 ad
779 1273 808 1292 se
834 1266 949 1300 quodam

167 1303 247 1331 modo
262 1305 404 1338 rediisset,
426 1314 459 1334 ex
478 1308 616 1343 utriusque
632 1310 680 1336 visi
701 1312 867 1346 argumentis
888 1312 950 1339 mali

165 1350 207 1376 sui
223 1358 331 1379 causam
351 1354 522 1388 conjectans,
544 1356 688 1383 stultitiam
707 1365 781 1384 suam
806 1359 951 1392 reprehen-

167 1396 231 1422 dere
255 1398 488 1434 calamitatemque
511 1401 650 1429 lamentari
669 1403 768 1436 coepit:
787 1402 842 1430 llcu
857 1403 863 1430 i
878 1404 950 1432 heu!

165 1441 269 1476 inquit,
284 1443 345 1477 quia
362 1445 428 1472 mihi
449 1454 520 1473 nunc
536 1453 629 1475 contra
654 1456 733 1482 quam
749 1447 799 1476 Job
814 1449 927 1484 contigit
941 1457 949 1476 :

169 1485 259 1513 Timor
269 1488 348 1520 enim,
364 1497 439 1523 quem
451 1498 502 1517 non
514 1491 647 1525 timebam,
660 1494 742 1520 evenit
757 1494 831 1526 milii,
845 1498 868 1520 el
880 1494 949 1529 quod

169 1539 220 1558 non
233 1533 347 1565 verebar,
360 1534 454 1561 accidit
472 1536 493 1562 ".
505 1535 607 1564 Deinde
619 1538 728 1566 sceleris
738 1540 951 1567 emendationem
966 1523 987 1551 ο

168 1577 326 1611 pmnileutia
343 1580 512 1613 promittens.
528 1587 555 1608 et
569 1583 637 1616 quod
654 1588 710 1610 tum
725 1588 821 1611 caetera
838 1593 897 1620 qua:
912 1586 952 1612 in-

168 1623 292 1650 consulto
307 1629 409 1659 egerat,
422 1627 580 1661 corrigeret,
597 1632 650 1654 tum
665 1629 803 1657 caularum
819 1632 956 1660 cancellos

168 1666 266 1695 ferreis
283 1670 416 1705 repagulis
431 1672 592 1706 obvallaret,
622 1675 706 1702 morbi
727 1676 805 1703 finem
818 1678 895 1705 unice
909 1678 956 1705 de—

170 1713 342 1746 precabatur.
362 1715 495 1744 Cancrum
520 1717 577 1751 ejus
599 1727 691 1753 preces
712 1728 726 1746 a
747 1720 800 1748 Deo
822 1722 956 1750 exaudita:

169 1765 224 1785 nou
236 1765 314 1794 sunt,
331 1761 459 1790 Dominus
472 1765 555 1798 enim,
572 1765 617 1799 qui
634 1765 712 1792 ﬁnxit
726 1767 861 1802 sigillatim
874 1768 954 1795 corda

206 1815 216 1831 ⁷
229 1815 282 1844 Job
303 1825 343 1849 Ill.
355 1819 402 1847 25.

206 1875 245 1912 (6)
262 1876 358 1905 Baron.
374 1879 407 1906 ad
419 1888 465 1907 an.
481 1880 529 1908 981

1001 219 1088 253 qualis
1103 218 1129 244 in
1141 218 1276 252 plerisque
1290 216 1358 244 solet
1374 223 1434 241 esse
1449 215 1605 242 mortalium
1620 223 1626 241 :
1650 217 1695 249 qui
1728 222 1811 242 tum-

1001 271 1065 298 pore
1079 263 1187 298 quidem
1205 262 1356 289 afﬂictionis
1370 261 1416 288 Dei
1432 262 1611 287 reoordautur
1621 281 1629 293 ,
1644 269 1808 296 aspernan-

1001 315 1044 337 tur
1055 315 1143 336 autem
1157 317 1216 336 cum
1231 308 1347 341 exempti
1363 307 1439 333 malis
1456 307 1576 333 iuerint:
1590 307 1694 333 irritam
1711 311 1805 341 atque

1002 356 1111 383 inanem
1130 355 1205 382 abire
1218 353 1276 388 ejus
1290 353 1441 380 orationem
1458 360 1553 386 passus
1568 358 1620 380 est.
1638 353 1737 385 Quare,
1754 354 1809 380 in-

1000 406 1175 436 gravescente
1185 400 1209 426 vi
1221 400 1305 427 morbi
1317 399 1343 426 in
1353 399 1483 425 luctuosis
1497 398 1550 424 illis
1561 399 1672 425 vocibus
1683 406 1809 432 oppres-

1000 454 1047 474 sus
1061 451 1103 473 est
1130 455 1137 473 :
1166 446 1240 480 gravi
1262 444 1398 472 ferocibus
1422 444 1600 478 superbisque
1617 444 1807 476 documento,

1000 496 1029 518 ut
1042 493 1080 518 ira
1096 499 1143 518 sua
1160 492 1299 518 moderate
1316 491 1354 517 uti
1368 490 1484 521 discant,
1503 489 1605 524 Deique
1624 489 1725 524 judicia
1747 497 1803 516 rc-

1001 537 1161 564 formident.

1034 581 1129 609 XXVI.
1150 582 1276 609 Przetoris
1291 587 1400 607 tnuuere
1414 579 1546 614 przecipua
1558 586 1619 606 cum
1633 579 1711 605 laude
1729 586 1801 613 per-

1002 627 1110 654 functus
1123 627 1236 653 Basilius
1250 625 1406 660 Apocaucus
1417 624 1467 660 (6),
1485 632 1564 658 queui
1587 632 1667 658 supra
1689 631 1801 650 metuo-

1003 673 1120 700 ravimus
1139 672 1292 707 priusquam
1310 671 1408 698 rediret
1430 671 1457 696 in
1474 670 1599 704 patrima,
1617 670 1798 696 Lacedaemo-

1002 726 1061 745 nem
1078 718 1161 750 venit,
1175 723 1202 744 ut
1216 725 1321 744 sacram
1337 717 1411 743 Beati
1428 716 1534 742 thecam
1544 716 1679 747 adol-aret,
1695 723 1799 742 suum-

1001 771 1054 798 que
1069 764 1095 791 in
1118 763 1192 790 illum
1211 771 1330 790 amorem
1345 767 1372 789 et
1393 762 1511 788 studium
1526 766 1686 794 testaretur;
1702 761 1795 788 disce-

1002 810 1070 836 deus
1090 813 1179 836 autem
1202 809 1343 836 collectum
1368 808 1478 835 vasculo
1501 815 1579 834 sacro
1613 813 1800 842 unguentum.

1005 856 1075 890 quod
1098 855 1301 882 sanctificatioui
1323 853 1452 886 tualiSquc
1478 853 1578 880 morbis
1593 853 1721 880 omnibus
1743 851 1799 878 de—

1007 901 1135 935 pellendis
1148 901 1392 934 prolicuumesset,
1406 900 1513 926 domum
1535 899 1605 926 tulit.
1633 899 1710 925 Donii
1730 905 1802 932 ergo

1006 946 1148 982 quemdam
1162 954 1194 973 ex
1209 945 1324 978 famulis,
1339 953 1418 980 quem
1432 945 1457 972 in
1474 945 1576 971 intimis
1591 944 1719 975 habebat,
1730 951 1799 977 gra-

1006 994 1030 1019 vi
1045 992 1191 1026 lethaliquc
1203 992 1297 1018 morbo
1314 991 1530 1022 decumbentem,
1545 997 1576 1017 ac
1589 991 1730 1023 desperata
1747 996 1801 1023 per

1007 1038 1140 1065 medicum
1155 1037 1315 1068 valetudine,
1329 1036 1494 1070 deploratum
1505 1039 1600 1062 nactus
1613 1035 1706 1063 divino
1720 1034 1794 1068 quod

1005 1083 1117 1119 gerebat
1131 1087 1266 1116 unguento
1280 1081 1440 1115 Grchrium
1466 1081 1503 1115 (id
1517 1081 1588 1107 enim
1599 1087 1678 1107 servo
1697 1087 1798 1106 nomen

1005 1128 1082 1164 erat)
1096 1134 1169 1156 certa
1190 1127 1242 1155 ﬁde
1265 1135 1340 1162 spem
1361 1127 1476 1154 fulciens
1494 1127 1611 1153 iiumxit.
1630 1124 1684 1152 Res
1704 1125 1772 1151 mira
1788 1125 1795 1150 !

1005 1175 1055 1200 sub
1068 1173 1185 1200 mediam
1203 1178 1308 1199 uectem
1323 1179 1338 1199 e
1356 1172 1425 1199 lecto
1442 1176 1551 1205 repente
1565 1171 1694 1198 desiliens
1708 1177 1796 1204 aeger.

1005 1220 1115 1253 suisque
1125 1219 1380 1252 pedibusgradiuns,
1389 1225 1486 1244 sonora
1501 1224 1565 1244 voce
1574 1216 1619 1250 qui
1633 1216 1712 1242 modo
1725 1215 1798 1242 elin-

1004 1265 1064 1299 guis
1075 1269 1143 1295 erat,
1155 1272 1265 1290 uxorem
1280 1267 1370 1290 vocat.
1386 1264 1544 1297 Apocaucus
1558 1263 1590 1289 ad
1604 1262 1678 1289 vocis
1699 1269 1798 1288 sonum

1004 1311 1119 1343 exi-itus,
1137 1311 1265 1343 accurrit,
1279 1316 1305 1338 et
1317 1310 1438 1342 sanitati,
1455 1314 1501 1336 aut
1513 1310 1573 1336 vitae
1584 1310 1672 1342 potius
1684 1310 1799 1335 restitu-

1005 1361 1060 1384 tum
1069 1363 1191 1388 cernens,
1205 1356 1311 1383 modum
1327 1363 1476 1390 causasque
1497 1355 1655 1390 interrogat.
1672 1355 1740 1381 Tum
1753 1355 1801 1380 ille

1004 1403 1166 1429 monachum
1176 1402 1225 1429 sibi
1235 1401 1378 1436 quemdam
1386 1402 1506 1429 adfuisse
1516 1402 1562 1433 ait,
1576 1401 1705 1435 insignem
1713 1408 1773 1427 erm
1783 1408 1800 1428 e

1004 1449 1106 1483 virgam
1116 1456 1194 1475 manu
1202 1448 1483 1484 gerentem,'eultuque
1491 1447 1612 1482 corporis
1620 1447 1760 1474 ercmitico
1772 1454 1801 1472 et

1005 1495 1127 1522 lethalem
1149 1495 1273 1521 morbum
1292 1494 1415 1529 protinus
1434 1494 1580 1528 depulisse.
1605 1494 1704 1520 Astans
1722 1492 1799 1519 cuitu

1003 1539 1079 1571 mihi,
1098 1539 1199 1572 aiebat,
1209 1539 1358 1567 monachus
1369 1540 1413 1566 ille
1425 1540 1514 1574 (cujus
1523 1539 1603 1566 etiam
1612 1539 1703 1566 vultus
1712 1538 1802 1564 linea-

1002 1590 1091 1612 menta
1106 1585 1278 1620 signabat,cx
1291 1586 1387 1619 quibus
1396 1586 1554 1620 Apocaucus
1577 1589 1700 1612 sanctum
1714 1583 1801 1610 fuisse

1003 1631 1109 1665 didicit)
1122 1638 1255 1665 manuque
1264 1630 1433 1665 prehendens
1449 1639 1456 1657 :
1476 1631 1556 1661 Deus,
1573 1629 1670 1664 inquit,
1687 1632 1800 1663 propter

1003 1676 1138 1710 Apocauci
1156 1677 1233 1704 iidem
1251 1677 1332 1704 vitam
1348 1677 1395 1704 tibi
1410 1676 1562 1704 Mclauoitm
1574 1675 1699 1710 precibus
1713 1674 1799 1709 largi-

1005 1728 1065 1754 tur.
1080 1728 1108 1750 et
1127 1731 1189 1750 cum
1211 1723 1262 1750 hoc
1282 1724 1353 1751 dicto
1371 1724 1463 1751 statim
1479 1723 1554 1750 abiit.
1572 1722 1629 1758 Ego
1650 1729 1714 1750 vero
1729 1721 1802 1749 inte-

1005 1777 1082 1805 gram
1101 1770 1284 1799 valetudinem
1297 1770 1410 1805 adeptus
1425 1777 1496 1798 sum.

178 1951 1787 1979 WE

786 2044 871 2067 ANNO
899 2045 1012 2066 DOMINI
1034 2045 1170 2069 εΜωιηΙ.

307 2141 1004 2234 THEODOSIUS
1063 2145 1660 2237 MONACHUS

659 2387 779 2431 NIC.
823 2387 1029 2432 MAMIE
1070 2388 1317 2434 FOGGINI

887 2493 1078 2523 MONITUM

587 2566 642 2595 DE
670 2565 916 2596 THEODOSIO
933 2566 994 2595 ET
1006 2565 1111 2596 EJUS
1129 2565 1400 2597 ACROASIBUS.

648 2648 723 2679 (Hist.
738 2650 836 2681 Byzant.
851 2649 961 2681 Appand.
978 2655 1047 2674 nova.
1061 2649 1152 2680 Roman,
1166 2650 1236 2679 1777,
1254 2650 1310 2681 fol.)

208 2788 320 2816 Crelam
335 2789 462 2825 insulam,
474 2797 576 2822 centum
593 2796 670 2828 olim,
683 2801 712 2823 ut
727 2797 853 2826 Horatius
868 2798 967 2826 cecinit
981 2798 1027 2825 lib.
1045 2806 1083 2830 ιιι,
1097 2788 1153 2824 ὀιΙ.
1170 2797 1215 2830 27,
1237 2802 1366 2830 potentem
1392 2797 1508 2831 oppidis,
1524 2803 1607 2831 quam
1627 2794 1743 2830 Agareui
1763 2793 1800 2820 ah

174 2829 308 2868 Hispania
325 2834 439 2869 proiecti
453 2836 585 2866 Michacle
601 2839 684 2868 Balbo
699 2840 861 2871 imperatore
877 2850 920 2869 an.
936 2842 1001 2869 (lbr.
1018 2842 1069 2870 8‘25
1090 2829 1302 2876 occupaverant,
1321 2829 1491 2876 Nicephorus
1509 2829 1629 2875 i‘hocas,
1646 2844 1710 2867 tunc
1723 2843 1799 2866 tem-
