1943 3072
140 145 190 182 969
507 147 706 180 ACROASES.
721 163 755 167 —
770 149 842 180 Νη).
864 150 995 180 mauult;
1016 151 1173 180 FOGGlNl
1197 150 1386 182 MONlTUM.
1707 152 1760 186 990

141 206 215 240 poris
233 205 361 239 tnag'stcr
387 209 414 231 ct
431 203 585 231 scholarum
609 203 782 230 orientalium
811 204 986 236 domesticus,
1007 205 1073 232 fusis
1104 205 1251 240 deletisque
1277 206 1414 239 Barbaris,
1433 206 1617 235 Romanorum
1636 210 1751 244 imperio

142 251 273 283 restituit,
299 251 419 277 Ποιιιςιιιο
434 249 729 283 Junioreimpcrntorc,
748 258 793 277 an.
809 251 874 278 Chr.
889 251 954 278 961.
975 251 1050 278 llauc
1077 253 1289 286 expeditionem,
1307 253 1420 280 Romani
1443 254 1617 289 imperatoris
1630 255 1722 289 jussu,
1743 265 1756 282 ει

138 297 293 332 Nicephoro
314 299 429 324 maxima
448 296 589 323 celeritate
603 296 718 324 feliciter
737 296 886 324 confectam
901 302 1046 332 sequentes
1067 298 1203 326 Acroases
1219 299 1339 333 quinque
1354 299 1493 327 celebrant
1506 305 1532 327 et
1543 305 1686 328 exornant.
1705 301 1758 328 Eas

139 343 221 370 edere
238 343 383 370 meditatus
394 348 435 369 cst
447 342 511 370 olim
528 341 681 374 Maltretus,
699 341 747 368 sed
760 341 875 375 printum
893 349 978 377 nuper
990 342 1073 369 cdidit
1087 341 1238 370 Flaminius
1253 344 1395 372 Cornelius
1409 346 1506 373 nobilis
1523 345 1641 374 Venetus
1662 347 1688 373 in
1703 354 1754 374 suo

138 391 170 418 de
187 391 264 418 Creta
281 399 358 418 sacra
375 390 570 418 commentario
588 394 654 419 tom.
668 390 690 422 Ι,
719 398 745 425 p.
761 390 824 418 269.
841 389 936 418 Nullus
957 390 1036 422 alius,
1054 391 1099 425 qui
1125 398 1171 418 eas
1192 391 1397 426 aontplectatur.
1423 392 1575 427 usquedum
1603 393 1752 421 inualescit

139 443 215 465 vetus
226 437 322 469 codex,
339 442 439 472 praeter
451 436 610 464 Vaticanum
625 440 745 464 notatum
767 444 843 464 num.
859 436 922 470 997,
938 436 1036 464 litteris
1053 444 1122 471 pene
1135 437 1191 472 jam
1211 437 1456 471 exsolescentibus,
1469 444 1494 466 et
1511 446 1526 465 a
1539 440 1644 466 notario
1655 440 1756 473 potius,

139 492 219 518 quam
234 492 250 511 a
271 483 382 512 librario
402 485 543 519 scriptum,
555 491 588 511 ev
604 491 660 518 quo
672 488 729 511 tum
747 483 898 516 Maltretus,
915 483 1007 511 Allatii
1022 491 1099 516 cura,
1127 489 1183 512 tum
1197 485 1341 513 Cornelius
1365 493 1504 521 accepere.
1533 487 1627 521 Itaque
1644 487 1752 514 easdem

146 535 289 556 recensere
304 537 335 556 ac
351 531 479 557 recudere
490 529 591 562 jussus,
607 530 658 557 boc
671 529 758 557 solum
778 534 907 564 pratstare
918 530 1007 563 potui,
1035 535 1064 556 ut
1080 531 1166 564 ipsum
1184 531 1304 558 codicem
1323 531 1482 559 Vaticanum
1513 532 1610 559 iterum
1625 533 1750 560 consule-

144 583 211 605 rem.
225 580 325 602 etcum
351 574 512 602 Corneliana
532 575 651 602 editioIte
675 575 839 608 conferrem,
863 583 943 608 quem
964 576 1084 603 laborem
1113 583 1165 602 non
1179 576 1236 602 sine
1253 576 1341 603 fructu
1361 579 1449 612 exegi,
1465 577 1516 605 etsi
1531 585 1631 613 anceps
1651 578 1754 613 haereo,

138 626 228 648 utrum
246 625 273 647 et
290 628 341 656 ego
356 622 424 655 ipse,
436 626 491 648 tum
507 620 541 647 ob
557 620 658 648 cadicis
673 621 748 654 vitia,
765 624 822 647 tum
846 620 881 647 ob
904 620 1069 656 singularem
1095 626 1181 655 poene
1199 622 1334 656 sequioris
1364 622 1413 649 aevi
1438 622 1550 657 stylum,
1569 623 1659 650 omnia
1686 623 1756 651 bene

138 672 280 694 assecutus
302 667 364 694 sim.
394 666 484 699 Quare
512 666 695 693 dubitationes
724 667 854 700 quasdam
885 673 958 693 meas
986 674 1018 693 ac
1048 667 1220 700 cctijecturas
1235 667 1261 693 in
1282 667 1412 701 subjectis
1437 668 1659 696 adnotationibus
1680 668 1751 695 imii-

137 713 216 745 cabo,
233 713 276 740 ubi
296 715 377 740 etiam
393 713 466 747 plura
483 720 646 747 prosequar,
661 720 720 746 qua:
738 720 835 739 seusns
850 712 970 740 auctoris
982 719 1014 740 ac
1027 720 1117 740 rerum
1134 713 1273 740 historiam
1290 713 1454 741 luculentius
1469 719 1616 748 exponant.

173 758 240 792 Quis
256 759 337 786 fuerit
349 757 517 786 Tlteothsius
532 759 672 790 diaconus,
684 759 729 792 qui
748 759 828 784 hasce
844 758 979 785 Acroases
994 758 1157 792 composuit,
1174 759 1320 786 obscurum
1339 759 1449 786 omnino
1461 765 1503 786 est
1522 769 1528 786 :
1544 760 1591 787 sed
1605 760 1756 788 nullatenus

137 806 264 833 dubitare
279 805 351 838 licet,
367 805 449 832 fittlse
471 812 531 831 eum
547 805 674 831 Ecclesiae
694 803 1003 839 Constantittnpolitanze
1017 803 1172 831 diaconum.
1192 804 1275 832 Porro
1290 812 1322 832 ex
1341 805 1453 839 epistola
1467 814 1520 840 qua
1541 807 1674 834 Aeroases
1690 815 1754 834 snas

137 849 291 887 Niccpltoro
305 852 423 883 dedicat,
439 852 517 886 plane
531 852 624 885 liquet,
641 851 763 878 emisisse
777 859 823 878 eas
840 851 865 877 in
883 851 969 878 lucem
986 855 1046 886 post
1059 855 1250 884 praematurum
1268 850 1381 877 Romani
1397 851 1569 886 imperatoris
1591 853 1705 884 obitum.
1720 862 1754 879 co

136 900 197 927 licet
211 900 320 928 vivente
331 900 507 934 compositas.
524 899 569 925 Sic
586 899 657 925 enim
670 897 839 926 Theodosius
853 898 900 925 Mc

985 906 1033 925 ‘um
1050 898 1213 932 alloquitur:
1235 898 1278 929 Ὠς
1293 899 1322 924 ὲν
1350 899 1489 934 προσώπῳ
1499 899 1571 931 ’γοῦν
1587 901 1603 934 ἡ
1619 901 1667 934 μὲν
1683 901 1752 936 ἀρχὴ

136 946 241 980 ἰᾱμῦων
253 946 328 973 δοκεῖ
343 945 411 980 πρὸς
422 944 467 971 τὸν
479 945 560 972 πάλαι
576 945 690 979 βασιλέα
702 945 789 980 ἡμῶν,
811 945 842 972 τὸ
858 945 886 972 δὲ
899 945 953 971 τῶν
968 945 1087 972 ἐπαίνων
1105 945 1249 979 κεφάλαιον
1268 946 1335 979 πρὸς
1356 946 1427 978 τίνα,
1455 948 1516 982 εἴσῃ
1536 947 1627 978 εὐθύς.
1644 946 1752 974 [ambo-

137 1000 195 1020 rum
207 995 294 1027 itaque
307 992 411 1019 initium
427 993 511 1026 prima
528 992 613 1025 [route
627 991 661 1017 ad
680 991 831 1025 defunctum
850 999 932 1025 nuper
952 992 1135 1023 imperatorem
1162 996 1281 1018 nostrum
1295 993 1424 1025 pertinere
1438 993 1540 1019 videtur
1557 1000 1566 1018 :
1591 1001 1677 1020 verum
1695 994 1757 1021 lau-

136 1041 199 1066 dum
216 1046 318 1066 summa
334 1038 368 1064 ad
383 1045 458 1072 quem
473 1037 639 1070 potissimum
652 1042 756 1070 spectet,
771 1038 860 1064 statim
874 1036 1014 1072 intelliges.
1029 1037 1164 1065 Prteterea
1179 1045 1211 1064 ex
1225 1038 1319 1064 eadem
1335 1038 1450 1072 cpistola
1476 1044 1569 1072 aperte
1584 1039 1754 1077 intelligitur,

134 1085 267 1113 obtulisse
278 1091 324 1111 eas
341 1082 506 1118 Nicephoro,
523 1087 666 1118 postquam
683 1083 727 1110 ille
739 1083 858 1110 victorim
877 1083 1000 1110 Cretensi
1016 1083 1158 1110 victoriam
1175 1083 1258 1110 etiam
1278 1084 1415 1111 addiderat
1441 1085 1474 1110 de
1489 1085 1620 1118 Agarenis
1634 1087 1753 1112 orienta-

135 1131 217 1163 libus,
238 1131 378 1165 metropoli
392 1137 485 1158 eorum
501 1129 619 1163 Chalcpc
631 1137 744 1157 eversa:
763 1129 846 1162 Δέξαι
856 1128 902 1156 οὖν

984 1131 1027 1162 tit,
1041 1131 1065 1156 εἰ
1080 1130 1127 1156 καὶ
1143 1129 1193 1165 τῆς
1207 1129 1284 1162 ἀξίας
1302 1131 1371 1156 εἰσὶν
1389 1130 1466 1156 ἐνδεᾶ
1495 1131 1635 1158 Θεοδοσίου
1661 1131 1751 1165 ψελλί-

135 1185 238 1212 σματα,
263 1176 310 1203 καὶ
326 1177 390 1212 περὶ
404 1178 452 1211 τῆς
466 1176 513 1203 τοῦ
531 1177 642 1203 Χαλέπε
656 1176 777 1211 χράφειν
803 1176 902 1211 Enispe

988 1177 1160 1212 αταστροφῆς
1185 1177 1231 1204 καὶ
1245 1177 1384 1208 ἁλώσεως.
1409 1178 1502 1212 Accipe
1527 1179 1619 1212 igitur,
1635 1178 1755 1213 indignus

134 1224 195 1249 licet
214 1223 354 1258 majestate
374 1228 430 1255 tua,
460 1222 598 1249 Theodosii
623 1230 718 1256 nugas,
736 1227 759 1249 et
778 1222 810 1249 de
824 1224 956 1249 eversione
974 1228 997 1249 et
1012 1224 1205 1258 expugnatione
1231 1223 1341 1256 (Πισιδιιὶ
1359 1224 1472 1251 scribere
1488 1224 1618 1257 permitte.
1638 1224 1677 1250 Ad
1698 1232 1757 1258 qua:

135 1271 217 1298 Vctba
234 1271 326 1298 mirari
339 1271 422 1304 subit,
443 1270 578 1305 quomodo
590 1269 733 1297 Cornelius
750 1270 928 1302 adnotarcrit,
944 1278 973 1297 se
993 1278 1105 1305 prorsus
1125 1270 1241 1300 nescire,
1255 1279 1303 1298 cnr
1324 1270 1492 1297 'l‘heodosius
1507 1271 1539 1297 de
1551 1270 1632 1298 Creta
1651 1279 1755 1297 sermo—

135 1325 195 1343 nem
212 1317 366 1347 institucns,
382 1316 492 1350 Cltalepi
509 1316 671 1343 mentionem
688 1315 842 1350 ingesserit.
853 1315 938 1344 Nemo
947 1317 1018 1343 enim
1031 1321 1151 1344 veterum
1164 1317 1401 1351 rcccntiortttntpte
1417 1317 1607 1344 historicorum
1625 1318 1755 1351 przcterit,

140 1363 321 1398 Nicephorum
335 1363 451 1390 Phocum
471 1363 593 1390 Creticos
604 1363 732 1398 primum,
750 1363 845 1390 deinde
862 1371 925 1391 vero
953 1363 1134 1398 Chalcpenses
1160 1364 1313 1392 Saracenos
1339 1365 1488 1399 subegisse.
1511 1364 1579 1391 Audi
1602 1364 1756 1392 Cedrenum

133 1408 203 1438 llisl.
220 1409 315 1443 Comp.
330 1418 356 1444 p.
371 1409 440 1437 645:
457 1409 615 1445 Νικηφόρος
629 1409 657 1435 δὲ
672 1409 686 1435 ό
702 1410 810 1439 Φωκᾶς.
841 1410 878 1440 ὼς
891 1409 1047 1445 ἔμπροσθεν
1064 1410 1183 1445 εἴρηται,
1202 1410 1382 1445 προσταχθεὶς
1399 1411 1432 1436 ὲκ
1460 1411 1572 1446 Κρήτης
1589 1411 1756 1444 ἐπανελθεῖν,

132 1456 163 1482 οὐ
182 1455 358 1490 συνεχωρήθη
371 1455 503 1482 εἰσελθεῖν
518 1457 556 1487 εἰς
571 1455 619 1490 τὴν
634 1455 840 1489 βασιλεύουσαν,
851 1455 945 1482 ἁλλ’ὲν
963 1458 995 1491 τῇ
1016 1455 1144 1491 Ἀνατολῇ
1158 1455 1289 1491 ἐκελεύθη
1307 1457 1507 1491 παραγενέσθαι
1519 1458 1588 1492 μετὰ
1598 1458 1696 1488 παντὸς
1707 1455 1756 1482 τοῦ

134 1502 251 1537 στρατοῦ
266 1510 272 1516 ·
285 1502 486 1537 ἀναλαμὸάνων
500 1501 554 1537 γὰρ
570 1502 666 1528 ἑαυτὸν
679 1503 710 1528 ἐκ
723 1502 772 1536 τῆς
785 1501 920 1536 προτέρας
931 1502 1015 1538 ἥττης
1029 1503 1043 1528 ὁ
1055 1502 1174 1534 Χαίδὰν,
1191 1502 1340 1538 ἀναφέρειν
1354 1501 1455 1537 ἤρξατο
1468 1503 1558 1534 πάλιν,
1577 1504 1622 1530 καὶ
1637 1502 1752 1538 στρατὸν

132 1549 282 1585 ἀξιόμαχον
309 1549 458 1584 ἠθροικὼς,
491 1549 671 1584 προσδόκιμος
701 1547 735 1584 ἦν
765 1549 942 1584 ἐπιθήσεσθαι
959 1551 1016 1580 τοῖς
1037 1549 1180 1583 Ῥωμαίων
1198 1549 1312 1584 ἄρχουσι
1334 1557 1364 1575 τε
1384 1549 1431 1576 καὶ
1448 1550 1608 1584 πράγμασιν
1625 1558 1631 1565 ·
1650 1550 1707 1577 ἀλλ’
1725 1550 1754 1576 ὲν

133 1597 219 1632 Συρίᾳ
235 1596 381 1632 γενόμενος
397 1596 411 1623 6
423 1597 519 1628 Φωκᾶς
535 1597 583 1622 καὶ
595 1596 707 1630 σταδαῖα
726 1595 799 1631 μάχῃ
812 1596 907 1622 τούτου
919 1596 1101 1631 τρεψάμενος,
1113 1596 1160 1622 καὶ
1172 1596 1243 1622 κατὰ
1258 1596 1358 1630 κράτος
1376 1596 1507 1631 ἡττήσας,
1521 1598 1569 1623 καὶ
1583 1598 1623 1629 εις
1635 1598 1669 1624 τὰ
1680 1596 1756 1624 ἐνδό-

131 1653 199 1680 τερα
214 1645 264 1679 τῆς
276 1644 375 1680 Συρίας
393 1644 533 1674 ἀπελάσας
548 1643 597 1678 τὴν
609 1643 686 1669 πόλιν
702 1642 833 1678 Βέρῥοιαν
851 1643 1018 1678 ἐξεπόρθησε
1033 1643 1094 1678 δίχα
1115 1643 1164 1676 τῆς
1180 1643 1366 1678 ἀκροπόλεως.
1387 1642 1550 1677 ΝἱεερΙιυι-ιιι
1580 1649 1669 1670 autent
1689 1643 1756 1674 l’lm_

132 1689 286 1723 car,Creta,
308 1691 347 1717 uti
361 1691 487 1722 diximus,
499 1691 590 1724 jussus
609 1689 729 1716 decedere
742 1690 779 1715 ita
798 1694 847 1721 est,
866 1695 893 1716 nt
911 1698 960 1716 itan
978 1690 1001 1716 ei
1016 1690 1102 1716 liceret
1117 1689 1379 1723 Constantinopolim
1395 1689 1520 1724 ingredi;
1537 1690 1582 1716 sed
1603 1690 1756 1717 mandatum

132 1741 181 1769 est,
197 1740 225 1763 ut
240 1745 298 1763 cum
314 1737 384 1763 omni
400 1738 516 1764 exercitu
531 1737 558 1762 in
569 1735 702 1764 Orientem
720 1737 856 1763 transiret.
875 1736 944 1762 Nam
958 1736 990 1762 ab
1007 1741 1114 1768 accepta
1130 1736 1204 1763 clade
1226 1744 1254 1763 re
1283 1736 1435 1770 recalligens
1454 1736 1612 1763 Chabdanus
1627 1737 1681 1768 iam
1699 1746 1755 1764 me

132 1784 245 1818 erigebat
259 1791 268 1810 :
285 1788 426 1818 canctoque
439 1784 474 1810 ad
486 1791 599 1818 pugnam
614 1783 708 1810 idoneo
719 1784 835 1810 exercitu
851 1782 985 1809 videbatur
1005 1782 1121 1816 jamjam
1135 1783 1161 1809 in
1183 1782 1314 1809 [tertianos
1329 1788 1460 1810 moturus.
1479 1782 1550 1809 Eunt
1581 1783 1696 1816 Phocus,
1728 1785 1757 1811 in

134 1829 238 1864 Syriam
252 1833 280 1855 ut
296 1829 374 1860 venit,
403 1830 495 1861 ιιι-ωηο
507 1830 637 1863 superavit
655 1837 686 1855 ac
702 1828 782 1862 fudit,
798 1834 821 1854 et
837 1829 863 1854 in
880 1828 986 1862 Syriam
1002 1828 1153 1854 interiorem
1176 1828 1299 1861 compulit
1313 1836 1323 1855 :
1346 1829 1434 1856 urbem
1460 1829 1623 1861 Berr/tazam,
1649 1836 1756 1864 excepta

133 1886 203 1903 ηιτε,
221 1877 376 1904 demutavit,
394 1877 468 1904 Idem
483 1881 594 1903 enarra],
607 1877 690 1904 etiam
704 1875 816 1903 Michael
834 1875 933 1910 Clycas
951 1874 977 1901 in
991 1874 1142 1902 Annalibus
1157 1883 1183 1910 p.
1202 1882 1238 1908 tv,
1258 1883 1284 1909 p.
1302 1875 1366 1908 504,
1383 1881 1409 1902 et
1426 1880 1539 1910 uterque
1555 1875 1624 1903 banc
1639 1876 1757 1904 aﬂ‘erunt

135 1930 245 1949 causam
261 1924 330 1950 adeo
344 1922 468 1949 sollicitae
476 1922 658 1955 expeditionis
673 1920 815 1955 Nicephori
829 1920 857 1947 in
869 1920 1021 1952 Orientem,
1037 1921 1109 1954 quod
1124 1919 1258 1955 Josephus
1269 1920 1378 1955 Bringa,
1395 1920 1439 1955 qui
1457 1928 1548 1947 rerum
1574 1928 1600 1947 tn
1620 1920 1680 1946 aula
1703 1927 1753 1954 po—

134 1969 262 2001 tiebatur,
278 1969 401 1996 Romano
414 1969 448 1996 ob
462 1969 555 1996 oculos
570 1968 668 1996 callide
681 1968 812 2002 posuerit,
831 1967 979 1994 invaluisse
997 1975 1145 2000 rumorem,
1177 1968 1308 1995 victorem
1334 1967 1422 1995 Creta:
1441 1967 1609 1995 evehernlutn
1639 1967 1697 1994 fore
1721 1969 1755 1995 ad

133 2013 287 2048 imperium.
303 2014 338 2040 At
349 2022 412 2042 vero
426 2013 564 2041 Cetlrenus
581 2017 609 2040 ct
635 2013 734 2048 Glycas
754 2021 768 2039 a
787 2012 876 2040 Leone
893 2012 1023 2045 Diacono,
1056 2013 1189 2047 scriptore
1207 2020 1308 2045 cozero,
1334 2013 1360 2039 in
1379 2013 1429 2039 hoc
1449 2013 1594 2040 diSst-ntire
1619 2013 1753 2045 videntur,

132 2062 204 2096 quod
223 2062 248 2089 hi
263 2060 415 2096 Nicephoro
434 2069 449 2088 e
461 2062 540 2088 Creta
553 2061 643 2088 reduci
657 2059 919 2094 Constantinopolim
932 2060 1026 2087 venire
1049 2068 1101 2087 non
1116 2067 1176 2087 esse
1188 2059 1360 2094 permissum,
1381 2059 1426 2086 sed
1448 2065 1523 2087 recta
1542 2060 1586 2085 via
1605 2060 1630 2086 in
1645 2059 1753 2094 Syriam

133 2108 174 2135 ire
189 2109 345 2134 mandatum
361 2108 494 2140 scribunt,
516 2107 560 2134 ille
578 2111 668 2134 autem
682 2112 775 2134 contra
790 2112 916 2139 testatur,
927 2106 1110 2140 Nicephorum
1125 2114 1140 2133 e
1159 2107 1239 2134 Creta
1255 2107 1412 2134 redeuntem
1430 2113 1482 2133 non
1498 2106 1579 2134 modo
1593 2107 1752 2134 C0nslanti-

133 2154 251 2189 nopolint
269 2155 386 2186 Venisse,
396 2154 441 2181 sed
456 2155 536 2180 etiam
549 2153 785 2187 Constantinopoli
803 2153 1000 2187 triumphasse.
1017 2157 1044 2179 et
1058 2152 1120 2179 hinc
1135 2156 1228 2186 postea
1247 2152 1272 2178 in
1303 2151 1411 2187 Syriam
1428 2151 1579 2186 profectum
1594 2160 1663 2179 esse.
1685 2152 1753 2179 Leo-

133 2207 194 2227 nem
211 2208 267 2228 rcm
282 2199 319 2227 ita
332 2208 474 2227 enarrasse
486 2204 653 2234 compertum
666 2205 707 2226 est
717 2207 748 2227 ex
768 2199 873 2227 Latinis
887 2199 1024 2234 excerptis
1039 2198 1159 2225 historiae
1172 2205 1283 2224 snorutn
1309 2202 1476 2232 temporum,
1503 2206 1584 2232 quam
1603 2200 1634 2225 ad
1648 2199 1752 2226 obitum

133 2252 220 2282 utique
232 2238 346 2274 Joannis
356 2246 499 2273 Tzimiscis
510 2246 655 2280 protraxit,
666 2252 681 2272 ο
693 2245 776 2279 Pagio
789 2245 923 2272 inCritica
936 2245 963 2272 in
978 2244 1076 2271 Annal.
1091 2243 1190 2271 Baron.
1206 2249 1272 2270 tom.
1289 2243 1333 2277 Ill,
1356 2252 1382 2278 p.
1401 2244 1464 2277 875,
1477 2249 1504 2271 et
1521 2250 1585 2272 tom.
1609 2245 1651 2277 IV,
1669 2253 1696 2279 p.
1724 2247 1753 2279 5.

133 2294 242 2327 relatis;
258 2295 377 2321 nondum
391 2294 462 2321 enim
478 2294 504 2320 in
521 2293 607 2321 lucem
620 2293 695 2320 edita
724 2298 767 2320 est
782 2293 885 2325 integra
903 2296 930 2320 et
944 2292 1040 2320 Graece
1064 2291 1163 2318 Leonis
1190 2290 1319 2323 llistoria,
1345 2291 1378 2318 ad
1411 2291 1514 2325 prelum
1542 2291 1605 2319 licet
1629 2297 1752 2326 paratam

133 2340 276 2375 reliquerit
291 2341 480 2368 Contbelisius.
498 2339 750 2372 Verumenimrero,
766 2340 792 2366 ni
821 2339 910 2371 fallor,
927 2338 1034 2366 facilem
1049 2338 1082 2365 ad
1103 2338 1255 2366 Cedrcnum
1269 2342 1297 2364 et
1309 2337 1422 2372 Glycam
1436 2345 1496 2365 cum
1512 2337 1603 2365 Leone
1630 2338 1752 2377 Diacon0

135 2386 162 2415 in
178 2388 230 2415 hoc
244 2396 352 2422 qucque
368 2387 553 2415 conciliandos
578 2387 666 2422 aperit
681 2387 752 2414 viam
766 2386 883 2423 Synteon
898 2386 1026 2422 Magister
1037 2389 1064 2414 et
1079 2386 1228 2421 Logotheta
1247 2387 1273 2413 in
1290 2386 1439 2414 Annalibus
1462 2386 1488 2414 in
1505 2386 1568 2419 line,
1588 2387 1633 2421 qui
1652 2387 1684 2414 de
1705 2386 1753 2412 Ni-

133 2435 242 2469 cv'phori
257 2436 392 2468 triumpho
407 2439 442 2463 ob
462 2436 595 2463 devictam
621 2436 728 2464 Cretam
759 2437 798 2464 sic
814 2437 898 2470 loquit

986 2436 1012 2462 Ὀ
1031 2435 1059 2462 δὲ
1078 2435 1216 2470 βασιλεὺς,
1239 2434 1334 2470 μαοὼν
1357 2434 1408 2470 τὴν
1429 2435 1478 2470 τῆς
1507 2435 1620 2470 Κρήτης
1641 2434 1753 2466 ἅλωσιν,

134 2479 241 2511 ἑδέξασε
255 2480 299 2506 τὸν
314 2481 380 2506 Θεόν
395 2489 402 2496 ⁸
421 2481 478 2515 μετ’
495 2481 526 2508 οὺ
545 2481 612 2508 πολὺ
629 2482 657 2508 δὲ
671 2483 719 2508 καὶ
731 2484 746 2508 ὁ
771 2482 932 2518 δομέστικος
949 2482 1004 2508 τῶν
1027 2481 1130 2517 σχολῶν
1155 2480 1311 2516 Νικηφόρος
1330 2480 1455 2507 κελεύσει
1479 2480 1527 2506 τοῦ
1541 2480 1672 2515 βασιλέως
1687 2480 1756 2514 πρὸς

137 2525 181 2559 ιὴν
201 2525 277 2551 πόλιν
293 2526 428 2559 εἰσῆλθεν,
445 2528 491 2553 καὶ
510 2527 578 2561 μετὰ
591 2528 644 2553 τῶν
658 2527 785 2563 λαφύρων
801 2528 848 2554 καὶ
862 2529 910 2562 τῆς
922 2528 1112 2563 αέχμαλωσίας
1125 2525 1189 2562 ἦλθε
1212 2528 1283 2562 πεζῇ
1301 2526 1354 2553 ἀπὸ
1365 2526 1411 2552 τοῦ
1427 2525 1502 2551 οἴκου
1517 2525 1600 2552 αὐτοῦ
1616 2527 1655 2557 εὶς
1668 2525 1697 2551 τὸ
1710 2525 1755 2551 ιπ-

136 2572 278 2606 κοδρόμιον
296 2572 353 2606 ἃμα
368 2571 406 2606 τῷ
422 2571 518 2608 ἀμηρᾷ
536 2574 646 2608 Κρήτης
670 2574 717 2600 τοῦ
737 2575 884 2608 λεγομένου
901 2575 1031 2609 Κουρότια
1048 2575 1096 2600 καὶ
1113 2574 1221 2600 πάντων
1241 2573 1294 2598 τῶν
1311 2571 1450 2606 συγγενῶν
1469 2571 1562 2603 αὐτοῦ,
1581 2571 1677 2602 στολὰς
1694 2572 1755 2597 λευ-

134 2618 183 2648 κὰς
197 2618 438 2652 περιῦεόλημένων
453 2619 561 2644 πάντων
577 2619 630 2644 τῶν
649 2620 830 2654 Σαρακηνῶν*
848 2621 894 2646 καὶ
904 2620 918 2645 ὁ
937 2619 986 2654 μὲν
1002 2620 1152 2654 μάγιστρος
1167 2619 1254 2653 τιμῶν
1262 2619 1308 2644 καὶ
1325 2618 1413 2653 γερῶν
1427 2618 1554 2652 μεγάλων
1565 2617 1667 2652 ἠξιώθη
1680 2617 1755 2651 παρὰ

138 2664 178 2690 τοῦ
192 2664 390 2698 αὐτοκράτορος
408 2672 414 2678 “
431 2665 445 2690 ὁ
457 2666 565 2698 ἀμηρᾶ»
584 2665 623 2696 δὲ,
641 2666 751 2691 πλεῖστα
763 2667 837 2700 δπῖορι
854 2666 901 2692 καὶ
917 2666 1016 2700 χρυσὸν
1032 2666 1079 2690 καὶ
1089 2665 1208 2699 ἄργυρον
1222 2664 1297 2699 παρὰ
1308 2664 1355 2690 τοῦ
1369 2663 1500 2698 βασιλέως
1515 2664 1616 2696 λαεὼν,
1635 2664 1683 2690 σὺν
1699 2665 1755 2695 τοῖς

133 2712 236 2742 τέκνοις
251 2711 333 2737 αὑτοῦ
350 2712 390 2742 εἰς
417 2712 504 2746 χωρία
520 2713 603 2738 οίκ;ῖν
621 2715 808 2748 συνεχωρήθη,
823 2714 861 2744 εὶς
877 2714 905 2738 δὲ
918 2714 966 2748 τὴν
981 2714 1132 2747 σύγκλητον
1158 2713 1208 2738 οὐκ
1228 2712 1405 2747 ἀνεϐιϐάσθη,
1432 2711 1476 2738 διὰ
1497 2712 1527 2738 τὸ
1545 2713 1582 2747 μὴ
1613 2712 1756 2747 βούλεσθαι

133 2760 232 2791 αὐτοὺς
251 2759 433 2795 βαπτισθῆναι
451 2768 456 2774 ·
470 2761 483 2785 ὁ
495 2760 522 2785 δὲ
541 2760 665 2794 βασιλεὺς
686 2761 825 2795 Ῥωμανὺς
839 2760 997 2796 Νικηφόρον
1012 2762 1056 2787 τὸν
1073 2761 1223 2795 μάγιστρον
1234 2759 1310 2791 αὖθις
1325 2759 1396 2785 κατὰ
1418 2758 1467 2794 τὴν
1481 2758 1550 2794 ἑῴαν
1567 2759 1756 2790 ἐξαπέστειλεν

134 2808 202 2833 κατὰ
223 2807 268 2833 ττιῦ
284 2806 412 2838 ἀλαζόνος
430 2807 544 2841 Χαμϐδᾶ
560 2815 566 2821 ·
586 2808 600 2832 ὁ
619 2807 646 2832 δὲ
662 2807 797 2838 amictu,
819 2809 926 2843 πρῶτον
938 2809 987 2843 μὲν
999 2810 1044 2834 τὴν
1059 2808 1166 2834 Χαλέπε
1180 2808 1295 2843 κάστρον
1310 2807 1456 2843 παρὲὅαλε,
1470 2807 1500 2839 ἐξ
1519 2804 1548 2832 οὗ
1565 2808 1611 2833 καὶ
1627 2806 1756 2840 λαφύρων

137 2854 222 2888 πολλὴ
239 2854 341 2887 γίνεται
359 2854 516 2889 συναγωγή.
534 2853 690 2888 Imperator,
709 2855 751 2880 ubi
768 2859 869 2890 captavit
888 2863 904 2882 ci

991 2860 1071 2881 totam
1098 2855 1227 2889 cognorit,
1251 2854 1302 2880 Deo
1318 2854 1409 2880 latntes
1443 2854 1593 2888 gratiasque
1620 2854 1752 2888 pcrsolut.
