1943 3072
168 125 221 157 991
782 122 990 155 TIIEODOSII
1013 125 1167 156 DlACONI
1740 125 1812 158 992

173 183 238 210 Tum
266 185 334 211 brevi
361 185 440 211 etiam
466 183 630 217 Nicephorus
659 183 808 209 srholumm
835 184 1003 214 domesticus,
1033 183 1200 218 imperatoris
1221 184 1313 219 jussu,
1340 185 1430 212 urbem
1454 185 1589 220 ingressus
1615 194 1674 212 cum
1706 187 1813 212 multis

171 231 262 263 spoliis
285 235 362 264 utque
384 229 492 263 captivis
514 236 530 255 α
552 228 607 255 suis
629 228 729 254 rudibus
759 230 794 254 ad
817 227 923 255 Circunt
950 228 1026 261 pedes
1053 229 1120 255 venit
1146 236 1198 255 una
1229 237 1288 256 cum
1321 229 1407 257 Creta:
1428 238 1528 262 amem,
1543 230 1647 265 Curope
1677 232 1809 265 nomine,

172 276 281 310 ejusque
309 275 460 310 propinquis
494 274 623 307 omnibus,
642 282 700 300 cum
725 273 851 301 Saraceni
874 281 962 300 omnes
994 274 1062 300 albis
1090 275 1203 301 restibus
1231 275 1318 302 int/uti
1348 282 1442 302 essent.
1464 269 1634 311 Ac‘quidem
1667 278 1813 310 magister

172 326 283 350 [tonores
303 331 446 357 magnaque
472 323 579 355 prtemia
603 321 769 356 imperatoris
782 321 939 347 liberalitate
965 327 1116 348 consecutus
1133 328 1194 354 est;
1221 330 1323 349 amera:
1352 331 1409 350 rem
1434 323 1512 350 donis
1528 324 1649 358 plurimis
1679 332 1813 358 auroque

172 376 250 402 atque
277 375 384 403 argento
413 369 444 396 ab
461 369 615 402 imperatore
633 367 758 397 donatus,
793 366 895 400 prmdia
926 366 982 392 ruri
1005 366 1089 397 colere
1112 371 1189 401 atque
1217 367 1338 393 habitare
1361 368 1502 400 permimu
1529 374 1567 396 est
1584 378 1593 396 :
1609 369 1678 404 quod
1708 377 1811 397 tamen

172 417 303 448 baptisma
341 415 442 441 initiari
478 414 571 444 noluit,
607 413 634 439 in
656 418 777 439 senatum
808 413 915 438 minime
944 416 1082 445 cooptatus
1110 417 1158 438 est.
1190 412 1275 439 Porro
1301 411 1437 439 Romanus
1467 414 1609 449 imperator
1637 417 1810 448 magistrutu

177 460 357 495 [lict-phorum
373 461 468 487 iterum
482 460 508 486 in
524 458 656 486 Orientem
667 458 749 488 misit.
763 464 790 484 ut
806 457 948 485 Cltnmbdaz
965 459 1144 491 arrogantium
1157 458 1298 492 frangeret.
1313 457 1489 493 Susceptaque
1501 461 1667 494 ezpeditione
1680 462 1810 495 primum

175 507 320 540 Clmlepum
333 507 422 533 urbem
437 507 564 532 munitam
578 506 655 538 cepit,
670 505 739 531 unde
753 506 833 531 etiam
847 504 990 537 spoliorum
1004 504 1053 530 uim
1069 512 1190 538 magnum
1205 504 1321 538 collegit.
1336 504 1454 532 Videsne
1465 507 1535 540 quod
1555 506 1683 541 triumphi
1711 513 1810 542 genus

175 553 347 588 Niceplmrus
359 561 374 581 e
391 554 472 580 Creta
489 553 571 579 redux
583 551 687 579 obivit?
701 552 723 578 Α
748 551 803 578 suis
820 551 919 578 a'dibns
947 558 1006 576 tum
1036 551 1125 577 multis
1139 551 1227 584 spoliis
1252 556 1275 578 et
1302 552 1410 585 captiuis
1427 552 1504 584 pedes
1536 553 1564 579 in
1588 552 1694 580 Circum
1713 556 1809 587 venit,

178 608 232 633 quo
249 600 351 626 scilicet
370 600 449 626 modo
467 603 579 625 Ovanlcs
599 597 793 632 procedebant,
815 605 867 623 non
885 596 1104 630 triumphantes;
1120 596 1155 622 ita
1172 601 1210 628 ut,
1227 596 1250 623 si
1273 597 1341 624 bene
1363 598 1444 624 vertit
1463 597 1581 625 Leonem
1602 599 1807 631 Combelisius,

178 655 245 674 usus
256 647 290 672 sit
303 645 357 671 Lco
368 653 434 672 voce
449 645 575 679 triumphi
597 644 651 670 lato
669 643 758 675 modo,
777 642 912 677 quomodo
929 641 1011 668 ctiam
1024 650 1038 668 a
1051 641 1155 668 Latinis
1173 650 1226 669 non
1246 642 1330 670 semel
1346 643 1445 670 factum
1459 651 1520 671 esse
1537 645 1673 672 novimus.
1688 645 1719 671 Et
1733 653 1811 678 pro—-

179 694 251 720 tecto
272 693 294 719 is
305 697 374 724 crat,
395 692 439 725 qui
451 691 486 718 ob
501 691 610 718 Cretam
623 694 729 722 captam
744 688 896 722 Nicophoro
908 688 1069 719 debebatur,
1090 688 1175 715 honos
1185 689 1331 715 secundum
1344 688 1526 716 Romanorum
1539 697 1652 722 morem,
1662 690 1724 725 quia
1741 691 1812 718 bcl-

177 740 233 766 lum
251 738 388 765 Creticum
402 737 534 764 indictum
549 744 599 762 non
616 735 714 766 fuerat,
733 740 761 762 et
776 735 838 768 quia
851 734 940 760 fuerat
959 734 1018 760 sine
1029 733 1161 767 sanguine
1176 734 1342 766 coniectum,
1365 735 1398 762 de
1422 736 1520 769 quibus
1541 736 1693 763 luculenter
1707 742 1811 765 certos

177 795 226 814 nos
240 786 321 812 faciet
333 784 514 811 Theodosius.
526 782 584 815 Qua
603 782 636 808 de
649 789 677 808 re
690 781 842 808 Ccdrcnum
860 784 886 807 et
899 780 1009 814 Glycam
1025 779 1060 806 ita
1083 787 1144 806 esse
1161 779 1379 815 interpretando‘s
1392 788 1501 812 censeo.
1528 786 1558 808 ut
1582 782 1699 808 dixerint
1715 789 1810 817 nega-

179 836 236 858 tum
255 826 503 863 fuisse'Nicephoro
514 836 528 855 e
539 828 617 854 Creta
629 827 719 854 reduci
735 825 996 859 Constantinopolim
1012 825 1116 856 venire,
1133 825 1239 854 scilicet
1249 826 1282 852 ad
1295 826 1531 860 commorandum,
1543 827 1606 862 quia
1628 827 1690 855 hinc
1705 829 1810 855 statim

175 879 270 914 jussus
285 883 326 906 est
345 879 370 904 in
387 877 494 912 Syriam
516 874 669 910 proﬁcisci;
683 879 709 901 et
723 881 769 901 eos
785 873 855 900 haud
874 873 1030 900 tueminissc
1053 872 1195 906 triumphi,
1215 880 1295 906 quem
1308 878 1372 900 tunc
1383 872 1566 908 Nicephorum
1590 875 1680 909 egisse
1705 881 1812 902 narrat.

179 926 234 953 Lco
250 923 466 958 Di:icouu§,quia
484 923 638 949 nullatenus
657 919 836 953 triumphans,
855 919 901 945 sed
925 917 1013 945 solum
1030 926 1116 946 ovans
1137 918 1162 944 iu
1179 918 1288 945 Circtnn
1309 920 1484 953 processerit.
1506 924 1533 946 et
1548 920 1720 948 solummodo
1739 927 1812 955 post.

175 972 374 1006 Clnlcpcuscm
387 970 526 997 victoriam
539 969 688 996 solemnem
703 967 871 1001 triumphum
884 967 980 1000 egerit,
995 974 1074 1000 quem
1089 965 1212 993 Cedrcno
1227 966 1313 993 visum
1328 968 1444 994 estsatis
1458 975 1684 1001 commemorare,
1697 977 1760 996 cum
1776 969 1810 997 in

177 1026 211 1046 eo
223 1024 320 1052 praeter
335 1015 523 1043 Bcrrbwensia
539 1014 623 1048 spolia
639 1013 722 1040 etiam
744 1012 849 1040 Cretica
863 1013 1052 1039 ostentaverit.

215 1065 326 1097 \‘erum,
342 1067 403 1091 utut
416 1063 477 1098 quis
504 1062 577 1089 malit
597 1062 647 1089 hoc
662 1061 819 1095 contigisse.
838 1064 943 1086 certum
960 1067 1011 1093 est,
1027 1059 1100 1095 quod
1117 1058 1285 1094 Nicephorus
1302 1065 1362 1096 post
1377 1061 1518 1090 victoriam
1531 1063 1667 1091 Creticam
1693 1063 1721 1090 in
1749 1064 1812 1098 Sy-

177 1111 248 1139 riam
266 1111 403 1146 proiectus
417 1113 469 1143 est,
485 1117 516 1136 ac
532 1116 600 1136 nova
618 1109 651 1136 de
667 1107 827 1142 Chalepensi
840 1107 947 1135 sultano
960 1113 1097 1144 reportata
1115 1107 1227 1134 victoria
1245 1115 1278 1135 eo
1308 1109 1392 1144 magis
1421 1110 1567 1144 inclaruit;
1589 1115 1616 1139 et
1641 1111 1714 1145 quod
1739 1120 1809 1139 curn

180 1159 291 1186 ἱιιιθτὶπη
310 1158 462 1189 Rullianus,
479 1157 577 1185 ﬂorens
605 1157 667 1184 licet
683 1161 773 1189 a-tate,
789 1155 973 1190 voluptatibus
994 1155 1097 1183 fractus
1126 1156 1169 1182 die
1188 1156 1221 1183 l5
1246 1155 1334 1183 Martii
1362 1156 1510 1186 indictione
1540 1164 1617 1186 sexta
1642 1159 1769 1193 ohiissel,
1793 1168 1811 1188 a

179 1206 384 1242 'l‘hcophanone
399 1206 516 1234 Romani
532 1212 616 1232 uxore
633 1205 748 1232 ﬁliorum
767 1205 876 1231 nomine
906 1204 1058 1239 imperante
1080 1204 1227 1231 accersitus
1253 1208 1295 1231 est
1318 1204 1595 1240 Constantinopolim,
1619 1206 1665 1234 ubi
1687 1207 1811 1234 solemni

181 1262 278 1289 pompa
291 1255 325 1282 dc
338 1254 483 1282 Saracenis
498 1258 552 1280 tum
567 1253 693 1284 Creticis,
708 1257 762 1279 tum
788 1252 1003 1286 Chalcpensihus
1027 1253 1214 1287 triumphavit.
1235 1252 1383 1288 Ἀπριλλίῳ
1400 1253 1429 1280 δὲ
1448 1255 1524 1289 μηνὶ,
1558 1255 1645 1289 inquit
1661 1255 1812 1283 Cedrenus

179 1301 260 1332 ibirl.,
277 1300 327 1334 τῆς
343 1299 429 1334 αὐτῆς
447 1302 474 1331 ς’
493 1297 666 1329 ἰνδικτιῶνος,
686 1297 798 1324 εἴσεισιν
813 1297 827 1323 ὁ
841 1297 939 1329 Φωκεῖς
955 1297 1112 1332 Νικηφόρος
1128 1299 1160 1332 τῇ
1176 1298 1226 1332 τῆς
1251 1298 1400 1333 Δεσποίνης
1414 1298 1538 1325 κελεύσει
1553 1299 1611 1335 (τοῦ
1640 1299 1738 1335 Ἰωσὴφ
1752 1310 1814 1328 κει-

180 1346 269 1379 θάπερ
285 1345 332 1371 καὶ
346 1345 430 1371 πάλαι
446 1342 606 1378 κωλύοντος)
621 1344 649 1370 ὲν
661 1343 947 1370 Κωνσταντινουπόλει
961 1351 968 1358 ”
985 1343 1031 1369 καὶ
1043 1343 1098 1370 ἀπὸ
1109 1343 1164 1369 τῶν
1178 1344 1211 1369 ἐκ
1224 1343 1275 1378 τῆς
1284 1344 1395 1379 Κρήτης
1406 1344 1536 1380 λαφύρων
1547 1346 1593 1372 καὶ
1606 1345 1656 1381 τῆς
1670 1345 1814 1382 Βερῤοίας

161 1403 167 1413 ι
179 1392 382 1428 ἑθριὰμὸευσεν
400 1393 429 1418 ὲν
444 1391 482 1427 τῷ
496 1391 668 1426 ἱπποδρόμῳ.
688 1390 786 1417 Eadem
799 1395 873 1418 sexta
892 1391 928 1417 im

1050 1399 1146 1419 .ntense
1159 1391 1255 1425 Aprili,
1267 1391 1344 1426 jussu
1360 1391 1486 1428 Augusta:
1514 1391 1681 1428 Nicephorus
1698 1394 1811 1421 Phocus

182 1442 439 1477 Constantinopolim
450 1443 531 1474 venit,
548 1439 674 1472 Jotepho,
693 1445 720 1466 ut
733 1445 802 1472 ante,
818 1447 848 1465 ne
862 1439 910 1466 hoc
925 1439 999 1471 ﬁeret
1017 1439 1146 1467 obstante.
1167 1439 1247 1466 Duxit
1273 1441 1435 1475 triumphum
1452 1440 1479 1466 in
1496 1439 1584 1473 Circo,
1603 1441 1717 1476 inferens
1729 1442 1757 1469 in
1775 1451 1813 1469 σο

183 1489 318 1516 Cretemiu
332 1492 355 1514 et
371 1487 550 1514 Berrhmensia
567 1485 661 1519 spolia.
679 1484 808 1512 Eamdcm
822 1491 877 1510 rem
896 1484 991 1511 iisdem
1006 1484 1062 1512 fere
1079 1485 1169 1512 Verbis
1185 1486 1221 1512 ita
1236 1490 1327 1513 narrat
1341 1485 1461 1513 Joannes
1476 1485 1653 1521 Curopalates
1671 1487 1697 1514 in
1710 1487 1812 1515 Histo—

185 1536 230 1561 ria:
246 1534 408 1568 coinpcndio
418 1541 445 1568 p.
465 1533 499 1560 66
516 1541 522 1560 :
541 1533 628 1567 Aprili
647 1525 739 1558 Vautem
757 1540 856 1565 mense,
868 1533 957 1559 eadem
969 1537 1042 1559 sexta
1062 1533 1216 1565 indictione,
1233 1533 1336 1559 Phocus
1346 1532 1424 1567 jussu
1456 1534 1554 1569 regina:
1570 1535 1716 1569 ingreditur
1731 1535 1812 1564 Con-

182 1579 394 1614 stantinopolim,
406 1579 519 1614 Josepho
532 1579 649 1611 omnino,
668 1583 693 1605 ut
709 1578 819 1612 pridem,
835 1579 1001 1612 prohibente,
1017 1583 1040 1605 et
1053 1579 1085 1606 de
1096 1579 1179 1613 captis
1193 1579 1285 1613 spoliis
1298 1584 1321 1606 σι
1335 1578 1458 1606 ΒεΠΙιωα
1475 1580 1646 1614 triumphavit
1662 1581 1690 1608 in
1705 1580 1813 1616 Hippo-

181 1627 285 1652 dromo.
300 1625 426 1651 Attamen
443 1631 529 1658 neque
542 1628 605 1650 tunc
630 1624 769 1651 immorari
781 1624 824 1650 diu
840 1624 929 1659 potuit
951 1623 1121 1660 Nicephorus
1138 1624 1372 1660 Constantinopoli
1388 1633 1395 1652 :
1420 1627 1592 1661 comperiens
1618 1627 1689 1655 enim
1713 1629 1811 1663 parari

183 1673 234 1701 sibi
251 1674 348 1700 iterum
367 1672 478 1699 insidias
491 1679 506 1698 a
525 1671 643 1706 Josepho
659 1670 767 1706 Bringa,
781 1676 886 1699 mature
901 1672 927 1699 in
945 1672 1144 1707 Cappadociam
1168 1673 1291 1706 secessit,
1312 1672 1357 1700 ubi
1376 1674 1410 1701 ab
1427 1674 1550 1701 exercitu
1565 1674 1756 1709 imperatorem
1776 1683 1813 1702 se

183 1718 313 1754 appellari
329 1718 373 1745 die
383 1717 400 1744 2
416 1716 480 1744 Julii
495 1724 591 1752 passus
604 1722 656 1750 est,
673 1722 700 1744 et
715 1717 776 1745 inde
790 1717 1052 1753 Constantinopolim
1074 1720 1173 1753 rediit,
1183 1724 1384 1754 coronatusqne
1395 1725 1437 1747 est
1454 1727 1469 1747 a
1485 1720 1630 1755 Polyeucto
1647 1722 1811 1755 patriarcha

182 1766 228 1792 die
241 1765 275 1792 15
290 1764 413 1799 Augusti.
433 1762 495 1790 Haac
509 1767 549 1791 est
560 1770 649 1790 rerum
677 1763 774 1796 series,
794 1768 821 1791 et
836 1764 898 1791 hinc
912 1763 994 1790 facile
1016 1764 1128 1800 intelligi
1145 1769 1232 1801 potest
1244 1773 1298 1800 quo
1310 1765 1481 1800 potissimum
1496 1770 1618 1800 tempore
1636 1766 1812 1795 Theodosius

183 1813 318 1840 Acroases
331 1820 394 1840 suas
409 1811 560 1846 Nicephoro
573 1810 711 1838 obtulerit.
729 1810 798 1838 Cum
821 1811 894 1838 enim
920 1810 1049 1839 obtulerit
1066 1813 1122 1848 jam
1147 1817 1253 1841 mortuo
1271 1812 1405 1846 Romano,
1430 1817 1457 1839 et
1480 1812 1601 1848 Chalepe
1615 1813 1682 1841 urbe
1697 1820 1810 1846 eversa,

181 1860 230 1887 scd
249 1864 392 1894 antequam
406 1859 577 1894 Nicephorus
590 1859 622 1886 ad
633 1859 778 1893 imperium
787 1863 897 1887 evectus
909 1859 991 1891 foret,
1007 1864 1093 1886 restat
1103 1859 1234 1888 obtulisse
1247 1860 1409 1887 intermedio
1423 1864 1542 1895 quatuor
1557 1861 1691 1888 mensium
1704 1863 1810 1896 spatio,

183 1908 230 1944 qui
249 1908 463 1936 intercesserunt
475 1916 490 1935 a
506 1909 549 1936 die
565 1908 598 1936 15
616 1907 704 1936 Martii
725 1908 758 1935 ad
775 1908 846 1936 diem
859 1908 877 1935 ‘2
888 1907 965 1943 Julii,
979 1913 1060 1944 atque
1078 1908 1157 1942 adeo,
1171 1913 1201 1935 ut
1217 1908 1346 1941 arbitror,
1356 1915 1447 1936 mense
1461 1907 1558 1943 Aprili,
1568 1916 1622 1943 quo
1634 1908 1809 1944 Nicephorus

182 1954 418 1990 Constantinopoli
437 1962 454 1983 θ
469 1953 548 1990 Syria
563 1954 648 1982 redux
665 1954 852 1990 triumphavit.
