  <div class='ocr_page' id='page_1' title='image "/cluster/home/n/w/nwhite01/storage/ocr_20150623/113/njp.32101077772968/588.png"; bbox 0 0 1911 3071; ppageno 0'>
   <div class='ocr_carea' id='block_1_1' title="bbox 122 143 190 175">
    <p class='ocr_par' dir='ltr' id='par_1_1' title="bbox 122 143 190 175">
     <span class='ocr_line' id='line_1_1' title="bbox 122 143 190 175; baseline 0 0"><span class='ocrx_word' id='word_1_1' title='bbox 122 143 190 175; x_wconf 83' lang='grc'><strong>1061</strong></span> 
     </span>
    </p>
   </div>
   <div class='ocr_carea' id='block_1_2' title="bbox 453 141 1397 173">
    <p class='ocr_par' dir='ltr' id='par_1_2' title="bbox 453 141 1397 173">
     <span class='ocr_line' id='line_1_2' title="bbox 453 141 1397 173; baseline -0.002 0"><span class='ocrx_word' id='word_1_2' title='bbox 453 143 527 173; x_wconf 83' lang='lat' dir='ltr'><strong>PRO</strong></span> <span class='ocrx_word' id='word_1_3' title='bbox 546 143 791 173; x_wconf 75' lang='lat' dir='ltr'><strong>MONASTERIO</strong></span> <span class='ocrx_word' id='word_1_4' title='bbox 812 142 1059 172; x_wconf 76' lang='lat' dir='ltr'><strong>XEROPOTAMI</strong></span> <span class='ocrx_word' id='word_1_5' title='bbox 1082 142 1121 172; x_wconf 81' lang='lat' dir='ltr'><strong>1N</strong></span> <span class='ocrx_word' id='word_1_6' title='bbox 1144 141 1272 172; x_wconf 72' lang='lat' dir='ltr'><strong>MONTE</strong></span> <span class='ocrx_word' id='word_1_7' title='bbox 1289 142 1397 171; x_wconf 81' lang='grc' dir='ltr'><strong>ΛΤΠΟ.</strong></span> 
     </span>
    </p>
   </div>
   <div class='ocr_carea' id='block_1_3' title="bbox 1674 127 1748 175">
    <p class='ocr_par' dir='ltr' id='par_1_3' title="bbox 1674 127 1748 175">
     <span class='ocr_line' id='line_1_3' title="bbox 1674 127 1748 175; baseline -0.054 1"><span class='ocrx_word' id='word_1_8' title='bbox 1674 127 1748 175; x_wconf 67' lang='lat' dir='ltr'><strong>ioca</strong></span> 
     </span>
    </p>
   </div>
   <div class='ocr_carea' id='block_1_4' title="bbox 119 196 910 232">
    <p class='ocr_par' dir='ltr' id='par_1_4' title="bbox 119 196 906 232">
     <span class='ocr_line' id='line_1_4' title="bbox 119 196 906 232; baseline 0 -8"><span class='ocrx_word' id='word_1_9' title='bbox 119 198 187 232; x_wconf 75' lang='lat' dir='ltr'><strong>6p_iv</strong></span> <span class='ocrx_word' id='word_1_10' title='bbox 206 197 236 223; x_wconf 79' lang='grc' dir='ltr'><strong>ού</strong></span> <span class='ocrx_word' id='word_1_11' title='bbox 253 196 334 232; x_wconf 72' lang='grc' dir='ltr'>μόνον</span> <span class='ocrx_word' id='word_1_12' title='bbox 349 197 428 228; x_wconf 73' lang='grc' dir='ltr'>αὐτὰ,</span> <span class='ocrx_word' id='word_1_13' title='bbox 447 197 504 224; x_wconf 80' lang='grc' dir='ltr'>ἀλλ’</span> <span class='ocrx_word' id='word_1_14' title='bbox 520 197 573 223; x_wconf 79' lang='grc' dir='ltr'>οὐδ’</span> <span class='ocrx_word' id='word_1_15' title='bbox 587 197 738 232; x_wconf 71' lang='grc' dir='ltr'>ἀποστῆναι</span> <span class='ocrx_word' id='word_1_16' title='bbox 752 198 800 232; x_wconf 79' lang='grc' dir='ltr'>τῆς</span> <span class='ocrx_word' id='word_1_17' title='bbox 817 197 906 232; x_wconf 73' lang='grc' dir='ltr'>αμαρ-</span> 
     </span>
    </p>
   </div>
   <div class='ocr_carea' id='block_1_5' title="bbox 962 196 1747 232">
    <p class='ocr_par' dir='ltr' id='par_1_5' title="bbox 964 197 1747 232">
     <span class='ocr_line' id='line_1_5' title="bbox 964 197 1747 232; baseline 0.006 -9"><span class='ocrx_word' id='word_1_18' title='bbox 964 204 1077 232; x_wconf 82' lang='lat' dir='ltr'><strong>surgete</strong></span> <span class='ocrx_word' id='word_1_19' title='bbox 1092 205 1142 223; x_wconf 90' lang='lat' dir='ltr'><strong>non</strong></span> <span class='ocrx_word' id='word_1_20' title='bbox 1157 202 1271 231; x_wconf 84' lang='lat' dir='ltr'><strong>poterat.</strong></span> <span class='ocrx_word' id='word_1_21' title='bbox 1286 197 1347 223; x_wconf 81' lang='lat' dir='ltr'><strong>ldco</strong></span> <span class='ocrx_word' id='word_1_22' title='bbox 1365 197 1410 231; x_wconf 86' lang='lat' dir='ltr'><strong>qui</strong></span> <span class='ocrx_word' id='word_1_23' title='bbox 1425 197 1457 223; x_wconf 87' lang='lat' dir='ltr'><strong>ab</strong></span> <span class='ocrx_word' id='word_1_24' title='bbox 1473 197 1548 224; x_wconf 86' lang='lat' dir='ltr'><strong>initio</strong></span> <span class='ocrx_word' id='word_1_25' title='bbox 1561 198 1634 225; x_wconf 90' lang='lat' dir='ltr'><strong>illttm</strong></span> <span class='ocrx_word' id='word_1_26' title='bbox 1645 203 1747 228; x_wconf 81' lang='lat' dir='ltr'><strong>creatit</strong></span> 
     </span>
    </p>
   </div>
   <div class='ocr_carea' id='block_1_6' title="bbox 119 243 909 281">
    <p class='ocr_par' dir='ltr' id='par_1_6' title="bbox 119 243 909 281">
     <span class='ocr_line' id='line_1_6' title="bbox 119 243 909 281; baseline 0.001 -12"><span class='ocrx_word' id='word_1_27' title='bbox 119 244 183 274; x_wconf 82' lang='grc' dir='ltr'>τίας</span> <span class='ocrx_word' id='word_1_28' title='bbox 196 243 321 274; x_wconf 69' lang='grc' dir='ltr'>ἠδύνατο.</span> <span class='ocrx_word' id='word_1_29' title='bbox 338 243 378 270; x_wconf 81' lang='grc' dir='ltr'><strong>Δι’</strong></span> <span class='ocrx_word' id='word_1_30' title='bbox 393 244 461 278; x_wconf 84' lang='grc' dir='ltr'>ὅπερ</span> <span class='ocrx_word' id='word_1_31' title='bbox 481 245 495 270; x_wconf 84' lang='grc' dir='ltr'><strong>ό</strong></span> <span class='ocrx_word' id='word_1_32' title='bbox 517 243 577 270; x_wconf 82' lang='grc' dir='ltr'>κατ’</span> <span class='ocrx_word' id='word_1_33' title='bbox 595 243 682 278; x_wconf 81' lang='grc' dir='ltr'>ἀρχὰς</span> <span class='ocrx_word' id='word_1_34' title='bbox 705 244 787 270; x_wconf 77' lang='grc' dir='ltr'>αὑτὸν</span> <span class='ocrx_word' id='word_1_35' title='bbox 802 244 909 281; x_wconf 76' lang='grc' dir='ltr'>πλάσας</span> 
     </span>
    </p>
   </div>
   <div class='ocr_carea' id='block_1_7' title="bbox 119 289 910 326">
    <p class='ocr_par' dir='ltr' id='par_1_7' title="bbox 119 289 910 326">
     <span class='ocr_line' id='line_1_7' title="bbox 119 289 910 326; baseline -0.001 -9"><span class='ocrx_word' id='word_1_36' title='bbox 119 290 188 321; x_wconf 72' lang='grc' dir='ltr'>θεὸς</span> <span class='ocrx_word' id='word_1_37' title='bbox 206 289 421 325; x_wconf 80' lang='grc' dir='ltr'>τρισυπόστατος</span> <span class='ocrx_word' id='word_1_38' title='bbox 436 289 518 316; x_wconf 77' lang='grc' dir='ltr'>πάλιν</span> <span class='ocrx_word' id='word_1_39' title='bbox 541 289 624 315; x_wconf 82' lang='grc' dir='ltr'>αὑτοῦ</span> <span class='ocrx_word' id='word_1_40' title='bbox 653 290 681 321; x_wconf 77' lang='grc' dir='ltr'>ὲς</span> <span class='ocrx_word' id='word_1_41' title='bbox 697 289 811 326; x_wconf 82' lang='grc' dir='ltr'>ὓστερον</span> <span class='ocrx_word' id='word_1_42' title='bbox 825 290 910 325; x_wconf 71' lang='grc' dir='ltr'>ἐμνη-</span> 
     </span>
    </p>
   </div>
   <div class='ocr_carea' id='block_1_8' title="bbox 122 334 910 371">
    <p class='ocr_par' dir='ltr' id='par_1_8' title="bbox 122 334 910 371">
     <span class='ocr_line' id='line_1_8' title="bbox 122 334 910 371; baseline 0 -9"><span class='ocrx_word' id='word_1_43' title='bbox 122 336 238 370; x_wconf 83' lang='grc' dir='ltr'>μόνευσε</span> <span class='ocrx_word' id='word_1_44' title='bbox 257 335 305 361; x_wconf 76' lang='grc' dir='ltr'><strong>καὶ</strong></span> <span class='ocrx_word' id='word_1_45' title='bbox 322 334 462 362; x_wconf 84' lang='grc' dir='ltr'>κατελθὼν</span> <span class='ocrx_word' id='word_1_46' title='bbox 484 335 566 368; x_wconf 76' lang='grc' dir='ltr'>αὐτὸς</span> <span class='ocrx_word' id='word_1_47' title='bbox 578 337 593 363; x_wconf 80' lang='grc' dir='ltr'>ὁ</span> <span class='ocrx_word' id='word_1_48' title='bbox 611 335 659 363; x_wconf 82' lang='grc' dir='ltr'>τοῦ</span> <span class='ocrx_word' id='word_1_49' title='bbox 675 336 743 362; x_wconf 82' lang='grc' dir='ltr'><strong>Θεοῦ</strong></span> <span class='ocrx_word' id='word_1_50' title='bbox 762 336 910 371; x_wconf 84' lang='grc' dir='ltr'>μονογενὴς</span> 
     </span>
    </p>
   </div>
   <div class='ocr_carea' id='block_1_9' title="bbox 121 380 910 416">
    <p class='ocr_par' dir='ltr' id='par_1_9' title="bbox 121 380 910 416">
     <span class='ocr_line' id='line_1_9' title="bbox 121 380 910 416; baseline 0 -9"><span class='ocrx_word' id='word_1_51' title='bbox 121 381 188 412; x_wconf 72' lang='grc' dir='ltr'>Υἱὸς</span> <span class='ocrx_word' id='word_1_52' title='bbox 204 380 298 407; x_wconf 76' lang='grc' dir='ltr'>ἐκτῶν</span> <span class='ocrx_word' id='word_1_53' title='bbox 323 381 463 415; x_wconf 76' lang='grc' dir='ltr'><strong>πατρικῶν</strong></span> <span class='ocrx_word' id='word_1_54' title='bbox 487 381 702 416; x_wconf 80' lang='grc' dir='ltr'>ἀπεριγράπτων</span> <span class='ocrx_word' id='word_1_55' title='bbox 719 381 827 408; x_wconf 79' lang='grc' dir='ltr'>κόλπων</span> <span class='ocrx_word' id='word_1_56' title='bbox 841 381 910 416; x_wconf 82' lang='grc' dir='ltr'>ὑπὲρ</span> 
     </span>
    </p>
   </div>
   <div class='ocr_carea' id='block_1_10' title="bbox 120 424 909 462">
    <p class='ocr_par' dir='ltr' id='par_1_10' title="bbox 120 424 909 462">
     <span class='ocr_line' id='line_1_10' title="bbox 120 424 909 462; baseline 0.001 -10"><span class='ocrx_word' id='word_1_57' title='bbox 120 426 273 461; x_wconf 77' lang='grc' dir='ltr'>ἀνθρώπων</span> <span class='ocrx_word' id='word_1_58' title='bbox 289 426 432 461; x_wconf 74' lang='grc' dir='ltr'>ἅνθρωπος</span> <span class='ocrx_word' id='word_1_59' title='bbox 442 426 557 460; x_wconf 83' lang='grc' dir='ltr'>γίνεται.</span> <span class='ocrx_word' id='word_1_60' title='bbox 573 424 609 462; x_wconf 71' lang='grc' dir='ltr'><strong>⁷ῼ</strong></span> <span class='ocrx_word' id='word_1_61' title='bbox 617 427 665 454; x_wconf 82' lang='grc' dir='ltr'>καὶ</span> <span class='ocrx_word' id='word_1_62' title='bbox 679 427 760 454; x_wconf 75' lang='grc' dir='ltr'>παντὶ</span> <span class='ocrx_word' id='word_1_63' title='bbox 778 426 817 462; x_wconf 85' lang='grc' dir='ltr'><strong>τῷ</strong></span> <span class='ocrx_word' id='word_1_64' title='bbox 832 427 909 453; x_wconf 84' lang='grc' dir='ltr'>εὐσε-</span> 
     </span>
    </p>
   </div>
   <div class='ocr_carea' id='block_1_11' title="bbox 122 471 911 508">
    <p class='ocr_par' dir='ltr' id='par_1_11' title="bbox 122 471 911 508">
     <span class='ocr_line' id='line_1_11' title="bbox 122 471 911 508; baseline 0.004 -12"><span class='ocrx_word' id='word_1_65' title='bbox 122 471 216 497; x_wconf 81' lang='grc' dir='ltr'>ϐοῦντι</span> <span class='ocrx_word' id='word_1_66' title='bbox 241 471 322 506; x_wconf 82' lang='grc' dir='ltr'>χρέος</span> <span class='ocrx_word' id='word_1_67' title='bbox 348 471 422 499; x_wconf 71' lang='grc' dir='ltr'>ἐστὶν</span> <span class='ocrx_word' id='word_1_68' title='bbox 449 472 638 508; x_wconf 78' lang='grc' dir='ltr'>ἀπαραίτητον</span> <span class='ocrx_word' id='word_1_69' title='bbox 652 472 701 508; x_wconf 86' lang='grc' dir='ltr'>τὴν</span> <span class='ocrx_word' id='word_1_70' title='bbox 731 473 911 508; x_wconf 81' lang='grc' dir='ltr'>λατρευτικὴν</span> 
     </span>
    </p>
   </div>
   <div class='ocr_carea' id='block_1_12' title="bbox 121 515 909 553">
    <p class='ocr_par' dir='ltr' id='par_1_12' title="bbox 121 515 909 553">
     <span class='ocr_line' id='line_1_12' title="bbox 121 515 909 553; baseline 0.004 -12"><span class='ocrx_word' id='word_1_71' title='bbox 121 515 272 550; x_wconf 78' lang='grc' dir='ltr'><strong>ἀπονέμειν</strong></span> <span class='ocrx_word' id='word_1_72' title='bbox 300 515 488 552; x_wconf 79' lang='grc' dir='ltr'><strong>προσκύνησιν</strong></span> <span class='ocrx_word' id='word_1_73' title='bbox 515 517 561 544; x_wconf 85' lang='grc' dir='ltr'>καὶ</span> <span class='ocrx_word' id='word_1_74' title='bbox 574 517 718 550; x_wconf 79' lang='grc' dir='ltr'><strong>παντοίαις</strong></span> <span class='ocrx_word' id='word_1_75' title='bbox 744 518 909 553; x_wconf 75' lang='grc' dir='ltr'>ἀμείϐεσθαι</span> 
     </span>
    </p>
   </div>
   <div class='ocr_carea' id='block_1_13' title="bbox 121 559 909 598">
    <p class='ocr_par' dir='ltr' id='par_1_13' title="bbox 121 559 909 598">
     <span class='ocr_line' id='line_1_13' title="bbox 121 559 909 598; baseline 0.006 -13"><span class='ocrx_word' id='word_1_76' title='bbox 121 559 239 594; x_wconf 79' lang='grc' dir='ltr'><strong>δωρεαῖς</strong></span> <span class='ocrx_word' id='word_1_77' title='bbox 254 560 326 587; x_wconf 84' lang='grc' dir='ltr'>κατὰ</span> <span class='ocrx_word' id='word_1_78' title='bbox 338 561 453 596; x_wconf 84' lang='grc' dir='ltr'>δύναμιν</span> <span class='ocrx_word' id='word_1_79' title='bbox 467 562 581 597; x_wconf 83' lang='grc' dir='ltr'>στόματι</span> <span class='ocrx_word' id='word_1_80' title='bbox 593 564 640 590; x_wconf 74' lang='grc' dir='ltr'>καὶ</span> <span class='ocrx_word' id='word_1_81' title='bbox 647 563 719 598; x_wconf 78' lang='grc' dir='ltr'>ψυχῇ</span> <span class='ocrx_word' id='word_1_82' title='bbox 732 563 779 590; x_wconf 86' lang='grc' dir='ltr'>καὶ</span> <span class='ocrx_word' id='word_1_83' title='bbox 795 563 893 598; x_wconf 78' lang='grc' dir='ltr'><strong>καρδίᾳ</strong></span> <span class='ocrx_word' id='word_1_84' title='bbox 902 570 909 578; x_wconf 91' lang='grc'><strong>·</strong></span> 
     </span>
    </p>
   </div>
   <div class='ocr_carea' id='block_1_14' title="bbox 123 605 909 644">
    <p class='ocr_par' dir='ltr' id='par_1_14' title="bbox 123 605 909 644">
     <span class='ocr_line' id='line_1_14' title="bbox 123 605 909 644; baseline 0.005 -13"><span class='ocrx_word' id='word_1_85' title='bbox 123 605 241 640; x_wconf 82' lang='grc' dir='ltr'>στόματι</span> <span class='ocrx_word' id='word_1_86' title='bbox 270 606 319 640; x_wconf 74' lang='grc' dir='ltr'>μὲν</span> <span class='ocrx_word' id='word_1_87' title='bbox 341 606 477 642; x_wconf 72' lang='grc' dir='ltr'>ὁσημέραι</span> <span class='ocrx_word' id='word_1_88' title='bbox 503 608 551 634; x_wconf 75' lang='grc' dir='ltr'>καὶ</span> <span class='ocrx_word' id='word_1_89' title='bbox 577 609 655 643; x_wconf 85' lang='grc' dir='ltr'>κοινῇ</span> <span class='ocrx_word' id='word_1_90' title='bbox 674 609 721 635; x_wconf 78' lang='grc' dir='ltr'>καὶ</span> <span class='ocrx_word' id='word_1_91' title='bbox 740 609 794 644; x_wconf 81' lang='grc' dir='ltr'>ἰδίᾳ</span> <span class='ocrx_word' id='word_1_92' title='bbox 805 609 909 643; x_wconf 84' lang='grc' dir='ltr'>ὑμνεῖν,</span> 
     </span>
    </p>
   </div>
   <div class='ocr_carea' id='block_1_15' title="bbox 123 651 910 689">
    <p class='ocr_par' dir='ltr' id='par_1_15' title="bbox 123 651 910 689">
     <span class='ocr_line' id='line_1_15' title="bbox 123 651 910 689; baseline 0.005 -13"><span class='ocrx_word' id='word_1_93' title='bbox 123 651 246 685; x_wconf 74' lang='grc' dir='ltr'>εὐλογεῖν</span> <span class='ocrx_word' id='word_1_94' title='bbox 261 652 307 677; x_wconf 82' lang='grc' dir='ltr'>καὶ</span> <span class='ocrx_word' id='word_1_95' title='bbox 321 652 444 685; x_wconf 75' lang='grc' dir='ltr'><strong>δοξάζειν</strong></span> <span class='ocrx_word' id='word_1_96' title='bbox 459 653 508 687; x_wconf 80' lang='grc' dir='ltr'>τὴν</span> <span class='ocrx_word' id='word_1_97' title='bbox 520 653 587 689; x_wconf 71' lang='grc' dir='ltr'>πρὺς</span> <span class='ocrx_word' id='word_1_98' title='bbox 600 653 629 679; x_wconf 83' lang='grc' dir='ltr'><strong>τὺ</strong></span> <span class='ocrx_word' id='word_1_99' title='bbox 643 654 815 689; x_wconf 79' lang='grc' dir='ltr'>ἀνθρώπειον</span> <span class='ocrx_word' id='word_1_100' title='bbox 827 654 910 688; x_wconf 82' lang='grc' dir='ltr'>φῦλον</span> 
     </span>
    </p>
   </div>
   <div class='ocr_carea' id='block_1_16' title="bbox 125 697 912 734">
    <p class='ocr_par' dir='ltr' id='par_1_16' title="bbox 125 697 912 734">
     <span class='ocr_line' id='line_1_16' title="bbox 125 697 912 734; baseline 0.005 -12"><span class='ocrx_word' id='word_1_101' title='bbox 125 697 320 732; x_wconf 72' lang='grc' dir='ltr'><strong>μακροθυμίαν</strong></span> <span class='ocrx_word' id='word_1_102' title='bbox 342 706 372 724; x_wconf 87' lang='grc' dir='ltr'><strong>τε</strong></span> <span class='ocrx_word' id='word_1_103' title='bbox 392 698 441 724; x_wconf 82' lang='grc' dir='ltr'><strong>καὶ</strong></span> <span class='ocrx_word' id='word_1_104' title='bbox 475 699 649 733; x_wconf 84' lang='grc' dir='ltr'>κηδεμονίαν,</span> <span class='ocrx_word' id='word_1_105' title='bbox 667 699 739 734; x_wconf 78' lang='grc' dir='ltr'>ψυχῇ</span> <span class='ocrx_word' id='word_1_106' title='bbox 762 699 791 726; x_wconf 76' lang='grc' dir='ltr'>δὲ</span> <span class='ocrx_word' id='word_1_107' title='bbox 816 700 912 726; x_wconf 78' lang='grc' dir='ltr'>τοῦτον</span> 
     </span>
    </p>
   </div>
   <div class='ocr_carea' id='block_1_17' title="bbox 123 743 912 781">
    <p class='ocr_par' dir='ltr' id='par_1_17' title="bbox 123 743 912 781">
     <span class='ocr_line' id='line_1_17' title="bbox 123 743 912 781; baseline 0.003 -11"><span class='ocrx_word' id='word_1_108' title='bbox 123 743 306 775; x_wconf 77' lang='grc' dir='ltr'><strong>ἀδιαλείπτως</strong></span> <span class='ocrx_word' id='word_1_109' title='bbox 317 743 355 776; x_wconf 86' lang='grc' dir='ltr'>ὡς</span> <span class='ocrx_word' id='word_1_110' title='bbox 367 744 434 771; x_wconf 73' lang='grc' dir='ltr'>Θεὸν</span> <span class='ocrx_word' id='word_1_111' title='bbox 454 744 605 780; x_wconf 84' lang='grc' dir='ltr'>λατρεύειν,</span> <span class='ocrx_word' id='word_1_112' title='bbox 629 746 676 772; x_wconf 70' lang='grc' dir='ltr'>καὶ</span> <span class='ocrx_word' id='word_1_113' title='bbox 692 745 790 781; x_wconf 74' lang='grc' dir='ltr'>καρδίᾳ</span> <span class='ocrx_word' id='word_1_114' title='bbox 801 746 832 772; x_wconf 85' lang='grc' dir='ltr'>τὸ</span> <span class='ocrx_word' id='word_1_115' title='bbox 848 746 912 773; x_wconf 84' lang='grc' dir='ltr'>κάλ-</span> 
     </span>
    </p>
   </div>
   <div class='ocr_carea' id='block_1_18' title="bbox 124 786 912 826">
    <p class='ocr_par' dir='ltr' id='par_1_18' title="bbox 124 786 912 826">
     <span class='ocr_line' id='line_1_18' title="bbox 124 786 912 826; baseline 0.004 -11"><span class='ocrx_word' id='word_1_116' title='bbox 124 789 214 815; x_wconf 87' lang='grc' dir='ltr'>λιστον</span> <span class='ocrx_word' id='word_1_117' title='bbox 227 786 264 816; x_wconf 86' lang='grc' dir='ltr'><strong>ὤν</strong></span> <span class='ocrx_word' id='word_1_118' title='bbox 277 789 333 824; x_wconf 73' lang='grc' dir='ltr'>ἔχει</span> <span class='ocrx_word' id='word_1_119' title='bbox 353 790 399 816; x_wconf 77' lang='grc' dir='ltr'><strong>καὶ</strong></span> <span class='ocrx_word' id='word_1_120' title='bbox 413 790 577 824; x_wconf 81' lang='grc' dir='ltr'>τιμιώτατον</span> <span class='ocrx_word' id='word_1_121' title='bbox 589 791 663 825; x_wconf 79' lang='grc' dir='ltr'>αὐτῷ</span> <span class='ocrx_word' id='word_1_122' title='bbox 674 791 912 826; x_wconf 78' lang='grc' dir='ltr'>αὑτοπροαιρέτως</span> 
     </span>
    </p>
   </div>
   <div class='ocr_carea' id='block_1_19' title="bbox 125 835 911 872">
    <p class='ocr_par' dir='ltr' id='par_1_19' title="bbox 125 835 911 872">
     <span class='ocr_line' id='line_1_19' title="bbox 125 835 911 872; baseline 0.005 -12"><span class='ocrx_word' id='word_1_123' title='bbox 125 835 285 869; x_wconf 75' lang='grc' dir='ltr'>προσάγειν,</span> <span class='ocrx_word' id='word_1_124' title='bbox 300 835 337 866; x_wconf 84' lang='grc' dir='ltr'><strong>ὡς</strong></span> <span class='ocrx_word' id='word_1_125' title='bbox 347 835 401 862; x_wconf 86' lang='grc' dir='ltr'>τῶν</span> <span class='ocrx_word' id='word_1_126' title='bbox 414 835 525 869; x_wconf 82' lang='grc' dir='ltr'>ἀγαθῶν</span> <span class='ocrx_word' id='word_1_127' title='bbox 539 836 667 863; x_wconf 79' lang='grc' dir='ltr'>ἁπάντων</span> <span class='ocrx_word' id='word_1_128' title='bbox 684 837 756 871; x_wconf 83' lang='grc' dir='ltr'>μόνῳ</span> <span class='ocrx_word' id='word_1_129' title='bbox 770 837 849 872; x_wconf 86' lang='grc' dir='ltr'>αἰτίῳ</span> <span class='ocrx_word' id='word_1_130' title='bbox 864 838 911 864; x_wconf 73' lang='grc' dir='ltr'>καὶ</span> 
     </span>
    </p>
   </div>
   <div class='ocr_carea' id='block_1_20' title="bbox 125 881 913 918">
    <p class='ocr_par' dir='ltr' id='par_1_20' title="bbox 125 881 913 918">
     <span class='ocr_line' id='line_1_20' title="bbox 125 881 913 918; baseline 0.004 -12"><span class='ocrx_word' id='word_1_131' title='bbox 125 881 247 916; x_wconf 83' lang='grc' dir='ltr'>χορηγῷ.</span> <span class='ocrx_word' id='word_1_132' title='bbox 275 881 325 908; x_wconf 81' lang='grc' dir='ltr'><strong>Διὰ</strong></span> <span class='ocrx_word' id='word_1_133' title='bbox 347 881 426 908; x_wconf 83' lang='grc' dir='ltr'>τοῦτο</span> <span class='ocrx_word' id='word_1_134' title='bbox 450 883 497 908; x_wconf 82' lang='grc' dir='ltr'><strong>καὶ</strong></span> <span class='ocrx_word' id='word_1_135' title='bbox 510 883 523 909; x_wconf 88' lang='grc' dir='ltr'><strong>ό</strong></span> <span class='ocrx_word' id='word_1_136' title='bbox 538 883 620 917; x_wconf 68' lang='grc' dir='ltr'>σοφὸς</span> <span class='ocrx_word' id='word_1_137' title='bbox 635 882 683 909; x_wconf 83' lang='grc' dir='ltr'>τοῦ</span> <span class='ocrx_word' id='word_1_138' title='bbox 698 883 782 910; x_wconf 83' lang='grc' dir='ltr'>πάλαι</span> <span class='ocrx_word' id='word_1_139' title='bbox 805 883 913 918; x_wconf 80' lang='grc' dir='ltr'>Ἰσραὴλ</span> 
     </span>
    </p>
   </div>
   <div class='ocr_carea' id='block_1_21' title="bbox 125 926 913 964">
    <p class='ocr_par' dir='ltr' id='par_1_21' title="bbox 125 926 913 964">
     <span class='ocr_line' id='line_1_21' title="bbox 125 926 913 964; baseline 0.005 -13"><span class='ocrx_word' id='word_1_140' title='bbox 125 926 202 959; x_wconf 77' lang='grc' dir='ltr'>ἔλεγε</span> <span class='ocrx_word' id='word_1_141' title='bbox 218 926 368 963; x_wconf 79' lang='grc' dir='ltr'><strong>νομοθέτης</strong></span> <span class='ocrx_word' id='word_1_142' title='bbox 378 935 402 952; x_wconf 78' lang='grc' dir='ltr'><strong>Ἰ</strong></span> <span class='ocrx_word' id='word_1_143' title='bbox 417 927 460 954; x_wconf 85' lang='grc' dir='ltr'>Ἐν</span> <span class='ocrx_word' id='word_1_144' title='bbox 473 927 510 962; x_wconf 82' lang='grc' dir='ltr'>τῷ</span> <span class='ocrx_word' id='word_1_145' title='bbox 524 927 638 963; x_wconf 86' lang='grc' dir='ltr'>στόματί</span> <span class='ocrx_word' id='word_1_146' title='bbox 646 936 692 954; x_wconf 83' lang='grc' dir='ltr'><strong>σου</strong></span> <span class='ocrx_word' id='word_1_147' title='bbox 705 928 752 955; x_wconf 73' lang='grc' dir='ltr'>καὶ</span> <span class='ocrx_word' id='word_1_148' title='bbox 763 929 791 954; x_wconf 80' lang='grc' dir='ltr'>ὲν</span> <span class='ocrx_word' id='word_1_149' title='bbox 800 930 833 963; x_wconf 84' lang='grc' dir='ltr'><strong>τῇ</strong></span> <span class='ocrx_word' id='word_1_150' title='bbox 845 937 913 964; x_wconf 82' lang='grc' dir='ltr'>καρ-</span> 
     </span>
    </p>
   </div>
   <div class='ocr_carea' id='block_1_22' title="bbox 125 971 912 1008">
    <p class='ocr_par' dir='ltr' id='par_1_22' title="bbox 125 971 912 1008">
     <span class='ocr_line' id='line_1_22' title="bbox 125 971 912 1008; baseline 0.005 -11"><span class='ocrx_word' id='word_1_151' title='bbox 125 971 169 1007; x_wconf 82' lang='grc' dir='ltr'><strong>δίᾳ</strong></span> <span class='ocrx_word' id='word_1_152' title='bbox 183 980 228 998; x_wconf 88' lang='grc' dir='ltr'><strong>σου</strong></span> <span class='ocrx_word' id='word_1_153' title='bbox 243 972 290 998; x_wconf 81' lang='grc' dir='ltr'>καὶ</span> <span class='ocrx_word' id='word_1_154' title='bbox 303 973 332 998; x_wconf 82' lang='grc' dir='ltr'>ὲν</span> <span class='ocrx_word' id='word_1_155' title='bbox 357 973 418 1004; x_wconf 84' lang='grc' dir='ltr'>ταῖς</span> <span class='ocrx_word' id='word_1_156' title='bbox 443 973 523 1008; x_wconf 89' lang='grc' dir='ltr'>χερσί</span> <span class='ocrx_word' id='word_1_157' title='bbox 547 981 593 1000; x_wconf 86' lang='grc' dir='ltr'><strong>σου</strong></span> <span class='ocrx_word' id='word_1_158' title='bbox 613 983 622 1000; x_wconf 79' lang='grc' dir='ltr'><strong><em>ι</em></strong></span> <span class='ocrx_word' id='word_1_159' title='bbox 643 974 691 1001; x_wconf 78' lang='grc' dir='ltr'>καὶ</span> <span class='ocrx_word' id='word_1_160' title='bbox 710 974 801 1007; x_wconf 86' lang='grc' dir='ltr'>πάλιν,</span> <span class='ocrx_word' id='word_1_161' title='bbox 816 974 854 1006; x_wconf 81' lang='grc' dir='ltr'>ὡς</span> <span class='ocrx_word' id='word_1_162' title='bbox 879 974 912 1001; x_wconf 80' lang='grc' dir='ltr'>ὲκ</span> 
     </span>
    </p>
   </div>
   <div class='ocr_carea' id='block_1_23' title="bbox 126 1017 914 1055">
    <p class='ocr_par' dir='ltr' id='par_1_23' title="bbox 126 1017 914 1055">
     <span class='ocr_line' id='line_1_23' title="bbox 126 1017 914 1055; baseline 0.008 -13"><span class='ocrx_word' id='word_1_163' title='bbox 126 1017 273 1051; x_wconf 77' lang='grc' dir='ltr'><strong>προσώπου</strong></span> <span class='ocrx_word' id='word_1_164' title='bbox 293 1017 338 1044; x_wconf 83' lang='grc' dir='ltr'>τοῦ</span> <span class='ocrx_word' id='word_1_165' title='bbox 352 1017 431 1051; x_wconf 83' lang='grc' dir='ltr'><strong>Θεοῦ,</strong></span> <span class='ocrx_word' id='word_1_166' title='bbox 452 1027 461 1044; x_wconf 79' lang='grc' dir='ltr'><strong>ι</strong></span> <span class='ocrx_word' id='word_1_167' title='bbox 477 1019 534 1045; x_wconf 88' lang='grc' dir='ltr'><strong>Οὑκ</strong></span> <span class='ocrx_word' id='word_1_168' title='bbox 550 1020 656 1055; x_wconf 76' lang='grc' dir='ltr'>όφθήσῃ</span> <span class='ocrx_word' id='word_1_169' title='bbox 669 1019 784 1048; x_wconf 75' lang='grc' dir='ltr'>ἐνώπιόν</span> <span class='ocrx_word' id='word_1_170' title='bbox 800 1029 851 1055; x_wconf 88' lang='grc' dir='ltr'><strong>μου</strong></span> <span class='ocrx_word' id='word_1_171' title='bbox 868 1029 914 1048; x_wconf 85' lang='grc' dir='ltr'>κε-</span> 
     </span>
    </p>
   </div>
   <div class='ocr_carea' id='block_1_24' title="bbox 125 1062 913 1101">
    <p class='ocr_par' dir='ltr' id='par_1_24' title="bbox 125 1062 913 1101">
     <span class='ocr_line' id='line_1_24' title="bbox 125 1062 913 1101; baseline 0.006 -13"><span class='ocrx_word' id='word_1_172' title='bbox 125 1062 180 1094; x_wconf 82' lang='grc' dir='ltr'>νδς,</span> <span class='ocrx_word' id='word_1_173' title='bbox 196 1072 205 1088; x_wconf 73' lang='grc' dir='ltr'><strong>ι</strong></span> <span class='ocrx_word' id='word_1_174' title='bbox 224 1062 311 1098; x_wconf 84' lang='grc' dir='ltr'>δηλῶν</span> <span class='ocrx_word' id='word_1_175' title='bbox 324 1063 362 1095; x_wconf 85' lang='grc' dir='ltr'>ὡς</span> <span class='ocrx_word' id='word_1_176' title='bbox 377 1064 421 1091; x_wconf 72' lang='grc' dir='ltr'><strong>διὰ</strong></span> <span class='ocrx_word' id='word_1_177' title='bbox 443 1064 545 1092; x_wconf 87' lang='grc' dir='ltr'>τούτων</span> <span class='ocrx_word' id='word_1_178' title='bbox 560 1066 673 1101; x_wconf 77' lang='grc' dir='ltr'><strong>’ἀνάγκη</strong></span> <span class='ocrx_word' id='word_1_179' title='bbox 693 1066 739 1093; x_wconf 83' lang='grc' dir='ltr'><strong>τὸν</strong></span> <span class='ocrx_word' id='word_1_180' title='bbox 761 1066 821 1093; x_wconf 79' lang='grc' dir='ltr'>θεὸν</span> <span class='ocrx_word' id='word_1_181' title='bbox 831 1066 913 1099; x_wconf 81' lang='grc' dir='ltr'>δοξά-</span> 
     </span>
    </p>
   </div>
   <div class='ocr_carea' id='block_1_25' title="bbox 127 1107 912 1147">
    <p class='ocr_par' dir='ltr' id='par_1_25' title="bbox 127 1107 912 1147">
     <span class='ocr_line' id='line_1_25' title="bbox 127 1107 912 1147; baseline 0.008 -14"><span class='ocrx_word' id='word_1_182' title='bbox 127 1107 232 1141; x_wconf 75' lang='grc' dir='ltr'>ζεσθαι,</span> <span class='ocrx_word' id='word_1_183' title='bbox 248 1109 308 1135; x_wconf 76' lang='grc' dir='ltr'>ἐπεὶ</span> <span class='ocrx_word' id='word_1_184' title='bbox 328 1109 374 1136; x_wconf 84' lang='grc' dir='ltr'>καὶ</span> <span class='ocrx_word' id='word_1_185' title='bbox 396 1109 499 1137; x_wconf 81' lang='grc' dir='ltr'>τούτων</span> <span class='ocrx_word' id='word_1_186' title='bbox 523 1111 604 1142; x_wconf 76' lang='grc' dir='ltr'>αὐτὸς</span> <span class='ocrx_word' id='word_1_187' title='bbox 624 1111 704 1146; x_wconf 84' lang='grc' dir='ltr'><strong>μόνος</strong></span> <span class='ocrx_word' id='word_1_188' title='bbox 723 1112 857 1147; x_wconf 77' lang='grc' dir='ltr'>ἀλὰθητος</span> <span class='ocrx_word' id='word_1_189' title='bbox 868 1112 912 1145; x_wconf 79' lang='grc' dir='ltr'><strong>ἑξ-</strong></span> 
     </span>
    </p>
   </div>
   <div class='ocr_carea' id='block_1_26' title="bbox 126 1154 913 1192">
    <p class='ocr_par' dir='ltr' id='par_1_26' title="bbox 126 1154 913 1192">
     <span class='ocr_line' id='line_1_26' title="bbox 126 1154 913 1192; baseline 0.006 -13"><span class='ocrx_word' id='word_1_190' title='bbox 126 1154 253 1189; x_wconf 82' lang='grc' dir='ltr'>εταστὴς.</span> <span class='ocrx_word' id='word_1_191' title='bbox 282 1154 434 1188; x_wconf 82' lang='grc' dir='ltr'>Τοιγαροῦν</span> <span class='ocrx_word' id='word_1_192' title='bbox 466 1156 545 1190; x_wconf 77' lang='grc' dir='ltr'>εἴπερ</span> <span class='ocrx_word' id='word_1_193' title='bbox 575 1157 651 1183; x_wconf 82' lang='grc' dir='ltr'>τουτὶ</span> <span class='ocrx_word' id='word_1_194' title='bbox 666 1157 745 1192; x_wconf 78' lang='grc' dir='ltr'>χρέος</span> <span class='ocrx_word' id='word_1_195' title='bbox 771 1158 913 1184; x_wconf 75' lang='grc' dir='ltr'>εὑσεὸέσιν</span> 
     </span>
    </p>
   </div>
   <div class='ocr_carea' id='block_1_27' title="bbox 128 1198 912 1236">
    <p class='ocr_par' dir='ltr' id='par_1_27' title="bbox 128 1198 912 1236">
     <span class='ocr_line' id='line_1_27' title="bbox 128 1198 912 1236; baseline 0.005 -11"><span class='ocrx_word' id='word_1_196' title='bbox 128 1198 229 1225; x_wconf 75' lang='grc' dir='ltr'>ἅπασιν</span> <span class='ocrx_word' id='word_1_197' title='bbox 249 1198 444 1233; x_wconf 78' lang='grc' dir='ltr'>ἀπαραίτητον,</span> <span class='ocrx_word' id='word_1_198' title='bbox 467 1199 556 1235; x_wconf 87' lang='grc' dir='ltr'>πολλῷ</span> <span class='ocrx_word' id='word_1_199' title='bbox 583 1201 684 1236; x_wconf 80' lang='grc' dir='ltr'>μᾶλλον</span> <span class='ocrx_word' id='word_1_200' title='bbox 710 1203 764 1233; x_wconf 83' lang='grc' dir='ltr'>τοῖς</span> <span class='ocrx_word' id='word_1_201' title='bbox 784 1201 912 1229; x_wconf 81' lang='grc' dir='ltr'>διἀὺτοῦ</span> 
     </span>
    </p>
   </div>
   <div class='ocr_carea' id='block_1_28' title="bbox 127 1242 913 1282">
    <p class='ocr_par' dir='ltr' id='par_1_28' title="bbox 127 1242 913 1282">
     <span class='ocr_line' id='line_1_28' title="bbox 127 1242 913 1282; baseline 0.006 -13"><span class='ocrx_word' id='word_1_202' title='bbox 127 1242 346 1277; x_wconf 80' lang='grc' dir='ltr'>βεὸασιλευκόσι,</span> <span class='ocrx_word' id='word_1_203' title='bbox 364 1245 411 1271; x_wconf 80' lang='grc' dir='ltr'>καὶ</span> <span class='ocrx_word' id='word_1_204' title='bbox 434 1245 520 1272; x_wconf 83' lang='grc' dir='ltr'>ταῦτα</span> <span class='ocrx_word' id='word_1_205' title='bbox 544 1246 617 1273; x_wconf 86' lang='grc' dir='ltr'>δυοῖν</span> <span class='ocrx_word' id='word_1_206' title='bbox 635 1246 727 1279; x_wconf 76' lang='grc' dir='ltr'>ἕνεκα,</span> <span class='ocrx_word' id='word_1_207' title='bbox 748 1247 787 1282; x_wconf 85' lang='grc' dir='ltr'>τῷ</span> <span class='ocrx_word' id='word_1_208' title='bbox 808 1248 857 1282; x_wconf 76' lang='grc' dir='ltr'>μὲν</span> <span class='ocrx_word' id='word_1_209' title='bbox 875 1247 913 1279; x_wconf 84' lang='grc' dir='ltr'>ὼς</span> 
     </span>
    </p>
   </div>
   <div class='ocr_carea' id='block_1_29' title="bbox 127 1289 913 1327">
    <p class='ocr_par' dir='ltr' id='par_1_29' title="bbox 127 1289 913 1327">
     <span class='ocr_line' id='line_1_29' title="bbox 127 1289 913 1327; baseline 0.005 -11"><span class='ocrx_word' id='word_1_210' title='bbox 127 1289 330 1322; x_wconf 83' lang='grc' dir='ltr'>πολυπλασίους</span> <span class='ocrx_word' id='word_1_211' title='bbox 349 1290 487 1325; x_wconf 78' lang='grc' dir='ltr'>ὀφείλουσι</span> <span class='ocrx_word' id='word_1_212' title='bbox 516 1292 630 1327; x_wconf 81' lang='grc' dir='ltr'>χάριτας</span> <span class='ocrx_word' id='word_1_213' title='bbox 653 1292 692 1327; x_wconf 81' lang='grc' dir='ltr'>τῷ</span> <span class='ocrx_word' id='word_1_214' title='bbox 712 1293 767 1319; x_wconf 81' lang='grc' dir='ltr'>τῶν</span> <span class='ocrx_word' id='word_1_215' title='bbox 784 1294 913 1320; x_wconf 73' lang='grc' dir='ltr'>ἁπάντων</span> 
     </span>
    </p>
   </div>
   <div class='ocr_carea' id='block_1_30' title="bbox 127 1334 910 1372">
    <p class='ocr_par' dir='ltr' id='par_1_30' title="bbox 127 1334 910 1372">
     <span class='ocr_line' id='line_1_30' title="bbox 127 1334 910 1372; baseline 0.006 -12"><span class='ocrx_word' id='word_1_216' title='bbox 127 1334 262 1370; x_wconf 74' lang='grc' dir='ltr'>Δεσπότῃ,</span> <span class='ocrx_word' id='word_1_217' title='bbox 275 1335 323 1362; x_wconf 78' lang='grc' dir='ltr'>ἆτε</span> <span class='ocrx_word' id='word_1_218' title='bbox 340 1336 387 1363; x_wconf 77' lang='grc' dir='ltr'>καὶ</span> <span class='ocrx_word' id='word_1_219' title='bbox 402 1336 455 1363; x_wconf 85' lang='grc' dir='ltr'>τῶν</span> <span class='ocrx_word' id='word_1_220' title='bbox 471 1337 558 1363; x_wconf 76' lang='grc' dir='ltr'>ἄλλων</span> <span class='ocrx_word' id='word_1_221' title='bbox 575 1338 616 1369; x_wconf 76' lang='grc' dir='ltr'><strong>είς</strong></span> <span class='ocrx_word' id='word_1_222' title='bbox 632 1337 733 1369; x_wconf 85' lang='grc' dir='ltr'>πλάτος</span> <span class='ocrx_word' id='word_1_223' title='bbox 745 1338 811 1372; x_wconf 82' lang='grc' dir='ltr'>παρ’</span> <span class='ocrx_word' id='word_1_224' title='bbox 826 1337 910 1365; x_wconf 77' lang='grc' dir='ltr'>αὑτοῦ</span> 
     </span>
    </p>
   </div>
   <div class='ocr_carea' id='block_1_31' title="bbox 127 1381 913 1419">
    <p class='ocr_par' dir='ltr' id='par_1_31' title="bbox 127 1381 913 1419">
     <span class='ocr_line' id='line_1_31' title="bbox 127 1381 913 1419; baseline 0.005 -13"><span class='ocrx_word' id='word_1_225' title='bbox 127 1381 305 1416; x_wconf 79' lang='grc' dir='ltr'>τιμωμένοις,</span> <span class='ocrx_word' id='word_1_226' title='bbox 326 1381 364 1416; x_wconf 81' lang='grc' dir='ltr'>τῷ</span> <span class='ocrx_word' id='word_1_227' title='bbox 386 1382 415 1409; x_wconf 86' lang='grc' dir='ltr'>δὲ</span> <span class='ocrx_word' id='word_1_228' title='bbox 440 1383 487 1409; x_wconf 81' lang='grc' dir='ltr'>καὶ</span> <span class='ocrx_word' id='word_1_229' title='bbox 512 1383 550 1415; x_wconf 84' lang='grc' dir='ltr'>ὠς</span> <span class='ocrx_word' id='word_1_230' title='bbox 574 1382 628 1410; x_wconf 80' lang='grc' dir='ltr'><strong>τῶν</strong></span> <span class='ocrx_word' id='word_1_231' title='bbox 657 1384 745 1411; x_wconf 81' lang='grc' dir='ltr'>ἄλλων</span> <span class='ocrx_word' id='word_1_232' title='bbox 773 1385 913 1419; x_wconf 76' lang='grc' dir='ltr'>ἐσομένοις</span> 
     </span>
    </p>
   </div>
   <div class='ocr_carea' id='block_1_32' title="bbox 127 1426 914 1464">
    <p class='ocr_par' dir='ltr' id='par_1_32' title="bbox 127 1426 914 1464">
     <span class='ocr_line' id='line_1_32' title="bbox 127 1426 914 1464; baseline 0.005 -12"><span class='ocrx_word' id='word_1_233' title='bbox 127 1426 228 1462; x_wconf 84' lang='grc' dir='ltr'>ἀρετῆς</span> <span class='ocrx_word' id='word_1_234' title='bbox 243 1427 354 1459; x_wconf 81' lang='grc' dir='ltr'>κανόνες</span> <span class='ocrx_word' id='word_1_235' title='bbox 365 1428 411 1454; x_wconf 77' lang='grc' dir='ltr'>καὶ</span> <span class='ocrx_word' id='word_1_236' title='bbox 426 1428 568 1460; x_wconf 67' lang='grc' dir='ltr'>εὐσεόείας</span> <span class='ocrx_word' id='word_1_237' title='bbox 589 1429 778 1464; x_wconf 82' lang='grc' dir='ltr'>ὑπογραμμοί.</span> <span class='ocrx_word' id='word_1_238' title='bbox 792 1430 853 1461; x_wconf 80' lang='grc' dir='ltr'>Τοῖς</span> <span class='ocrx_word' id='word_1_239' title='bbox 865 1430 914 1456; x_wconf 80' lang='grc' dir='ltr'><strong>αὑ-</strong></span> 
     </span>
    </p>
   </div>
   <div class='ocr_carea' id='block_1_33' title="bbox 127 1470 912 1510">
    <p class='ocr_par' dir='ltr' id='par_1_33' title="bbox 127 1470 912 1510">
     <span class='ocr_line' id='line_1_33' title="bbox 127 1470 912 1510; baseline 0.005 -14"><span class='ocrx_word' id='word_1_240' title='bbox 127 1471 184 1501; x_wconf 82' lang='grc' dir='ltr'>τοῖς</span> <span class='ocrx_word' id='word_1_241' title='bbox 197 1470 224 1497; x_wconf 78' lang='grc' dir='ltr'>δὲ</span> <span class='ocrx_word' id='word_1_242' title='bbox 240 1470 287 1498; x_wconf 84' lang='grc' dir='ltr'>καὶ</span> <span class='ocrx_word' id='word_1_243' title='bbox 299 1471 348 1506; x_wconf 79' lang='grc' dir='ltr'>τὴν</span> <span class='ocrx_word' id='word_1_244' title='bbox 364 1471 448 1498; x_wconf 84' lang='grc' dir='ltr'>αὐτοῦ</span> <span class='ocrx_word' id='word_1_245' title='bbox 460 1473 614 1508; x_wconf 81' lang='grc' dir='ltr'>ὑπέραγνον</span> <span class='ocrx_word' id='word_1_246' title='bbox 630 1473 735 1509; x_wconf 85' lang='grc' dir='ltr'>μητέρα</span> <span class='ocrx_word' id='word_1_247' title='bbox 749 1474 796 1501; x_wconf 70' lang='grc' dir='ltr'>καὶ</span> <span class='ocrx_word' id='word_1_248' title='bbox 809 1474 912 1510; x_wconf 72' lang='grc' dir='ltr'>παρθέ-</span> 
     </span>
    </p>
   </div>
   <div class='ocr_carea' id='block_1_34' title="bbox 962 242 1746 278">
    <p class='ocr_par' dir='ltr' id='par_1_34' title="bbox 962 242 1746 278">
     <span class='ocr_line' id='line_1_34' title="bbox 962 242 1746 278; baseline 0.005 -9"><span class='ocrx_word' id='word_1_249' title='bbox 962 242 1034 270; x_wconf 78' lang='lat' dir='ltr'><strong>Deus</strong></span> <span class='ocrx_word' id='word_1_250' title='bbox 1047 243 1132 270; x_wconf 87' lang='lat' dir='ltr'><strong>trittus</strong></span> <span class='ocrx_word' id='word_1_251' title='bbox 1142 243 1265 278; x_wconf 81' lang='lat' dir='ltr'><strong>personis</strong></span> <span class='ocrx_word' id='word_1_252' title='bbox 1279 243 1375 270; x_wconf 92' lang='lat' dir='ltr'><strong>iterum</strong></span> <span class='ocrx_word' id='word_1_253' title='bbox 1393 243 1464 270; x_wconf 90' lang='lat' dir='ltr'><strong>illius</strong></span> <span class='ocrx_word' id='word_1_254' title='bbox 1479 247 1570 278; x_wconf 90' lang='lat' dir='ltr'><strong>postea</strong></span> <span class='ocrx_word' id='word_1_255' title='bbox 1589 246 1746 273; x_wconf 83' lang='lat' dir='ltr'><strong>recordatus</strong></span> 
     </span>
    </p>
   </div>
   <div class='ocr_carea' id='block_1_35' title="bbox 959 287 1748 323">
    <p class='ocr_par' dir='ltr' id='par_1_35' title="bbox 959 287 1748 323">
     <span class='ocr_line' id='line_1_35' title="bbox 959 287 1748 323; baseline 0.004 -9"><span class='ocrx_word' id='word_1_256' title='bbox 959 292 1015 321; x_wconf 78' lang='lat' dir='ltr'><strong>est.</strong></span> <span class='ocrx_word' id='word_1_257' title='bbox 1028 293 1054 315; x_wconf 90' lang='lat' dir='ltr'><strong>ct</strong></span> <span class='ocrx_word' id='word_1_258' title='bbox 1065 288 1231 316; x_wconf 80' lang='lat' dir='ltr'><strong>descendens</strong></span> <span class='ocrx_word' id='word_1_259' title='bbox 1245 289 1302 322; x_wconf 84' lang='lat' dir='ltr'><strong>ipse</strong></span> <span class='ocrx_word' id='word_1_260' title='bbox 1316 287 1468 323; x_wconf 79' lang='lat' dir='ltr'><strong>unigenitus</strong></span> <span class='ocrx_word' id='word_1_261' title='bbox 1484 287 1530 315; x_wconf 89' lang='lat' dir='ltr'><strong>Dei</strong></span> <span class='ocrx_word' id='word_1_262' title='bbox 1541 288 1625 317; x_wconf 88' lang='lat' dir='ltr'><strong>Filius</strong></span> <span class='ocrx_word' id='word_1_263' title='bbox 1637 289 1748 318; x_wconf 83' lang='lat' dir='ltr'><strong>ePatris</strong></span> 
     </span>
    </p>
   </div>
   <div class='ocr_carea' id='block_1_36' title="bbox 961 333 1747 369">
    <p class='ocr_par' dir='ltr' id='par_1_36' title="bbox 961 333 1747 369">
     <span class='ocr_line' id='line_1_36' title="bbox 961 333 1747 369; baseline 0.001 -8"><span class='ocrx_word' id='word_1_264' title='bbox 961 335 1068 362; x_wconf 80' lang='lat' dir='ltr'><strong>inﬁnito</strong></span> <span class='ocrx_word' id='word_1_265' title='bbox 1083 333 1143 361; x_wconf 86' lang='lat' dir='ltr'><strong>sinu</strong></span> <span class='ocrx_word' id='word_1_266' title='bbox 1163 342 1213 369; x_wconf 91' lang='lat' dir='ltr'><strong>pro</strong></span> <span class='ocrx_word' id='word_1_267' title='bbox 1235 333 1391 362; x_wconf 87' lang='lat' dir='ltr'><strong>hominibus</strong></span> <span class='ocrx_word' id='word_1_268' title='bbox 1408 334 1489 361; x_wconf 91' lang='lat' dir='ltr'><strong>homo</strong></span> <span class='ocrx_word' id='word_1_269' title='bbox 1515 333 1603 362; x_wconf 81' lang='lat' dir='ltr'><strong>lactus</strong></span> <span class='ocrx_word' id='word_1_270' title='bbox 1620 340 1671 362; x_wconf 90' lang='lat' dir='ltr'><strong>est.</strong></span> <span class='ocrx_word' id='word_1_271' title='bbox 1695 335 1747 363; x_wconf 91' lang='lat' dir='ltr'><strong>Cui</strong></span> 
     </span>
    </p>
   </div>
   <div class='ocr_carea' id='block_1_37' title="bbox 961 379 1747 414">
    <p class='ocr_par' dir='ltr' id='par_1_37' title="bbox 961 379 1747 414">
     <span class='ocr_line' id='line_1_37' title="bbox 961 379 1747 414; baseline 0.003 -8"><span class='ocrx_word' id='word_1_272' title='bbox 961 380 1117 414; x_wconf 84' lang='lat' dir='ltr'><strong>quicunque</strong></span> <span class='ocrx_word' id='word_1_273' title='bbox 1137 380 1197 410; x_wconf 82' lang='lat' dir='ltr'><strong>nius</strong></span> <span class='ocrx_word' id='word_1_274' title='bbox 1215 385 1256 407; x_wconf 89' lang='lat' dir='ltr'><strong>est</strong></span> <span class='ocrx_word' id='word_1_275' title='bbox 1278 379 1401 407; x_wconf 86' lang='lat' dir='ltr'><strong>districte</strong></span> <span class='ocrx_word' id='word_1_276' title='bbox 1415 380 1494 408; x_wconf 90' lang='lat' dir='ltr'><strong>debet</strong></span> <span class='ocrx_word' id='word_1_277' title='bbox 1509 380 1675 408; x_wconf 83' lang='lat' dir='ltr'><strong>adorationis</strong></span> <span class='ocrx_word' id='word_1_278' title='bbox 1689 382 1747 408; x_wconf 84' lang='lat' dir='ltr'><strong>cul-</strong></span> 
     </span>
    </p>
   </div>
   <div class='ocr_carea' id='block_1_38' title="bbox 961 425 1749 461">
    <p class='ocr_par' dir='ltr' id='par_1_38' title="bbox 961 425 1749 461">
     <span class='ocr_line' id='line_1_38' title="bbox 961 425 1749 461; baseline 0.001 -9"><span class='ocrx_word' id='word_1_279' title='bbox 961 429 1016 452; x_wconf 91' lang='lat' dir='ltr'><strong>tutn</strong></span> <span class='ocrx_word' id='word_1_280' title='bbox 1026 430 1164 460; x_wconf 70' lang='lat' dir='ltr'><strong>praestare,</strong></span> <span class='ocrx_word' id='word_1_281' title='bbox 1171 432 1197 453; x_wconf 90' lang='lat' dir='ltr'><strong>et</strong></span> <span class='ocrx_word' id='word_1_282' title='bbox 1208 425 1357 454; x_wconf 83' lang='lat' dir='ltr'><strong>innumeris</strong></span> <span class='ocrx_word' id='word_1_283' title='bbox 1366 425 1424 461; x_wconf 82' lang='lat' dir='ltr'><strong>ejus</strong></span> <span class='ocrx_word' id='word_1_284' title='bbox 1432 425 1510 454; x_wconf 89' lang='lat' dir='ltr'><strong>donis</strong></span> <span class='ocrx_word' id='word_1_285' title='bbox 1517 427 1664 454; x_wconf 88' lang='lat' dir='ltr'><strong>secundum</strong></span> <span class='ocrx_word' id='word_1_286' title='bbox 1676 427 1749 454; x_wconf 81' lang='lat' dir='ltr'><strong>vires</strong></span> 
     </span>
    </p>
   </div>
   <div class='ocr_carea' id='block_1_39' title="bbox 960 470 1779 506">
    <p class='ocr_par' dir='ltr' id='par_1_39' title="bbox 960 470 1779 506">
     <span class='ocr_line' id='line_1_39' title="bbox 960 470 1779 506; baseline 0.002 -10"><span class='ocrx_word' id='word_1_287' title='bbox 960 470 1124 504; x_wconf 84' lang='lat' dir='ltr'><strong>respondere</strong></span> <span class='ocrx_word' id='word_1_288' title='bbox 1135 477 1192 502; x_wconf 90' lang='lat' dir='ltr'><strong>ore,</strong></span> <span class='ocrx_word' id='word_1_289' title='bbox 1208 474 1297 498; x_wconf 88' lang='lat' dir='ltr'><strong>mente</strong></span> <span class='ocrx_word' id='word_1_290' title='bbox 1310 474 1337 498; x_wconf 90' lang='lat' dir='ltr'><strong>et</strong></span> <span class='ocrx_word' id='word_1_291' title='bbox 1348 470 1442 498; x_wconf 88' lang='lat' dir='ltr'><strong>corde.</strong></span> <span class='ocrx_word' id='word_1_292' title='bbox 1456 470 1510 498; x_wconf 83' lang='lat' dir='ltr'><strong>Ore</strong></span> <span class='ocrx_word' id='word_1_293' title='bbox 1522 470 1643 506; x_wconf 84' lang='lat' dir='ltr'><strong>quidem,</strong></span> <span class='ocrx_word' id='word_1_294' title='bbox 1658 472 1748 506; x_wconf 90' lang='lat' dir='ltr'><strong>quoti-</strong></span> <span class='ocrx_word' id='word_1_295' title='bbox 1772 473 1779 477; x_wconf 82' lang='lat'><em>‘</em></span> 
     </span>
    </p>
   </div>
   <div class='ocr_carea' id='block_1_40' title="bbox 960 516 1749 552">
    <p class='ocr_par' dir='ltr' id='par_1_40' title="bbox 960 516 1749 552">
     <span class='ocr_line' id='line_1_40' title="bbox 960 516 1749 552; baseline 0.004 -9"><span class='ocrx_word' id='word_1_296' title='bbox 960 516 1005 544; x_wconf 88' lang='lat' dir='ltr'><strong>die</strong></span> <span class='ocrx_word' id='word_1_297' title='bbox 1019 517 1046 543; x_wconf 88' lang='lat' dir='ltr'><strong>itt</strong></span> <span class='ocrx_word' id='word_1_298' title='bbox 1062 516 1170 551; x_wconf 83' lang='lat' dir='ltr'><strong>publico</strong></span> <span class='ocrx_word' id='word_1_299' title='bbox 1181 522 1208 544; x_wconf 89' lang='lat' dir='ltr'><strong>et</strong></span> <span class='ocrx_word' id='word_1_300' title='bbox 1217 517 1343 552; x_wconf 86' lang='lat' dir='ltr'><strong>privatim</strong></span> <span class='ocrx_word' id='word_1_301' title='bbox 1360 517 1503 550; x_wconf 82' lang='lat' dir='ltr'><strong>cantando,</strong></span> <span class='ocrx_word' id='word_1_302' title='bbox 1521 517 1707 546; x_wconf 86' lang='lat' dir='ltr'><strong>benedicendo</strong></span> <span class='ocrx_word' id='word_1_303' title='bbox 1721 525 1749 546; x_wconf 90' lang='lat' dir='ltr'><strong>et</strong></span> 
     </span>
    </p>
   </div>
   <div class='ocr_carea' id='block_1_41' title="bbox 960 561 1748 597">
    <p class='ocr_par' dir='ltr' id='par_1_41' title="bbox 960 561 1748 597">
     <span class='ocr_line' id='line_1_41' title="bbox 960 561 1748 597; baseline 0.001 -9"><span class='ocrx_word' id='word_1_304' title='bbox 960 561 1137 596; x_wconf 70' lang='lat' dir='ltr'><strong>gloriﬁcaudo</strong></span> <span class='ocrx_word' id='word_1_305' title='bbox 1161 561 1234 589; x_wconf 83' lang='lat' dir='ltr'><strong>illius</strong></span> <span class='ocrx_word' id='word_1_306' title='bbox 1254 562 1281 588; x_wconf 92' lang='lat' dir='ltr'><strong>in</strong></span> <span class='ocrx_word' id='word_1_307' title='bbox 1306 562 1452 589; x_wconf 82' lang='lat' dir='ltr'><strong>humanam</strong></span> <span class='ocrx_word' id='word_1_308' title='bbox 1468 566 1576 596; x_wconf 75' lang='lat' dir='ltr'><strong>gentem</strong></span> <span class='ocrx_word' id='word_1_309' title='bbox 1592 563 1748 597; x_wconf 71' lang='lat' dir='ltr'><strong>patientiam</strong></span> 
     </span>
    </p>
   </div>
   <div class='ocr_carea' id='block_1_42' title="bbox 960 606 1747 642">
    <p class='ocr_par' dir='ltr' id='par_1_42' title="bbox 960 606 1747 642">
     <span class='ocr_line' id='line_1_42' title="bbox 960 606 1747 642; baseline 0.003 -9"><span class='ocrx_word' id='word_1_310' title='bbox 960 611 986 633; x_wconf 90' lang='lat' dir='ltr'><strong>et</strong></span> <span class='ocrx_word' id='word_1_311' title='bbox 1003 606 1215 642; x_wconf 77' lang='lat' dir='ltr'><strong>benignitatem;</strong></span> <span class='ocrx_word' id='word_1_312' title='bbox 1234 612 1323 634; x_wconf 88' lang='lat' dir='ltr'><strong>mente</strong></span> <span class='ocrx_word' id='word_1_313' title='bbox 1336 611 1425 634; x_wconf 90' lang='lat' dir='ltr'><strong>atttem</strong></span> <span class='ocrx_word' id='word_1_314' title='bbox 1439 607 1511 634; x_wconf 92' lang='lat' dir='ltr'><strong>illum</strong></span> <span class='ocrx_word' id='word_1_315' title='bbox 1524 607 1709 636; x_wconf 82' lang='lat' dir='ltr'><strong>indeﬂcienter</strong></span> <span class='ocrx_word' id='word_1_316' title='bbox 1720 613 1747 635; x_wconf 84' lang='grc' dir='ltr'><strong>ιιι</strong></span> 
     </span>
    </p>
   </div>
   <div class='ocr_carea' id='block_1_43' title="bbox 962 652 1748 687">
    <p class='ocr_par' dir='ltr' id='par_1_43' title="bbox 962 652 1748 687">
     <span class='ocr_line' id='line_1_43' title="bbox 962 652 1748 687; baseline 0 -7"><span class='ocrx_word' id='word_1_317' title='bbox 962 652 1046 680; x_wconf 88' lang='lat' dir='ltr'><strong>Deum</strong></span> <span class='ocrx_word' id='word_1_318' title='bbox 1056 652 1204 685; x_wconf 76' lang='lat' dir='ltr'><strong>adoranda,</strong></span> <span class='ocrx_word' id='word_1_319' title='bbox 1213 657 1239 679; x_wconf 86' lang='lat' dir='ltr'><strong>et</strong></span> <span class='ocrx_word' id='word_1_320' title='bbox 1250 653 1332 680; x_wconf 83' lang='lat' dir='ltr'><strong>corde</strong></span> <span class='ocrx_word' id='word_1_321' title='bbox 1342 652 1475 687; x_wconf 88' lang='lat' dir='ltr'><strong>optimum</strong></span> <span class='ocrx_word' id='word_1_322' title='bbox 1486 657 1513 680; x_wconf 87' lang='lat' dir='ltr'><strong>et</strong></span> <span class='ocrx_word' id='word_1_323' title='bbox 1524 654 1748 687; x_wconf 79' lang='lat' dir='ltr'><strong>pretiosissimum</strong></span> 
     </span>
    </p>
   </div>
   <div class='ocr_carea' id='block_1_44' title="bbox 961 698 1750 733">
    <p class='ocr_par' dir='ltr' id='par_1_44' title="bbox 961 698 1750 733">
     <span class='ocr_line' id='line_1_44' title="bbox 961 698 1750 733; baseline 0.001 -7"><span class='ocrx_word' id='word_1_324' title='bbox 961 706 1054 726; x_wconf 72' lang='lat' dir='ltr'><strong>eorum</strong></span> <span class='ocrx_word' id='word_1_325' title='bbox 1070 707 1130 733; x_wconf 67' lang='lat' dir='ltr'><strong>qua:</strong></span> <span class='ocrx_word' id='word_1_326' title='bbox 1143 698 1224 726; x_wconf 80' lang='lat' dir='ltr'><strong>habet</strong></span> <span class='ocrx_word' id='word_1_327' title='bbox 1238 698 1275 725; x_wconf 87' lang='lat' dir='ltr'><strong>illi</strong></span> <span class='ocrx_word' id='word_1_328' title='bbox 1299 699 1448 726; x_wconf 79' lang='lat' dir='ltr'><strong>voluntarie</strong></span> <span class='ocrx_word' id='word_1_329' title='bbox 1461 698 1610 733; x_wconf 70' lang='lat' dir='ltr'><strong>offerendo,</strong></span> <span class='ocrx_word' id='word_1_330' title='bbox 1622 704 1651 727; x_wconf 87' lang='lat' dir='ltr'><strong>ut</strong></span> <span class='ocrx_word' id='word_1_331' title='bbox 1664 700 1750 727; x_wconf 89' lang='lat' dir='ltr'><strong>bono-</strong></span> 
     </span>
    </p>
   </div>
   <div class='ocr_carea' id='block_1_45' title="bbox 962 745 1750 778">
    <p class='ocr_par' dir='ltr' id='par_1_45' title="bbox 962 745 1750 778">
     <span class='ocr_line' id='line_1_45' title="bbox 962 745 1750 778; baseline -0.001 -5"><span class='ocrx_word' id='word_1_332' title='bbox 962 753 1022 773; x_wconf 84' lang='lat' dir='ltr'><strong>rum</strong></span> <span class='ocrx_word' id='word_1_333' title='bbox 1047 745 1167 771; x_wconf 89' lang='lat' dir='ltr'><strong>omnium</strong></span> <span class='ocrx_word' id='word_1_334' title='bbox 1193 745 1243 772; x_wconf 84' lang='lat' dir='ltr'><strong>soli</strong></span> <span class='ocrx_word' id='word_1_335' title='bbox 1261 745 1394 778; x_wconf 88' lang='lat' dir='ltr'><strong>principio</strong></span> <span class='ocrx_word' id='word_1_336' title='bbox 1418 749 1445 772; x_wconf 76' lang='lat' dir='ltr'><strong>ct</strong></span> <span class='ocrx_word' id='word_1_337' title='bbox 1472 745 1586 773; x_wconf 86' lang='lat' dir='ltr'><strong>auctori.</strong></span> <span class='ocrx_word' id='word_1_338' title='bbox 1603 745 1692 778; x_wconf 85' lang='lat' dir='ltr'><strong>Quare</strong></span> <span class='ocrx_word' id='word_1_339' title='bbox 1705 754 1750 774; x_wconf 81' lang='lat' dir='ltr'><strong>sa-</strong></span> 
     </span>
    </p>
   </div>
   <div class='ocr_carea' id='block_1_46' title="bbox 962 789 1751 825">
    <p class='ocr_par' dir='ltr' id='par_1_46' title="bbox 962 789 1751 825">
     <span class='ocr_line' id='line_1_46' title="bbox 962 789 1751 825; baseline 0.003 -9"><span class='ocrx_word' id='word_1_340' title='bbox 962 791 1039 825; x_wconf 87' lang='lat' dir='ltr'><strong>pietts</strong></span> <span class='ocrx_word' id='word_1_341' title='bbox 1057 789 1160 824; x_wconf 84' lang='lat' dir='ltr'><strong>antiqui</strong></span> <span class='ocrx_word' id='word_1_342' title='bbox 1179 789 1260 817; x_wconf 86' lang='lat' dir='ltr'><strong>Israel</strong></span> <span class='ocrx_word' id='word_1_343' title='bbox 1275 789 1343 817; x_wconf 88' lang='lat' dir='ltr'><strong>dixit</strong></span> <span class='ocrx_word' id='word_1_344' title='bbox 1370 790 1509 824; x_wconf 78' lang='lat' dir='ltr'><strong>legislator</strong></span> <span class='ocrx_word' id='word_1_345' title='bbox 1532 799 1538 817; x_wconf 88' lang='lat'>:</span> <span class='ocrx_word' id='word_1_346' title='bbox 1568 799 1578 817; x_wconf 75' lang='grc' dir='ltr'><strong>ι</strong></span> <span class='ocrx_word' id='word_1_347' title='bbox 1594 790 1622 817; x_wconf 88' lang='lat' dir='ltr'><strong>ln</strong></span> <span class='ocrx_word' id='word_1_348' title='bbox 1641 798 1689 818; x_wconf 88' lang='lat' dir='ltr'><strong>ore</strong></span> <span class='ocrx_word' id='word_1_349' title='bbox 1705 796 1751 818; x_wconf 85' lang='lat' dir='ltr'><strong>tuo</strong></span> 
     </span>
    </p>
   </div>
   <div class='ocr_carea' id='block_1_47' title="bbox 963 835 1749 870">
    <p class='ocr_par' dir='ltr' id='par_1_47' title="bbox 963 835 1749 870">
     <span class='ocr_line' id='line_1_47' title="bbox 963 835 1749 870; baseline 0 -8"><span class='ocrx_word' id='word_1_350' title='bbox 963 841 989 862; x_wconf 87' lang='lat' dir='ltr'><strong>et</strong></span> <span class='ocrx_word' id='word_1_351' title='bbox 1007 835 1033 862; x_wconf 89' lang='lat' dir='ltr'><strong>itt</strong></span> <span class='ocrx_word' id='word_1_352' title='bbox 1055 835 1136 862; x_wconf 88' lang='lat' dir='ltr'><strong>corde</strong></span> <span class='ocrx_word' id='word_1_353' title='bbox 1152 839 1198 862; x_wconf 93' lang='lat' dir='ltr'><strong>tuo</strong></span> <span class='ocrx_word' id='word_1_354' title='bbox 1209 840 1236 862; x_wconf 86' lang='lat' dir='ltr'><strong>et</strong></span> <span class='ocrx_word' id='word_1_355' title='bbox 1259 836 1285 862; x_wconf 91' lang='lat' dir='ltr'><strong>itt</strong></span> <span class='ocrx_word' id='word_1_356' title='bbox 1305 835 1429 862; x_wconf 81' lang='lat' dir='ltr'><strong>inanibus</strong></span> <span class='ocrx_word' id='word_1_357' title='bbox 1446 836 1497 862; x_wconf 81' lang='lat' dir='ltr'><strong>luis</strong></span> <span class='ocrx_word' id='word_1_358' title='bbox 1514 836 1538 868; x_wconf 85' lang='grc'><strong>¹;</strong></span> <span class='ocrx_word' id='word_1_359' title='bbox 1565 845 1575 861; x_wconf 75' lang='grc' dir='ltr'><strong>ι</strong></span> <span class='ocrx_word' id='word_1_360' title='bbox 1601 842 1626 863; x_wconf 85' lang='lat' dir='ltr'><strong>ct</strong></span> <span class='ocrx_word' id='word_1_361' title='bbox 1641 837 1749 870; x_wconf 84' lang='lat' dir='ltr'><strong>iterum,</strong></span> 
     </span>
    </p>
   </div>
   <div class='ocr_carea' id='block_1_48' title="bbox 963 880 1750 918">
    <p class='ocr_par' dir='ltr' id='par_1_48' title="bbox 963 880 1750 918">
     <span class='ocr_line' id='line_1_48' title="bbox 963 880 1750 918; baseline 0.005 -12"><span class='ocrx_word' id='word_1_362' title='bbox 963 881 1040 915; x_wconf 84' lang='lat' dir='ltr'><strong>quasi</strong></span> <span class='ocrx_word' id='word_1_363' title='bbox 1053 881 1079 907; x_wconf 89' lang='lat' dir='ltr'><strong>in</strong></span> <span class='ocrx_word' id='word_1_364' title='bbox 1099 888 1214 915; x_wconf 83' lang='lat' dir='ltr'><strong>persona</strong></span> <span class='ocrx_word' id='word_1_365' title='bbox 1228 881 1286 912; x_wconf 84' lang='lat' dir='ltr'><strong>Dei,</strong></span> <span class='ocrx_word' id='word_1_366' title='bbox 1305 890 1313 906; x_wconf 85' lang='grc' dir='ltr'><strong>ι</strong></span> <span class='ocrx_word' id='word_1_367' title='bbox 1330 880 1389 908; x_wconf 84' lang='lat' dir='ltr'><strong>Non</strong></span> <span class='ocrx_word' id='word_1_368' title='bbox 1405 882 1548 916; x_wconf 83' lang='lat' dir='ltr'><strong>apparebis</strong></span> <span class='ocrx_word' id='word_1_369' title='bbox 1564 883 1590 909; x_wconf 95' lang='lat' dir='ltr'><strong>in</strong></span> <span class='ocrx_word' id='word_1_370' title='bbox 1603 888 1750 918; x_wconf 72' lang='lat' dir='ltr'><strong>conspectu</strong></span> 
     </span>
    </p>
   </div>
   <div class='ocr_carea' id='block_1_49' title="bbox 964 927 1749 962">
    <p class='ocr_par' dir='ltr' id='par_1_49' title="bbox 964 927 1749 962">
     <span class='ocr_line' id='line_1_49' title="bbox 964 927 1749 962; baseline 0.004 -10"><span class='ocrx_word' id='word_1_371' title='bbox 964 934 1024 953; x_wconf 86' lang='lat' dir='ltr'><strong>meo</strong></span> <span class='ocrx_word' id='word_1_372' title='bbox 1040 934 1143 953; x_wconf 69' lang='lat' dir='ltr'><strong>vat-uua</strong></span> <span class='ocrx_word' id='word_1_373' title='bbox 1157 927 1184 959; x_wconf 82' lang='lat'><strong>&#39;;</strong></span> <span class='ocrx_word' id='word_1_374' title='bbox 1203 936 1211 952; x_wconf 74' lang='grc' dir='ltr'><strong>ι</strong></span> <span class='ocrx_word' id='word_1_375' title='bbox 1226 928 1371 954; x_wconf 82' lang='lat' dir='ltr'><strong>ostendens</strong></span> <span class='ocrx_word' id='word_1_376' title='bbox 1387 935 1434 962; x_wconf 90' lang='lat' dir='ltr'><strong>per</strong></span> <span class='ocrx_word' id='word_1_377' title='bbox 1451 927 1506 954; x_wconf 63' lang='lat' dir='ltr'><strong>ltmc</strong></span> <span class='ocrx_word' id='word_1_378' title='bbox 1523 933 1649 962; x_wconf 81' lang='lat' dir='ltr'><strong>oportere</strong></span> <span class='ocrx_word' id='word_1_379' title='bbox 1666 928 1749 956; x_wconf 89' lang='lat' dir='ltr'><strong>Demo</strong></span> 
     </span>
    </p>
   </div>
   <div class='ocr_carea' id='block_1_50' title="bbox 962 972 1750 1008">
    <p class='ocr_par' dir='ltr' id='par_1_50' title="bbox 962 972 1750 1008">
     <span class='ocr_line' id='line_1_50' title="bbox 962 972 1750 1008; baseline 0.001 -8"><span class='ocrx_word' id='word_1_380' title='bbox 962 972 1121 1008; x_wconf 73' lang='lat' dir='ltr'><strong>gloriﬁcari,</strong></span> <span class='ocrx_word' id='word_1_381' title='bbox 1140 972 1268 1006; x_wconf 79' lang='lat' dir='ltr'><strong>quoniam</strong></span> <span class='ocrx_word' id='word_1_382' title='bbox 1298 973 1392 1000; x_wconf 85' lang='lat' dir='ltr'><strong>horum</strong></span> <span class='ocrx_word' id='word_1_383' title='bbox 1421 973 1465 1000; x_wconf 85' lang='lat' dir='ltr'><strong>ille</strong></span> <span class='ocrx_word' id='word_1_384' title='bbox 1486 973 1561 1001; x_wconf 83' lang='lat' dir='ltr'><strong>solus</strong></span> <span class='ocrx_word' id='word_1_385' title='bbox 1586 981 1666 1004; x_wconf 84' lang='lat' dir='ltr'><strong>quem</strong></span> <span class='ocrx_word' id='word_1_386' title='bbox 1684 974 1750 1001; x_wconf 79' lang='lat' dir='ltr'><strong>nihil</strong></span> 
     </span>
    </p>
   </div>
   <div class='ocr_carea' id='block_1_51' title="bbox 962 1018 1751 1055">
    <p class='ocr_par' dir='ltr' id='par_1_51' title="bbox 962 1018 1751 1055">
     <span class='ocr_line' id='line_1_51' title="bbox 962 1018 1751 1055; baseline 0.001 -9"><span class='ocrx_word' id='word_1_387' title='bbox 962 1019 1030 1054; x_wconf 75' lang='lat' dir='ltr'><strong>fugit</strong></span> <span class='ocrx_word' id='word_1_388' title='bbox 1039 1019 1188 1053; x_wconf 85' lang='lat' dir='ltr'><strong>exquisitor</strong></span> <span class='ocrx_word' id='word_1_389' title='bbox 1198 1023 1249 1046; x_wconf 91' lang='lat' dir='ltr'><strong>est.</strong></span> <span class='ocrx_word' id='word_1_390' title='bbox 1261 1018 1288 1045; x_wconf 88' lang='lat' dir='ltr'><strong>Si</strong></span> <span class='ocrx_word' id='word_1_391' title='bbox 1301 1019 1382 1053; x_wconf 81' lang='lat' dir='ltr'><strong>igitur</strong></span> <span class='ocrx_word' id='word_1_392' title='bbox 1395 1020 1420 1047; x_wconf 92' lang='lat' dir='ltr'><strong>id</strong></span> <span class='ocrx_word' id='word_1_393' title='bbox 1434 1021 1559 1048; x_wconf 89' lang='lat' dir='ltr'><strong>omnibus</strong></span> <span class='ocrx_word' id='word_1_394' title='bbox 1571 1021 1622 1055; x_wconf 90' lang='lat' dir='ltr'><strong>piis</strong></span> <span class='ocrx_word' id='word_1_395' title='bbox 1631 1021 1722 1048; x_wconf 89' lang='lat' dir='ltr'><strong>distric</strong></span> <span class='ocrx_word' id='word_1_396' title='bbox 1735 1029 1751 1047; x_wconf 71' lang='grc' dir='ltr'><strong>ο</strong></span> 
     </span>
    </p>
   </div>
   <div class='ocr_carea' id='block_1_52' title="bbox 963 1064 1750 1099">
    <p class='ocr_par' dir='ltr' id='par_1_52' title="bbox 963 1064 1750 1099">
     <span class='ocr_line' id='line_1_52' title="bbox 963 1064 1750 1099; baseline 0 -9"><span class='ocrx_word' id='word_1_397' title='bbox 963 1064 1128 1098; x_wconf 70' lang='lat' dir='ltr'><strong>prmcipitur,</strong></span> <span class='ocrx_word' id='word_1_398' title='bbox 1139 1064 1223 1092; x_wconf 87' lang='lat' dir='ltr'><strong>multo</strong></span> <span class='ocrx_word' id='word_1_399' title='bbox 1236 1064 1322 1099; x_wconf 79' lang='lat' dir='ltr'><strong>magis</strong></span> <span class='ocrx_word' id='word_1_400' title='bbox 1334 1064 1375 1092; x_wconf 91' lang='lat' dir='ltr'><strong>his</strong></span> <span class='ocrx_word' id='word_1_401' title='bbox 1390 1064 1435 1099; x_wconf 92' lang='lat' dir='ltr'><strong>qui</strong></span> <span class='ocrx_word' id='word_1_402' title='bbox 1449 1071 1497 1099; x_wconf 88' lang='lat' dir='ltr'><strong>per</strong></span> <span class='ocrx_word' id='word_1_403' title='bbox 1513 1064 1588 1091; x_wconf 88' lang='lat' dir='ltr'><strong>illutn</strong></span> <span class='ocrx_word' id='word_1_404' title='bbox 1607 1065 1750 1099; x_wconf 81' lang='lat' dir='ltr'><strong>imperant;</strong></span> 
     </span>
    </p>
   </div>
   <div class='ocr_carea' id='block_1_53' title="bbox 962 1109 1751 1145">
    <p class='ocr_par' dir='ltr' id='par_1_53' title="bbox 962 1109 1751 1145">
     <span class='ocr_line' id='line_1_53' title="bbox 962 1109 1751 1145; baseline -0.001 -8"><span class='ocrx_word' id='word_1_405' title='bbox 962 1119 990 1138; x_wconf 87' lang='lat' dir='ltr'><strong>e.</strong></span> <span class='ocrx_word' id='word_1_406' title='bbox 1008 1109 1060 1136; x_wconf 84' lang='lat' dir='ltr'><strong>hoc</strong></span> <span class='ocrx_word' id='word_1_407' title='bbox 1089 1109 1198 1144; x_wconf 79' lang='lat' dir='ltr'><strong>quidem</strong></span> <span class='ocrx_word' id='word_1_408' title='bbox 1213 1111 1280 1138; x_wconf 89' lang='lat' dir='ltr'><strong>duas</strong></span> <span class='ocrx_word' id='word_1_409' title='bbox 1296 1109 1331 1137; x_wconf 89' lang='lat' dir='ltr'><strong>ob</strong></span> <span class='ocrx_word' id='word_1_410' title='bbox 1355 1117 1463 1143; x_wconf 81' lang='lat' dir='ltr'><strong>causas,</strong></span> <span class='ocrx_word' id='word_1_411' title='bbox 1497 1114 1626 1145; x_wconf 86' lang='lat' dir='ltr'><strong>tanquam</strong></span> <span class='ocrx_word' id='word_1_412' title='bbox 1646 1110 1751 1137; x_wconf 70' lang='lat' dir='ltr'><strong>scilicet</strong></span> 
     </span>
    </p>
   </div>
   <div class='ocr_carea' id='block_1_54' title="bbox 962 1156 1750 1191">
    <p class='ocr_par' dir='ltr' id='par_1_54' title="bbox 962 1156 1750 1191">
     <span class='ocr_line' id='line_1_54' title="bbox 962 1156 1750 1191; baseline 0 -9"><span class='ocrx_word' id='word_1_413' title='bbox 962 1156 1125 1191; x_wconf 85' lang='lat' dir='ltr'><strong>multiplices</strong></span> <span class='ocrx_word' id='word_1_414' title='bbox 1139 1156 1298 1183; x_wconf 70' lang='lat' dir='ltr'><strong>debentibus</strong></span> <span class='ocrx_word' id='word_1_415' title='bbox 1307 1157 1410 1190; x_wconf 76' lang='lat' dir='ltr'><strong>gratias</strong></span> <span class='ocrx_word' id='word_1_416' title='bbox 1422 1157 1610 1184; x_wconf 88' lang='lat' dir='ltr'><strong>universorum</strong></span> <span class='ocrx_word' id='word_1_417' title='bbox 1626 1156 1750 1187; x_wconf 83' lang='lat' dir='ltr'><strong>Domino,</strong></span> 
     </span>
    </p>
   </div>
   <div class='ocr_carea' id='block_1_55' title="bbox 964 1201 1752 1236">
    <p class='ocr_par' dir='ltr' id='par_1_55' title="bbox 964 1201 1752 1236">
     <span class='ocr_line' id='line_1_55' title="bbox 964 1201 1752 1236; baseline 0 -8"><span class='ocrx_word' id='word_1_418' title='bbox 964 1207 994 1228; x_wconf 91' lang='lat' dir='ltr'><strong>ut</strong></span> <span class='ocrx_word' id='word_1_419' title='bbox 1011 1210 1065 1236; x_wconf 67' lang='grc' dir='ltr'>ιιι-αξ</span> <span class='ocrx_word' id='word_1_420' title='bbox 1080 1202 1140 1230; x_wconf 83' lang='lat' dir='ltr'><strong>aliis</strong></span> <span class='ocrx_word' id='word_1_421' title='bbox 1154 1202 1324 1229; x_wconf 81' lang='lat' dir='ltr'><strong>abundanter</strong></span> <span class='ocrx_word' id='word_1_422' title='bbox 1342 1203 1375 1229; x_wconf 89' lang='lat' dir='ltr'><strong>ab</strong></span> <span class='ocrx_word' id='word_1_423' title='bbox 1392 1202 1437 1229; x_wconf 93' lang='lat' dir='ltr'><strong>illo</strong></span> <span class='ocrx_word' id='word_1_424' title='bbox 1459 1201 1658 1234; x_wconf 80' lang='lat' dir='ltr'><strong>honoriﬁcatis,</strong></span> <span class='ocrx_word' id='word_1_425' title='bbox 1674 1206 1702 1228; x_wconf 89' lang='lat' dir='ltr'><strong>et</strong></span> <span class='ocrx_word' id='word_1_426' title='bbox 1718 1209 1752 1228; x_wconf 87' lang='lat' dir='ltr'><strong>eo</strong></span> 
     </span>
    </p>
   </div>
   <div class='ocr_carea' id='block_1_56' title="bbox 963 1247 1753 1281">
    <p class='ocr_par' dir='ltr' id='par_1_56' title="bbox 963 1247 1753 1281">
     <span class='ocr_line' id='line_1_56' title="bbox 963 1247 1753 1281; baseline -0.003 -7"><span class='ocrx_word' id='word_1_427' title='bbox 963 1248 1034 1281; x_wconf 87' lang='lat' dir='ltr'><strong>quod</strong></span> <span class='ocrx_word' id='word_1_428' title='bbox 1058 1254 1118 1274; x_wconf 88' lang='lat' dir='ltr'><strong>esse</strong></span> <span class='ocrx_word' id='word_1_429' title='bbox 1146 1247 1262 1274; x_wconf 78' lang='lat' dir='ltr'><strong>debeant</strong></span> <span class='ocrx_word' id='word_1_430' title='bbox 1279 1247 1340 1274; x_wconf 83' lang='lat' dir='ltr'><strong>aliis</strong></span> <span class='ocrx_word' id='word_1_431' title='bbox 1354 1247 1463 1274; x_wconf 91' lang='lat' dir='ltr'><strong>virtutis</strong></span> <span class='ocrx_word' id='word_1_432' title='bbox 1484 1253 1578 1273; x_wconf 86' lang='lat' dir='ltr'><strong>norma</strong></span> <span class='ocrx_word' id='word_1_433' title='bbox 1600 1251 1628 1274; x_wconf 89' lang='lat' dir='ltr'><strong>et</strong></span> <span class='ocrx_word' id='word_1_434' title='bbox 1642 1247 1753 1281; x_wconf 81' lang='lat' dir='ltr'><strong>pietatis</strong></span> 
     </span>
    </p>
   </div>
   <div class='ocr_carea' id='block_1_57' title="bbox 962 1291 1752 1326">
    <p class='ocr_par' dir='ltr' id='par_1_57' title="bbox 962 1291 1752 1326">
     <span class='ocr_line' id='line_1_57' title="bbox 962 1291 1752 1326; baseline -0.003 -7"><span class='ocrx_word' id='word_1_435' title='bbox 962 1291 1111 1326; x_wconf 81' lang='lat' dir='ltr'><strong>exemplar.</strong></span> <span class='ocrx_word' id='word_1_436' title='bbox 1137 1291 1232 1318; x_wconf 81' lang='lat' dir='ltr'><strong>Iisdem</strong></span> <span class='ocrx_word' id='word_1_437' title='bbox 1264 1298 1372 1326; x_wconf 87' lang='lat' dir='ltr'><strong>quoque</strong></span> <span class='ocrx_word' id='word_1_438' title='bbox 1397 1291 1568 1318; x_wconf 85' lang='lat' dir='ltr'><strong>immaculata</strong></span> <span class='ocrx_word' id='word_1_439' title='bbox 1596 1291 1680 1318; x_wconf 83' lang='lat' dir='ltr'><strong>Mater</strong></span> <span class='ocrx_word' id='word_1_440' title='bbox 1694 1291 1752 1325; x_wconf 71' lang='lat' dir='ltr'><strong>ejus</strong></span> 
     </span>
    </p>
   </div>
   <div class='ocr_carea' id='block_1_58' title="bbox 962 1335 1750 1371">
    <p class='ocr_par' dir='ltr' id='par_1_58' title="bbox 962 1335 1750 1371">
     <span class='ocr_line' id='line_1_58' title="bbox 962 1335 1750 1371; baseline -0.003 -8"><span class='ocrx_word' id='word_1_441' title='bbox 962 1343 989 1364; x_wconf 88' lang='lat' dir='ltr'><strong>et</strong></span> <span class='ocrx_word' id='word_1_442' title='bbox 1005 1337 1079 1371; x_wconf 75' lang='lat' dir='ltr'><strong>virgo</strong></span> <span class='ocrx_word' id='word_1_443' title='bbox 1092 1337 1205 1371; x_wconf 83' lang='lat' dir='ltr'><strong>Deipara</strong></span> <span class='ocrx_word' id='word_1_444' title='bbox 1217 1335 1300 1363; x_wconf 87' lang='lat' dir='ltr'><strong>Maria</strong></span> <span class='ocrx_word' id='word_1_445' title='bbox 1312 1337 1469 1364; x_wconf 86' lang='lat' dir='ltr'><strong>honoranda</strong></span> <span class='ocrx_word' id='word_1_446' title='bbox 1484 1341 1536 1368; x_wconf 88' lang='lat' dir='ltr'><strong>est,</strong></span> <span class='ocrx_word' id='word_1_447' title='bbox 1550 1335 1621 1362; x_wconf 88' lang='lat' dir='ltr'><strong>velut</strong></span> <span class='ocrx_word' id='word_1_448' title='bbox 1631 1336 1750 1363; x_wconf 75' lang='lat' dir='ltr'><strong>omnium</strong></span> 
     </span>
    </p>
   </div>
   <div class='ocr_carea' id='block_1_59' title="bbox 962 1381 1753 1417">
    <p class='ocr_par' dir='ltr' id='par_1_59' title="bbox 962 1381 1753 1417">
     <span class='ocr_line' id='line_1_59' title="bbox 962 1381 1753 1417; baseline -0.004 -7"><span class='ocrx_word' id='word_1_449' title='bbox 962 1383 1059 1410; x_wconf 81' lang='lat' dir='ltr'><strong>salutis</strong></span> <span class='ocrx_word' id='word_1_450' title='bbox 1072 1382 1262 1417; x_wconf 85' lang='lat' dir='ltr'><strong>procuratrix;</strong></span> <span class='ocrx_word' id='word_1_451' title='bbox 1289 1382 1353 1416; x_wconf 90' lang='lat' dir='ltr'><strong>quin</strong></span> <span class='ocrx_word' id='word_1_452' title='bbox 1379 1382 1459 1409; x_wconf 87' lang='lat' dir='ltr'><strong>etiam</strong></span> <span class='ocrx_word' id='word_1_453' title='bbox 1477 1386 1538 1416; x_wconf 91' lang='lat' dir='ltr'><strong>post</strong></span> <span class='ocrx_word' id='word_1_454' title='bbox 1564 1381 1636 1409; x_wconf 77' lang='lat' dir='ltr'><strong>illam</strong></span> <span class='ocrx_word' id='word_1_455' title='bbox 1653 1382 1753 1416; x_wconf 88' lang='lat' dir='ltr'><strong>pretio-</strong></span> 
     </span>
    </p>
   </div>
   <div class='ocr_carea' id='block_1_60' title="bbox 963 1427 1752 1462">
    <p class='ocr_par' dir='ltr' id='par_1_60' title="bbox 963 1427 1752 1462">
     <span class='ocr_line' id='line_1_60' title="bbox 963 1427 1752 1462; baseline -0.001 -8"><span class='ocrx_word' id='word_1_456' title='bbox 963 1436 1022 1455; x_wconf 91' lang='lat' dir='ltr'><strong>sum</strong></span> <span class='ocrx_word' id='word_1_457' title='bbox 1038 1427 1150 1454; x_wconf 67' lang='lat' dir='ltr'><strong>vivilicm</strong></span> <span class='ocrx_word' id='word_1_458' title='bbox 1163 1427 1253 1454; x_wconf 83' lang='lat' dir='ltr'><strong>crucis</strong></span> <span class='ocrx_word' id='word_1_459' title='bbox 1269 1427 1369 1462; x_wconf 80' lang='lat' dir='ltr'><strong>lignum</strong></span> <span class='ocrx_word' id='word_1_460' title='bbox 1385 1427 1474 1455; x_wconf 88' lang='lat' dir='ltr'><strong>colere</strong></span> <span class='ocrx_word' id='word_1_461' title='bbox 1490 1432 1517 1454; x_wconf 87' lang='lat' dir='ltr'><strong>et</strong></span> <span class='ocrx_word' id='word_1_462' title='bbox 1534 1427 1649 1454; x_wconf 84' lang='lat' dir='ltr'><strong>adorare</strong></span> <span class='ocrx_word' id='word_1_463' title='bbox 1672 1435 1752 1461; x_wconf 80' lang='lat' dir='ltr'><strong>opor-</strong></span> 
     </span>
    </p>
   </div>
   <div class='ocr_carea' id='block_1_61' title="bbox 963 1473 1749 1509">
    <p class='ocr_par' dir='ltr' id='par_1_61' title="bbox 963 1473 1749 1509">
     <span class='ocr_line' id='line_1_61' title="bbox 963 1473 1749 1509; baseline -0.001 -9"><span class='ocrx_word' id='word_1_464' title='bbox 963 1478 1022 1501; x_wconf 86' lang='lat' dir='ltr'><strong>tet:</strong></span> <span class='ocrx_word' id='word_1_465' title='bbox 1044 1474 1076 1500; x_wconf 89' lang='lat' dir='ltr'><strong>de</strong></span> <span class='ocrx_word' id='word_1_466' title='bbox 1100 1474 1147 1501; x_wconf 89' lang='lat' dir='ltr'><strong>illo</strong></span> <span class='ocrx_word' id='word_1_467' title='bbox 1174 1474 1246 1502; x_wconf 88' lang='lat' dir='ltr'><strong>enim</strong></span> <span class='ocrx_word' id='word_1_468' title='bbox 1272 1473 1393 1508; x_wconf 87' lang='lat' dir='ltr'><strong>loquitur</strong></span> <span class='ocrx_word' id='word_1_469' title='bbox 1419 1481 1465 1501; x_wconf 89' lang='lat' dir='ltr'><strong>rex</strong></span> <span class='ocrx_word' id='word_1_470' title='bbox 1491 1473 1623 1509; x_wconf 88' lang='lat' dir='ltr'><strong>propheta</strong></span> <span class='ocrx_word' id='word_1_471' title='bbox 1643 1473 1749 1500; x_wconf 83' lang='lat' dir='ltr'><strong>David:</strong></span> 
     </span>
    </p>
   </div>
   <div class='ocr_carea' id='block_1_62' title="bbox 129 1515 910 1560">
    <p class='ocr_par' dir='ltr' id='par_1_62' title="bbox 129 1515 910 1554">
     <span class='ocr_line' id='line_1_62' title="bbox 129 1515 910 1554; baseline 0.006 -13"><span class='ocrx_word' id='word_1_472' title='bbox 129 1523 174 1542; x_wconf 88' lang='lat' dir='ltr'><strong>vov</strong></span> <span class='ocrx_word' id='word_1_473' title='bbox 185 1515 234 1551; x_wconf 70' lang='grc' dir='ltr'><strong>¹τὴν</strong></span> <span class='ocrx_word' id='word_1_474' title='bbox 246 1516 371 1544; x_wconf 87' lang='grc' dir='ltr'>θεοτόκον</span> <span class='ocrx_word' id='word_1_475' title='bbox 401 1518 510 1553; x_wconf 81' lang='grc' dir='ltr'>Μαρίαν</span> <span class='ocrx_word' id='word_1_476' title='bbox 526 1519 658 1554; x_wconf 79' lang='grc' dir='ltr'>τιμᾶσθαι</span> <span class='ocrx_word' id='word_1_477' title='bbox 675 1518 773 1554; x_wconf 82' lang='grc' dir='ltr'>χρεὼν,</span> <span class='ocrx_word' id='word_1_478' title='bbox 788 1519 825 1551; x_wconf 81' lang='grc' dir='ltr'><strong>ὡς</strong></span> <span class='ocrx_word' id='word_1_479' title='bbox 845 1519 910 1546; x_wconf 85' lang='grc' dir='ltr'>πάν-</span> 
     </span>
    </p>
   </div>
   <div class='ocr_carea' id='block_1_63' title="bbox 962 1515 1753 1560">
    <p class='ocr_par' dir='ltr' id='par_1_63' title="bbox 966 1518 1753 1547">
     <span class='ocr_line' id='line_1_63' title="bbox 966 1518 1753 1547; baseline 0.001 -3"><span class='ocrx_word' id='word_1_480' title='bbox 966 1528 976 1544; x_wconf 75' lang='grc'><strong>(</strong></span> <span class='ocrx_word' id='word_1_481' title='bbox 996 1518 1117 1546; x_wconf 85' lang='lat' dir='ltr'><strong>Exaltate</strong></span> <span class='ocrx_word' id='word_1_482' title='bbox 1134 1519 1277 1546; x_wconf 88' lang='lat' dir='ltr'><strong>Dominum</strong></span> <span class='ocrx_word' id='word_1_483' title='bbox 1294 1519 1376 1546; x_wconf 89' lang='lat' dir='ltr'><strong>Deutn</strong></span> <span class='ocrx_word' id='word_1_484' title='bbox 1393 1523 1512 1547; x_wconf 89' lang='lat' dir='ltr'><strong>vestrum</strong></span> <span class='ocrx_word' id='word_1_485' title='bbox 1527 1524 1555 1546; x_wconf 85' lang='lat' dir='ltr'><strong>et</strong></span> <span class='ocrx_word' id='word_1_486' title='bbox 1571 1520 1681 1546; x_wconf 86' lang='lat' dir='ltr'><strong>adorate</strong></span> <span class='ocrx_word' id='word_1_487' title='bbox 1692 1526 1753 1545; x_wconf 81' lang='lat' dir='ltr'><strong>sca-</strong></span> 
     </span>
    </p>
   </div>
   <div class='ocr_carea' id='block_1_64' title="bbox 127 1560 909 1601">
    <p class='ocr_par' dir='ltr' id='par_1_64' title="bbox 127 1560 909 1601">
     <span class='ocr_line' id='line_1_64' title="bbox 127 1560 909 1601; baseline 0.006 -13"><span class='ocrx_word' id='word_1_488' title='bbox 127 1570 181 1588; x_wconf 85' lang='grc' dir='ltr'><strong>των</strong></span> <span class='ocrx_word' id='word_1_489' title='bbox 206 1560 289 1590; x_wconf 77' lang='grc' dir='ltr'>οὖσαν</span> <span class='ocrx_word' id='word_1_490' title='bbox 310 1564 439 1600; x_wconf 82' lang='grc' dir='ltr'>πρόξενον</span> <span class='ocrx_word' id='word_1_491' title='bbox 466 1565 620 1601; x_wconf 79' lang='grc' dir='ltr'>σωτηρίας·</span> <span class='ocrx_word' id='word_1_492' title='bbox 643 1566 723 1593; x_wconf 79' lang='grc' dir='ltr'>Ἀλλὰ</span> <span class='ocrx_word' id='word_1_493' title='bbox 735 1566 767 1601; x_wconf 81' lang='grc' dir='ltr'>δὴ</span> <span class='ocrx_word' id='word_1_494' title='bbox 783 1567 830 1593; x_wconf 84' lang='grc' dir='ltr'>καὶ</span> <span class='ocrx_word' id='word_1_495' title='bbox 850 1566 909 1601; x_wconf 82' lang='grc' dir='ltr'>μετ’</span> 
     </span>
    </p>
   </div>
   <div class='ocr_carea' id='block_1_65' title="bbox 964 1563 1647 1598">
    <p class='ocr_par' dir='ltr' id='par_1_65' title="bbox 964 1563 1647 1598">
     <span class='ocr_line' id='line_1_65' title="bbox 964 1563 1647 1598; baseline -0.001 -5"><span class='ocrx_word' id='word_1_496' title='bbox 964 1564 1064 1593; x_wconf 80' lang='lat' dir='ltr'><strong>bellum</strong></span> <span class='ocrx_word' id='word_1_497' title='bbox 1083 1564 1181 1598; x_wconf 89' lang='lat' dir='ltr'><strong>pedum</strong></span> <span class='ocrx_word' id='word_1_498' title='bbox 1200 1563 1270 1598; x_wconf 88' lang='lat' dir='ltr'><strong>ejus,</strong></span> <span class='ocrx_word' id='word_1_499' title='bbox 1287 1564 1412 1598; x_wconf 85' lang='lat' dir='ltr'><strong>quoniam</strong></span> <span class='ocrx_word' id='word_1_500' title='bbox 1433 1569 1558 1592; x_wconf 88' lang='lat' dir='ltr'><strong>sanctum</strong></span> <span class='ocrx_word' id='word_1_501' title='bbox 1574 1569 1617 1591; x_wconf 66' lang='lat' dir='ltr'><strong>Bal</strong></span> <span class='ocrx_word' id='word_1_502' title='bbox 1627 1565 1647 1592; x_wconf 87' lang='grc'><strong>³.</strong></span> 
     </span>
    </p>
   </div>
   <div class='ocr_carea' id='block_1_66' title="bbox 127 1608 1752 1648">
    <p class='ocr_par' dir='ltr' id='par_1_66' title="bbox 127 1608 1752 1648">
     <span class='ocr_line' id='line_1_66' title="bbox 127 1608 1752 1648; baseline 0.002 -14"><span class='ocrx_word' id='word_1_503' title='bbox 127 1608 212 1644; x_wconf 84' lang='grc' dir='ltr'>αὐτὴν</span> <span class='ocrx_word' id='word_1_504' title='bbox 224 1609 255 1640; x_wconf 75' lang='grc' dir='ltr'>τὸ</span> <span class='ocrx_word' id='word_1_505' title='bbox 267 1609 313 1637; x_wconf 84' lang='grc' dir='ltr'>τοῦ</span> <span class='ocrx_word' id='word_1_506' title='bbox 328 1610 460 1642; x_wconf 76' lang='grc' dir='ltr'>ζωοποιοῦ</span> <span class='ocrx_word' id='word_1_507' title='bbox 474 1611 591 1647; x_wconf 84' lang='grc' dir='ltr'>σταυροῦ</span> <span class='ocrx_word' id='word_1_508' title='bbox 613 1612 819 1648; x_wconf 80' lang='grc' dir='ltr'>πανσεϐάσμιον</span> <span class='ocrx_word' id='word_1_509' title='bbox 833 1612 911 1645; x_wconf 83' lang='grc' dir='ltr'>ξύλον</span> <span class='ocrx_word' id='word_1_510' title='bbox 928 1611 1059 1647; x_wconf 83' lang='grc' dir='ltr'>τιμητέον</span> <span class='ocrx_word' id='word_1_511' title='bbox 1076 1619 1107 1636; x_wconf 86' lang='grc' dir='ltr'><strong>τε</strong></span> <span class='ocrx_word' id='word_1_512' title='bbox 1130 1610 1178 1637; x_wconf 76' lang='grc' dir='ltr'>καὶ</span> <span class='ocrx_word' id='word_1_513' title='bbox 1192 1610 1396 1646; x_wconf 84' lang='grc' dir='ltr'>προσκυνητέον</span> <span class='ocrx_word' id='word_1_514' title='bbox 1407 1617 1413 1625; x_wconf 89' lang='grc'><strong>·</strong></span> <span class='ocrx_word' id='word_1_515' title='bbox 1428 1611 1493 1646; x_wconf 81' lang='grc' dir='ltr'>περὶ</span> <span class='ocrx_word' id='word_1_516' title='bbox 1515 1610 1610 1637; x_wconf 84' lang='grc' dir='ltr'>τούτου</span> <span class='ocrx_word' id='word_1_517' title='bbox 1623 1610 1671 1637; x_wconf 82' lang='grc' dir='ltr'>καὶ</span> <span class='ocrx_word' id='word_1_518' title='bbox 1699 1611 1752 1645; x_wconf 79' lang='grc' dir='ltr'><strong>γάρ</strong></span> 
     </span>
    </p>
   </div>
   <div class='ocr_carea' id='block_1_67' title="bbox 129 1657 1754 1696">
    <p class='ocr_par' dir='ltr' id='par_1_67' title="bbox 129 1657 1754 1696">
     <span class='ocr_line' id='line_1_67' title="bbox 129 1657 1754 1696; baseline 0.001 -14"><span class='ocrx_word' id='word_1_519' title='bbox 129 1664 211 1691; x_wconf 71' lang='grc' dir='ltr'>φησιν</span> <span class='ocrx_word' id='word_1_520' title='bbox 229 1657 243 1683; x_wconf 85' lang='grc' dir='ltr'><strong>ὸ</strong></span> <span class='ocrx_word' id='word_1_521' title='bbox 274 1658 452 1693; x_wconf 82' lang='grc' dir='ltr'>προῳητάναξ</span> <span class='ocrx_word' id='word_1_522' title='bbox 483 1658 565 1686; x_wconf 82' lang='grc' dir='ltr'>Δαυτδ</span> <span class='ocrx_word' id='word_1_523' title='bbox 598 1669 606 1685; x_wconf 83' lang='grc' dir='ltr'><strong>ι</strong></span> <span class='ocrx_word' id='word_1_524' title='bbox 631 1659 746 1695; x_wconf 73' lang='grc' dir='ltr'>’Υψοῦτε</span> <span class='ocrx_word' id='word_1_525' title='bbox 766 1659 868 1696; x_wconf 80' lang='grc' dir='ltr'>Κύριον</span> <span class='ocrx_word' id='word_1_526' title='bbox 882 1659 927 1686; x_wconf 74' lang='grc' dir='ltr'>τὸν</span> <span class='ocrx_word' id='word_1_527' title='bbox 941 1658 1008 1686; x_wconf 78' lang='grc' dir='ltr'>Θεὸν</span> <span class='ocrx_word' id='word_1_528' title='bbox 1023 1657 1100 1693; x_wconf 81' lang='grc' dir='ltr'>ὑμῶν</span> <span class='ocrx_word' id='word_1_529' title='bbox 1114 1657 1162 1684; x_wconf 71' lang='grc' dir='ltr'>καὶ</span> <span class='ocrx_word' id='word_1_530' title='bbox 1187 1658 1366 1691; x_wconf 78' lang='grc' dir='ltr'>προσκυνεῖτε</span> <span class='ocrx_word' id='word_1_531' title='bbox 1387 1657 1427 1692; x_wconf 84' lang='grc' dir='ltr'>τῷ</span> <span class='ocrx_word' id='word_1_532' title='bbox 1440 1657 1578 1692; x_wconf 81' lang='grc' dir='ltr'>ὑποποδίῳ</span> <span class='ocrx_word' id='word_1_533' title='bbox 1594 1657 1649 1684; x_wconf 81' lang='grc' dir='ltr'><strong>τῶν</strong></span> <span class='ocrx_word' id='word_1_534' title='bbox 1665 1657 1754 1685; x_wconf 85' lang='grc' dir='ltr'>ποδῶν</span> 
     </span>
    </p>
   </div>
   <div class='ocr_carea' id='block_1_68' title="bbox 129 1702 485 1737">
    <p class='ocr_par' dir='ltr' id='par_1_68' title="bbox 129 1702 485 1737">
     <span class='ocr_line' id='line_1_68' title="bbox 129 1702 485 1737; baseline 0.006 -9"><span class='ocrx_word' id='word_1_535' title='bbox 129 1702 221 1736; x_wconf 79' lang='grc' dir='ltr'>αὑτοῦ,</span> <span class='ocrx_word' id='word_1_536' title='bbox 239 1703 280 1730; x_wconf 80' lang='grc' dir='ltr'>ὅτι</span> <span class='ocrx_word' id='word_1_537' title='bbox 297 1703 374 1737; x_wconf 73' lang='grc' dir='ltr'>ἅγιόν</span> <span class='ocrx_word' id='word_1_538' title='bbox 388 1705 463 1731; x_wconf 69' lang='grc' dir='ltr'>ἐστιν</span> <span class='ocrx_word' id='word_1_539' title='bbox 476 1714 485 1730; x_wconf 74' lang='grc' dir='ltr'><strong><em>ι</em></strong></span> 
     </span>
    </p>
   </div>
   <div class='ocr_carea' id='block_1_69' title="bbox 162 1748 914 1789">
    <p class='ocr_par' dir='ltr' id='par_1_69' title="bbox 162 1748 914 1789">
     <span class='ocr_line' id='line_1_69' title="bbox 162 1748 914 1789; baseline 0.007 -13"><span class='ocrx_word' id='word_1_540' title='bbox 162 1748 198 1777; x_wconf 86' lang='grc' dir='ltr'><strong>α’.</strong></span> <span class='ocrx_word' id='word_1_541' title='bbox 219 1750 268 1777; x_wconf 81' lang='grc' dir='ltr'>Διὰ</span> <span class='ocrx_word' id='word_1_542' title='bbox 286 1750 372 1777; x_wconf 77' lang='grc' dir='ltr'>ταῦτα</span> <span class='ocrx_word' id='word_1_543' title='bbox 383 1751 417 1784; x_wconf 82' lang='grc' dir='ltr'>δὴ</span> <span class='ocrx_word' id='word_1_544' title='bbox 432 1752 479 1778; x_wconf 69' lang='grc' dir='ltr'>καὶ</span> <span class='ocrx_word' id='word_1_545' title='bbox 489 1752 506 1787; x_wconf 80' lang='grc' dir='ltr'><strong>ἠ</strong></span> <span class='ocrx_word' id='word_1_546' title='bbox 519 1752 635 1788; x_wconf 77' lang='grc' dir='ltr'>εὐσεϐὴς</span> <span class='ocrx_word' id='word_1_547' title='bbox 647 1752 773 1788; x_wconf 84' lang='grc' dir='ltr'>βασιλεία</span> <span class='ocrx_word' id='word_1_548' title='bbox 787 1762 849 1789; x_wconf 84' lang='grc' dir='ltr'>μου,</span> <span class='ocrx_word' id='word_1_549' title='bbox 862 1762 914 1788; x_wconf 81' lang='grc' dir='ltr'>κη·</span> 
     </span>
    </p>
   </div>
   <div class='ocr_carea' id='block_1_70' title="bbox 127 1794 913 1833">
    <p class='ocr_par' dir='ltr' id='par_1_70' title="bbox 127 1794 913 1833">
     <span class='ocr_line' id='line_1_70' title="bbox 127 1794 913 1833; baseline 0.009 -14"><span class='ocrx_word' id='word_1_550' title='bbox 127 1794 226 1830; x_wconf 81' lang='grc' dir='ltr'>δομένη</span> <span class='ocrx_word' id='word_1_551' title='bbox 249 1794 296 1821; x_wconf 83' lang='grc' dir='ltr'>τοῦ</span> <span class='ocrx_word' id='word_1_552' title='bbox 323 1796 444 1830; x_wconf 76' lang='grc' dir='ltr'>ὑπηκόου</span> <span class='ocrx_word' id='word_1_553' title='bbox 467 1796 514 1823; x_wconf 78' lang='grc' dir='ltr'>καὶ</span> <span class='ocrx_word' id='word_1_554' title='bbox 538 1797 593 1823; x_wconf 76' lang='grc' dir='ltr'><strong>τῶν</strong></span> <span class='ocrx_word' id='word_1_555' title='bbox 606 1799 672 1833; x_wconf 76' lang='grc' dir='ltr'>περὶ</span> <span class='ocrx_word' id='word_1_556' title='bbox 687 1799 773 1832; x_wconf 79' lang='grc' dir='ltr'>αὐτὴν</span> <span class='ocrx_word' id='word_1_557' title='bbox 785 1799 913 1826; x_wconf 82' lang='grc' dir='ltr'>ἁπάντων</span> 
     </span>
    </p>
   </div>
   <div class='ocr_carea' id='block_1_71' title="bbox 129 1839 914 1878">
    <p class='ocr_par' dir='ltr' id='par_1_71' title="bbox 129 1839 914 1878">
     <span class='ocr_line' id='line_1_71' title="bbox 129 1839 914 1878; baseline 0.005 -14"><span class='ocrx_word' id='word_1_558' title='bbox 129 1839 276 1873; x_wconf 71' lang='grc' dir='ltr'>ποιουμένη</span> <span class='ocrx_word' id='word_1_559' title='bbox 294 1839 429 1874; x_wconf 80' lang='grc' dir='ltr'>πρόνοιαν,</span> <span class='ocrx_word' id='word_1_560' title='bbox 438 1840 498 1866; x_wconf 68' lang='grc' dir='ltr'>ἐπεὶ</span> <span class='ocrx_word' id='word_1_561' title='bbox 507 1840 589 1874; x_wconf 82' lang='grc' dir='ltr'>νόμος</span> <span class='ocrx_word' id='word_1_562' title='bbox 601 1841 712 1876; x_wconf 82' lang='grc' dir='ltr'>’Έλληνι</span> <span class='ocrx_word' id='word_1_563' title='bbox 724 1841 772 1868; x_wconf 82' lang='grc' dir='ltr'>καὶ</span> <span class='ocrx_word' id='word_1_564' title='bbox 784 1842 914 1878; x_wconf 69' lang='grc' dir='ltr'>βαρϐάρῳ</span> 
     </span>
    </p>
   </div>
   <div class='ocr_carea' id='block_1_72' title="bbox 129 1884 912 1921">
    <p class='ocr_par' dir='ltr' id='par_1_72' title="bbox 129 1884 912 1921">
     <span class='ocr_line' id='line_1_72' title="bbox 129 1884 912 1921; baseline 0.005 -12"><span class='ocrx_word' id='word_1_565' title='bbox 129 1884 211 1910; x_wconf 76' lang='grc' dir='ltr'>παντὶ</span> <span class='ocrx_word' id='word_1_566' title='bbox 226 1884 322 1918; x_wconf 78' lang='grc' dir='ltr'>μέχρις</span> <span class='ocrx_word' id='word_1_567' title='bbox 333 1884 448 1918; x_wconf 79' lang='grc' dir='ltr'>αἵματος</span> <span class='ocrx_word' id='word_1_568' title='bbox 473 1885 545 1919; x_wconf 80' lang='grc' dir='ltr'>ὑπὲρ</span> <span class='ocrx_word' id='word_1_569' title='bbox 567 1886 621 1912; x_wconf 87' lang='grc' dir='ltr'>τῶν</span> <span class='ocrx_word' id='word_1_570' title='bbox 649 1886 793 1921; x_wconf 78' lang='grc' dir='ltr'>ὁμοφύλων</span> <span class='ocrx_word' id='word_1_571' title='bbox 811 1888 912 1921; x_wconf 87' lang='grc' dir='ltr'>ἀγωνί-</span> 
     </span>
    </p>
   </div>
   <div class='ocr_carea' id='block_1_73' title="bbox 129 1928 913 1968">
    <p class='ocr_par' dir='ltr' id='par_1_73' title="bbox 129 1928 913 1968">
     <span class='ocr_line' id='line_1_73' title="bbox 129 1928 913 1968; baseline 0.006 -13"><span class='ocrx_word' id='word_1_572' title='bbox 129 1928 233 1961; x_wconf 73' lang='grc' dir='ltr'>ζεσθαι,</span> <span class='ocrx_word' id='word_1_573' title='bbox 251 1930 332 1964; x_wconf 79' lang='grc' dir='ltr'>νόμος</span> <span class='ocrx_word' id='word_1_574' title='bbox 353 1930 382 1956; x_wconf 81' lang='grc' dir='ltr'>δὲ</span> <span class='ocrx_word' id='word_1_575' title='bbox 401 1930 468 1957; x_wconf 85' lang='grc' dir='ltr'><strong>Θεοῦ</strong></span> <span class='ocrx_word' id='word_1_576' title='bbox 490 1931 572 1958; x_wconf 81' lang='grc' dir='ltr'>πάλιν</span> <span class='ocrx_word' id='word_1_577' title='bbox 595 1932 691 1958; x_wconf 78' lang='grc' dir='ltr'>τούτου</span> <span class='ocrx_word' id='word_1_578' title='bbox 716 1932 913 1968; x_wconf 81' lang='grc' dir='ltr'>θεοειδέστερος</span> 
     </span>
    </p>
   </div>
   <div class='ocr_carea' id='block_1_74' title="bbox 128 1973 912 2013">
    <p class='ocr_par' dir='ltr' id='par_1_74' title="bbox 128 1973 912 2013">
     <span class='ocr_line' id='line_1_74' title="bbox 128 1973 912 2013; baseline 0.005 -13"><span class='ocrx_word' id='word_1_579' title='bbox 128 1973 174 2000; x_wconf 80' lang='grc' dir='ltr'>καὶ</span> <span class='ocrx_word' id='word_1_580' title='bbox 196 1973 385 2009; x_wconf 79' lang='grc' dir='ltr'>λαμπρότερος</span> <span class='ocrx_word' id='word_1_581' title='bbox 408 1973 523 2002; x_wconf 69' lang='grc' dir='ltr'>ἕκαστον</span> <span class='ocrx_word' id='word_1_582' title='bbox 540 1975 635 2003; x_wconf 71' lang='grc' dir='ltr'>ἑαυτὸν</span> <span class='ocrx_word' id='word_1_583' title='bbox 658 1977 912 2013; x_wconf 74' lang='grc' dir='ltr'>παρακελευόμενος</span> 
     </span>
    </p>
   </div>
   <div class='ocr_carea' id='block_1_75' title="bbox 129 2019 911 2058">
    <p class='ocr_par' dir='ltr' id='par_1_75' title="bbox 129 2019 911 2058">
     <span class='ocr_line' id='line_1_75' title="bbox 129 2019 911 2058; baseline 0.008 -14"><span class='ocrx_word' id='word_1_584' title='bbox 129 2019 198 2053; x_wconf 73' lang='grc' dir='ltr'>ὑπὲρ</span> <span class='ocrx_word' id='word_1_585' title='bbox 221 2019 315 2055; x_wconf 82' lang='grc' dir='ltr'>ἑτέρου</span> <span class='ocrx_word' id='word_1_586' title='bbox 342 2019 459 2047; x_wconf 83' lang='grc' dir='ltr'>διδόναι·</span> <span class='ocrx_word' id='word_1_587' title='bbox 486 2021 637 2057; x_wconf 79' lang='grc' dir='ltr'>ηὐδόκησεν</span> <span class='ocrx_word' id='word_1_588' title='bbox 662 2023 679 2058; x_wconf 82' lang='grc' dir='ltr'><strong>ἠ</strong></span> <span class='ocrx_word' id='word_1_589' title='bbox 707 2022 830 2058; x_wconf 72' lang='grc' dir='ltr'>βασιλεία</span> <span class='ocrx_word' id='word_1_590' title='bbox 860 2032 911 2058; x_wconf 85' lang='grc' dir='ltr'><strong>μου</strong></span> 
     </span>
    </p>
   </div>
   <div class='ocr_carea' id='block_1_76' title="bbox 129 2065 909 2103">
    <p class='ocr_par' dir='ltr' id='par_1_76' title="bbox 129 2065 909 2103">
     <span class='ocr_line' id='line_1_76' title="bbox 129 2065 909 2103; baseline 0.004 -12"><span class='ocrx_word' id='word_1_591' title='bbox 129 2065 198 2101; x_wconf 77' lang='grc' dir='ltr'>ὕπὲρ</span> <span class='ocrx_word' id='word_1_592' title='bbox 216 2065 270 2092; x_wconf 85' lang='grc' dir='ltr'><strong>τῶν</strong></span> <span class='ocrx_word' id='word_1_593' title='bbox 293 2065 449 2098; x_wconf 78' lang='grc' dir='ltr'>ἀξιωτάτων</span> <span class='ocrx_word' id='word_1_594' title='bbox 465 2067 516 2102; x_wconf 84' lang='grc' dir='ltr'>τῆς</span> <span class='ocrx_word' id='word_1_595' title='bbox 530 2067 595 2103; x_wconf 80' lang='grc' dir='ltr'>περὶ</span> <span class='ocrx_word' id='word_1_596' title='bbox 612 2067 651 2102; x_wconf 87' lang='grc' dir='ltr'>τῷ</span> <span class='ocrx_word' id='word_1_597' title='bbox 666 2068 740 2094; x_wconf 81' lang='grc' dir='ltr'><strong>Ἀθω</strong></span> <span class='ocrx_word' id='word_1_598' title='bbox 759 2068 909 2103; x_wconf 61' lang='grc' dir='ltr'>σεσααμίας</span> 
     </span>
    </p>
   </div>
   <div class='ocr_carea' id='block_1_77' title="bbox 130 2111 911 2149">
    <p class='ocr_par' dir='ltr' id='par_1_77' title="bbox 130 2111 911 2149">
     <span class='ocr_line' id='line_1_77' title="bbox 130 2111 911 2149; baseline 0.004 -12"><span class='ocrx_word' id='word_1_599' title='bbox 130 2111 212 2146; x_wconf 85' lang='grc' dir='ltr'>μονῆς</span> <span class='ocrx_word' id='word_1_600' title='bbox 228 2111 276 2146; x_wconf 84' lang='grc' dir='ltr'>τῆς</span> <span class='ocrx_word' id='word_1_601' title='bbox 295 2111 417 2146; x_wconf 79' lang='grc' dir='ltr'>ἀοιδίμου</span> <span class='ocrx_word' id='word_1_602' title='bbox 435 2111 570 2147; x_wconf 87' lang='grc' dir='ltr'>βασιλίδος</span> <span class='ocrx_word' id='word_1_603' title='bbox 596 2113 764 2149; x_wconf 87' lang='grc' dir='ltr'>Πουλχερίας</span> <span class='ocrx_word' id='word_1_604' title='bbox 777 2114 826 2149; x_wconf 83' lang='grc' dir='ltr'>τῆς</span> <span class='ocrx_word' id='word_1_605' title='bbox 840 2123 911 2149; x_wconf 85' lang='grc' dir='ltr'>παρ-</span> 
     </span>
    </p>
   </div>
   <div class='ocr_carea' id='block_1_78' title="bbox 1002 1748 1752 1784">
    <p class='ocr_par' dir='ltr' id='par_1_78' title="bbox 1002 1748 1752 1784">
     <span class='ocr_line' id='line_1_78' title="bbox 1002 1748 1752 1784; baseline -0.001 -6"><span class='ocrx_word' id='word_1_606' title='bbox 1002 1751 1027 1778; x_wconf 82' lang='grc'><strong>1.</strong></span> <span class='ocrx_word' id='word_1_607' title='bbox 1044 1750 1190 1784; x_wconf 86' lang='lat' dir='ltr'><strong>Propterea</strong></span> <span class='ocrx_word' id='word_1_608' title='bbox 1207 1750 1250 1784; x_wconf 88' lang='lat' dir='ltr'><strong>pia</strong></span> <span class='ocrx_word' id='word_1_609' title='bbox 1266 1756 1326 1778; x_wconf 91' lang='lat' dir='ltr'><strong>mea</strong></span> <span class='ocrx_word' id='word_1_610' title='bbox 1349 1748 1524 1783; x_wconf 83' lang='lat' dir='ltr'><strong>imperatoria</strong></span> <span class='ocrx_word' id='word_1_611' title='bbox 1541 1753 1665 1784; x_wconf 77' lang='lat' dir='ltr'><strong>potestas</strong></span> <span class='ocrx_word' id='word_1_612' title='bbox 1686 1750 1752 1777; x_wconf 86' lang='lat' dir='ltr'><strong>sub--</strong></span> 
     </span>
    </p>
   </div>
   <div class='ocr_carea' id='block_1_79' title="bbox 961 1794 1753 1831">
    <p class='ocr_par' dir='ltr' id='par_1_79' title="bbox 961 1794 1753 1831">
     <span class='ocr_line' id='line_1_79' title="bbox 961 1794 1753 1831; baseline 0.001 -10"><span class='ocrx_word' id='word_1_613' title='bbox 961 1796 1041 1831; x_wconf 71' lang='lat' dir='ltr'><strong>jcrtls</strong></span> <span class='ocrx_word' id='word_1_614' title='bbox 1059 1796 1163 1828; x_wconf 79' lang='lat' dir='ltr'><strong>favens,</strong></span> <span class='ocrx_word' id='word_1_615' title='bbox 1175 1799 1201 1821; x_wconf 87' lang='lat' dir='ltr'><strong>et</strong></span> <span class='ocrx_word' id='word_1_616' title='bbox 1215 1794 1248 1821; x_wconf 87' lang='lat' dir='ltr'><strong>de</strong></span> <span class='ocrx_word' id='word_1_617' title='bbox 1259 1795 1384 1822; x_wconf 88' lang='lat' dir='ltr'><strong>Omnibus</strong></span> <span class='ocrx_word' id='word_1_618' title='bbox 1398 1801 1458 1829; x_wconf 64' lang='lat' dir='ltr'><strong>quae</strong></span> <span class='ocrx_word' id='word_1_619' title='bbox 1470 1795 1503 1821; x_wconf 94' lang='lat' dir='ltr'><strong>ad</strong></span> <span class='ocrx_word' id='word_1_620' title='bbox 1516 1794 1603 1829; x_wconf 82' lang='lat' dir='ltr'><strong>ipsam</strong></span> <span class='ocrx_word' id='word_1_621' title='bbox 1617 1795 1753 1829; x_wconf 82' lang='lat' dir='ltr'><strong>pertinent</strong></span> 
     </span>
    </p>
   </div>
   <div class='ocr_carea' id='block_1_80' title="bbox 962 1839 1748 1876">
    <p class='ocr_par' dir='ltr' id='par_1_80' title="bbox 962 1839 1748 1876">
     <span class='ocr_line' id='line_1_80' title="bbox 962 1839 1748 1876; baseline -0.001 -7"><span class='ocrx_word' id='word_1_622' title='bbox 962 1849 1056 1870; x_wconf 84' lang='lat' dir='ltr'><strong>curam</strong></span> <span class='ocrx_word' id='word_1_623' title='bbox 1069 1849 1177 1876; x_wconf 72' lang='lat' dir='ltr'><strong>gerens,</strong></span> <span class='ocrx_word' id='word_1_624' title='bbox 1195 1848 1256 1868; x_wconf 89' lang='lat' dir='ltr'><strong>cum</strong></span> <span class='ocrx_word' id='word_1_625' title='bbox 1271 1841 1314 1868; x_wconf 89' lang='lat' dir='ltr'><strong>lex</strong></span> <span class='ocrx_word' id='word_1_626' title='bbox 1329 1844 1371 1868; x_wconf 71' lang='lat' dir='ltr'><strong>est</strong></span> <span class='ocrx_word' id='word_1_627' title='bbox 1393 1839 1488 1867; x_wconf 69' lang='lat' dir='ltr'><strong>Graeco</strong></span> <span class='ocrx_word' id='word_1_628' title='bbox 1500 1844 1528 1867; x_wconf 89' lang='lat' dir='ltr'><strong>et</strong></span> <span class='ocrx_word' id='word_1_629' title='bbox 1554 1840 1671 1868; x_wconf 80' lang='lat' dir='ltr'><strong>barbaro</strong></span> <span class='ocrx_word' id='word_1_630' title='bbox 1694 1848 1748 1868; x_wconf 82' lang='lat' dir='ltr'><strong>0m-</strong></span> 
     </span>
    </p>
   </div>
   <div class='ocr_carea' id='block_1_81' title="bbox 965 1885 1753 1922">
    <p class='ocr_par' dir='ltr' id='par_1_81' title="bbox 965 1885 1753 1922">
     <span class='ocr_line' id='line_1_81' title="bbox 965 1885 1753 1922; baseline -0.001 -8"><span class='ocrx_word' id='word_1_631' title='bbox 965 1888 1028 1916; x_wconf 89' lang='lat' dir='ltr'><strong>nino</strong></span> <span class='ocrx_word' id='word_1_632' title='bbox 1044 1895 1131 1921; x_wconf 86' lang='lat' dir='ltr'><strong>usque</strong></span> <span class='ocrx_word' id='word_1_633' title='bbox 1148 1887 1181 1913; x_wconf 88' lang='lat' dir='ltr'><strong>ad</strong></span> <span class='ocrx_word' id='word_1_634' title='bbox 1207 1886 1349 1922; x_wconf 73' lang='lat' dir='ltr'><strong>sanguinis</strong></span> <span class='ocrx_word' id='word_1_635' title='bbox 1364 1885 1523 1913; x_wconf 74' lang='lat' dir='ltr'><strong>effusionem</strong></span> <span class='ocrx_word' id='word_1_636' title='bbox 1538 1893 1587 1920; x_wconf 90' lang='lat' dir='ltr'><strong>pro</strong></span> <span class='ocrx_word' id='word_1_637' title='bbox 1603 1887 1753 1914; x_wconf 85' lang='lat' dir='ltr'><strong>consimili—</strong></span> 
     </span>
    </p>
   </div>
   <div class='ocr_carea' id='block_1_82' title="bbox 964 1930 1752 1968">
    <p class='ocr_par' dir='ltr' id='par_1_82' title="bbox 964 1930 1752 1968">
     <span class='ocr_line' id='line_1_82' title="bbox 964 1930 1752 1968; baseline -0.003 -8"><span class='ocrx_word' id='word_1_638' title='bbox 964 1933 1014 1960; x_wconf 88' lang='lat' dir='ltr'><strong>btts</strong></span> <span class='ocrx_word' id='word_1_639' title='bbox 1024 1940 1053 1961; x_wconf 88' lang='lat' dir='ltr'><strong>se</strong></span> <span class='ocrx_word' id='word_1_640' title='bbox 1069 1939 1222 1968; x_wconf 78' lang='lat' dir='ltr'><strong>exponere;</strong></span> <span class='ocrx_word' id='word_1_641' title='bbox 1251 1933 1293 1960; x_wconf 85' lang='lat' dir='ltr'><strong>lex</strong></span> <span class='ocrx_word' id='word_1_642' title='bbox 1320 1936 1410 1962; x_wconf 84' lang='lat' dir='ltr'><strong>autem</strong></span> <span class='ocrx_word' id='word_1_643' title='bbox 1430 1931 1478 1958; x_wconf 77' lang='lat' dir='ltr'><strong>Dei</strong></span> <span class='ocrx_word' id='word_1_644' title='bbox 1503 1930 1603 1958; x_wconf 86' lang='lat' dir='ltr'><strong>iterum</strong></span> <span class='ocrx_word' id='word_1_645' title='bbox 1629 1931 1679 1958; x_wconf 83' lang='lat' dir='ltr'><strong>ista</strong></span> <span class='ocrx_word' id='word_1_646' title='bbox 1694 1932 1752 1966; x_wconf 73' lang='lat' dir='ltr'><strong>lege</strong></span> 
     </span>
    </p>
   </div>
   <div class='ocr_carea' id='block_1_83' title="bbox 965 1976 1752 2012">
    <p class='ocr_par' dir='ltr' id='par_1_83' title="bbox 965 1976 1752 2012">
     <span class='ocr_line' id='line_1_83' title="bbox 965 1976 1752 2012; baseline -0.005 -6"><span class='ocrx_word' id='word_1_647' title='bbox 965 1978 1081 2006; x_wconf 90' lang='lat' dir='ltr'><strong>divinior</strong></span> <span class='ocrx_word' id='word_1_648' title='bbox 1097 1982 1123 2004; x_wconf 92' lang='lat' dir='ltr'><strong>et</strong></span> <span class='ocrx_word' id='word_1_649' title='bbox 1142 1976 1308 2012; x_wconf 83' lang='lat' dir='ltr'><strong>splendidior</strong></span> <span class='ocrx_word' id='word_1_650' title='bbox 1324 1976 1402 2011; x_wconf 86' lang='lat' dir='ltr'><strong>jubet</strong></span> <span class='ocrx_word' id='word_1_651' title='bbox 1425 1983 1559 2011; x_wconf 89' lang='lat' dir='ltr'><strong>quemque</strong></span> <span class='ocrx_word' id='word_1_652' title='bbox 1585 1983 1616 2003; x_wconf 84' lang='lat' dir='ltr'><strong>se</strong></span> <span class='ocrx_word' id='word_1_653' title='bbox 1642 1981 1752 2011; x_wconf 50' lang='lat' dir='ltr'><strong>propter</strong></span> 
     </span>
    </p>
   </div>
   <div class='ocr_carea' id='block_1_84' title="bbox 964 2021 1771 2056">
    <p class='ocr_par' dir='ltr' id='par_1_84' title="bbox 964 2021 1771 2056">
     <span class='ocr_line' id='line_1_84' title="bbox 964 2021 1771 2056; baseline -0.004 -6"><span class='ocrx_word' id='word_1_654' title='bbox 964 2023 1045 2050; x_wconf 84' lang='lat' dir='ltr'><strong>alium</strong></span> <span class='ocrx_word' id='word_1_655' title='bbox 1059 2023 1183 2055; x_wconf 86' lang='lat' dir='ltr'><strong>tradere;</strong></span> <span class='ocrx_word' id='word_1_656' title='bbox 1202 2022 1286 2049; x_wconf 89' lang='lat' dir='ltr'><strong>voluit</strong></span> <span class='ocrx_word' id='word_1_657' title='bbox 1309 2029 1369 2049; x_wconf 87' lang='lat' dir='ltr'><strong>mea</strong></span> <span class='ocrx_word' id='word_1_658' title='bbox 1391 2021 1564 2056; x_wconf 86' lang='lat' dir='ltr'><strong>imperatoria</strong></span> <span class='ocrx_word' id='word_1_659' title='bbox 1580 2026 1702 2056; x_wconf 81' lang='lat' dir='ltr'><strong>potestas</strong></span> <span class='ocrx_word' id='word_1_660' title='bbox 1716 2024 1752 2050; x_wconf 83' lang='lat' dir='ltr'><strong>ob</strong></span> <span class='ocrx_word' id='word_1_661' title='bbox 1769 2045 1771 2047; x_wconf 84' lang='lat'>.</span> 
     </span>
    </p>
   </div>
   <div class='ocr_carea' id='block_1_85' title="bbox 963 2067 1751 2096">
    <p class='ocr_par' dir='ltr' id='par_1_85' title="bbox 963 2067 1751 2096">
     <span class='ocr_line' id='line_1_85' title="bbox 963 2067 1751 2096; baseline 0 -1"><span class='ocrx_word' id='word_1_662' title='bbox 963 2070 1068 2096; x_wconf 69' lang='lat' dir='ltr'><strong>eximiae</strong></span> <span class='ocrx_word' id='word_1_663' title='bbox 1090 2069 1187 2095; x_wconf 81' lang='lat' dir='ltr'><strong>merita</strong></span> <span class='ocrx_word' id='word_1_664' title='bbox 1212 2068 1358 2095; x_wconf 86' lang='lat' dir='ltr'><strong>venerandi</strong></span> <span class='ocrx_word' id='word_1_665' title='bbox 1385 2067 1412 2095; x_wconf 90' lang='lat' dir='ltr'><strong>in</strong></span> <span class='ocrx_word' id='word_1_666' title='bbox 1433 2067 1504 2095; x_wconf 85' lang='lat' dir='ltr'><strong>Atho</strong></span> <span class='ocrx_word' id='word_1_667' title='bbox 1519 2068 1674 2095; x_wconf 85' lang='lat' dir='ltr'><strong>monasterii</strong></span> <span class='ocrx_word' id='word_1_668' title='bbox 1688 2068 1751 2095; x_wconf 89' lang='lat' dir='ltr'><strong>illu-</strong></span> 
     </span>
    </p>
   </div>
   <div class='ocr_carea' id='block_1_86' title="bbox 964 2114 1750 2150">
    <p class='ocr_par' dir='ltr' id='par_1_86' title="bbox 964 2114 1750 2150">
     <span class='ocr_line' id='line_1_86' title="bbox 964 2114 1750 2150; baseline 0 -7"><span class='ocrx_word' id='word_1_669' title='bbox 964 2115 1028 2143; x_wconf 88' lang='lat' dir='ltr'><strong>stris</strong></span> <span class='ocrx_word' id='word_1_670' title='bbox 1045 2115 1225 2150; x_wconf 85' lang='lat' dir='ltr'><strong>imperatricis</strong></span> <span class='ocrx_word' id='word_1_671' title='bbox 1249 2114 1398 2142; x_wconf 70' lang='lat' dir='ltr'><strong>Pulcherite</strong></span> <span class='ocrx_word' id='word_1_672' title='bbox 1418 2114 1529 2149; x_wconf 75' lang='lat' dir='ltr'><strong>virginis</strong></span> <span class='ocrx_word' id='word_1_673' title='bbox 1547 2122 1637 2143; x_wconf 82' lang='lat' dir='ltr'><strong>muros</strong></span> <span class='ocrx_word' id='word_1_674' title='bbox 1655 2116 1750 2143; x_wconf 85' lang='lat' dir='ltr'><strong>reaedi-</strong></span> 
     </span>
    </p>
   </div>
   <div class='ocr_carea' id='block_1_87' title="bbox 129 2155 910 2194">
    <p class='ocr_par' dir='ltr' id='par_1_87' title="bbox 129 2155 908 2194">
     <span class='ocr_line' id='line_1_87' title="bbox 129 2155 908 2194; baseline 0.004 -12"><span class='ocrx_word' id='word_1_675' title='bbox 129 2156 204 2183; x_wconf 70' lang='grc' dir='ltr'>θένου</span> <span class='ocrx_word' id='word_1_676' title='bbox 219 2156 423 2183; x_wconf 78' lang='grc' dir='ltr'>ἀνανεώσασθαι</span> <span class='ocrx_word' id='word_1_677' title='bbox 433 2158 467 2184; x_wconf 78' lang='grc' dir='ltr'><strong>τὰ</strong></span> <span class='ocrx_word' id='word_1_678' title='bbox 477 2157 555 2193; x_wconf 83' lang='grc' dir='ltr'>τείχη</span> <span class='ocrx_word' id='word_1_679' title='bbox 568 2165 575 2172; x_wconf 88' lang='grc'>·</span> <span class='ocrx_word' id='word_1_680' title='bbox 591 2158 637 2184; x_wconf 75' lang='grc' dir='ltr'>καὶ</span> <span class='ocrx_word' id='word_1_681' title='bbox 654 2158 709 2193; x_wconf 86' lang='grc' dir='ltr'><strong>γὰρ</strong></span> <span class='ocrx_word' id='word_1_682' title='bbox 729 2155 810 2194; x_wconf 72' lang='grc' dir='ltr'>εὖρον</span> <span class='ocrx_word' id='word_1_683' title='bbox 824 2159 908 2193; x_wconf 69' lang='grc' dir='ltr'>αὐτὴν</span> 
     </span>
    </p>
   </div>
   <div class='ocr_carea' id='block_1_88' title="bbox 962 2155 1748 2194">
    <p class='ocr_par' dir='ltr' id='par_1_88' title="bbox 962 2160 1748 2189">
     <span class='ocr_line' id='line_1_88' title="bbox 962 2160 1748 2189; baseline -0.001 -1"><span class='ocrx_word' id='word_1_684' title='bbox 962 2162 1046 2189; x_wconf 81' lang='lat' dir='ltr'><strong>ﬁcari.</strong></span> <span class='ocrx_word' id='word_1_685' title='bbox 1062 2161 1167 2188; x_wconf 87' lang='lat' dir='ltr'><strong>Etenim</strong></span> <span class='ocrx_word' id='word_1_686' title='bbox 1182 2160 1246 2187; x_wconf 91' lang='lat' dir='ltr'><strong>illud</strong></span> <span class='ocrx_word' id='word_1_687' title='bbox 1274 2160 1365 2188; x_wconf 78' lang='lat' dir='ltr'><strong>inveni</strong></span> <span class='ocrx_word' id='word_1_688' title='bbox 1382 2165 1435 2187; x_wconf 81' lang='lat' dir='ltr'><strong>tam</strong></span> <span class='ocrx_word' id='word_1_689' title='bbox 1451 2160 1568 2188; x_wconf 87' lang='lat' dir='ltr'><strong>dirutum</strong></span> <span class='ocrx_word' id='word_1_690' title='bbox 1597 2164 1624 2188; x_wconf 88' lang='lat' dir='ltr'><strong>et</strong></span> <span class='ocrx_word' id='word_1_691' title='bbox 1636 2161 1748 2188; x_wconf 80' lang='lat' dir='ltr'><strong>omnino</strong></span> 
     </span>
    </p>
   </div>
   <div class='ocr_carea' id='block_1_89' title="bbox 128 2202 910 2240">
    <p class='ocr_par' dir='ltr' id='par_1_89' title="bbox 128 2202 910 2240">
     <span class='ocr_line' id='line_1_89' title="bbox 128 2202 910 2240; baseline 0.004 -12"><span class='ocrx_word' id='word_1_692' title='bbox 128 2202 253 2229; x_wconf 83' lang='grc' dir='ltr'>τοσοῦτον</span> <span class='ocrx_word' id='word_1_693' title='bbox 268 2202 509 2238; x_wconf 76' lang='grc' dir='ltr'>κατηδαφισμένην</span> <span class='ocrx_word' id='word_1_694' title='bbox 533 2204 581 2230; x_wconf 66' lang='grc' dir='ltr'>καῖ</span> <span class='ocrx_word' id='word_1_695' title='bbox 599 2204 688 2239; x_wconf 85' lang='grc' dir='ltr'>πάντη</span> <span class='ocrx_word' id='word_1_696' title='bbox 703 2205 910 2240; x_wconf 79' lang='grc' dir='ltr'>διαλελυμένην,</span> 
     </span>
    </p>
   </div>
   <div class='ocr_carea' id='block_1_90' title="bbox 127 2248 910 2286">
    <p class='ocr_par' dir='ltr' id='par_1_90' title="bbox 127 2248 910 2286">
     <span class='ocr_line' id='line_1_90' title="bbox 127 2248 910 2286; baseline 0.003 -12"><span class='ocrx_word' id='word_1_697' title='bbox 127 2248 163 2280; x_wconf 61' lang='lat' dir='ltr'><strong>Ib;</strong></span> <span class='ocrx_word' id='word_1_698' title='bbox 182 2249 215 2275; x_wconf 83' lang='grc' dir='ltr'>τὰ</span> <span class='ocrx_word' id='word_1_699' title='bbox 231 2250 260 2275; x_wconf 83' lang='grc' dir='ltr'>ὲν</span> <span class='ocrx_word' id='word_1_700' title='bbox 274 2248 350 2275; x_wconf 82' lang='grc' dir='ltr'>ὕδασι</span> <span class='ocrx_word' id='word_1_701' title='bbox 361 2249 438 2284; x_wconf 83' lang='grc' dir='ltr'>τείχη</span> <span class='ocrx_word' id='word_1_702' title='bbox 466 2249 616 2284; x_wconf 84' lang='grc' dir='ltr'>φαινόμενα</span> <span class='ocrx_word' id='word_1_703' title='bbox 627 2259 634 2267; x_wconf 93' lang='grc'>·</span> <span class='ocrx_word' id='word_1_704' title='bbox 650 2251 761 2286; x_wconf 81' lang='grc' dir='ltr'>τοιαύτη</span> <span class='ocrx_word' id='word_1_705' title='bbox 775 2259 803 2277; x_wconf 88' lang='grc' dir='ltr'><strong>τε</strong></span> <span class='ocrx_word' id='word_1_706' title='bbox 815 2249 849 2286; x_wconf 79' lang='grc' dir='ltr'>ἦν</span> <span class='ocrx_word' id='word_1_707' title='bbox 865 2252 910 2278; x_wconf 80' lang='grc' dir='ltr'>καὶ</span> 
     </span>
    </p>
   </div>
   <div class='ocr_carea' id='block_1_91' title="bbox 127 2294 910 2331">
    <p class='ocr_par' dir='ltr' id='par_1_91' title="bbox 127 2294 910 2331">
     <span class='ocr_line' id='line_1_91' title="bbox 127 2294 910 2331; baseline 0.003 -11"><span class='ocrx_word' id='word_1_708' title='bbox 127 2296 142 2330; x_wconf 82' lang='grc' dir='ltr'>ἡ</span> <span class='ocrx_word' id='word_1_709' title='bbox 159 2295 212 2321; x_wconf 84' lang='grc' dir='ltr'>τῶν</span> <span class='ocrx_word' id='word_1_710' title='bbox 229 2294 383 2321; x_wconf 84' lang='grc' dir='ltr'>Θεοσὲπτων</span> <span class='ocrx_word' id='word_1_711' title='bbox 404 2294 528 2329; x_wconf 81' lang='grc' dir='ltr'>ἀθλητῶν</span> <span class='ocrx_word' id='word_1_712' title='bbox 543 2295 628 2329; x_wconf 85' lang='grc' dir='ltr'>ἁγίων</span> <span class='ocrx_word' id='word_1_713' title='bbox 642 2304 693 2330; x_wconf 90' lang='grc' dir='ltr'><strong>μου</strong></span> <span class='ocrx_word' id='word_1_714' title='bbox 708 2297 910 2331; x_wconf 82' lang='grc' dir='ltr'>τεσσαράκοντα</span> 
     </span>
    </p>
   </div>
   <div class='ocr_carea' id='block_1_92' title="bbox 127 2340 909 2377">
    <p class='ocr_par' dir='ltr' id='par_1_92' title="bbox 127 2340 909 2377">
     <span class='ocr_line' id='line_1_92' title="bbox 127 2340 909 2377; baseline 0.003 -11"><span class='ocrx_word' id='word_1_715' title='bbox 127 2340 263 2375; x_wconf 80' lang='grc' dir='ltr'>σεϐασμία</span> <span class='ocrx_word' id='word_1_716' title='bbox 284 2340 391 2375; x_wconf 81' lang='grc' dir='ltr'>μονὴ,ή</span> <span class='ocrx_word' id='word_1_717' title='bbox 407 2340 525 2368; x_wconf 75' lang='grc' dir='ltr'>ἔκπαλαι</span> <span class='ocrx_word' id='word_1_718' title='bbox 547 2340 598 2376; x_wconf 81' lang='grc' dir='ltr'>μὲν</span> <span class='ocrx_word' id='word_1_719' title='bbox 610 2341 656 2367; x_wconf 85' lang='grc' dir='ltr'>τοῦ</span> <span class='ocrx_word' id='word_1_720' title='bbox 672 2341 842 2377; x_wconf 71' lang='grc' dir='ltr'>Χειμάρρου,</span> <span class='ocrx_word' id='word_1_721' title='bbox 861 2341 909 2368; x_wconf 81' lang='grc' dir='ltr'>νῦν</span> 
     </span>
    </p>
   </div>
   <div class='ocr_carea' id='block_1_93' title="bbox 125 2386 909 2424">
    <p class='ocr_par' dir='ltr' id='par_1_93' title="bbox 125 2386 909 2424">
     <span class='ocr_line' id='line_1_93' title="bbox 125 2386 909 2424; baseline 0.003 -12"><span class='ocrx_word' id='word_1_722' title='bbox 125 2387 153 2412; x_wconf 84' lang='grc' dir='ltr'>δὲ</span> <span class='ocrx_word' id='word_1_723' title='bbox 168 2386 364 2422; x_wconf 81' lang='grc' dir='ltr'>Ξηροποτάμυυ</span> <span class='ocrx_word' id='word_1_724' title='bbox 378 2387 592 2422; x_wconf 76' lang='grc' dir='ltr'>ἐπικαλουμένη,</span> <span class='ocrx_word' id='word_1_725' title='bbox 609 2387 681 2414; x_wconf 74' lang='grc' dir='ltr'>ὥστε</span> <span class='ocrx_word' id='word_1_726' title='bbox 703 2388 771 2423; x_wconf 81' lang='grc' dir='ltr'>μηδὲ</span> <span class='ocrx_word' id='word_1_727' title='bbox 784 2388 909 2424; x_wconf 78' lang='grc' dir='ltr'>ὁμοίωμα</span> 
     </span>
    </p>
   </div>
   <div class='ocr_carea' id='block_1_94' title="bbox 125 2432 910 2468">
    <p class='ocr_par' dir='ltr' id='par_1_94' title="bbox 125 2432 910 2468">
     <span class='ocr_line' id='line_1_94' title="bbox 125 2432 910 2468; baseline 0.001 -9"><span class='ocrx_word' id='word_1_728' title='bbox 125 2433 230 2468; x_wconf 82' lang='grc' dir='ltr'>τείχους</span> <span class='ocrx_word' id='word_1_729' title='bbox 246 2432 389 2468; x_wconf 76' lang='grc' dir='ltr'>φαίνεσθαι</span> <span class='ocrx_word' id='word_1_730' title='bbox 401 2432 470 2468; x_wconf 79' lang='grc' dir='ltr'>προς</span> <span class='ocrx_word' id='word_1_731' title='bbox 486 2433 535 2467; x_wconf 83' lang='grc' dir='ltr'>τῆς</span> <span class='ocrx_word' id='word_1_732' title='bbox 557 2432 731 2468; x_wconf 81' lang='grc' dir='ltr'>παλαμναίας</span> <span class='ocrx_word' id='word_1_733' title='bbox 746 2434 836 2468; x_wconf 73' lang='grc' dir='ltr'>χειρὸς</span> <span class='ocrx_word' id='word_1_734' title='bbox 859 2434 910 2460; x_wconf 86' lang='grc' dir='ltr'><strong>Ἰσ-</strong></span> 
     </span>
    </p>
   </div>
   <div class='ocr_carea' id='block_1_95' title="bbox 127 2478 911 2514">
    <p class='ocr_par' dir='ltr' id='par_1_95' title="bbox 127 2478 911 2514">
     <span class='ocr_line' id='line_1_95' title="bbox 127 2478 911 2514; baseline 0.003 -10"><span class='ocrx_word' id='word_1_735' title='bbox 127 2479 290 2513; x_wconf 84' lang='grc' dir='ltr'>μαηλίτιδος.</span> <span class='ocrx_word' id='word_1_736' title='bbox 306 2478 436 2514; x_wconf 79' lang='grc' dir='ltr'>’Λλείτπῃ</span> <span class='ocrx_word' id='word_1_737' title='bbox 454 2478 483 2504; x_wconf 80' lang='grc' dir='ltr'>δὲ</span> <span class='ocrx_word' id='word_1_738' title='bbox 498 2479 544 2505; x_wconf 77' lang='grc' dir='ltr'>καὶ</span> <span class='ocrx_word' id='word_1_739' title='bbox 559 2479 681 2514; x_wconf 86' lang='grc' dir='ltr'>συνεργῷ</span> <span class='ocrx_word' id='word_1_740' title='bbox 697 2480 736 2510; x_wconf 77' lang='grc' dir='ltr'>εἰς</span> <span class='ocrx_word' id='word_1_741' title='bbox 751 2480 829 2506; x_wconf 79' lang='grc' dir='ltr'>τοῦτο</span> <span class='ocrx_word' id='word_1_742' title='bbox 844 2488 911 2514; x_wconf 86' lang='grc' dir='ltr'>χρη-</span> 
     </span>
    </p>
   </div>
   <div class='ocr_carea' id='block_1_96' title="bbox 128 2525 911 2560">
    <p class='ocr_par' dir='ltr' id='par_1_96' title="bbox 128 2525 911 2560">
     <span class='ocr_line' id='line_1_96' title="bbox 128 2525 911 2560; baseline 0.003 -10"><span class='ocrx_word' id='word_1_743' title='bbox 128 2525 232 2559; x_wconf 80' lang='grc' dir='ltr'>σαμὲνη</span> <span class='ocrx_word' id='word_1_744' title='bbox 244 2526 261 2560; x_wconf 83' lang='grc' dir='ltr'>ή</span> <span class='ocrx_word' id='word_1_745' title='bbox 277 2525 330 2560; x_wconf 82' lang='grc' dir='ltr'><strong>ὲμὴ</strong></span> <span class='ocrx_word' id='word_1_746' title='bbox 348 2525 472 2560; x_wconf 80' lang='grc' dir='ltr'>βασιλεία</span> <span class='ocrx_word' id='word_1_747' title='bbox 493 2525 533 2560; x_wconf 88' lang='grc' dir='ltr'>τῷ</span> <span class='ocrx_word' id='word_1_748' title='bbox 561 2525 657 2560; x_wconf 85' lang='grc' dir='ltr'>ὑπάτῳ</span> <span class='ocrx_word' id='word_1_749' title='bbox 676 2525 731 2553; x_wconf 84' lang='grc' dir='ltr'><strong>τῶν</strong></span> <span class='ocrx_word' id='word_1_750' title='bbox 757 2526 911 2560; x_wconf 77' lang='grc' dir='ltr'>φιλοσόφων</span> 
     </span>
    </p>
   </div>
   <div class='ocr_carea' id='block_1_97' title="bbox 127 2569 907 2607">
    <p class='ocr_par' dir='ltr' id='par_1_97' title="bbox 127 2569 907 2607">
     <span class='ocr_line' id='line_1_97' title="bbox 127 2569 907 2607; baseline -0.001 -10"><span class='ocrx_word' id='word_1_751' title='bbox 127 2570 223 2604; x_wconf 85' lang='grc' dir='ltr'>Παύλῳ</span> <span class='ocrx_word' id='word_1_752' title='bbox 243 2569 282 2606; x_wconf 83' lang='grc' dir='ltr'>τῷ</span> <span class='ocrx_word' id='word_1_753' title='bbox 300 2571 440 2606; x_wconf 83' lang='grc' dir='ltr'>ὁσιωτάτῳ</span> <span class='ocrx_word' id='word_1_754' title='bbox 464 2571 648 2606; x_wconf 70' lang='grc' dir='ltr'>ἐπιλεγομένῳ</span> <span class='ocrx_word' id='word_1_755' title='bbox 673 2570 907 2607; x_wconf 78' lang='grc' dir='ltr'>Ξηροποταμηνῷ,</span> 
     </span>
    </p>
   </div>
   <div class='ocr_carea' id='block_1_98' title="bbox 124 2617 908 2654">
    <p class='ocr_par' dir='ltr' id='par_1_98' title="bbox 124 2617 908 2654">
     <span class='ocr_line' id='line_1_98' title="bbox 124 2617 908 2654; baseline 0.003 -11"><span class='ocrx_word' id='word_1_756' title='bbox 124 2617 191 2644; x_wconf 77' lang='grc' dir='ltr'>Θεοῦ</span> <span class='ocrx_word' id='word_1_757' title='bbox 212 2618 342 2652; x_wconf 81' lang='grc' dir='ltr'>συνάρσει</span> <span class='ocrx_word' id='word_1_758' title='bbox 359 2617 404 2644; x_wconf 80' lang='grc' dir='ltr'>καὶ</span> <span class='ocrx_word' id='word_1_759' title='bbox 431 2617 522 2653; x_wconf 80' lang='grc' dir='ltr'>χάριτι</span> <span class='ocrx_word' id='word_1_760' title='bbox 539 2617 700 2654; x_wconf 82' lang='grc' dir='ltr'>ᾠκοδόμησα</span> <span class='ocrx_word' id='word_1_761' title='bbox 721 2618 784 2645; x_wconf 80' lang='grc' dir='ltr'>ναὸν</span> <span class='ocrx_word' id='word_1_762' title='bbox 798 2627 908 2654; x_wconf 81' lang='grc' dir='ltr'>παμμε-</span> 
     </span>
    </p>
   </div>
   <div class='ocr_carea' id='block_1_99' title="bbox 124 2662 907 2698">
    <p class='ocr_par' dir='ltr' id='par_1_99' title="bbox 124 2662 907 2698">
     <span class='ocr_line' id='line_1_99' title="bbox 124 2662 907 2698; baseline 0.001 -10"><span class='ocrx_word' id='word_1_763' title='bbox 124 2662 189 2696; x_wconf 80' lang='grc' dir='ltr'>γέθη</span> <span class='ocrx_word' id='word_1_764' title='bbox 203 2670 233 2688; x_wconf 87' lang='grc' dir='ltr'><strong>τε</strong></span> <span class='ocrx_word' id='word_1_765' title='bbox 246 2663 292 2689; x_wconf 69' lang='grc' dir='ltr'>καὶ</span> <span class='ocrx_word' id='word_1_766' title='bbox 307 2662 469 2697; x_wconf 85' lang='grc' dir='ltr'>περικαλλῆ,</span> <span class='ocrx_word' id='word_1_767' title='bbox 484 2662 532 2689; x_wconf 78' lang='grc' dir='ltr'>καὶ</span> <span class='ocrx_word' id='word_1_768' title='bbox 556 2662 666 2694; x_wconf 56' lang='lat' dir='ltr'><strong>usam</strong></span> <span class='ocrx_word' id='word_1_769' title='bbox 682 2663 907 2698; x_wconf 79' lang='grc' dir='ltr'>χρυσοῡφάντους</span> 
     </span>
    </p>
   </div>
   <div class='ocr_carea' id='block_1_100' title="bbox 124 2707 901 2744">
    <p class='ocr_par' dir='ltr' id='par_1_100' title="bbox 124 2707 901 2744">
     <span class='ocr_line' id='line_1_100' title="bbox 124 2707 901 2744; baseline 0.003 -10"><span class='ocrx_word' id='word_1_770' title='bbox 124 2710 169 2734; x_wconf 63' lang='grc' dir='ltr'>καὶ</span> <span class='ocrx_word' id='word_1_771' title='bbox 183 2707 267 2734; x_wconf 71' lang='grc' dir='ltr'>πολλὰ</span> <span class='ocrx_word' id='word_1_772' title='bbox 283 2708 459 2743; x_wconf 84' lang='grc' dir='ltr'>χρυσόπαστα</span> <span class='ocrx_word' id='word_1_773' title='bbox 474 2707 564 2744; x_wconf 80' lang='grc' dir='ltr'>ἀμφία</span> <span class='ocrx_word' id='word_1_774' title='bbox 586 2708 634 2735; x_wconf 74' lang='grc' dir='ltr'>καὶ</span> <span class='ocrx_word' id='word_1_775' title='bbox 649 2708 709 2744; x_wconf 73' lang='grc' dir='ltr'>ἱερὰ</span> <span class='ocrx_word' id='word_1_776' title='bbox 734 2709 901 2744; x_wconf 78' lang='grc' dir='ltr'>καλύμματα</span> 
     </span>
    </p>
   </div>
   <div class='ocr_carea' id='block_1_101' title="bbox 124 2751 904 2790">
    <p class='ocr_par' dir='ltr' id='par_1_101' title="bbox 124 2751 904 2790">
     <span class='ocr_line' id='line_1_101' title="bbox 124 2751 904 2790; baseline 0.005 -14"><span class='ocrx_word' id='word_1_777' title='bbox 124 2751 170 2777; x_wconf 67' lang='lat' dir='ltr'><strong>x1).</strong></span> <span class='ocrx_word' id='word_1_778' title='bbox 184 2752 216 2778; x_wconf 74' lang='grc' dir='ltr'>ἐκ</span> <span class='ocrx_word' id='word_1_779' title='bbox 233 2752 334 2787; x_wconf 78' lang='grc' dir='ltr'>χρυσοῦ</span> <span class='ocrx_word' id='word_1_780' title='bbox 346 2752 411 2786; x_wconf 69' lang='lat' dir='ltr'><strong>am</strong></span> <span class='ocrx_word' id='word_1_781' title='bbox 428 2752 612 2788; x_wconf 81' lang='grc' dir='ltr'>δισκοπότηρα</span> <span class='ocrx_word' id='word_1_782' title='bbox 627 2753 655 2780; x_wconf 83' lang='grc' dir='ltr'>ὲν</span> <span class='ocrx_word' id='word_1_783' title='bbox 674 2753 747 2788; x_wconf 84' lang='grc' dir='ltr'><strong>αὑτῷ</strong></span> <span class='ocrx_word' id='word_1_784' title='bbox 771 2754 904 2790; x_wconf 80' lang='grc' dir='ltr'>ἁπεχαρι-</span> 
     </span>
    </p>
   </div>
   <div class='ocr_carea' id='block_1_102' title="bbox 962 2205 1751 2241">
    <p class='ocr_par' dir='ltr' id='par_1_102' title="bbox 962 2205 1751 2241">
     <span class='ocr_line' id='line_1_102' title="bbox 962 2205 1751 2241; baseline -0.001 -8"><span class='ocrx_word' id='word_1_785' title='bbox 962 2207 1089 2234; x_wconf 83' lang='lat' dir='ltr'><strong>decidens</strong></span> <span class='ocrx_word' id='word_1_786' title='bbox 1106 2210 1136 2232; x_wconf 91' lang='lat' dir='ltr'><strong>ut</strong></span> <span class='ocrx_word' id='word_1_787' title='bbox 1153 2206 1221 2233; x_wconf 91' lang='lat' dir='ltr'><strong>muri</strong></span> <span class='ocrx_word' id='word_1_788' title='bbox 1253 2205 1330 2240; x_wconf 79' lang='lat' dir='ltr'><strong>aquis</strong></span> <span class='ocrx_word' id='word_1_789' title='bbox 1349 2209 1541 2241; x_wconf 86' lang='lat' dir='ltr'><strong>penetrentur;</strong></span> <span class='ocrx_word' id='word_1_790' title='bbox 1562 2210 1589 2232; x_wconf 91' lang='lat' dir='ltr'><strong>et</strong></span> <span class='ocrx_word' id='word_1_791' title='bbox 1613 2206 1665 2233; x_wconf 85' lang='lat' dir='ltr'><strong>tale</strong></span> <span class='ocrx_word' id='word_1_792' title='bbox 1692 2212 1751 2233; x_wconf 85' lang='lat' dir='ltr'><strong>erat</strong></span> 
     </span>
    </p>
   </div>
   <div class='ocr_carea' id='block_1_103' title="bbox 963 2251 1750 2286">
    <p class='ocr_par' dir='ltr' id='par_1_103' title="bbox 963 2251 1750 2286">
     <span class='ocr_line' id='line_1_103' title="bbox 963 2251 1750 2286; baseline -0.003 -6"><span class='ocrx_word' id='word_1_793' title='bbox 963 2253 1017 2280; x_wconf 82' lang='lat' dir='ltr'><strong>Deo</strong></span> <span class='ocrx_word' id='word_1_794' title='bbox 1029 2252 1188 2279; x_wconf 84' lang='lat' dir='ltr'><strong>dilectorum</strong></span> <span class='ocrx_word' id='word_1_795' title='bbox 1202 2251 1364 2278; x_wconf 87' lang='lat' dir='ltr'><strong>athletarum</strong></span> <span class='ocrx_word' id='word_1_796' title='bbox 1380 2255 1536 2278; x_wconf 88' lang='lat' dir='ltr'><strong>sanctorum</strong></span> <span class='ocrx_word' id='word_1_797' title='bbox 1551 2258 1672 2279; x_wconf 88' lang='lat' dir='ltr'><strong>meorum</strong></span> <span class='ocrx_word' id='word_1_798' title='bbox 1685 2259 1750 2286; x_wconf 87' lang='lat' dir='ltr'><strong>qua-</strong></span> 
     </span>
    </p>
   </div>
   <div class='ocr_carea' id='block_1_104' title="bbox 962 2296 1751 2333">
    <p class='ocr_par' dir='ltr' id='par_1_104' title="bbox 962 2296 1751 2333">
     <span class='ocr_line' id='line_1_104' title="bbox 962 2296 1751 2333; baseline -0.003 -7"><span class='ocrx_word' id='word_1_799' title='bbox 962 2298 1085 2333; x_wconf 76' lang='lat' dir='ltr'><strong>draginta</strong></span> <span class='ocrx_word' id='word_1_800' title='bbox 1102 2296 1286 2325; x_wconf 86' lang='lat' dir='ltr'><strong>venerandum</strong></span> <span class='ocrx_word' id='word_1_801' title='bbox 1303 2297 1511 2329; x_wconf 86' lang='lat' dir='ltr'><strong>monasterium,</strong></span> <span class='ocrx_word' id='word_1_802' title='bbox 1525 2297 1596 2331; x_wconf 90' lang='lat' dir='ltr'><strong>quod</strong></span> <span class='ocrx_word' id='word_1_803' title='bbox 1612 2297 1676 2324; x_wconf 87' lang='lat' dir='ltr'><strong>olim</strong></span> <span class='ocrx_word' id='word_1_804' title='bbox 1691 2298 1751 2332; x_wconf 91' lang='lat' dir='ltr'><strong>qui-</strong></span> 
     </span>
    </p>
   </div>
   <div class='ocr_carea' id='block_1_105' title="bbox 962 2341 1750 2377">
    <p class='ocr_par' dir='ltr' id='par_1_105' title="bbox 962 2341 1750 2377">
     <span class='ocr_line' id='line_1_105' title="bbox 962 2341 1750 2377; baseline -0.001 -6"><span class='ocrx_word' id='word_1_805' title='bbox 962 2344 1021 2371; x_wconf 89' lang='lat' dir='ltr'><strong>dem</strong></span> <span class='ocrx_word' id='word_1_806' title='bbox 1034 2342 1182 2376; x_wconf 86' lang='lat' dir='ltr'><strong>Chimarri,</strong></span> <span class='ocrx_word' id='word_1_807' title='bbox 1200 2350 1273 2370; x_wconf 92' lang='lat' dir='ltr'><strong>nunc</strong></span> <span class='ocrx_word' id='word_1_808' title='bbox 1284 2346 1374 2370; x_wconf 85' lang='lat' dir='ltr'><strong>autem</strong></span> <span class='ocrx_word' id='word_1_809' title='bbox 1386 2341 1561 2377; x_wconf 77' lang='lat' dir='ltr'><strong>Xeropotami</strong></span> <span class='ocrx_word' id='word_1_810' title='bbox 1581 2347 1703 2374; x_wconf 83' lang='lat' dir='ltr'><strong>vocatur.</strong></span> <span class='ocrx_word' id='word_1_811' title='bbox 1721 2349 1750 2370; x_wconf 92' lang='lat' dir='ltr'><strong>ut</strong></span> 
     </span>
    </p>
   </div>
   <div class='ocr_carea' id='block_1_106' title="bbox 961 2389 1750 2425">
    <p class='ocr_par' dir='ltr' id='par_1_106' title="bbox 961 2389 1750 2425">
     <span class='ocr_line' id='line_1_106' title="bbox 961 2389 1750 2425; baseline -0.003 -8"><span class='ocrx_word' id='word_1_812' title='bbox 961 2398 995 2418; x_wconf 92' lang='lat' dir='ltr'><strong>ne</strong></span> <span class='ocrx_word' id='word_1_813' title='bbox 1009 2390 1114 2425; x_wconf 80' lang='lat' dir='ltr'><strong>species</strong></span> <span class='ocrx_word' id='word_1_814' title='bbox 1126 2389 1235 2424; x_wconf 84' lang='lat' dir='ltr'><strong>quidem</strong></span> <span class='ocrx_word' id='word_1_815' title='bbox 1256 2396 1396 2416; x_wconf 90' lang='lat' dir='ltr'><strong>murorum</strong></span> <span class='ocrx_word' id='word_1_816' title='bbox 1411 2391 1570 2417; x_wconf 82' lang='lat' dir='ltr'><strong>cerneretur</strong></span> <span class='ocrx_word' id='word_1_817' title='bbox 1584 2393 1678 2416; x_wconf 84' lang='lat' dir='ltr'><strong>contra</strong></span> <span class='ocrx_word' id='word_1_818' title='bbox 1693 2389 1750 2416; x_wconf 89' lang='lat' dir='ltr'><strong>vio-</strong></span> 
     </span>
    </p>
   </div>
   <div class='ocr_carea' id='block_1_107' title="bbox 960 2434 1749 2464">
    <p class='ocr_par' dir='ltr' id='par_1_107' title="bbox 960 2434 1749 2464">
     <span class='ocr_line' id='line_1_107' title="bbox 960 2434 1749 2464; baseline -0.003 -1"><span class='ocrx_word' id='word_1_819' title='bbox 960 2437 1046 2464; x_wconf 78' lang='lat' dir='ltr'><strong>lentas</strong></span> <span class='ocrx_word' id='word_1_820' title='bbox 1063 2443 1159 2462; x_wconf 84' lang='lat' dir='ltr'><strong>manus</strong></span> <span class='ocrx_word' id='word_1_821' title='bbox 1174 2435 1384 2462; x_wconf 87' lang='lat' dir='ltr'><strong>lsmaelilarum.</strong></span> <span class='ocrx_word' id='word_1_822' title='bbox 1400 2434 1538 2462; x_wconf 87' lang='lat' dir='ltr'><strong>Directore</strong></span> <span class='ocrx_word' id='word_1_823' title='bbox 1565 2441 1629 2461; x_wconf 87' lang='lat' dir='ltr'><strong>vero</strong></span> <span class='ocrx_word' id='word_1_824' title='bbox 1643 2438 1670 2461; x_wconf 89' lang='lat' dir='ltr'><strong>et</strong></span> <span class='ocrx_word' id='word_1_825' title='bbox 1684 2441 1749 2461; x_wconf 88' lang='lat' dir='ltr'><strong>coo-</strong></span> 
     </span>
    </p>
   </div>
   <div class='ocr_carea' id='block_1_108' title="bbox 960 2479 1749 2516">
    <p class='ocr_par' dir='ltr' id='par_1_108' title="bbox 960 2479 1749 2516">
     <span class='ocr_line' id='line_1_108' title="bbox 960 2479 1749 2516; baseline -0.003 -8"><span class='ocrx_word' id='word_1_826' title='bbox 960 2486 1084 2516; x_wconf 87' lang='lat' dir='ltr'><strong>peratore</strong></span> <span class='ocrx_word' id='word_1_827' title='bbox 1099 2481 1131 2508; x_wconf 88' lang='lat' dir='ltr'><strong>ad</strong></span> <span class='ocrx_word' id='word_1_828' title='bbox 1148 2481 1174 2508; x_wconf 91' lang='lat' dir='ltr'><strong>id</strong></span> <span class='ocrx_word' id='word_1_829' title='bbox 1190 2488 1238 2509; x_wconf 89' lang='lat' dir='ltr'><strong>usa</strong></span> <span class='ocrx_word' id='word_1_830' title='bbox 1253 2488 1311 2508; x_wconf 87' lang='lat' dir='ltr'><strong>mea</strong></span> <span class='ocrx_word' id='word_1_831' title='bbox 1336 2480 1510 2515; x_wconf 88' lang='lat' dir='ltr'><strong>imperatoria</strong></span> <span class='ocrx_word' id='word_1_832' title='bbox 1524 2484 1645 2514; x_wconf 82' lang='lat' dir='ltr'><strong>potestas</strong></span> <span class='ocrx_word' id='word_1_833' title='bbox 1659 2479 1749 2514; x_wconf 90' lang='lat' dir='ltr'><strong>philo-</strong></span> 
     </span>
    </p>
   </div>
   <div class='ocr_carea' id='block_1_109' title="bbox 960 2525 1748 2562">
    <p class='ocr_par' dir='ltr' id='par_1_109' title="bbox 960 2525 1748 2562">
     <span class='ocr_line' id='line_1_109' title="bbox 960 2525 1748 2562; baseline -0.003 -8"><span class='ocrx_word' id='word_1_834' title='bbox 960 2529 1107 2562; x_wconf 84' lang='lat' dir='ltr'><strong>sophorum</strong></span> <span class='ocrx_word' id='word_1_835' title='bbox 1124 2527 1245 2562; x_wconf 83' lang='lat' dir='ltr'><strong>principe</strong></span> <span class='ocrx_word' id='word_1_836' title='bbox 1256 2526 1341 2554; x_wconf 81' lang='lat' dir='ltr'><strong>Paulo</strong></span> <span class='ocrx_word' id='word_1_837' title='bbox 1358 2526 1532 2554; x_wconf 78' lang='lat' dir='ltr'><strong>sanctissimo</strong></span> <span class='ocrx_word' id='word_1_838' title='bbox 1542 2525 1585 2552; x_wconf 86' lang='lat' dir='ltr'><strong>cui</strong></span> <span class='ocrx_word' id='word_1_839' title='bbox 1599 2532 1748 2560; x_wconf 74' lang='lat' dir='ltr'><strong>cognomen</strong></span> 
     </span>
    </p>
   </div>
   <div class='ocr_carea' id='block_1_110' title="bbox 960 2569 1748 2608">
    <p class='ocr_par' dir='ltr' id='par_1_110' title="bbox 960 2569 1748 2608">
     <span class='ocr_line' id='line_1_110' title="bbox 960 2569 1748 2608; baseline -0.005 -8"><span class='ocrx_word' id='word_1_840' title='bbox 960 2572 1188 2608; x_wconf 79' lang='lat' dir='ltr'><strong>Xeropotameno,</strong></span> <span class='ocrx_word' id='word_1_841' title='bbox 1206 2573 1251 2600; x_wconf 90' lang='lat' dir='ltr'><strong>Dei</strong></span> <span class='ocrx_word' id='word_1_842' title='bbox 1264 2580 1314 2608; x_wconf 84' lang='lat' dir='ltr'><strong>ope</strong></span> <span class='ocrx_word' id='word_1_843' title='bbox 1328 2577 1355 2600; x_wconf 91' lang='lat' dir='ltr'><strong>et</strong></span> <span class='ocrx_word' id='word_1_844' title='bbox 1378 2571 1466 2606; x_wconf 81' lang='lat' dir='ltr'><strong>gratia</strong></span> <span class='ocrx_word' id='word_1_845' title='bbox 1482 2570 1605 2598; x_wconf 77' lang='lat' dir='ltr'><strong>exstruxi</strong></span> <span class='ocrx_word' id='word_1_846' title='bbox 1620 2569 1748 2605; x_wconf 87' lang='lat' dir='ltr'><strong>templum</strong></span> 
     </span>
    </p>
   </div>
   <div class='ocr_carea' id='block_1_111' title="bbox 960 2616 1748 2653">
    <p class='ocr_par' dir='ltr' id='par_1_111' title="bbox 960 2616 1748 2653">
     <span class='ocr_line' id='line_1_111' title="bbox 960 2616 1748 2653; baseline -0.003 -7"><span class='ocrx_word' id='word_1_847' title='bbox 960 2619 1110 2653; x_wconf 85' lang='lat' dir='ltr'><strong>spatiosum</strong></span> <span class='ocrx_word' id='word_1_848' title='bbox 1122 2623 1149 2647; x_wconf 87' lang='lat' dir='ltr'><strong>et</strong></span> <span class='ocrx_word' id='word_1_849' title='bbox 1159 2618 1379 2653; x_wconf 84' lang='lat' dir='ltr'><strong>pulcherrimum,</strong></span> <span class='ocrx_word' id='word_1_850' title='bbox 1397 2624 1464 2644; x_wconf 90' lang='lat' dir='ltr'><strong>auro</strong></span> <span class='ocrx_word' id='word_1_851' title='bbox 1479 2616 1611 2644; x_wconf 80' lang='lat' dir='ltr'><strong>micantes</strong></span> <span class='ocrx_word' id='word_1_852' title='bbox 1623 2620 1710 2643; x_wconf 86' lang='lat' dir='ltr'><strong>vestes</strong></span> <span class='ocrx_word' id='word_1_853' title='bbox 1720 2619 1748 2644; x_wconf 82' lang='lat' dir='ltr'><strong>et</strong></span> 
     </span>
    </p>
   </div>
   <div class='ocr_carea' id='block_1_112' title="bbox 960 2664 1747 2699">
    <p class='ocr_par' dir='ltr' id='par_1_112' title="bbox 960 2664 1747 2699">
     <span class='ocr_line' id='line_1_112' title="bbox 960 2664 1747 2699; baseline -0.004 -7"><span class='ocrx_word' id='word_1_854' title='bbox 960 2670 1053 2692; x_wconf 86' lang='lat' dir='ltr'><strong>aurata</strong></span> <span class='ocrx_word' id='word_1_855' title='bbox 1072 2670 1232 2692; x_wconf 83' lang='lat' dir='ltr'><strong>ornamenta</strong></span> <span class='ocrx_word' id='word_1_856' title='bbox 1260 2664 1372 2699; x_wconf 89' lang='lat' dir='ltr'><strong>velaque</strong></span> <span class='ocrx_word' id='word_1_857' title='bbox 1396 2668 1424 2691; x_wconf 90' lang='lat' dir='ltr'><strong>et</strong></span> <span class='ocrx_word' id='word_1_858' title='bbox 1441 2669 1533 2692; x_wconf 83' lang='lat' dir='ltr'><strong>sancta</strong></span> <span class='ocrx_word' id='word_1_859' title='bbox 1551 2672 1584 2692; x_wconf 92' lang='lat' dir='ltr'><strong>ex</strong></span> <span class='ocrx_word' id='word_1_860' title='bbox 1601 2671 1668 2690; x_wconf 87' lang='lat' dir='ltr'><strong>auro</strong></span> <span class='ocrx_word' id='word_1_861' title='bbox 1681 2671 1747 2690; x_wconf 79' lang='lat' dir='ltr'><strong>vasa</strong></span> 
     </span>
    </p>
   </div>
   <div class='ocr_carea' id='block_1_113' title="bbox 959 2709 1746 2746">
    <p class='ocr_par' dir='ltr' id='par_1_113' title="bbox 959 2709 1746 2746">
     <span class='ocr_line' id='line_1_113' title="bbox 959 2709 1746 2746; baseline -0.003 -8"><span class='ocrx_word' id='word_1_862' title='bbox 959 2710 996 2738; x_wconf 89' lang='lat' dir='ltr'><strong>illi</strong></span> <span class='ocrx_word' id='word_1_863' title='bbox 1022 2711 1134 2746; x_wconf 75' lang='lat' dir='ltr'><strong>largitus</strong></span> <span class='ocrx_word' id='word_1_864' title='bbox 1161 2719 1231 2738; x_wconf 89' lang='lat' dir='ltr'><strong>sum.</strong></span> <span class='ocrx_word' id='word_1_865' title='bbox 1259 2710 1292 2737; x_wconf 88' lang='lat' dir='ltr'><strong>Et</strong></span> <span class='ocrx_word' id='word_1_866' title='bbox 1320 2710 1394 2738; x_wconf 83' lang='lat' dir='ltr'><strong>circa</strong></span> <span class='ocrx_word' id='word_1_867' title='bbox 1422 2710 1486 2737; x_wconf 90' lang='lat' dir='ltr'><strong>illud</strong></span> <span class='ocrx_word' id='word_1_868' title='bbox 1522 2710 1594 2738; x_wconf 67' lang='lat' dir='ltr'><strong>uides</strong></span> <span class='ocrx_word' id='word_1_869' title='bbox 1611 2709 1746 2745; x_wconf 86' lang='lat' dir='ltr'><strong>amplissi-</strong></span> 
     </span>
    </p>
   </div>
   <div class='ocr_carea' id='block_1_114' title="bbox 958 2752 1746 2790">
    <p class='ocr_par' dir='ltr' id='par_1_114' title="bbox 958 2752 1746 2790">
     <span class='ocr_line' id='line_1_114' title="bbox 958 2752 1746 2790; baseline -0.001 -9"><span class='ocrx_word' id='word_1_870' title='bbox 958 2763 1029 2788; x_wconf 83' lang='lat' dir='ltr'><strong>mas,</strong></span> <span class='ocrx_word' id='word_1_871' title='bbox 1047 2755 1163 2790; x_wconf 83' lang='lat' dir='ltr'><strong>hospitia</strong></span> <span class='ocrx_word' id='word_1_872' title='bbox 1186 2762 1284 2790; x_wconf 86' lang='lat' dir='ltr'><strong>nempe</strong></span> <span class='ocrx_word' id='word_1_873' title='bbox 1303 2759 1330 2783; x_wconf 92' lang='lat' dir='ltr'><strong>et</strong></span> <span class='ocrx_word' id='word_1_874' title='bbox 1347 2753 1505 2783; x_wconf 87' lang='lat' dir='ltr'><strong>dormitoria</strong></span> <span class='ocrx_word' id='word_1_875' title='bbox 1529 2752 1746 2782; x_wconf 80' lang='lat' dir='ltr'><strong>commeantibus</strong></span> 
     </span>
    </p>
   </div>
   <div class='ocr_carea' id='block_1_115' title="bbox 157 2829 1012 2864">
    <p class='ocr_par' dir='ltr' id='par_1_115' title="bbox 157 2829 1012 2864">
     <span class='ocr_line' id='line_1_115' title="bbox 157 2829 1012 2864; baseline 0.005 -8"><span class='ocrx_word' id='word_1_876' title='bbox 157 2829 165 2845; x_wconf 87' lang='grc'>¹</span> <span class='ocrx_word' id='word_1_877' title='bbox 178 2829 262 2858; x_wconf 75' lang='lat' dir='ltr'><strong>Exod.</strong></span> <span class='ocrx_word' id='word_1_878' title='bbox 281 2838 356 2863; x_wconf 62' lang='lat' dir='ltr'><strong>XXIII,</strong></span> <span class='ocrx_word' id='word_1_879' title='bbox 376 2830 417 2856; x_wconf 77' lang='grc'><strong>15.</strong></span> <span class='ocrx_word' id='word_1_880' title='bbox 457 2831 467 2845; x_wconf 83' lang='grc'>¹</span> <span class='ocrx_word' id='word_1_881' title='bbox 484 2830 569 2859; x_wconf 79' lang='lat' dir='ltr'><strong>Exod.</strong></span> <span class='ocrx_word' id='word_1_882' title='bbox 586 2839 658 2864; x_wconf 74' lang='lat' dir='ltr'><strong>xxiv,</strong></span> <span class='ocrx_word' id='word_1_883' title='bbox 675 2831 720 2860; x_wconf 70' lang='lat'><strong>20.</strong></span> <span class='ocrx_word' id='word_1_884' title='bbox 747 2832 768 2848; x_wconf 78' lang='lat'><strong><em>”</em></strong></span> <span class='ocrx_word' id='word_1_885' title='bbox 783 2831 854 2859; x_wconf 85' lang='lat' dir='ltr'><strong>Psal.</strong></span> <span class='ocrx_word' id='word_1_886' title='bbox 872 2839 968 2864; x_wconf 79' lang='lat' dir='ltr'><strong>cxvttt.</strong></span> <span class='ocrx_word' id='word_1_887' title='bbox 987 2833 1012 2860; x_wconf 76' lang='lat'><strong>5.</strong></span> 
     </span>
    </p>
   </div>
  </div>
