1911 3071
135 111 202 144 1063

539 105 717 137 ΑΒΟΕΝΟΛ
736 103 883 135 ROMANI
904 101 1084 132 SENIONIS
1102 102 1229 133 AUllEA
1249 101 1371 133 BULLA

1693 101 1765 134 1064

134 167 279 200 :I-dttiravi;
297 165 385 192 adhuc
407 167 499 190 autem
515 167 542 189 ct
563 170 655 189 muros
677 162 746 187 a'los
759 165 785 186 et
798 166 886 186 turres
897 162 923 184 et

987 156 1081 192 ἀμην·
1099 158 1144 184 καὶ
1159 157 1223 192 περὶ
1241 158 1322 183 αὑτὸν
1339 158 1430 188 οἴκους
1450 157 1620 192 εὐμεγέθεις,
1642 158 1765 191 ξενῶνας

134 215 303 241 initnimcnla
323 212 417 243 multa,
434 217 488 237 non
507 207 720 243 pra-cedentibus
749 205 860 236 similia,
875 203 922 231 scd

139 259 225 287 multo
246 258 365 285 ﬁrmiora
381 261 409 283 et
425 255 602 288 mirabiliora,
617 258 646 280 ut
664 253 720 280 sint
735 251 876 279 monachis
899 253 926 276 et

135 305 188 340 piis
208 304 276 331 viris
288 308 431 335 tutamen;
455 302 514 328 visu
532 307 640 335 quoque
662 297 864 333 speciosissima
876 317 882 328 ,
899 300 927 322 et

136 350 230 378 auditu
257 356 322 377 vere
352 348 547 384 iucundissima
570 346 604 373 ob
628 345 755 372 eximiam
775 341 924 369 incolarum

135 396 275 422 virtutem.
298 393 366 421 Nam
383 392 485 419 Christi
502 390 633 418 habitatio
646 393 696 421 est,
712 395 727 415 e
750 394 804 422 qua
829 392 926 420 corpo-

136 441 208 469 rales
219 445 246 467 et
257 439 410 475 spiritualcs
422 438 475 472 lupi
489 444 540 464 non
553 440 663 470 possunt
675 435 781 469 eripere
792 439 857 460 oves
867 438 927 465 qua:

137 487 173 514 ibi
189 487 291 516 insunt,
312 485 362 512 sub
374 484 430 518 jam
448 484 522 510 dicto
537 481 710 508 sanctissimo
735 479 818 506 l’unlo
835 485 926 504 mona-

137 533 189 561 cho
214 537 241 560 et
262 531 421 567 presbytero
447 530 490 564 pie
519 534 619 562 pastas,
633 533 660 554 et
671 526 722 553 sub
747 525 856 551 Christo
880 523 927 549 Dei

138 578 265 613 prmsidio
278 577 418 611 degentes,
446 575 473 602 in
488 578 593 605 sancto,
612 577 641 599 ut
655 572 707 598 alia
726 570 928 604 comparatione

139 631 211 657 utar,
228 623 305 650 alveo
328 623 378 649 isto
402 621 551 648 bombilare
575 626 625 646 non
642 622 791 649 cessantes,
819 615 928 642 virtutis

139 671 257 698 fructum
277 674 422 703 operantes
453 666 531 694 melle
547 665 709 695 dulciorem,
730 667 757 689 et
776 663 802 688 in
825 661 926 696 judicia

141 724 266 752 superna:
279 714 432 743 divinitatis
452 713 607 748 vigilantes,
625 715 652 738 et
664 715 773 736 sanctas
787 715 884 735 manus
900 707 926 733 in

141 763 266 790 noctibus
284 761 420 792 tollentes,
444 757 538 793 procul
563 765 578 784 a
594 755 789 790 cupiditatibus
801 753 881 780 malis
902 756 929 779 et

140 809 218 835 vanis
234 805 457 842 cogitationibus,
479 808 577 830 terram
594 807 735 831 exuentcs,
762 803 853 826 mente
868 805 928 825 eto-

141 854 241 884 lautes,
273 851 370 887 spiritu
396 850 545 880 ferventes,
571 848 684 875 Domino
710 845 868 876 servientes,
882 850 929 878 spe

141 899 312 934 gaudentes,
336 896 363 923 in
382 894 557 922 tribulatione
579 893 722 927 patientes,
749 889 864 917 orationi
891 889 932 915 in-

142 943 277 975 stantes‘,
290 941 497 969 necessitatibus
513 943 668 967 sanctorum
683 936 931 965 communicantes,

149 987 363 1024 hospitalitatem
387 990 534 1016 sectantes.
562 984 637 1018 juxta
655 989 733 1010 sacra
746 980 867 1008 oracula.
879 979 933 1006 Ad-

144 1035 198 1063 huc
212 1035 294 1061 etiam
307 1039 403 1060 senum
420 1038 447 1059 et
458 1034 622 1066 aegrotorum
645 1027 762 1063 hospitia
785 1033 845 1054 cutn
862 1026 929 1052 duo-

142 1081 229 1107 decim
253 1078 380 1106 oratoriis
400 1076 550 1108 constrinxi,
571 1079 598 1103 et
614 1073 794 1102 oblationibus
822 1069 926 1103 multis,

144 1132 173 1154 ut
188 1127 310 1158 decebat,
325 1124 427 1151 dictum
445 1122 637 1149 monasterium
664 1126 730 1147 meae
749 1117 931 1153 imperatoria:

144 1171 283 1207 potestatis
305 1169 405 1202 ditari;
423 1168 470 1196 sed
487 1173 514 1196 et
527 1167 686 1202 patriarcha:
700 1163 842 1200 praesentia
855 1163 930 1190 dedi-

143 1219 276 1245 calionem
296 1216 355 1251 ejus
374 1214 560 1242 illustrandatn
575 1212 679 1256 curavi.

975 202 1076 237 δηλαδὴ
1095 203 1142 229 καὶ
1169 203 1432 238 κραϐϐατοστρὼσια
1450 203 1494 229 διὰ
1521 204 1583 235 τοὺς
1597 204 1763 239 εἰσερχομέ-

976 248 1099 280 νους,ἔτι
1117 248 1146 274 δὲ
1171 249 1218 274 καὶ
1245 248 1324 284 τείχη
1349 249 1468 284 ύψιπετῆ
1489 250 1538 276 καὶ
1564 249 1686 285 πύργους
1717 251 1767 276 καὶ

977 295 1163 330 προμαχῶνας
1175 294 1299 327 πολλοὺς,
1315 296 1365 322 οὐκ
1378 295 1408 322 ὲν
1423 295 1509 331 ὁμοίῳ
1516 296 1570 322 τῶν
1585 296 1681 329 πάλαι,
1695 296 1766 323 ἀλλὰ

977 340 1044 367 πολὺ
1058 340 1180 375 βελτίονα
1194 341 1240 367 καὶ
1254 341 1480 376 θαυμασιώτερα,
1502 342 1571 368 ὥστε
1596 339 1666 369 εἶναι
1682 351 1767 377 μονα-

977 389 1034 422 χοτς
1052 388 1098 414 καὶ
1110 387 1252 419 εςύσεϐἑσιν
1272 387 1401 422 ἀνδράσιν
1424 388 1575 422 ἀσφάλεια·
1594 388 1767 423 μεγαλοπρε-

977 433 1016 468 πῆ
1032 433 1080 467 μὲν
1091 435 1123 469 τῇ
1137 434 1195 469 θέᾳ,
1210 436 1242 469 τῇ
1260 434 1288 460 δὲ
1308 435 1376 469 ἀκοῇ
1399 434 1518 469 ἀτεχνῶς
1539 435 1706 470 χαριέστατα
1720 436 1766 461 διὰ

977 479 1026 513 τὴν
1039 481 1067 506 ὲν
1079 480 1171 511 αὐτοῖς
1182 479 1378 514 εὐδοκιμοῦσαν
1392 481 1503 514 ἀρετήν.
1520 481 1632 516 Μάνδρα
1650 481 1697 507 καὶ
1707 481 1765 516 γὰρ

978 524 1097 559 Χριστοῦ
1112 525 1198 556 ἐστιν,
1214 522 1248 560 ἦς
1261 526 1286 550 οὶ
1305 525 1429 560 αἰσθητοὶ
1442 526 1489 552 καὶ
1504 526 1594 560 νοτ-,τοὶ
1608 526 1685 552 λύκοι
1697 526 1766 552 ἁδυ-

979 569 1090 596 νατοῦσι
1115 570 1254 605 σπαράξαι
1279 570 1312 597 τὰ
1341 571 1370 597 ἐν
1387 571 1455 606 αὐτῇ
1482 571 1615 606 πρόϐατα,
1638 572 1690 598 ὑπὸ
1715 571 1765 598 τοῦ

980 615 1108 650 ῥηθέντος
1118 615 1276 642 ὠσιωτὰτου
1289 617 1395 643 Παύλου
1413 617 1531 652 μοναχοῦ
1548 618 1594 643 καὶ
1610 618 1766 651 πρεσϐυτέ-

980 669 1027 695 ρου
1045 661 1164 692 εὐσεϐῶς
1180 663 1390 697 ποιμαινόμενα,
1402 663 1448 689 καὶ
1462 662 1514 689 ὑπὸ
1528 662 1577 698 τῆς
1588 664 1635 690 τοῦ
1646 664 1767 698 Χριστοῦ

979 705 1025 731 τοῦ
1041 705 1109 732 Θεοῦ
1125 706 1294 740 ἀντιλήψεως
1308 706 1481 741 αὐλιζόμενα,
1504 709 1544 738 είς
1563 707 1609 733 τὸν
1622 708 1693 743 ἱερὸν
1704 708 1767 735 καθ’

979 750 1076 786 ἑτέραν
1096 751 1226 786 ἐπιϐολὴν
1246 752 1398 785 μελιττῶνα
1411 752 1505 779 τοῦτον
1521 753 1701 789 περιϐομϐεῖν
1717 755 1768 789 ἑμ-

982 797 1144 831 μελέστατα,
1162 797 1207 824 τὸν
1221 798 1271 832 τῆς
1286 799 1385 833 ἀρετῆς
1399 799 1570 834 ἐργαζόμενα
1581 800 1685 835 καρπὸν
1696 802 1769 835 ὐπῖρ

982 841 1042 875 μέλι
1051 842 1232 875 γλυκάζοντα,
1246 844 1291 869 καὶ
1303 845 1348 870 ἐπὶ
1358 845 1391 870 τὰ
1403 844 1451 878 τῆς
1466 846 1628 880 ύπερουσίου
1640 846 1768 881 θεότητος

981 889 1104 923 κρίματα
1120 889 1312 925 ὲΞεγειρόμενα
1330 891 1378 916 καὶ
1389 891 1466 921 ὁσίας
1479 893 1573 926 χεῖρας
1590 893 1619 918 ὲν
1633 894 1692 924 ταῖς
1708 893 1771 925 νυξὶ

981 935 1140 970 ἐπαίροντα,
1153 936 1238 971 χωρὶς
1254 936 1430 971 ἐνθυμήσεων
1445 938 1571 973 πονηρῶν
1584 939 1630 964 καὶ
1644 940 1770 973 ματαίων

981 981 1164 1015 διαλογισμῶν
1189 991 1198 1006 ‹
1224 982 1276 1008 Τὸν
1294 982 1357 1016 χοῦν
1382 983 1523 1016 κενοῦντα,
1544 984 1589 1011 τὸν
1615 985 1676 1011 νοῦν
1704 993 1770 1012 πτε-

983 1027 1093 1062 ροῦντα,
1109 1026 1147 1062 τῷ
1161 1027 1296 1062 πνεύματι
1313 1029 1419 1060 ζέοντα.
1436 1029 1475 1064 τῷ
1491 1031 1586 1066 Κυρίῳ
1598 1031 1770 1063 δουλεύοντα,

983 1073 1017 1107 τῇ
1027 1072 1114 1099 ἑλπίδι
1129 1072 1272 1109 χαίροντα,
1288 1075 1320 1109 τῇ
1336 1074 1424 1108 θλίψει
1441 1075 1623 1110 ὑπομένοντα,
1637 1078 1670 1112 τῇ
1687 1086 1772 1113 προπ-

985 1119 1051 1152 ευχῇ
1069 1119 1341 1153 προσκαρτεροῦντα,
1355 1121 1415 1151 ταῖς
1430 1122 1536 1156 χρείαις
1549 1121 1604 1148 τῶν
1619 1122 1704 1156 ἁγίων
1713 1131 1773 1149 κοι-

986 1164 1134 1197 νωνοῦντα,
1151 1165 1201 1200 τὴν
1216 1165 1368 1200 φιλοξενίαν
1390 1166 1521 1194 διώκοντα
1540 1177 1549 1193 ι
1570 1169 1640 1195 κατὰ
1659 1170 1693 1195 τὰ
1712 1169 1774 1204 ἱερὰ

989 1210 1077 1244 λόγια.
1094 1210 1155 1236 Ἔτι
1167 1210 1196 1237 δὲ
1223 1213 1408 1247 γηροτροφείά
1419 1221 1449 1239 τε
1469 1214 1517 1240 καὶ
1529 1216 1690 1250 νοσοκομεῖα
1702 1217 1774 1250 μετὰ

146 1263 253 1291 καὶδύο
274 1263 323 1290 καὶ
339 1261 405 1288 δέκα
431 1255 642 1296 παρεκκλησιῶν
664 1258 826 1293 συνέστησα,
848 1255 897 1283 καὶ
906 1255 1064 1291 ἀναθήμασι
1092 1256 1198 1288 πολλοῖς
1217 1257 1255 1290 ὡς
1282 1258 1355 1290 εἰκὸς
1384 1259 1434 1295 τὴν
1467 1260 1597 1295 ῥηθεῖσαν
1618 1262 1702 1297 μονὴν
1722 1262 1772 1298 τῆς

146 1311 285 1347 βασιλείας
300 1318 350 1346 μου
375 1307 585 1336 κατεπλούτισα.
602 1306 682 1333 Ἀλλὰ
706 1306 752 1333 καὶ
765 1305 834 1341 μετὰ
857 1303 1062 1340 πιτριαρχικῆς
1081 1304 1234 1339 πιρουσίας
1251 1305 1297 1332 τὸν
1324 1306 1522 1343 ἐγκαινιασμδν
1542 1308 1630 1343 αὐτῆς
1643 1309 1770 1342 ἐδόξασα.

179 1357 206 1384 2.
219 1356 287 1384 Cum
304 1360 394 1383 autem
418 1359 479 1390 post
490 1354 685 1382 dedicationem
702 1357 729 1381 et
752 1351 934 1380 consecratio-

148 1413 209 1433 nem
219 1403 362 1432 rcstaurati
373 1402 464 1438 templi
475 1407 502 1430 et
516 1402 630 1430 reditum
642 1400 805 1429 sanctissimi
819 1399 936 1434 patriar-

150 1450 207 1477 chze
222 1448 323 1476 domini
339 1447 544 1482 Theophylacti,
566 1446 737 1474 dilectissimi
755 1445 800 1472 lilii
820 1445 937 1479 impera-

148 1496 223 1523 toria:
235 1494 376 1529 potestatis
391 1499 470 1525 mea,
485 1497 512 1519 et
528 1492 678 1527 spiritualis
691 1491 742 1518 mei
757 1490 850 1525 patris.
866 1488 937 1524 quod
951 1501 973 1531 ο

148 1539 175 1567 in
191 1541 283 1567 animo
298 1542 356 1567 erat
368 1538 478 1572 explere
494 1537 688 1564 convenienter
700 1534 856 1569 dijudicavi,
871 1541 939 1568 quo-

151 1587 223 1613 niam
240 1584 298 1618 ejus
312 1584 439 1619 precibus
452 1583 508 1610 Deo
524 1583 644 1616 acceptis
657 1580 746 1608 triduo
767 1585 844 1607 antea
859 1587 939 1607 sana-

150 1638 191 1659 tus
210 1638 294 1663 eram,
312 1634 338 1657 et
361 1633 477 1662 mgrotus
501 1634 563 1655 cum
581 1634 670 1655 essem
697 1626 832 1654 relevatus
851 1633 938 1657 eram,

150 1677 220 1713 quod
243 1676 322 1711 paulo
342 1680 406 1703 ante
437 1674 517 1701 limen
536 1673 635 1701 inferni
661 1672 772 1700 subiens
788 1671 940 1699 faciendum

146 1725 341 1764 pulicaveram,
368 1723 504 1757 ingressus
522 1728 581 1748 sum
597 1727 658 1748 cum
672 1719 805 1754 aliquibus
827 1725 842 1746 e
862 1725 941 1745 sena-

153 1771 259 1798 toribus
285 1770 312 1797 in
328 1767 548 1804 gazophylacium
569 1766 750 1802 imperatoria:
772 1772 838 1792 mea:
862 1763 940 1791 Pote-

150 1817 239 1847 statis.
253 1819 279 1842 et
291 1815 360 1842 inter
370 1813 517 1848 fragmenta
530 1811 674 1839 venerandi
687 1810 749 1838 libri
758 1810 869 1838 tivilica':
879 1817 941 1837 cru-

150 1862 190 1889 cis
198 1861 316 1889 omnium
329 1860 480 1887 maximum
488 1863 515 1886 ct
525 1859 703 1885 admiratione
721 1857 828 1892 dignius
839 1857 941 1892 cl‘gens

151 1905 214 1940 (fert
227 1905 297 1932 enim
310 1905 441 1931 bactentts
456 1903 483 1930 in
499 1910 529 1931 se
539 1902 684 1930 Dominica:
698 1902 830 1936 passionis
847 1909 941 1929 monu-

152 1956 251 1983 menta,
274 1958 355 1977 unum
370 1949 507 1977 clavorum
530 1948 663 1982 foramen,
686 1949 783 1983 quibus
813 1947 940 1976 Deiilcata

152 2005 215 2024 caro
232 1995 336 2023 Domini
357 1995 408 2022 mei
435 1995 520 2022 divisa
538 2000 579 2022 est
592 1999 618 2021 et
637 1993 800 2021 ablutionem
817 1998 941 2028 peccato-

155 2050 212 2069 rum
228 2047 382 2068 nostrorum
399 2040 495 2075 largita
512 2045 564 2073 est,
580 2040 684 2068 scilicet
700 2039 758 2067 fons
775 2039 940 2066 sanctissimi

152 2088 291 2122 sanguinis
314 2087 454 2121 manavit),
468 2086 637 2113 altitudinem
662 2086 763 2113 habens
785 2093 846 2113 cum
871 2085 939 2112 obli-

153 2134 214 2168 quis
238 2132 363 2167 partihus
386 2136 412 2159 ct
429 2132 510 2159 rectis
532 2139 614 2159 unum
644 2131 752 2158 circiter
775 2132 892 2158 cubitale
914 2136 939 2158 et

153 2187 232 2206 uuam
248 2178 391 2213 pralinam,
399 2178 565 2205 latitudinem
576 2182 664 2205 autem
675 2177 746 2204 circa
758 2177 825 2205 duos
833 2178 943 2215 digitos,

153 2224 352 2252 ctsoliditatem
363 2232 446 2252 unum
457 2224 584 2258 digitum,
594 2223 700 2258 pondus
712 2231 776 2251 Vcl'o
786 2228 870 2251 talum
879 2233 945 2252 cen-

157 2275 213 2296 tum
231 2270 342 2297 circiter
355 2269 549 2303 drachmas;et
563 2269 686 2296 manibus
697 2277 808 2297 sumens
816 2276 941 2299 sanctum

159 2316 231 2343 hunc
247 2315 414 2347 thesaurum,
431 2314 601 2342 tremendum
621 2310 750 2342 vexillum
763 2316 884 2344 ccclesiis
897 2324 942 2345 re-

163 2361 328 2397 gis,signnm
339 2360 409 2395 quod
418 2360 446 2388 in
460 2359 528 2388 «elo
540 2360 701 2394 parebittilii
711 2361 826 2389 hominis
835 2362 943 2397 quando

158 2407 263 2434 venerit
273 2407 305 2434 ad
313 2406 487 2440 judicandum
498 2408 574 2434 vivos
586 2410 613 2434 et
624 2411 762 2440 mortuos;
773 2408 823 2435 hoc
833 2415 896 2443 ergo
903 2408 943 2436 di-

156 2452 248 2479 vinum
262 2452 471 2480 instrumentum
481 2451 575 2479 salutis
586 2457 685 2479 nostra:
697 2457 852 2480 reverenter
863 2454 943 2489 dcpo-

157 2500 199 2527 sui
212 2499 283 2526 intra
298 2502 406 2526 sanctas
414 2505 510 2525 manus
530 2498 694 2525 sanctissimi
708 2497 782 2526 Pauli
795 2498 945 2534 Xeropota-

155 2545 237 2578 meai,
247 2549 276 2571 ut
284 2545 319 2571 sit
328 2544 415 2571 donec
422 2543 513 2571 veniat
521 2543 650 2571 Dominus
658 2543 837 2572 inalienabilis
844 2545 944 2573 oblatio

154 2591 226 2619 dicto
243 2590 476 2618 venerandissimo
493 2590 660 2618 monasterio
677 2598 745 2618 mea:
763 2592 943 2626 imperatoria:

156 2639 308 2672 potestatis;
324 2639 394 2674 quod
410 2639 571 2666 comitantes
582 2646 643 2665 cum
655 2640 838 2668 ecclesiastica
852 2645 879 2668 et
891 2642 942 2668 mi-

155 2684 227 2711 litari
244 2692 349 2718 pompa,
364 2690 393 2711 ut
404 2684 537 2711 collocent
552 2684 615 2711 illud
631 2684 657 2712 in
675 2691 768 2713 sancto
784 2688 940 2715 monaSIetii

157 2731 309 2759 Ianctuario
325 2731 352 2758 in
367 2731 610 2759 sanctificationem
628 2737 660 2767 et
677 2733 871 2763 munimentum
889 2736 940 2763 int-

193 2817 205 2836 ⁸
213 2818 299 2862 βοω.
317 2829 367 2855 xu,
388 2821 433 2849 l2.

1025 1350 1058 1386 β’.
1088 1351 1164 1378 Ἐπεὶ
1178 1352 1206 1378 δὲ
1224 1353 1293 1387 μετὰ
1307 1353 1352 1380 τὸν
1369 1354 1566 1390 ὲγκαινιασμὺν
1582 1356 1629 1383 καὶ
1644 1356 1692 1390 τὴν
1705 1357 1774 1383 καθ-

989 1397 1098 1433 ιέρωσιν
1114 1398 1159 1425 τοῦ
1180 1399 1258 1433 ἁγίου
1272 1400 1336 1427 ναοῦ
1356 1401 1402 1427 καὶ
1416 1401 1466 1437 τὴν
1484 1402 1613 1430 ἐπάνοδον
1626 1403 1674 1430 τοῦ
1686 1404 1773 1438 ἁγιω-

989 1442 1073 1469 τάτου
1088 1444 1258 1479 πατριάρχου
1273 1453 1305 1471 κυ
1311 1445 1357 1480 ροῦ
1369 1446 1570 1481 Θεοφυλάκτου,
1582 1449 1774 1476 ποθεινοτάτου

991 1487 1049 1514 υἱοῦ
1077 1489 1127 1524 τῆς
1153 1489 1292 1525 βασιλείας
1319 1500 1369 1527 μου
1396 1493 1504 1520 καὶτοῦ
1520 1496 1704 1529 πνευματικοῦ
1722 1504 1774 1529 μου

991 1534 1106 1569 πατρὸς,
1121 1535 1151 1562 τὺ
1164 1537 1235 1563 κατὰ
1252 1537 1337 1572 θυμὸν
1352 1539 1528 1574 ἐκπληρῶσαι
1540 1540 1659 1574 εὐλόγως
1673 1541 1776 1576 διενοήο

990 1580 1051 1615 θην,
1070 1581 1164 1617 ἐπειδὴ
1179 1584 1238 1615 ταῖς
1251 1583 1345 1610 τούτου
1358 1584 1526 1612 θεοπειθέσιν
1535 1587 1626 1621 εὐχαῖς
1642 1588 1776 1623 πρότριτα

990 1627 1123 1662 ὑγιάσθην
1138 1629 1184 1655 καὶ
1203 1629 1332 1665 κλινήρης
1347 1630 1384 1657 ὢν
1404 1632 1534 1658 ἀνέλαϐον
1549 1633 1677 1667 ἐμαυτὸν,
1695 1634 1708 1660 ὃ
1721 1634 1776 1669 πρὸ

991 1673 1090 1709 μικροῦ
1104 1675 1150 1700 τὸν
1164 1675 1240 1702 οὐδὸν
1254 1676 1353 1708 ἐπιϐὰς
1371 1677 1417 1703 τοῦ
1434 1676 1498 1713 ᾅδου
1520 1678 1674 1714 διεκρίνατο
1695 1689 1776 1714 ποιη-

990 1721 1062 1751 τέον,
1078 1720 1201 1755 εἰσῆλθον
1215 1723 1283 1756 μετά
1299 1731 1380 1749 τινων
1395 1724 1443 1758 τῆς
1459 1723 1612 1759 συγκλήτου
1629 1726 1658 1751 ἐν
1670 1725 1709 1760 τῷ
1725 1726 1776 1761 θη-

991 1766 1204 1801 σαυροφυλακίῳ
1219 1768 1268 1802 τῆς
1283 1769 1416 1802 κραταιᾶς
1440 1777 1491 1803 μου
1507 1769 1646 1804 βασιλείας
1660 1771 1706 1797 καὶ
1720 1771 1776 1797 τῶν

990 1811 1089 1845 ⁵τιμίων
1106 1811 1194 1844 ξύλων
1210 1812 1258 1838 τοῦ
1286 1812 1417 1844 ζωοποιοῦ
1446 1814 1562 1849 σταυροῦ
1590 1816 1620 1841 τὸ
1648 1816 1776 1850 μέγιστον

991 1856 1099 1883 πάντων
1114 1857 1161 1884 καὶ
1182 1857 1320 1893 θαύματος
1336 1859 1412 1892 ἄξιον
1437 1860 1525 1896 εὑρὼν
1542 1862 1630 1897 (φέρει
1651 1863 1698 1889 καί
1721 1863 1776 1897 γὰρ

990 1903 1073 1930 εἰσέτι
1096 1904 1125 1931 ὲν
1151 1904 1240 1940 ἐαυτῷ
1256 1905 1291 1932 τὰ
1301 1905 1347 1932 τοῦ
1361 1907 1525 1934 Δεσποτικοῦ
1549 1908 1651 1940 πάθους
1671 1910 1776 1944 μνημό-

992 1957 1070 1982 συνα,
1093 1951 1158 1985 μίαν
1185 1951 1239 1977 τῶν
1263 1951 1336 1987 ἥλων
1358 1952 1438 1988 ὀπὴν,
1456 1950 1551 1988 ἀφ’ὧν
1578 1955 1594 1989 ἡ
1619 1955 1776 1990 τεθεωμένη

991 1996 1061 2032 σὰρξ
1075 1997 1120 2023 τοῦ
1134 1998 1235 2033 Κυρίου
1257 2007 1309 2033 μου
1335 2001 1488 2036 περιεπάρη
1504 2001 1551 2027 καὶ
1574 2002 1604 2028 τὸ
1628 2003 1776 2037 καθάρσιον

991 2043 1044 2069 τῶν
1054 2043 1197 2078 ἁμαρτιῶν
1210 2044 1289 2079 ἡμῶν
1302 2045 1456 2080 ἐδωρήσατο
1468 2047 1548 2082 ἧτοιή
1562 2047 1639 2078 λιϐὰς
1651 2048 1697 2074 τοῦ
1710 2057 1776 2075 παν-

991 2089 1071 2122 αγίου
1101 2089 1276 2125 κατεκενὼοη
1306 2091 1443 2126 αἵματος),
1469 2092 1535 2126 ὕψος
1561 2093 1622 2128 ἔχον
1640 2094 1778 2128 μετὰτῶν

956 2145 979 2173 ι)
993 2135 1148 2170 ἐγκαρσίων
1161 2136 1208 2163 καὶ
1226 2137 1273 2163 τοῦ
1292 2137 1366 2164 ίστοῦ
1378 2139 1443 2165 ὡσεὶ
1458 2139 1517 2170 ἐνὸς
1527 2140 1637 2175 πήχεως
1650 2142 1698 2167 καὶ
1712 2143 1777 2176 μιᾶς

994 2181 1157 2217 παλαιστῆς,
1174 2182 1275 2214 πλάτος
1287 2183 1316 2210 δὲ
1330 2183 1396 2210 ὡσεὶ
1412 2184 1459 2211 δύο
1479 2185 1618 2212 δακτύλων
1633 2187 1680 2213 καὶ
1695 2186 1777 2221 βάθος

992 2227 1059 2253 ὡσεὶ
1073 2228 1131 2260 ἐνὸς
1141 2228 1286 2262 δακτύλου,
1304 2229 1386 2264 ὁλκὴν
1413 2230 1441 2257 δὲ
1465 2231 1494 2258 τὸ
1525 2233 1578 2258 πᾶν
1604 2232 1684 2258 αὑτοῦ
1711 2234 1777 2260 ὡσεὶ

992 2272 1119 2309 δραχμὰς
1135 2275 1232 2302 ἑκατόν
1244 2283 1250 2289 ·
1269 2275 1316 2302 καὶ
1335 2276 1387 2303 ἀνὰ
1412 2277 1505 2312 χεῖρας
1521 2277 1612 2304 λαϐὼν
1628 2278 1720 2304 τοῦτον
1732 2279 1777 2304 τὶν

992 2318 1071 2353 ἅγιον
1089 2319 1236 2356 θησαυρὸν,
1249 2320 1298 2354 τὴν
1317 2321 1434 2356 φρικτὴν
1449 2322 1570 2356 σημαίαν
1596 2322 1643 2349 τοῦ
1664 2324 1779 2357 ἐπουρα-

992 2368 1050 2395 νίου
1069 2368 1213 2403 βασιλέως,
1231 2369 1262 2396 τὸ
1288 2370 1316 2396 ἐν
1329 2370 1436 2405 οὐρανῷ
1462 2371 1650 2405 φανησόμενον
1665 2373 1777 2406 σημεῖον

992 2414 1038 2441 τοῦ
1049 2415 1114 2442 Υίοῦ
1130 2415 1178 2442 τοῦ
1194 2415 1339 2451 ἀνθρώπου
1355 2416 1401 2443 τοῦ
1419 2416 1562 2451 μέλλοντος
1577 2417 1705 2452 ἔρχεσθαι
1719 2419 1778 2452 κρῖ-

993 2469 1036 2487 ναι
1050 2461 1154 2493 ζῶντας
1170 2463 1218 2487 καὶ
1231 2461 1344 2497 νεκρούς
1357 2469 1364 2475 ⁸
1378 2461 1456 2488 τοῦτο
1470 2462 1501 2497 δὴ
1519 2462 1570 2497 (τὸ)
1583 2463 1719 2489 θειότατον
1729 2463 1777 2498 δρ-

993 2515 1075 2540 γανον
1091 2507 1139 2541 τῆς
1153 2507 1290 2543 σωτηρίας
1303 2508 1381 2542 ήμῶν
1390 2508 1510 2540 εὐλαϐῶς
1525 2509 1648 2544 ἐπέθηκα
1660 2511 1718 2542 ταῖς
1730 2510 1777 2536 τοῦ

994 2553 1140 2580 ὁσιωτάτου
1152 2553 1257 2580 Παύλου
1271 2553 1318 2580 τοῦ
1327 2554 1558 2589 Ξηροποταμηνοῦ
1573 2556 1664 2589 ἁγίαις
1674 2557 1779 2592 χερσὶν,

993 2599 1066 2630 ὅπως
1080 2599 1122 2634 εἵη
1139 2600 1192 2632 ἓως
1213 2600 1312 2636 ἀνέλοῃ
1327 2601 1427 2636 Κύριος
1445 2601 1627 2637 ἀναφαίρετον
1649 2602 1779 2637 ἀνάθημα

991 2645 1024 2679 τῇ
1041 2645 1156 2680 ῥηθείσῃ
1170 2645 1379 2681 σεϐασμιωτὰτῃ
1396 2647 1463 2681 μονῇ
1486 2646 1536 2681 τῆς
1561 2646 1701 2681 βασιλείας
1715 2655 1778 2681 μου,

991 2691 1183 2725 ἐφοδιάσαντες
1198 2691 1263 2718 αὐτὸ
1282 2692 1351 2726 μετὰ
1374 2692 1606 2727 ἑκκλησιαστικῆς
1625 2693 1674 2718 καὶ
1693 2700 1779 2728 στρα-

991 2738 1123 2774 τιωτικῆς
1138 2738 1313 2774 προπομπῆς,
1328 2738 1371 2765 ἵνα
1385 2738 1541 2765 ὰποθέσωσι
1553 2738 1632 2765 τοῦτο
1641 2739 1670 2765 ὲν
1681 2738 1719 2773 τῷ
1729 2739 1779 2772 τῆς
