1911 3071
126 159 202 194 1065

463 163 537 194 PRO
557 163 807 196 MONASTEBIO
825 166 1073 197 XEROPOTAMI
1095 168 1135 198 ΙΝ
1158 168 1287 200 ΜΟΝΤΕ
1307 169 1417 201 ΑΤΙΙΟ.

1694 167 1762 200 1065

127 217 217 253 μονῆς
231 216 303 252 ἁγίῳ
320 215 425 252 βήματι
447 219 516 254 πρὸς
538 219 675 255 ἁγιασμόν
695 220 742 246 καὶ
766 220 921 255 στηριγμδν

982 222 1102 249 ieratorii
1126 223 1212 250 nostri
1235 222 1406 251 monasterii.
1424 221 1476 250 Sed
1501 223 1628 257 quoniam
1654 231 1764 259 ιιι-ουτοι*

125 263 179 298 τῆς
195 262 433 298 αὑτοκρατορικῆς
447 264 527 299 ἡμῶν
544 266 640 300 μονῆς,
665 265 736 293 Ἀλλ’
747 265 840 301 ἐπειδὴ
856 265 921 292 τού·

125 317 178 336 ’του
195 309 275 344 χάριν
287 309 391 341 ἱκανῶς
403 309 422 344 ἥ
438 319 467 337 τε
492 309 645 346 σύγκλητος
669 311 718 338 καὶ
735 311 808 338 ἅπαν
827 311 857 338 τὸ
871 311 920 347 δη-

128 355 228 390 μόσιον
244 355 333 382 ἐδέετο
345 355 449 390 ταύτης
463 356 501 392 μὴ
512 356 660 392 ἀποτυχεῖν
674 357 725 392 τῆς
746 358 856 393 χάριτος
871 358 919 393 τῆς

125 401 272 437 οὐρανίου,
284 401 416 437 ὶδιόρισεν
429 403 445 438 ἡ
465 402 590 438 βασιλεία
603 412 665 438 μου,
683 404 726 432 ἵνα
741 405 810 431 κατὰ
829 405 921 432 πᾶσαν

127 446 253 482 τριετίαν
266 446 489 475 ἀποστέλλωνται
507 448 583 484 παρὰ
606 446 656 483 μὶν
666 449 716 484 τῆς
732 450 866 484 κραταιᾶς
877 449 922 485 βα-

128 492 236 524 σιλείας
244 492 298 519 τῶν
314 492 459 528 Ῥωμαίων
468 493 515 522 δύο
527 496 699 530 σεκρετάριοι
711 495 838 530 μυστικοὶ
851 495 921 530 μετὰ

127 537 179 564 καὶ
191 537 252 570 ἑνὸς
266 537 480 574 ἑκατοντάρχου,
493 540 570 575 παρὰ
583 539 612 567 δὲ
622 541 672 575 τῆς
685 540 796 568 συνόδου
817 541 864 568 τοῦ
881 542 922 568 οἱ-

128 584 296 620 κουμενικοΰ
309 585 482 621 πατριάρχου
497 585 544 613 δύο
558 586 685 622 κληρικοί
700 595 707 603 ·
725 587 774 614 καὶ
783 587 921 623 δημοσίως

128 631 199 658 αὐτὸ
214 631 445 667 μεταστέλλεσθαι
462 632 533 667 μετὰ
545 633 746 669 στρατιωτικῆς
756 633 922 669 δορυφορίας

129 677 180 704 καὶ
197 677 367 713 προπομπῆς
390 677 583 714 συγκλητικῶν
609 679 750 714 ἀρχόντων
775 679 847 707 κατὰ
872 678 922 715 τήν

128 722 244 759 πρώτην
259 724 307 750 τοῦ
322 723 481 758 Αὐγούστου
502 724 597 760 μηνὸς,
624 725 670 752 καὶ
691 724 921 760 μεταπέμπεσθαι

127 773 212 801 τοῦτο
228 774 298 810 μετὰ
307 773 418 801 καὶτῶν
433 774 570 810 ὲγκρίτων
581 773 707 810 μοναχῶν
719 774 770 809 τῆς
780 773 921 809 ἡμετέρας

131 819 286 854 σεϐασμίας
303 820 389 855 μονῆς
403 820 450 846 τοῦ
467 819 675 854 Ξηροποτάμου,
686 819 767 855 χάριν
774 818 824 854 τῆς
837 817 921 845 αὐτοῦ

130 866 363 901 προσκνυνήσεως
381 866 429 893 καὶ
443 865 619 901 παγκοσμίου
634 865 776 900 ὖψώσεως,
792 863 922 892 εἴθόὖτω

132 912 329 939 συστέλλεσθαι
346 912 393 939 καὶ
406 912 637 947 μετακομίζεσθαι
649 912 718 948 πρὸς
730 911 779 947 τὴν
792 911 921 948 ῥηθεῖσαν

131 957 219 992 μονὴν
237 958 307 993 μετὰ
321 958 370 993 τῆς
381 957 577 994 προσηκούσης
592 957 761 994 προπομπῆς
775 957 822 985 καὶ
842 957 920 984 εὐλα-

129 1003 218 1036 ϐείας.
267 1005 370 1033 Τούτου
389 1006 473 1042 χάριν
487 1005 594 1033 κελεύει
615 1005 646 1032 τὸ
669 1005 770 1041 κράτος
797 1003 849 1039 τῆς
870 1004 920 1039 βα-

131 1051 233 1083 σιλείας
250 1059 312 1087 μου,
328 1051 446 1079 δίδοσθαι
463 1053 571 1088 ἐτήσιον
585 1051 726 1088 σολέμνιον
737 1051 793 1083 τοῖς
802 1050 922 1086 Ξηροπο-

131 1099 266 1133 ταμηνοϊς
281 1098 405 1132 Πατράσι
423 1098 494 1135 ὑπὲρ
509 1098 628 1134 ψυχικῆς
638 1099 719 1134 ἡμῶν
732 1097 869 1133 σωτηρίας
879 1097 923 1124 διὰ

131 1140 182 1177 τὴν
212 1143 267 1170 τῶν
280 1144 455 1172 ἐνοικούντων
472 1145 515 1172 ἐπ’
529 1145 613 1181 ἀρετῇ
623 1143 844 1179 διασεσοημένων
873 1151 921 1178 μο-

133 1189 224 1224 ναχῶν
255 1189 378 1226 δαπάνην
410 1191 465 1219 τῶν
499 1191 677 1226 ἀναγκαίων,
706 1191 761 1218 τῶν
790 1190 920 1224 Πατέρων

973 267 1024 295 hoc
1033 268 1106 303 juste
1118 274 1229 297 serimus
1238 274 1264 297 et
1274 269 1364 298 omnis
1373 269 1448 304 plebs
1456 269 1674 305 supplicaverunt
1690 275 1720 297 ιιι
1732 279 1765 298 co

973 314 1092 342 caelestis
1104 315 1200 351 gratia:
1214 315 1371 343 vadimonio
1399 323 1451 343 non
1467 316 1619 352 priventur,
1643 316 1767 345 decrevit

973 365 1032 386 mea
1043 358 1218 394 imperatoria
1231 364 1394 395 potestas,ut
1405 360 1522 388 triennio
1536 368 1644 396 quoque
1657 362 1767 389 mittan-

974 407 1018 430 tur
1032 405 1067 432 ab
1077 404 1249 439 imperatoria
1264 411 1397 441 potestate
1409 405 1594 436 Romanorum
1608 409 1662 437 duo
1676 416 1767 437 secre-

973 449 1035 477 tarii
1051 451 1157 487 mystici
1167 459 1228 479 cum
1241 460 1294 480 uno
1308 452 1479 485 centurione,
1505 461 1520 481 a
1547 455 1651 490 synodo
1675 460 1766 483 autem

973 496 1134 524 mrumeniei
1151 497 1313 531 patriarcha:
1333 497 1388 525 duo
1402 498 1507 529 clerici,
1522 504 1549 526 et
1573 500 1680 534 publice
1702 500 1766 528 illud

974 540 1075 576 lignum
1092 540 1231 570 deferatur
1254 551 1315 570 cttm
1339 543 1450 572 militari
1473 536 1602 572 comitatu
1622 551 1649 573 et
1669 553 1767 582 pompa

974 592 1086 615 senatus
1097 588 1250 623 principum
1263 589 1349 624 prima
1360 590 1404 618 die
1417 590 1531 626 Augusti
1547 591 1659 624 mensis,
1673 596 1701 620 et
1715 592 1768 619 im-

974 633 1099 660 mittntnr
1121 641 1183 661 cum
1210 634 1319 662 selectis
1339 636 1483 664 monachis
1506 637 1653 665 venerandi
1683 637 1768 667 nostri

975 681 1134 708 monasterii
1156 680 1342 716 Xeropotami,
1368 681 1402 710 ad
1418 682 1478 718 ejus
1497 683 1684 711 adorationem
1699 689 1725 712 et
1742 685 1768 712 in

974 725 1050 754 omni
1067 727 1169 754 mundo
1188 727 1399 760 exaltationem;
1423 728 1519 756 deinde
1538 728 1576 756 ita
1593 728 1729 756 referatur
1742 736 1770 757 ct

974 777 1131 808 reportetur
1141 773 1174 800 ad
1188 773 1290 802 dictum
1306 775 1504 803 monasterium
1519 783 1581 803 cum
1594 775 1768 806 convenienti

974 825 1071 854 pompa
1082 822 1109 846 et
1122 819 1284 847 reverentia.
1299 818 1401 847 Horum
1414 827 1494 848 causa
1504 820 1583 854 jubet
1594 820 1769 856 imper-amri:

976 871 1035 891 mea
1050 869 1171 900 potestas
1184 865 1242 892 dari
1259 865 1375 894 annuale
1390 865 1554 901 stipendium
1570 866 1769 901 ’Xcropotame-

979 910 1021 937 nis
1036 907 1164 938 Pati-ibus
1180 917 1230 944 pro
1247 911 1383 946 spirituali
1397 917 1491 939 nostra
1505 911 1608 946 salute,
1624 914 1657 940 ad
1673 921 1771 949 procn-

979 957 1064 984 randa
1087 957 1122 984 ibi
1142 956 1302 992 degentibus
1322 958 1349 984 in
1363 958 1461 985 virtute
1476 958 1613 993 prrdictis
1629 960 1772 989 monachis

979 1002 1131 1030 necessaria
1143 1002 1244 1037 quibus
1256 1002 1337 1030 vitam
1354 1008 1510 1031 sustentare
1523 1005 1638 1039 possint.
1653 1005 1683 1034 Si
1696 1006 1769 1035 enim

980 1049 1076 1076 horum
1091 1049 1136 1083 qui
1154 1047 1180 1075 in
1192 1048 1317 1083 Olympo,
1331 1048 1454 1085 Cymina.
1467 1055 1495 1078 et
1510 1050 1586 1079 Latri
1598 1053 1701 1089 degunt
1711 1061 1771 1080 mo-

978 1094 1057 1122 nachi
1068 1102 1116 1130 per
1129 1094 1314 1130 chrysobullas
1329 1103 1388 1122 mea
1403 1097 1514 1125 miserta
1528 1102 1571 1126 est
1591 1098 1768 1134 imperatoria

978 1145 1110 1176 potestas,
1121 1140 1206 1168 multo
1213 1140 1411 1175 potiusutiliter
1423 1142 1449 1170 in
1458 1143 1581 1178 proprios
1587 1144 1771 1183 supplicantes

975 1189 1008 1216 ad
1024 1193 1181 1223 perpetuam
1194 1195 1287 1216 earum
1304 1189 1413 1216 tutelam
1431 1189 1520 1218 faciet.

132 1226 167 1262 ὲκ
184 1234 288 1262 τούτων
304 1236 480 1269 ἀποζῶντων.
499 1237 530 1264 El
547 1237 601 1273 γὰρ
614 1237 677 1269 τοὺς
689 1237 719 1264 ὲν
736 1236 776 1272 τῷ
803 1236 935 1271 Ὀλύμπῳ
955 1235 1004 1262 καὶ
1019 1234 1056 1270 τῷ
1075 1234 1188 1269 Κυμινᾷ
1203 1233 1250 1261 καὶ
1283 1233 1322 1269 τῷ
1339 1234 1387 1262 τοῦ
1408 1235 1528 1270 Λάτρους
1553 1237 1690 1272 pomeri;
1725 1239 1771 1266 διὰ

132 1281 373 1319 χρυσοὸούλλωνὴ
402 1283 457 1319 ἐμὴ
480 1284 574 1319 ἐλέησε
598 1283 721 1319 βασιλεία
739 1304 746 1316 ,
775 1282 864 1318 πολλῷ
891 1281 992 1318 μᾶλλον
1014 1280 1190 1317 χρεωστικῶς
1213 1279 1267 1307 τῶν
1289 1281 1398 1308 οἰκείων
1423 1281 1543 1318 εὐχετῶν
1572 1284 1613 1316 είς
1646 1284 1691 1312 ἀεὶ
1721 1286 1772 1321 τὴν

133 1329 298 1365 κηδεμονίαν
333 1331 452 1365 ποιήσει.

169 1374 204 1410 γ’.
224 1375 307 1404 Ὅθεν
332 1377 380 1404 καὶ
403 1377 449 1404 τὸν
472 1377 594 1413 παρόντα
624 1377 821 1413 χρυσόόουλλον
845 1378 924 1412 λόγον

136 1421 300 1457 ὲπιχορηγεῖ
312 1422 359 1450 καὶ
376 1423 556 1458 ἑπιὸραὸεύει
570 1425 602 1460 τῇ
621 1424 736 1460 ῥηθείσῃ
754 1425 833 1460 μονῇ,
849 1424 883 1450 δι’
895 1420 925 1451 οὗ

133 1468 240 1494 εξιδοκεῖ
259 1469 306 1495 καὶ
321 1468 457 1501 θεσπίζει,
471 1470 514 1496 ἶνα
528 1471 560 1505 τῇ
578 1470 674 1496 τούτου
691 1469 827 1505 ἑμφανείᾳ
841 1470 864 1496 οἱ
876 1470 926 1502 τῆς

136 1513 222 1548 μονῆς
248 1514 351 1549 ταύτης
379 1514 492 1550 μοναχοὶ
514 1515 561 1542 τοῦ
583 1515 731 1542 ὀσιωτάτου
752 1515 857 1542 Παύλου
878 1515 925 1542 τοῦ

134 1560 370 1596 Ξηροποταμηνοῦ
384 1561 430 1588 διὰ
446 1561 476 1588 τὸ
496 1561 644 1597 προνόμιον
670 1561 717 1588 τοῦ
733 1560 866 1593 ζωοποιοῦ
883 1570 925 1588 τι-
939 1581 961 1610 c

137 1606 199 1641 μίου
233 1606 312 1640 ξύλον
340 1607 521 1643 λαμϐάνωσιν
548 1608 581 1635 ὲκ
602 1607 649 1636 τοῦ
665 1608 779 1644 ταμείου
791 1608 840 1643 τῆς
858 1616 926 1643 κρα-

136 1653 214 1684 ταιᾶς
228 1653 282 1680 τῶν
307 1652 452 1688 Ῥωμαίων
472 1653 613 1689 βασιλείας
627 1655 700 1681 κατὰ
722 1655 777 1682 πᾶν
799 1654 859 1685 ἔτος
874 1654 926 1681 ἀνὰ

136 1697 240 1732 χιλίους
255 1698 435 1730 ὀκτακοσίους
451 1699 569 1734 χρυσοῦς
585 1699 634 1734 τῆς
650 1699 722 1735 ἐμῆς
734 1698 870 1736 χαραγῆς,
883 1698 927 1724 διά

135 1752 166 1769 τε
185 1744 249 1775 τοὺς
267 1744 400 1780 ῥηθέντας
416 1744 536 1777 ξενῶνας
559 1746 607 1773 καὶ
630 1746 665 1772 τὰ
692 1746 863 1780 νοσοκομεῖα,
880 1745 927 1772 καὶ

134 1788 178 1816 διὰ
190 1788 221 1815 τὸ
233 1789 374 1824 ἑορτάζειν
393 1791 594 1826 πανηγυρικῶς
619 1791 690 1826 μετὰ
705 1791 862 1824 φιλοτιμίας
879 1790 926 1817 καὶ

137 1834 273 1869 παννύχου
296 1835 418 1867 στάσεως
447 1836 522 1871 τρεῖς
545 1836 671 1871 ἐτησίους
690 1836 804 1871 ἑορτάς·
821 1836 855 1862 τὰ
876 1836 926 1871 τῆς

137 1880 263 1908 θεοτόκου
281 1881 310 1908 ὲν
326 1881 383 1915 ναῷ
399 1881 438 1917 τῷ
461 1882 567 1918 νομικῷ
593 1882 661 1917 ἅγια
687 1883 800 1915 είσόδια,
824 1882 926 1917 κλῆρος

137 1927 184 1954 καὶ
198 1927 253 1962 γὰρ
269 1927 336 1963 αὐτῇ
353 1928 458 1955 ἄνωθεν
472 1928 551 1964 ἐδόθη
568 1929 599 1955 τὺ
613 1928 768 1965 ἁγιώνυμον
780 1929 842 1964 δρος
852 1937 859 1944 ·
876 1929 925 1964 τὴν

136 1973 185 2008 τῆς
200 1974 374 2009 παγκοσμίου
387 1974 518 2009 ὑψώσεῳς
529 1975 577 2002 τοῦ
593 1975 686 2011 τιμίου
704 1975 782 2008 ξύλου
797 1975 843 2002 τοῦ
858 1984 926 2002 παν-

138 2019 217 2054 αγίου
246 2020 378 2054 σταυροῦ.
393 2021 434 2047 ὅτι
455 2022 530 2057 παρά
542 2021 590 2048 τοῦ
601 2021 719 2057 κράτους
733 2021 782 2055 τῆς
796 2019 926 2052 εὐσεϐοῦς

137 2065 216 2100 ἡμῶν
232 2066 371 2100 βασιλείας
385 2067 489 2102 ταύτην
512 2067 680 2094 πεπλούτικε
703 2068 819 2103 χάριτα·
835 2067 882 2094 καὶ
897 2066 927 2093 τδ

139 2111 289 2148 μαρτύριον
305 2112 359 2139 τῶν
374 2113 460 2147 ἁγίων
474 2113 629 2140 θεοσέπτων
640 2114 766 2148 μεγάλων
780 2113 927 2150 μαρτύρων

139 2167 190 2193 μου
206 2158 426 2193 τεσσαράκοντα,
442 2160 484 2186 ὅτι
504 2160 594 2187 πάντα
609 2161 644 2188 τὰ
660 2160 715 2188 τῶν
726 2160 811 2195 ἁγίων
824 2159 927 2186 τούτων

138 2204 275 2240 σεϐάσμιοι
289 2205 404 2240 λείψανα
417 2205 446 2232 ὲν
458 2207 491 2241 τῇ
511 2207 579 2241 μονῇ
593 2206 680 2242 ταύτῃ
697 2206 742 2234 διὰ
760 2206 927 2242 χρυσοεούλ-

1013 1375 1040 1403 3.
1057 1375 1136 1404 Unde
1160 1381 1280 1410 praesens
1299 1375 1525 1411 chrysobullense
1548 1375 1665 1404 edictum
1686 1375 1772 1405 donal

957 1435 960 1439 ι
978 1426 1005 1450 et
1024 1426 1163 1450 asseverat
1175 1421 1248 1449 dicto
1263 1422 1439 1455 monasterio,
1465 1429 1513 1456 per
1527 1423 1598 1458 quod
1612 1424 1669 1451 vult
1684 1429 1711 1452 et
1723 1425 1773 1453 dev

979 1467 1077 1500 cernit,
1094 1472 1124 1494 ut
1141 1466 1200 1500 ejus
1225 1467 1410 1502 publicatiOne
1431 1467 1514 1502 hujus
1536 1470 1695 1497 monasterii
1711 1478 1771 1497 mo-

979 1513 1057 1540 nachi
1076 1512 1241 1540 sanctissimi
1265 1512 1339 1540 Pauli
1358 1512 1568 1548 Xeropotameni
1589 1521 1637 1549 per
1659 1515 1771 1550 privile.

978 1557 1053 1592 gium
1070 1556 1169 1584 viviliei
1188 1556 1258 1584 illius
1271 1562 1298 1584 et
1314 1558 1424 1592 pretiosi
1446 1558 1510 1594 ligni
1528 1559 1663 1594 accipiant
1680 1567 1696 1588 e
1710 1561 1771 1588 the-

979 1610 1060 1630 sauro
1077 1602 1259 1638 imperatorire
1279 1602 1466 1632 Romanorum
1485 1606 1628 1639 potestatis
1651 1614 1775 1642 unoquo-

979 1655 1032 1683 que
1049 1655 1120 1676 anno
1144 1648 1217 1676 mille
1238 1648 1391 1684 octogintos
1419 1656 1516 1677 aureos
1542 1658 1610 1679 mea!
1637 1656 1772 1688 monetae,

978 1699 1090 1729 propter
1107 1694 1163 1729 jam
1181 1694 1252 1722 dicta
1267 1695 1380 1729 hospitia
1402 1699 1430 1724 et
1447 1697 1614 1729 nosocomia,
1637 1701 1665 1724 et
1679 1701 1710 1725 ut
1724 1705 1772 1726 ce-

978 1740 1083 1768 lebrent
1095 1740 1253 1768 solemniter
1273 1748 1335 1768 cum
1351 1741 1410 1768 zelo
1427 1747 1453 1768 et
1467 1747 1597 1769 nocturna
1613 1742 1702 1777 vigilia
1716 1747 1772 1771 tres

979 1786 1112 1813 annuales
1136 1786 1299 1814 festivitates
1314 1794 1322 1812 :
1341 1787 1461 1822 Dciparm
1477 1795 1574 1823 nempe
1596 1787 1622 1815 in
1640 1788 1770 1825 templum

978 1832 1063 1868 legale
1087 1837 1212 1860 sanctum
1227 1833 1395 1868 ingressum;
1411 1833 1555 1860 haereditas
1567 1835 1640 1862 enim
1662 1834 1701 1861 illi
1724 1842 1772 1862 δην

978 1885 1062 1913 pcrne
1075 1878 1153 1906 datus
1169 1883 1211 1906 est
1222 1886 1301 1906 mons
1317 1878 1417 1915 ille-qui
1430 1883 1541 1906 sanctus
1559 1883 1687 1913 vocatur;
1699 1881 1774 1907 exal-

979 1925 1109 1952 tationem
1129 1924 1157 1953 in
1181 1925 1310 1953 universo
1325 1924 1427 1952 mundo
1449 1924 1562 1959 pretiosi
1580 1923 1645 1959 ligni
1659 1925 1774 1952 sanctis'

977 1970 1053 1999 simae
1068 1970 1159 1999 crucis
1170 1990 1178 2003 ,
1202 1971 1264 2006 quia
1278 1978 1327 2006 per
1341 1975 1462 1998 nostram
1479 1970 1551 2004 piam
1568 1969 1771 2004 imperatoriam

978 2021 1140 2051 potestatem
1165 2017 1216 2045 hac
1236 2016 1378 2052 largitione
1392 2016 1522 2044 donatum
1539 2019 1600 2049 est;
1618 2020 1645 2042 et
1665 2021 1771 2051 marty-

982 2062 1052 2090 rium
1069 2067 1226 2090 sanclorum
1241 2062 1297 2090 Deo
1314 2062 1473 2090 dilectarum
1490 2071 1504 2089 ιι
1515 2069 1649 2098 agnorum
1669 2067 1772 2098 marty-

978 2116 1040 2137 rum
1065 2108 1256 2144 quadraginta,
1282 2109 1346 2143 quia
1369 2115 1465 2136 omnes
1483 2113 1642 2136 sanctorum
1656 2108 1771 2137 istorum

978 2156 1140 2184 veneranda:
1158 2155 1280 2190 reliquize
1296 2155 1323 2182 in
1342 2154 1393 2182 hoc
1408 2155 1575 2183 monasterio
1590 2162 1638 2190 per
1656 2156 1773 2191 chryso-

979 2202 1081 2230 bullam
1094 2201 1231 2230 collocata:
1246 2205 1310 2229 sunt
1327 2209 1342 2228 a
1354 2201 1441 2236 prima
1456 2208 1518 2237 quae
1535 2201 1599 2229 illud
1616 2201 1773 2236 possidebat

137 2249 185 2275 λου
197 2249 414 2286 τεθησαύρισται
437 2251 515 2286 παρὰ
537 2251 587 2286 τῆς
610 2250 723 2287 πρώτης
742 2251 925 2286 κτητορίσσης

982 2247 1079 2276 illustri
1109 2247 1283 2282 imperatriee
1320 2246 1463 2275 Pulcheria
1493 2247 1616 2282 virgine,
1649 2251 1774 2282 tempore

138 2294 247 2330 ἐκείνης
272 2294 323 2330 τῆς
351 2295 475 2330 ἀοιδίμου
502 2294 663 2330 βασιλίσσης
688 2294 856 2330 [ἰουλχερίας
876 2294 927 2329 τῆς

139 2339 286 2375 παρθένου,
302 2339 363 2366 καθ’
376 2339 406 2366 ὃν
419 2339 514 2374 χρόνον
535 2339 604 2376 αύτῇ
618 2341 652 2375 τῇ
671 2339 796 2375 μακαρίᾳ
810 2338 927 2374 βασιλίδι

138 2385 199 2412 κατ’
213 2386 279 2422 όναρ
304 2385 329 2412 οι
351 2385 597 2422 μεγαλομάρτυρες
624 2384 744 2421 Χριστοῦ
765 2385 838 2419 ἅγιοι
866 2392 928 2411 τεσ-

140 2431 295 2466 σαράκοντα
324 2431 552 2467 ἐνεφανίσθησαν.
569 2431 642 2466 Πρὸς
665 2430 772 2462 τούτοις
787 2431 817 2458 δὲ
844 2439 928 2466 προσ-

139 2476 336 2512 εκληρώθησαν
353 2477 400 2504 καὶ
416 2477 611 2513 ἁφιερώθησαν
634 2477 673 2509 ὡς
694 2476 868 2504 άδιάσπαστα
880 2485 926 2511 με-

139 2521 216 2556 τόχια
229 2522 276 2548 καὶ
289 2522 313 2548 οι
328 2522 357 2548 ὲν
372 2523 406 2558 τῇ
423 2522 605 2558 βασιλευούσῃ
621 2522 677 2549 τῶν
693 2521 800 2549 πόλεων
816 2522 927 2556 εὐαγεῖς

139 2568 213 2603 τρεῖς
230 2565 311 2599 οἴκοι,
326 2568 341 2595 ὁ
353 2576 381 2594 τε
398 2569 426 2595 ὲν
441 2568 479 2603 τῷ
495 2568 609 2602 Νεωρίῳ
631 2569 664 2594 ὲκ
684 2567 793 2603 βάθρων
814 2568 925 2602 ἀνεγερ-

139 2614 196 2645 Oet;
211 2613 290 2647 ἅγιος
317 2614 381 2646 ναὸς
406 2614 457 2649 τῆς
478 2614 630 2650 ὑπεραγίας
647 2614 774 2642 θεοτόκου
786 2613 862 2650 παρά
879 2614 929 2648 τῆς

141 2659 281 2695 βασιλείας
297 2669 359 2695 μου,
378 2660 426 2687 καὶ
448 2661 478 2687 τδ
498 2661 680 2696 συγκείμενον
704 2661 780 2696 αὑτῷ
795 2660 929 2687 παλάτιόν

141 2714 192 2741 μου
210 2706 241 2733 τὸ
256 2706 391 2742 πατρικὸν
404 2707 473 2742 μετὰ
490 2707 545 2734 τῶν
568 2706 650 2742 πέριξ
673 2707 866 2742 ἐργαστηρίων
882 2707 930 2734 καὶ

141 2753 188 2787 τῆς
207 2752 304 2788 λοιπῆς
325 2752 469 2788 περιοχῆς,
495 2753 554 2788 ἦτοι
571 2753 601 2780 τὺ
615 2753 783 2789 Μυρέλαιον,
808 2752 857 2780 καὶ
871 2753 885 2779 ὸ
899 2753 929 2780 ἐν

140 2797 392 2830 Κωσταντινιαναϊς
416 2798 593 2834 περιώνυμος
616 2799 680 2830 ναὸς
705 2799 760 2826 τῶν
775 2799 862 2833 ἁγίων
877 2806 928 2833 μου

139 2843 346 2878 τεσσαράκοντα
365 2844 434 2879 μετὰ
448 2845 494 2872 καὶ
515 2846 568 2872 τῶν
586 2845 727 2872 ἐνοικειῶν
741 2845 825 2873 αὐτοῦ
840 2846 928 2880 ὀσπη-

138 2890 206 2918 ςίων
218 2891 266 2917 καὶ
282 2891 485 2926 ἐργαστηρίων,
501 2892 544 2919 ἵνα
556 2891 741 2924 δεσπόζωντει
756 2893 801 2920 καὶ
818 2891 929 2927 κυριεύ-

306 2937 443 2969 Ρλτιιοιι.
465 2938 523 2969 Gn.
539 2938 651 2971 CXIII.

978 2301 1035 2329 quo
1062 2293 1111 2326 ipsi
1137 2293 1222 2321 beatae
1253 2293 1420 2328 itupcratrici
1447 2300 1496 2328 per
1521 2294 1658 2321 somnium
1680 2294 1774 2329 magni

981 2339 1066 2367 sancti
1093 2342 1229 2375 martyres
1245 2338 1348 2367 Christi
1372 2339 1550 2374 quadraginta
1575 2346 1772 2374 apparuerunt.
1794 2339 1798 2342 ’

979 2384 1020 2412 Ad
1033 2386 1091 2412 haec
1105 2389 1196 2412 autem
1211 2384 1354 2419 assignatas
1369 2389 1432 2412 sunt
1448 2389 1478 2412 et
1491 2390 1660 2412 consecratae
1675 2388 1703 2412 ut
1715 2385 1774 2412 itm-

981 2429 1121 2458 lienabiles
1136 2431 1333 2465 possessiones,
1356 2426 1411 2458 tres
1432 2430 1504 2458 aedes
1520 2434 1622 2458 sanet-te
1643 2430 1713 2458 intra
1728 2439 1774 2458 ur-

980 2477 1055 2505 bium
1075 2477 1196 2512 reginam
1206 2477 1264 2504 sita:
1278 2485 1285 2504 :
1297 2476 1362 2504 illud
1380 2484 1476 2511 nempe
1491 2476 1517 2504 in
1534 2476 1630 2504 Neorio
1648 2484 1663 2503 ιι
1678 2476 1773 2504 funda-

979 2523 1079 2551 mentis
1093 2530 1108 2549 a
1126 2527 1220 2550 nostra
1238 2522 1415 2557 imperatoria
1443 2527 1579 2557 potestate
1602 2527 1772 2551 exstructum

982 2574 1106 2596 sanctum
1118 2567 1245 2603 templum
1256 2567 1436 2595 sanctissima:
1446 2567 1568 2603 Deipara:
1576 2573 1601 2596 et
1616 2568 1773 2603 contiguum

980 2615 1017 2642 illi
1035 2615 1165 2649 palatium
1182 2621 1273 2641 meutn
1293 2618 1436 2649 paternum
1454 2621 1517 2641 cum
1535 2613 1648 2642 fabricis
1663 2614 1734 2641 circa
1746 2621 1790 2642 et.

981 2666 1038 2689 toto
1060 2661 1195 2692 circuitu,
1217 2660 1243 2687 id
1268 2665 1311 2688 est
1329 2659 1540 2696 Myrclatum,'et
1554 2660 1731 2696 conspicuum
1746 2662 1772 2688 in

982 2707 1215 2735 Constantiniauis
1243 2707 1373 2741 templum
1403 2711 1560 2735 sanctorum
1591 2707 1782 2750 quadraginta|

981 2759 1043 2780 eum
1055 2752 1254 2787 pertinentibus
1266 2752 1392 2786 hospitiis
1402 2757 1430 2780 et
1441 2751 1562 2785 fabricis,
1575 2757 1604 2780 ut
1615 2753 1774 2788 possidean-

982 2803 1026 2826 tur
1041 2803 1069 2826 et
1083 2802 1227 2826 teneantur
1244 2806 1259 2826 a
1276 2799 1431 2828 venerando
1445 2799 1612 2827 monasterio
1626 2799 1774 2834 imperato-

982 2845 1029 2872 riae.
1049 2852 1116 2873 mea:
1130 2846 1283 2881 potestatis,
1297 2846 1383 2875 donec
1397 2846 1438 2874 sol
1451 2853 1531 2882 super
1542 2850 1642 2873 terram
1659 2845 1772 2873 feratur.

982 2889 1055 2918 lstud
1070 2890 1142 2918 enim
1156 2896 1235 2920 antea
1251 2896 1373 2921 materna
1382 2897 1440 2920 erat
1455 2891 1592 2928 possessio
1604 2890 1770 2920 sanctiSsiuti

1551 2935 1590 2970 34
