1911 3071
81 113 162 146 είΟῧτ

394 114 586 145 ADDENDA.
607 127 641 132 —
662 114 740 146 IMP.
763 114 911 145 ROMANI
932 114 1114 146 JUNIORIS
1134 116 1262 146 AUREA
1282 116 1415 148 ΒΗΜΛ.

1657 118 1729 150 10138

92 171 167 198 Pauli
188 170 340 206 spiritualis
353 170 437 204 patris
448 178 515 198 mea:
534 171 716 206 imperatoriae
728 171 879 206 potestatis,

939 179 1016 198 υνται
1033 172 1109 207 παρὰ
1133 172 1184 207 τῆς
1207 172 1361 208 σεϐασμίας
1393 172 1479 208 μονῆς
1509 173 1558 209 τῆς
1583 173 1730 209 βασιλείας

92 218 140 245 ﬁlii
166 217 324 245 exsistentis
351 217 424 244 illius
445 217 559 245 illustris
584 218 712 253 Augustae
731 217 882 252 Procopim,

92 262 154 289 tiliae
174 260 320 295 Nicephori
339 264 367 288 et
386 261 480 288 uxoris
502 261 651 295 Michaelis,
668 261 882 290 orthodoxorum

94 312 202 335 aeternae
218 307 357 335 memoria:
368 307 563 342 imperatorum
582 313 644 336 ante
658 315 720 336 nos.
735 308 786 343 Qui
803 308 884 343 igitur

94 353 239 381 attentahit
262 353 403 381 destruere
426 353 498 382 hunc
528 353 554 381 in
582 355 762 389 praesentibus
793 361 884 382 meum

80 403 185 426 laetum
202 403 229 426 et
249 398 367 433 spoliare
390 398 463 426 dicto
479 398 613 434 stipendio
632 407 722 426 meum
744 404 884 427 monaste-

93 445 174 478 rium,
188 443 231 471 vel
252 444 351 472 σιτοῖτο
370 448 398 472 et
415 444 551 480 subjicere
563 445 628 473 illud
655 446 736 474 alicui
761 453 886 480 persona:

94 492 121 518 in
138 492 270 528 dignitate
296 495 461 528 constitutae,
478 495 519 523 vel
533 496 642 523 auferre
656 503 672 523 a
689 496 761 524 dicto
775 504 886 525 monas-

94 539 164 567 terio
192 546 260 568 meae
288 541 470 576 imperatoriae
495 542 640 577 potestatis
665 543 833 571 adorandum
857 548 886 571 et

94 585 297 614 sanctissimum
313 586 415 620 lignum
436 587 550 615 viviﬁca:
565 589 666 622 crucis,
683 589 756 625 regis
767 590 886 617 «celestis

94 635 218 659 san‘ctum
235 632 396 665 scabellum,
411 633 444 660 ad
459 634 530 668 quod
547 633 714 661 adorandum
726 642 776 662 nos
789 634 886 662 invitat

95 686 142 705 rex
157 678 290 713 propheta
313 679 396 707 David
408 680 501 707 dicens
515 687 523 707 :
542 688 552 706 ι
569 679 738 708 lntroeamus
755 680 782 708 in
798 680 886 709 taber-

97 724 224 752 naculum
241 724 312 759 ejus,
327 726 472 754 adoremus
485 726 510 753 in
528 726 587 754 loco
599 727 644 755 ubi
659 731 793 755 steterunt
804 728 886 763 pedes

96 770 155 806 ejus
174 772 196 804 ',
217 780 227 797 ι
251 771 295 799 hic
314 776 446 807 tanquam
467 773 600 809 sacrilega
616 773 739 802 incurrat
756 774 783 801 in
801 774 886 802 male-

96 817 244 845 dictioncm
264 818 340 851 Cain,
357 818 460 854 lepram
474 819 561 853 Giezi,
573 824 601 847 et
613 817 690 848 Judie
706 820 844 856 laqueum,
859 825 888 849 et

97 871 157 892 sors
172 863 245 893 illius
260 864 297 892 sit
313 871 375 892 cum
390 865 611 901 cruciﬁgentibus
623 866 767 894 Dominum
784 866 885 902 gloriae.

98 909 168 945 Ergo
183 909 209 937 vi
234 914 262 938 et
284 910 469 946 publicatione
490 912 634 946 praesentis
657 912 888 948 chrysobullensis

97 956 178 984 edicti
196 964 264 985 mea:
287 958 468 993 imperatoria:
495 958 636 993 potestatis
662 959 743 987 debet
764 959 888 996 accipere

99 1003 184 1032 libere
196 1008 260 1032 ante
271 1004 373 1032 dictum
390 1005 575 1033 venerandum
590 1006 738 1034 maximum
752 1011 888 1035 monaste-

98 1049 168 1077 rium
177 1057 245 1078 meae
254 1050 436 1086 imperatoriae
447 1052 591 1087 potestatis
602 1052 776 1089 Xeropotami
788 1061 889 1089 cogno-

99 1095 243 1129 minatum,
257 1103 290 1123 ex
303 1104 375 1125 nunc
387 1101 415 1125 et
428 1097 568 1133 deinceps,
586 1098 686 1126 dictum
698 1098 859 1133 Stipendium
874 1106 890 1126 e

99 1141 227 1169 thesauro
235 1140 415 1177 imperatoriae
427 1141 613 1170 Romanorum
622 1143 776 1178 potestatis,
786 1146 816 1170 ut.
828 1147 890 1177 agat

99 1187 236 1223 liturgiam
251 1195 415 1224 unoquoque
435 1188 549 1217 sabbato
572 1196 621 1224 pro
644 1189 722 1217 beata
743 1190 834 1217 anima
847 1189 889 1216 di-

102 1234 257 1262 lectissimze
268 1234 333 1262 mihi
347 1234 461 1263 illustris
470 1234 599 1270 Augusta:
611 1235 794 1270 imperatricis
803 1235 891 1263 Theo-

99 1281 192 1314 dorze;
206 1280 304 1308 habeat
314 1285 404 1308 autem
413 1280 575 1313 dominium,
588 1280 727 1309 fructuum
741 1281 891 1317 perceptio-

101 1334 162 1354 nem
175 1331 202 1355 et
213 1334 308 1355 omnes
319 1327 486 1363 reditusjam
496 1327 631 1356 dictorum
645 1327 725 1355 trium
734 1332 891 1356 sanctorum

100 1373 308 1409 conspicuorum
320 1373 496 1410 templorum,
510 1378 639 1409 tanquam
654 1373 708 1402 sint
721 1373 830 1410 propria
842 1380 890 1401 sua

101 1419 171 1447 bona
193 1424 221 1448 et
241 1420 440 1455 possessiones,
454 1425 593 1448 servatum
609 1419 689 1448 simul
705 1419 740 1447 ab
755 1419 830 1448 omni
844 1419 892 1447 im-

936 226 999 252 μου,
1011 217 1065 249 ’ἑως
1081 218 1182 254 όῆλιος
1210 219 1280 253 ὑπὲρ
1304 219 1356 252 γῆν
1379 219 1483 254 ἐφορᾷ·
1497 216 1578 251 οὗτος
1599 221 1648 247 καὶ
1671 222 1729 257 γὰρ

935 263 1053 290 ἔκπαλαι
1075 264 1208 299 μητρικὺν
1233 265 1325 299 κτῆμα
1339 262 1373 300 ἦν
1383 264 1431 291 τοῦ
1444 265 1594 292 ὁσιωτάτου
1617 266 1728 293 Παύλου

935 309 984 336 τοῦ
1011 310 1200 345 πνευματικοῦ
1216 311 1319 345 πατρὸς
1344 311 1394 345 τῆς
1426 310 1566 345 βασιλείας
1583 320 1647 346 μου,
1667 312 1728 339 ιιξοῦ

935 355 1160 391 χρηματίσαντος
1194 356 1302 391 ἐκείνης
1329 356 1380 391 τῆς
1411 357 1537 392 ἀοιδίμου
1567 357 1728 392 amem;

936 401 1105 436 Προκοπίας,
1127 401 1266 441 θύγατρα
1287 401 1447 437 Νικηφόρου
1464 402 1512 428 καὶ
1535 402 1654 436 συζύγου
1672 403 1727 430 Μι-

936 447 1006 483 χαὴλ
1023 447 1078 474 τῶν
1097 448 1272 483 ἀειμνήστων
1291 448 1337 474 καὶ
1360 447 1510 483 όρθοδόξων
1525 448 1658 483 βασιλέων
1670 448 1727 475 τῶν

937 493 991 528 πρὸ
1002 493 1090 529 ἡμῶν.
1113 493 1143 520 '0
1156 494 1245 521 τοίνυν
1261 493 1499 529 πειραῦησόμενος
1510 494 1664 530 ἀνατρέψαι
1676 495 1727 529 τὴν

937 540 967 566 ἐν
978 540 1017 575 τῷ
1034 540 1148 575 παρόντι
1162 548 1214 575 μου
1246 540 1346 575 πρᾶξιν
1362 540 1407 566 καὶ
1419 540 1604 576 ἀποστερῆσαι
1615 539 1661 567 τοῦ
1679 541 1726 575 ῥη-

938 585 1031 618 θέντος
1053 586 1196 621 σολεμνίου
1213 586 1264 621 τὴν
1286 585 1357 621 ἐμὴν
1384 585 1479 621 μονὴν,
1493 585 1510 620 ἢ
1533 585 1726 620 καταδηλῶσαι

937 631 953 667 ἢ
974 631 1107 664 ὑποτάξαι
1123 631 1209 667 αὑτήν
1223 640 1276 659 τινι
1291 631 1471 666 ἀξιωματικῷ
1485 630 1661 666 προσώπῳ,ἤ
1679 631 1727 658 καὶ

938 677 1111 711 ἀποξενῶσαι
1126 678 1175 713 τῆς
1192 677 1323 713 ρηθείσης
1339 678 1423 713 μονῆς
1442 678 1491 713 τῆς
1514 676 1654 712 βασιλείας
1675 686 1727 712 μου

937 724 968 750 τὸ
992 724 1182 760 προσκυνητὸν
1206 725 1252 751 καὶ
1281 725 1415 759 πανὰγιον
1439 724 1517 759 ξύλον
1531 724 1579 751 τοῦ
1593 724 1729 757 ζωοποιοῦ

939 770 1069 807 σταυροῦ,
1079 771 1110 798 τὺ
1125 771 1172 798 τοῦ
1186 771 1312 807 οὐρανίου
1325 771 1457 806 βασιλέως
1471 772 1550 806 ἅγιον
1569 771 1727 803 ὑποπόδιον,

939 817 979 849 εἰς
994 817 1008 844 ὃ
1028 818 1174 853 παρεγγυᾷ
1193 818 1274 853 ἡμῶν
1292 819 1306 845 ό
1327 817 1507 853 πφφητὰναξ
1534 817 1615 845 Δαυῒδ
1640 826 1728 854 προσ-

938 863 1030 890 κυνεῖν
1041 863 1138 897 λέγων·
1151 873 1160 889 ι
1170 863 1343 898 Είσέλθωμεν
1353 864 1392 895 εἰς
1403 864 1437 890 τὰ
1451 863 1621 899 σκηνώματα
1631 863 1728 893 αὐτοῦ.

939 910 1172 944 προσκυνήσωμεν
1183 910 1223 941 εἰς
1242 910 1288 937 τὶν
1306 910 1401 941 τόπον,
1417 907 1448 937 οὗ
1474 909 1593 945 ἔστησαν
1605 910 1630 936 οἱ
1647 908 1730 941 πόδες

938 954 1021 981 αὑτοῦ
1032 963 1039 970 ⁸
1056 964 1066 981 ›
1080 955 1095 982 ό
1111 954 1232 987 τοιοῦτος
1255 955 1293 987 ὡς
1311 955 1449 990 ἱερόσυλος
1473 955 1659 991 εὑπορήσαιτο
1678 955 1730 988 τῆς

939 999 1084 1033 ἀσθενείας
1100 1001 1148 1028 τοῦ
1164 1001 1236 1028 Κάῖν
1251 1001 1299 1027 καὶ
1313 1000 1364 1036 τῆς
1386 1000 1467 1037 Γιεζῆ
1489 1001 1593 1037 λέπρας
1607 1001 1654 1028 καὶ
1679 1001 1730 1035 τῆς

938 1047 988 1074 τοῦ
1010 1046 1098 1074 Ἰούδα
1117 1047 1247 1082 ἀγχόνης,
1265 1047 1314 1074 καὶ
1331 1048 1348 1082 ἡ
1370 1047 1451 1083 μερὶς
1478 1047 1562 1074 αὑτοῦ
1583 1047 1653 1082 μετὰ
1675 1047 1732 1074 τῶν

940 1087 1157 1129 σταύρωσάντων
1170 1093 1216 1121 τὸν
1227 1093 1389 1129 Κύριονιτῆς
1401 1092 1491 1128 δόξης.
1505 1093 1545 1129 Τῇ
1559 1092 1626 1127 γοῦν
1642 1093 1730 1128 ἰσχύει

940 1140 987 1167 καὶ
1002 1139 1139 1175 ὲμφανείᾳ
1154 1139 1203 1166 τοῦ
1218 1140 1353 1176 παρόντος
1369 1139 1570 1177 χρυσοὸούλλου
1588 1139 1667 1173 λόγου
1678 1139 1732 1172 τῆς

942 1186 1083 1223 βασιλείας
1099 1194 1151 1222 μου
1162 1185 1267 1222 ὀφείλει
1283 1186 1432 1221 λαμσάνειν
1452 1185 1600 1217 ἀκωλύτως
1615 1186 1632 1221 ἠ
1643 1185 1733 1220 δηλω-

941 1232 1019 1260 Oetae.
1035 1230 1174 1267 σεϐασμία
1195 1231 1313 1267 μεγίστη
1327 1230 1396 1267 μονὴ
1415 1230 1465 1266 τῆς
1483 1229 1623 1265 βασιλείας
1644 1238 1696 1264 μου
1713 1229 1732 1264 η

940 1276 1146 1312 ἑπικεκλημένη
1159 1276 1358 1312 Ξηροποτάμου
1378 1275 1433 1302 ἀπδ
1447 1274 1494 1301 τοῦ
1510 1273 1558 1301 νῦν
1574 1273 1621 1301 καὶ
1639 1274 1679 1305 εἰς
1700 1273 1733 1299 τὺ

941 1321 1006 1357 ἑξῆς
1018 1322 1049 1349 τὸ
1066 1321 1150 1358 ῥηθὲν
1167 1321 1310 1357 σολέμνιον
1323 1320 1400 1356 παρά
1410 1319 1457 1347 τοῦ
1471 1319 1586 1355 ταμείου
1598 1319 1648 1354 τῆς
1663 1327 1732 1354 κρα-

939 1369 1021 1400 ταιᾶς
1037 1367 1176 1403 βασιλείας
1184 1367 1239 1395 τῶν
1252 1367 1408 1404 Ῥωμαίων,
1421 1367 1465 1393 ἶνα
1478 1367 1542 1401 ποιῇ
1555 1365 1732 1400 λειτουργίαν

942 1415 1016 1442 κατά
1031 1414 1087 1441 πᾶν
1105 1414 1246 1442 Σάϐϐατον
1265 1413 1337 1449 ὑπὲρ
1352 1413 1401 1448 τῆς
1417 1412 1559 1448 μακαρίας
1575 1411 1666 1448 ψυχῆς
1680 1412 1731 1446 τῆς

102 1466 250 1501 peratoria,
263 1465 440 1501 patriarchali
451 1469 480 1494 et
491 1466 618 1494 suculari
633 1465 764 1501 dignitate
779 1471 888 1501 exemp

102 1515 201 1539 tumet
216 1511 345 1540 immune.

941 1460 1154 1497 ὲρασμιωτάτης
1187 1468 1233 1496 μοι
1254 1459 1367 1495 ἀοδίμου
1386 1459 1546 1493 Αὑγούστης
1568 1458 1731 1493 βασιλίσσης

904 1517 926 1548 C
943 1507 1086 1542 Θεοδώρας
1097 1506 1160 1541 ,ἔχῃ
1179 1505 1207 1532 δὲ
1220 1505 1266 1532 καὶ
1275 1504 1326 1540 τὴν
1335 1504 1505 1536 δεσποτείαν,
1520 1503 1689 1539 ἐπικαρπίαν
1700 1511 1731 1529 τε

950 1554 997 1581 καὶ
1012 1554 1067 1581 πᾶν
1084 1552 1217 1588 εἰσόδημα
1229 1551 1283 1578 τῶν
1305 1550 1441 1587 ῥηθέντων
1452 1549 1537 1586 τριιῖιν
1553 1549 1640 1584 ἁγίων
1652 1557 1731 1584 περι-

88 1599 218 1634 .ωνύμων
230 1599 304 1627 ναῶν
317 1599 356 1632 ὡς
373 1599 427 1627 ἴδια
448 1599 534 1635 αὐτῆς
553 1599 682 1635 κτήματα
703 1599 750 1627 καὶ
762 1599 887 1636 μετόχια,
907 1599 1115 1635 διατηρουμένη
1145 1597 1276 1630 καθάπαξ
1293 1596 1326 1624 ὲκ
1347 1596 1448 1628 παντὸς
1468 1595 1608 1631 βασιλικοῦ
1637 1603 1668 1621 τε
1684 1595 1731 1622 καὶ

102 1644 272 1681 πατριαρχοῦ
285 1645 302 1682 ἢ
317 1646 364 1673 καὶ
375 1645 508 1682 κοσμικοῦ
521 1645 676 1682 ἀξιώματος
686 1646 787 1681 ἀτελής
797 1654 827 1673 τε
839 1647 887 1674 καὶ
904 1645 1119 1681 ἀνεπηρέαστος.

137 1694 166 1721 1η
192 1693 317 1721 stabilem
341 1693 422 1730 igitur
440 1698 466 1722 el
482 1694 632 1721 durabilem
655 1693 887 1722 conﬁrmationem

979 1694 1029 1726 Είς
1044 1692 1111 1727 γοῦν
1123 1691 1239 1728 μόνιμον
1256 1690 1302 1718 καὶ
1312 1689 1426 1725 διηνεκῆ
1438 1688 1489 1724 τὴν
1508 1687 1660 1722 ἀσφάλειαν
1674 1687 1732 1715 τού·

102 1739 198 1765 horum
221 1738 322 1765 factum
342 1743 386 1766 est
402 1745 523 1773 prmsens
537 1738 759 1774 ehrysohullense
773 1739 887 1767 edictum

944 1749 993 1767 του
1006 1739 1115 1775 ἐγένετο
1128 1737 1175 1765 καὶ
1186 1738 1200 1764 ό
1212 1736 1308 1773 παρὼν
1321 1735 1521 1772 χρυσόσουλλος
1529 1734 1608 1768 λόγος
1624 1734 1672 1768 τῆς
1687 1733 1732 1759 εύ-

103 1788 203 1812 nostra:
224 1783 273 1819 piae
299 1783 481 1819 imperatoriae
501 1784 654 1819 potestatis,
681 1783 773 1812 datum
800 1791 887 1813 menst

945 1785 1041 1818 σεϐοὗς
1059 1784 1138 1821 ἡμῶν
1150 1782 1301 1819 βασιλείας,
1312 1780 1461 1812 ἀπολυθεὶς
1479 1779 1550 1807 κατὰ
1570 1779 1643 1814 μῆνα
1661 1777 1731 1803 Φευ-

104 1829 251 1858 Februario
274 1829 429 1864 incipientis
445 1828 503 1866 [l2]
518 1829 673 1858 indictionis
686 1830 750 1858 anni
766 1829 847 1864 6432,
867 1831 887 1858 ir

946 1834 1074 1870 ρουάριον
1084 1832 1134 1868 τῆς
1150 1830 1330 1866 ἐνισταμένης
1344 1828 1402 1865 ζῷ’]
1420 1826 1585 1857 ἱνδικτιῶνος
1593 1825 1640 1852 τοῦ
1656 1824 1732 1870 ἔτους

102 1884 156 1911 quo
174 1881 266 1905 nostra
290 1876 336 1912 pia
350 1880 379 1904 et
395 1876 448 1904 Deo
463 1876 638 1912 aeceptabilis
659 1876 828 1913 proclamata
852 1883 887 1906 est

946 1869 1037 1914 ξυλβκ
1047 1879 1077 1905 ὲν
1091 1874 1113 1912 ᾧ
1128 1877 1175 1904 καὶ
1186 1876 1217 1903 τὸ
1231 1875 1367 1911 ἡμέτερον
1379 1872 1491 1904 εὐσεϐὲς
1501 1870 1547 1898 καὶ
1561 1869 1731 1905 θεοπρόὸλη-

92 1927 231 1957 potestas.

943 1933 988 1952 τον
1005 1922 1208 1958 ὑπεσημήνατό
1218 1921 1330 1958 κράτος.

952 1981 1101 2017 Ῥωμανὸς
1114 1980 1150 2008 ἐν
1164 1979 1282 2017 Χριστῷ
1303 1977 1344 2017 τῷ
1372 1977 1435 2017 ρᾳῖι
1454 1976 1562 2017 πιστὸς
1583 1972 1734 2007 ,βασιλεὺς

140 1978 275 2007 Romanus
296 1980 322 2006 in
342 1979 446 2008 Christo
467 1981 519 2017 pro
536 1980 623 2015 ﬁdelia
639 1983 784 2017 imperator
797 1987 820 2010 et

1121 2015 1172 2043 καί
1184 2013 1373 2050 ὰύτοκράτωρ
1389 2013 1550 2048 Ῥωμαίων.

286 2020 442 2044 autocrator
462 2015 654 2045 Romanorum.
