1911 3071
63 104 130 138 1071

61 162 182 197 prmfcrt,
212 158 304 192 utique
318 157 351 184 ad
375 155 434 191 ejus
462 159 569 182 aitatcm
588 154 769 182 demittendus
783 152 844 197 llic-

60 196 147 231 i0cles
158 202 229 234 erit;
250 207 302 235 qua
318 207 351 226 an
370 199 452 226 etiattt
482 198 565 224 tttttlto
591 198 674 233 possit
698 204 757 224 esse
776 196 845 222 iule—

59 246 126 278 tior,
147 250 220 270 nunc
230 240 491 275 circumspiciatnus.

95 277 193 313 Νδιὶιιη
216 284 244 310 in
271 283 370 317 vulgus
395 286 437 309 est
455 281 539 308 multa
559 288 620 308 eum
653 280 844 315 imperatorent

61 330 88 356 in
125 325 328 363 provinciarum
357 323 593 350 administratione
628 327 764 350 mutasse:
797 322 846 348 has

60 371 120 397 aliis
144 367 353 402 magistratibus
380 365 539 396 mandasse,
561 365 666 391 illarum
679 364 784 391 nomina
800 366 847 390 aut

61 411 206 440 sustulisse
219 415 332 444 prorsus
345 412 390 434 aut
400 415 431 434 ett
449 407 521 433 binis
545 413 624 433 unant
643 411 670 432 et
685 406 845 433 vicissitnex

60 461 114 481 ttua
139 453 218 480 binas
242 450 357 477 fecisse:
382 448 522 475 Hierocles
556 455 620 475 vero
650 455 710 474 cum
727 447 847 474 Orientis

61 495 138 522 nobis
160 491 348 520 annumerarit
376 489 540 525 provincias,
555 489 670 523 singulis
691 496 754 516 suos
775 495 846 522 prte-

59 538 164 573 positos
190 534 344 568 imponens,
356 531 471 559 fortasse
485 532 527 559 his
555 531 580 558 in
595 530 740 573 cOttsilium
756 528 847 556 missis

60 571 87 606 et
104 585 196 606 secum
218 575 332 603 invicem
350 573 514 607 comparatis
533 580 610 599 suant
639 571 717 599 nobis
739 576 847 598 aetatem

61 619 223 649 ostenderit.
246 617 323 644 Viam
351 616 420 643 Itane
435 623 519 650 nuper
541 615 679 649 ingressus
696 618 738 641 est
756 613 846 640 crudi-

64 670 107 691 tus
120 666 215 689 auctor
229 659 342 686 Dissert.
353 656 540 692 Chorograplt.
550 655 610 683 ltal.
628 655 757 683 med.a2vi
773 655 845 682 Seet.

63 707 91 737 5,
108 704 187 739 cujus
212 702 335 734 ductutn,
352 703 446 726 nostra
471 698 572 743 passim
603 697 805 743 adspergeutes,
821 696 847 722 in

62 749 106 775 bis
133 743 300 778 vestigandis
327 747 483 775 sequemur.
517 740 590 774 Ergo
609 747 671 766 cum
701 740 814 766 mutatis
833 745 847 764 a

60 787 217 816 Justiniano
246 783 449 820 provinciarum
475 781 682 816 magistratibus
695 781 846 809 ordiamur.

60 830 142 859 Iubet
170 829 215 855 ille
237 826 346 854 Novella
368 825 404 852 24
418 833 442 852 c.
460 825 472 852 1
502 830 530 852 ttt
548 823 596 858 qui
621 823 728 851 Pisidize
742 823 846 858 przesil,

61 877 160 906 przrtor
194 868 382 896 Justiniancus
406 867 443 894 sit
466 871 493 894 et
523 870 651 898 vocetur;
682 872 736 900 quo
753 864 847 891 eodem

62 905 165 940 honore
180 909 324 946 Lycaouim
350 908 505 943 praefectum
522 907 588 934 Nov.
604 906 640 933 25
653 906 703 933 eJ
721 911 748 933 et
758 905 846 932 Thra-

60 956 111 982 ohe
130 953 197 980 Nov.
218 951 253 979 26
278 955 373 983 ornat;
390 956 505 984 quarum
528 948 728 982 provinciarum
745 953 849 981 ιιι-ωρο-

61 996 106 1024 siti
126 994 244 1022 llierocli
283 997 346 1019 sunt
373 989 542 1018 consulares.
574 988 700 1015 Decernit
718 991 847 1022 praetcrea

60 1036 210 1070 utl‘ltrygia
224 1033 368 1061 Pacatiana
377 1036 402 1059 et
419 1031 482 1059 item
492 1030 596 1057 Galatia
611 1030 699 1065 prima
712 1029 850 1064 spectabi-

62 1079 113 1105 lem
128 1078 154 1104 in
166 1080 304 1112 posterum
318 1073 443 1100 comitem
459 1072 593 1104 habeant;
611 1071 654 1098 cui
666 1071 773 1105 utrique
782 1077 849 1112 con-

61 1119 160 1148 sularis
175 1118 207 1145 ah
221 1115 345 1144 Hierocle
358 1114 514 1149 imponitur.
529 1113 573 1140 Est
586 1114 610 1139 in
620 1112 785 1147 Fynecdcmo
799 1111 850 1138 Pa-

63 1159 206 1196 phlagonia
213 1157 264 1186 sub
273 1161 438 1187 correctore,
449 1155 493 1190 qui
501 1153 568 1182 Nov.
578 1153 612 1181 29
625 1156 847 1196 pra'torc‘reatur,

61 1194 195 1231 i‘tlsauria
213 1200 263 1228 sub
277 1197 404 1234 prteside,
420 1203 499 1231 quem
523 1196 649 1224 comitem
662 1194 728 1222 Nov.
743 1194 776 1221 27
788 1202 849 1222 esse

62 1244 126 1272 vult.
140 1242 259 1276 Denique
270 1239 397 1267 l‘hmuice
406 1239 437 1265 ad
446 1236 747 1269 Libanumtuoderatori
761 1235 847 1262 Edict.

61 1288 88 1319 4,
104 1287 222 1319 itemque
240 1282 339 1309 Arabia
359 1280 550 1314 subjiciuntur,
563 1280 683 1314 qurehac
703 1279 728 1305 itt
748 1277 848 1305 Notitia

63 1327 168 1362 prtesidi
191 1329 219 1352 et
239 1323 375 1352 consulari
397 1322 470 1349 dicto
497 1326 560 1348 sunt
578 1321 729 1362 audientes.
748 1319 848 1362 llarutn

61 1361 152 1396 autem
170 1365 391 1395 constitutimiutu
410 1364 544 1398 pleraque
559 1369 618 1389 cum
637 1361 766 1389 Bclisario
776 1361 847 1388 V.C.

61 1411 171 1439 consule
183 1410 237 1437 sint
252 1409 342 1440 editae,
355 1407 416 1440 jure
431 1406 523 1440 utique
539 1405 642 1440 optimo
655 1404 782 1432 statuitur
796 1403 848 1438 Sy-

61 1454 220 1480 nccdemutn
235 1455 297 1477 aute
316 1448 475 1476 Belisatiunt
489 1447 626 1475 consulem
635 1452 789 1479 annumque
797 1445 848 1472 555

60 1485 227 1530 publicatum
248 1491 384 1518 videri:ui
401 1489 473 1517 enim
502 1489 528 1515 id
552 1488 731 1519 concesseris,
758 1486 848 1514 danda

61 1537 130 1563 tatio
150 1534 204 1561 erit
217 1533 392 1568 quatnobrent
409 1531 436 1558 in
450 1530 552 1562 libello,
565 1538 618 1564 qtto
644 1529 847 1564 provinciarum

61 1578 234 1613 magistratus
242 1583 275 1602 cx
284 1574 324 1601 sui
335 1573 466 1607 temporis
475 1580 551 1599 more
561 1572 699 1599 llicrocles
708 1571 846 1613 describit,

61 1612 132 1647 nulla
161 1624 272 1653 prorsus
296 1615 329 1642 de
346 1614 507 1650 praetoribus
531 1613 709 1640 Justiniaucis
721 1612 846 1640 modera-

61 1662 219 1695 toribusque
235 1658 337 1686 mentio
353 1658 408 1684 tiat.
427 1657 485 1690 Quo
515 1656 601 1691 magis
622 1663 687 1683 vero
707 1655 847 1690 scriptoris

60 1709 126 1731 z-tas
149 1702 183 1730 ad
206 1700 336 1735 liquidttut
363 1698 540 1734 perducatur,
564 1697 590 1724 in
617 1703 666 1724 eas
691 1697 846 1730 provincias

60 1751 203 1781 pergamus
215 1749 283 1777 quas
311 1741 459 1775 imperator
480 1744 526 1766 aut
544 1739 652 1781 sustulit
667 1738 786 1781 funditus
801 1743 848 1781 aut

60 1780 141 1814 novis,
159 1785 244 1813 titulis
270 1783 347 1810 auxit
368 1786 414 1809 attt
441 1781 523 1809 etiam
554 1780 645 1816 plures
656 1788 717 1807 esse
742 1780 844 1814 jussit;

59 1835 175 1864 quarum
204 1826 226 1853 si
244 1825 345 1852 nttllunt
378 1824 405 1850 iu
426 1823 593 1858 Syttecdetuo
616 1822 742 1864 iudicium
772 1829 847 1856 repe-

60 1863 125 1904 rias,
153 1868 218 1904 quid
242 1867 313 1895 aliud
337 1864 508 1901 protiteberis
522 1871 602 1898 quam
620 1863 673 1890 illis
696 1870 758 1890 eum
786 1871 847 1890 ntu-

60 1910 210 1940 tationibus
227 1915 288 1937 esse
305 1906 442 1942 priorem?
455 1904 586 1932 Memorat
601 1904 658 1932 haec
671 1903 771 1931 Notitia
786 1912 848 1939 pro-

60 1953 177 1980 vinciaut
198 1948 381 1978 llonoriadeut
410 1952 437 1974 et
462 1947 569 1981 praesidi
586 1946 710 1981 subjicit:
723 1953 781 1973 eaut
799 1945 847 1973 Ju-

60 1995 195 2022 stinianus
222 1991 291 2018 Nov.
310 1990 346 2018 29
361 1989 412 2016 c.t
443 1988 554 2023 abrogat
566 1993 593 2014 et
618 1988 770 2015 aretissime
795 1986 848 2014 Pa-

62 2034 213 2072 phlagonia:
242 2031 437 2068 agglutinatam
454 2029 500 2056 uni
517 2029 624 2072 praetori
641 2031 761 2072 mandat,
777 2028 848 2072 (bove

59 2070 106 2105 atad.
118 2077 173 2104 τῶν
189 2075 286 2106 ἐθνῶν,
305 2073 401 2108 inquit,
422 2071 525 2099 τούτων
564 2071 660 2106 ἔχοντα
684 2070 734 2105 τὴν
760 2070 848 2106 ἀρχὴν

59 2120 204 2156 ἠιωμένην
227 2117 275 2144 καὶ
297 2115 362 2151 μίαν
386 2113 448 2142 ἀντὶ
460 2114 532 2156 δυοῖν
546 2112 600 2139 τῶν
615 2112 782 2156 ἕμγπροσοςνῖ
800 2120 848 2156 (ξα-

61 2153 161 2198 ιλὲκίδὲ
190 2157 382 2193 Παφλαγονίας
407 2165 437 2182 τε
461 2156 509 2182 καὶ
527 2155 690 2198 ξρνωρινάδας
706 2153 847 2198 traiciebat

66 2203 215 2238 πραίτορα.
237 2199 339 2228 Dividit
368 2201 496 2232 praeterea
521 2196 718 2232 Cappadociam
745 2203 778 2223 ex
794 2195 847 2223 Va-

59 2245 140 2272 lentis
152 2242 265 2277 Augusti
283 2241 408 2268 instituto
421 2239 446 2266 itt
463 2239 551 2271 binas,
563 2238 731 2265 consularem
744 2242 846 2264 utram-

57 2294 120 2322 que,
136 2286 158 2313 si
175 2285 318 2320 plerosque
335 2290 386 2309 nts.
420 2288 545 2314 sequare,
569 2287 636 2315 quos
668 2279 735 2307 Nov.
765 2279 799 2306 30
820 2279 846 2322 in

53 2336 138 2356 unam
168 2326 272 2353 videtur
298 2328 441 2352 coustarc:
473 2323 576 2354 Πᾶσαν,
602 2321 700 2356 inquit,
725 2321 847 2349 ἀνθυπά-

56 2378 133 2397 τειαν
160 2367 285 2402 γενέσθαι
308 2374 336 2392 τε
354 2365 402 2392 καὶ
433 2363 574 2391 καλεῖσθαι
602 2363 763 2398 βρυλόμεοα.
783 2363 848 2396 Qua:

58 2419 149 2441 tanton
176 2419 210 2438 an
226 2410 344 2440 vincere,
361 2408 431 2443 quod
451 2407 507 2434 viro
519 2406 678 2434 doctissimo
694 2405 846 2439 videbatur,

57 2455 173 2490 possint,
198 2460 226 2480 re
251 2459 313 2479 vera
340 2449 523 2478 Justinianum
552 2455 585 2475 ex
615 2447 718 2490 duabus
735 2446 844 2482 Cappa-

57 2489 143 2524 doeiis
158 2503 238 2523 unam
267 2492 445 2521 etstruxisse.
461 2498 514 2518 ttou
530 2490 631 2525 injuria
643 2489 768 2516 dubites:
784 2496 846 2516 nam

58 2539 158 2566 diserte
171 2535 290 2564 Nov.20
316 2542 342 2562 c.
375 2533 462 2569 prima
496 2531 674 2567 Cappadociae
702 2530 845 2566 praesidem

57 2584 213 2618 dignatione
228 2579 415 2616 proconsulari
431 2577 643 2605 condecoratuut
658 2575 845 2618 fuisseidoec-

58 2617 117 2658 tur;
141 2622 276 2658 estqueiu
295 2622 351 2657 ipsa
364 2620 432 2648 Nov.
449 2620 484 2648 ’50
495 2627 521 2647 c.
536 2618 568 2646 lO
582 2618 723 2652 utriusque
740 2617 846 2652 Cappa-

58 2665 142 2692 docia:
170 2665 288 2692 mentio:
301 2663 374 2690 Εἰδὲ
384 2660 426 2693 τὶς
445 2661 475 2694 ἐξ
495 2660 629 2696 ἑκατέρας
645 2659 847 2690 Καππαδοκίας

67 2706 130 2742 δίκη
157 2706 346 2733 πεντακοσίων
367 2705 486 2732 ἐλάττων
506 2703 624 2738 Χρυσῶν
649 2702 781 2738 ὲφέσιμος
806 2701 848 2736 γίο

58 2755 151 2782 νηται.
172 2748 266 2781 Neque
286 2747 372 2778 enim,
404 2746 425 2774 si
443 2750 589 2780 utramque
614 2745 641 2772 in
659 2752 740 2772 ttnam
767 2751 844 2772 com-

57 2793 201 2820 mutasset,
216 2788 358 2822 utriusque
384 2787 511 2815 distincte
523 2787 650 2820 deinceps
666 2785 844 2813 meminisset.

54 2829 123 2857 Esse
152 2830 178 2857 in
197 2828 342 2856 llaloandri
361 2829 480 2857 editione
503 2829 582 2856 novi:
600 2829 630 2855 Et
656 2828 685 2855 δέ
698 2836 740 2860 τις
760 2829 842 2864 ἑτέρα

578 99 703 130 ADDEN
709 100 766 129 DA.
788 112 822 116 -
831 115 832 118 π
842 98 872 127 Ρ.
894 98 1149 129 WESSELINGH

1608 100 1696 133 Ἡ)Ἱὲ

900 153 932 180 ἐκ
944 153 993 188 τῆς
1005 153 1203 185 Καππαδοκίας
1212 153 1273 189 δίκη
1287 162 1293 180 :
1310 154 1356 182 sed
1371 154 1446 189 prius
1467 153 1690 191 prmoptavernu,

901 200 956 220 tum
988 198 1060 229 quod
1098 197 1185 222 oratio
1215 196 1309 231 ἑτέραν
1343 196 1421 232 δίκην
1452 199 1493 224 vix
1517 198 1596 232 ferat,
1627 205 1687 227 tttm

901 237 1028 270 quoniam
1051 237 1231 272 Cappadocia:
1248 239 1306 265 dua:
1327 246 1460 273 nusquam
1475 239 1690 273 cssejubentur,

901 282 956 305 tum
980 280 1060 306 etiam
1090 280 1162 314 quod
1201 280 1294 314 primze
1330 279 1507 314 Cappadocia:
1541 283 1691 315 proconsul

900 324 1017 351 creetur,
1046 321 1164 348 secunda
1184 329 1237 348 nou
1257 321 1359 348 addita.
1376 321 1523 356 Utcunque
1541 323 1565 349 id
1578 324 1692 350 cecide-

902 362 947 393 rit,
962 361 1117 397 insiguitam
1133 363 1303 398 Cappadocia
1321 364 1497 391 tnutatiouent
1514 365 1607 398 subiit,
1622 365 1690 392 Ilic-

900 404 967 430 roeli
994 411 1055 431 ettm
1082 404 1279 440 Synecdemum
1297 406 1427 433 scriberet
1440 407 1609 440 ignoratam;
1627 415 1692 442 qua:

900 446 950 472 etsi
969 452 1003 473 ex
1035 447 1195 480 proconsule
1219 447 1397 482 Cappadocia:
1424 449 1512 482 printa
1538 449 1684 484 explorata

899 492 951 520 est,
968 488 1066 522 negligi
1092 493 1180 516 tamen
1196 489 1278 516 nolim
1302 490 1423 524 ejusdem
1442 491 1616 525 imperatoris
1640 492 1690 519 de-

899 535 975 556 creto
1003 530 1093 564 gentis
1115 531 1175 564 ejus
1195 531 1401 566 dispositionem
1427 532 1641 560 ecclesiasticam
1659 534 1686 560 in

901 570 982 598 alium
991 573 1113 599 ordinent
1139 572 1222 600 fuisse
1237 581 1408 601 conversam.
1435 573 1493 601 iluc
1508 582 1594 609 usque
1615 575 1689 602 bim:

901 612 1007 640 fuerant
1037 613 1224 649 Cappadocum
1251 615 1422 649 utetropoles,
1454 616 1548 650 prima:
1580 616 1690 652 Cappa-

900 654 985 682 docia:
1003 654 1138 688 Caesarea,
1152 656 1277 683 secundae
1294 655 1400 691 Tyana:
1420 657 1530 684 tertiam
1549 657 1688 685 MucisSun

901 694 1036 731 Tyanensi
1069 697 1219 724 detractam
1251 702 1279 724 et
1305 697 1692 734 Justinianopolinnuncupa-

902 741 955 764 tam
983 738 1070 765 tertia:
1088 738 1266 773 Cappadocia:
1284 739 1342 773 ipse
1369 739 1507 774 imposuit.
1519 740 1614 775 Opera:
1624 748 1689 775 pre-

901 780 966 806 tium
987 779 1067 807 l'uerit
1086 787 1119 807 ca
1146 780 1179 808 de
1195 787 1224 807 re
1248 786 1421 816 perorantem
1443 782 1539 809 attdire
1561 781 1687 818 Euphrao

901 827 955 849 tam
978 822 1147 857 Tyanettsem
1166 823 1322 857 episeopuut
1339 823 1438 851 Collat.
1465 823 1484 850 V
1500 831 1579 852 conc.
1608 825 1690 851 Con-

901 865 1075 899 stantinopol.
1099 872 1129 897 tt,
1145 871 1172 899 p.
1187 864 1232 893 96.
1249 874 1258 890 ‹
1272 865 1300 892 1η
1320 865 1375 897 illo,
1389 866 1486 900 inquit,
1503 871 1626 899 tempore
1639 868 1691 893 sub

901 905 1037 941 Tyanensi
1053 906 1164 933 civitate
1173 911 1269 933 eratet
1282 906 1426 933 Dohara‘et
1437 906 1594 940 Nazianzus‘
1603 914 1690 942 usque

901 950 933 974 ad
951 953 1070 983 tempora
1090 948 1170 981 hujus
1192 949 1227 982 pit
1245 949 1362 983 imperii.
1379 948 1520 977 Piissitnus
1529 955 1622 977 autem
1636 950 1690 977 int-

903 993 1083 1025 pcratorcum
1112 990 1320 1025 tuetropolitana
1350 990 1414 1026 jura
1431 991 1551 1019 dedisset
1584 991 1690 1019 civitati

902 1038 961 1065 qua:
992 1031 1128 1066 quondant
1149 1032 1258 1067 quidem
1285 1032 1435 1066 Mucissus,
1460 1041 1533 1061 nunc
1557 1041 1623 1061 vero
1643 1034 1692 1061 Ju-

901 1073 1092 1108 stinianopolis
1116 1079 1297 1109 nuncupatur,
1319 1083 1381 1102 cum
1405 1075 1465 1102 aliis
1487 1076 1645 1103 civitatibus
1661 1081 1690 1103 et

902 1114 1008 1141 Dohara
1024 1119 1051 1141 et
1063 1113 1228 1142 Nazianzutn
1246 1116 1360 1150 subjecit
1383 1116 1420 1143 ei.
1439 1125 1448 1142 ι
1468 1116 1528 1143 ΙΙίῡο
1547 1117 1568 1144 si
1595 1117 1621 1143 in
1639 1117 1693 1151 Sy-

901 1155 1032 1182 nccdemo
1049 1157 1178 1190 pratteriri
1200 1158 1319 1192 potuisse
1341 1158 1490 1192 putaveris,
1507 1159 1578 1193 quod
1594 1166 1608 1185 a
1632 1158 1690 1184 No-

901 1197 960 1224 titia
976 1198 1161 1226 ecclesiastica
1176 1199 1213 1226 sit
1234 1200 1366 1229 diversus.
1377 1200 1470 1227 debuit
1482 1206 1570 1227 tantett
1587 1200 1690 1227 Μαάθ-

901 1246 949 1266 sus
965 1240 1071 1266 urbium
1090 1240 1214 1275 catologo
1227 1240 1320 1274 ittscri,
1338 1249 1392 1268 non
1409 1242 1564 1277 regionibus
1574 1242 1632 1269 sive
1647 1243 1691 1268 vi-

901 1282 953 1314 cis,
976 1286 1006 1308 ut
1031 1282 1070 1313 tit,
1083 1282 1104 1309 si
1118 1287 1174 1316 post
1187 1283 1344 1316 metropolis
1358 1283 1518 1318 dignitatem
1530 1283 1567 1310 illi
1583 1285 1686 1318 oppido

901 1323 1024 1350 collatam
1046 1323 1127 1350 fuerit
1148 1324 1277 1358 scriptus.
1295 1325 1334 1351 Ad
1357 1325 1415 1352 hzec
1434 1326 1549 1358 accedit,
1563 1325 1685 1352 Heleno-

901 1368 1011 1398 pontuut
1032 1364 1168 1391 consulari
1194 1371 1222 1392 ct
1244 1364 1462 1393 Polemoniaeum
1487 1366 1601 1394 Pontum
1618 1375 1689 1400 pra:-

901 1405 951 1432 sidi
975 1406 1000 1432 iu
1025 1405 1076 1433 ltae
1100 1406 1200 1433 Notitia
1225 1407 1348 1439 attribui,
1364 1406 1474 1434 Novella
1486 1415 1550 1435 vero
1566 1408 1601 1435 28
1621 1409 1689 1436 abo-

902 1447 949 1474 lito
971 1447 1048 1474 Ponti
1074 1447 1254 1475 Polemoniaci
1273 1448 1350 1475 titulo
1364 1448 1576 1483 Helenepoutuut
1591 1451 1686 1477 mode-

902 1489 983 1516 ratori
996 1489 1165 1516 Justinianeo
1187 1490 1333 1517 committi.
1354 1490 1440 1517 Porro
1462 1491 1522 1518 dua:
1541 1497 1642 1518 tatttunt
1661 1493 1688 1518 iu

902 1529 1211 1566 SynecdcutoArmeuia:
1222 1532 1321 1565 insunt,
1335 1540 1402 1566 qttas
1416 1533 1591 1560 multifariam
1601 1539 1691 1561 sectas

901 1571 1070 1600 lustinianus
1097 1573 1173 1608 (non,
1188 1577 1216 1599 ttt
1235 1580 1378 1606 perperam
1398 1573 1558 1601 Eustathius
1578 1576 1604 1601 in
1623 1575 1689 1601 Dio—

901 1621 960 1649 nys.
977 1614 1186 1648 Perieges.695,
1215 1614 1349 1650 Justinus)
1372 1621 1490 1650 quatuor
1519 1615 1628 1643 Novella
1653 1617 1685 1644 51

900 1663 960 1682 esse
971 1661 1051 1690 atque
1061 1656 1152 1683 haberi
1167 1657 1232 1684 vult.
1242 1656 1331 1684 Taceo
1346 1666 1406 1692 qum
1420 1657 1581 1686 Justittiaua:
1593 1659 1689 1693 prima:

900 1703 980 1723 causa
1003 1697 1155 1724 decreverit
1173 1697 1238 1725 Nov.
1262 1699 1306 1730 ll,
1323 1703 1406 1733 utque
1434 1700 1460 1726 itt
1474 1700 1554 1735 Syria
1590 1700 1682 1727 Theo-

900 1738 1049 1770 doriadent,
1075 1747 1109 1767 ne
1133 1740 1247 1774 egregiae
1273 1739 1421 1767 Theodora:
1452 1742 1538 1769 honor
1569 1742 1688 1775 deesset,

901 1779 1065 1814 provinciam
1096 1780 1129 1807 de
1142 1789 1194 1814 qtta
1214 1781 1323 1808 Novella
1341 1781 1368 1813 8,
1383 1782 1544 1810 condiderit.

935 1821 998 1848 Mihi
1017 1829 1077 1856 qua:
1094 1823 1200 1849 abunde
1223 1823 1256 1850 ad
1285 1827 1393 1850 aetatem
1415 1825 1555 1858 scriptoris
1588 1833 1689 1852 eruen-

900 1863 960 1891 dant
978 1863 1113 1890 videntur.
1134 1863 1232 1892 Posses
1253 1864 1353 1899 alioqui
1365 1865 1466 1892 auxilio
1482 1873 1581 1893 vocare
1594 1867 1687 1897 urbes,

899 1912 967 1940 quas
988 1912 1036 1933 suo
1054 1910 1082 1932 et
1092 1905 1240 1933 Tlteodorze
1259 1906 1366 1933 nomine
1381 1907 1500 1934 illustres
1518 1914 1578 1935 esse
1594 1908 1689 1941 voluit,

901 1947 927 1973 in
953 1954 1036 1973 unum
1063 1947 1213 1982 catologum
1239 1955 1253 1973 a
1272 1946 1305 1975 N.
1328 1948 1480 1976 Aletuauno
1500 1950 1533 1975 ad
1561 1949 1688 1984 Procopii

901 1988 972 2017 Hist.
994 1988 1095 2016 Arcan.
1126 1997 1151 2016 c.
1187 1989 1218 2015 lt
1243 1989 1392 2025 conjectas,
1415 1991 1482 2017 niet
1505 1991 1565 2018 alia:
1598 1991 1689 2018 [orent

901 2038 1015 2065 quarum
1026 2030 1157 2058 rationent
1185 2031 1323 2058 llierocles
1349 2032 1448 2061 nullam
1481 2033 1587 2059 habuit.
1607 2034 1686 2065 Quod

900 2073 972 2100 enim
987 2071 1110 2100 Justinus
1128 2073 1231 2107 primus
1247 2074 1390 2100 Auazarbo
1410 2079 1492 2109 atque
1508 2075 1617 2102 Edessa:
1631 2075 1687 2109 pri-

901 2115 1001 2142 stinum
1015 2122 1112 2142 nomen
1121 2115 1243 2146 abstulit,
1253 2115 1359 2150 utrique
1374 2115 1585 2150 Justiuopoleos,
1599 2122 1689 2151 quoet

901 2157 1008 2192 pri0t1in
1020 2156 1207 2191 Mopsuestana
1222 2158 1324 2192 synodo
1334 2157 1405 2192 (licet
1416 2157 1689 2193 Justiniauopolituua

900 2198 1052 2231 metropolis
1066 2198 1145 2233 vulgo
1159 2206 1184 2233 p.
1198 2199 1250 2226 152
1263 2205 1329 2226 tom.
1345 2199 1378 2225 12
1388 2199 1419 2226 C.
1436 2199 1468 2227 (ἶ,
1479 2201 1584 2235 edatur)
1594 2207 1690 2234 super-

901 2240 950 2272 bit,
968 2240 1097 2274 imposito
1126 2240 1204 2267 titulo
1219 2240 1288 2274 apud
1302 2240 1447 2276 Euagrium
1478 2243 1512 2269 H.
1535 2242 1566 2269 Ε.
1582 2243 1598 2269 4
1613 2242 1630 2269 8
1661 2247 1691 2269 ct

900 2281 1093 2316 Theophanem
1107 2281 1240 2317 Cltorogr.
1258 2290 1284 2316 p.
1305 2282 1367 2313 HG,
1386 2290 1418 2310 eo
1430 2290 1573 2318 nusquam,
1601 2291 1689 2318 quan-

901 2324 1002 2352 tumvis
1032 2324 1068 2351 illi
1087 2324 1201 2359 tempori
1235 2324 1386 2358 proximus,
1402 2325 1614 2361 inSynecdcnto
1638 2326 1688 2353 bas

901 2366 981 2393 urbes
1004 2365 1141 2400 dignatur.
1373 2387 1379 2392 .

936 2407 984 2434 Illa
1002 2414 1066 2442 ergo
1078 2414 1138 2441 quae
1165 2406 1191 2434 in
1218 2407 1310 2435 medio
1335 2407 1424 2442 posui,
1453 2408 1520 2437 satis
1552 2415 1687 2443 superque

900 2449 1026 2476 evincent
1045 2449 1110 2476 nihil
1122 2456 1284 2484 eorumqna:
1293 2449 1462 2477 Justiniauus
1474 2449 1687 2478 novavitﬂiero-

900 2490 980 2523 cltm,
1002 2497 1061 2517 cum
1079 2490 1149 2518 hanc
1167 2491 1296 2518 Notitiam
1313 2491 1624 2525 vulgaret,inat1divisse
1637 2491 1663 2518 vi
1676 2507 1685 2512 -

900 2532 974 2564 deri;
999 2533 1120 2567 adeoque
1147 2538 1210 2560 ante
1245 2533 1403 2560 Belisarium
1429 2534 1581 2566 consulem,
1609 2533 1688 2568 cujus

900 2583 1001 2602 annuat
1026 2575 1118 2609 plures
1146 2574 1252 2602 illarunt
1280 2575 1504 2603 constitutionum
1528 2574 1686 2610 pra-ferunt,

867 2622 877 2631 ‘
899 2617 1022 2652 principe
1055 2621 1142 2644 tamen
1167 2617 1321 2645 Justiniano
1351 2617 1503 2652 scripsisse.
1536 2616 1602 2644 Nam
1624 2622 1688 2644 ante

901 2661 973 2687 hunc
989 2659 1128 2686 consuleut
1146 2659 1206 2686 fato
1220 2660 1403 2692 concessisse,
1418 2659 1490 2694 quod
1508 2659 1566 2686 viro
1579 2659 1687 2686 erudito

901 2703 927 2730 in
941 2707 1058 2729 mentem
1078 2702 1152 2728 venit
1181 2701 1321 2734 arbitrari,
1339 2701 1384 2729 vix
1408 2701 1526 2729 indidem
1551 2701 1686 2736 coegeris.

901 2743 991 2771 Potuit
999 2750 1065 2771 sane
1077 2742 1184 2778 vulgato
1193 2743 1363 2778 Synecdemo
1372 2743 1463 2771 omnia
1470 2750 1529 2778 qua:
1539 2742 1689 2776 imperator

901 2789 1057 2814 mutaverat
1089 2786 1200 2818 addere,
1229 2792 1381 2820 novamque
1398 2785 1456 2821 ejus
1468 2785 1614 2813 editionem
1642 2791 1689 2819 ρης

902 2827 1024 2858 blicarcz.
1045 2831 1073 2855 at
1085 2827 1112 2855 id
1133 2827 1250 2856 voluisse
1264 2827 1336 2857 unde
1349 2826 1559 2864 cognoscemus?
1574 2826 1644 2860 Quid
1663 2825 1688 2853 si
