1911 3071
147 178 217 211 1073

147 234 229 261 etiam
257 231 340 267 priori
357 231 467 260 editioni
485 231 530 259 illa
544 232 719 264 adstruxerit,
733 236 759 258 et
771 231 796 259 in
810 235 929 258 nostram

144 279 250 302 aetatem
273 273 386 306 Notitia,
406 278 434 300 ut
449 273 565 307 primum
581 281 596 300 e
612 273 753 308 scriptoris
769 272 872 300 calamo
884 272 931 299 de-

145 317 261 344 ﬂuxerat
279 315 543 350 devenerithaque
570 317 602 343 ad
616 316 819 351 Synecdemum
844 315 930 349 ipsutn

144 358 349 388 descendamus.
363 363 444 392 alque
457 357 595 393 iulergene
609 363 636 385 et
647 358 791 392 genuinus,
814 360 840 384 et
857 356 933 390 cujus

145 400 255 433 generis
278 400 314 427 sit
328 398 440 432 Notitia,
453 399 541 426 civilis
554 406 588 426 an
600 398 797 431 ecclesiastica,
809 397 932 433 explore-

146 450 217 469 111115.

181 483 240 510 Non
261 491 320 511 esse
332 483 476 518 genuinum
502 491 590 517 neque
619 483 753 517 integrum
773 482 932 510 Emmanuel

146 523 367 553 Schelstratcnus
379 531 443 552 tom.
455 526 472 552 2
487 525 577 560 Auliq.
594 525 693 552 Eccles.
709 533 735 560 p.
745 525 798 558 7‘20
812 526 862 552 sibi
872 532 933 559 pcr-

145 567 242 598 suasit,
259 571 314 593 tum
328 568 398 601 quod
413 575 444 594 ea
457 575 517 602 qum
532 567 565 594 de
578 568 688 594 civitate
701 567 933 600 Constantinopo-

145 607 229 635 litana
258 615 291 635 ex
319 607 443 635 llierocle
472 608 665 636 Constantinus
686 608 934 643 l‘orphyrogenitus

146 648 240 683 refert,
250 649 275 676 in
288 648 387 677 Notitia
395 657 447 676 non
462 654 636 684 compareant
647 658 662 682 ς,
672 655 726 676 ιιιιιι
739 657 771 676 ex
784 657 816 676 eo
828 655 934 684 quoque

147 691 269 722 probari,
287 692 357 724 quod
385 691 517 718 llieroclis
540 699 607 726 opus
638 691 672 718 64
693 690 872 726 praefecturas
883 697 932 717 seu

147 731 302 763 provincias
323 736 350 759 et
365 732 418 759 855
429 739 475 759 seu
487 732 538 760 955
553 733 678 759 civitates
692 732 867 764 continuerit,
879 731 934 758 No-

148 771 206 798 titia
221 779 312 800 autent
328 773 360 800 51
375 778 478 800 tantum
495 774 648 808 provincias
675 779 703 801 et
723 774 772 801 ’151
809 774 932 800 civitates

147 814 285 842 exhibeat.
304 814 369 848 Qum
398 816 578 842 accusationis
596 816 686 850 capita
698 816 731 849 si,
759 821 789 842 ut
816 820 932 850 oportet,

150 856 349 890 expendantur,
369 864 478 884 causam
496 858 670 884 teut-rebaud
694 862 836 892 poterunt;
860 857 934 892 quod

148 900 178 923 nt
189 897 320 924 unicuivis
331 897 488 929 dilucescat,
507 898 678 926 Constantini
694 900 866 934 imperatoris
882 899 899 925 l.
915 906 934 925 tl

149 938 230 966 them.
248 939 260 965 l
276 939 358 966 verba
385 939 439 966 illis
453 940 558 967 adnexa
575 948 635 974 quae
652 941 678 967 in
692 941 882 975 superioribus
893 948 937 968 ex-

147 978 246 1013 scripta
257 979 389 1011 dedimus,
398 980 561 1009 inseramus:
580 982 678 1018 Ἀρχὴν
691 982 737 1009 οὖν
744 983 792 1018 τῆς
804 981 936 1017 Εὐρώπης

148 1020 338 1055 τὴν-βασιλίδα
363 1022 417 1049 τῶν
444 1023 548 1051 πόλεων
564 1024 669 1051 καὶτοῦ
689 1025 793 1059 κόσμου
823 1025 935 1055 παντδς,

147 1063 199 1098 τὴν
223 1063 286 1090 νέαν
314 1062 433 1099 Ῥώμην,
461 1065 511 1099 τὴν
528 1066 813 1093 Κωνστιντινούπολιν
824 1067 879 1100 ἐγὼ
897 1066 935 1093 τί·

149 1104 228 1139 οημι.
245 1105 294 1131 Διά
309 1105 388 1132 τοῦτο
415 1107 461 1133 καὶ
476 1107 506 1133 τὸ
523 1108 586 1142 περὶ
600 1108 685 1143 αὐτὴν
697 1108 779 1142 θέμα,
794 1108 825 1134 τδ
839 1107 937 1135 καλού-

150 1154 232 1180 μενον
255 1147 362 1182 Θρᾴκη,
374 1148 405 1174 τὸ
417 1148 446 1174 ὲν
460 1150 516 1180 τοῖς
548 1149 684 1184 Εὐρώπης
694 1150 799 1185 μέρεσι,
812 1150 938 1185 θεμάτων

149 1188 259 1221 πρῶτον
277 1188 451 1224 τεθείκαμεν.
466 1190 532 1223 Quis
552 1192 635 1222 enim,
653 1193 724 1225 quod
741 1191 810 1218 bene
822 1192 938 1219 advertit

149 1229 293 1257 Auselmus
305 1230 465 1263 Bandurius,
480 1240 534 1259 non
546 1233 643 1260 viderit
660 1233 717 1260 haec
731 1242 782 1260 non
794 1233 936 1267 Hieroclis,

150 1273 197 1298 sed
211 1271 383 1300 Constantini
395 1275 475 1301 verba
492 1282 562 1308 esse,
581 1283 689 1302 causam
704 1275 865 1310 explicantis
889 1284 938 1302 cur

151 1312 395 1342 Thraciazihemati
409 1316 479 1342 inter
489 1315 616 1352 Europrea
633 1317 748 1351 primum
764 1317 852 1344 locum
869 1317 940 1344 assi-

150 1355 251 1390 gnarit.
259 1355 319 1383 Iam
328 1359 399 1391 quod
412 1365 550 1385 mimorum
562 1358 759 1393 provinciarum
769 1367 821 1387 non
831 1366 939 1392 azquare

151 1399 186 1425 Gl
199 1399 363 1436 adjungit,id
379 1401 405 1428 in
418 1401 505 1428 Caroli
517 1410 531 1428 a
548 1402 574 1429 S.
597 1402 691 1429 Paullo
701 1403 848 1430 editione'n
867 1403 939 1429 vale-

151 1441 201 1473 l-it,
216 1449 269 1469 non
279 1450 338 1470 eam
348 1451 427 1477 quatn
438 1443 540 1478 primus
555 1443 612 1479 ipse
628 1444 653 1471 in
664 1444 799 1479 publicum
818 1445 892 1471 dedit
906 1444 939 1471 ab

152 1482 302 1510 llulsteinio
317 1492 350 1512 ex
366 1484 533 1512 Farnesiano
546 1493 595 1512 ms.
609 1486 730 1520 pluribus
739 1486 884 1520 provinciis
895 1494 940 1512 au-

151 1529 233 1550 ctam.
250 1524 318 1552 Novi
328 1526 515 1553 doctissimum
533 1527 646 1554 Dissert.
663 1526 795 1561 Chorogr.
814 1527 873 1555 ltal.
890 1536 938 1554 att-

149 1570 252 1593 ctorem
268 1571 422 1595 autumasse
438 1575 490 1594 non
502 1568 536 1595 64
550 1568 701 1602 provincias
714 1569 760 1595 sed
774 1568 808 1596 65
825 1569 940 1596 essede-

150 1605 225 1642 bere,
236 1609 362 1641 quoniam
371 1609 397 1635 in
410 1609 577 1644 Synecdemo
592 1609 748 1644 Pamphylia
757 1611 875 1637 secunda
889 1617 941 1636 mc-

151 1655 283 1681 moratur,
304 1658 436 1685 nusquam
456 1651 560 1685 prima:
584 1653 626 1678 cui
641 1658 690 1686 ego
699 1652 817 1686 opinioni
835 1651 938 1678 nullum

152 1691 203 1718 nisi
218 1691 243 1718 in
260 1691 353 1719 Latina
369 1693 492 1720 versione
503 1693 656 1727 praesidium
671 1694 788 1727 reperio.
801 1693 857 1720 Etsi
867 1694 939 1720 enim

151 1741 182 1761 ex
208 1734 390 1762 ecclesiastica
413 1735 590 1769 dispositione
611 1736 797 1771 Pamphyliam
820 1737 846 1763 in
873 1736 940 1763 duas

151 1774 252 1802 fuerint
267 1776 407 1810 partiti,ut
422 1780 449 1803 et
459 1777 519 1804 duae
530 1777 574 1804 hic
589 1782 795 1804 recenserentur
807 1776 872 1804 nihil
889 1776 941 1804 fuit

153 1823 275 1848 necesse,
286 1817 436 1851 praesertim
452 1825 513 1844 eum
529 1825 580 1844 una
593 1818 723 1845 duntaxat
735 1818 762 1845 in
777 1818 877 1845 Notitia
889 1818 940 1845 im-

152 1857 220 1890 perii
245 1856 363 1884 Orientis
382 1859 542 1892 reperiatur,
561 1866 610 1886 nec
629 1859 694 1886 duas
716 1858 896 1892 Justinianus,
912 1863 941 1886 ut

153 1898 257 1925 novella
269 1897 286 1925 8
295 1898 394 1926 indicio
401 1903 452 1932 est,
461 1900 577 1927 noverit.
587 1900 613 1926 ld
623 1899 730 1927 inﬁtiari
743 1900 837 1932 nolim,
846 1901 941 1928 deesse

154 1941 244 1974 plures
256 1939 389 1974 civitates,
407 1948 456 1968 nec
465 1949 604 1969 numerum
620 1941 673 1969 955
688 1942 838 1969 rotundari.
853 1942 939 1970 Gras-

155 1987 213 2009 sata
227 1982 400 2010 librariorum
411 1982 583 2018 negligentia,
600 1988 628 2010 ut
638 1984 665 2009 in
684 1985 788 2011 caeteris
803 1983 938 2016 omnibus,

154 2029 182 2050 et
202 2023 246 2051 hic
271 2028 328 2056 est;
352 2025 500 2059 multaque,
518 2025 581 2059 quia
609 2025 748 2053 vitiosiora
761 2025 936 2059 videbantur,

155 2066 284 2099 neglexit,
308 2066 361 2093 alia
383 2066 546 2100 turpissimis
573 2067 678 2094 mendis
700 2066 823 2094 fmtlavit.
843 2066 936 2102 Neque

154 2115 258 2143 nupera
279 2115 310 2135 ea
326 2108 479 2143 corruptela
493 2112 550 2136 est:
567 2109 588 2136 si
603 2109 637 2136 de
652 2109 823 2136 Constantini
855 2110 939 2143 impe-

155 2150 255 2178 ratoris
266 2150 358 2177 codice
367 2158 398 2177 cx
418 2150 469 2178 illis
481 2157 540 2185 qua:
555 2150 582 2178 in
598 2151 656 2178 Lm
675 2150 764 2178 Tliem.
777 2151 840 2178 inde
853 2156 939 2178 trans-

155 2193 226 2226 tulit,
258 2192 440 2226 conjecturam
465 2192 572 2225 feceris,
583 2193 830 2228 corruptissimum,
848 2200 938 2226 neque

153 2235 255 2263 nostris
280 2233 422 2266 munditie.
451 2235 575 2268 quamvis
604 2234 748 2262 admodum
777 2233 936 2267 inquinatis,

152 2276 369 2311 praestantiorem
382 2276 517 2309 reperies:
536 2283 642 2303 summa
665 2274 710 2302 ille
739 2275 802 2302 imis
830 2275 939 2302 miscuit

151 2323 177 2344 et
195 2317 394 2352 provinciarum
413 2318 542 2344 terminos
558 2316 776 2351 frequentissime
799 2316 937 2351 migravit.

152 2360 218 2392 Quae
234 2359 298 2386 vitia
317 2363 377 2386 utut
399 2366 528 2395 agnosco,
544 2364 634 2386 tamen
649 2358 855 2386 criminationes
878 2366 937 2392 quae

152 2402 178 2428 in
195 2401 264 2429 hanc
279 2401 409 2428 Notitiam
435 2401 603 2434 all'eruntur,.
614 2404 641 2428 et
657 2400 754 2435 quibus
766 2405 937 2435 peccatorum

151 2450 266 2477 quorum
275 2443 496 2470 innocentissima
507 2447 549 2469 est
559 2449 603 2469 rea
613 2442 759 2477 peragitur,
771 2441 938 2475 repellendas

151 2484 319 2511 existimem:
336 2484 408 2518 quod
424 2492 459 2512 ne
476 2491 547 2512 nunc
559 2490 693 2518 exsequar
707 2483 758 2510 alia
781 2483 936 2518 prohibent.

185 2525 368 2558 Qmerendum
381 2530 433 2558 est,
446 2526 569 2553 civilisne
583 2533 617 2552 an
630 2526 813 2552 ecclesiastica
840 2524 931 2552 fuerit.

150 2567 230 2594 Joan.
241 2566 394 2594 llarduinus
406 2567 432 2594 in
442 2566 626 2595 Antirrhetico
635 2571 661 2594 et
670 2566 763 2594 Numis
772 2567 833 2594 urb.
849 2566 935 2601 antiq.

150 2609 249 2636 illustr.
266 2609 340 2636 litetn
353 2608 501 2636 secundum
528 2608 742 2636 ecclesiasticam
763 2609 845 2642 dedit,
862 2610 936 2643 licet,

149 2658 198 2677 cur
214 2657 273 2678 eam
291 2651 383 2678 tulerit
398 2651 681 2681 sententiam.docere
714 2651 876 2686 neglexerit;
909 2657 936 2680 et

151 2697 213 2726 post
235 2692 404 2720 Harduinum
425 2693 527 2727 plures.
552 2693 628 2720 llaud
651 2698 739 2720 tamen
766 2694 840 2728 jure:
869 2695 935 2723 nihil

150 2735 222 2761 cnim
241 2734 426 2770 Synecdemns
449 2735 612 2769 principuum
634 2735 724 2766 habet,
747 2736 817 2762 unde
848 2737 937 2764 eccle-

151 2775 271 2804 siasticis
295 2775 405 2803 Notitiis
421 2776 604 2803 accensendus
632 2776 716 2803 videri
736 2777 831 2810 possit.
853 2778 935 2811 Nulli,

151 2822 181 2844 nt
191 2818 261 2845 bene
277 2822 371 2845 auctor
385 2818 497 2844 Dimrt.
513 2816 654 2852 Cliorogr.,
673 2818 774 2851 throni,
791 2827 859 2847 rara:
878 2827 936 2847 mc-

152 2859 282 2894 tropoles,
310 2860 375 2887 nulli
406 2860 614 2894 archiepiscopi,
641 2860 706 2887 nulli
743 2861 934 2896 autocephali},

152 2908 268 2936 cumque
284 2902 309 2929 in
336 2910 388 2929 una
407 2909 478 2937 smpc
490 2902 626 2937 provincia
644 2902 733 2937 plurcs
758 2903 932 2938 metropolcs.

573 177 767 208 COMMENT.
790 177 830 207 ΙΝ
852 176 1057 207 ΗὶΕΙῖΟΟΙΛΞ
1075 176 1343 208 SYNECDEMUM.

1700 177 1768 209 107/:

987 230 1092 257 tametsi
1106 230 1234 265 dignitate
1247 231 1373 266 impares,
1400 231 1509 264 fuerint,
1526 231 1564 259 uti
1577 231 1604 258 in
1627 231 1765 268 Bithyuii,

983 269 1151 304 Nicomedia,
1164 272 1252 299 Nicaea
1267 278 1293 299 ct
1305 273 1468 306 Chalcedon,
1486 273 1529 300 vix
1542 281 1622 300 unam
1635 278 1716 309 atque
1733 277 1770 302 al-

985 317 1080 345 teram,
1097 320 1282 346 saepenumcro
1303 314 1383 341 etiam
1408 315 1520 347 nullam,
1536 322 1568 342 eo
1584 315 1662 342 titulo
1687 317 1768 343 εοΙιο‹

985 357 1083 380 nestat.
1104 354 1143 381 Ad
1156 354 1218 386 hoc,
1239 354 1310 381 haud
1325 363 1416 389 pauca:
1431 359 1607 383 recensentur
1616 357 1695 384 urbes
1709 358 1768 392 qui—

984 394 1034 422 bus
1058 395 1146 422 nullus
1158 403 1275 430 unquam
1292 397 1435 431 episcopus
1458 396 1528 429 fuit;
1546 405 1661 432 quarum
1677 406 1768 426 excin-

985 437 1026 469 pla
1036 443 1096 463 cum
1109 437 1165 463 suis
1184 445 1298 471 qurequ
1329 438 1395 465 locis
1420 439 1545 466 admetiri
1570 440 1768 472 constituerim,

985 484 1037 504 una
1050 477 1093 504 hic
1110 477 1220 512 Scythia
1235 479 1379 514 defungar.
1395 479 1435 506 llli
1451 480 1485 507 l5
1501 481 1581 508 urbes
1590 482 1770 508 contribuun-

986 524 1046 551 tur;
1056 519 1126 546 unde
1136 519 1247 554 singulis
1255 520 1400 555 episcopis,
1415 522 1437 549 si
1447 521 1631 550 ecclesiastica
1640 522 1711 550 foret
1721 523 1770 550 No-

986 559 1184 592 titia,subditas
1193 561 1276 588 fuisse
1287 562 1470 596 existimares,
1485 568 1645 591 cumtamen
1673 572 1768 592 onturs

986 601 1065 628 unius
1082 600 1216 629 Tomitaui
1228 603 1350 636 praesulis
1362 612 1433 631 curae
1448 605 1600 633 commissa:
1611 605 1723 632 fuerint.
1739 606 1769 633 Si

985 641 1137 675 addubites,
1147 642 1327 671 Sozatnenum
1346 645 1415 672 ll.l£.
1429 646 1455 677 6,
1471 645 1515 678 21,
1530 652 1669 674 auctorem
1682 648 1751 675 dabo
1765 658 1770 674 :

986 683 1070 710 Τοῦτο
1084 684 1111 711 δὲ
1130 684 1159 711 τὸ
1171 685 1247 716 ἐονος
1261 686 1360 718 πολλὰς
1382 688 1430 721 μὲν
1447 687 1503 722 ἔχει
1521 688 1568 714 καὶ
1600 689 1692 721 πόλεις
1725 691 1773 717 καὶ

986 725 1082 761 κώμας
1106 727 1154 753 καὶ
1174 727 1303 762 φρούρια,
1321 729 1487 764 μητρόπολις
1500 730 1528 756 δέ
1542 731 1600 757 ὲστι
1612 731 1711 766 Τόμις,
1726 733 1775 759 πό-

985 767 1026 800 λις
1049 769 1153 804 μεγάλη
1185 770 1233 796 καὶ
1254 770 1400 805 εὐδαίμων,
1435 773 1578 808 παράλιος,
1618 773 1648 806 ἐξ
1672 775 1774 801 εὐωνῦ-

987 819 1046 845 μων
1059 811 1210 838 εἰσπλέοντι
1239 811 1284 839 τὸν
1316 812 1441 845 Εὔξεινον
1464 814 1633 850 καλούμενον
1662 817 1772 844 Πόντον.

987 853 1079 879 Εἰσέτι
1106 854 1154 879 καὶ
1171 853 1219 880 νῦν
1234 853 1295 885 ἔθος
1314 855 1431 882 παλαιὸν
1462 857 1556 883 ὲνοάδε,
1576 859 1685 893 κρατεῖ,
1725 860 1772 886 τοῦ

987 895 1088 926 παντὸς
1102 895 1193 927 ἔθνους
1209 896 1257 922 ἕνα,
1272 895 1320 927 τὰς
1331 897 1478 932 ἐκκλησίας
1491 900 1662 928 ἐπισκοπεῖν.
1676 899 1775 936 Utique

988 940 1010 967 si
1041 940 1226 976 Syneedemus
1240 941 1428 976 episcoporum
1442 943 1564 970 ordinem
1577 948 1604 971 et
1629 944 1774 980 dignitates

988 981 1167 1014 describeret,
1196 988 1224 1009 ut
1240 990 1335 1010 omnes
1363 983 1421 1018 ejus
1439 985 1585 1018 provincia:
1607 985 1687 1013 urbes
1709 994 1774 1013 cnu-

989 1028 1107 1051 meraret
1127 1024 1196 1050 nihil
1225 1032 1292 1058 opus
1330 1024 1442 1052 fuisset:
1479 1033 1559 1053 unam
1589 1027 1773 1061 Tomitanam,

989 1065 1057 1092 utin
1076 1065 1179 1092 notitiis
1203 1066 1396 1093 ecclesiasticis
1416 1067 1526 1099 assolet,
1548 1068 1636 1101 gentis
1667 1070 1774 1103 prmsuli

989 1107 1053 1133 dare
1076 1108 1216 1141 potuisset.
1237 1107 1338 1134 Deinde
1354 1109 1446 1142 plures
1474 1109 1609 1144 plerisque
1627 1110 1652 1137 in
1665 1112 1774 1146 provin-

989 1148 1038 1174 ciis
1055 1149 1146 1180 urbes,
1161 1157 1220 1182 qua:
1232 1157 1295 1176 suos
1311 1149 1361 1177 sibi
1372 1151 1517 1186 episcopos
1529 1151 1692 1186 habuerunt,
1703 1155 1774 1187 quod

990 1190 1015 1216 in
1032 1189 1131 1218 Notitia
1153 1191 1337 1218 ecclesiastica
1358 1192 1477 1220 insolens
1509 1192 1565 1227 est,’
1590 1195 1773 1229 negliguntur.

989 1231 1043 1259 Nec
1065 1241 1097 1260 eo
1120 1237 1209 1260 tamen
1238 1234 1291 1261 tclo
1313 1234 1364 1261 alia
1394 1235 1486 1262 omnia
1514 1237 1664 1264 sentientes
1691 1238 1774 1266 vehe-

990 1275 1104 1303 mentius
1125 1277 1256 1303 urserim:
1286 1277 1350 1311 quid
1379 1277 1402 1305 si
1425 1277 1476 1305 illa:
1486 1279 1694 1306 exciderint?et
1709 1287 1775 1306 sane

990 1317 1086 1344 multas
1099 1318 1259 1351 negligentia
1267 1319 1466 1353 cxscriptorum
1475 1320 1628 1353 deperditus
1636 1328 1697 1348 esse
1707 1321 1772 1348 mihi

989 1359 1148 1392 persuadeo.
1164 1358 1228 1386 Nam
1244 1360 1286 1387 cui
1300 1360 1429 1387 credibile
1447 1360 1501 1393 fiet,
1515 1364 1543 1387 ut
1571 1369 1622 1389 uno
1648 1363 1775 1398 exemplo

990 1404 1061 1432 utar,
1087 1400 1112 1427 in
1150 1400 1348 1435 Mesopotamia:
1376 1402 1514 1436 provincia
1541 1403 1623 1430 Solam
1651 1404 1774 1431 Amidam

992 1441 1122 1470 Ilioroclis
1147 1448 1225 1470 :etate
1243 1443 1372 1472 Romanis
1401 1443 1483 1471 fuisse
1510 1445 1704 1479 superstitem?
1720 1446 1776 1473 lino

990 1491 1053 1510 vero
1071 1484 1163 1518 plures
1180 1484 1216 1511 ibi
1244 1483 1385 1516 ﬂorebant,
1412 1486 1458 1512 sed
1489 1492 1504 1512 a
1528 1486 1646 1513 librariis
1675 1494 1777 1522 susque

990 1525 1077 1559 deque
1106 1526 1217 1556 habitae;
1248 1527 1292 1561 qui
1324 1527 1345 1553 si
1368 1527 1469 1561 absque
1493 1527 1585 1554 codice
1610 1528 1777 1557 Farnesiano

990 1567 1085 1594 fuissut
1117 1575 1197 1595 unam
1223 1568 1312 1595 itidem
1329 1567 1463 1595 Phoenica:
1494 1569 1635 1597 maritima:
1652 1570 1778 1606 reliquis-

989 1614 1050 1636 sent
1063 1609 1172 1645 Tyrum.
1185 1610 1253 1643 Quid
1270 1618 1350 1647 porro
1362 1611 1429 1637 tituli
1446 1611 1664 1646 magistratuum,
1678 1613 1776 1647 quibus

993 1652 1138 1686 provincize
1149 1646 1370 1679 administrandm
1381 1653 1517 1680 attributa:
1533 1652 1653 1686 fuerunt,
1669 1646 1703 1681 ad
1719 1654 1775 1682 No-

990 1694 1079 1720 titiam
1106 1694 1344 1733 ecclesiasticam?
1375 1694 1438 1728 quid
1465 1694 1626 1729 Synccdemi
1664 1704 1774 1730 nomen,

990 1735 1062 1768 quod
1094 1736 1157 1763 huic
1174 1735 1284 1763 Notitia:
1309 1735 1469 1769 inscriptum
1493 1737 1557 1763 est?
1574 1737 1599 1763 id
1620 1738 1775 1772 peregrina.

991 1776 1074 1802 tionis
1086 1777 1212 1804 comitem
1225 1777 1404 1811 assignilicat,
1423 1782 1637 1812 argumontoque
1657 1784 1698 1806 est
1711 1778 1775 1806 llie-

991 1817 1091 1844 roclem
1120 1818 1272 1853 provincias
1292 1817 1408 1844 obituris
1435 1825 1595 1845 succurrere
1624 1824 1651 1846 ct
1669 1820 1775 1855 imperii

991 1857 1111 1886 Orientis
1142 1859 1345 1893 amplitudinem
1363 1859 1389 1885 in
1404 1859 1478 1886 brevi
1493 1861 1570 1893 quasi
1591 1860 1689 1888 tabella
1708 1870 1776 1896 prte-

991 1899 1101 1934 pingere
1120 1900 1246 1928 voluisse.
1261 1899 1327 1934 Qua:
1339 1900 1403 1927 mihi
1426 1907 1507 1927 causa
1535 1902 1640 1928 videtur
1655 1909 1703 1929 cur
1719 1912 1778 1937 prn-

990 1940 1140 1968 vineiarum
1157 1941 1291 1973 ordinem,
1316 1942 1354 1968 ιιιί
1383 1941 1519 1976 puniet-tis
1535 1948 1562 1969 et
1580 1943 1690 1970 vicariis
1710 1945 1776 1971 sub-

990 1986 1078 2014 erant,
1095 1982 1298 2009 accuratissime
1311 1982 1434 2009 serVarit.
1461 1982 1540 2010 Libet
1565 1984 1590 2010 id
1623 1986 1776 2019 ostendere,

991 2023 1062 2058 quod
1075 2023 1117 2050 illa
1144 2030 1174 2050 re
1191 2025 1312 2051 suamab
1325 2025 1519 2052 ecclesiasticis
1541 2025 1651 2054 Notitiis
1665 2035 1776 2061 prorsus

990 2064 1156 2092 distinxerit.
1171 2064 1289 2092 Primum
1300 2065 1478 2092 Thraciarum
1490 2066 1631 2100 dicecesin,
1648 2069 1673 2094 in
1686 2067 1703 2095 6
1714 2076 1776 2103 pro-

991 2105 1095 2133 vincias
1124 2106 1286 2139 descriptam
1307 2111 1334 2134 ct
1364 2107 1464 2134 vicario
1491 2112 1640 2142 parentem,
1664 2117 1717 2144 quo
1744 2113 1776 2138 de

990 2147 1072 2174 Nam.
1091 2147 1155 2180 imp.
1167 2145 1268 2174 Ot'ieut.
1285 2154 1309 2174 c.
1325 2147 1378 2174 l3?
1397 2149 1572 2183 exsequitur:
1603 2154 1659 2177 tum
1687 2150 1777 2178 Mace-

991 2189 1078 2216 donia:
1093 2193 1119 2216 et
1133 2188 1221 2216 Dacia:
1250 2189 1379 2217 dimccsin
1395 2190 1523 2223 prmfecto
1535 2191 1655 2225 prretorii
1671 2192 1770 2228 lllyrici

991 2231 1165 2263 attributam;
1183 2231 1226 2257 cui
1256 2239 1343 2261 nuper
1368 2239 1383 2258 a
1408 2231 1563 2259 Justiniano
1595 2234 1774 2268 reciperatam

971 2289 973 2292 -
991 2272 1168 2303 Pannoniam.
1183 2280 1243 2307 qua:
1255 2278 1318 2300 ante
1330 2273 1459 2308 pratfecto
1473 2274 1590 2308 praetorii
1608 2273 1690 2301 ltalim
1701 2283 1776 2302 εοιιι-

992 2316 1072 2343 missa
1084 2315 1184 2348 fuerat,
1202 2315 1331 2350 adjungit.
1346 2315 1422 2343 llanc
1442 2317 1544 2350 excipit
1557 2317 1656 2344 Asiana
1671 2318 1698 2344 ll
1715 2326 1777 2352 pro-

990 2357 1151 2389 vinciarum,
1185 2360 1242 2383 tum
1278 2356 1390 2384 Pontica
1417 2357 1526 2385 totidem
1565 2359 1774 2392 provinciarum,

990 2398 1051 2426 dein
1067 2397 1186 2426 Orientis
1200 2398 1347 2433 provinciae
1362 2398 1406 2430 l5,
1419 2398 1526 2426 tandem
1543 2398 1685 2434 (Egyptus,
1700 2408 1776 2436 pror-

989 2448 1037 2468 sus
1054 2446 1083 2467 ut
1097 2440 1122 2467 in
1133 2439 1232 2467 Notitia
1249 2440 1315 2474 imp.
1330 2439 1449 2468 Orientis
1464 2448 1488 2467 c.
1509 2440 1535 2473 l,
1552 2447 1645 2468 omnes
1657 2443 1777 2476 praefecti

990 2483 1115 2517 prauorio
1137 2480 1256 2509 Orientis
1270 2482 1438 2516 dispositioni
1459 2485 1486 2508 et
1509 2483 1740 2510 curmmandatze.

1025 2525 1113 2559 Atque
1142 2524 1200 2552 haec
1228 2525 1260 2551 dc
1274 2523 1458 2560 Syuecdemo;
1483 2525 1559 2558 cujus
1583 2526 1698 2559 primam
1716 2526 1776 2552 edi-

992 2567 1093 2594 tionem
1123 2566 1222 2594 Carolo
1237 2573 1252 2594 a
1269 2566 1298 2592 ὃ.
1317 2566 1413 2594 Paullo
1428 2567 1567 2600 debemus,
1586 2567 1631 2594 sed
1653 2567 1692 2594 Η»
1714 2575 1777 2601 pro-

989 2609 1086 2636 vinciis
1104 2609 1237 2635 mutilam.
1257 2608 1344 2635 Aliam
1376 2609 1467 2635 animo
1479 2609 1597 2643 agitasse
1625 2609 1682 2637 Jac.
1715 2609 1774 2636 Sir-

989 2651 1117 2678 mondum
1134 2657 1165 2678 ex
1187 2651 1302 2685 quadam
1323 2650 1383 2683 ejus
1406 2651 1439 2677 ad
1464 2649 1494 2676 L.
1523 2649 1702 2678 llolsteiuium
1719 2652 1777 2686 epi-

990 2692 1057 2719 stola
1079 2700 1108 2726 p.
1132 2691 1181 2718 471
1203 2691 1247 2718 ed.
1265 2690 1358 2718 Verict.
1381 2692 1534 2724 suscipere:
1553 2691 1609 2719 «De
1645 2691 1776 2720 liieiorlis

989 2734 1169 2769 Synecdemo,
1190 2734 1285 2767 inquit,
1302 2732 1463 2768 gratuleran
1476 2733 1581 2760 doleam
1602 2734 1704 2761 neseio.
1719 2734 1774 2761 Ιιιιο

963 2775 973 2779 ’⁷
989 2783 1082 2803 revera
1100 2775 1178 2802 doleo
1206 2776 1252 2802 tibi
1267 2783 1320 2802 non
1337 2783 1350 2800 a
1362 2782 1404 2801 tne
1417 2774 1488 2802 dono
1500 2775 1589 2802 datum
1608 2775 1773 2807 fuissc,cum

988 2823 1146 2852 expeteres;
1164 2821 1190 2844 et
1205 2818 1274 2850 quod
1288 2823 1337 2851 ego
1366 2815 1431 2842 mihi
1457 2816 1612 2851 contingere
1636 2817 1774 2851 optabam,

990 2865 1019 2887 ut
1034 2860 1106 2887 aliud
1124 2859 1262 2894 exetuplar
1276 2859 1457 2890 natzcisccrcr,
1477 2859 1502 2885 id
1519 2858 1565 2885 tibi
1593 2859 1681 2893 potius
1702 2858 1776 2885 obti-

991 2903 1061 2938 gisse
1094 2902 1218 2937 gaudeo;
1237 2906 1317 2936 atque
1348 2905 1419 2928 utcx
1445 2901 1535 2929 animo
1569 2909 1611 2928 me
1640 2899 1774 2936 gratulari
