1911 3071
146 149 217 182 Ῑῦἷτ

117 219 136 245 3
178 206 236 237 Col.
253 207 315 234 141.
338 207 506 243 Ἡράκλεια.
522 210 676 238 Secundum
691 210 828 245 dignilatis
843 210 931 238 Incntn

144 248 171 275 in
180 247 286 284 Europa
295 255 356 284 post
367 251 468 285 regiam
477 252 571 280 urbem
582 253 701 285 tenebat,
713 252 843 286 Procopio
851 251 934 281 Fabr.

146 289 245 318 lauta.
261 290 289 322 ι,
306 291 334 322 9,
347 296 433 325 teste;
448 298 474 320 et
489 294 617 327 quoniam
634 295 697 322 huic
714 294 855 330 metropoli
869 294 934 322 olim

143 332 281 360 subditum
300 332 459 368 Byzantium
483 339 553 367 erat,
582 337 752 364 consuetudo
781 341 810 364 nt
845 336 933 364 llera«

96 378 101 383 '
144 373 259 401 cleensis
273 375 417 410 episcopus
436 375 608 411 Cpolitanurn
625 378 806 413 patriarcham
823 379 936 413 inaugu-

146 419 222 442 raret
236 420 318 450 atque
333 417 471 445 ordinaret
489 418 617 453 deinceps
637 420 732 453 valuit,
757 420 838 448 sicuti
853 420 935 448 Codi-

146 463 197 483 nus
209 455 286 484 Ollio.
307 457 356 493 Cp.
371 465 396 485 c.
411 458 446 486 20
463 460 615 488 admonuit.

180 497 250 524 Ibid.
276 498 533 534 Ἀρκαδιούπολις.
549 502 680 538 Bergulen
691 502 862 532 Theodosius
879 503 937 531 sive

145 540 278 568 Arcadius
293 541 394 576 (neque
421 543 493 570 enim
521 545 701 580 scriptoribus
730 545 868 580 convenit)
896 545 923 572 in

145 582 278 609 stauravit
295 587 323 610 et
337 584 445 611 Arcadii
457 585 568 613 nomine
583 586 754 621 praalustrem
769 594 832 615 esse
843 586 936 622 jussit.

148 623 327 659 'I'heophanes
357 626 474 654 Arcadio
489 626 636 665 Cltronogr.
671 636 699 664 p.
723 629 768 663 66,
796 630 937 658 Cedrenus

146 665 214 698 patri
233 666 386 696 Theodosio
403 668 548 705 Compend.
569 671 664 706 p.266
683 672 788 699 tribuit.
806 671 937 707 AppOsita

144 713 204 735 erat
221 708 333 743 Ergino,
349 718 403 745 quo
427 711 462 739 de
480 712 514 740 ad
531 714 595 741 Ant.
620 713 682 741 Itin.
698 721 727 749 p.
749 713 814 746 250,
831 713 913 742 l'tnvio
929 724 936 729 ·

145 754 240 777 auctor
255 758 407 787 anonymus
428 753 460 780 de
487 753 575 782 Leone
601 757 719 783 Armeno
746 763 773 790 p.
790 755 844 782 456
859 766 865 783 ι
881 755 938 782 Καὶ

145 790 271 833 ἐλθόντος
294 792 347 825 ἕως
369 793 621 829 Ἀρκαδιοιιπόλεως
639 796 688 822 καὶ
704 797 875 832 περάσαντες
889 796 938 833 τὴν

152 831 282 874 ξρηγῖναν
293 834 426 871 (ποταμὸς
440 837 469 863 δὲ
480 834 558 870 οὗτός
573 839 658 874 ὲιττιν)
670 831 750 874 εὖροι)
762 839 827 866 λαὸν
843 831 937 867 πολύὶ

147 873 216 917 §am
234 873 359 910 Rhegina
373 885 426 904 non
438 878 510 906 alius
524 884 565 907 est
581 887 613 907 uc
627 873 724 916 Ergina
740 881 796 908 sive
807 881 938 917 Erginus.

146 915 279 950 Excerpta
295 925 310 944 e
325 918 469 947 Strabonis
481 919 497 947 1.
514 920 541 954 7,
557 929 584 956 p.
600 921 652 950 550
666 915 673 948 ξ
685 922 746 949 ’Ότι
763 923 777 949 ὁ
792 922 840 949 νῦν
848 915 940 949 inora-

148 957 198 1000 pb;
221 957 338 992 Ῥιγινία
366 961 396 987 ἐν
422 961 518 998 Θρᾴκῃ
555 963 725 999 καλούμενος
747 963 864 1000 Ἑρίγων
892 962 937 999 ἦν.

147 997 203 1026 Iino
222 1000 335 1035 Ῥηγῖνα
350 1007 376 1030 et
396 997 529 1038 ‘Ep‘ﬁvoé,
553 997 696 1040 Apollonio
715 997 790 1034 Mela:
805 997 832 1034 et
851 997 940 1035 Plinio

146 1041 300 1071 celebratus
315 1051 322 1070 :
337 1052 397 1071 nam
417 1045 517 1081 Erigon
534 1046 696 1075 Macedonia:
712 1053 772 1076 erat
791 1047 902 1078 ﬂumen.

183 1082 250 1112 Ibid.
266 1084 364 1120 Βιζύη.
387 1086 455 1115 Urbs
478 1096 511 1115 ex
541 1088 628 1117 Plinio
653 1095 680 1118 et
695 1089 843 1118 Ptolemaeo
858 1095 940 1125 atque

148 1124 208 1152 aliis
219 1131 259 1154 est
274 1128 429 1157 notissima.
441 1129 477 1156 Τὸ
491 1130 541 1166 τῆς
555 1131 657 1167 Βιξὶης
672 1131 811 1167 πολίχνιον
826 1124 940 1161 Zur-ara:

149 1167 175 1210 i_n
191 1167 321 1196 Michaele
337 1170 420 1197 Balbo
438 1179 463 1206 p.
482 1172 545 1204 112,
565 1173 693 1208 Κάστρον
707 1173 809 1210 Βιζύης
824 1175 849 1201 ἰιι
865 1175 939 1202 Hist.

150 1208 286 1244 Disputat.
301 1210 410 1238 Maximi
426 1218 452 1240 ct
466 1212 611 1242 Theodosii
625 1219 690 1243 tom.
704 1214 737 1242 III
751 1208 802 1250 0p.
816 1215 939 1243 Sirtnon-

149 1250 176 1277 di
202 1258 228 1285 p.
253 1252 318 1280 355.
336 1253 408 1289 Βὺζη
427 1255 453 1282 in
471 1255 546 1283 Actis
563 1256 662 1285 consil.
676 1257 846 1292 Ephesiniet
859 1257 940 1286 Chal-

150 1292 310 1322 ccdonensis
325 1297 437 1330 passim.
454 1298 500 1324 sed
516 1305 670 1332 perperam.
686 1298 796 1327 dicitur.

185 1334 254 1362 Ibid.
272 1336 396 1364 Πάνιον.
418 1338 475 1366 Hoc
488 1346 520 1366 es
536 1338 706 1368 Constantini
723 1339 741 1367 I.
758 1348 788 1373 II,
805 1338 901 1367 Them.
924 1340 935 1368 ί

150 1375 260 1411 \‘Itlgato
274 1379 465 1414 praeponimus.
481 1379 624 1408 Maritimm
636 1380 760 1408 Thracia:
771 1381 801 1407 αι
811 1381 939 1416 παράλιοι

151 1417 201 1452 τῆς
226 1418 337 1454 θρᾴκης
363 1421 455 1453 πόλεις
471 1442 480 1455 ,
506 1422 538 1449 τό
569 1430 599 1449 τε
627 1422 727 1450 Πάνιον
750 1423 797 1450 καὶ
817 1424 835 1458 ἡ
855 1423 939 1459 Ἡρά-

151 1459 240 1492 κλεια,
255 1463 357 1490 suntin
371 1463 487 1492 Cedreni
502 1463 654 1499 Compend.
668 1471 699 1499 p.
714 1464 784 1498 H7;
801 1465 873 1493 unde
884 1465 941 1493 cni-

151 1501 219 1536 Iigas
237 1503 308 1530 haud
326 1504 441 1533 multum
459 1505 589 1534 Heraclea
611 1511 745 1534 semotum
765 1506 848 1535 fuisse
862 1507 940 1542 oppi-

151 1543 225 1572 dum.
248 1545 355 1575 Clarins
374 1547 401 1574 id
423 1547 516 1576 videas
540 1555 573 1575 es
598 1547 681 1575 Suida
699 1548 726 1575 in
740 1548 850 1582 Πάνιον,
866 1554 892 1577 et
904 1556 939 1577 ex

151 1586 267 1615 concilio
284 1587 423 1623 Ephesino
449 1597 478 1624 p.
495 1589 560 1622 790,
582 1589 626 1617 ubi
644 1589 775 1618 Heracles
791 1595 820 1618 et
835 1589 938 1618 Panion

150 1629 276 1657 eumdem
294 1630 456 1666 episcopum
477 1631 586 1661 habent.
605 1631 699 1660 Postea
721 1637 810 1661 tamen
826 1632 939 1666 singulis

150 1669 285 1706 episcopis
297 1678 467 1707 paruerunt;
484 1674 554 1701 unde
564 1673 678 1702 consilio
694 1674 743 1709 Cp.
761 1675 855 1710 p.500
873 1674 937 1711 Ῥη-

150 1712 225 1745 γῖνος
251 1713 399 1747 ἐπίσκοπος
425 1715 526 1743 Πανίου
548 1716 598 1751 τῆς
621 1715 739 1751 Θρᾳκῶν
761 1720 854 1752 χώρας
873 1718 938 1745 scri-

150 1753 238 1781 bendo
253 1754 372 1784 adfuisse
387 1756 497 1785 dicitur.

186 1795 255 1823 Ibid.
271 1797 382 1830 'Oprot.
399 1797 474 1826 Frid.
498 1798 626 1828 Horellus
651 1800 678 1827 in
702 1799 872 1828 Constantini
885 1799 901 1826 l.
918 1807 938 1827 ιι

152 1835 243 1865 ΤΙιεηι.
259 1837 271 1864 t
293 1837 415 1873 Ὀρεινδς
436 1839 487 1874 legi
507 1847 588 1874 posse
603 1841 758 1875 suspicatur
770 1848 819 1876 pro
840 1840 939 1876 oppido

152 1882 341 1906 tnnntanorum
357 1879 480 1908 Thraciae
508 1881 678 1916 populorum,
701 1889 770 1918 quos
800 1883 940 1918 'Opstvob;

151 1918 299 1955 Xenophon
319 1921 337 1949 I.
353 1922 369 1950 7
384 1922 486 1958 Exped.
504 1923 566 1959 Cyri
582 1929 668 1953 vocet.
695 1926 729 1952 At
752 1926 832 1960 hujus
852 1926 941 1953 nomi-

152 1963 195 1990 nis
206 1964 336 1992 urbemin
354 1965 470 1993 Thracia
490 1973 569 1993 nemo
585 1966 679 2000 novit;
700 1965 797 1995 fuisset
809 1973 940 2002 praeterea

151 2009 227 2032 cura
247 2004 361 2041 Europa}
377 2007 445 2034 ﬁnes
462 2007 488 2034 in
511 2006 621 2043 Scythia
634 2008 773 2042 provincia
784 2009 820 2037 ob
832 2016 864 2037 ea
881 2017 941 2044 qua:

150 2046 299 2082 Xenophon
319 2048 390 2084 Eap.
404 2048 469 2084 Cyr.
497 2050 511 2077 7
534 2057 561 2084 p.
588 2049 642 2078 320
667 2055 810 2079 memorat.
828 2051 884 2087 Ego
907 2052 941 2080 de

151 2089 222 2116 Arzo
237 2094 264 2116 et
281 2088 372 2118 Tonzo
394 2091 578 2126 cogitaveram
597 2100 604 2119 :
622 2092 670 2120 sed
689 2100 751 2120 cum
776 2093 865 2127 plura,
882 2101 941 2128 quae

152 2130 195 2156 vix
210 2131 281 2165 apud
306 2132 376 2160 alios
399 2133 531 2167 reperias,
554 2133 581 2160 in
597 2133 769 2168 Synecdemo
781 2134 836 2162 sint
848 2135 939 2168 obvia,

152 2171 218 2198 nihil
234 2173 433 2202 constituerim.

186 2213 255 2241 Ibid.
282 2215 392 2248 Γάνος.
419 2215 518 2244 Suidas
537 2216 568 2243 τὸ
588 2216 657 2252 πρὸς
675 2218 709 2253 τῇ
729 2217 826 2253 Θρᾴκῃ
841 2217 904 2253 ὅρος
922 2218 938 2252 ἡ

152 2254 246 2287 Γάνος.
259 2256 300 2283 Τὰ
311 2256 358 2284 τοῦ
373 2257 459 2285 Γάνον
470 2257 520 2293 ὅρη
536 2263 669 2285 memorat
683 2262 777 2285 auctor
788 2265 941 2294 anonyinus

150 2297 184 2324 de
199 2297 289 2327 Leone
305 2299 425 2327 Aruleno
447 2308 474 2334 p.
499 2299 561 2328 455.
586 2299 654 2328 Hinc
669 2300 805 2334 conjicere
821 2300 883 2328 licet
895 2309 942 2328 ur-

152 2341 212 2366 bem
224 2339 329 2368 Canum
343 2341 377 2369 ad
387 2340 578 2377 Propontidem
589 2342 710 2378 ejusdem
720 2343 837 2372 nominis
850 2348 941 2372 monte

151 2382 234 2410 fuisse
252 2382 412 2415 incinctam.
431 2383 550 2418 pessime
575 2390 666 2411 autem
691 2384 813 2412 habitam
840 2392 902 2413 esse
913 2385 940 2413 in

151 2424 344 2457 LibaniiApol.
362 2425 530 2453 Demosllten.
547 2431 614 2453 tom.
629 2425 649 2458 I,
664 2434 691 2460 p.
703 2426 768 2458 ‘51,
785 2428 829 2454 ubi
845 2427 940 2463 Σέριον

149 2466 239 2500 τεῖχος
255 2466 304 2493 καὶ
319 2467 451 2502 Δόρισκον
464 2468 511 2495 καὶ
521 2468 660 2503 Μυρτῖνον
670 2469 718 2494 καὶ
732 2468 751 2494 Γ
752 2468 815 2501 ἅδος
829 2470 875 2496 καὶ
888 2470 940 2496 Σα-

150 2507 209 2534 usa
227 2507 331 2544 χώραν’
352 2508 404 2535 εἷθ’
424 2509 496 2543 ὑπὲρ
513 2510 628 2542 τούτων.
641 2507 680 2537 ὧν
693 2510 752 2537 οὐδὲ
770 2511 805 2538 τὰ
820 2511 940 2546 ὀνόματα.

152 2550 244 2584 ἴσμεν,
267 2550 485 2586 ὲΕανιστάμεθα;
509 2552 652 2586 scripsisse
674 2551 798 2587 Σέρῤιον,
815 2553 900 2585 Γάνος
913 2559 942 2582 et

151 2591 250 2618 Γανίδα.
264 2599 298 2619 ex
316 2591 457 2625 (Eschine,
481 2600 562 2626 quem
580 2593 702 2620 imitatur
719 2595 759 2628 (in
778 2594 939 2629 Ctesiphoni.

151 2641 176 2667 p.
193 2633 237 2668 65)
264 2639 291 2661 et
312 2633 418 2661 Valesio
435 2634 469 2662 ad
486 2633 710 2669 Ilarpocratiouis
733 2635 940 2671 Μύρτανοντςο-

150 2682 275 2709 gnosces.

186 2717 255 2745 Ibid.
272 2719 468 2752 Καλλίπολις.
493 2718 662 2746 liccantioris
675 2719 726 2746 aevi
741 2719 850 2747 Grax-Os
866 2721 941 2748 Καλ·

150 2758 208 2786 λίου
243 2759 320 2786 πόλιν
352 2760 502 2795 appellasse
534 2760 600 2787 alias
633 2760 850 2788 animadversum
880 2763 939 2790 iuit.

151 2801 270 2828 tiausant
298 2802 417 2830 habuere
443 2802 515 2837 quod
538 2809 598 2828 eam
622 2809 637 2828 a
662 2802 748 2829 Callia
766 2824 773 2834 ,
792 2803 940 2831 Athenien-

151 2843 220 2869 siqu
247 2844 327 2874 duce,
356 2844 492 2872 conditam
521 2843 606 2872 fuisse
631 2844 832 2880 existimarent,
848 2851 874 2872 ut
895 2845 937 2874 ιο.

151 2884 301 2914 Cinnamus
319 2886 345 2920 5,
361 2886 386 2914 5.

570 153 768 184 COMMENT.
790 153 830 184 IN
853 152 1060 183 HIEROCLIS
1080 152 1353 184 SYNECDEMUM.

1709 150 1794 184 1078*

1021 210 1087 238 Ibid.
1103 210 1237 244 Μόριζος.
1253 209 1450 238 Constantinus
1472 210 1605 246 Μήριζος.
1626 210 1703 239 Unde
1719 211 1777 238 Mo-

984 253 1068 280 rellus
1088 259 1094 279 :
1111 252 1226 280 Mer-ilus
1242 261 1277 280 an
1294 252 1428 280 Meritus?
1443 257 1471 279 ut
1489 251 1594 280 Plinius
1609 257 1682 280 vocat
1702 261 1779 280 mo»-

986 299 1037 321 tem
1061 293 1192 327 Thraciis,
1217 295 1243 321 in
1267 303 1318 326 quo
1338 294 1441 329 [orlean
1460 293 1522 321 urbs
1536 294 1589 321 sita
1606 295 1679 329 fuit;
1697 303 1778 330 qualn

985 343 1048 363 cum
1064 343 1144 364 nemo
1166 336 1284 370 noverit,
1311 335 1477 370 conjectura:
1503 336 1574 363 haud
1602 337 1777 365 accesserim.

986 377 1098 406 [tectius
1111 379 1162 406 huc
1178 378 1334 407 referuntur
1348 377 1470 413 ejusdem
1493 378 1573 406 Plinii
1588 386 1626 411 tv,
1638 378 1682 412 ii,
1698 378 1780 406 Mori—

985 419 1056 452 seni,
1080 420 1127 455 qui
1151 421 1276 449 Thraciae
1305 425 1412 456 partem
1437 420 1618 454 incoluerint;
1642 420 1779 455 qudoque

986 461 1027 490 Jo.
1045 461 1225 494 llarduinum,
1240 463 1312 498 quod
1339 462 1366 490 in
1395 467 1535 490 recentata
1560 462 1640 491 Plinii
1660 462 1780 491 editiOne

986 503 1118 531 Murizum
1136 504 1169 532 ad
1189 510 1238 532 eos
1251 503 1401 533 ﬁrmandos
1417 504 1602 532 advocaverit.

1022 565 1089 593 Ibid.
1105 565 1241 601 Σιλτική.
1256 565 1455 594 Constantinus
1476 566 1608 601 Σαλτική.
1631 565 1730 594 Posses
1747 573 1780 592 ex

987 606 1078 642 priore
1093 607 1231 643 Σιντικήν,
1246 614 1278 636 ex
1298 608 1449 643 posteriore
1469 608 1635 643 Βισαλτικήν
1650 607 1779 639 formare,

988 648 1040 676 nisi
1059 648 1202 684 regionum
1228 657 1260 676 ea
1284 654 1377 677 essent
1393 650 1558 685 cognomina
1574 654 1602 676 ct
1625 648 1696 676 ultra
1713 648 1781 676 lines

989 690 1105 725 Europa:
1121 697 1217 719 versus
1239 689 1437 718 Macedoniam.
1457 690 1485 718 Si
1506 690 1623 725 Σαλτική
1639 689 1730 725 potior
1744 690 1781 717 sit

989 732 1063 764 (nam
1076 730 1225 759 Bisanthen
1240 732 1267 759 in
1285 739 1352 760 voce
1369 732 1456 760 latere
1469 740 1523 760 non
1543 737 1666 767 apertum
1688 731 1753 765 est),
1766 738 1781 758 a

989 772 1119 805 Saltibus,
1136 777 1166 800 ut
1182 773 1306 808 pluribus
1328 773 1354 801 in
1380 773 1560 809 Synecdemo,
1575 780 1672 801 nomen
1688 773 1783 799 venire

987 814 1086 848 potuit.
1110 813 1234 851 [Σιντικὴ
1258 814 1319 842 cod.
1343 814 1495 848 Leidensis,
1517 819 1545 842 et
1568 819 1651 842 recte.
1679 813 1783 842 Sintice

988 856 1064 890 regio
1079 857 1178 884 veteris
1200 856 1375 889 Macedoniae,
1399 857 1433 884 de
1446 864 1498 890 qua
1514 856 1605 884 Livius
1620 856 1638 884 l.
1663 864 1739 889 mv,
1755 863 1781 883 c.

989 898 1051 930 ult.,
1071 897 1243 934 intelligitur.
1258 898 1416 934 Wesseling.
1436 898 1560 935 Prolcgg.
1576 906 1603 934 p.
1620 897 1696 934 650.]

1024 957 1091 986 Ibid.
1109 958 1253 986 Σαυαδία.
1269 958 1316 987 Sic
1335 959 1406 987 malo
1422 966 1438 987 e
1453 966 1505 987 ms.
1520 966 1676 994 quanquam
1691 959 1781 987 Σαϐα-

988 999 1033 1027 δια
1049 1001 1138 1028 verius
1157 1001 1280 1029 videtur.
1299 1001 1375 1034 Sola,
1389 1002 1461 1036 quod
1478 1001 1580 1029 rescire
1591 1001 1679 1036 potui,
1693 1001 1782 1036 Ephe-

989 1042 1042 1069 sini
1059 1042 1169 1070 concilii
1190 1043 1258 1070 Acta
1270 1044 1348 1071 urbis
1368 1044 1526 1071 memoriam
1541 1047 1697 1071 servarunt.
1711 1042 1782 1076 Sup-

990 1083 1091 1118 plicant
1115 1084 1237 1120 patribus
1260 1085 1382 1120 episcopi
1405 1084 1519 1120 Europa:
1534 1092 1562 1120 p.
1587 1084 1650 1116 790.
1667 1089 1733 1112 tom.
1746 1083 1780 1117 V,

989 1125 1021 1153 C.
1038 1124 1072 1154 G.
1088 1125 1131 1153 bis
1151 1126 1242 1154 verbis
1256 1135 1263 1154 :
1279 1126 1357 1154 Vetus
1373 1135 1430 1154 mos
1445 1127 1514 1162 viget
1531 1127 1558 1154 in
1570 1126 1712 1160 prouinciis
1725 1125 1782 1152 Eu—

990 1175 1071 1202 ropa},
1092 1169 1163 1203 quod
1187 1168 1287 1204 singuli
1301 1169 1416 1204 episcopi
1429 1168 1497 1197 duos
1511 1169 1551 1196 vel
1565 1173 1618 1196 tres
1628 1168 1677 1196 sub
1692 1176 1720 1195 se
1731 1168 1781 1195 ba-

989 1209 1064 1236 boant
1078 1210 1255 1245 episcopatus.
1278 1209 1355 1238 Unde
1375 1209 1514 1238 Heraclea:
1526 1210 1663 1246 episcopus
1681 1210 1729 1238 sub
1753 1217 1782 1237 se

988 1249 1064 1277 habet
1088 1250 1246 1279 Heracleam
1269 1256 1294 1279 et
1309 1250 1426 1285 Panion,
1440 1252 1577 1287 episcopus
1592 1256 1681 1279 autem
1695 1250 1780 1285 Bgses

988 1291 1036 1318 sub
1053 1300 1080 1320 se
1094 1291 1182 1328 Byzm
1193 1298 1218 1320 et
1230 1293 1432 1328 Arcadiopolln,
1444 1293 1571 1322 Ccelemis
1583 1302 1644 1322 vero
1659 1293 1782 1320 similiter

989 1332 1081 1361 Calan
1100 1340 1125 1362 ct
1147 1334 1309 1370 Callipolin;
1327 1344 1406 1370 porro
1428 1337 1565 1371 episcopus
1580 1335 1720 1364 Sabsads’ar
1731 1334 1781 1361 sub

988 1383 1017 1402 se
1045 1375 1123 1404 habet
1148 1376 1310 1405 Sabsadiam
1336 1382 1360 1405 et
1389 1377 1621 1412 Aphrodisiadem.
1644 1376 1666 1404 E
1681 1376 1781 1412 quibus

989 1417 1169 1452 paucissimos
1181 1418 1247 1446 olim
1260 1418 1288 1446 in
1306 1419 1411 1454 Europa
1421 1419 1511 1455 luisse
1523 1420 1666 1455 episcopos
1681 1426 1781 1454 cogno-

989 1459 1102 1494 scimus,
1126 1462 1155 1488 et
1167 1460 1315 1489 Sabadiam
1340 1462 1665 1497 Aphrodisiadivicinsm
1691 1468 1779 1488 :nam

989 1500 1152 1529 Sabsadiam
1168 1503 1294 1531 eamdem
1310 1508 1391 1538 atque
1403 1504 1473 1531 hanc
1485 1511 1546 1532 esse
1562 1511 1642 1531 nemo
1658 1502 1780 1531 addubi-

989 1544 1098 1571 taverit.
1113 1543 1170 1572 Sita
1190 1546 1241 1573 fuit
1268 1546 1293 1573 in
1313 1545 1438 1574 Thracia:
1460 1546 1571 1581 regione
1587 1545 1714 1581 Sapaica,
1728 1545 1781 1572 Σα-

989 1586 1090 1621 παικῇ,
1107 1587 1141 1613 de
1155 1594 1206 1621 qua
1221 1587 1383 1616 Ptolemaeus
1395 1587 1422 1621 ὃ,
1435 1587 1464 1619 2,
1481 1588 1551 1615 cuia
1567 1587 1671 1622 Sapaais
1687 1587 1713 1614 id
1730 1594 1781 1613 no-

989 1634 1050 1655 men
1068 1628 1155 1656 hazsit.
1180 1628 1267 1657 Habet
1281 1629 1418 1664 Appianus
1434 1629 1464 1657 Β.
1480 1629 1511 1658 C.
1529 1630 1557 1663 4,
1572 1637 1600 1664 p.
1619 1628 1689 1656 I057
1709 1636 1717 1655 :
1737 1628 1780 1655 Τὰ

989 1669 1071 1697 στενὰ
1085 1670 1212 1698 Σαπαίων
1226 1671 1275 1698 καὶ
1290 1671 1449 1707 Τουρπιλων
1464 1671 1603 1707 angustias
1617 1671 1774 1706 Sapmorum

989 1715 1018 1738 ct
1029 1710 1204 1746 Turpilorum
1216 1713 1243 1740 in
1255 1712 1454 1748 'I‘hracia,quas
1466 1713 1612 1741 Norbanus
1623 1717 1651 1741 et
1659 1712 1780 1740 Ceditius

988 1753 1165 1787 occuparint;
1183 1755 1255 1782 unde
1269 1761 1412 1790 perperam
1435 1761 1462 1789 p.
1480 1753 1551 1782 1025
1569 1754 1693 1790 ejusdem
1718 1753 1780 1781 libri

988 1794 1024 1821 τὰ
1042 1795 1124 1822 στενὰ
1138 1795 1280 1832 Τορπίὸων
1304 1797 1352 1824 καὶ
1367 1796 1533 1824 Σαλαπαιων
1549 1796 1631 1825 iidem
1648 1794 1781 1824 insedisse

989 1835 1124 1865 feruntur.
1140 1836 1303 1874 Quanquam
1328 1846 1364 1867 ne
1391 1838 1432 1866 sic
1457 1838 1566 1874 quidem
1594 1837 1666 1865 bona
1687 1837 1780 1864 omnia

990 1876 1092 1906 iuerint
1107 1887 1114 1906 :
1132 1879 1216 1914 ignoti
1237 1881 1311 1908 enim
1326 1881 1407 1917 plane
1430 1880 1534 1916 Tui-pili
1550 1883 1626 1912 sunt,
1641 1879 1670 1906 in
1683 1877 1781 1913 Corpi-

990 1918 1031 1948 los
1043 1927 1075 1948 ex
1092 1920 1180 1949 Plinio
1193 1926 1220 1950 et
1235 1922 1329 1951 Solino
1346 1922 1480 1950 mutandi.
1496 1922 1617 1956 Sapaeos,
1635 1925 1666 1948 ut
1686 1920 1721 1948 ad
1733 1927 1781 1949 eos

990 1961 1144 1994 redeamus,
1163 1963 1250 1992 Sabos
1263 1963 1368 1996 Σάϐους
1387 1963 1432 1991 alii
1445 1968 1557 1997 vocant,
1576 1967 1606 1990 ut
1622 1961 1781 1991 Eustathius

990 2003 1018 2031 in
1031 2003 1140 2040 Dionys.
1153 2004 1290 2041 Perieges.
1302 2005 1384 2039 £069,
1395 2004 1568 2038 indidentque
1583 2003 1690 2032 Sabazii
1705 2003 1782 2032 .Iovis

990 2049 1019 2072 et
1032 2045 1129 2073 Bacchi
1146 2047 1252 2074 titulum
1275 2052 1401 2082 repetunt
1419 2055 1427 2074 :
1449 2046 1618 2074 Sclioliastes
1639 2046 1666 2072 in
1682 2045 1780 2073 comici

991 2085 1102 2121 Vespas.
1122 2095 1147 2116 ν.
1164 2089 1180 2116 9
1197 2097 1203 2115 :
1219 2088 1353 2121 Σαϐάζιον
1367 2088 1395 2114 δὲ
1410 2088 1456 2115 τὸν
1472 2088 1599 2114 Διόνυσον
1618 2089 1644 2114 oi
1668 2087 1779 2123 Θρᾷκες

990 2130 1123 2162 καλοῦσι,
1149 2131 1196 2157 καὶ
1220 2130 1326 2162 Σάϐους
1352 2131 1416 2162 τοὺς
1440 2131 1524 2166 ἱερεῖς
1548 2129 1643 2157 αὐτοῦ.
1662 2130 1682 2156 A
1701 2129 1781 2157 Saliis

991 2171 1142 2199 Thracibus
1166 2171 1274 2199 Sabazii
1295 2172 1504 2204 sacerdotibus,
1531 2171 1613 2207 σὰίη,
1640 2170 1779 2203 σαΰάζειν,

991 2213 1125 2246 Σαϐάζιος
1140 2213 1311 2248 formarunt;
1330 2221 1448 2250 cumque
1472 2214 1606 2242 Sabadius
1633 2220 1687 2241 non
1710 2212 1780 2240 alius

991 2257 1027 2285 sit
1037 2256 1202 2293 (Macrobius
1216 2257 1328 2285 Saturn.
1343 2258 1369 2291 I,
1383 2258 1417 2286 I8
1431 2266 1437 2284 :
1453 2257 1522 2285 Item
1540 2258 1568 2284 in
1581 2256 1694 2284 Thracia
1705 2263 1780 2284 cunt-

979 2299 1049 2326 aem
1066 2298 1157 2326 haberi
1176 2298 1266 2327 Solem
1290 2305 1368 2334 alque
1384 2298 1507 2327 Liberum
1524 2299 1683 2334 accipimus.
1704 2305 1779 2332 quem

990 2341 1031 2369 illi
1052 2341 1200 2369 Sabadium
1218 2346 1400 2375 "aucupantes
1414 2340 1556 2377 magni/ica
1573 2341 1698 2375 religione
1712 2339 1779 2367 cele-

991 2383 1091 2418 brant),
1113 2383 1193 2417 plane
1206 2383 1275 2410 mihi
1292 2383 1440 2418 persuadeo
1455 2384 1551 2411 urbem
1576 2382 1720 2410 Sabadiam
1734 2385 1782 2408 aut

992 2425 1151 2453 Sabasdiam
1180 2431 1245 2452 vero
1270 2424 1354 2453 luisse
1370 2426 1492 2457 nomine,
1507 2430 1589 2459 atque
1606 2432 1621 2451 a
1641 2423 1714 2451 cultu
1730 2423 1781 2451 Sa-

991 2468 1074 2501 bazii,
1089 2472 1135 2494 aut
1149 2467 1270 2494 vicissim
1287 2466 1432 2495 Sabazium
1446 2468 1480 2495 ab
1495 2467 1570 2500 urbe,
1588 2474 1621 2494 eo
1631 2465 1710 2494 titulo
1720 2473 1780 2494 esse

991 2515 1125 2536 ornatam.
1142 2508 1200 2536 Non
1221 2509 1328 2541 desunt,
1344 2509 1442 2542 lateor,
1454 2509 1502 2544 qui
1515 2508 1673 2544 Phrygibus
1688 2507 1781 2535 Saba-

991 2551 1063 2578 sium
1092 2551 1184 2578 deberi
1210 2556 1343 2584 censent;
1367 2559 1428 2586 qum
1449 2558 1493 2579 res
1514 2551 1632 2585 opinioni
1648 2550 1716 2578 nihil
1732 2558 1781 2577 no-

991 2593 1098 2619 cuerit:
1119 2591 1271 2628 Phrygibus
1286 2593 1357 2620 enim
1375 2598 1403 2619 et
1424 2592 1578 2620 Thracibus
1604 2596 1688 2619 multa
1702 2596 1781 2620 erant

990 2634 1145 2661 communia
1171 2641 1270 2667 sacra,
1294 2635 1392 2669 quibus
1417 2634 1453 2660 τὰ
1480 2633 1600 2666 Σαὸάζια
1625 2634 1724 2661 Strabo
1747 2634 1780 2660 it)

992 2685 1018 2710 p.
1043 2677 1092 2703 HI
1113 2681 1262 2704 accenset:
1281 2683 1315 2704 ne
1333 2684 1405 2704 nunc
1424 2677 1512 2704 dicam
1531 2676 1650 2712 Phryges
1664 2683 1679 2703 e
1695 2676 1782 2703 'I‘hra-

991 2725 1052 2745 cum
1080 2717 1178 2745 linibus
1210 2719 1235 2745 in
1259 2718 1352 2746 Asiam
1379 2719 1576 2754 connnigrasse
1608 2718 1743 2753 perhiberi
1766 2726 1781 2744 ιι

993 2761 1125 2787 Strabone
1151 2764 1178 2787 et
1200 2760 1336 2789 llerodoto
1349 2768 1399 2794 vn,
1416 2760 1459 2793 73,
1486 2765 1623 2795 utcunque
1640 2759 1780 2791 occiderit,

993 2802 1072 2836 digna
1089 2803 1182 2837 utique
1208 2803 1325 2831 Sabadia
1341 2803 1427 2830 fuerat
1442 2809 1502 2837 qum
1526 2802 1598 2830 inter
1614 2801 1782 2837 episcopales

991 2844 1106 2879 Europa:
1115 2845 1193 2874 sedes
1209 2846 1235 2875 in
1245 2845 1277 2873 C.
1291 2853 1305 2873 a
1319 2845 1346 2873 S.
1365 2844 1447 2873 Paulo
1461 2844 1558 2880 Gcogr.
1575 2844 1604 2873 ὃ.
1618 2844 1705 2873 locum
1723 2849 1781 2871 tuc-

991 2892 1074 2915 I'CNII‘.
