1911 3071
122 93 190 126 107!)

153 148 211 177 Col.
229 149 291 178 III.
311 151 488 185 Ἀφροδισία.
513 152 683 188 Ἀφροδισὲας
701 157 821 188 ptzestat.
836 151 897 179 Vid.

117 192 171 218 Ant
196 191 257 219 Itin.
273 200 298 227 ῃ.
315 192 377 220 553.

155 233 222 261 Ibid.
242 234 357 262 Κοιλία.
374 235 459 262 Κοῖλα
482 240 651 271 oportuerat;
669 236 738 270 quod
755 243 850 264 nomen
868 243 900 262 ex

118 276 170 302 loci
186 280 282 302 natura
303 282 398 312 portus
417 278 582 313 impetravit,
605 284 716 312 prorsus
733 283 760 305 ut
774 278 808 304 τὰ
824 278 902 304 κοῖλα

117 318 168 352 τῆς
188 316 312 351 Εὖϐοίας,
329 319 363 346 de
376 319 475 354 quibus
490 325 588 353 prteter
601 319 764 347 Ilerodotum
777 326 837 349 vttt.
856 318 901 350 13,

119 359 228 394 egregie
247 359 297 387 Dio
324 360 535 395 Chrysostomus
564 366 633 388 orat.
655 361 681 393 7,
712 369 737 395 p.
762 360 823 388 I00.
837 361 903 388 Erat

120 401 165 428 hic
178 405 272 435 portus
287 401 358 429 circa
371 402 488 436 Sestum,
503 408 530 429 ιιι
546 409 578 430 ex
594 400 685 430 Nicela
704 402 764 430 Rer.
781 401 900 429 Manuel.

118 442 145 472 5.
162 449 189 477 p.
201 443 233 470 81
253 442 374 471 Va'esius
387 444 420 471 ad
444 444 580 472 Atntuian.
596 452 664 477 χχιι,
683 444 711 474 8.
729 444 830 476 docuit,
852 450 903 471 nec

119 483 196 518 longe
212 491 227 511 a
249 484 364 520 Madyto.
382 485 459 512 Anna
476 485 550 512 Alex.
570 486 613 518 II,
630 494 657 520 p.
677 486 730 513 429
747 494 753 512 :
769 486 838 517 Τοὺς
853 485 902 520 μὲν

118 526 174 557 sai,—
190 525 282 560 λιμέσι
295 526 421 553 Μαδύτου
434 527 481 554 καὶ
494 527 599 554 Κοίλων
610 527 804 563 προσορμισαι.
815 527 903 561 Atque

119 567 170 594 boc
184 567 284 594 clarius
297 568 322 594 in
339 568 416 596 Actis
429 568 538 596 concilii
555 568 656 596 Nicaeni
670 569 782 596 secundi
798 567 902 595 indica-

120 612 175 638 tur,
187 614 247 634 cum
262 604 397 635 Leonides
417 607 566 640 ἐπίσκοπος
582 608 708 635 Μαδύτου
725 608 784 642 ἦτοι
800 607 901 641 κήλης,

119 657 146 679 ν.
163 649 211 676 551
230 648 314 676 fuisse
334 649 502 684 perhibetur,
519 655 546 676 et
567 657 594 684 p.
610 649 673 681 571,
693 649 821 676 Μαδύτου
842 649 902 684 ἦτοι

120 688 246 717 ’Πκοιλα-
260 691 434 725 quantumvis
456 692 527 718 enim
547 691 616 718 male
632 697 726 725 portus
741 691 837 717 edatur
851 697 902 717 no-

119 739 180 758 men
197 731 314 760 (Κοιλων
339 733 421 764 enim,
436 732 487 759 nisi
512 736 539 759 et
557 732 657 766 Κοίλης
670 731 856 763 formavel-int,
875 735 904 758 ut

119 772 221 800 Ct'eiatn
241 773 350 800 Eubmte
378 772 502 800 Valerius
525 781 545 806 ι,
569 774 596 805 8,
620 773 665 805 II,
686 777 711 799 et
724 772 816 800 Coelan
836 774 902 799 Acta

119 814 228 841 concilii
253 814 393 848 Ephesini,
417 814 546 847 appellari
577 814 728 848 debuerat),
761 814 832 844 Iicol,
858 814 901 840 in-

119 862 212 887 quam,
234 855 260 882 in
281 855 389 883 nomine
403 863 480 882 error
502 855 547 888 sit,
569 855 673 882 vicinos
700 855 782 882 fuisse
798 859 901 889 portus,

118 903 180 922 cum
206 896 294 924 eidem
316 897 453 932 paruerint
477 897 603 932 praesuli,
626 901 747 931 apparet.
769 896 901 923 Creterum

119 937 191 965 nulla
207 937 251 965 hic
270 938 362 965 habita
381 939 449 965 ratio
464 943 505 966 est
518 939 633 974 plurium
647 938 768 973 Europa!
776 939 901 971 urbium;

118 986 179 1013 qua:
195 987 249 1013 res,
263 980 314 1008 nisi
332 980 415 1008 falsus
430 987 500 1015 sum,
524 989 576 1009 non
597 981 737 1016 scriptori,
759 980 804 1008 scd
820 981 902 1007 Ama-

119 1021 272 1049 nuensibus
287 1022 418 1049 debetur.’

154 1062 221 1090 Ibid.
243 1062 315 1090 Ὑπὸ
338 1064 481 1099 ἡγεμόνα.
506 1063 701 1092 Constantinus
724 1064 742 1090 I.
762 1070 791 1095 It,
810 1062 900 1090 Tltem.

120 1104 132 1130 Ι
149 1104 284 1132 consulari
300 1110 326 1132 et
342 1105 413 1133 hanc
429 1107 550 1139 mandat,
563 1113 578 1132 a
595 1105 687 1132 codice
700 1113 761 1138 suo,
781 1105 856 1139 plura
874 1105 902 1131 in

119 1146 170 1173 hac
196 1146 333 1181 provincia
362 1147 507 1180 turbante,
535 1148 664 1181 deceptus
689 1156 696 1174 :
723 1146 901 1182 przesidialem

119 1188 203 1216 fuisse
219 1189 366 1223 Rhodopen
384 1189 482 1217 Notitia
504 1189 568 1224 imp.
585 1188 690 1216 Orient.
702 1196 727 1216 c.
744 1189 756 1216 I
773 1188 900 1216 ostendit.

119 1229 185 1257 Erat
208 1230 320 1265 quidem
344 1230 471 1265 praesidis
490 1237 587 1258 nomen
608 1230 748 1264 generale;
771 1236 857 1263 coque
876 1233 903 1256 et

118 1272 296 1306 proconsules
318 1275 346 1299 et
367 1272 447 1307 legati
465 1272 579 1300 Caesaris
593 1276 620 1299 et
636 1279 729 1299 omnes
749 1271 903 1306 provincias

119 1318 243 1347 regentes
268 1314 398 1347 prtrsides
425 1314 640 1348 appellabantur,
666 1318 694 1340 ut
717 1313 742 1340 in
769 1313 787 1339 Ι.
813 1311 844 1339 D.
871 1312 904 1338 de

117 1353 189 1381 olIic.
207 1354 315 1389 prae-sill.
329 1359 370 1383 est
387 1363 394 1382 :
409 1355 490 1382 valuit
508 1359 596 1382 tamen
625 1362 689 1381 usus
709 1359 738 1381 ut
757 1353 903 1388 provinciis

118 1396 282 1430 quibusdam
304 1397 443 1431 prtcsides,
459 1404 472 1423 a
490 1397 679 1424 consularibus
691 1401 719 1424 et
735 1394 902 1423 correctori-

119 1437 170 1464 bus
183 1437 283 1464 diversi
310 1437 417 1472 illisque
444 1438 599 1472 dignatione
617 1437 772 1470 inferiores,
789 1437 860 1463 unde
876 1439 903 1463 et

119 1476 173 1504 illis
185 1478 212 1504 in
227 1477 245 1504 I.
261 1480 288 1511 8,
303 1485 328 1506 c.
344 1477 396 1505 Th.
412 1478 444 1506 de
461 1478 572 1507 Cohorl.
591 1482 799 1513 postponuutur,
815 1478 904 1511 impo-

120 1524 250 1546 nerentur
263 1527 277 1552 ;.
289 1527 405 1554 cumque
431 1520 587 1547 consulares
602 1519 721 1546 Iascibus
735 1522 826 1545 essent
840 1517 903 1544 illu-

119 1565 201 1592 stres,
215 1560 313 1587 borum
329 1560 400 1587 inter
415 1560 528 1593 insignia
544 1560 641 1588 vexilla
659 1559 818 1594 praesidialia
839 1559 856 1586 I.
875 1559 903 1591 4,

119 1608 149 1628 c.-
157 1602 208 1629 Th.
223 1601 256 1628 ad
277 1601 308 1628 L.
324 1601 377 1628 Jul.
399 1601 433 1629 de
446 1602 546 1628 ambitu
562 1607 590 1629 et
608 1601 742 1628 Notkerus
761 1600 903 1635 Martyrol.

119 1642 190 1677 prid.
206 1642 270 1669 Kal.
287 1642 358 1677 Aug.
379 1648 533 1674 recensent,
546 1650 598 1678 qua
620 1643 653 1670 de
677 1651 706 1669 re
723 1642 742 1669 l.
761 1642 905 1669 Gothofre-

120 1687 181 1712 dus.
201 1683 277 1717 Quod
297 1691 361 1712 vero
379 1684 552 1712 doctissimus
569 1685 679 1711 Dissert.
692 1684 820 1719 Citorogr.
838 1683 903 1711 Ital.

121 1730 228 1753 auctor.
249 1731 278 1760 p.
297 1725 370 1752 XXV
384 1725 490 1757 scribit,
510 1726 560 1753 sub
584 1726 720 1760 provincia
734 1725 864 1760 Ilitodope
877 1726 904 1753 in

121 1765 292 1802 Synecdemo
313 1768 329 1796 7
346 1769 426 1795 urbes
443 1768 589 1803 designari,
608 1768 651 1794 vix
670 1773 759 1795 autem
784 1767 801 1794 5
816 1767 905 1794 nomi-

121 1809 198 1842 nari,
211 1809 236 1837 id
259 1809 399 1837 festinanti
423 1805 558 1837 excidi-sse
574 1809 639 1836 Inibi
656 1809 816 1842 persuadeo.

159 1849 337 1884 Ibid.AIro;-.
362 1851 404 1879 Ab
420 1850 507 1878 Euea
521 1850 658 1878 conditam
682 1851 841 1885 perhibent:
857 1858 905 1878 ve-

122 1900 187 1921 rene
206 1901 240 1920 an
264 1893 385 1921 nominis
405 1892 520 1927 quadam
546 1893 762 1921 conformatione
786 1892 905 1926 impulsi,

121 1935 266 1970 disputant
285 1934 325 1962 CI.
350 1934 500 1962 Salmasius
521 1935 549 1962 in
577 1934 664 1962 Solio.
687 1942 713 1969 p.
740 1932 905 1968 114,11ειιι·ῖ

121 1975 247 2004 Valesius
274 1976 304 2003 in
328 1975 463 2003 Ammian.
489 1983 558 2009 xxu,
588 1976 615 2008 8,
643 1975 714 2002 Picr.
747 1975 907 2003 Valerianus

121 2017 232 2045 Αέηεὶιί.
252 2024 294 2049 ιιι,
318 2016 363 2044 18.
389 2016 505 2044 IIomcro
521 2017 544 2044 si
560 2016 616 2044 litis
635 2017 778 2044 arbitrium
799 2016 901 2044 defero.

123 2064 178 2090 tur,
209 2058 298 2088 Eous
329 2058 417 2086 Ᾱίιιοει
442 2059 516 2093 prior
540 2058 593 2086 erit
624 2067 631 2085 :
664 2059 725 2085 inde
743 2057 843 2085 auxilia
872 2058 906 2085 ad

121 2099 232 2135 Trojam
250 2100 332 2128 mittit
348 2099 425 2127 Iliad.
443 2107 481 2132 iv,
502 2100 554 2127 59.0
568 2108 575 2133 ;
592 2107 723 2134 quorsum
737 2107 798 2126 cum
820 2099 906 2135 IIesy-

121 2141 201 2169 rbius
217 2141 366 2175 respexerit
392 2142 419 2169 in
438 2141 561 2182 Λινοθεν,
584 2140 664 2173 forte,
681 2145 716 2182 ut
727 2146 811 2175 poene
827 2141 906 2182 s'cho-

124 2182 169 2213 lia,
183 2182 238 2209 ἀπὸ
251 2182 332 2209 Atvou
348 2183 466 2217 scripsit.
483 2181 632 2210 Utebantur
647 2181 743 2209 incolae
765 2181 843 2209 cmlo'
858 2182 907 2209 fri-

121 2224 263 2259 gidissimo
279 2232 286 2257 ;
309 2225 484 2258 quamobrem
501 2223 686 2251 'Stralonicus
712 2223 741 2249 ὲν
758 2223 831 2258 Αἴνῳ
853 2222 906 2258 ἔφη

119 2266 184 2298 ¹τοὺς
200 2265 250 2301 μὲν
260 2265 332 2292 ὀκτὼ
354 2266 441 2301 μῆνας
454 2263 524 2293 εἶναι
537 2264 632 2300 ψῦχος,
649 2265 712 2295 τοὺς
728 2263 757 2290 δὲ
773 2264 908 2299 τέτταρας

121 2305 254 2340 χειμῶνα.
278 2304 341 2332 Fuit
364 2304 461 2338 Eous,
480 2305 504 2332 si
521 2312 573 2332 non
596 2303 693 2331 fallunt
714 2304 782 2331 Acta
797 2303 906 2331 concilii

121 2347 256 2381 Cpolitani
269 2346 393 2380 secundi,
409 2346 555 2381 Rhodopes
565 2346 723 2381 metropolis
742 2353 749 2372 :
768 2345 907 2374 collationi

121 2389 195 2416 enim
212 2388 230 2416 8
251 2396 278 2424 p.
296 2388 350 2415 240
366 2387 512 2416 subscribit
530 2387 631 2415 Paulus
648 2387 792 2421 episcopus
810 2386 906 2415 Emo-

121 2437 183 2457 rum
208 2429 364 2464 (maiorum
385 2429 556 2464 oportuerat)
579 2428 738 2463 metropolis
760 2429 907 2462 Rhodopize

121 2471 279 2506 provinciae.
295 2471 355 2498 Noli
369 2476 459 2499 tamen
477 2471 590 2498 credere
609 2476 616 2497 :
633 2477 695 2497 nam
714 2474 741 2497 et
760 2470 852 2498 multa;
867 2470 905 2498 ibi

121 2513 286 2549 metropoles
302 2517 479 2541 recensentur
501 2513 534 2541 de
557 2513 666 2547 quibus,
684 2512 738 2539 nisi
754 2513 908 2540 honoraria:

121 2555 234 2589 fuerint,
251 2555 428 2583 meritissimo
443 2554 560 2583 dubites.
573 2554 689 2582 Constat
703 2553 784 2582 etiam
799 2553 908 2582 aliunde

121 2596 315 2633 Trajanopolin
345 2597 450 2625 caeteris
478 2596 530 2624 hac
554 2597 685 2632 dignitate
713 2595 906 2631 praecelluisse.

120 2639 183 2667 Vid.
209 2639 311 2668 Concil.
330 2639 490 2667 Chalcedon.
509 2643 574 2666 tom.
591 2639 607 2666 8
622 2640 651 2667 C.
668 2639 701 2667 ϐ.
717 2646 745 2674 p.
760 2639 805 2666 9L

155 2682 223 2709 ibid.
239 2682 405 2717 Μαρώνεια.
422 2681 480 2709 Hoc
493 2689 525 2709 ex
537 2681 715 2709 Constantino
731 2681 749 2709 l.
766 2689 797 2713 tt,
810 2681 906 2710 Them.

119 2721 138 2749 2
162 2725 381 2758 praeoptavimus.
403 2723 504 2752 Urbem
527 2724 596 2751 hanc
619 2728 647 2750 et
668 2723 906 2758 llIaxituianopolin

120 2765 186 2791 Acta
210 2766 320 2794 concilii
336 2765 505 2794 Chalcedon.
524 2774 551 2800 p.
566 2766 601 2793 96
619 2765 755 2800 Rhodopa:
771 2766 907 2794 tribuunt.

155 2805 225 2841 Ibid.
240 2809 391 2841 Τόπειρος.
407 2808 489 2836 Recte
501 2809 599 2837 iterum
615 2807 808 2837 Constantinus
823 2808 908 2836 ΟΥΛ-

643 2895 664 2910 ο

628 99 814 130 ADDENDA.
837 111 871 116 -
889 98 922 128 Ρ.
944 99 1199 132 WESSELINGII

1670 99 1751 132 11336

956 155 1034 183 [ΠΛΟ
1049 155 1221 182 ΤΟΠΕΙΡΟΥ
1237 155 1262 182 in
1287 155 1361 183 Geta:
1376 159 1402 182 et
1422 153 1500 183 Iuliae
1522 154 1632 182 Domnte
1647 155 1749 181 ntltnis

952 197 1113 228 cognomine
1138 196 1269 231 superbit.
1297 197 1362 223 Erat
1384 197 1470 224 vicina
1490 197 1568 228 mari,
1586 203 1636 223 nec
1659 197 1747 230 longe

952 238 985 264 ab
1009 238 1173 265 Abderitana
1202 239 1313 266 civitate
1341 239 1496 266 dissociata.
1520 237 1655 267 Rusium.
1685 245 1746 272 quo

952 279 1081 315 deinceps
1096 281 1204 308 nomine
1221 280 1281 311 fuit,
1297 281 1375 311 Anna
1396 280 1519 307 Alexiad.
1538 281 1553 306 Ἰ
1570 288 1596 315 p.
1614 280 1668 306 2ιῖ
1689 279 1744 306 ha-

953 320 998 347 bet
1011 319 1143 356 IIuvioque
1156 323 1292 355 admovet,
1313 322 1360 356 qui
1375 322 1444 349 forte
1458 321 1620 353 Cossinites,
1633 321 1667 348 de
1684 329 1749 355 quo

953 361 986 389 ad
1003 361 1066 390 Itin.
1082 363 1113 390 Δ.
1133 371 1161 397 p.
1178 362 1240 390 32!.
1317 360 1319 363 ’

986 403 1054 432 Ibid.
1078 405 1251 437 Νικόπολις.
1275 405 1352 432 Circa
1378 404 1494 432 Nessum
1524 411 1632 431 amnem
1656 404 1709 431 fuit
1729 412 1738 431 :

953 447 1024 473 unde
1047 446 1195 478 Νικόπολις
1215 447 1231 481 ὴ
1251 447 1315 481 περὶ
1343 446 1444 472 Νέστον
1464 444 1609 474 Ptolemaeo
1627 453 1669 478 III,
1685 445 1737 478 II;

953 488 1043 515 nutnis
1071 488 1175 515 ΟΥΛΠ,
1205 487 1394 515 ΝΙΚΟΠΟΛΙΣ
1421 488 1510 515 ΠΡΟΣ
1533 488 1663 523 ΔΝΕΟΤῼ,
1683 487 1739 514 So-

952 528 1019 555 crati
1032 536 1078 560 ru,
1092 528 1135 562 36,
1148 528 1295 560 Νικόπολις
1303 529 1351 564 τῆς
1361 529 1481 565 Θρᾴκης,
1495 527 1621 556 Thracia:
1634 529 1739 555 laxiore

952 569 1163 604 significatione.
1179 569 1273 598 Serior
1292 575 1358 598 tetas
1374 570 1558 606 Christopolin
1574 569 1692 601 vocavit,
1709 573 1739 596 ut

953 611 1055 639 Scholia
1077 611 1246 639 Coisiiniana
1262 611 1399 639 Ptolemmi
1424 612 1534 640 docent.
1562 610 1624 639 llaec
1645 611 1740 645 itaque

953 658 994 680 est
1012 660 1092 688 quam
1110 654 1176 681 Acta
1195 653 1224 680 S.
1240 653 1368 680 Germani
1381 654 1489 688 signant
1502 661 1526 681 c.
1547 654 1575 686 9,
1593 661 1642 680 nec
1657 653 1740 686 longe

952 694 1083 730 Philippis
1101 700 1250 724 removent.
1267 695 1341 723 Adde
1354 693 1585 731 'I'beophylaclum
1611 693 1643 721 II.
1661 694 1739 721 Mau-

952 737 1002 764 ric.
1019 745 1038 768 t,
1052 738 1077 764 7.

987 778 1055 807 Ibid.
1072 779 1285 814 Κερεόπυργος.
1300 778 1493 806 Constantinus
1516 777 1740 813 Κεραιόπυργος.

951 819 994 846 Jo.
1021 819 1174 848 IIarduinus
1200 820 1322 855 (Emend.
1347 819 1381 846 56
1406 819 1434 846 in
1461 818 1541 846 Plinii
1564 819 1583 845 I.
1599 818 1627 849 4,
1649 826 1672 845 c.
1693 817 1739 853 II}

953 867 1013 887 cnm
1031 860 1186 896 Pyrogeris,
1216 868 1285 896 quos
1315 860 1492 896 Pyrgoceros,
1516 867 1562 888 seu
1578 859 1740 894 permutatis

953 902 1073 937 syllabis,
1101 904 1172 938 quod
1197 903 1291 930 eodem
1315 902 1436 929 recidere
1476 902 1527 933 ait,
1551 900 1742 935 Cercopyrgos

953 951 1014 972 esse
1032 945 1119 980 jubet,
1136 944 1283 980 componit.
1302 944 1366 971 Mihi
1393 944 1472 979 longe
1497 951 1529 971 ea
1555 943 1734 970 confidentia.

955 987 1055 1015 Vellem
1067 987 1204 1014 docuisset
1216 994 1230 1013 a
1245 985 1415 1020 Cereopyrgo
1428 985 1502 1012 cires
1515 984 1607 1019 gentili
1623 983 1737 1011 nomine

952 1029 1135 1063 Cereopyrgos
1154 1032 1226 1055 recte
1248 1028 1388 1062 appellari.
1405 1027 1459 1060 Ego
1481 1033 1616 1060 nusquam
1632 1025 1736 1053 Cerco-

953 1077 1066 1106 pyrgum
1081 1069 1200 1104 reperire
1218 1070 1341 1096 memini.
1356 1069 1406 1095 nisi
1420 1069 1441 1095 si
1458 1068 1543 1095 lateat
1553 1068 1579 1094 in
1593 1067 1740 1102 qutom't-

953 1121 1008 1148 ρων
1020 1111 1140 1142 castello,
1166 1111 1237 1145 quod
1266 1111 1292 1137 in
1321 1111 1451 1146 Rhodope
1469 1110 1616 1144 Procopius
1645 1109 1734 1136 Aidif.

953 1153 1051 1181 J’ttstin.
1069 1153 1096 1185 4,
1113 1153 1156 1184 II,
1170 1152 1309 1179 describit.

988 1195 1055 1222 Ibid.
1082 1195 1152 1222 Ὑπὸ
1168 1193 1397 1228 κονσουλάριον.
1412 1191 1632 1221 CONSULARIS
1655 1190 1738 1218 PRO-

953 1236 1081 1266 VINCIE
1097 1235 1259 1264 TIIRACIE
1284 1240 1325 1263 est
1341 1236 1366 1262 in
1384 1235 1481 1263 Thess.
1505 1243 1531 1270 p.
1549 1233 1708 1267 CCCLXIII,
1721 1233 1743 1259 Ξ

953 1283 980 1307 et
996 1279 1079 1306 Notit.
1095 1279 1160 1312 imp.
1177 1277 1282 1305 Orient.
1301 1285 1325 1304 c.
1340 1277 1365 1304 I.

987 1313 1054 1341 Ibid.
1072 1310 1178 1346 Πόλὲις
1194 1315 1226 1339 δ’.
1249 1312 1349 1339 Otones
1368 1312 1416 1339 has
1442 1311 1523 1338 urbes
1537 1311 1658 1346 prmlerit
1674 1310 1738 1338 cod.

954 1354 1044 1388 Vulc.,
1064 1354 1127 1382 huic
1141 1354 1287 1389 provinciae
1297 1354 1393 1388 oppida
1413 1352 1609 1392 Hzrtnimontis,
1624 1352 1665 1390 illi
1675 1359 1741 1379 vero

954 1396 1054 1424 Mmsiat
1073 1396 1258 1424 conlribuens.
1275 1395 1362 1423 West.
1383 1394 1485 1429 Proleg.
1504 1402 1530 1428 p.
1549 1394 1611 1422 630.

990 1436 1057 1464 Ibid.
1072 1437 1175 1471 Βερόη.
1193 1437 1308 1464 I’uIchre
1323 1437 1358 1464 ita
1374 1435 1567 1463 Constantinus
1579 1434 1634 1468 [Ξῖ
1647 1432 1738 1460 'I'hrm.

954 1479 980 1510 I,
998 1485 1048 1505 nee
1060 1478 1172 1505 dissidet
1193 1478 1360 1506 Sozomenus
1386 1477 1419 1504 II.
1434 1477 1463 1504 E.
1481 1478 1507 1510 4,
1520 1477 1563 1509 Il,
1584 1484 1645 1504 cum
1660 1475 1740 1502 Libe—

954 1520 1023 1546 rium
1043 1519 1082 1550 εις
1100 1519 1202 1554 Βερόεν
1217 1520 1266 1554 τῆς
1281 1519 1392 1554 Θρᾴκης
1409 1518 1557 1553 relegat-um
1576 1517 1669 1544 tradit.
1689 1516 1740 1542 Se-

954 1559 1096 1586 bastianus
1121 1558 1212 1593 Episc.
1240 1559 1291 1593 τῆς
1321 1558 1452 1594 Βεῤῥοίας
1480 1557 1596 1593 (Βερόης
1619 1563 1645 1591 p.
1672 1556 1741 1590 057)

954 1599 1077 1627 Thracia:
1097 1600 1212 1627 concilio
1226 1600 1389 1627 Chalcedon.
1405 1599 1493 1634 p.624
1509 1598 1605 1626 adfuit.
1623 1598 1657 1626 Ut
1671 1597 1740 1624 adeo

955 1640 1103 1669 condonari
1123 1641 1167 1668 vix
1195 1641 1283 1676 possit
1311 1640 1342 1668 C.
1372 1648 1386 1667 a
1411 1640 1440 1667 S.
1465 1640 1547 1667 Paulo
1574 1639 1738 1675 negligentia

955 1691 1007 1719 qua
1025 1684 1119 1711 urbem
1144 1683 1295 1718 pra-.teriit;
1320 1690 1381 1717 qua:
1403 1687 1492 1710 tamen
1515 1682 1552 1709 illi
1566 1689 1627 1709 cum
1648 1680 1740 1708 tuultis

955 1725 1106 1753 communis
1121 1728 1174 1752 est.
1189 1723 1306 1759 Augusta
1325 1724 1415 1755 Irene,
1430 1728 1571 1758 postquam
1585 1722 1742 1757 prolapsam

955 1767 1131 1799 excitaverat,
1150 1765 1302 1800 Irenopolin
1333 1765 1497 1800 appetlavit,
1519 1764 1686 1799 Theophane
1710 1771 1737 1798 p.

955 1809 1008 1836 585
1023 1813 1142 1836 auctore.
1166 1807 1203 1835 De
1225 1807 1278 1835 situ
1300 1807 1334 1834 ad
1356 1807 1418 1834 ltiti.
1431 1807 1464 1833 A.
1477 1814 1503 1841 p.
1521 1806 1571 1834 231
1588 1806 1738 1841 disputavb

956 1857 1027 1878 “IIIS.

990 1891 1056 1920 Ibid.
1073 1891 1323 1923 Σεϐαστούπολις.
1341 1890 1419 1917 Hanc
1432 1890 1520 1918 adhuc
1532 1897 1634 1925 qurere.

992 1933 1060 1961 Ibid.
1083 1933 1234 1964 Διόπολις.
1253 1933 1395 1964 Atos-trait;
1410 1933 1594 1967 praestiterat:
1616 1930 1742 1958 famosus

955 1980 997 2004 est
1011 1975 1069 2010 eius
1077 1975 1111 2002 ob
1122 1974 1318 2008 impudicitiam
1331 1975 1473 2008 episcopus
1485 1973 1648 2006 Alemnder,
1661 1973 1675 1998 ὁ
1686 1971 1744 1999 ἀπὺ

956 2016 1017 2048 Διὸς
1040 2015 1143 2047 πόλεως
1165 2015 1213 2050 τῆς
1232 2015 1342 2050 Θρᾴκης
1366 2015 1480 2050 ὀνόματι
1500 2014 1675 2048 Ἀλέξανδρος
1695 2012 1740 2040 lo.

956 2058 1062 2087 Malalac
1077 2063 1141 2084 tom.
1159 2057 1192 2088 II.
1211 2065 1237 2091 p.
1252 2057 1315 2090 I67,
1335 2057 1381 2084 ubi
1395 2061 1424 2084 ut
1440 2056 1503 2092 quid
1516 2056 1565 2083 abs
1581 2055 1742 2083 Cbilmeado

956 2103 1118 2129 mutaretur,
1134 2098 1201 2126 nihil
1217 2106 1330 2126 necesse
1346 2097 1446 2126 fuerat.

992 2140 1060 2168 Ibid.
1095 2139 1346 2174 Ἀδριανούπολις.
1375 2138 1523 2167 Provinciae
1554 2137 1742 2166 Haemimontis

956 2187 1017 2212 erat
1029 2182 1205 2216 metropolis;
1226 2182 1296 2209 unde
1314 2181 1406 2208 coilat.
1436 2180 1453 2208 8
1477 2181 1584 2208 concilii
1608 2180 1741 2208 Constan-

958 2226 1043 2260 tinop.
1062 2232 1088 2258 p.
1107 2223 1160 2250 240
1175 2232 1181 2249 :
1200 2223 1316 2250 Joannes
1331 2223 1419 2258 gratia
1434 2223 1481 2250 Dei
1498 2223 1633 2258 episcopus
1645 2221 1742 2248 Adria-

958 2267 1170 2302 nopolitanorum
1190 2265 1390 2292 eminentiorem
1417 2265 1560 2298 provincia:
1583 2263 1740 2295 subscribit,

957 2316 1006 2344 pro
1023 2307 1268 2335 Iltemi'montt'arum
1287 2314 1334 2333 seu
1348 2307 1528 2334 Htemt'ntonti.

993 2350 1059 2377 Ibid.
1083 2349 1244 2383 Ἀγχιαλος.
1273 2348 1355 2376 ﬂecte
1387 2349 1424 2376 ita
1451 2348 1645 2376 Constantinus
1670 2347 1688 2374 I.
1712 2355 1740 2379 rt,

958 2392 1049 2420 Them.
1077 2391 1111 2423 Ι,
1128 2394 1155 2417 ct
1174 2398 1234 2417 mox
1261 2390 1400 2422 Δεϐελτὸς,
1430 2391 1463 2418 de
1487 2398 1542 2425 qua
1568 2395 1683 2424 utraque
1707 2390 1740 2416 ad

956 2433 1021 2460 Ant.
1038 2433 1100 2460 Itin.
1118 2439 1144 2466 p.
1159 2431 1213 2459 929
1226 2432 1341 2459 concilio
1355 2431 1492 2467 Ephesino
1508 2431 1595 2459 adfuit
1618 2431 1742 2458 Athana-

957 2476 1014 2503 sius
1043 2474 1193 2505 ἐπίσκοπος
1220 2473 1269 2508 τῆς
1292 2474 1364 2500 κατὰ
1387 2473 1517 2501 Δουελτδν
1541 2474 1589 2501 καὶ
1615 2473 1742 2505 Σωζόπο-

956 2517 1008 2543 λιν’
1025 2516 1096 2551 quod
1110 2520 1270 2550 argumento
1283 2521 1325 2543 est
1338 2516 1384 2543 uni
1399 2516 1527 2551 episcopo
1542 2516 1615 2543 dicto
1629 2516 1743 2543 audien-

958 2563 999 2586 lcs
1021 2558 1124 2590 fuisse;
1149 2565 1211 2592 quae
1236 2558 1305 2585 forte
1326 2565 1408 2585 causa
1433 2561 1474 2584 est
1494 2565 1578 2592 quare
1602 2557 1744 2592 Sozopolis

959 2601 1005 2628 hic
1023 2599 1183 2635 negligatur.
1201 2599 1299 2627 Habuit
1319 2603 1409 2626 tamen
1436 2599 1566 2634 deinceps
1592 2607 1670 2626 suum
1691 2599 1743 2626 sibi

958 2642 1120 2678 praesulem:
1146 2648 1210 2668 nam
1236 2641 1337 2676 Πέτρος
1351 2641 1400 2676 τῆς
1422 2638 1615 2672 Σωζοπολιτῶν
1642 2640 1745 2672 πόλεως

958 2684 1009 2718 τῆς
1025 2682 1215 2718 Δίμιμοντιων
1234 2682 1368 2718 ἐπαρχίας
1397 2683 1514 2710 concilio
1538 2684 1587 2716 Cp.
1612 2683 1691 2710 tertio
1717 2690 1743 2716 p.

958 2725 1009 2753 507
1036 2724 1169 2751 interfuit.

995 2766 1061 2794 Ibid.
1079 2765 1209 2799 Τζοΐδης.
1228 2765 1425 2793 Constantinus
1439 2765 1561 2797 Τζὸἳδος,
1580 2765 1625 2792 ubi
1646 2765 1743 2792 Morel-

962 2810 1014 2843 Ius,
1040 2808 1195 2836 Inattdituut
1209 2816 1218 2835 .'
1234 2806 1358 2839 numquid
1387 2806 1531 2835 thtrulttm
1559 2808 1597 2836 cel
1615 2807 1745 2836 Zur-uiuat
