1911 3071
177 121 245 156 1083

177 182 265 217 posito
281 181 331 210 loci
359 190 455 209 nomen
471 190 531 210 esse
545 192 552 216 ς
572 189 726 217 quanquam
741 191 802 210 eum
822 185 962 216 hucusque

176 225 275 250 frustra
291 224 415 259 quzcsivi.
429 224 465 252 De
480 225 600 259 Axiopoli
617 226 650 251 ad
670 225 732 252 Itin.
751 225 783 252 A.
801 232 829 259 p.
845 224 908 251 9.24.

209 266 270 294 Col.
286 266 346 293 IH.
364 266 528 294 Καπίὸασα.
545 266 590 294 Sic
606 272 715 302 praestat
730 274 745 294 e
765 275 830 295 mss.
849 272 876 294 et
892 266 964 294 Con-

170 309 296 336 ‘stantino
311 309 346 336 ob
355 310 416 337 ltiti.
429 310 460 337 A.
472 318 645 338 consensum.
660 310 786 337 Morellus
797 317 858 337 cum
869 309 962 337 Comi-

169 351 242 387 1clava
265 351 402 380 Ptolemaei
433 352 497 380 Itin.
514 361 554 386 ιιι,
572 353 588 380 8
618 354 712 380 eadem
729 357 832 385 censet,
853 352 963 380 Daciam

177 393 313 422 I‘tolemmi
329 403 389 421 cum
407 394 516 431 Scythia
537 395 691 422 confundit.

212 436 278 464 Ibid.
297 437 426 471 Κάρσος.
452 438 564 473 Κάριτος
583 438 653 465 male
677 437 880 465 Constantinus.
902 437 962 464 V'id.

179 479 244 506 Itin.
275 478 308 506 A.
345 488 370 515 p.
395 480 449 506 22I
474 485 499 507 et
524 487 594 515 seq.,
622 480 666 507 ubi
691 484 718 507 et
743 480 783 507 Ine
806 479 888 507 urbes
921 486 965 506 re-

175 527 333 550 CCIISHIIIIII'.

213 563 282 590 Ibid.
311 563 463 598 'AJyvp/c.
494 563 554 591 Vita
586 563 614 591 S.
646 563 761 598 Epicteti
790 567 816 590 et
843 563 964 589 Astionis

175 613 199 632 c.
215 605 230 633 6
244 615 252 634 :
268 605 301 632 In
321 605 478 640 Scyllmrum
494 605 558 638 ﬁnes
576 606 688 640 ingressi
709 605 736 631 in
754 604 964 639 Almyridensem

176 648 306 674 civitatem
323 648 492 674 devenerunt.
517 647 546 674 Si
570 647 682 676 Morello
705 647 806 678 credis,
836 654 890 674 ι;οιι
911 646 963 672 alia

178 689 313 724 Ilalmyris
329 693 370 716 cst
384 696 416 716 ac
434 689 634 723 Salmydessrrs,
654 696 740 723 neque
754 688 780 715 in
795 688 905 714 dubium
918 695 965 714 vo.

176 731 232 757 cari
248 738 326 765 posse
343 735 436 765 putat;
449 735 477 758 et
492 735 582 758 tamen
597 731 772 758 falsissimum
784 736 836 757 est.
851 729 963 765 Ilalmy-

177 774 215 800 ris
237 773 263 800 in
283 773 376 800 ultima
398 773 448 801 fuit
463 773 573 808 Scythia
596 772 730 807 Procopio
751 772 841 807 /Edif.
860 772 962 799 Jiutin.

176 825 214 847 ιν,
231 816 246 842 7
262 820 384 847 auclore,
405 815 529 850 proxima
553 816 621 843 Istro
643 815 742 848 ﬂuvio;
773 814 963 850 Salmydessus

176 865 241 885 vero
255 857 312 885 sive
333 856 527 893 Ilalmydessus
546 858 704 885 vastissimo
720 862 853 884 terrarum
875 861 961 883 tractu

176 899 238 927 inde
263 899 410 926 dissociata
434 904 460 926 et
488 898 573 927 Ponto
602 899 628 926 in
652 898 742 926 Astica
772 899 882 933 regione
905 899 963 926 sive

177 940 305 980 Ithodope
318 940 457 975 provincia
472 941 608 977 apposita.
622 940 682 968 Vid.
699 940 807 967 Arriani
825 939 962 975 Periplum

175 983 247 1010 circa
262 983 356 1010 tinem.

209 1024 277 1052 Ibid.
292 1024 438 1059 Ἐπαρχία
446 1023 623 1058 Ὶλλιιοικοῦ.
636 1022 699 1050 Haec
707 1026 734 1050 et
745 1026 890 1056 sequentes
900 1029 963 1057 pro-

175 1066 271 1094 vincia:
281 1065 410 1100 praefecto
421 1066 547 1100 przetorio
555 1064 654 1101 Illyrici
670 1065 798 1092 suberant
811 1064 963 1099 :complec-

175 1108 281 1135 tebatur
287 1109 358 1135 enim
367 1107 502 1144 Illyricum
509 1107 640 1134 orientale
646 1105 829 1134 Macedoniam
837 1107 962 1141 prhnam,

175 1149 322 1176 secundant
336 1157 398 1184 quie
413 1154 440 1177 et
457 1149 595 1180 salutaris,
618 1148 798 1182 Thessaliam,
822 1148 962 1181 Achaiam,

177 1190 300 1222 Cretam,
319 1190 430 1226 Epirum
448 1196 567 1218 veterem
581 1195 609 1218 et
628 1198 737 1223 novam,
749 1190 859 1218 Daciam
877 1191 963 1218 medi-

176 1237 330 1260 terraneam
355 1237 384 1260 et
405 1232 554 1266 ripensem,
575 1231 737 1258 Dardaniam
760 1237 787 1259 et
812 1231 963 1264 Prievalim,

175 1273 404 1307 quemadmodum
419 1272 526 1300 Nomia
541 1273 606 1307 imp.
623 1272 726 1301 Orieut.
743 1281 768 1301 c.
793 1274 806 1301 I
827 1279 852 1301 et
863 1273 899 1301 21
918 1273 964 1301 do-

174 1320 228 1342 cet.
240 1315 356 1343 Additur
369 1316 404 1344 ab
420 1315 544 1344 Hierocle
559 1315 710 1349 Pannonia,
720 1316 790 1350 quod
806 1323 866 1344 eam
878 1322 965 1351 nuper

170 1357 355 1391 Justinianus,
367 1362 397 1386 ut
414 1359 440 1386 in
461 1358 571 1386 Novella
590 1358 619 1385 II
638 1364 691 1391 est,
705 1359 884 1393 reciperarat.

209 1400 277 1429 Ibid.
299 1401 521 1434 Θεσσαλονίκη.
538 1399 604 1427 Erat
622 1399 816 1430 Thessalonice
829 1404 964 1434 metropo-

174 1444 209 1471 lis
233 1448 262 1472 et
295 1449 378 1479 caput
402 1443 605 1478 provinciarum
627 1450 688 1478 quae
712 1443 762 1470 sub
787 1443 964 1477 dispositione

175 1485 295 1520 praefecti
310 1485 439 1521 ιιι-πιοτἰο
453 1485 552 1521 Illyrici
568 1489 656 1512 erant.
668 1484 867 1517 'I‘heodoretns,
879 1484 913 1512 ΙΙ.
929 1484 962 1512 E.

174 1527 469 1562 ν,1Ἱ;Θεσσαλονικη
492 1526 568 1554 πόλις
591 1527 650 1553 ἐστὶ
675 1527 791 1562 μεγίστη
818 1527 866 1553 καὶ
883 1526 965 1553 πελεν

175 1568 330 1603 ἅνθρωπος,
351 1569 391 1600 εις
410 1568 460 1603 μὲν
489 1568 521 1594 τὸ
548 1568 712 1595 Μακεδόνων
737 1568 814 1600 ἔθνος
837 1569 963 1602 τελοῦσα,

175 1609 317 1645 ἡγουμένη
332 1610 360 1636 δὲ
375 1609 424 1636 καὶ
443 1609 592 1640 Θετταλίας
616 1611 663 1636 καὶ
683 1610 795 1644 ’Δχαῖας
813 1610 860 1636 καὶ
873 1611 964 1645 μέντοι.

176 1651 225 1677 καὶ
243 1650 332 1678 ἄλλων
344 1650 515 1687 παμπόλλων
531 1650 626 1683 ἐθνῶν,
641 1652 691 1678 ὅσα
705 1651 759 1678 τῶν
767 1651 903 1687 Ἰλλυρίων
918 1653 964 1678 τὸν

176 1692 301 1727 ὕπαρχον
321 1692 472 1728 ἡγούμενον
500 1692 566 1727 ἔχει.
586 1693 651 1720 Vide
668 1693 750 1720 IIenI‘.
773 1693 910 1720 Valesiunt
931 1693 964 1720 ad

175 1734 315 1761 Socratem
340 1734 377 1762 II.
393 1733 427 1762 Ε.
442 1743 468 1767 v,
486 1734 531 1767 II,
546 1739 574 1762 et
590 1734 620 1762 P.
636 1735 670 1762 de
688 1734 778 1762 Mare:
803 1733 917 1762 Dissert.
933 1735 965 1762 de

177 1776 319 1804 I'rimatib.
332 1776 378 1809 57,
391 1783 445 1805 etc.

211 1826 280 1854 Ibid.
292 1827 445 1861 Εὕρωπος.
469 1827 532 1855 Dum
554 1832 617 1854 sunt
637 1827 688 1855 hoc
710 1827 820 1855 nomine
833 1827 859 1854 in
878 1826 966 1855 Macc-

175 1868 257 1895 donia
271 1869 406 1901 civitates,
419 1869 503 1897 altera
520 1869 545 1895 in
561 1870 703 1904 Almopiis,
720 1869 804 1896 altera
822 1869 856 1896 ad
868 1869 965 1896 Axium

175 1910 287 1937 llumcn.
306 1909 426 1946 Utraque
446 1918 477 1938 ex
495 1911 642 1940 Ptolemaeo
664 1916 691 1940 et
715 1911 802 1938 Plinio
825 1911 965 1938 notissima

175 1957 227 1979 est.
247 1951 306 1980 Mox
321 1952 382 1979 Δίον
397 1954 567 1988 pra-stiterit,

214 2000 280 2029 Ibid.
299 2002 434 2036 Βεῤῥοίιι.
449 2001 492 2029 Sic
507 2002 714 2034 Constantinus,
729 2001 775 2029 lib.
793 2010 812 2030 tt
828 2002 918 2030 Tliem.
931 2002 965 2036 2;

175 2051 230 2078 qua
246 2043 279 2071 de
295 2051 323 2071 re
338 2044 440 2071 dictum
456 2044 523 2072 alias
542 2049 593 2072 est.

213 2091 433 2126 Ihid.’E'op6u’a.
451 2093 506 2119 Iloc
523 2098 552 2119 ut
568 2093 659 2120 verius
675 2093 709 2120 ob
721 2092 875 2129 Polybium,
898 2101 965 2124 λντι,

178 2133 212 2161 19
243 2134 322 2168 elegi.
352 2133 435 2169 Vidgo
466 2135 589 2170 Ἐορδέα,
621 2134 801 2162 Constantino
822 2134 966 2169 Ἐορδαῖοι.

178 2174 307 2210 Regionis
328 2180 369 2202 est
391 2175 554 2203 Macedonia:
579 2184 689 2208 nomen,
713 2183 765 2202 non
790 2176 888 2204 urbis:
905 2183 966 2204 nam

176 2216 381 2245 .Io.lIarduinus
396 2217 429 2244 ad
447 2217 527 2244 Plinii
542 2217 559 2245 Ι.
575 2225 613 2249 tv,
626 2226 652 2245 c.
669 2219 711 2250 10,
726 2217 858 2244 Eordeam
872 2218 966 2246 urbem

176 2267 210 2286 ex
226 2258 302 2286 Livio
321 2265 473 2287 memorans
494 2268 508 2287 a
533 2267 597 2287 vero
617 2260 766 2287 aberravit.
798 2259 867 2288 Vide
887 2259 968 2287 modo

178 2301 394 2335 prmstautissimi
424 2302 568 2337 scriptoris
593 2301 611 2328 I.
636 2310 711 2332 xxxt.
735 2309 761 2329 c.
781 2301 815 2329 59
836 2307 861 2328 et
879 2302 923 2332 10,
941 2306 968 2329 et

178 2343 196 2370 I.
214 2350 279 2374 Lm,
301 2351 326 2371 c.
342 2343 389 2376 55,
400 2348 428 2371 et
441 2344 506 2371 nihil
524 2343 668 2372 dubitabis.
692 2344 800 2379 Ἐορδεα
815 2343 967 2379 Thucydidi

176 2392 209 2418 ιι,
223 2385 269 2413 99.

215 2433 282 2462 Ibid.
301 2434 414 2469 Κέλλη.
426 2434 516 2462 Placet
528 2434 580 2462 hoc
593 2438 690 2469 praeter
707 2441 773 2462 mss.
789 2434 969 2462 Constantino

179 2477 353 2512 imperatori;
381 2486 466 2512 neque
490 2485 541 2512 ego
560 2485 610 2512 pro
635 2477 748 2511 rejiculo
773 2478 914 2506 habuerim
935 2479 970 2505 ob

179 2519 268 2548 Cellas
284 2520 351 2547 Itin.
372 2520 407 2547 ιι.
426 2528 452 2555 ρ.
466 2520 528 2547 eoo.

215 2567 283 2595 Ibid.
310 2569 473 2604 Ἀλμωπία.
487 2569 561 2596 Bene
581 2568 618 2596 ita
637 2568 756 2596 correxit
771 2567 928 2596 Ilardninus
944 2569 969 2595 in

179 2608 259 2637 Plinii
275 2610 293 2637 I.
309 2618 346 2641 tv,
358 2618 382 2638 c.
396 2611 439 2638 10.
457 2610 586 2644 Regionis
603 2618 700 2638 nomen
717 2615 769 2643 est,
783 2611 860 2646 eujus
876 2611 970 2638 ineolcc

182 2652 331 2687 ’Λλμωπες
347 2652 498 2688 Thucydidi
515 2661 544 2686 It,
561 2653 605 2681 99.

217 2701 284 2728 Ibid.
303 2701 451 2736 AlelO'O'a.
472 2702 603 2730 lixsulare
632 2703 702 2730 hanc
728 2710 760 2730 ex
790 2702 970 2730 Constantino

182 2741 200 2769 I.
215 2750 233 2770 ιι
252 2742 341 2770 ΤΙιεηι.
364 2744 397 2775 2,
426 2746 469 2771 ubi
491 2744 630 2773 Ilieroclcs
657 2745 832 2776 exscribitur,
868 2746 971 2772 monuit

183 2783 214 2811 L.
231 2784 398 2814 IIosteinius.
423 2787 502 2814 Forte
526 2796 578 2815 non
597 2788 686 2815 male:
707 2796 793 2821 neque
810 2787 881 2815 enim
902 2793 971 2814 tuter

183 2826 317 2858 Larissas,
333 2836 400 2862 quas
412 2830 572 2857 scholiastes
582 2830 715 2863 Apollonii
733 2829 842 2862 Rho-lii,
860 2839 878 2861 I,
891 2830 932 2862 I0,
946 2836 973 2857 et

185 2869 337 2904 Stephanus
356 2876 526 2904 enumerant,
543 2873 596 2899 ulla
613 2878 653 2900 est
669 2881 728 2908 quzc
741 2873 773 2900 ad
787 2873 969 2902 Macedoniam

701 125 891 156 ADDENDA.
914 137 946 142 -
969 124 1003 156 P.
1032 125 1289 157 WESSELINGII

1744 126 1837 160 1081

1017 181 1086 211 hanc
1104 183 1199 212 referri
1219 186 1326 219 possit:
1348 185 1399 214 nisi
1421 185 1444 214 si
1463 193 1495 214 ea
1518 185 1599 213 fuerit
1614 193 1698 221 quam
1719 186 1775 214 hic
1803 187 1835 213 in

1016 223 1084 252 Ossa
1104 226 1231 254 collocat.

1053 266 1120 294 Ibid.
1145 268 1275 296 Λάκκου.
1300 268 1357 297 Hoc
1379 269 1587 303 Constantinus,
1606 271 1718 298 Λαόκου
1745 279 1831 298 mss.

1015 307 1181 341 prmferunt:
1197 315 1287 338 utrum
1303 311 1395 339 verius
1419 312 1466 345 sit,
1490 319 1544 340 non
1573 317 1675 341 temere
1698 313 1830 340 dixero.

1016 349 1120 389 Tamen
1135 351 1233 387 ecquid
1253 352 1315 380 inde
1329 353 1452 389 exsculpi
1467 353 1553 389 possit
1572 361 1741 388 quaeramus.
1765 354 1830 380 In-

1017 381 1188 435 tfliigendam
1212 401 1272 422 esse
1290 381 1446 423 Heracleam
1467 381 1632 435 Pelagoniae,
1661 396 1827 423 concilium

1016 432 1222 470 Constantinop.
1241 438 1391 465 secundum
1409 432 1551 466 ostendit':
1565 437 1713 465 subserin
1735 439 1826 465 enim

1017 475 1106 503 tollat.
1123 476 1153 507 8,
1171 485 1198 512 p.
1216 478 1278 510 528,
1297 478 1429 515 Benigno:
1455 479 1657 508 llerocleolomz
1679 480 1824 510 εἱυίιαιίς.

1017 525 1074 551 qua:
1086 523 1123 545 est
1142 519 1236 552 priim‘e
1254 519 1432 553 Macedonia},
1453 522 1605 556 episcopus,
1626 523 1709 549 vicem
1728 530 1824 556 agens

1018 557 1086 586 Elim
1104 561 1297 596 archiepiscopi
1313 561 1588 590 Tlteuoloniccnrium
1603 564 1740 596 civitatis;
1767 564 1823 597 qui

1016 600 1112 629 Collat.
1128 601 1284 638 IBcnignus
1297 603 1435 632 Heraclea:
1445 604 1597 640 Pelagoniae
1612 605 1723 634 dicitur.
1735 605 1824 632 Nihil

1018 642 1146 670 Heraclea
1163 643 1222 672 haec
1234 645 1369 680 discrepat
1384 646 1418 674 ab
1431 646 1476 674 illa
1490 653 1571 681 quam
1581 646 1758 680 Ptolemaeus,
1771 655 1820 678 ιιι,

1017 685 1051 711 13
1067 685 1093 712 in
1109 685 1271 720 Lyncestide
1287 688 1373 721 ponit,
1403 689 1456 716 sita
1480 688 1580 724 quippe
1609 689 1636 716 in
1662 689 1821 722 utriusque

1016 727 1133 763 regionis
1150 728 1266 761 ﬁnibus;
1285 737 1345 764 qua:
1358 737 1437 758 causa
1467 736 1509 758 est
1529 738 1578 758 cur
1592 730 1727 762 Norisius,
1752 730 1822 757 Di:-

1016 774 1079 796 sert.
1107 771 1139 797 de
1160 769 1267 805 Synodo
1287 770 1319 802 V,
1334 778 1360 798 et
1382 780 1433 806 ego
1455 772 1537 799 nitnis
1562 771 1598 799 illi
1623 772 1757 799 credulus
1779 772 1821 798 ad

1016 813 1080 839 Ant.
1100 811 1161 840 Itin.
1179 820 1206 847 p.
1219 814 1281 844 319.
1294 821 1326 841 ex
1341 815 1415 842 Actis
1431 815 1538 843 concilii
1551 814 1718 841 Chalcedon.
1733 821 1763 848 p.
1778 814 1821 841 98

1018 853 1171 889 Dionysium
1195 855 1353 890 episcopum
1375 855 1513 884 Heraclea:
1529 855 1722 890 Lyncestidum
1747 855 1820 882 huic.

1016 895 1077 922 urbi
1105 895 1275 930 imposuerit,
1300 897 1327 924 in
1343 905 1405 924 eum
1429 904 1550 925 errorem
1576 897 1673 925 Latina
1699 897 1819 924 consilii

1016 938 1140 966 versione
1156 938 1305 973 impulsus;
1323 947 1410 975 neque
1430 940 1502 968 enim
1524 940 1548 967 is
1567 939 1706 968 Heraclea:
1722 939 1818 966 Mace—

1016 978 1104 1007 doniae
1118 980 1225 1015 primae,
1241 981 1283 1008 cui
1299 980 1530 1009 Chalcedonensis
1545 982 1655 1009 concilii
1685 986 1817 1015 tempore

1016 1020 1162 1053 Quintillus
1187 1027 1301 1057 prmerat
1331 1029 1364 1050 ex
1393 1024 1469 1051 Actis
1502 1024 1680 1056 notissimus,
1707 1023 1816 1057 prasnl

1016 1063 1076 1094 fuit.
1095 1064 1141 1092 sed
1155 1064 1291 1093 Heraclea:
1302 1065 1389 1092 Latini
1407 1066 1433 1093 in
1447 1066 1538 1097 Caria,
1553 1071 1581 1093 ut
1591 1065 1684 1093 σηοω
1700 1065 1769 1092 inibi
1783 1070 1815 1092 et

1017 1114 1043 1140 p.
1065 1105 1118 1133 667
1135 1107 1266 1135 iudicant.
1289 1106 1349 1135 Jam
1368 1115 1429 1135 cum
1445 1106 1573 1135 Heraclea
1591 1108 1648 1135 [nec
1663 1107 1812 1134 ΛΥΝΚΗ-

1017 1148 1136 1174 ΣΤΙΔΟΣ
1151 1149 1289 1176 diceretur
1300 1154 1327 1176 et
1345 1148 1488 1184 Pelagonia
1515 1149 1591 1185 regio
1619 1149 1654 1176 ab
1682 1148 1815 1176 IIierocle

1017 1190 1180 1218 Macedonia
1199 1190 1325 1218 secundae
1345 1191 1555 1224 eontribuatur,
1582 1191 1697 1219 fortasse
1719 1191 1814 1218 ΛΑΚ-

1016 1232 1088 1259 ΚΟΥ
1109 1232 1218 1259 titulum
1231 1232 1295 1260 inde
1306 1231 1410 1260 librarii
1422 1251 1430 1265 ,
1446 1239 1508 1260 eum
1531 1233 1558 1260 in
1574 1233 1672 1260 mendo
1686 1234 1813 1260 vocabu-

1016 1273 1071 1301 lum
1088 1278 1171 1306 esset,
1188 1274 1267 1302 nobis
1285 1273 1465 1309 reliquerunt,
1483 1279 1513 1301 ut
1528 1274 1612 1302 multa
1628 1274 1690 1302 alia.

1052 1315 1119 1343 Ibid.
1143 1316 1298 1351 Ἄντατνία
1311 1316 1472 1351 Γεμινδου.
1486 1316 1694 1348 Constantinus,
1709 1316 1810 1344 Ἀντα-

1016 1358 1070 1390 vis,
1086 1358 1232 1393 Γέμινδος·
1252 1358 1350 1392 quibus
1367 1365 1417 1393 εει)
1435 1358 1592 1386 nominibus
1603 1357 1631 1385 in
1649 1357 1809 1386 Macedonia

1017 1400 1100 1427 urbes
1115 1399 1213 1434 legisse
1228 1407 1281 1427 non
1296 1399 1433 1427 recordor.
1444 1398 1596 1427 Videndum
1611 1404 1654 1427 est
1669 1407 1702 1427 an
1719 1400 1810 1427 ’Λντιο

1016 1441 1110 1475 γόνεια
1130 1441 1296 1475 Μυγδονίας,
1320 1441 1354 1469 de
1369 1448 1422 1476 qua
1446 1440 1552 1468 Plinius
1565 1440 1727 1469 Ptolemazus
1742 1441 1808 1470 Ste-

1017 1484 1123 1519 phanus
1141 1488 1224 1518 atque
1235 1483 1292 1516 alii,
1307 1483 1369 1511 huic
1383 1483 1517 1518 originem
1532 1483 1650 1511 dederit.

1051 1525 1118 1553 Ibid.
1134 1525 1272 1559 Νικέδης.
1285 1524 1405 1552 Nicetam
1418 1524 1542 1553 Thraciae
1555 1525 1651 1552 urbem
1665 1533 1697 1553 ex
1708 1525 1727 1553 I.
1742 1534 1808 1554 xum:

1017 1567 1089 1595 "ist.
1103 1567 1214 1595 Misrell.
1227 1567 1294 1595 Abr.
1304 1567 1423 1595 Ortelius
1433 1566 1575 1595 Thesauro
1589 1568 1703 1596 inseruit
1715 1578 1722 1596 :
1733 1577 1805 1602 eam.

1016 1611 1039 1638 si
1053 1611 1131 1638 bona:
1146 1611 1207 1639 tidci
1221 1615 1304 1643 esset,
1329 1611 1383 1638 huc
1406 1617 1588 1638 arcesserem.
1606 1610 1694 1638 Verba
1722 1616 1805 1640 sunt:

1018 1652 1091 1679 Tunc
1111 1652 1270 1679 Anchialum
1291 1657 1317 1679 et
1338 1653 1440 1679 Beroen
1471 1653 1631 1679 dimitlenm
1658 1652 1806 1681 Christiani

1017 1695 1154 1730 fugerunt,
1167 1695 1269 1722 nemine
1279 1699 1459 1730 persequente,
1471 1694 1495 1721 Ν
1500 1694 1646 1729 icctomque
1660 1699 1684 1722 et
1699 1695 1807 1723 liroboti

1017 1741 1133 1764 castrum
1144 1742 1167 1763 et
1181 1737 1237 1764 alia
1252 1737 1372 1772 qua'dom
1390 1736 1527 1770 prmidio.
1538 1735 1596 1769 Quo
1611 1736 1700 1763 minus
1717 1741 1805 1764 tantm

1017 1778 1161 1806 Anastasio
1177 1778 1267 1812 ﬁdam,
1283 1777 1472 1813 Theophanes,
1483 1784 1563 1812 quem
1576 1777 1734 1813 exscripsit.
1745 1778 1807 1805 facit

1017 1819 1217 1855 (Illronogroplt.
1242 1828 1269 1854 p.
1287 1819 1339 1847 420
1354 1827 1361 1846 :
1377 1819 1444 1846 Τότε
1466 1820 1514 1845 καὶ
1535 1819 1680 1854 Ἀγχίαλον
1696 1820 1743 1846 καὶ
1756 1820 1805 1846 Βε-

1019 1861 1095 1896 ροίην
1107 1861 1222 1896 ἀφέντες
1233 1862 1392 1896 Χριστιανοὶ
1403 1861 1515 1895 ἔφυγον,
1526 1861 1638 1896 μηδενὸς
1652 1861 1803 1893 διώκοντος,

1018 1903 1136 1930 Νίκαιάν
1150 1912 1180 1929 τε
1196 1904 1244 1930 καὶ
1257 1903 1304 1930 τοῦ
1317 1903 1459 1939 ιῙροῦἀτου
1471 1904 1589 1938 κάπρον
1603 1905 1648 1930 καὶ
1664 1903 1733 1931 ἄλλα
1747 1913 1804 1931 τινα

1018 1945 1195 1981 ὀχυρώματα.
1212 1945 1289 1973 Unde
1304 1945 1420 1972 Nicrcam
1434 1965 1441 1977 ,
1459 1944 1583 1972 Thracio:
1602 1945 1729 1980 episcopo
1742 1946 1804 1973 SttIJ-

1018 1988 1115 2021 ditam,
1146 1992 1176 2015 ut
1200 1987 1346 2016 concilium
1371 1987 1508 2014 Nicmnum
1538 1986 1688 2015 secundum
1714 1988 1805 2022 p.590

1019 2034 1152 2057 monstrat
1163 2049 1171 2061 ,
1186 2030 1300 2062 urbem,
1317 2034 1424 2057 vertere
1439 2029 1532 2057 debuit
1550 2033 1577 2056 et
1590 2028 1709 2056 fortasse
1726 2031 1804 2057 etiam

1019 2072 1140 2106 scripsit.
1156 2072 1226 2099 Sunt
1245 2072 1316 2099 enim
1338 2071 1366 2098 in
1397 2070 1509 2098 historia
1537 2078 1569 2098 ea
1596 2071 1705 2098 urbium
1738 2072 1803 2099 tituli

1019 2115 1120 2149 passim
1134 2114 1350 2149 corruptissimi,
1366 2113 1418 2141 levi
1436 2120 1530 2148 opera,
1547 2113 1569 2140 si
1584 2112 1763 2148 Theophanes
1777 2115 1802 2141 in

1019 2156 1165 2183 consilium
1194 2155 1329 2187 mittatur,
1355 2154 1517 2189 reﬁngendi,
1549 2159 1576 2182 et.
1599 2162 1671 2189 saepe
1690 2156 1804 2182 maxime

1019 2197 1100 2232 hujus
1113 2197 1265 2230 commodo,
1278 2198 1351 2224 velut
1365 2204 1425 2224 cum
1440 2196 1538 2224 ibidem
1546 2200 1679 2223 memorat
1692 2205 1700 2224 :
1717 2196 1801 2231 Ἐξῆλ-

1020 2239 1066 2266 θεν
1089 2238 1201 2275 Μιχαὴλ
1225 2239 1296 2266 κατὰ
1323 2239 1486 2273 Βουλγάρων
1502 2238 1717 2272 συνεξελθούσης
1736 2239 1803 2274 αὐτῷ

1020 2282 1067 2308 καὶ
1090 2281 1246 2316 “pexo-tria;
1261 2281 1314 2313 ἕως
1330 2280 1468 2312 Τζου),οῠ·
1496 2281 1542 2308 ubi
1566 2280 1746 2316 Τζουρουλοῦ,
1771 2280 1802 2307 de

1021 2330 1074 2357 quo
1089 2322 1151 2350 Ant.
1170 2323 1234 2350 Itin.
1252 2330 1278 2357 p.
1296 2323 1358 2355 I59,
1376 2322 1460 2349 fuisse
1478 2322 1644 2349 Anastasius
1655 2322 1800 2354 testabitur,

1022 2370 1156 2392 vertens:
1180 2364 1308 2399 Egressus
1331 2369 1367 2391 est
1404 2364 1548 2398 imperator
1576 2363 1689 2390 Michael
1718 2368 1802 2390 contra

1023 2406 1151 2442 Bulgores
1166 2411 1190 2433 et
1208 2414 1265 2432 cum
1280 2414 1310 2433 eo
1323 2405 1403 2432 simul
1419 2405 1551 2439 Procopio
1568 2413 1650 2439 itaque
1673 2404 1800 2432 Zeruliou.

1022 2449 1110 2484 Atque
1138 2449 1187 2476 hoc
1206 2448 1305 2475 obiter.
1336 2447 1464 2475 Nicedem
1494 2447 1611 2474 inveniri
1647 2455 1737 2481 posse,
1755 2447 1801 2474 nisi

1023 2499 1100 2525 opem
1124 2490 1251 2517 meliores
1269 2497 1351 2517 manu
1373 2489 1478 2517 exarati
1505 2489 1614 2518 codices
1637 2489 1742 2521 ferant,
1760 2489 1802 2515 de~

1022 2540 1112 2568 spero.

1058 2574 1124 2602 Ibid.
1142 2574 1290 2608 Διόϐορος.
1319 2572 1416 2600 Verum
1442 2580 1503 2600 csse
1527 2572 1649 2608 Δόϐηρος
1677 2573 1704 2599 in
1733 2572 1801 2600 Plinii

1023 2617 1041 2644 i.
1067 2624 1112 2648 tv,
1140 2623 1164 2643 c.
1185 2617 1218 2643 10
1248 2616 1403 2643 Ilarduinus
1429 2615 1547 2642 monuit.
1576 2616 1640 2648 Ejus
1670 2615 1801 2649 cpiscopus

1022 2659 1235 2688 Chalcidouensi
1253 2659 1356 2693 synodo
1373 2658 1479 2689 adfuit,
1496 2665 1694 2693 perperamque
1713 2665 1738 2692 p.
1758 2657 1800 2683 SI'I

1024 2702 1172 2732 ἐπίσκοπος
1192 2701 1330 2735 Δουϐήρςυ
1352 2700 1522 2731 Μαικεεονὶςις
1536 2699 1650 2734 πρώτης
1673 2706 1801 2733 nuncupa-

1024 2752 1077 2776 tur,
1096 2752 1123 2779 ρ.
1143 2744 1204 2771 671.
1807 2744 1809 2746 ’

1059 2787 1126 2814 Ibid.
1156 2786 1302 2821 ’Idoyérn.
1332 2786 1390 2813 Non
1419 2786 1500 2814 aliter
1531 2785 1676 2813 Ptoienmo
1702 2783 1798 2811 dicitur.

1025 2830 1174 2866 Thucydidi
1192 2838 1220 2862 II,
1239 2829 1287 2856 100
1307 2829 1439 2864 Εῐδημένη
1453 2850 1460 2861 ,
1484 2836 1499 2855 e
1525 2835 1578 2863 quo
1599 2828 1701 2862 pariter
1723 2825 1800 2852 videas

1028 2873 1135 2901 Itobzt‘o
1157 2872 1229 2900 haud
1249 2871 1325 2907 longe
1339 2870 1447 2900 aﬂ‘uisse
1466 2879 1472 2897 :
1499 2870 1609 2898 'I‘ahufrc
1624 2868 1756 2897 Idomcuia
1768 2866 1797 2893 Μ.
