1911 3071
51 168 134 202 1035

50 229 88 266 Ι).
110 227 150 253 33
168 234 182 253 τι
202 226 294 254 Stobis
311 230 338 254 et
355 226 389 254 53
403 234 416 252 ιι
433 225 640 254 τΙιιιεςειΙοιιὶρη.
659 227 740 254 Forte
756 228 789 254 ab
801 227 864 254 ldo-

52 278 166 296 tnoncn
184 268 311 297 Cretensi
337 273 365 296 et
390 268 499 296 Iloineri
523 270 651 296 versibus
678 269 817 296 colebralo
838 269 864 295 id

52 312 125 338 urbi
147 318 248 338 nomen
273 315 325 338 est.
353 309 421 338 Vide
444 309 480 338 Is.
506 310 631 338 Vossiutn
654 311 680 338 in
705 310 863 343 Catullum,

54 361 86 387 ρ.
106 353 176 380 QII).

99 395 164 422 Col.
186 395 248 421 HI.
259 393 415 428 Βράτιλος.
424 393 604 421 Probanthoc
616 400 681 420 mss.
697 393 864 429 [quanquam

56 438 92 465 l..
114 436 264 472 βρὰγυλος]
279 436 346 463 editi
365 436 515 470 Δράγυλος,
528 435 737 468 Constantinus,
753 435 864 469 Βράγυ-

57 488 129 511 ως·
144 478 274 513 aquibus
294 477 347 505 nisi
365 477 494 512 Ἀγριλος
515 477 561 510 sit,
581 477 614 504 de
630 484 684 512 qua
708 485 761 504 non
786 476 867 509 longe

58 532 75 548 ιι
97 522 252 556 Strymone
278 524 361 553 atque
377 518 533 554 Amphipoli
556 523 659 546 remota
677 517 862 554 Thucydides,

62 572 102 595 ιν,
116 563 185 595 102⁷),
198 561 266 589 nihil
280 561 409 596 expedio.

103 605 175 632 Ibid.
196 604 354 638 Τρίμουλα.
372 603 436 630 Mss.
456 602 612 638 Πρίμουλα,
628 602 700 637 quod
721 609 819 629 nomen
837 601 867 628 L.

63 647 225 675 IIolsteinio
242 644 391 680 adGeOrg.
421 643 452 672 S.
478 645 543 672 Car.
573 652 588 672 a
614 644 645 672 S.
665 644 750 672 Paulo
778 643 869 671 verius

64 690 182 717 videtur
195 691 309 722 propter
322 686 498 714 Timotheum
516 686 678 720 I’rimopolis
694 686 867 721 episcopum,

64 732 116 766 qui
132 730 252 759 concilio
267 729 476 763 Constantinop.
502 729 553 756 sub
574 727 706 756 Flaviano
721 727 818 754 adfuit.
835 726 870 754 At

68 773 142 800 nihil
157 772 203 799 ille
216 771 305 806 juvat,
319 770 455 805 siquidem
476 769 662 804 Primopoloos
684 769 712 796 II
729 768 868 803 Pamphy-

69 817 75 841 l
90 822 119 848 ι,
137 816 189 849 τῆς
205 812 418 848 Πριιμουπόλεως
437 812 487 847 τῆς
504 811 684 846 Παμφυλίας,
708 815 738 837 ιιι
763 818 792 844 p.
806 809 868 837 ΙΞἹ.

68 858 161 884 Coac.
177 853 418 885 Chalcedonensis,
442 853 486 880 ubi
513 853 580 880 Acta
596 852 693 888 synodi
707 851 869 880 Constanti-

70 897 239 932 nopolitante
266 899 439 930 repetuntur,
464 894 564 928 praesul
590 893 653 921 I‘uit.
679 892 803 921 Viderint
822 892 870 919 alii

71 941 197 967 lateatne
218 938 247 966 in
268 944 334 964 voce
362 936 498 964 I’tolemaai
526 936 674 971 Τρίστολος
701 935 729 962 in
748 934 869 967 Senties,

73 983 132 1010 illis
144 988 207 1014 quze
219 987 283 1007 mox
302 983 452 1012 sequentur
466 978 570 1006 vicina.

112 1023 182 1050 Ibid.
203 1021 436 1056 Παρθικόπολις.
463 1020 609 1047 Ριοιθιιιωο
622 1019 822 1056 ὡροικόπολις
838 1018 871 1046 li-

75 1063 232 1092 hrariornu
246 1067 367 1098 peccato,
382 1060 644 1090 ΠΑΡΘΙΚΟΠΟΛῙΝ
662 1062 690 1090 in
702 1061 870 1088 [IAPOIKO-

78 1105 187 1134 IIOAIN
219 1104 403 1137 nutantium;
429 1111 510 1138 quem
538 1103 666 1131 eumdem
694 1110 817 1131 errorem
843 1101 870 1129 in

79 1147 224 1181 Longavls
239 1145 395 1180 Phlegontis
409 1144 540 1173 Tralliani
554 1152 581 1173 e.
600 1145 612 1172 I
631 1149 674 1172 ter
685 1148 846 1172 erraverunt
864 1151 870 1170 :

85 1189 218 1220 ’Δίδέσιος
229 1187 298 1219 Δίζα
314 1186 541 1222 Παροικοπόλεως
556 1186 692 1214 Μακεδών
702 1195 710 1204 ·
724 1186 806 1216 Βίους
829 1186 873 1212 Δι-

79 1231 185 1263 Cdmon
200 1228 431 1264 Παροικοπόλεως
456 1228 506 1263 τῆς
522 1229 688 1256 Μακεδόνων
698 1236 706 1245 ·
728 1227 872 1254 Ζαικεδέν-

79 1274 132 1308 οης
159 1271 309 1299 Monetam»
331 1269 571 1305 Παρακοπολίτης
597 1269 742 1298 Μακεδών.
771 1269 872 1298 Verum

79 1322 141 1343 esse
155 1313 242 1345 urbis,
263 1312 334 1347 quod
357 1310 500 1339 Hierocles
519 1311 610 1344 oﬂert,
635 1318 798 1347 cognomen,
818 1317 874 1338 non

83 1363 190 1385 tantum
205 1355 290 1384 Jonas
308 1361 324 1382 a
350 1353 509 1382 Macedonia
524 1355 557 1382 de
568 1353 754 1390 Parthicopoli
764 1374 772 1387 ,
793 1361 874 1388 quem

82 1399 147 1427 alibi
163 1405 195 1427 es
210 1396 306 1426 Hilarii
329 1395 490 1431 fragmentis
514 1397 704 1432 produximus,
732 1395 874 1431 patefacit,

83 1441 131 1470 sed
145 1440 264 1469 Joannes
278 1437 540 1473 Παρθικουτυόλεως,
558 1438 604 1474 qui
621 1438 742 1466 concilio
766 1437 876 1466 Chalce-

84 1482 193 1510 dancmi
203 1489 230 1516 p.
247 1480 298 1509 100
313 1485 340 1507 et
355 1480 404 1508 67I
421 1480 604 1514 subscripsit,
622 1480 686 1508 licet
701 1487 783 1515 prave
798 1480 875 1515 Παρ-

85 1523 299 1554 θενικουπόλιως
310 1522 455 1556 episcopus
467 1529 494 1556 p.
512 1521 566 1549 566
581 1521 744 1557 appelletur.

121 1566 186 1593 Ibid.
206 1563 374 1598 Στρυμνοῦ,
393 1563 449 1592 Ιιιιο
464 1563 628 1600 Στρύμθνος.
648 1563 759 1592 Sentica
777 1562 874 1591 intelli-

88 1609 169 1643 gitur.
184 1606 220 1634 illi
232 1605 315 1633 Ilnvio
332 1605 432 1632 vicina.

121 1649 188 1676 Ibid.
202 1648 318 1683 Σέῤῥαι.
342 1647 367 1675 1.
384 1646 543 1676 Harduinls
561 1647 590 1676 in
609 1647 694 1675 Plinii
712 1647 730 1674 l.
744 1655 782 1680 Iv,
800 1654 826 1674 e.
841 1646 877 1673 10

87 1691 186 1727 Δέῤῥαι
209 1690 323 1723 corrigit
337 1709 346 1720 ,
370 1697 424 1724 quo
445 1690 505 1724 ejus
526 1690 671 1725 scriptoris
693 1689 795 1717 Det-rita
815 1695 878 1716 esse

87 1737 184 1768 queat;
203 1731 247 1758 cui
259 1727 445 1758 enimdationi
462 1731 643 1759 Maximianus
656 1731 801 1766 episcopus
809 1730 877 1757 Der-

89 1773 194 1802 ihcnsis
209 1771 328 1799 civitatis
348 1772 514 1801 Macedoniae
529 1780 562 1801 ex
575 1772 693 1800 concilio
713 1771 876 1800 Chalcedon.

89 1825 115 1851 p.
129 1815 181 1843 581
202 1813 315 1845 faveret,
343 1813 397 1839 nisi
424 1813 535 1849 Σεῤῥῶν
556 1818 584 1840 et
599 1813 742 1849 Σεῤῥαίων
763 1812 879 1848 πρώτης

89 1857 258 1888 Μακεδονίας
283 1863 312 1890 ρ.
333 1855 384 1882 I00
411 1860 438 1882 et
461 1855 513 1882 517
531 1860 687 1887 vocaretur,
711 1860 741 1882 et
769 1855 879 1881 aliunde

90 1900 186 1926 Serras
201 1898 270 1924 bene
286 1897 386 1924 habere
401 1900 553 1923 constaret.
574 1896 613 1923 De
631 1896 686 1923 situ
703 1895 755 1923 alia
770 1895 806 1923 lis
824 1900 878 1923 est.

91 1942 120 1969 L.
139 1939 290 1967 Holsteiuio
315 1938 337 1965 si
353 1937 487 1970 aceredis,
510 1937 600 1964 εει-τω
616 1940 643 1964 et
657 1937 772 1972 Philippi
790 1937 878 1964 nomi-

91 1982 168 2009 nibus
185 1982 318 2008 duntaxat
333 1980 470 2007 distincta:
485 1979 570 2007 [ικιινε.
604 1978 666 2006 Fuit
688 1979 752 2006 dein
765 1998 773 2011 ,
792 1978 879 2014 inquit

91 2024 123 2051 ad
137 2022 234 2057 Geogr.
248 2021 279 2049 Β.
295 2021 359 2048 Car.
383 2029 397 2048 ι
412 2020 442 2049 6.
462 2021 544 2048 Paulo
566 2021 601 2048 de
621 2021 765 2056 Philippis,
781 2025 878 2047 metro-

90 2065 154 2099 polis
171 2064 333 2091 Macedonia:
355 2063 473 2090 Thracia
489 2062 542 2090 sive
565 2063 699 2095 secunda,
713 2070 773 2098 qum
790 2066 815 2089 et
828 2061 881 2089 Sa-

91 2107 197 2138 iutaris,
213 2105 299 2133 Semo
310 2109 401 2140 postea
422 2104 504 2137 dicta,
522 2109 549 2131 ut
566 2109 588 2131 et
603 2104 651 2131 ltoc
667 2108 792 2138 tempore,
811 2105 881 2131 unde

93 2148 200 2175 Nicetes
216 2147 232 2174 ὁ
245 2146 368 2183 Σερῤὦν.
379 2147 414 2174 At
433 2147 505 2174 enim
529 2154 582 2174 non
600 2146 626 2173 in
648 2145 881 2174 Chalcedonensis

92 2194 194 2218 tantum
209 2189 316 2217 concilii
331 2188 407 2216 Actis
423 2188 564 2216 Senensis
580 2192 608 2215 et
620 2186 805 2223 Philippensis
820 2187 880 2222 cpi-

91 2231 165 2266 s:-opi
182 2234 313 2266 perpetuo
331 2230 525 2262 dissociantur,
543 2230 589 2257 sed
610 2234 638 2256 et
657 2229 767 2257 Notitiis
788 2229 882 2257 recie-

92 2273 223 2305 siasticis;
247 2277 277 2299 ut
291 2272 356 2299 satis
371 2279 403 2299 ea
421 2271 473 2298 viri
489 2271 590 2306 egregii
605 2271 686 2298 verba
709 2271 803 2298 mirari
825 2279 880 2298 non

93 2315 202 2350 possint.
219 2314 285 2342 Abt.
298 2313 402 2342 Ortelio
418 2313 507 2341 Serra:
520 2314 555 2341 ad
572 2313 674 2349 ’I‘cmpe
689 2313 826 2348 pertinere
840 2314 882 2340 vi-

93 2359 191 2384 drntur
208 2357 280 2384 circa
292 2356 432 2384 Larissam
448 2355 680 2390 Berrhteamque;
697 2356 740 2383 cui
757 2356 880 2390 opinioni

94 2400 196 2427 i'oi-tean
211 2399 344 2434 originem
358 2398 468 2426 Nicetas
476 2398 625 2426 Chouiates
637 2398 663 2424 in
675 2397 739 2424 Reb.
753 2397 882 2425 Baldttiui

94 2450 119 2475 ιι.
134 2441 189 2468 295
202 2441 326 2475 praebuit.
351 2440 407 2468 Καὶ
427 2440 477 2472 τὰς
498 2440 603 2472 πόλεις,
628 2440 730 2474 inquit,
745 2439 880 2474 μέτεισιν,

93 2484 152 2510 ὅσαι
163 2492 193 2510 τε
208 2483 274 2518 περὶ
289 2483 393 2518 Σέρρας
415 2482 632 2514 καουπτιέιζουσι
659 2482 707 2508 καὶ
727 2483 785 2513 τοῖς
807 2483 881 2517 ὅροις

93 2526 142 2559 τῆς
158 2525 287 2561 Βερῤοίας
301 2524 560 2559 «paenituit/mima}.
573 2524 637 2551 ὅσαι
649 2524 717 2559 πρὸς
730 2525 764 2551 τὰ
781 2525 881 2560 Τέμπη

93 2567 147 2594 τῶν
161 2567 305 2594 Θετταλῶν
318 2566 527 2602 παρατείνουσι.
551 2565 618 2598 Qua:
638 2570 728 2594 tamen
744 2574 806 2594 eum
826 2575 881 2594 non

94 2614 219 2645 poterunt
234 2609 344 2637 lirmare
359 2609 441 2636 situm
452 2628 460 2641 .
478 2609 611 2643 siquidem
628 2608 729 2642 Serrm,
751 2609 881 2637 Berrhma

95 2657 121 2680 rt
132 2651 234 2686 Tempe
249 2657 278 2679 ut
289 2651 481 2679 diversissima:
495 2651 639 2686 positionis
654 2652 713 2679 loca
728 2659 882 2680 memoran-

96 2701 148 2722 tur.
170 2694 303 2722 Putavero
317 2694 389 2721 circa
410 2693 584 2728 Strymonem
607 2693 701 2728 fuisse,
719 2701 806 2729 eaque
820 2701 883 2728 pro-

95 2743 152 2771 pter
166 2736 200 2764 τὰ
217 2736 282 2770 περὶ
297 2736 402 2771 Σέρῤας
414 2735 462 2762 καὶ
485 2734 629 2771 Στρυμόνα
648 2736 737 2772 χωρία
759 2735 880 2764 Nicetam

95 2778 157 2806 litor.
173 2778 263 2805 Alexii
279 2777 373 2811 Angcli
393 2777 410 2804 Ι.
432 2777 462 2810 il,
478 2785 504 2811 p.
522 2777 572 2804 ΞΗ
593 2777 769 2812 conjungere,
792 2783 820 2804 et
834 2777 881 2805 Ni-

96 2821 241 2856 cephorum
256 2819 405 2855 Grrgtirant
424 2828 461 2852 ιιι,
475 2820 491 2846 6
509 2820 653 2848 Thraciam
670 2821 741 2847 inter
751 2825 778 2848 ct
795 2819 882 2848 Thcs-

95 2863 253 2894 salonicam,
280 2868 363 2897 atque
388 2863 494 2889 Annam
520 2862 596 2891 Alex.
623 2863 650 2897 9,
681 2870 706 2899 p.
725 2862 778 2891 Ἠ)ἱὶ
809 2863 880 2892 haud

95 2907 204 2935 multum
219 2913 234 2934 ιι
247 2905 411 2941 Christopoii
427 2912 539 2940 ponere.

476 171 668 201 COMMENT.
692 171 731 201 IN
752 171 960 203 IIIEROCLIS
981 172 1252 204 SYNECDEMUM.

1650 174 1718 206 108‘)

954 228 1022 256 Ibid.
1041 230 1195 257 Φίλιπποι.
1213 229 1313 256 Verius
1331 229 1378 262 ita,
1410 234 1438 257 «ιι
1464 238 1525 258 mox
1549 231 1715 267 ’Λμφίπολις

916 271 1001 297 codex
1018 270 1191 297 Constantini
1207 270 1226 298 Ι.
1243 279 1260 299 ιι
1282 270 1373 298 ΤΙιειιι.
1395 271 1406 298 1
1427 275 1454 298 et
1470 271 1498 298 9..

955 311 1024 339 Ibid.
1043 312 1244 340 Ἀπολλωνία.
1261 313 1317 340 Sita
1332 318 1391 340 erat
1407 313 1434 340 in
1455 313 1624 347 Chalcidice,
1636 323 1717 350 quam

917 354 944 381 in
957 354 1104 388 Olynthum
1124 362 1185 382 cum
1199 355 1234 382 3‘2
1249 355 1310 382 aliis
1333 355 1446 383 urbibus
1465 355 1623 391 Philippum
1641 365 1719 385 crer-

918 396 985 423 Iisse
1001 396 1198 424 Demosthencs
1213 397 1333 432 Philipp.
1351 405 1397 430 ιιι,
1416 405 1443 433 p.
1461 397 1511 430 68,
1529 403 1559 427 rt
1574 399 1672 426 Snidas
1691 400 1717 426 in

918 438 1044 473 Κάρανος
1063 437 1172 466 docent.
1191 439 1280 474 Atque
1296 439 1349 467 huc
1378 447 1449 475 stupe
1478 441 1604 468 rhetores
1632 442 1717 475 respi.

918 479 1005 510 ciunt,
1035 483 1066 506 ut
1093 479 1227 507 Aristides
1253 485 1318 508 tom.
1336 481 1370 513 11,
1396 489 1422 516 p.
1440 481 1505 513 ⁸255,
1535 487 1562 508 et
1588 482 1720 509 Libauius

923 525 991 547 tom.
1003 520 1024 553 l,
1038 527 1066 555 ι).
1084 520 1145 548 106.
1170 521 1319 554 Ὀλυνθίοις
1334 522 1410 557 ἠφίει
1427 532 1454 549 τι
1468 523 1577 559 χωρίων
1593 525 1630 555 ὼς
1645 524 1719 558 φιλό-

919 562 1029 600 δωρος,
1061 562 1109 588 καὶ
1138 563 1239 598 μικρὸν
1267 563 1381 597 ὕστερον
1408 564 1527 600 οὖδαμοῦ
1563 565 1717 594 Ὀλύνθιοι.

921 604 1022 638 μᾶλλον
1034 603 1062 630 δὲ
1079 603 1235 637 Χαλκιδεῖς,
1252 604 1300 631 δύο
1316 605 1364 631 καὶ
1375 606 1524 640 τριάκηντα
1539 606 1644 637 πόλεις.
1661 607 1719 633 sive

920 645 1010 678 potius
1026 645 1073 672 mi.
1085 644 1133 671 δύο
1146 654 1176 672 κ.
1186 645 1227 678 λ.,
1263 650 1293 673 ut
1309 654 1342 674 cx
1357 647 1479 681 ejusdem
1497 647 1609 682 Apolog.
1623 647 1719 674 Domu-

920 687 1005 714 stlten.
1023 694 1050 721 p.
1064 687 1112 714 451
1132 692 1302 722 compertum
1315 693 1368 715 est.

956 728 1024 756 Ibid.
1042 729 1148 764 Bépm.
1164 728 1232 756 Male
1245 729 1444 758 Constantinus
1455 729 1563 766 Βέρπη.
1582 730 1650 758 Vide
1663 730 1721 758 Stc-

922 771 1056 806 phanum.

956 813 1015 840 Col.
1064 813 1126 840 111.
1163 813 1320 848 Ἀραυρος.
1362 814 1546 843 Constantino
1587 814 1719 849 Ἀραλος.

921 853 1048 882 Fortasse
1061 854 1184 890 ’Λρωλος
1198 854 1338 882 Ptolemzei
1355 860 1397 883 est
1409 877 1417 888 ,
1443 855 1470 883 in
1484 855 1651 884 Bisaltarum
1677 864 1720 883 rc-

921 903 1013 931 gtone.

957 938 1025 966 Ibid.
1044 938 1144 973 Κλίμα
1160 938 1323 966 Μεστικόν.
1348 937 1426 966 Frid.
1451 938 1594 966 lilorellum
1623 939 1720 965 Νεστι-

922 980 970 1006 κδν
994 980 1187 1008 emendantem
1217 983 1292 1007 recte
1321 980 1445 1014 coarguit
1471 978 1719 1007 Schurzﬂeischius

922 1021 1007 1049 Notit.
1023 1021 1088 1050 bibl.
1106 1021 1201 1050 Vinar.
1215 1029 1243 1057 p.
1261 1022 1306 1056 'll,
1334 1029 1493 1057 quanquam
1507 1021 1602 1049 urbem
1614 1021 1720 1056 impru-

922 1063 1018 1092 denter
1041 1064 1205 1091 arbitratus.
1232 1063 1357 1091 Thraciae
1375 1063 1486 1090 [luvium
1509 1062 1622 1090 Nestum
1644 1063 1719 1089 numi

923 1105 1063 1132 ΜΕΣΤΟΝ
1076 1105 1106 1133 'et
1118 1113 1185 1132 mss.
1202 1105 1291 1132 Solini
1308 1109 1335 1132 et
1347 1105 1440 1137 Plinii,
1456 1108 1525 1133 teste
1538 1104 1676 1131 Salmasio
1690 1104 1718 1131 in

923 1154 949 1181 p.
965 1147 1029 1180 I11,
1045 1147 1217 1182 appellitant.
1234 1147 1329 1182 κλίμα
1344 1151 1463 1174 tractum
1491 1146 1622 1182 regionis,
1644 1153 1721 1174 more

923 1188 1026 1217 Graecis
1040 1189 1240 1217 recentioribus
1250 1192 1394 1221 consueto,
1412 1192 1507 1220 notat;
1522 1187 1592 1214 unde
1604 1186 1720 1221 κλιματ-

923 1230 1007 1265 ἀρχαι
1035 1230 1177 1265 regionum
1219 1229 1359 1265 praepositi
1387 1228 1459 1264 apud
1485 1228 1720 1264 'I‘hcophylactum

925 1271 962 1299 11.
980 1271 1018 1299 Μ.
1037 1279 1080 1305 III,
1095 1271 1129 1304 9;
1158 1271 1204 1306 qui
1220 1279 1281 1299 cum
1299 1270 1437 1298 Arabibus
1458 1270 1530 1297 haud
1543 1277 1622 1298 secus
1639 1274 1721 1305 atque

924 1313 1065 1342 Hierocles
1090 1314 1120 1341 iit
1142 1314 1230 1348 prior,
1244 1320 1393 1348 eorumque
1410 1311 1598 1348 Gcograpbica
1611 1319 1665 1339 non
1682 1312 1720 1338 vi-

924 1356 1021 1384 deatur
1037 1359 1180 1387 tractasse,
1204 1363 1258 1382 non
1286 1354 1453 1383 accesserim
1479 1354 1582 1390 Cangio
1601 1353 1721 1381 climatis

924 1406 987 1427 eum
1000 1405 1082 1426 usum
1096 1397 1130 1425 ab
1147 1397 1284 1425 Arabibus
1306 1397 1463 1429 derivanti;
1484 1396 1636 1432 praesertim
1657 1402 1720 1423 cum

925 1441 1035 1469 divinus
1049 1439 1150 1467 Paulus
1162 1439 1253 1467 Galat.
1267 1447 1286 1472 l,
1301 1439 1335 1466 21
1360 1438 1395 1466 τὰ
1416 1438 1539 1473 κλίματα
1553 1438 1602 1472 τῆς
1621 1437 1721 1473 Συρίας

927 1483 974 1510 καὶ
989 1482 1128 1515 Κιλικίας,
1158 1485 1185 1509 et
1215 1481 1237 1508 Il
1261 1480 1386 1508 Corinth.
1404 1488 1442 1513 ιι,
1465 1480 1498 1507 10
1523 1479 1646 1515 κλίματα
1669 1479 1721 1513 τῆς

933 1524 1056 1560 Ἀχαΐας,
1086 1528 1114 1551 et
1132 1527 1232 1558 praeter
1247 1530 1309 1550 eum
1326 1521 1417 1557 plures
1436 1521 1481 1548 alii
1500 1522 1630 1549 dixerint.
1652 1519 1720 1547 Nata

927 1568 999 1594 haud
1013 1566 1094 1594 dubie
1113 1565 1159 1593 illa
1172 1565 1233 1593 voci
1260 1564 1424 1600 signiﬁcatio
1440 1567 1492 1596 est,
1519 1563 1590 1598 quod
1602 1570 1720 1597 geogra-

927 1610 973 1644 phi
1001 1608 1113 1636 climata
1127 1607 1190 1635 caeli
1212 1606 1402 1634 inclinationes
1421 1609 1449 1632 et
1476 1604 1613 1639 subiectas
1643 1609 1723 1631 terrae

928 1651 1053 1686 regiones
1069 1652 1269 1683 nuncuparent.
1287 1647 1383 1682 Itaque
1404 1647 1486 1675 clima
1500 1646 1633 1674 Mcsticon
1654 1646 1723 1672 nihil

927 1693 980 1721 erit
990 1691 1061 1718 aliud
1079 1699 1110 1718 ac
1128 1691 1204 1726 regio
1227 1690 1264 1717 illi
1281 1688 1364 1716 iluvio
1381 1689 1482 1722 vicina,
1509 1695 1562 1723 qua
1579 1688 1613 1716 de
1633 1687 1722 1715 Livius

928 1741 991 1766 ιιι,
1008 1733 1055 1760 29.
1076 1731 1237 1759 Acontisma
1255 1730 1318 1757 alibi
1337 1730 1488 1765 tetigimus.

965 1775 1034 1803 Ibid.
1051 1774 1169 1800 Στόλοι.
1193 1772 1290 1799 Στόὸοι
1318 1776 1495 1806 oportuerat;
1525 1776 1620 1806 estque
1646 1774 1723 1797 vetus

930 1817 981 1844 hoc
994 1819 1147 1851 peccatum,
1163 1814 1218 1848 jam
1239 1819 1303 1840 ante
1321 1812 1493 1840 Constantini
1511 1811 1724 1847 I‘orpbyrogun-

930 1862 1000 1885 neue
1016 1861 1123 1883 aetatem
1139 1856 1300 1883 admissum.
1319 1854 1395 1882 Stobi
1418 1854 1581 1882 Macedonia:
1596 1853 1723 1880 secundae

930 1900 988 1927 sive
1002 1898 1146 1930 Salutaris,
1159 1902 1189 1924 ιιι
1202 1897 1310 1924 Notitire
1324 1897 1390 1932 imp.
1407 1896 1517 1924 Oricztt.
1533 1896 1647 1926 dicitur,
1664 1903 1724 1922 me-

930 1940 1045 1975 tropolis
1058 1943 1135 1972 erat;
1149 1939 1223 1966 unde
1242 1938 1358 1974 primam
1374 1942 1402 1965 ct
1418 1938 1583 1972 pra-cipitam
1600 1936 1724 1963 Maccdo-

931 1983 983 2010 nize
1012 1981 1118 2013 urbem,
1144 1980 1256 2016 πρώτην
1282 1980 1330 2015 τῆς
1357 1979 1528 2010 Μακεδονίας
1553 1978 1632 2005 πόλιν
1660 1979 1725 2009 τοὺς

931 2024 1059 2056 Στύόους,
1084 2022 1314 2058 quemadmodum
1330 2022 1440 2056 egregie
1459 2021 1490 2047 L.
1508 2020 1676 2048 lloistcinius
1696 2020 1724 2047 in

932 2067 1064 2100 Stcpban.
1089 2064 1218 2096 con-exit,
1249 2063 1372 2090 Male-lius
1402 2063 1428 2090 in
1456 2062 1583 2097 Excerpt.
1611 2062 1724 2089 Iltnscli.

933 2116 959 2143 p.
973 2108 1004 2135 6i
1020 2107 1149 2142 appellat.

969 2148 1036 2176 Ibid.
1047 2149 1161 2183 Ἄργος.
1178 2148 1264 2183 Argos
1277 2147 1445 2182 Pclasgicum
1457 2146 1570 2180 intelligi
1584 2145 1723 2180 putabant,

931 2192 1008 2226 cujus
1026 2191 1160 2218 Ilomcrus
1182 2195 1209 2218 et
1233 2195 1311 2218 vetus
1337 2189 1408 2224 apud
1435 2188 1653 2223 Hephaestionem
1671 2185 1726 2212 Eu-

932 2234 1028 2262 c/tirid.
1043 2241 1070 2268 p.
1086 2233 1121 2260 55
1140 2237 1220 2268 poeta
1241 2231 1384 2265 meminit;
1401 2231 1473 2265 quod
1494 2235 1583 2257 tamen
1609 2236 1672 2256 cum
1696 2228 1723 2255 in

932 2276 1072 2304 Thessalia
1098 2274 1200 2307 fuerit,
1225 2274 1328 2302 rectius
1350 2273 1413 2300 hinc
1435 2272 1533 2300 aberit.
1568 2270 1612 2298 Sit
1633 2271 1726 2304 itaque

932 2319 1021 2353 Argos
1041 2316 1195 2345 Oresticum
1211 2327 1218 2344 :
1232 2324 1293 2343 natu
1319 2315 1444 2343 Orestias
1474 2315 1532 2342 sive
1553 2313 1672 2344 Orestis,
1698 2312 1723 2338 in

933 2368 985 2396 qua
1011 2359 1079 2387 illud
1109 2359 1209 2393 Argos,
1235 2358 1339 2393 pariter
1373 2365 1406 2384 ac
1427 2356 1573 2391 Pelagonia
1591 2353 1725 2389 superiori

934 2401 1100 2430 Macedonize
1121 2405 1200 2428 erant
1227 2400 1399 2432 contribuur,
1426 2403 1496 2426 tcste
1522 2397 1656 2425 Strabone
1673 2403 1726 2427 vit,

935 2452 961 2479 p.
977 2443 1040 2471 516.
1065 2442 1142 2470 Licet
1160 2447 1252 2470 autem
1270 2441 1439 2477 Pclssgicum
1452 2442 1540 2475 Argos
1565 2440 1592 2466 in
1617 2438 1724 2465 urbium

934 2486 1169 2514 Macedonicorum
1195 2492 1308 2512 censum
1333 2483 1426 2511 venire
1458 2483 1532 2510 haud
1554 2481 1657 2516 possit,
1678 2487 1726 2506 cur

934 2535 1014 2563 opeut
1027 2527 1112 2554 veteri
1128 2525 1328 2560 Ilephaistiouis
1347 2530 1444 2560 poetic,
1461 2532 1512 2559 qua
1530 2523 1651 2558 indigere
1668 2529 1725 2548 ru:-

934 2571 985 2604 pit,
1000 2568 1181 2604 negabimus?
1193 2568 1273 2603 Χαῖρ’
1286 2564 1308 2594 ὦ
1324 2567 1501 2602 χρυσόκερως
1512 2586 1518 2598 ,
1536 2566 1583 2598 ait,
1601 2563 1726 2600 βαὸάκτα

934 2611 1054 2644 Γάλλων,
1072 2611 1126 2637 πᾶν
1140 2609 1311 2643 Πελασγικὸν
1329 2609 1433 2643 Ἀργος
1449 2607 1618 2643 ἐμϐατεύων,
1642 2605 1678 2632 ita
1699 2605 1726 2631 in

934 2661 1037 2689 nupera
1049 2652 1170 2680 editione
1186 2651 1237 2678 hos
1253 2658 1350 2677 versus
1364 2650 1406 2677 vir
1415 2650 1457 2678 Ci.
1469 2648 1606 2680 distinxit,
1617 2648 1727 2680 insuper

934 2695 1114 2722 adscribens:
1137 2693 1209 2721 Illud
1231 2693 1285 2719 πᾶν
1301 2701 1350 2719 non
1365 2696 1448 2726 potest
1469 2691 1579 2726 pendere
1592 2690 1623 2716 ab
1640 2689 1726 2723 ὲμὸα-

932 2736 1036 2764 τξύων·
1057 2744 1120 2763 nam
1136 2736 1173 2762 sic
1194 2734 1311 2768 ineptum
1337 2738 1414 2761 esset.
1438 2732 1621 2768 Sequebantur
1643 2731 1727 2764 igitur

933 2778 999 2811 alia,
1013 2785 1073 2805 cum
1085 2777 1178 2812 quibus
1192 2782 1251 2811 apte
1265 2776 1398 2803 coitatrere
1412 2780 1512 2808 poterat
1526 2782 1534 2801 :
1549 2778 1632 2800 totum
1643 2772 1727 2806 Argos

935 2820 1102 2855 Pelasgicon,
1120 2819 1233 2845 simulac
1251 2819 1401 2847 intrant-ria,
1425 2817 1519 2843 ln'titia
1543 2815 1622 2850 officis
1643 2820 1665 2841 ct
1680 2822 1727 2840 c.1—

935 2861 1036 2890 sullare
1054 2861 1120 2895 facis
1135 2861 1193 2887 tibi.
1205 2859 1262 2886 Hoc
1273 2859 1412 2886 mttsimile
1427 2858 1488 2893 quid
1500 2858 1614 2885 dixerint
1624 2856 1728 2883 (Imma.

934 2904 967 2932 Et
997 2903 1034 2931 sic
1058 2908 1182 2940 puirclum
1198 2907 1255 2936 post
1271 2901 1380 2930 Γάλλων
1397 2902 1475 2929 etiam
1501 2898 1724 2934 appositissimttm
