  <div class='ocr_page' id='page_1' title='image "/cluster/home/n/w/nwhite01/storage/ocr_20150623/113/njp.32101077772968/601.png"; bbox 0 0 1911 3071; ppageno 0'>
   <div class='ocr_carea' id='block_1_1' title="bbox 151 131 969 170">
    <p class='ocr_par' dir='ltr' id='par_1_1' title="bbox 151 131 969 170">
     <span class='ocr_line' id='line_1_1' title="bbox 151 131 969 170; baseline -0.01 -1"><span class='ocrx_word' id='word_1_1' title='bbox 151 137 220 170; x_wconf 81' lang='grc'><strong>1087</strong></span> <span class='ocrx_word' id='word_1_2' title='bbox 674 132 862 163; x_wconf 77' lang='lat' dir='ltr'><strong>ADDENDA.</strong></span> <span class='ocrx_word' id='word_1_3' title='bbox 885 144 919 149; x_wconf 89' lang='lat'><strong>—</strong></span> <span class='ocrx_word' id='word_1_4' title='bbox 937 131 969 161; x_wconf 82' lang='lat' dir='ltr'><strong>P.</strong></span> 
     </span>
    </p>
   </div>
   <div class='ocr_carea' id='block_1_2' title="bbox 149 187 942 226">
    <p class='ocr_par' dir='ltr' id='par_1_2' title="bbox 149 187 942 226">
     <span class='ocr_line' id='line_1_2' title="bbox 149 187 942 226; baseline -0.009 -5"><span class='ocrx_word' id='word_1_5' title='bbox 149 199 199 221; x_wconf 77' lang='lat' dir='ltr'><strong>(st.</strong></span> <span class='ocrx_word' id='word_1_6' title='bbox 216 193 281 224; x_wconf 68' lang='lat' dir='ltr'><strong>Qua:</strong></span> <span class='ocrx_word' id='word_1_7' title='bbox 298 199 347 226; x_wconf 75' lang='lat' dir='ltr'><strong>ego</strong></span> <span class='ocrx_word' id='word_1_8' title='bbox 368 191 440 218; x_wconf 75' lang='lat' dir='ltr'><strong>dii-ta</strong></span> <span class='ocrx_word' id='word_1_9' title='bbox 456 190 565 218; x_wconf 82' lang='lat' dir='ltr'><strong>nollem.</strong></span> <span class='ocrx_word' id='word_1_10' title='bbox 584 189 694 216; x_wconf 79' lang='lat' dir='ltr'><strong>Dedisse</strong></span> <span class='ocrx_word' id='word_1_11' title='bbox 710 190 760 216; x_wconf 82' lang='lat' dir='ltr'><strong>has</strong></span> <span class='ocrx_word' id='word_1_12' title='bbox 776 189 871 216; x_wconf 87' lang='lat' dir='ltr'><strong>turbas</strong></span> <span class='ocrx_word' id='word_1_13' title='bbox 887 187 942 214; x_wconf 87' lang='lat' dir='ltr'><strong>Pan</strong></span> 
     </span>
    </p>
   </div>
   <div class='ocr_carea' id='block_1_3' title="bbox 151 230 943 264">
    <p class='ocr_par' dir='ltr' id='par_1_3' title="bbox 151 230 943 264">
     <span class='ocr_line' id='line_1_3' title="bbox 151 230 943 264; baseline -0.008 -4"><span class='ocrx_word' id='word_1_14' title='bbox 151 235 178 260; x_wconf 88' lang='lat' dir='ltr'><strong>in</strong></span> <span class='ocrx_word' id='word_1_15' title='bbox 192 233 316 260; x_wconf 82' lang='lat' dir='ltr'><strong>versibus</strong></span> <span class='ocrx_word' id='word_1_16' title='bbox 336 231 490 259; x_wconf 83' lang='lat' dir='ltr'><strong>reconditus</strong></span> <span class='ocrx_word' id='word_1_17' title='bbox 517 231 633 263; x_wconf 85' lang='lat' dir='ltr'><strong>videtur,</strong></span> <span class='ocrx_word' id='word_1_18' title='bbox 654 231 723 258; x_wconf 80' lang='lat' dir='ltr'><strong>satis</strong></span> <span class='ocrx_word' id='word_1_19' title='bbox 747 230 892 264; x_wconf 65' lang='lat' dir='ltr'><strong>ceteroqui</strong></span> <span class='ocrx_word' id='word_1_20' title='bbox 910 237 943 255; x_wconf 80' lang='lat' dir='ltr'><strong>ex</strong></span> 
     </span>
    </p>
   </div>
   <div class='ocr_carea' id='block_1_4' title="bbox 151 272 942 309">
    <p class='ocr_par' dir='ltr' id='par_1_4' title="bbox 151 272 942 309">
     <span class='ocr_line' id='line_1_4' title="bbox 151 272 942 309; baseline -0.006 -7"><span class='ocrx_word' id='word_1_21' title='bbox 151 275 238 302; x_wconf 87' lang='lat' dir='ltr'><strong>titulis</strong></span> <span class='ocrx_word' id='word_1_22' title='bbox 257 274 475 309; x_wconf 83' lang='lat' dir='ltr'><strong>conspiciendus.</strong></span> <span class='ocrx_word' id='word_1_23' title='bbox 498 273 588 308; x_wconf 89' lang='lat' dir='ltr'><strong>Ipsum</strong></span> <span class='ocrx_word' id='word_1_24' title='bbox 614 273 678 301; x_wconf 64' lang='lat' dir='ltr'><strong>illud</strong></span> <span class='ocrx_word' id='word_1_25' title='bbox 702 272 863 307; x_wconf 67' lang='grc' dir='ltr'><strong>ἐμϐατεύων</strong></span> <span class='ocrx_word' id='word_1_26' title='bbox 881 279 942 298; x_wconf 89' lang='lat' dir='ltr'><strong>eum</strong></span> 
     </span>
    </p>
   </div>
   <div class='ocr_carea' id='block_1_5' title="bbox 151 314 943 350">
    <p class='ocr_par' dir='ltr' id='par_1_5' title="bbox 151 314 943 350">
     <span class='ocr_line' id='line_1_5' title="bbox 151 314 943 350; baseline -0.005 -8"><span class='ocrx_word' id='word_1_27' title='bbox 151 315 328 349; x_wconf 76' lang='lat' dir='ltr'><strong>requirebat:</strong></span> <span class='ocrx_word' id='word_1_28' title='bbox 344 316 409 346; x_wconf 84' lang='lat' dir='ltr'><strong>quid</strong></span> <span class='ocrx_word' id='word_1_29' title='bbox 423 316 495 342; x_wconf 91' lang='lat' dir='ltr'><strong>enim</strong></span> <span class='ocrx_word' id='word_1_30' title='bbox 511 315 598 350; x_wconf 91' lang='lat' dir='ltr'><strong>poetis</strong></span> <span class='ocrx_word' id='word_1_31' title='bbox 618 316 705 350; x_wconf 78' lang='lat' dir='ltr'><strong>magis</strong></span> <span class='ocrx_word' id='word_1_32' title='bbox 719 314 852 342; x_wconf 76' lang='lat' dir='ltr'><strong>familiare</strong></span> <span class='ocrx_word' id='word_1_33' title='bbox 863 320 943 348; x_wconf 87' lang='lat' dir='ltr'><strong>quam</strong></span> 
     </span>
    </p>
   </div>
   <div class='ocr_carea' id='block_1_6' title="bbox 151 355 943 391">
    <p class='ocr_par' dir='ltr' id='par_1_6' title="bbox 151 355 943 391">
     <span class='ocr_line' id='line_1_6' title="bbox 151 355 943 391; baseline -0.004 -7"><span class='ocrx_word' id='word_1_34' title='bbox 151 357 266 384; x_wconf 88' lang='lat' dir='ltr'><strong>de&#39;locis</strong></span> <span class='ocrx_word' id='word_1_35' title='bbox 287 357 391 384; x_wconf 90' lang='lat' dir='ltr'><strong>numini</strong></span> <span class='ocrx_word' id='word_1_36' title='bbox 410 357 527 385; x_wconf 89' lang='lat' dir='ltr'><strong>sacratis</strong></span> <span class='ocrx_word' id='word_1_37' title='bbox 552 357 578 384; x_wconf 88' lang='lat' dir='ltr'><strong>id</strong></span> <span class='ocrx_word' id='word_1_38' title='bbox 604 357 758 390; x_wconf 83' lang='lat' dir='ltr'><strong>usurpare?</strong></span> <span class='ocrx_word' id='word_1_39' title='bbox 786 355 943 391; x_wconf 64' lang='lat' dir='ltr'><strong>IEscbylus,</strong></span> 
     </span>
    </p>
   </div>
   <div class='ocr_carea' id='block_1_7' title="bbox 152 399 944 434">
    <p class='ocr_par' dir='ltr' id='par_1_7' title="bbox 152 399 944 434">
     <span class='ocr_line' id='line_1_7' title="bbox 152 399 944 434; baseline -0.003 -8"><span class='ocrx_word' id='word_1_40' title='bbox 152 399 244 427; x_wconf 78' lang='lat' dir='ltr'><strong>Persis</strong></span> <span class='ocrx_word' id='word_1_41' title='bbox 258 407 285 434; x_wconf 90' lang='lat' dir='ltr'><strong>p.</strong></span> <span class='ocrx_word' id='word_1_42' title='bbox 309 399 379 428; x_wconf 68' lang='lat' dir='ltr'><strong>I46:</strong></span> <span class='ocrx_word' id='word_1_43' title='bbox 399 399 489 434; x_wconf 81' lang='grc' dir='ltr'><strong>Νῆσός</strong></span> <span class='ocrx_word' id='word_1_44' title='bbox 515 408 558 431; x_wconf 82' lang='grc' dir='ltr'><strong>τις</strong></span> <span class='ocrx_word' id='word_1_45' title='bbox 583 399 642 426; x_wconf 82' lang='grc' dir='ltr'><strong>ἔστι</strong></span> <span class='ocrx_word' id='word_1_46' title='bbox 664 399 766 434; x_wconf 73' lang='grc' dir='ltr'><strong>πρόσθε</strong></span> <span class='ocrx_word' id='word_1_47' title='bbox 792 399 944 434; x_wconf 82' lang='grc' dir='ltr'><strong>Σαλαμῖνος</strong></span> 
     </span>
    </p>
   </div>
   <div class='ocr_carea' id='block_1_8' title="bbox 151 441 944 478">
    <p class='ocr_par' dir='ltr' id='par_1_8' title="bbox 151 441 944 478">
     <span class='ocr_line' id='line_1_8' title="bbox 151 441 944 478; baseline -0.001 -10"><span class='ocrx_word' id='word_1_48' title='bbox 151 442 253 474; x_wconf 71' lang='grc' dir='ltr'><strong>τόπων,</strong></span> <span class='ocrx_word' id='word_1_49' title='bbox 284 442 358 478; x_wconf 85' lang='grc' dir='ltr'><strong>βαιὰ,</strong></span> <span class='ocrx_word' id='word_1_50' title='bbox 375 442 512 478; x_wconf 77' lang='grc' dir='ltr'><strong>δύσορμος</strong></span> <span class='ocrx_word' id='word_1_51' title='bbox 534 443 640 474; x_wconf 76' lang='grc' dir='ltr'><strong>ναυσὶν,</strong></span> <span class='ocrx_word' id='word_1_52' title='bbox 667 443 701 477; x_wconf 85' lang='grc' dir='ltr'><strong>ἣν</strong></span> <span class='ocrx_word' id='word_1_53' title='bbox 724 442 867 477; x_wconf 61' lang='grc' dir='ltr'><strong>φιλόδωρος</strong></span> <span class='ocrx_word' id='word_1_54' title='bbox 887 441 944 468; x_wconf 73' lang='grc' dir='ltr'><strong>Πὰν</strong></span> 
     </span>
    </p>
   </div>
   <div class='ocr_carea' id='block_1_9' title="bbox 152 483 945 519">
    <p class='ocr_par' dir='ltr' id='par_1_9' title="bbox 152 483 945 519">
     <span class='ocr_line' id='line_1_9' title="bbox 152 483 945 519; baseline 0 -10"><span class='ocrx_word' id='word_1_55' title='bbox 152 483 312 519; x_wconf 74' lang='grc' dir='ltr'><strong>ἐμϐατεύει.</strong></span> <span class='ocrx_word' id='word_1_56' title='bbox 324 484 428 518; x_wconf 83' lang='lat' dir='ltr'><strong>Quibus</strong></span> <span class='ocrx_word' id='word_1_57' title='bbox 442 484 537 519; x_wconf 78' lang='lat' dir='ltr'><strong>tragici</strong></span> <span class='ocrx_word' id='word_1_58' title='bbox 547 485 671 511; x_wconf 83' lang='lat' dir='ltr'><strong>versibus</strong></span> <span class='ocrx_word' id='word_1_59' title='bbox 684 484 752 510; x_wconf 82' lang='lat' dir='ltr'><strong>alios</strong></span> <span class='ocrx_word' id='word_1_60' title='bbox 767 491 800 510; x_wconf 83' lang='lat' dir='ltr'><strong>ex</strong></span> <span class='ocrx_word' id='word_1_61' title='bbox 811 483 945 517; x_wconf 80' lang='lat' dir='ltr'><strong>Sophocle</strong></span> 
     </span>
    </p>
   </div>
   <div class='ocr_carea' id='block_1_10' title="bbox 152 525 944 561">
    <p class='ocr_par' dir='ltr' id='par_1_10' title="bbox 152 525 944 561">
     <span class='ocr_line' id='line_1_10' title="bbox 152 525 944 561; baseline 0 -9"><span class='ocrx_word' id='word_1_62' title='bbox 152 530 180 552; x_wconf 88' lang='lat' dir='ltr'><strong>et</strong></span> <span class='ocrx_word' id='word_1_63' title='bbox 203 525 331 561; x_wconf 82' lang='lat' dir='ltr'><strong>Euripide</strong></span> <span class='ocrx_word' id='word_1_64' title='bbox 354 531 488 561; x_wconf 70' lang='lat' dir='ltr'><strong>praestans</strong></span> <span class='ocrx_word' id='word_1_65' title='bbox 500 526 654 554; x_wconf 88' lang='lat' dir='ltr'><strong>eruditione</strong></span> <span class='ocrx_word' id='word_1_66' title='bbox 669 525 779 560; x_wconf 72' lang='lat' dir='ltr'><strong>juvenis</strong></span> <span class='ocrx_word' id='word_1_67' title='bbox 812 525 944 558; x_wconf 77' lang='lat' dir='ltr'><strong>Georgius</strong></span> 
     </span>
    </p>
   </div>
   <div class='ocr_carea' id='block_1_11' title="bbox 153 567 944 602">
    <p class='ocr_par' dir='ltr' id='par_1_11' title="bbox 153 567 944 602">
     <span class='ocr_line' id='line_1_11' title="bbox 153 567 944 602; baseline -0.001 -8"><span class='ocrx_word' id='word_1_68' title='bbox 153 567 299 595; x_wconf 74' lang='lat' dir='ltr'><strong>D&#39;Amaud</strong></span> <span class='ocrx_word' id='word_1_69' title='bbox 325 569 510 595; x_wconf 73' lang='lat' dir='ltr'><strong>Animadvers.</strong></span> <span class='ocrx_word' id='word_1_70' title='bbox 534 575 559 595; x_wconf 93' lang='lat' dir='ltr'><strong>c.</strong></span> <span class='ocrx_word' id='word_1_71' title='bbox 586 568 621 595; x_wconf 74' lang='grc' dir='ltr'><strong>δι</strong></span> <span class='ocrx_word' id='word_1_72' title='bbox 650 568 784 602; x_wconf 84' lang='lat' dir='ltr'><strong>apposuit.</strong></span> <span class='ocrx_word' id='word_1_73' title='bbox 811 567 944 594; x_wconf 79' lang='lat' dir='ltr'><strong>Aristides</strong></span> 
     </span>
    </p>
   </div>
   <div class='ocr_carea' id='block_1_12' title="bbox 152 607 944 643">
    <p class='ocr_par' dir='ltr' id='par_1_12' title="bbox 152 607 944 643">
     <span class='ocr_line' id='line_1_12' title="bbox 152 607 944 643; baseline -0.003 -9"><span class='ocrx_word' id='word_1_74' title='bbox 152 611 220 635; x_wconf 65' lang='lat' dir='ltr'><strong>tum.</strong></span> <span class='ocrx_word' id='word_1_75' title='bbox 234 607 267 640; x_wconf 89' lang='lat' dir='ltr'><strong>II,</strong></span> <span class='ocrx_word' id='word_1_76' title='bbox 295 616 322 643; x_wconf 88' lang='lat' dir='ltr'><strong>p.</strong></span> <span class='ocrx_word' id='word_1_77' title='bbox 334 608 387 635; x_wconf 80' lang='lat'><strong>307</strong></span> <span class='ocrx_word' id='word_1_78' title='bbox 402 617 408 634; x_wconf 89' lang='lat'><strong>:</strong></span> <span class='ocrx_word' id='word_1_79' title='bbox 428 609 459 635; x_wconf 84' lang='lat' dir='ltr'><strong>Oi</strong></span> <span class='ocrx_word' id='word_1_80' title='bbox 473 608 590 635; x_wconf 79' lang='grc' dir='ltr'><strong>Μουσῶν</strong></span> <span class='ocrx_word' id='word_1_81' title='bbox 612 609 659 634; x_wconf 64' lang='grc' dir='ltr'><strong>καὶ</strong></span> <span class='ocrx_word' id='word_1_82' title='bbox 680 607 808 642; x_wconf 78' lang='grc' dir='ltr'><strong>Χαρίτων</strong></span> <span class='ocrx_word' id='word_1_83' title='bbox 823 607 900 642; x_wconf 67' lang='grc' dir='ltr'><strong>χοροὶ</strong></span> <span class='ocrx_word' id='word_1_84' title='bbox 919 607 944 632; x_wconf 81' lang='lat' dir='ltr'><strong>oi.</strong></span> 
     </span>
    </p>
   </div>
   <div class='ocr_carea' id='block_1_13' title="bbox 152 649 943 685">
    <p class='ocr_par' dir='ltr' id='par_1_13' title="bbox 152 649 943 685">
     <span class='ocr_line' id='line_1_13' title="bbox 152 649 943 685; baseline -0.001 -9"><span class='ocrx_word' id='word_1_85' title='bbox 152 650 187 676; x_wconf 82' lang='grc' dir='ltr'><strong>δι’</strong></span> <span class='ocrx_word' id='word_1_86' title='bbox 201 649 300 682; x_wconf 75' lang='grc' dir='ltr'><strong>αἰῶνος</strong></span> <span class='ocrx_word' id='word_1_87' title='bbox 311 650 360 685; x_wconf 85' lang='grc' dir='ltr'><strong>τὴν</strong></span> <span class='ocrx_word' id='word_1_88' title='bbox 372 650 450 676; x_wconf 74' lang='grc' dir='ltr'>πόλιν</span> <span class='ocrx_word' id='word_1_89' title='bbox 463 650 670 685; x_wconf 78' lang='grc' dir='ltr'><strong>ἐμϐατεύοντες.</strong></span> <span class='ocrx_word' id='word_1_90' title='bbox 680 649 808 676; x_wconf 84' lang='lat' dir='ltr'><strong>Libauius</strong></span> <span class='ocrx_word' id='word_1_91' title='bbox 816 649 943 676; x_wconf 80' lang='lat' dir='ltr'><strong>Antioch.</strong></span> 
     </span>
    </p>
   </div>
   <div class='ocr_carea' id='block_1_14' title="bbox 152 689 945 726">
    <p class='ocr_par' dir='ltr' id='par_1_14' title="bbox 152 689 945 726">
     <span class='ocr_line' id='line_1_14' title="bbox 152 689 945 726; baseline 0.001 -9"><span class='ocrx_word' id='word_1_92' title='bbox 152 700 179 725; x_wconf 81' lang='grc' dir='ltr'><strong>ιι.</strong></span> <span class='ocrx_word' id='word_1_93' title='bbox 193 691 265 719; x_wconf 79' lang='grc' dir='ltr'><strong>55οτ</strong></span> <span class='ocrx_word' id='word_1_94' title='bbox 286 692 329 723; x_wconf 85' lang='grc' dir='ltr'><strong>Ὠς</strong></span> <span class='ocrx_word' id='word_1_95' title='bbox 353 692 367 717; x_wconf 85' lang='grc' dir='ltr'><strong>ὁ</strong></span> <span class='ocrx_word' id='word_1_96' title='bbox 383 693 449 723; x_wconf 71' lang='grc' dir='ltr'><strong>Θεὸς</strong></span> <span class='ocrx_word' id='word_1_97' title='bbox 471 692 649 726; x_wconf 76' lang='grc' dir='ltr'><strong>ἐμϐατεῖ-τὸν</strong></span> <span class='ocrx_word' id='word_1_98' title='bbox 663 691 755 723; x_wconf 78' lang='grc' dir='ltr'><strong>τόπον,</strong></span> <span class='ocrx_word' id='word_1_99' title='bbox 778 691 836 717; x_wconf 80' lang='lat' dir='ltr'><strong>sive</strong></span> <span class='ocrx_word' id='word_1_100' title='bbox 856 689 945 725; x_wconf 83' lang='lat' dir='ltr'><strong>potius</strong></span> 
     </span>
    </p>
   </div>
   <div class='ocr_carea' id='block_1_15' title="bbox 153 732 944 769">
    <p class='ocr_par' dir='ltr' id='par_1_15' title="bbox 153 732 944 769">
     <span class='ocr_line' id='line_1_15' title="bbox 153 732 944 769; baseline 0.001 -10"><span class='ocrx_word' id='word_1_101' title='bbox 153 734 314 767; x_wconf 74' lang='grc' dir='ltr'><strong>ἒμὸατεύει.</strong></span> <span class='ocrx_word' id='word_1_102' title='bbox 331 733 476 769; x_wconf 77' lang='lat' dir='ltr'><strong>Euripides</strong></span> <span class='ocrx_word' id='word_1_103' title='bbox 490 734 559 767; x_wconf 90' lang='lat' dir='ltr'><strong>apud</strong></span> <span class='ocrx_word' id='word_1_104' title='bbox 578 733 736 769; x_wconf 84' lang='lat' dir='ltr'><strong>Dionysium</strong></span> <span class='ocrx_word' id='word_1_105' title='bbox 750 733 783 760; x_wconf 92' lang='lat' dir='ltr'><strong>de</strong></span> <span class='ocrx_word' id='word_1_106' title='bbox 799 732 944 767; x_wconf 74' lang='lat' dir='ltr'><strong>Composit.</strong></span> 
     </span>
    </p>
   </div>
   <div class='ocr_carea' id='block_1_16' title="bbox 158 775 945 810">
    <p class='ocr_par' dir='ltr' id='par_1_16' title="bbox 158 775 945 810">
     <span class='ocr_line' id='line_1_16' title="bbox 158 775 945 810; baseline 0.001 -10"><span class='ocrx_word' id='word_1_107' title='bbox 158 775 267 803; x_wconf 76' lang='lat' dir='ltr'><strong>Verbor.</strong></span> <span class='ocrx_word' id='word_1_108' title='bbox 285 783 311 810; x_wconf 88' lang='lat' dir='ltr'><strong>p.</strong></span> <span class='ocrx_word' id='word_1_109' title='bbox 330 776 384 803; x_wconf 66' lang='lat'><strong>256</strong></span> <span class='ocrx_word' id='word_1_110' title='bbox 403 777 471 803; x_wconf 87' lang='lat' dir='ltr'><strong>edit.</strong></span> <span class='ocrx_word' id='word_1_111' title='bbox 499 775 617 803; x_wconf 86' lang='lat' dir='ltr'><strong>Londin.</strong></span> <span class='ocrx_word' id='word_1_112' title='bbox 646 776 708 802; x_wconf 80' lang='grc' dir='ltr'><strong>ὅστε</strong></span> <span class='ocrx_word' id='word_1_113' title='bbox 726 775 826 810; x_wconf 74' lang='grc' dir='ltr'>πέτρον</span> <span class='ocrx_word' id='word_1_114' title='bbox 845 775 945 810; x_wconf 77' lang='grc' dir='ltr'><strong>Ἀρκά-</strong></span> 
     </span>
    </p>
   </div>
   <div class='ocr_carea' id='block_1_17' title="bbox 152 811 945 854">
    <p class='ocr_par' dir='ltr' id='par_1_17' title="bbox 152 811 945 854">
     <span class='ocr_line' id='line_1_17' title="bbox 152 811 945 854; baseline 0.001 -11"><span class='ocrx_word' id='word_1_115' title='bbox 152 816 206 843; x_wconf 86' lang='grc' dir='ltr'><strong>δων</strong></span> <span class='ocrx_word' id='word_1_116' title='bbox 221 817 408 854; x_wconf 64' lang='grc' dir='ltr'><strong>δυτιειμέρων</strong></span> <span class='ocrx_word' id='word_1_117' title='bbox 423 817 636 853; x_wconf 67' lang='grc' dir='ltr'><strong>ὲπεμὸατεύεις.</strong></span> <span class='ocrx_word' id='word_1_118' title='bbox 670 817 751 852; x_wconf 79' lang='lat' dir='ltr'><strong>Igitur</strong></span> <span class='ocrx_word' id='word_1_119' title='bbox 770 811 945 844; x_wconf 56' lang='lat' dir='ltr'><strong>distiutitione</strong></span> 
     </span>
    </p>
   </div>
   <div class='ocr_carea' id='block_1_18' title="bbox 155 858 944 894">
    <p class='ocr_par' dir='ltr' id='par_1_18' title="bbox 155 858 944 894">
     <span class='ocr_line' id='line_1_18' title="bbox 155 858 944 894; baseline 0 -9"><span class='ocrx_word' id='word_1_120' title='bbox 155 867 209 886; x_wconf 89' lang='lat' dir='ltr'><strong>non</strong></span> <span class='ocrx_word' id='word_1_121' title='bbox 238 864 281 887; x_wconf 83' lang='lat' dir='ltr'><strong>est</strong></span> <span class='ocrx_word' id='word_1_122' title='bbox 307 860 383 894; x_wconf 90' lang='lat' dir='ltr'><strong>prior</strong></span> <span class='ocrx_word' id='word_1_123' title='bbox 410 868 424 887; x_wconf 89' lang='lat' dir='ltr'><strong>a</strong></span> <span class='ocrx_word' id='word_1_124' title='bbox 451 860 602 894; x_wconf 87' lang='lat' dir='ltr'><strong>posteriore</strong></span> <span class='ocrx_word' id='word_1_125' title='bbox 623 867 704 886; x_wconf 88' lang='lat' dir='ltr'><strong>versu</strong></span> <span class='ocrx_word' id='word_1_126' title='bbox 732 858 944 891; x_wconf 78' lang='lat' dir='ltr'><strong>dissoriandus;</strong></span> 
     </span>
    </p>
   </div>
   <div class='ocr_carea' id='block_1_19' title="bbox 154 899 945 936">
    <p class='ocr_par' dir='ltr' id='par_1_19' title="bbox 154 899 945 936">
     <span class='ocr_line' id='line_1_19' title="bbox 154 899 945 936; baseline 0.001 -10"><span class='ocrx_word' id='word_1_127' title='bbox 154 908 272 935; x_wconf 87' lang='lat' dir='ltr'><strong>cumque</strong></span> <span class='ocrx_word' id='word_1_128' title='bbox 284 900 409 936; x_wconf 72' lang='grc' dir='ltr'><strong>βαεάκτα</strong></span> <span class='ocrx_word' id='word_1_129' title='bbox 419 901 529 928; x_wconf 79' lang='grc' dir='ltr'><strong>Γάλλων</strong></span> <span class='ocrx_word' id='word_1_130' title='bbox 541 902 632 928; x_wconf 89' lang='lat' dir='ltr'><strong>minus</strong></span> <span class='ocrx_word' id='word_1_131' title='bbox 649 901 790 928; x_wconf 87' lang='lat' dir='ltr'><strong>conunode</strong></span> <span class='ocrx_word' id='word_1_132' title='bbox 807 899 862 927; x_wconf 85' lang='lat' dir='ltr'><strong>Pan</strong></span> <span class='ocrx_word' id='word_1_133' title='bbox 876 908 945 927; x_wconf 77' lang='lat' dir='ltr'><strong>miu-</strong></span> 
     </span>
    </p>
   </div>
   <div class='ocr_carea' id='block_1_20' title="bbox 153 943 946 979">
    <p class='ocr_par' dir='ltr' id='par_1_20' title="bbox 153 943 946 979">
     <span class='ocr_line' id='line_1_20' title="bbox 153 943 946 979; baseline -0.004 -9"><span class='ocrx_word' id='word_1_134' title='bbox 153 948 280 976; x_wconf 77' lang='lat' dir='ltr'><strong>cupetur,</strong></span> <span class='ocrx_word' id='word_1_135' title='bbox 300 944 422 979; x_wconf 73' lang='lat' dir='ltr'><strong>praeferri</strong></span> <span class='ocrx_word' id='word_1_136' title='bbox 443 949 601 975; x_wconf 77' lang='lat' dir='ltr'><strong>oportuerat</strong></span> <span class='ocrx_word' id='word_1_137' title='bbox 617 944 688 978; x_wconf 85' lang='lat' dir='ltr'><strong>quod</strong></span> <span class='ocrx_word' id='word_1_138' title='bbox 712 944 738 969; x_wconf 91' lang='lat' dir='ltr'><strong>in</strong></span> <span class='ocrx_word' id='word_1_139' title='bbox 756 950 806 970; x_wconf 88' lang='lat' dir='ltr'><strong>ms.</strong></span> <span class='ocrx_word' id='word_1_140' title='bbox 835 943 946 969; x_wconf 83' lang='lat' dir='ltr'><strong>Floren-</strong></span> 
     </span>
    </p>
   </div>
   <div class='ocr_carea' id='block_1_21' title="bbox 154 984 946 1020">
    <p class='ocr_par' dir='ltr' id='par_1_21' title="bbox 154 984 946 1020">
     <span class='ocr_line' id='line_1_21' title="bbox 154 984 946 1020; baseline 0.001 -9"><span class='ocrx_word' id='word_1_141' title='bbox 154 984 212 1012; x_wconf 89' lang='lat' dir='ltr'><strong>tino</strong></span> <span class='ocrx_word' id='word_1_142' title='bbox 228 985 262 1012; x_wconf 86' lang='lat' dir='ltr'><strong>Is.</strong></span> <span class='ocrx_word' id='word_1_143' title='bbox 278 984 390 1014; x_wconf 80' lang='lat' dir='ltr'><strong>Vossius</strong></span> <span class='ocrx_word' id='word_1_144' title='bbox 406 987 432 1014; x_wconf 90' lang='lat' dir='ltr'><strong>in</strong></span> <span class='ocrx_word' id='word_1_145' title='bbox 450 986 585 1014; x_wconf 80' lang='lat' dir='ltr'><strong>Catullum</strong></span> <span class='ocrx_word' id='word_1_146' title='bbox 605 994 632 1020; x_wconf 86' lang='lat' dir='ltr'><strong>p.</strong></span> <span class='ocrx_word' id='word_1_147' title='bbox 651 986 701 1012; x_wconf 79' lang='grc'><strong>105</strong></span> <span class='ocrx_word' id='word_1_148' title='bbox 718 985 799 1020; x_wconf 79' lang='lat' dir='ltr'><strong>legit,</strong></span> <span class='ocrx_word' id='word_1_149' title='bbox 819 985 946 1019; x_wconf 70' lang='grc' dir='ltr'><strong>βαϐάκτα</strong></span> 
     </span>
    </p>
   </div>
   <div class='ocr_carea' id='block_1_22' title="bbox 154 1027 946 1064">
    <p class='ocr_par' dir='ltr' id='par_1_22' title="bbox 154 1027 946 1064">
     <span class='ocr_line' id='line_1_22' title="bbox 154 1027 946 1064; baseline -0.001 -9"><span class='ocrx_word' id='word_1_150' title='bbox 154 1030 255 1064; x_wconf 77' lang='grc' dir='ltr'><strong>κήλων.</strong></span> <span class='ocrx_word' id='word_1_151' title='bbox 273 1028 306 1056; x_wconf 83' lang='lat' dir='ltr'><strong>Et</strong></span> <span class='ocrx_word' id='word_1_152' title='bbox 320 1032 394 1056; x_wconf 91' lang='lat' dir='ltr'><strong>tanto</strong></span> <span class='ocrx_word' id='word_1_153' title='bbox 410 1029 519 1064; x_wconf 87' lang='lat' dir='ltr'><strong>quidem</strong></span> <span class='ocrx_word' id='word_1_154' title='bbox 544 1029 641 1063; x_wconf 78' lang='lat' dir='ltr'><strong>magis,</strong></span> <span class='ocrx_word' id='word_1_155' title='bbox 655 1028 785 1062; x_wconf 88' lang='lat' dir='ltr'><strong>quoniam</strong></span> <span class='ocrx_word' id='word_1_156' title='bbox 807 1027 946 1062; x_wconf 77' lang='lat' dir='ltr'><strong>Etymolo-</strong></span> 
     </span>
    </p>
   </div>
   <div class='ocr_carea' id='block_1_23' title="bbox 154 1069 943 1103">
    <p class='ocr_par' dir='ltr' id='par_1_23' title="bbox 154 1069 943 1103">
     <span class='ocr_line' id='line_1_23' title="bbox 154 1069 943 1103; baseline -0.001 -6"><span class='ocrx_word' id='word_1_157' title='bbox 154 1078 204 1103; x_wconf 70' lang='lat' dir='ltr'><strong>gus</strong></span> <span class='ocrx_word' id='word_1_158' title='bbox 220 1070 368 1097; x_wconf 87' lang='lat' dir='ltr'><strong>nonaliter</strong></span> <span class='ocrx_word' id='word_1_159' title='bbox 391 1078 500 1098; x_wconf 90' lang='lat' dir='ltr'><strong>versum</strong></span> <span class='ocrx_word' id='word_1_160' title='bbox 529 1071 600 1097; x_wconf 88' lang='lat' dir='ltr'><strong>hunc</strong></span> <span class='ocrx_word' id='word_1_161' title='bbox 632 1070 746 1102; x_wconf 77' lang='lat' dir='ltr'><strong>Cratini,</strong></span> <span class='ocrx_word' id='word_1_162' title='bbox 774 1077 838 1097; x_wconf 89' lang='lat' dir='ltr'><strong>non.</strong></span> <span class='ocrx_word' id='word_1_163' title='bbox 864 1074 895 1096; x_wconf 92' lang='lat' dir='ltr'><strong>ut</strong></span> <span class='ocrx_word' id='word_1_164' title='bbox 913 1069 943 1096; x_wconf 87' lang='lat' dir='ltr'><strong>D.</strong></span> 
     </span>
    </p>
   </div>
   <div class='ocr_carea' id='block_1_24' title="bbox 156 1111 946 1147">
    <p class='ocr_par' dir='ltr' id='par_1_24' title="bbox 156 1111 946 1147">
     <span class='ocr_line' id='line_1_24' title="bbox 156 1111 946 1147; baseline -0.001 -9"><span class='ocrx_word' id='word_1_165' title='bbox 156 1112 282 1140; x_wconf 83' lang='lat' dir='ltr'><strong>Heinsius</strong></span> <span class='ocrx_word' id='word_1_166' title='bbox 298 1113 324 1139; x_wconf 91' lang='lat' dir='ltr'><strong>in</strong></span> <span class='ocrx_word' id='word_1_167' title='bbox 341 1112 400 1140; x_wconf 85' lang='lat' dir='ltr'><strong>Silii</strong></span> <span class='ocrx_word' id='word_1_168' title='bbox 419 1112 437 1139; x_wconf 90' lang='lat' dir='ltr'><strong>l.</strong></span> <span class='ocrx_word' id='word_1_169' title='bbox 453 1120 515 1145; x_wconf 92' lang='grc' dir='ltr'><strong>χιιι,</strong></span> <span class='ocrx_word' id='word_1_170' title='bbox 529 1112 592 1144; x_wconf 75' lang='lat'><strong>329,</strong></span> <span class='ocrx_word' id='word_1_171' title='bbox 617 1119 774 1146; x_wconf 79' lang='lat' dir='ltr'><strong>quanquam</strong></span> <span class='ocrx_word' id='word_1_172' title='bbox 793 1111 884 1147; x_wconf 69' lang='grc' dir='ltr'><strong>κήλων</strong></span> <span class='ocrx_word' id='word_1_173' title='bbox 899 1118 946 1145; x_wconf 87' lang='lat' dir='ltr'><strong>ap-</strong></span> 
     </span>
    </p>
   </div>
   <div class='ocr_carea' id='block_1_25' title="bbox 154 1153 946 1190">
    <p class='ocr_par' dir='ltr' id='par_1_25' title="bbox 154 1153 946 1190">
     <span class='ocr_line' id='line_1_25' title="bbox 154 1153 946 1190; baseline -0.001 -10"><span class='ocrx_word' id='word_1_174' title='bbox 154 1155 288 1190; x_wconf 83' lang='lat' dir='ltr'><strong>probans,</strong></span> <span class='ocrx_word' id='word_1_175' title='bbox 301 1154 411 1189; x_wconf 86' lang='lat' dir='ltr'><strong>Diphili,</strong></span> <span class='ocrx_word' id='word_1_176' title='bbox 427 1154 557 1188; x_wconf 84' lang='lat' dir='ltr'><strong>scriptum</strong></span> <span class='ocrx_word' id='word_1_177' title='bbox 573 1154 718 1181; x_wconf 80' lang='lat' dir='ltr'><strong>invenerit.</strong></span> <span class='ocrx_word' id='word_1_178' title='bbox 739 1153 837 1188; x_wconf 75' lang='grc' dir='ltr'><strong>Κή),ων</strong></span> <span class='ocrx_word' id='word_1_179' title='bbox 856 1158 946 1180; x_wconf 86' lang='lat' dir='ltr'><strong>autem</strong></span> 
     </span>
    </p>
   </div>
   <div class='ocr_carea' id='block_1_26' title="bbox 154 1195 946 1230">
    <p class='ocr_par' dir='ltr' id='par_1_26' title="bbox 154 1195 946 1230">
     <span class='ocr_line' id='line_1_26' title="bbox 154 1195 946 1230; baseline -0.001 -8"><span class='ocrx_word' id='word_1_180' title='bbox 154 1204 216 1223; x_wconf 86' lang='lat' dir='ltr'><strong>cum</strong></span> <span class='ocrx_word' id='word_1_181' title='bbox 235 1196 305 1223; x_wconf 82' lang='lat' dir='ltr'><strong>idem</strong></span> <span class='ocrx_word' id='word_1_182' title='bbox 319 1197 353 1222; x_wconf 92' lang='lat' dir='ltr'><strong>sil</strong></span> <span class='ocrx_word' id='word_1_183' title='bbox 366 1203 398 1223; x_wconf 91' lang='lat' dir='ltr'><strong>ac</strong></span> <span class='ocrx_word' id='word_1_184' title='bbox 412 1195 513 1230; x_wconf 76' lang='grc' dir='ltr'>θερμὸς</span> <span class='ocrx_word' id='word_1_185' title='bbox 537 1195 577 1226; x_wconf 84' lang='grc' dir='ltr'><strong>εὶς</strong></span> <span class='ocrx_word' id='word_1_186' title='bbox 591 1195 640 1230; x_wconf 78' lang='grc' dir='ltr'><strong>τὴν</strong></span> <span class='ocrx_word' id='word_1_187' title='bbox 657 1195 813 1227; x_wconf 74' lang='grc' dir='ltr'><strong>συνουσίαν,</strong></span> <span class='ocrx_word' id='word_1_188' title='bbox 827 1195 892 1229; x_wconf 88' lang='lat' dir='ltr'><strong>quin</strong></span> <span class='ocrx_word' id='word_1_189' title='bbox 913 1195 946 1221; x_wconf 86' lang='lat' dir='ltr'><strong>de</strong></span> 
     </span>
    </p>
   </div>
   <div class='ocr_carea' id='block_1_27' title="bbox 155 1236 946 1272">
    <p class='ocr_par' dir='ltr' id='par_1_27' title="bbox 155 1236 946 1272">
     <span class='ocr_line' id='line_1_27' title="bbox 155 1236 946 1272; baseline -0.004 -7"><span class='ocrx_word' id='word_1_190' title='bbox 155 1238 300 1272; x_wconf 58' lang='lat' dir='ltr'><strong>capripede</strong></span> <span class='ocrx_word' id='word_1_191' title='bbox 316 1237 368 1264; x_wconf 88' lang='lat' dir='ltr'><strong>deo</strong></span> <span class='ocrx_word' id='word_1_192' title='bbox 381 1238 522 1264; x_wconf 88' lang='lat' dir='ltr'><strong>verissime</strong></span> <span class='ocrx_word' id='word_1_193' title='bbox 547 1237 746 1271; x_wconf 84' lang='lat' dir='ltr'><strong>pronuntietur,</strong></span> <span class='ocrx_word' id='word_1_194' title='bbox 775 1245 854 1263; x_wconf 70' lang='lat' dir='ltr'><strong>neuio</strong></span> <span class='ocrx_word' id='word_1_195' title='bbox 868 1236 946 1263; x_wconf 90' lang='lat' dir='ltr'><strong>dubi-</strong></span> 
     </span>
    </p>
   </div>
   <div class='ocr_carea' id='block_1_28' title="bbox 157 1278 945 1314">
    <p class='ocr_par' dir='ltr' id='par_1_28' title="bbox 157 1278 945 1314">
     <span class='ocr_line' id='line_1_28' title="bbox 157 1278 945 1314; baseline -0.001 -10"><span class='ocrx_word' id='word_1_196' title='bbox 157 1279 265 1307; x_wconf 85' lang='lat' dir='ltr'><strong>taverit.</strong></span> <span class='ocrx_word' id='word_1_197' title='bbox 284 1279 372 1314; x_wconf 79' lang='lat' dir='ltr'><strong>Atque</strong></span> <span class='ocrx_word' id='word_1_198' title='bbox 386 1279 438 1306; x_wconf 92' lang='lat' dir='ltr'><strong>hoc</strong></span> <span class='ocrx_word' id='word_1_199' title='bbox 453 1279 541 1306; x_wconf 84' lang='lat' dir='ltr'><strong>obiter</strong></span> <span class='ocrx_word' id='word_1_200' title='bbox 555 1287 561 1304; x_wconf 89' lang='lat'><strong>:</strong></span> <span class='ocrx_word' id='word_1_201' title='bbox 579 1286 641 1306; x_wconf 90' lang='lat' dir='ltr'><strong>nam</strong></span> <span class='ocrx_word' id='word_1_202' title='bbox 659 1278 763 1305; x_wconf 87' lang='lat' dir='ltr'><strong>Cratini</strong></span> <span class='ocrx_word' id='word_1_203' title='bbox 776 1278 945 1311; x_wconf 76' lang='lat' dir='ltr'><strong>Pelasgicmn</strong></span> 
     </span>
    </p>
   </div>
   <div class='ocr_carea' id='block_1_29' title="bbox 153 1319 943 1357">
    <p class='ocr_par' dir='ltr' id='par_1_29' title="bbox 153 1319 943 1357">
     <span class='ocr_line' id='line_1_29' title="bbox 153 1319 943 1357; baseline -0.001 -10"><span class='ocrx_word' id='word_1_204' title='bbox 153 1321 243 1355; x_wconf 78' lang='lat' dir='ltr'><strong>Argos</strong></span> <span class='ocrx_word' id='word_1_205' title='bbox 256 1322 393 1357; x_wconf 84' lang='lat' dir='ltr'><strong>quodnam</strong></span> <span class='ocrx_word' id='word_1_206' title='bbox 410 1321 445 1348; x_wconf 87' lang='lat' dir='ltr'><strong>sit</strong></span> <span class='ocrx_word' id='word_1_207' title='bbox 462 1322 561 1355; x_wconf 73' lang='lat' dir='ltr'><strong>(neque</strong></span> <span class='ocrx_word' id='word_1_208' title='bbox 576 1320 648 1348; x_wconf 88' lang='lat' dir='ltr'><strong>enim</strong></span> <span class='ocrx_word' id='word_1_209' title='bbox 662 1319 852 1347; x_wconf 87' lang='lat' dir='ltr'><strong>Thessalicum</strong></span> <span class='ocrx_word' id='word_1_210' title='bbox 868 1319 943 1346; x_wconf 84' lang='lat' dir='ltr'><strong>vide-</strong></span> 
     </span>
    </p>
   </div>
   <div class='ocr_carea' id='block_1_30' title="bbox 155 1361 881 1398">
    <p class='ocr_par' dir='ltr' id='par_1_30' title="bbox 155 1361 881 1398">
     <span class='ocr_line' id='line_1_30' title="bbox 155 1361 881 1398; baseline -0.001 -9"><span class='ocrx_word' id='word_1_211' title='bbox 155 1363 209 1398; x_wconf 76' lang='lat' dir='ltr'><strong>tur)</strong></span> <span class='ocrx_word' id='word_1_212' title='bbox 225 1361 267 1390; x_wconf 89' lang='lat' dir='ltr'><strong>Ti.</strong></span> <span class='ocrx_word' id='word_1_213' title='bbox 281 1362 503 1390; x_wconf 87' lang='lat' dir='ltr'><strong>IIemslerhusins</strong></span> <span class='ocrx_word' id='word_1_214' title='bbox 525 1362 678 1397; x_wconf 80' lang='lat' dir='ltr'><strong>propediem</strong></span> <span class='ocrx_word' id='word_1_215' title='bbox 696 1369 746 1389; x_wconf 86' lang='lat' dir='ltr'><strong>nos</strong></span> <span class='ocrx_word' id='word_1_216' title='bbox 761 1361 881 1388; x_wconf 75' lang='lat' dir='ltr'><strong>docebit.</strong></span> 
     </span>
    </p>
   </div>
   <div class='ocr_carea' id='block_1_31' title="bbox 190 1403 945 1438">
    <p class='ocr_par' dir='ltr' id='par_1_31' title="bbox 190 1403 945 1438">
     <span class='ocr_line' id='line_1_31' title="bbox 190 1403 945 1438; baseline -0.003 -7"><span class='ocrx_word' id='word_1_217' title='bbox 190 1404 248 1432; x_wconf 77' lang='lat' dir='ltr'><strong>Col.</strong></span> <span class='ocrx_word' id='word_1_218' title='bbox 271 1404 333 1432; x_wconf 69' lang='lat' dir='ltr'><strong>1M.</strong></span> <span class='ocrx_word' id='word_1_219' title='bbox 357 1404 538 1438; x_wconf 78' lang='grc' dir='ltr'><strong>Εὐστράτον.</strong></span> <span class='ocrx_word' id='word_1_220' title='bbox 560 1403 619 1431; x_wconf 73' lang='lat' dir='ltr'><strong>Non</strong></span> <span class='ocrx_word' id='word_1_221' title='bbox 639 1403 945 1436; x_wconf 31' lang='lat' dir='ltr'><strong>aliter‘Constanlinus.</strong></span> 
     </span>
    </p>
   </div>
   <div class='ocr_carea' id='block_1_32' title="bbox 154 1445 945 1483">
    <p class='ocr_par' dir='ltr' id='par_1_32' title="bbox 154 1445 945 1483">
     <span class='ocr_line' id='line_1_32' title="bbox 154 1445 945 1483; baseline 0.001 -11"><span class='ocrx_word' id='word_1_222' title='bbox 154 1445 269 1474; x_wconf 81' lang='lat' dir='ltr'><strong>Rectum</strong></span> <span class='ocrx_word' id='word_1_223' title='bbox 297 1455 358 1474; x_wconf 88' lang='lat' dir='ltr'><strong>esse</strong></span> <span class='ocrx_word' id='word_1_224' title='bbox 385 1448 532 1483; x_wconf 74' lang='grc' dir='ltr'><strong>Δῖστραιον</strong></span> <span class='ocrx_word' id='word_1_225' title='bbox 548 1447 709 1474; x_wconf 71' lang='lat' dir='ltr'><strong>Ptolemaeus</strong></span> <span class='ocrx_word' id='word_1_226' title='bbox 722 1451 749 1474; x_wconf 88' lang='lat' dir='ltr'><strong>et</strong></span> <span class='ocrx_word' id='word_1_227' title='bbox 764 1445 945 1474; x_wconf 67' lang='lat' dir='ltr'><strong>[iisti-menses</strong></span> 
     </span>
    </p>
   </div>
   <div class='ocr_carea' id='block_1_33' title="bbox 155 1487 521 1520">
    <p class='ocr_par' dir='ltr' id='par_1_33' title="bbox 155 1487 521 1520">
     <span class='ocr_line' id='line_1_33' title="bbox 155 1487 521 1520; baseline 0.005 -5"><span class='ocrx_word' id='word_1_228' title='bbox 155 1487 241 1515; x_wconf 77' lang='lat' dir='ltr'><strong>Plinii</strong></span> <span class='ocrx_word' id='word_1_229' title='bbox 260 1496 298 1520; x_wconf 85' lang='lat' dir='ltr'><strong>tv,</strong></span> <span class='ocrx_word' id='word_1_230' title='bbox 316 1489 348 1516; x_wconf 82' lang='grc'>10</span> <span class='ocrx_word' id='word_1_231' title='bbox 362 1491 521 1517; x_wconf 77' lang='lat' dir='ltr'><strong>ostendunt.</strong></span> 
     </span>
    </p>
   </div>
   <div class='ocr_carea' id='block_1_34' title="bbox 192 1529 947 1566">
    <p class='ocr_par' dir='ltr' id='par_1_34' title="bbox 192 1529 947 1566">
     <span class='ocr_line' id='line_1_34' title="bbox 192 1529 947 1566; baseline 0 -9"><span class='ocrx_word' id='word_1_232' title='bbox 192 1529 261 1558; x_wconf 93' lang='lat' dir='ltr'><strong>Ibid.</strong></span> <span class='ocrx_word' id='word_1_233' title='bbox 278 1532 459 1565; x_wconf 80' lang='grc' dir='ltr'><strong>Πελαγονία.</strong></span> <span class='ocrx_word' id='word_1_234' title='bbox 477 1532 538 1558; x_wconf 90' lang='lat' dir='ltr'><strong>Non</strong></span> <span class='ocrx_word' id='word_1_235' title='bbox 556 1531 631 1558; x_wconf 91' lang='lat' dir='ltr'><strong>urbis</strong></span> <span class='ocrx_word' id='word_1_236' title='bbox 643 1552 651 1564; x_wconf 88' lang='lat'><strong>,</strong></span> <span class='ocrx_word' id='word_1_237' title='bbox 669 1531 740 1566; x_wconf 89' lang='lat' dir='ltr'><strong>quod</strong></span> <span class='ocrx_word' id='word_1_238' title='bbox 764 1531 828 1558; x_wconf 90' lang='lat' dir='ltr'><strong>olim</strong></span> <span class='ocrx_word' id='word_1_239' title='bbox 851 1530 947 1565; x_wconf 84' lang='lat' dir='ltr'><strong>opina-</strong></span> 
     </span>
    </p>
   </div>
   <div class='ocr_carea' id='block_1_35' title="bbox 157 1572 947 1606">
    <p class='ocr_par' dir='ltr' id='par_1_35' title="bbox 157 1572 947 1606">
     <span class='ocr_line' id='line_1_35' title="bbox 157 1572 947 1606; baseline 0.003 -9"><span class='ocrx_word' id='word_1_240' title='bbox 157 1572 218 1604; x_wconf 91' lang='lat' dir='ltr'><strong>bar,</strong></span> <span class='ocrx_word' id='word_1_241' title='bbox 234 1572 281 1599; x_wconf 87' lang='lat' dir='ltr'><strong>sed</strong></span> <span class='ocrx_word' id='word_1_242' title='bbox 296 1572 414 1606; x_wconf 74' lang='lat' dir='ltr'><strong>regionis</strong></span> <span class='ocrx_word' id='word_1_243' title='bbox 426 1577 468 1599; x_wconf 90' lang='lat' dir='ltr'><strong>est</strong></span> <span class='ocrx_word' id='word_1_244' title='bbox 481 1580 590 1600; x_wconf 87' lang='lat' dir='ltr'><strong>nomen.</strong></span> <span class='ocrx_word' id='word_1_245' title='bbox 607 1572 668 1599; x_wconf 84' lang='lat' dir='ltr'><strong>Fuit</strong></span> <span class='ocrx_word' id='word_1_246' title='bbox 683 1573 776 1606; x_wconf 82' lang='lat' dir='ltr'><strong>utique</strong></span> <span class='ocrx_word' id='word_1_247' title='bbox 791 1579 824 1600; x_wconf 83' lang='lat' dir='ltr'><strong>eo</strong></span> <span class='ocrx_word' id='word_1_248' title='bbox 839 1573 947 1599; x_wconf 88' lang='lat' dir='ltr'><strong>nomine</strong></span> 
     </span>
    </p>
   </div>
   <div class='ocr_carea' id='block_1_36' title="bbox 156 1613 947 1648">
    <p class='ocr_par' dir='ltr' id='par_1_36' title="bbox 156 1613 947 1648">
     <span class='ocr_line' id='line_1_36' title="bbox 156 1613 947 1648; baseline 0 -9"><span class='ocrx_word' id='word_1_249' title='bbox 156 1613 297 1646; x_wconf 88' lang='lat' dir='ltr'><strong>oppidum,</strong></span> <span class='ocrx_word' id='word_1_250' title='bbox 314 1614 361 1640; x_wconf 88' lang='lat' dir='ltr'><strong>sed</strong></span> <span class='ocrx_word' id='word_1_251' title='bbox 377 1614 409 1641; x_wconf 86' lang='lat' dir='ltr'><strong>ab</strong></span> <span class='ocrx_word' id='word_1_252' title='bbox 425 1613 555 1641; x_wconf 89' lang='lat' dir='ltr'><strong>Ileraclea</strong></span> <span class='ocrx_word' id='word_1_253' title='bbox 569 1613 732 1648; x_wconf 65' lang='lat' dir='ltr'><strong>Pelagoniae,</strong></span> <span class='ocrx_word' id='word_1_254' title='bbox 749 1621 830 1648; x_wconf 86' lang='lat' dir='ltr'><strong>quam</strong></span> <span class='ocrx_word' id='word_1_255' title='bbox 847 1614 873 1640; x_wconf 93' lang='lat' dir='ltr'><strong>in</strong></span> <span class='ocrx_word' id='word_1_256' title='bbox 892 1613 947 1639; x_wconf 73' lang='lat' dir='ltr'><strong>Mi-</strong></span> 
     </span>
    </p>
   </div>
   <div class='ocr_carea' id='block_1_37' title="bbox 155 1654 947 1690">
    <p class='ocr_par' dir='ltr' id='par_1_37' title="bbox 155 1654 947 1690">
     <span class='ocr_line' id='line_1_37' title="bbox 155 1654 947 1690; baseline 0.004 -9"><span class='ocrx_word' id='word_1_257' title='bbox 155 1654 270 1682; x_wconf 87' lang='lat' dir='ltr'><strong>cedonia</strong></span> <span class='ocrx_word' id='word_1_258' title='bbox 286 1655 374 1689; x_wconf 90' lang='lat' dir='ltr'><strong>prima</strong></span> <span class='ocrx_word' id='word_1_259' title='bbox 405 1655 534 1688; x_wconf 83' lang='lat' dir='ltr'><strong>vidimus,</strong></span> <span class='ocrx_word' id='word_1_260' title='bbox 567 1663 622 1683; x_wconf 88' lang='lat' dir='ltr'><strong>non</strong></span> <span class='ocrx_word' id='word_1_261' title='bbox 646 1655 794 1683; x_wconf 90' lang='lat' dir='ltr'><strong>diversum.</strong></span> <span class='ocrx_word' id='word_1_262' title='bbox 818 1655 947 1690; x_wconf 76' lang='lat' dir='ltr'><strong>Regionis</strong></span> 
     </span>
    </p>
   </div>
   <div class='ocr_carea' id='block_1_38' title="bbox 159 1695 944 1731">
    <p class='ocr_par' dir='ltr' id='par_1_38' title="bbox 159 1695 944 1731">
     <span class='ocr_line' id='line_1_38' title="bbox 159 1695 944 1731; baseline 0.003 -8"><span class='ocrx_word' id='word_1_263' title='bbox 159 1695 269 1731; x_wconf 84' lang='lat' dir='ltr'><strong>Strabo,</strong></span> <span class='ocrx_word' id='word_1_264' title='bbox 287 1696 403 1729; x_wconf 76' lang='lat' dir='ltr'><strong>Plinius,</strong></span> <span class='ocrx_word' id='word_1_265' title='bbox 419 1696 582 1724; x_wconf 62' lang='lat' dir='ltr'><strong>Ptolemaeus</strong></span> <span class='ocrx_word' id='word_1_266' title='bbox 597 1701 678 1731; x_wconf 88' lang='lat' dir='ltr'><strong>atque</strong></span> <span class='ocrx_word' id='word_1_267' title='bbox 688 1696 732 1724; x_wconf 88' lang='lat' dir='ltr'><strong>alii</strong></span> <span class='ocrx_word' id='word_1_268' title='bbox 750 1697 944 1725; x_wconf 83' lang='lat' dir='ltr'><strong>meminerunt.</strong></span> 
     </span>
    </p>
   </div>
   <div class='ocr_carea' id='block_1_39' title="bbox 196 1737 945 1773">
    <p class='ocr_par' dir='ltr' id='par_1_39' title="bbox 196 1737 945 1773">
     <span class='ocr_line' id='line_1_39' title="bbox 196 1737 945 1773; baseline 0 -7"><span class='ocrx_word' id='word_1_269' title='bbox 196 1738 265 1766; x_wconf 85' lang='lat' dir='ltr'><strong>Ibid.</strong></span> <span class='ocrx_word' id='word_1_270' title='bbox 281 1737 438 1773; x_wconf 72' lang='grc' dir='ltr'><strong>Βάργαλα.</strong></span> <span class='ocrx_word' id='word_1_271' title='bbox 454 1737 512 1765; x_wconf 82' lang='lat' dir='ltr'><strong>Non</strong></span> <span class='ocrx_word' id='word_1_272' title='bbox 529 1738 580 1765; x_wconf 84' lang='lat' dir='ltr'><strong>alia</strong></span> <span class='ocrx_word' id='word_1_273' title='bbox 597 1739 702 1765; x_wconf 78' lang='lat' dir='ltr'><strong>videtur</strong></span> <span class='ocrx_word' id='word_1_274' title='bbox 724 1745 757 1766; x_wconf 87' lang='lat' dir='ltr'><strong>ac</strong></span> <span class='ocrx_word' id='word_1_275' title='bbox 782 1737 850 1765; x_wconf 75' lang='lat' dir='ltr'><strong>Livii</strong></span> <span class='ocrx_word' id='word_1_276' title='bbox 871 1747 945 1771; x_wconf 80' lang='lat' dir='ltr'><strong>uix,</strong></span> 
     </span>
    </p>
   </div>
   <div class='ocr_carea' id='block_1_40' title="bbox 162 1780 946 1816">
    <p class='ocr_par' dir='ltr' id='par_1_40' title="bbox 162 1780 946 1816">
     <span class='ocr_line' id='line_1_40' title="bbox 162 1780 946 1816; baseline -0.003 -7"><span class='ocrx_word' id='word_1_277' title='bbox 162 1781 196 1809; x_wconf 71' lang='lat'><strong>12</strong></span> <span class='ocrx_word' id='word_1_278' title='bbox 209 1780 355 1816; x_wconf 74' lang='lat' dir='ltr'><strong>Bargullum</strong></span> <span class='ocrx_word' id='word_1_279' title='bbox 368 1800 376 1812; x_wconf 88' lang='lat'><strong>,</strong></span> <span class='ocrx_word' id='word_1_280' title='bbox 400 1780 516 1807; x_wconf 80' lang='lat' dir='ltr'><strong>fortasse</strong></span> <span class='ocrx_word' id='word_1_281' title='bbox 533 1780 597 1807; x_wconf 90' lang='lat' dir='ltr'><strong>hinc</strong></span> <span class='ocrx_word' id='word_1_282' title='bbox 614 1780 794 1815; x_wconf 89' lang='lat' dir='ltr'><strong>adjuvandum</strong></span> <span class='ocrx_word' id='word_1_283' title='bbox 810 1789 816 1807; x_wconf 91' lang='lat'>:</span> <span class='ocrx_word' id='word_1_284' title='bbox 834 1781 946 1815; x_wconf 89' lang='lat' dir='ltr'><strong>conspi-</strong></span> 
     </span>
    </p>
   </div>
   <div class='ocr_carea' id='block_1_41' title="bbox 157 1821 947 1857">
    <p class='ocr_par' dir='ltr' id='par_1_41' title="bbox 157 1821 947 1857">
     <span class='ocr_line' id='line_1_41' title="bbox 157 1821 947 1857; baseline 0 -7"><span class='ocrx_word' id='word_1_285' title='bbox 157 1827 218 1851; x_wconf 90' lang='lat' dir='ltr'><strong>rant</strong></span> <span class='ocrx_word' id='word_1_286' title='bbox 235 1823 307 1850; x_wconf 87' lang='lat' dir='ltr'><strong>enitn</strong></span> <span class='ocrx_word' id='word_1_287' title='bbox 326 1822 352 1849; x_wconf 92' lang='lat' dir='ltr'><strong>iu</strong></span> <span class='ocrx_word' id='word_1_288' title='bbox 368 1822 443 1850; x_wconf 89' lang='lat' dir='ltr'><strong>urbis</strong></span> <span class='ocrx_word' id='word_1_289' title='bbox 458 1822 568 1849; x_wconf 84' lang='lat' dir='ltr'><strong>nomine</strong></span> <span class='ocrx_word' id='word_1_290' title='bbox 590 1829 668 1854; x_wconf 91' lang='lat' dir='ltr'><strong>mss.,</strong></span> <span class='ocrx_word' id='word_1_291' title='bbox 693 1829 743 1849; x_wconf 90' lang='lat' dir='ltr'><strong>nec</strong></span> <span class='ocrx_word' id='word_1_292' title='bbox 758 1821 830 1849; x_wconf 86' lang='lat' dir='ltr'><strong>aliud</strong></span> <span class='ocrx_word' id='word_1_293' title='bbox 845 1823 947 1857; x_wconf 75' lang='grc' dir='ltr'><strong>Δαρδά-</strong></span> 
     </span>
    </p>
   </div>
   <div class='ocr_carea' id='block_1_42' title="bbox 155 1865 948 1900">
    <p class='ocr_par' dir='ltr' id='par_1_42' title="bbox 155 1865 948 1900">
     <span class='ocr_line' id='line_1_42' title="bbox 155 1865 948 1900; baseline 0 -7"><span class='ocrx_word' id='word_1_294' title='bbox 155 1865 397 1900; x_wconf 52' lang='grc' dir='ltr'><strong>νιοςλΒαργάλων,</strong></span> <span class='ocrx_word' id='word_1_295' title='bbox 420 1865 466 1900; x_wconf 89' lang='lat' dir='ltr'><strong>qui</strong></span> <span class='ocrx_word' id='word_1_296' title='bbox 489 1865 605 1892; x_wconf 77' lang='lat' dir='ltr'><strong>concilio</strong></span> <span class='ocrx_word' id='word_1_297' title='bbox 622 1865 830 1892; x_wconf 71' lang='lat' dir='ltr'><strong>Chalcedonensi</strong></span> <span class='ocrx_word' id='word_1_298' title='bbox 848 1874 874 1900; x_wconf 91' lang='lat' dir='ltr'><strong>p.</strong></span> <span class='ocrx_word' id='word_1_299' title='bbox 893 1866 948 1893; x_wconf 69' lang='lat'><strong>402</strong></span> 
     </span>
    </p>
   </div>
   <div class='ocr_carea' id='block_1_43' title="bbox 155 1906 947 1942">
    <p class='ocr_par' dir='ltr' id='par_1_43' title="bbox 155 1906 947 1942">
     <span class='ocr_line' id='line_1_43' title="bbox 155 1906 947 1942; baseline 0 -6"><span class='ocrx_word' id='word_1_300' title='bbox 155 1907 328 1942; x_wconf 82' lang='lat' dir='ltr'><strong>subscripsit,</strong></span> <span class='ocrx_word' id='word_1_301' title='bbox 354 1907 479 1941; x_wconf 87' lang='lat' dir='ltr'><strong>requirit.</strong></span> <span class='ocrx_word' id='word_1_302' title='bbox 509 1907 670 1942; x_wconf 82' lang='lat' dir='ltr'><strong>Appellatur</strong></span> <span class='ocrx_word' id='word_1_303' title='bbox 694 1906 802 1941; x_wconf 86' lang='lat' dir='ltr'><strong>quidem</strong></span> <span class='ocrx_word' id='word_1_304' title='bbox 837 1915 864 1942; x_wconf 95' lang='lat' dir='ltr'><strong>p.</strong></span> <span class='ocrx_word' id='word_1_305' title='bbox 895 1908 947 1936; x_wconf 85' lang='lat' dir='ltr'><strong>I00</strong></span> 
     </span>
    </p>
   </div>
   <div class='ocr_carea' id='block_1_44' title="bbox 155 1948 945 1985">
    <p class='ocr_par' dir='ltr' id='par_1_44' title="bbox 155 1948 945 1985">
     <span class='ocr_line' id='line_1_44' title="bbox 155 1948 945 1985; baseline 0 -9"><span class='ocrx_word' id='word_1_306' title='bbox 155 1950 301 1985; x_wconf 85' lang='lat' dir='ltr'><strong>episcopus</strong></span> <span class='ocrx_word' id='word_1_307' title='bbox 316 1949 451 1984; x_wconf 78' lang='grc' dir='ltr'><strong>Βαργάων</strong></span> <span class='ocrx_word' id='word_1_308' title='bbox 468 1954 495 1976; x_wconf 85' lang='lat' dir='ltr'><strong>et</strong></span> <span class='ocrx_word' id='word_1_309' title='bbox 511 1957 537 1984; x_wconf 87' lang='lat' dir='ltr'><strong>p.</strong></span> <span class='ocrx_word' id='word_1_310' title='bbox 552 1948 601 1975; x_wconf 82' lang='grc'><strong>671</strong></span> <span class='ocrx_word' id='word_1_311' title='bbox 622 1948 746 1984; x_wconf 78' lang='grc' dir='ltr'><strong>Παρλαᾶ,</strong></span> <span class='ocrx_word' id='word_1_312' title='bbox 763 1949 809 1976; x_wconf 86' lang='lat' dir='ltr'><strong>sed</strong></span> <span class='ocrx_word' id='word_1_313' title='bbox 829 1949 945 1984; x_wconf 86' lang='lat' dir='ltr'><strong>quisque</strong></span> 
     </span>
    </p>
   </div>
   <div class='ocr_carea' id='block_1_45' title="bbox 156 1989 944 2024">
    <p class='ocr_par' dir='ltr' id='par_1_45' title="bbox 156 1989 944 2024">
     <span class='ocr_line' id='line_1_45' title="bbox 156 1989 944 2024; baseline -0.001 -6"><span class='ocrx_word' id='word_1_314' title='bbox 156 1990 232 2018; x_wconf 82' lang='lat' dir='ltr'><strong>videt</strong></span> <span class='ocrx_word' id='word_1_315' title='bbox 247 1998 280 2018; x_wconf 80' lang='lat' dir='ltr'><strong>ex</strong></span> <span class='ocrx_word' id='word_1_316' title='bbox 296 1995 390 2018; x_wconf 87' lang='lat' dir='ltr'><strong>nostro</strong></span> <span class='ocrx_word' id='word_1_317' title='bbox 406 1997 436 2016; x_wconf 90' lang='lat' dir='ltr'><strong>ea</strong></span> <span class='ocrx_word' id='word_1_318' title='bbox 452 1997 513 2017; x_wconf 89' lang='lat' dir='ltr'><strong>esse</strong></span> <span class='ocrx_word' id='word_1_319' title='bbox 529 1989 687 2024; x_wconf 82' lang='lat' dir='ltr'><strong>depravata,</strong></span> <span class='ocrx_word' id='word_1_320' title='bbox 712 1990 862 2024; x_wconf 60' lang='lat' dir='ltr'><strong>praesertim</strong></span> <span class='ocrx_word' id='word_1_321' title='bbox 882 1999 944 2017; x_wconf 87' lang='lat' dir='ltr'><strong>cum</strong></span> 
     </span>
    </p>
   </div>
   <div class='ocr_carea' id='block_1_46' title="bbox 156 2031 942 2067">
    <p class='ocr_par' dir='ltr' id='par_1_46' title="bbox 156 2031 942 2067">
     <span class='ocr_line' id='line_1_46' title="bbox 156 2031 942 2067; baseline -0.001 -7"><span class='ocrx_word' id='word_1_322' title='bbox 156 2036 265 2060; x_wconf 84' lang='lat' dir='ltr'><strong>vetusta</strong></span> <span class='ocrx_word' id='word_1_323' title='bbox 283 2032 374 2059; x_wconf 86' lang='lat' dir='ltr'><strong>versio</strong></span> <span class='ocrx_word' id='word_1_324' title='bbox 390 2031 554 2059; x_wconf 84' lang='lat' dir='ltr'><strong>Dardanium</strong></span> <span class='ocrx_word' id='word_1_325' title='bbox 573 2033 728 2067; x_wconf 88' lang='lat' dir='ltr'><strong>episcopum</strong></span> <span class='ocrx_word' id='word_1_326' title='bbox 744 2032 865 2067; x_wconf 71' lang='lat' dir='ltr'><strong>Bargde</strong></span> <span class='ocrx_word' id='word_1_327' title='bbox 893 2041 942 2067; x_wconf 89' lang='lat' dir='ltr'><strong>po-</strong></span> 
     </span>
    </p>
   </div>
   <div class='ocr_carea' id='block_1_47' title="bbox 156 2072 946 2108">
    <p class='ocr_par' dir='ltr' id='par_1_47' title="bbox 156 2072 946 2108">
     <span class='ocr_line' id='line_1_47' title="bbox 156 2072 946 2108; baseline 0.001 -7"><span class='ocrx_word' id='word_1_328' title='bbox 156 2074 274 2102; x_wconf 83' lang='lat' dir='ltr'><strong>steriore</strong></span> <span class='ocrx_word' id='word_1_329' title='bbox 288 2073 348 2101; x_wconf 91' lang='lat' dir='ltr'><strong>loco</strong></span> <span class='ocrx_word' id='word_1_330' title='bbox 362 2072 500 2108; x_wconf 81' lang='lat' dir='ltr'><strong>pr.elerat.</strong></span> <span class='ocrx_word' id='word_1_331' title='bbox 522 2072 647 2100; x_wconf 83' lang='lat' dir='ltr'><strong>Peccavit</strong></span> <span class='ocrx_word' id='word_1_332' title='bbox 662 2081 727 2108; x_wconf 79' lang='lat' dir='ltr'><strong>ergo</strong></span> <span class='ocrx_word' id='word_1_333' title='bbox 742 2073 773 2100; x_wconf 73' lang='grc' dir='ltr'><strong>(Σ.</strong></span> <span class='ocrx_word' id='word_1_334' title='bbox 792 2082 805 2100; x_wconf 88' lang='lat' dir='ltr'><strong>a</strong></span> <span class='ocrx_word' id='word_1_335' title='bbox 817 2075 847 2101; x_wconf 84' lang='lat' dir='ltr'><strong>S.</strong></span> <span class='ocrx_word' id='word_1_336' title='bbox 862 2074 946 2102; x_wconf 81' lang='lat' dir='ltr'><strong>Paulo</strong></span> 
     </span>
    </p>
   </div>
   <div class='ocr_carea' id='block_1_48' title="bbox 157 2115 942 2150">
    <p class='ocr_par' dir='ltr' id='par_1_48' title="bbox 157 2115 942 2150">
     <span class='ocr_line' id='line_1_48' title="bbox 157 2115 942 2150; baseline 0.003 -8"><span class='ocrx_word' id='word_1_337' title='bbox 157 2120 214 2142; x_wconf 92' lang='lat' dir='ltr'><strong>tum</strong></span> <span class='ocrx_word' id='word_1_338' title='bbox 230 2115 302 2150; x_wconf 84' lang='lat' dir='ltr'><strong>quod</strong></span> <span class='ocrx_word' id='word_1_339' title='bbox 317 2115 380 2143; x_wconf 83' lang='lat' dir='ltr'><strong>huic</strong></span> <span class='ocrx_word' id='word_1_340' title='bbox 403 2115 461 2142; x_wconf 89' lang='lat' dir='ltr'><strong>urbi</strong></span> <span class='ocrx_word' id='word_1_341' title='bbox 482 2115 554 2143; x_wconf 89' lang='lat' dir='ltr'><strong>inter</strong></span> <span class='ocrx_word' id='word_1_342' title='bbox 579 2115 770 2144; x_wconf 81' lang='lat' dir='ltr'><strong>Macedonicas</strong></span> <span class='ocrx_word' id='word_1_343' title='bbox 793 2116 883 2144; x_wconf 81' lang='lat' dir='ltr'><strong>lucum</strong></span> <span class='ocrx_word' id='word_1_344' title='bbox 901 2124 942 2144; x_wconf 84' lang='lat' dir='ltr'><strong>ne~</strong></span> 
     </span>
    </p>
   </div>
   <div class='ocr_carea' id='block_1_49' title="bbox 157 2157 939 2194">
    <p class='ocr_par' dir='ltr' id='par_1_49' title="bbox 157 2157 939 2194">
     <span class='ocr_line' id='line_1_49' title="bbox 157 2157 939 2194; baseline 0 -10"><span class='ocrx_word' id='word_1_345' title='bbox 157 2157 271 2192; x_wconf 78' lang='lat' dir='ltr'><strong>gaverit,</strong></span> <span class='ocrx_word' id='word_1_346' title='bbox 287 2161 343 2185; x_wconf 90' lang='lat' dir='ltr'><strong>tum</strong></span> <span class='ocrx_word' id='word_1_347' title='bbox 366 2162 494 2192; x_wconf 58' lang='lat' dir='ltr'><strong>praeterea</strong></span> <span class='ocrx_word' id='word_1_348' title='bbox 521 2158 592 2192; x_wconf 88' lang='lat' dir='ltr'><strong>quod</strong></span> <span class='ocrx_word' id='word_1_349' title='bbox 610 2157 774 2185; x_wconf 77' lang='lat' dir='ltr'><strong>Dardanium</strong></span> <span class='ocrx_word' id='word_1_350' title='bbox 797 2158 939 2194; x_wconf 68' lang='lat' dir='ltr'><strong>Bargylia&#39;,</strong></span> 
     </span>
    </p>
   </div>
   <div class='ocr_carea' id='block_1_50' title="bbox 157 2198 944 2236">
    <p class='ocr_par' dir='ltr' id='par_1_50' title="bbox 157 2198 944 2236">
     <span class='ocr_line' id='line_1_50' title="bbox 157 2198 944 2236; baseline -0.001 -9"><span class='ocrx_word' id='word_1_351' title='bbox 157 2200 245 2228; x_wconf 74' lang='lat' dir='ltr'><strong>Cariae</strong></span> <span class='ocrx_word' id='word_1_352' title='bbox 258 2200 330 2233; x_wconf 88' lang='lat' dir='ltr'><strong>urbi,</strong></span> <span class='ocrx_word' id='word_1_353' title='bbox 349 2200 504 2235; x_wconf 81' lang='lat' dir='ltr'><strong>praesulem,</strong></span> <span class='ocrx_word' id='word_1_354' title='bbox 520 2206 600 2234; x_wconf 87' lang='lat' dir='ltr'><strong>quem</strong></span> <span class='ocrx_word' id='word_1_355' title='bbox 610 2198 731 2228; x_wconf 78' lang='lat' dir='ltr'><strong>Joannes</strong></span> <span class='ocrx_word' id='word_1_356' title='bbox 747 2207 810 2235; x_wconf 88' lang='lat' dir='ltr'><strong>pars</strong></span> <span class='ocrx_word' id='word_1_357' title='bbox 823 2201 944 2236; x_wconf 87' lang='lat' dir='ltr'><strong>ejusdem</strong></span> 
     </span>
    </p>
   </div>
   <div class='ocr_carea' id='block_1_51' title="bbox 157 2241 946 2278">
    <p class='ocr_par' dir='ltr' id='par_1_51' title="bbox 157 2241 946 2278">
     <span class='ocr_line' id='line_1_51' title="bbox 157 2241 946 2278; baseline 0.001 -9"><span class='ocrx_word' id='word_1_358' title='bbox 157 2241 267 2269; x_wconf 85' lang='lat' dir='ltr'><strong>concilii</strong></span> <span class='ocrx_word' id='word_1_359' title='bbox 284 2241 463 2277; x_wconf 83' lang='lat' dir='ltr'><strong>ejusdemque</strong></span> <span class='ocrx_word' id='word_1_360' title='bbox 488 2241 578 2276; x_wconf 88' lang='lat' dir='ltr'><strong>oppidi</strong></span> <span class='ocrx_word' id='word_1_361' title='bbox 599 2241 743 2278; x_wconf 89' lang='lat' dir='ltr'><strong>cpiscopus</strong></span> <span class='ocrx_word' id='word_1_362' title='bbox 771 2250 825 2270; x_wconf 90' lang='lat' dir='ltr'><strong>non</strong></span> <span class='ocrx_word' id='word_1_363' title='bbox 846 2243 946 2277; x_wconf 87' lang='lat' dir='ltr'><strong>poterit</strong></span> 
     </span>
    </p>
   </div>
   <div class='ocr_carea' id='block_1_52' title="bbox 159 2283 373 2317">
    <p class='ocr_par' dir='ltr' id='par_1_52' title="bbox 159 2283 373 2317">
     <span class='ocr_line' id='line_1_52' title="bbox 159 2283 373 2317; baseline 0.009 -7"><span class='ocrx_word' id='word_1_364' title='bbox 159 2283 242 2317; x_wconf 77' lang='lat' dir='ltr'><strong>ferre,</strong></span> <span class='ocrx_word' id='word_1_365' title='bbox 256 2283 373 2312; x_wconf 86' lang='lat' dir='ltr'><strong>dederit.</strong></span> 
     </span>
    </p>
   </div>
   <div class='ocr_carea' id='block_1_53' title="bbox 195 2326 948 2362">
    <p class='ocr_par' dir='ltr' id='par_1_53' title="bbox 195 2326 948 2362">
     <span class='ocr_line' id='line_1_53' title="bbox 195 2326 948 2362; baseline -0.001 -8"><span class='ocrx_word' id='word_1_366' title='bbox 195 2326 262 2354; x_wconf 88' lang='lat' dir='ltr'><strong>Ibid.</strong></span> <span class='ocrx_word' id='word_1_367' title='bbox 278 2326 476 2354; x_wconf 78' lang='grc' dir='ltr'><strong>Κελαινιδιον.</strong></span> <span class='ocrx_word' id='word_1_368' title='bbox 490 2326 546 2355; x_wconf 90' lang='lat' dir='ltr'><strong>Iloc</strong></span> <span class='ocrx_word' id='word_1_369' title='bbox 560 2334 592 2354; x_wconf 80' lang='lat' dir='ltr'><strong>ex</strong></span> <span class='ocrx_word' id='word_1_370' title='bbox 601 2326 781 2354; x_wconf 83' lang='lat' dir='ltr'><strong>Constantino</strong></span> <span class='ocrx_word' id='word_1_371' title='bbox 792 2327 948 2362; x_wconf 69' lang='lat' dir='ltr'><strong>prmoptavi,</strong></span> 
     </span>
    </p>
   </div>
   <div class='ocr_carea' id='block_1_54' title="bbox 161 2368 948 2404">
    <p class='ocr_par' dir='ltr' id='par_1_54' title="bbox 161 2368 948 2404">
     <span class='ocr_line' id='line_1_54' title="bbox 161 2368 948 2404; baseline 0.004 -10"><span class='ocrx_word' id='word_1_372' title='bbox 161 2368 223 2396; x_wconf 90' lang='lat' dir='ltr'><strong>licet</strong></span> <span class='ocrx_word' id='word_1_373' title='bbox 237 2368 410 2396; x_wconf 86' lang='lat' dir='ltr'><strong>verissimum</strong></span> <span class='ocrx_word' id='word_1_374' title='bbox 431 2376 492 2397; x_wconf 86' lang='lat' dir='ltr'><strong>esse</strong></span> <span class='ocrx_word' id='word_1_375' title='bbox 507 2376 557 2404; x_wconf 89' lang='lat' dir='ltr'><strong>pro</strong></span> <span class='ocrx_word' id='word_1_376' title='bbox 579 2374 721 2403; x_wconf 87' lang='lat' dir='ltr'><strong>comperto</strong></span> <span class='ocrx_word' id='word_1_377' title='bbox 739 2377 792 2396; x_wconf 91' lang='lat' dir='ltr'><strong>nou</strong></span> <span class='ocrx_word' id='word_1_378' title='bbox 809 2369 923 2396; x_wconf 77' lang='lat' dir='ltr'><strong>habeam</strong></span> <span class='ocrx_word' id='word_1_379' title='bbox 941 2378 948 2397; x_wconf 92' lang='lat'>:</span> 
     </span>
    </p>
   </div>
   <div class='ocr_carea' id='block_1_55' title="bbox 161 2409 950 2446">
    <p class='ocr_par' dir='ltr' id='par_1_55' title="bbox 161 2409 950 2446">
     <span class='ocr_line' id='line_1_55' title="bbox 161 2409 950 2446; baseline 0.003 -9"><span class='ocrx_word' id='word_1_380' title='bbox 161 2411 216 2438; x_wconf 90' lang='lat' dir='ltr'><strong>imo</strong></span> <span class='ocrx_word' id='word_1_381' title='bbox 227 2418 292 2439; x_wconf 86' lang='lat' dir='ltr'><strong>vero</strong></span> <span class='ocrx_word' id='word_1_382' title='bbox 305 2411 442 2439; x_wconf 88' lang='lat' dir='ltr'><strong>Celetrum</strong></span> <span class='ocrx_word' id='word_1_383' title='bbox 467 2419 539 2443; x_wconf 86' lang='lat' dir='ltr'><strong>esse,</strong></span> <span class='ocrx_word' id='word_1_384' title='bbox 563 2411 635 2446; x_wconf 85' lang='lat' dir='ltr'><strong>quod</strong></span> <span class='ocrx_word' id='word_1_385' title='bbox 654 2411 680 2438; x_wconf 91' lang='lat' dir='ltr'><strong>iu</strong></span> <span class='ocrx_word' id='word_1_386' title='bbox 694 2409 820 2439; x_wconf 83' lang='lat' dir='ltr'><strong>Orcstide</strong></span> <span class='ocrx_word' id='word_1_387' title='bbox 839 2411 950 2446; x_wconf 80' lang='lat' dir='ltr'><strong>regione</strong></span> 
     </span>
    </p>
   </div>
   <div class='ocr_carea' id='block_1_56' title="bbox 160 2452 718 2486">
    <p class='ocr_par' dir='ltr' id='par_1_56' title="bbox 160 2452 718 2486">
     <span class='ocr_line' id='line_1_56' title="bbox 160 2452 718 2486; baseline 0.002 -7"><span class='ocrx_word' id='word_1_388' title='bbox 160 2452 250 2480; x_wconf 79' lang='lat' dir='ltr'><strong>Livius</strong></span> <span class='ocrx_word' id='word_1_389' title='bbox 269 2461 344 2486; x_wconf 81' lang='lat' dir='ltr'><strong>xxxi,</strong></span> <span class='ocrx_word' id='word_1_390' title='bbox 358 2453 392 2481; x_wconf 75' lang='grc'>40</span> <span class='ocrx_word' id='word_1_391' title='bbox 405 2453 546 2485; x_wconf 87' lang='lat' dir='ltr'><strong>describit,</strong></span> <span class='ocrx_word' id='word_1_392' title='bbox 563 2453 718 2480; x_wconf 80' lang='lat' dir='ltr'><strong>credidero.</strong></span> 
     </span>
    </p>
   </div>
   <div class='ocr_carea' id='block_1_57' title="bbox 195 2494 950 2530">
    <p class='ocr_par' dir='ltr' id='par_1_57' title="bbox 195 2494 950 2530">
     <span class='ocr_line' id='line_1_57' title="bbox 195 2494 950 2530; baseline 0.003 -9"><span class='ocrx_word' id='word_1_393' title='bbox 195 2495 264 2523; x_wconf 92' lang='lat' dir='ltr'><strong>Ibid.</strong></span> <span class='ocrx_word' id='word_1_394' title='bbox 281 2495 430 2530; x_wconf 75' lang='grc' dir='ltr'><strong>Ἁρμονία.</strong></span> <span class='ocrx_word' id='word_1_395' title='bbox 451 2494 590 2529; x_wconf 77' lang='lat' dir='ltr'><strong>Nusquam</strong></span> <span class='ocrx_word' id='word_1_396' title='bbox 616 2496 686 2522; x_wconf 90' lang='lat' dir='ltr'><strong>hanc</strong></span> <span class='ocrx_word' id='word_1_397' title='bbox 711 2495 800 2530; x_wconf 76' lang='lat' dir='ltr'><strong>legere</strong></span> <span class='ocrx_word' id='word_1_398' title='bbox 826 2495 950 2523; x_wconf 83' lang='lat' dir='ltr'><strong>tuemini.</strong></span> 
     </span>
    </p>
   </div>
   <div class='ocr_carea' id='block_1_58' title="bbox 160 2537 951 2573">
    <p class='ocr_par' dir='ltr' id='par_1_58' title="bbox 160 2537 951 2573">
     <span class='ocr_line' id='line_1_58' title="bbox 160 2537 951 2573; baseline 0.001 -9"><span class='ocrx_word' id='word_1_399' title='bbox 160 2537 209 2564; x_wconf 85' lang='lat' dir='ltr'><strong>Est</strong></span> <span class='ocrx_word' id='word_1_400' title='bbox 234 2538 262 2565; x_wconf 94' lang='lat' dir='ltr'><strong>in</strong></span> <span class='ocrx_word' id='word_1_401' title='bbox 280 2537 384 2573; x_wconf 83' lang='lat' dir='ltr'><strong>Illyrico</strong></span> <span class='ocrx_word' id='word_1_402' title='bbox 400 2537 504 2573; x_wconf 74' lang='grc' dir='ltr'><strong>τύμϐος</strong></span> <span class='ocrx_word' id='word_1_403' title='bbox 523 2537 670 2573; x_wconf 83' lang='grc' dir='ltr'><strong>Ἀρμονίης</strong></span> <span class='ocrx_word' id='word_1_404' title='bbox 696 2537 766 2572; x_wconf 90' lang='lat' dir='ltr'><strong>apud</strong></span> <span class='ocrx_word' id='word_1_405' title='bbox 792 2537 951 2573; x_wconf 79' lang='lat' dir='ltr'><strong>Dionysium</strong></span> 
     </span>
    </p>
   </div>
   <div class='ocr_carea' id='block_1_59' title="bbox 162 2577 954 2614">
    <p class='ocr_par' dir='ltr' id='par_1_59' title="bbox 162 2577 954 2614">
     <span class='ocr_line' id='line_1_59' title="bbox 162 2577 954 2614; baseline 0.003 -9"><span class='ocrx_word' id='word_1_406' title='bbox 162 2577 296 2614; x_wconf 72' lang='lat' dir='ltr'><strong>Perieges.</strong></span> <span class='ocrx_word' id='word_1_407' title='bbox 314 2579 363 2607; x_wconf 79' lang='lat'><strong>391</strong></span> <span class='ocrx_word' id='word_1_408' title='bbox 377 2584 403 2607; x_wconf 83' lang='lat' dir='ltr'><strong>et</strong></span> <span class='ocrx_word' id='word_1_409' title='bbox 419 2579 497 2612; x_wconf 83' lang='lat' dir='ltr'><strong>alios,</strong></span> <span class='ocrx_word' id='word_1_410' title='bbox 513 2579 591 2613; x_wconf 88' lang='lat' dir='ltr'><strong>cujus</strong></span> <span class='ocrx_word' id='word_1_411' title='bbox 617 2583 706 2606; x_wconf 79' lang='lat' dir='ltr'><strong>tamen</strong></span> <span class='ocrx_word' id='word_1_412' title='bbox 729 2580 772 2606; x_wconf 86' lang='lat' dir='ltr'><strong>hic</strong></span> <span class='ocrx_word' id='word_1_413' title='bbox 794 2579 863 2606; x_wconf 85' lang='lat' dir='ltr'><strong>ratio</strong></span> <span class='ocrx_word' id='word_1_414' title='bbox 892 2587 954 2607; x_wconf 86' lang='lat' dir='ltr'><strong>esse</strong></span> 
     </span>
    </p>
   </div>
   <div class='ocr_carea' id='block_1_60' title="bbox 160 2620 952 2656">
    <p class='ocr_par' dir='ltr' id='par_1_60' title="bbox 160 2620 952 2656">
     <span class='ocr_line' id='line_1_60' title="bbox 160 2620 952 2656; baseline 0 -8"><span class='ocrx_word' id='word_1_415' title='bbox 160 2621 267 2656; x_wconf 73' lang='lat' dir='ltr'><strong>nequit.</strong></span> <span class='ocrx_word' id='word_1_416' title='bbox 288 2621 402 2656; x_wconf 72' lang='lat' dir='ltr'><strong>Yidetnr</strong></span> <span class='ocrx_word' id='word_1_417' title='bbox 423 2621 457 2649; x_wconf 91' lang='lat' dir='ltr'><strong>ab</strong></span> <span class='ocrx_word' id='word_1_418' title='bbox 475 2622 570 2648; x_wconf 88' lang='lat' dir='ltr'><strong>eadem</strong></span> <span class='ocrx_word' id='word_1_419' title='bbox 589 2620 735 2648; x_wconf 69' lang='lat' dir='ltr'><strong>Harmonia</strong></span> <span class='ocrx_word' id='word_1_420' title='bbox 751 2621 809 2649; x_wconf 86' lang='lat' dir='ltr'><strong>sive</strong></span> <span class='ocrx_word' id='word_1_421' title='bbox 823 2621 952 2656; x_wconf 89' lang='lat' dir='ltr'><strong>oppidum</strong></span> 
     </span>
    </p>
   </div>
   <div class='ocr_carea' id='block_1_61' title="bbox 161 2654 709 2698">
    <p class='ocr_par' dir='ltr' id='par_1_61' title="bbox 161 2654 709 2698">
     <span class='ocr_line' id='line_1_61' title="bbox 161 2654 709 2698; baseline -0.002 -7"><span class='ocrx_word' id='word_1_422' title='bbox 161 2654 213 2691; x_wconf 65' lang='lat' dir='ltr'><strong>sati</strong></span> <span class='ocrx_word' id='word_1_423' title='bbox 228 2654 369 2691; x_wconf 67' lang='lat' dir='ltr'><strong>casteilum</strong></span> <span class='ocrx_word' id='word_1_424' title='bbox 385 2664 409 2691; x_wconf 90' lang='lat' dir='ltr'><strong>id</strong></span> <span class='ocrx_word' id='word_1_425' title='bbox 427 2664 544 2691; x_wconf 90' lang='lat' dir='ltr'><strong>nominis</strong></span> <span class='ocrx_word' id='word_1_426' title='bbox 560 2664 709 2698; x_wconf 69' lang='lat' dir='ltr'><strong>accepisse.</strong></span> 
     </span>
    </p>
   </div>
   <div class='ocr_carea' id='block_1_62' title="bbox 197 2704 954 2740">
    <p class='ocr_par' dir='ltr' id='par_1_62' title="bbox 197 2704 954 2740">
     <span class='ocr_line' id='line_1_62' title="bbox 197 2704 954 2740; baseline 0.001 -8"><span class='ocrx_word' id='word_1_427' title='bbox 197 2704 265 2733; x_wconf 85' lang='lat' dir='ltr'><strong>Ibid.</strong></span> <span class='ocrx_word' id='word_1_428' title='bbox 281 2705 416 2739; x_wconf 82' lang='grc' dir='ltr'><strong>Ζάπαρα.</strong></span> <span class='ocrx_word' id='word_1_429' title='bbox 435 2705 501 2732; x_wconf 91' lang='lat' dir='ltr'><strong>IIuic</strong></span> <span class='ocrx_word' id='word_1_430' title='bbox 519 2706 578 2734; x_wconf 91' lang='lat' dir='ltr'><strong>urbi</strong></span> <span class='ocrx_word' id='word_1_431' title='bbox 590 2706 735 2740; x_wconf 83' lang='lat' dir='ltr'><strong>episcopus</strong></span> <span class='ocrx_word' id='word_1_432' title='bbox 755 2706 805 2733; x_wconf 79' lang='lat' dir='ltr'><strong>fuit</strong></span> <span class='ocrx_word' id='word_1_433' title='bbox 827 2705 954 2733; x_wconf 86' lang='lat' dir='ltr'><strong>Sabinia-</strong></span> 
     </span>
    </p>
   </div>
   <div class='ocr_carea' id='block_1_63' title="bbox 163 2747 954 2782">
    <p class='ocr_par' dir='ltr' id='par_1_63' title="bbox 163 2747 954 2782">
     <span class='ocr_line' id='line_1_63' title="bbox 163 2747 954 2782; baseline 0.001 -9"><span class='ocrx_word' id='word_1_434' title='bbox 163 2754 227 2780; x_wconf 84' lang='lat' dir='ltr'><strong>nus,</strong></span> <span class='ocrx_word' id='word_1_435' title='bbox 242 2754 323 2782; x_wconf 92' lang='lat' dir='ltr'><strong>quem</strong></span> <span class='ocrx_word' id='word_1_436' title='bbox 339 2748 485 2774; x_wconf 73' lang='lat' dir='ltr'><strong>Concilium</strong></span> <span class='ocrx_word' id='word_1_437' title='bbox 509 2747 840 2782; x_wconf 74' lang='lat' dir='ltr'><strong>Constantinopolimunm</strong></span> <span class='ocrx_word' id='word_1_438' title='bbox 859 2756 954 2776; x_wconf 80' lang='lat' dir='ltr'><strong>secun-</strong></span> 
     </span>
    </p>
   </div>
   <div class='ocr_carea' id='block_1_64' title="bbox 164 2788 955 2826">
    <p class='ocr_par' dir='ltr' id='par_1_64' title="bbox 164 2788 955 2826">
     <span class='ocr_line' id='line_1_64' title="bbox 164 2788 955 2826; baseline 0.006 -12"><span class='ocrx_word' id='word_1_439' title='bbox 164 2788 227 2814; x_wconf 83' lang='lat' dir='ltr'><strong>dum</strong></span> <span class='ocrx_word' id='word_1_440' title='bbox 243 2789 340 2815; x_wconf 77' lang='lat' dir='ltr'><strong>Collat.</strong></span> <span class='ocrx_word' id='word_1_441' title='bbox 357 2797 386 2821; x_wconf 86' lang='grc' dir='ltr'><strong>ιι,</strong></span> <span class='ocrx_word' id='word_1_442' title='bbox 406 2797 431 2824; x_wconf 91' lang='lat' dir='ltr'><strong>p.</strong></span> <span class='ocrx_word' id='word_1_443' title='bbox 447 2789 483 2816; x_wconf 72' lang='lat'><strong>28</strong></span> <span class='ocrx_word' id='word_1_444' title='bbox 497 2789 646 2825; x_wconf 69' lang='lat' dir='ltr'><strong>Zaparcnre</strong></span> <span class='ocrx_word' id='word_1_445' title='bbox 660 2789 781 2818; x_wconf 79' lang='lat' dir='ltr'><strong>eivitalis</strong></span> <span class='ocrx_word' id='word_1_446' title='bbox 796 2791 955 2826; x_wconf 71' lang='lat' dir='ltr'><strong>Illyricianm</strong></span> 
     </span>
    </p>
   </div>
   <div class='ocr_carea' id='block_1_65' title="bbox 167 2831 952 2868">
    <p class='ocr_par' dir='ltr' id='par_1_65' title="bbox 167 2831 952 2868">
     <span class='ocr_line' id='line_1_65' title="bbox 167 2831 952 2868; baseline 0.009 -12"><span class='ocrx_word' id='word_1_447' title='bbox 167 2831 305 2863; x_wconf 72' lang='lat' dir='ltr'><strong>diiecesis,</strong></span> <span class='ocrx_word' id='word_1_448' title='bbox 320 2835 349 2858; x_wconf 89' lang='lat' dir='ltr'><strong>ut</strong></span> <span class='ocrx_word' id='word_1_449' title='bbox 361 2831 391 2858; x_wconf 59' lang='grc' dir='ltr'><strong>ιι.</strong></span> <span class='ocrx_word' id='word_1_450' title='bbox 407 2831 571 2859; x_wconf 82' lang='lat' dir='ltr'><strong>IIolstcinius</strong></span> <span class='ocrx_word' id='word_1_451' title='bbox 583 2832 684 2860; x_wconf 87' lang='lat' dir='ltr'><strong>dudum</strong></span> <span class='ocrx_word' id='word_1_452' title='bbox 699 2834 815 2865; x_wconf 82' lang='lat' dir='ltr'><strong>monuit,</strong></span> <span class='ocrx_word' id='word_1_453' title='bbox 825 2835 952 2868; x_wconf 79' lang='lat' dir='ltr'><strong>appellat.</strong></span> 
     </span>
    </p>
   </div>
   <div class='ocr_carea' id='block_1_66' title="bbox 165 2871 953 2911">
    <p class='ocr_par' dir='ltr' id='par_1_66' title="bbox 165 2871 953 2911">
     <span class='ocr_line' id='line_1_66' title="bbox 165 2871 953 2911; baseline 0.006 -12"><span class='ocrx_word' id='word_1_454' title='bbox 165 2871 270 2901; x_wconf 79' lang='lat' dir='ltr'><strong>Eodem</strong></span> <span class='ocrx_word' id='word_1_455' title='bbox 287 2873 424 2908; x_wconf 83' lang='lat' dir='ltr'><strong>pertinere</strong></span> <span class='ocrx_word' id='word_1_456' title='bbox 439 2873 545 2901; x_wconf 82' lang='lat' dir='ltr'><strong>diceres</strong></span> <span class='ocrx_word' id='word_1_457' title='bbox 563 2874 707 2909; x_wconf 66' lang='lat' dir='ltr'><strong>(Syriacum</strong></span> <span class='ocrx_word' id='word_1_458' title='bbox 734 2876 890 2911; x_wconf 83' lang='lat' dir='ltr'><strong>episcopum</strong></span> <span class='ocrx_word' id='word_1_459' title='bbox 904 2878 953 2904; x_wconf 66' lang='lat' dir='ltr'><strong>Zu-</strong></span> 
     </span>
    </p>
   </div>
   <div class='ocr_carea' id='block_1_67' title="bbox 994 132 1816 167">
    <p class='ocr_par' dir='ltr' id='par_1_67' title="bbox 994 132 1816 167">
     <span class='ocr_line' id='line_1_67' title="bbox 994 132 1816 167; baseline 0.006 -5"><span class='ocrx_word' id='word_1_460' title='bbox 994 132 1250 163; x_wconf 72' lang='lat' dir='ltr'><strong>WESSELINGH</strong></span> <span class='ocrx_word' id='word_1_461' title='bbox 1728 132 1816 167; x_wconf 73' lang='lat'><strong>1038</strong></span> 
     </span>
    </p>
   </div>
   <div class='ocr_carea' id='block_1_68' title="bbox 999 187 1815 224">
    <p class='ocr_par' dir='ltr' id='par_1_68' title="bbox 999 187 1815 224">
     <span class='ocr_line' id='line_1_68' title="bbox 999 187 1815 224; baseline 0.002 -10"><span class='ocrx_word' id='word_1_462' title='bbox 999 189 1096 224; x_wconf 81' lang='grc' dir='ltr'><strong>πάρων</strong></span> <span class='ocrx_word' id='word_1_463' title='bbox 1107 198 1139 216; x_wconf 78' lang='lat' dir='ltr'><strong>ex</strong></span> <span class='ocrx_word' id='word_1_464' title='bbox 1156 190 1230 217; x_wconf 82' lang='lat' dir='ltr'><strong>Actis</strong></span> <span class='ocrx_word' id='word_1_465' title='bbox 1242 188 1349 216; x_wconf 78' lang='lat' dir='ltr'><strong>concilii</strong></span> <span class='ocrx_word' id='word_1_466' title='bbox 1364 187 1466 216; x_wconf 76' lang='lat' dir='ltr'><strong>Nieacni</strong></span> <span class='ocrx_word' id='word_1_467' title='bbox 1479 188 1592 216; x_wconf 86' lang='lat' dir='ltr'><strong>secundi</strong></span> <span class='ocrx_word' id='word_1_468' title='bbox 1610 196 1637 223; x_wconf 90' lang='lat' dir='ltr'><strong>p.</strong></span> <span class='ocrx_word' id='word_1_469' title='bbox 1654 189 1712 218; x_wconf 64' lang='lat'><strong>559</strong></span> <span class='ocrx_word' id='word_1_470' title='bbox 1723 209 1735 221; x_wconf 86' lang='lat'><strong>,</strong></span> <span class='ocrx_word' id='word_1_471' title='bbox 1751 191 1815 217; x_wconf 81' lang='lat' dir='ltr'><strong>nisi</strong></span> 
     </span>
    </p>
   </div>
   <div class='ocr_carea' id='block_1_69' title="bbox 996 229 1814 267">
    <p class='ocr_par' dir='ltr' id='par_1_69' title="bbox 996 229 1814 267">
     <span class='ocr_line' id='line_1_69' title="bbox 996 229 1814 267; baseline 0.001 -10"><span class='ocrx_word' id='word_1_472' title='bbox 996 229 1204 264; x_wconf 72' lang='lat' dir='ltr'><strong>Dt‘iulparorum</strong></span> <span class='ocrx_word' id='word_1_473' title='bbox 1241 229 1442 267; x_wconf 74' lang='grc' dir='ltr'><strong>Δριζουπάρων</strong></span> <span class='ocrx_word' id='word_1_474' title='bbox 1480 229 1539 258; x_wconf 91' lang='lat' dir='ltr'><strong>urbi</strong></span> <span class='ocrx_word' id='word_1_475' title='bbox 1577 230 1729 266; x_wconf 66' lang='lat' dir='ltr'><strong>praefuisse</strong></span> <span class='ocrx_word' id='word_1_476' title='bbox 1771 239 1814 259; x_wconf 77' lang='lat' dir='ltr'><strong>ex</strong></span> 
     </span>
    </p>
   </div>
   <div class='ocr_carea' id='block_1_70' title="bbox 995 272 1243 307">
    <p class='ocr_par' dir='ltr' id='par_1_70' title="bbox 995 272 1243 307">
     <span class='ocr_line' id='line_1_70' title="bbox 995 272 1243 307; baseline 0.008 -8"><span class='ocrx_word' id='word_1_477' title='bbox 995 279 1022 307; x_wconf 89' lang='lat' dir='ltr'><strong>p.</strong></span> <span class='ocrx_word' id='word_1_478' title='bbox 1043 272 1095 300; x_wconf 76' lang='lat'><strong>588</strong></span> <span class='ocrx_word' id='word_1_479' title='bbox 1115 273 1243 307; x_wconf 84' lang='lat' dir='ltr'><strong>liqueret.</strong></span> 
     </span>
    </p>
   </div>
   <div class='ocr_carea' id='block_1_71' title="bbox 1031 314 1811 349">
    <p class='ocr_par' dir='ltr' id='par_1_71' title="bbox 1031 314 1811 349">
     <span class='ocr_line' id='line_1_71' title="bbox 1031 314 1811 349; baseline 0.004 -8"><span class='ocrx_word' id='word_1_480' title='bbox 1031 314 1097 341; x_wconf 88' lang='lat' dir='ltr'><strong>Ibid.</strong></span> <span class='ocrx_word' id='word_1_481' title='bbox 1117 315 1219 349; x_wconf 75' lang='grc' dir='ltr'><strong>Θῆϐαι.</strong></span> <span class='ocrx_word' id='word_1_482' title='bbox 1244 315 1345 343; x_wconf 70' lang='lat' dir='ltr'><strong>Theba‘</strong></span> <span class='ocrx_word' id='word_1_483' title='bbox 1375 319 1438 343; x_wconf 91' lang='lat' dir='ltr'><strong>sunt</strong></span> <span class='ocrx_word' id='word_1_484' title='bbox 1457 314 1617 343; x_wconf 72' lang='lat' dir='ltr'><strong>Phthiotica:</strong></span> <span class='ocrx_word' id='word_1_485' title='bbox 1629 335 1638 348; x_wconf 90' lang='lat'><strong>,</strong></span> <span class='ocrx_word' id='word_1_486' title='bbox 1655 321 1686 343; x_wconf 91' lang='lat' dir='ltr'><strong>ut</strong></span> <span class='ocrx_word' id='word_1_487' title='bbox 1701 315 1811 349; x_wconf 79' lang='lat' dir='ltr'><strong>Livio,</strong></span> 
     </span>
    </p>
   </div>
   <div class='ocr_carea' id='block_1_72' title="bbox 995 356 1547 389">
    <p class='ocr_par' dir='ltr' id='par_1_72' title="bbox 995 356 1547 389">
     <span class='ocr_line' id='line_1_72' title="bbox 995 356 1547 389; baseline -0.002 -4"><span class='ocrx_word' id='word_1_488' title='bbox 995 356 1052 385; x_wconf 79' lang='lat' dir='ltr'><strong>sive</strong></span> <span class='ocrx_word' id='word_1_489' title='bbox 1067 356 1242 389; x_wconf 69' lang='lat' dir='ltr'><strong>Thessalica),</strong></span> <span class='ocrx_word' id='word_1_490' title='bbox 1259 363 1289 384; x_wconf 89' lang='lat' dir='ltr'><strong>ut</strong></span> <span class='ocrx_word' id='word_1_491' title='bbox 1302 357 1390 385; x_wconf 84' lang='lat' dir='ltr'><strong>Plinio</strong></span> <span class='ocrx_word' id='word_1_492' title='bbox 1405 356 1547 384; x_wconf 76' lang='lat' dir='ltr'><strong>dicuntur.</strong></span> 
     </span>
    </p>
   </div>
   <div class='ocr_carea' id='block_1_73' title="bbox 1031 397 1811 434">
    <p class='ocr_par' dir='ltr' id='par_1_73' title="bbox 1031 397 1811 434">
     <span class='ocr_line' id='line_1_73' title="bbox 1031 397 1811 434; baseline 0.005 -10"><span class='ocrx_word' id='word_1_493' title='bbox 1031 397 1096 426; x_wconf 91' lang='lat' dir='ltr'><strong>Ibid.</strong></span> <span class='ocrx_word' id='word_1_494' title='bbox 1120 399 1280 433; x_wconf 79' lang='grc' dir='ltr'><strong>Ἐχιναῖος.</strong></span> <span class='ocrx_word' id='word_1_495' title='bbox 1299 399 1337 426; x_wconf 79' lang='lat' dir='ltr'><strong>Ita</strong></span> <span class='ocrx_word' id='word_1_496' title='bbox 1364 406 1397 426; x_wconf 79' lang='lat' dir='ltr'><strong>ex</strong></span> <span class='ocrx_word' id='word_1_497' title='bbox 1419 399 1600 426; x_wconf 76' lang='lat' dir='ltr'><strong>Constantino</strong></span> <span class='ocrx_word' id='word_1_498' title='bbox 1623 405 1742 434; x_wconf 57' lang='lat' dir='ltr'><strong>praestat</strong></span> <span class='ocrx_word' id='word_1_499' title='bbox 1766 402 1811 429; x_wconf 88' lang='lat' dir='ltr'><strong>ob</strong></span> 
     </span>
    </p>
   </div>
   <div class='ocr_carea' id='block_1_74' title="bbox 995 439 1808 478">
    <p class='ocr_par' dir='ltr' id='par_1_74' title="bbox 995 439 1808 478">
     <span class='ocr_line' id='line_1_74' title="bbox 995 439 1808 478; baseline 0.004 -12"><span class='ocrx_word' id='word_1_500' title='bbox 995 439 1117 475; x_wconf 87' lang='lat' dir='ltr'><strong>Procopii</strong></span> <span class='ocrx_word' id='word_1_501' title='bbox 1137 440 1218 468; x_wconf 81' lang='lat' dir='ltr'><strong>Fabr.</strong></span> <span class='ocrx_word' id='word_1_502' title='bbox 1245 449 1282 474; x_wconf 85' lang='lat' dir='ltr'><strong>tv,</strong></span> <span class='ocrx_word' id='word_1_503' title='bbox 1307 441 1324 468; x_wconf 79' lang='grc'>5</span> <span class='ocrx_word' id='word_1_504' title='bbox 1346 448 1522 468; x_wconf 87' lang='lat' dir='ltr'><strong>consensum.</strong></span> <span class='ocrx_word' id='word_1_505' title='bbox 1550 442 1712 470; x_wconf 83' lang='lat' dir='ltr'><strong>Theodorus</strong></span> <span class='ocrx_word' id='word_1_506' title='bbox 1738 445 1808 478; x_wconf 75' lang='lat' dir='ltr'><strong>epi-</strong></span> 
     </span>
    </p>
   </div>
   <div class='ocr_carea' id='block_1_75' title="bbox 994 482 1809 517">
    <p class='ocr_par' dir='ltr' id='par_1_75' title="bbox 994 482 1809 517">
     <span class='ocr_line' id='line_1_75' title="bbox 994 482 1809 517; baseline 0.004 -9"><span class='ocrx_word' id='word_1_507' title='bbox 994 489 1092 516; x_wconf 85' lang='lat' dir='ltr'><strong>scnpus</strong></span> <span class='ocrx_word' id='word_1_508' title='bbox 1113 482 1249 516; x_wconf 79' lang='grc' dir='ltr'><strong>Ὲχιναίου</strong></span> <span class='ocrx_word' id='word_1_509' title='bbox 1265 483 1371 514; x_wconf 72' lang='grc' dir='ltr'><strong>πόλεως</strong></span> <span class='ocrx_word' id='word_1_510' title='bbox 1385 483 1522 517; x_wconf 71' lang='grc' dir='ltr'><strong>ἐπαρχίας</strong></span> <span class='ocrx_word' id='word_1_511' title='bbox 1537 483 1692 516; x_wconf 77' lang='grc' dir='ltr'><strong>Θεσσαλίας</strong></span> <span class='ocrx_word' id='word_1_512' title='bbox 1707 490 1756 512; x_wconf 86' lang='lat' dir='ltr'><strong>est</strong></span> <span class='ocrx_word' id='word_1_513' title='bbox 1774 486 1809 511; x_wconf 76' lang='lat' dir='ltr'><strong>in</strong></span> 
     </span>
    </p>
   </div>
   <div class='ocr_carea' id='block_1_76' title="bbox 995 523 1807 559">
    <p class='ocr_par' dir='ltr' id='par_1_76' title="bbox 995 523 1807 559">
     <span class='ocr_line' id='line_1_76' title="bbox 995 523 1807 559; baseline 0.005 -10"><span class='ocrx_word' id='word_1_514' title='bbox 995 523 1110 550; x_wconf 87' lang='lat' dir='ltr'><strong>concilio</strong></span> <span class='ocrx_word' id='word_1_515' title='bbox 1126 523 1221 553; x_wconf 77' lang='lat' dir='ltr'><strong>Ephes.</strong></span> <span class='ocrx_word' id='word_1_516' title='bbox 1239 532 1266 558; x_wconf 88' lang='lat' dir='ltr'><strong>p.</strong></span> <span class='ocrx_word' id='word_1_517' title='bbox 1279 524 1343 555; x_wconf 72' lang='grc'><strong>461.</strong></span> <span class='ocrx_word' id='word_1_518' title='bbox 1356 530 1383 551; x_wconf 89' lang='lat' dir='ltr'><strong>et</strong></span> <span class='ocrx_word' id='word_1_519' title='bbox 1399 524 1497 551; x_wconf 81' lang='lat' dir='ltr'><strong>Petrus</strong></span> <span class='ocrx_word' id='word_1_520' title='bbox 1514 524 1649 559; x_wconf 72' lang='grc' dir='ltr'><strong>Ἐχιναίου</strong></span> <span class='ocrx_word' id='word_1_521' title='bbox 1665 526 1692 552; x_wconf 94' lang='lat' dir='ltr'><strong>in</strong></span> <span class='ocrx_word' id='word_1_522' title='bbox 1706 525 1807 553; x_wconf 84' lang='lat' dir='ltr'><strong>Chal—</strong></span> 
     </span>
    </p>
   </div>
   <div class='ocr_carea' id='block_1_77' title="bbox 995 565 1675 598">
    <p class='ocr_par' dir='ltr' id='par_1_77' title="bbox 995 565 1675 598">
     <span class='ocr_line' id='line_1_77' title="bbox 995 565 1675 598; baseline 0.004 -7"><span class='ocrx_word' id='word_1_523' title='bbox 995 565 1086 592; x_wconf 79' lang='lat' dir='ltr'><strong>cedon.</strong></span> <span class='ocrx_word' id='word_1_524' title='bbox 1105 573 1132 598; x_wconf 87' lang='lat' dir='ltr'><strong>p.</strong></span> <span class='ocrx_word' id='word_1_525' title='bbox 1147 565 1209 592; x_wconf 82' lang='lat' dir='ltr'><strong>IOI.</strong></span> <span class='ocrx_word' id='word_1_526' title='bbox 1228 565 1287 592; x_wconf 80' lang='lat' dir='ltr'><strong>Non</strong></span> <span class='ocrx_word' id='word_1_527' title='bbox 1305 566 1357 592; x_wconf 71' lang='lat' dir='ltr'><strong>alia</strong></span> <span class='ocrx_word' id='word_1_528' title='bbox 1374 573 1405 592; x_wconf 83' lang='lat' dir='ltr'><strong>ac</strong></span> <span class='ocrx_word' id='word_1_529' title='bbox 1426 565 1542 593; x_wconf 75' lang='lat' dir='ltr'><strong>Echieus</strong></span> <span class='ocrx_word' id='word_1_530' title='bbox 1556 567 1675 594; x_wconf 84' lang='lat' dir='ltr'><strong>videtur.</strong></span> 
     </span>
    </p>
   </div>
   <div class='ocr_carea' id='block_1_78' title="bbox 1031 606 1804 638">
    <p class='ocr_par' dir='ltr' id='par_1_78' title="bbox 1031 606 1804 638">
     <span class='ocr_line' id='line_1_78' title="bbox 1031 606 1804 638; baseline 0.005 -5"><span class='ocrx_word' id='word_1_531' title='bbox 1031 606 1097 633; x_wconf 87' lang='lat' dir='ltr'><strong>Ibid.</strong></span> <span class='ocrx_word' id='word_1_532' title='bbox 1112 607 1240 634; x_wconf 64' lang='lat' dir='ltr'><strong>&quot;raram.</strong></span> <span class='ocrx_word' id='word_1_533' title='bbox 1251 607 1369 634; x_wconf 85' lang='lat' dir='ltr'><strong>Additur</strong></span> <span class='ocrx_word' id='word_1_534' title='bbox 1383 608 1416 634; x_wconf 89' lang='lat' dir='ltr'><strong>ab</strong></span> <span class='ocrx_word' id='word_1_535' title='bbox 1434 608 1515 635; x_wconf 83' lang='lat' dir='ltr'><strong>editis</strong></span> <span class='ocrx_word' id='word_1_536' title='bbox 1530 613 1557 635; x_wconf 85' lang='lat' dir='ltr'><strong>et</strong></span> <span class='ocrx_word' id='word_1_537' title='bbox 1571 617 1653 636; x_wconf 82' lang='lat' dir='ltr'><strong>inanu</strong></span> <span class='ocrx_word' id='word_1_538' title='bbox 1667 611 1804 638; x_wconf 83' lang='lat' dir='ltr'><strong>exaratis</strong></span> 
     </span>
    </p>
   </div>
   <div class='ocr_carea' id='block_1_79' title="bbox 996 649 1804 685">
    <p class='ocr_par' dir='ltr' id='par_1_79' title="bbox 996 649 1804 685">
     <span class='ocr_line' id='line_1_79' title="bbox 996 649 1804 685; baseline 0.006 -11"><span class='ocrx_word' id='word_1_539' title='bbox 996 649 1176 683; x_wconf 76' lang='grc' dir='ltr'><strong>μητρόπολις,</strong></span> <span class='ocrx_word' id='word_1_540' title='bbox 1190 649 1247 676; x_wconf 80' lang='lat' dir='ltr'><strong>acsi</strong></span> <span class='ocrx_word' id='word_1_541' title='bbox 1264 649 1368 684; x_wconf 85' lang='lat' dir='ltr'><strong>Ilypata</strong></span> <span class='ocrx_word' id='word_1_542' title='bbox 1384 649 1538 678; x_wconf 62' lang='lat' dir='ltr'><strong>Thessalia</strong></span> <span class='ocrx_word' id='word_1_543' title='bbox 1554 657 1635 685; x_wconf 78' lang='lat' dir='ltr'><strong>caput</strong></span> <span class='ocrx_word' id='word_1_544' title='bbox 1650 656 1677 678; x_wconf 84' lang='lat' dir='ltr'><strong>et</strong></span> <span class='ocrx_word' id='word_1_545' title='bbox 1690 657 1804 679; x_wconf 86' lang='lat' dir='ltr'><strong>metro-</strong></span> 
     </span>
    </p>
   </div>
   <div class='ocr_carea' id='block_1_80' title="bbox 995 690 1802 727">
    <p class='ocr_par' dir='ltr' id='par_1_80' title="bbox 995 690 1802 727">
     <span class='ocr_line' id='line_1_80' title="bbox 995 690 1802 727; baseline 0.006 -11"><span class='ocrx_word' id='word_1_546' title='bbox 995 691 1061 724; x_wconf 79' lang='lat' dir='ltr'><strong>polis</strong></span> <span class='ocrx_word' id='word_1_547' title='bbox 1079 690 1185 719; x_wconf 78' lang='lat' dir='ltr'><strong>luisset.</strong></span> <span class='ocrx_word' id='word_1_548' title='bbox 1208 691 1279 718; x_wconf 84' lang='lat' dir='ltr'><strong>Idem</strong></span> <span class='ocrx_word' id='word_1_549' title='bbox 1304 692 1372 718; x_wconf 85' lang='lat' dir='ltr'><strong>velle</strong></span> <span class='ocrx_word' id='word_1_550' title='bbox 1399 692 1506 720; x_wconf 86' lang='lat' dir='ltr'><strong>diceres</strong></span> <span class='ocrx_word' id='word_1_551' title='bbox 1526 693 1670 727; x_wconf 80' lang='lat' dir='ltr'><strong>Apuleium</strong></span> <span class='ocrx_word' id='word_1_552' title='bbox 1702 694 1802 721; x_wconf 66' lang='lat' dir='ltr'><strong>Heta-</strong></span> 
     </span>
    </p>
   </div>
   <div class='ocr_carea' id='block_1_81' title="bbox 996 732 1803 770">
    <p class='ocr_par' dir='ltr' id='par_1_81' title="bbox 996 732 1803 770">
     <span class='ocr_line' id='line_1_81' title="bbox 996 732 1803 770; baseline 0.006 -13"><span class='ocrx_word' id='word_1_553' title='bbox 996 733 1098 766; x_wconf 79' lang='lat' dir='ltr'><strong>morpli.</strong></span> <span class='ocrx_word' id='word_1_554' title='bbox 1115 741 1134 763; x_wconf 86' lang='grc' dir='ltr'><strong>ι.</strong></span> <span class='ocrx_word' id='word_1_555' title='bbox 1163 740 1188 767; x_wconf 86' lang='lat' dir='ltr'><strong>p.</strong></span> <span class='ocrx_word' id='word_1_556' title='bbox 1207 733 1256 760; x_wconf 77' lang='lat' dir='ltr'><strong>IOI</strong></span> <span class='ocrx_word' id='word_1_557' title='bbox 1274 742 1279 759; x_wconf 95' lang='lat'>:</span> <span class='ocrx_word' id='word_1_558' title='bbox 1301 732 1442 766; x_wconf 80' lang='lat' dir='ltr'><strong>Comperto</strong></span> <span class='ocrx_word' id='word_1_559' title='bbox 1464 734 1551 769; x_wconf 82' lang='lat' dir='ltr'><strong>itaque</strong></span> <span class='ocrx_word' id='word_1_560' title='bbox 1576 734 1689 770; x_wconf 77' lang='lat' dir='ltr'><strong>Hypata:</strong></span> <span class='ocrx_word' id='word_1_561' title='bbox 1703 756 1711 768; x_wconf 94' lang='lat'><strong>,</strong></span> <span class='ocrx_word' id='word_1_562' title='bbox 1730 745 1803 770; x_wconf 71' lang='lat' dir='ltr'><strong>qtae</strong></span> 
     </span>
    </p>
   </div>
   <div class='ocr_carea' id='block_1_82' title="bbox 995 775 1799 810">
    <p class='ocr_par' dir='ltr' id='par_1_82' title="bbox 995 775 1799 810">
     <span class='ocr_line' id='line_1_82' title="bbox 995 775 1799 810; baseline 0.006 -10"><span class='ocrx_word' id='word_1_563' title='bbox 995 775 1088 802; x_wconf 67' lang='lat' dir='ltr'><strong>civibus</strong></span> <span class='ocrx_word' id='word_1_564' title='bbox 1104 780 1204 802; x_wconf 77' lang='lat' dir='ltr'><strong>cuncta:</strong></span> <span class='ocrx_word' id='word_1_565' title='bbox 1225 775 1404 803; x_wconf 70' lang='lat' dir='ltr'><strong>Thessalonice</strong></span> <span class='ocrx_word' id='word_1_566' title='bbox 1428 776 1581 810; x_wconf 79' lang='lat' dir='ltr'><strong>antepollet.</strong></span> <span class='ocrx_word' id='word_1_567' title='bbox 1609 785 1665 804; x_wconf 79' lang='lat' dir='ltr'><strong>esse</strong></span> <span class='ocrx_word' id='word_1_568' title='bbox 1680 786 1799 805; x_wconf 76' lang='lat' dir='ltr'><strong>caseum</strong></span> 
     </span>
    </p>
   </div>
   <div class='ocr_carea' id='block_1_83' title="bbox 995 817 1800 847">
    <p class='ocr_par' dir='ltr' id='par_1_83' title="bbox 995 817 1800 847">
     <span class='ocr_line' id='line_1_83' title="bbox 995 817 1800 847; baseline 0.005 -4"><span class='ocrx_word' id='word_1_569' title='bbox 995 823 1133 844; x_wconf 66' lang='lat' dir='ltr'><strong>rerenlem.</strong></span> <span class='ocrx_word' id='word_1_570' title='bbox 1159 817 1211 845; x_wconf 87' lang='lat' dir='ltr'><strong>Sed</strong></span> <span class='ocrx_word' id='word_1_571' title='bbox 1239 825 1282 845; x_wconf 87' lang='lat' dir='ltr'><strong>res</strong></span> <span class='ocrx_word' id='word_1_572' title='bbox 1313 825 1392 845; x_wconf 87' lang='lat' dir='ltr'><strong>secus</strong></span> <span class='ocrx_word' id='word_1_573' title='bbox 1421 818 1522 846; x_wconf 77' lang='lat' dir='ltr'><strong>habet:</strong></span> <span class='ocrx_word' id='word_1_574' title='bbox 1544 819 1652 846; x_wconf 85' lang='lat' dir='ltr'><strong>Larissa</strong></span> <span class='ocrx_word' id='word_1_575' title='bbox 1679 821 1800 847; x_wconf 86' lang='lat' dir='ltr'><strong>urhitnu</strong></span> 
     </span>
    </p>
   </div>
   <div class='ocr_carea' id='block_1_84' title="bbox 996 859 1798 896">
    <p class='ocr_par' dir='ltr' id='par_1_84' title="bbox 996 859 1798 896">
     <span class='ocr_line' id='line_1_84' title="bbox 996 859 1798 896; baseline 0.004 -10"><span class='ocrx_word' id='word_1_576' title='bbox 996 859 1145 887; x_wconf 71' lang='lat' dir='ltr'><strong>TheSsalia:</strong></span> <span class='ocrx_word' id='word_1_577' title='bbox 1159 865 1217 887; x_wconf 85' lang='lat' dir='ltr'><strong>erat</strong></span> <span class='ocrx_word' id='word_1_578' title='bbox 1233 866 1324 895; x_wconf 80' lang='lat' dir='ltr'><strong>caput.</strong></span> <span class='ocrx_word' id='word_1_579' title='bbox 1341 860 1453 888; x_wconf 76' lang='lat' dir='ltr'><strong>Rectius</strong></span> <span class='ocrx_word' id='word_1_580' title='bbox 1468 861 1560 896; x_wconf 83' lang='lat' dir='ltr'><strong>itaque</strong></span> <span class='ocrx_word' id='word_1_581' title='bbox 1575 862 1748 896; x_wconf 69' lang='grc' dir='ltr'><strong>μητρόπολις</strong></span> <span class='ocrx_word' id='word_1_582' title='bbox 1767 864 1798 889; x_wconf 90' lang='lat' dir='ltr'><strong>in</strong></span> 
     </span>
    </p>
   </div>
   <div class='ocr_carea' id='block_1_85' title="bbox 996 901 1801 938">
    <p class='ocr_par' dir='ltr' id='par_1_85' title="bbox 996 901 1801 938">
     <span class='ocr_line' id='line_1_85' title="bbox 996 901 1801 938; baseline 0.004 -10"><span class='ocrx_word' id='word_1_583' title='bbox 996 901 1163 929; x_wconf 72' lang='lat' dir='ltr'><strong>Constantini</strong></span> <span class='ocrx_word' id='word_1_584' title='bbox 1176 902 1194 929; x_wconf 93' lang='lat' dir='ltr'><strong>I.</strong></span> <span class='ocrx_word' id='word_1_585' title='bbox 1211 910 1230 929; x_wconf 94' lang='grc' dir='ltr'><strong>ιι</strong></span> <span class='ocrx_word' id='word_1_586' title='bbox 1257 902 1347 929; x_wconf 84' lang='lat' dir='ltr'><strong>Tlmn.</strong></span> <span class='ocrx_word' id='word_1_587' title='bbox 1360 902 1378 928; x_wconf 75' lang='lat'><strong>&#39;2</strong></span> <span class='ocrx_word' id='word_1_588' title='bbox 1397 902 1431 929; x_wconf 91' lang='lat' dir='ltr'><strong>ab</strong></span> <span class='ocrx_word' id='word_1_589' title='bbox 1447 903 1497 930; x_wconf 86' lang='lat' dir='ltr'><strong>hac</strong></span> <span class='ocrx_word' id='word_1_590' title='bbox 1514 904 1708 938; x_wconf 83' lang='lat' dir='ltr'><strong>distinguitur;</strong></span> <span class='ocrx_word' id='word_1_591' title='bbox 1742 913 1801 931; x_wconf 84' lang='lat' dir='ltr'><strong>nec</strong></span> 
     </span>
    </p>
   </div>
   <div class='ocr_carea' id='block_1_86' title="bbox 995 943 1799 981">
    <p class='ocr_par' dir='ltr' id='par_1_86' title="bbox 995 943 1799 981">
     <span class='ocr_line' id='line_1_86' title="bbox 995 943 1799 981; baseline 0.005 -12"><span class='ocrx_word' id='word_1_592' title='bbox 995 944 1068 970; x_wconf 87' lang='lat' dir='ltr'><strong>aliud</strong></span> <span class='ocrx_word' id='word_1_593' title='bbox 1085 945 1168 970; x_wconf 89' lang='lat' dir='ltr'><strong>voluit</strong></span> <span class='ocrx_word' id='word_1_594' title='bbox 1184 943 1333 977; x_wconf 85' lang='lat' dir='ltr'><strong>Hierocles,</strong></span> <span class='ocrx_word' id='word_1_595' title='bbox 1357 949 1385 970; x_wconf 86' lang='lat' dir='ltr'><strong>ut</strong></span> <span class='ocrx_word' id='word_1_596' title='bbox 1402 952 1434 971; x_wconf 81' lang='lat' dir='ltr'><strong>cx</strong></span> <span class='ocrx_word' id='word_1_597' title='bbox 1453 944 1560 972; x_wconf 89' lang='lat' dir='ltr'><strong>urbium</strong></span> <span class='ocrx_word' id='word_1_598' title='bbox 1576 946 1701 980; x_wconf 76' lang='lat' dir='ltr'><strong>catalogo</strong></span> <span class='ocrx_word' id='word_1_599' title='bbox 1726 954 1799 981; x_wconf 80' lang='lat' dir='ltr'><strong>pro-</strong></span> 
     </span>
    </p>
   </div>
   <div class='ocr_carea' id='block_1_87' title="bbox 995 985 1402 1020">
    <p class='ocr_par' dir='ltr' id='par_1_87' title="bbox 995 985 1402 1020">
     <span class='ocr_line' id='line_1_87' title="bbox 995 985 1402 1020; baseline 0.005 -9"><span class='ocrx_word' id='word_1_600' title='bbox 995 985 1092 1012; x_wconf 65' lang='lat' dir='ltr'><strong>vincite</strong></span> <span class='ocrx_word' id='word_1_601' title='bbox 1107 986 1267 1020; x_wconf 68' lang='lat' dir='ltr'><strong>prmscripto</strong></span> <span class='ocrx_word' id='word_1_602' title='bbox 1279 990 1402 1020; x_wconf 75' lang='lat' dir='ltr'><strong>apparet.</strong></span> 
     </span>
    </p>
   </div>
   <div class='ocr_carea' id='block_1_88' title="bbox 1034 1027 1800 1064">
    <p class='ocr_par' dir='ltr' id='par_1_88' title="bbox 1034 1027 1800 1064">
     <span class='ocr_line' id='line_1_88' title="bbox 1034 1027 1800 1064; baseline 0.003 -10"><span class='ocrx_word' id='word_1_603' title='bbox 1034 1027 1102 1054; x_wconf 77' lang='lat' dir='ltr'><strong>Ibid.</strong></span> <span class='ocrx_word' id='word_1_604' title='bbox 1119 1028 1310 1062; x_wconf 68' lang='grc' dir='ltr'><strong>Μητρόπολις</strong></span> <span class='ocrx_word' id='word_1_605' title='bbox 1324 1028 1472 1055; x_wconf 69' lang='lat' dir='ltr'><strong>Thessalia:</strong></span> <span class='ocrx_word' id='word_1_606' title='bbox 1485 1029 1554 1056; x_wconf 94' lang='lat' dir='ltr'><strong>hanc</strong></span> <span class='ocrx_word' id='word_1_607' title='bbox 1578 1029 1671 1056; x_wconf 85' lang='lat' dir='ltr'><strong>urbem</strong></span> <span class='ocrx_word' id='word_1_608' title='bbox 1681 1037 1716 1056; x_wconf 82' lang='lat' dir='ltr'><strong>ex</strong></span> <span class='ocrx_word' id='word_1_609' title='bbox 1731 1030 1800 1064; x_wconf 88' lang='lat' dir='ltr'><strong>plu—</strong></span> 
     </span>
    </p>
   </div>
   <div class='ocr_carea' id='block_1_89' title="bbox 996 1068 1797 1105">
    <p class='ocr_par' dir='ltr' id='par_1_89' title="bbox 996 1068 1797 1105">
     <span class='ocr_line' id='line_1_89' title="bbox 996 1068 1797 1105; baseline 0.004 -10"><span class='ocrx_word' id='word_1_610' title='bbox 996 1068 1073 1096; x_wconf 86' lang='lat' dir='ltr'><strong>ribus</strong></span> <span class='ocrx_word' id='word_1_611' title='bbox 1086 1069 1192 1104; x_wconf 83' lang='lat' dir='ltr'><strong>oppidis</strong></span> <span class='ocrx_word' id='word_1_612' title='bbox 1206 1069 1350 1096; x_wconf 81' lang='lat' dir='ltr'><strong>conﬂatam</strong></span> <span class='ocrx_word' id='word_1_613' title='bbox 1371 1074 1398 1096; x_wconf 89' lang='lat' dir='ltr'><strong>et</strong></span> <span class='ocrx_word' id='word_1_614' title='bbox 1411 1069 1516 1098; x_wconf 70' lang='lat' dir='ltr'><strong>Tricca:</strong></span> <span class='ocrx_word' id='word_1_615' title='bbox 1529 1075 1556 1097; x_wconf 86' lang='lat' dir='ltr'><strong>et</strong></span> <span class='ocrx_word' id='word_1_616' title='bbox 1570 1070 1702 1105; x_wconf 87' lang='lat' dir='ltr'><strong>Gomphis</strong></span> <span class='ocrx_word' id='word_1_617' title='bbox 1721 1072 1797 1098; x_wconf 82' lang='lat' dir='ltr'><strong>vici-</strong></span> 
     </span>
    </p>
   </div>
   <div class='ocr_carea' id='block_1_90' title="bbox 1000 1111 1796 1148">
    <p class='ocr_par' dir='ltr' id='par_1_90' title="bbox 1000 1111 1796 1148">
     <span class='ocr_line' id='line_1_90' title="bbox 1000 1111 1796 1148; baseline 0.004 -11"><span class='ocrx_word' id='word_1_618' title='bbox 1000 1120 1062 1138; x_wconf 82' lang='lat' dir='ltr'><strong>nam</strong></span> <span class='ocrx_word' id='word_1_619' title='bbox 1086 1116 1220 1139; x_wconf 85' lang='lat' dir='ltr'><strong>memorat</strong></span> <span class='ocrx_word' id='word_1_620' title='bbox 1241 1112 1340 1140; x_wconf 85' lang='lat' dir='ltr'><strong>Strabo</strong></span> <span class='ocrx_word' id='word_1_621' title='bbox 1351 1111 1371 1139; x_wconf 93' lang='lat' dir='ltr'><strong>I.</strong></span> <span class='ocrx_word' id='word_1_622' title='bbox 1386 1121 1425 1144; x_wconf 84' lang='grc' dir='ltr'><strong>ιχ,</strong></span> <span class='ocrx_word' id='word_1_623' title='bbox 1438 1121 1465 1147; x_wconf 91' lang='lat' dir='ltr'><strong>p.</strong></span> <span class='ocrx_word' id='word_1_624' title='bbox 1488 1113 1552 1140; x_wconf 72' lang='grc'><strong>457.</strong></span> <span class='ocrx_word' id='word_1_625' title='bbox 1569 1113 1627 1140; x_wconf 82' lang='lat' dir='ltr'><strong>IIuc</strong></span> <span class='ocrx_word' id='word_1_626' title='bbox 1650 1114 1796 1148; x_wconf 79' lang='lat' dir='ltr'><strong>pertinent</strong></span> 
     </span>
    </p>
   </div>
   <div class='ocr_carea' id='block_1_91' title="bbox 996 1154 1797 1189">
    <p class='ocr_par' dir='ltr' id='par_1_91' title="bbox 996 1154 1797 1189">
     <span class='ocr_line' id='line_1_91' title="bbox 996 1154 1797 1189; baseline 0.004 -10"><span class='ocrx_word' id='word_1_627' title='bbox 996 1154 1272 1180; x_wconf 77' lang='lat' dir='ltr'><strong>MllTPOllOAITDN</strong></span> <span class='ocrx_word' id='word_1_628' title='bbox 1291 1154 1365 1181; x_wconf 80' lang='lat' dir='ltr'><strong>nurui</strong></span> <span class='ocrx_word' id='word_1_629' title='bbox 1380 1174 1387 1186; x_wconf 92' lang='lat'><strong>,</strong></span> <span class='ocrx_word' id='word_1_630' title='bbox 1405 1162 1476 1189; x_wconf 87' lang='lat' dir='ltr'><strong>equo</strong></span> <span class='ocrx_word' id='word_1_631' title='bbox 1493 1154 1651 1181; x_wconf 80' lang='lat' dir='ltr'><strong>Thessalico</strong></span> <span class='ocrx_word' id='word_1_632' title='bbox 1668 1155 1797 1189; x_wconf 77' lang='lat' dir='ltr'><strong>insignes</strong></span> 
     </span>
    </p>
   </div>
   <div class='ocr_carea' id='block_1_92' title="bbox 998 1196 1799 1231">
    <p class='ocr_par' dir='ltr' id='par_1_92' title="bbox 998 1196 1799 1231">
     <span class='ocr_line' id='line_1_92' title="bbox 998 1196 1799 1231; baseline 0.001 -9"><span class='ocrx_word' id='word_1_633' title='bbox 998 1198 1068 1230; x_wconf 86' lang='lat' dir='ltr'><strong>apud</strong></span> <span class='ocrx_word' id='word_1_634' title='bbox 1084 1196 1229 1223; x_wconf 87' lang='lat' dir='ltr'><strong>Goltzium.</strong></span> <span class='ocrx_word' id='word_1_635' title='bbox 1242 1196 1303 1223; x_wconf 80' lang='lat' dir='ltr'><strong>Fuit</strong></span> <span class='ocrx_word' id='word_1_636' title='bbox 1318 1201 1419 1227; x_wconf 88' lang='lat' dir='ltr'><strong>autem.</strong></span> <span class='ocrx_word' id='word_1_637' title='bbox 1434 1197 1504 1230; x_wconf 88' lang='lat' dir='ltr'><strong>quod</strong></span> <span class='ocrx_word' id='word_1_638' title='bbox 1518 1196 1614 1231; x_wconf 81' lang='lat' dir='ltr'><strong>negligi</strong></span> <span class='ocrx_word' id='word_1_639' title='bbox 1635 1197 1730 1229; x_wconf 87' lang='lat' dir='ltr'><strong>nolim,</strong></span> <span class='ocrx_word' id='word_1_640' title='bbox 1745 1204 1799 1230; x_wconf 80' lang='lat' dir='ltr'><strong>po-</strong></span> 
     </span>
    </p>
   </div>
   <div class='ocr_carea' id='block_1_93' title="bbox 997 1237 1796 1273">
    <p class='ocr_par' dir='ltr' id='par_1_93' title="bbox 997 1237 1796 1273">
     <span class='ocr_line' id='line_1_93' title="bbox 997 1237 1796 1273; baseline 0 -9"><span class='ocrx_word' id='word_1_641' title='bbox 997 1243 1055 1264; x_wconf 69' lang='lat' dir='ltr'><strong>slea</strong></span> <span class='ocrx_word' id='word_1_642' title='bbox 1071 1237 1207 1265; x_wconf 79' lang='lat' dir='ltr'><strong>Novarum</strong></span> <span class='ocrx_word' id='word_1_643' title='bbox 1222 1237 1366 1265; x_wconf 85' lang='lat' dir='ltr'><strong>Patrarum</strong></span> <span class='ocrx_word' id='word_1_644' title='bbox 1382 1239 1441 1265; x_wconf 91' lang='lat' dir='ltr'><strong>urbi</strong></span> <span class='ocrx_word' id='word_1_645' title='bbox 1461 1246 1612 1273; x_wconf 77' lang='lat' dir='ltr'><strong>cognomen</strong></span> <span class='ocrx_word' id='word_1_646' title='bbox 1627 1247 1633 1264; x_wconf 91' lang='lat'>:</span> <span class='ocrx_word' id='word_1_647' title='bbox 1652 1239 1796 1265; x_wconf 83' lang='lat' dir='ltr'><strong>Constan-</strong></span> 
     </span>
    </p>
   </div>
   <div class='ocr_carea' id='block_1_94' title="bbox 998 1279 1803 1316">
    <p class='ocr_par' dir='ltr' id='par_1_94' title="bbox 998 1279 1803 1316">
     <span class='ocr_line' id='line_1_94' title="bbox 998 1279 1803 1316; baseline 0.004 -11"><span class='ocrx_word' id='word_1_648' title='bbox 998 1279 1072 1306; x_wconf 87' lang='lat' dir='ltr'><strong>tinus</strong></span> <span class='ocrx_word' id='word_1_649' title='bbox 1085 1280 1259 1314; x_wconf 78' lang='grc' dir='ltr'><strong>Μητρόπολις</strong></span> <span class='ocrx_word' id='word_1_650' title='bbox 1280 1280 1306 1306; x_wconf 84' lang='grc' dir='ltr'><strong>αἱ</strong></span> <span class='ocrx_word' id='word_1_651' title='bbox 1324 1279 1372 1306; x_wconf 79' lang='grc' dir='ltr'><strong>νῦν</strong></span> <span class='ocrx_word' id='word_1_652' title='bbox 1395 1280 1462 1306; x_wconf 80' lang='grc' dir='ltr'><strong>Νέαι</strong></span> <span class='ocrx_word' id='word_1_653' title='bbox 1490 1280 1606 1316; x_wconf 68' lang='grc' dir='ltr'><strong>Πάτρεμ.</strong></span> <span class='ocrx_word' id='word_1_654' title='bbox 1634 1281 1701 1307; x_wconf 86' lang='lat' dir='ltr'><strong>Iluic</strong></span> <span class='ocrx_word' id='word_1_655' title='bbox 1726 1289 1803 1314; x_wconf 70' lang='lat' dir='ltr'><strong>ergo</strong></span> 
     </span>
    </p>
   </div>
   <div class='ocr_carea' id='block_1_95' title="bbox 996 1321 1794 1357">
    <p class='ocr_par' dir='ltr' id='par_1_95' title="bbox 996 1321 1794 1357">
     <span class='ocr_line' id='line_1_95' title="bbox 996 1321 1794 1357; baseline 0.004 -11"><span class='ocrx_word' id='word_1_656' title='bbox 996 1321 1139 1355; x_wconf 84' lang='lat' dir='ltr'><strong>episcopus</strong></span> <span class='ocrx_word' id='word_1_657' title='bbox 1154 1321 1204 1348; x_wconf 79' lang='lat' dir='ltr'><strong>fuit</strong></span> <span class='ocrx_word' id='word_1_658' title='bbox 1226 1321 1385 1356; x_wconf 87' lang='lat' dir='ltr'><strong>Euthymius</strong></span> <span class='ocrx_word' id='word_1_659' title='bbox 1401 1321 1454 1348; x_wconf 77' lang='grc' dir='ltr'><strong>τῶν</strong></span> <span class='ocrx_word' id='word_1_660' title='bbox 1474 1322 1552 1348; x_wconf 79' lang='grc' dir='ltr'><strong>Νέων</strong></span> <span class='ocrx_word' id='word_1_661' title='bbox 1576 1323 1692 1356; x_wconf 78' lang='grc' dir='ltr'><strong>Πατρῶν</strong></span> <span class='ocrx_word' id='word_1_662' title='bbox 1717 1324 1794 1357; x_wconf 83' lang='lat' dir='ltr'><strong>apud</strong></span> 
     </span>
    </p>
   </div>
   <div class='ocr_carea' id='block_1_96' title="bbox 997 1362 1792 1400">
    <p class='ocr_par' dir='ltr' id='par_1_96' title="bbox 997 1362 1792 1400">
     <span class='ocr_line' id='line_1_96' title="bbox 997 1362 1792 1400; baseline 0.008 -12"><span class='ocrx_word' id='word_1_663' title='bbox 997 1362 1120 1389; x_wconf 79' lang='lat' dir='ltr'><strong>Nicctam</strong></span> <span class='ocrx_word' id='word_1_664' title='bbox 1131 1363 1281 1391; x_wconf 87' lang='lat' dir='ltr'><strong>Choniaten</strong></span> <span class='ocrx_word' id='word_1_665' title='bbox 1293 1363 1366 1390; x_wconf 81' lang='lat' dir='ltr'><strong>Ann.</strong></span> <span class='ocrx_word' id='word_1_666' title='bbox 1380 1364 1502 1390; x_wconf 88' lang='lat' dir='ltr'><strong>Andron.</strong></span> <span class='ocrx_word' id='word_1_667' title='bbox 1512 1364 1640 1391; x_wconf 82' lang='lat' dir='ltr'><strong>(.‘omncn.</strong></span> <span class='ocrx_word' id='word_1_668' title='bbox 1651 1373 1669 1392; x_wconf 89' lang='grc' dir='ltr'><strong>ιι</strong></span> <span class='ocrx_word' id='word_1_669' title='bbox 1684 1373 1710 1400; x_wconf 91' lang='lat' dir='ltr'><strong>p.</strong></span> <span class='ocrx_word' id='word_1_670' title='bbox 1726 1366 1792 1398; x_wconf 74' lang='grc'><strong>165,</strong></span> 
     </span>
    </p>
   </div>
   <div class='ocr_carea' id='block_1_97' title="bbox 997 1405 1795 1439">
    <p class='ocr_par' dir='ltr' id='par_1_97' title="bbox 997 1405 1795 1439">
     <span class='ocr_line' id='line_1_97' title="bbox 997 1405 1795 1439; baseline 0.005 -8"><span class='ocrx_word' id='word_1_671' title='bbox 997 1405 1030 1431; x_wconf 90' lang='lat' dir='ltr'><strong>de</strong></span> <span class='ocrx_word' id='word_1_672' title='bbox 1047 1405 1126 1439; x_wconf 80' lang='lat' dir='ltr'><strong>cujus</strong></span> <span class='ocrx_word' id='word_1_673' title='bbox 1147 1405 1211 1432; x_wconf 86' lang='lat' dir='ltr'><strong>sede</strong></span> <span class='ocrx_word' id='word_1_674' title='bbox 1226 1405 1318 1433; x_wconf 81' lang='lat' dir='ltr'><strong>omnia</strong></span> <span class='ocrx_word' id='word_1_675' title='bbox 1335 1405 1439 1432; x_wconf 89' lang='lat' dir='ltr'><strong>incerta</strong></span> <span class='ocrx_word' id='word_1_676' title='bbox 1454 1406 1520 1433; x_wconf 85' lang='lat' dir='ltr'><strong>Abr.</strong></span> <span class='ocrx_word' id='word_1_677' title='bbox 1538 1407 1642 1434; x_wconf 80' lang='lat' dir='ltr'><strong>Ortelio</strong></span> <span class='ocrx_word' id='word_1_678' title='bbox 1661 1407 1795 1435; x_wconf 82' lang='lat' dir='ltr'><strong>videban-</strong></span> 
     </span>
    </p>
   </div>
   <div class='ocr_carea' id='block_1_98' title="bbox 998 1449 1052 1470">
    <p class='ocr_par' dir='ltr' id='par_1_98' title="bbox 998 1449 1052 1470">
     <span class='ocr_line' id='line_1_98' title="bbox 998 1449 1052 1470; baseline 0 0"><span class='ocrx_word' id='word_1_679' title='bbox 998 1449 1052 1470; x_wconf 86' lang='lat' dir='ltr'><strong>IIII‘.</strong></span> 
     </span>
    </p>
   </div>
   <div class='ocr_carea' id='block_1_99' title="bbox 1032 1485 1793 1522">
    <p class='ocr_par' dir='ltr' id='par_1_99' title="bbox 1032 1485 1793 1522">
     <span class='ocr_line' id='line_1_99' title="bbox 1032 1485 1793 1522; baseline 0.005 -10"><span class='ocrx_word' id='word_1_680' title='bbox 1032 1485 1101 1513; x_wconf 88' lang='lat' dir='ltr'><strong>Ibid.</strong></span> <span class='ocrx_word' id='word_1_681' title='bbox 1118 1485 1236 1520; x_wconf 65' lang='grc' dir='ltr'><strong>Τρίκκη.</strong></span> <span class='ocrx_word' id='word_1_682' title='bbox 1252 1486 1300 1514; x_wconf 85' lang='lat' dir='ltr'><strong>Sic</strong></span> <span class='ocrx_word' id='word_1_683' title='bbox 1314 1487 1445 1522; x_wconf 83' lang='lat' dir='ltr'><strong>oportuit,</strong></span> <span class='ocrx_word' id='word_1_684' title='bbox 1464 1492 1493 1514; x_wconf 94' lang='lat' dir='ltr'><strong>ut</strong></span> <span class='ocrx_word' id='word_1_685' title='bbox 1507 1488 1547 1515; x_wconf 85' lang='lat' dir='ltr'><strong>vel</strong></span> <span class='ocrx_word' id='word_1_686' title='bbox 1563 1496 1594 1515; x_wconf 85' lang='lat' dir='ltr'><strong>ex</strong></span> <span class='ocrx_word' id='word_1_687' title='bbox 1609 1488 1725 1516; x_wconf 86' lang='lat' dir='ltr'><strong>IIomero</strong></span> <span class='ocrx_word' id='word_1_688' title='bbox 1740 1497 1793 1517; x_wconf 60' lang='lat' dir='ltr'><strong>no.</strong></span> 
     </span>
    </p>
   </div>
   <div class='ocr_carea' id='block_1_100' title="bbox 997 1527 1794 1564">
    <p class='ocr_par' dir='ltr' id='par_1_100' title="bbox 997 1527 1794 1564">
     <span class='ocr_line' id='line_1_100' title="bbox 997 1527 1794 1564; baseline 0.005 -11"><span class='ocrx_word' id='word_1_689' title='bbox 997 1531 1054 1554; x_wconf 90' lang='lat' dir='ltr'><strong>tum</strong></span> <span class='ocrx_word' id='word_1_690' title='bbox 1074 1532 1126 1555; x_wconf 89' lang='lat' dir='ltr'><strong>est.</strong></span> <span class='ocrx_word' id='word_1_691' title='bbox 1149 1527 1297 1563; x_wconf 83' lang='lat' dir='ltr'><strong>Procopius</strong></span> <span class='ocrx_word' id='word_1_692' title='bbox 1321 1528 1412 1562; x_wconf 64' lang='lat' dir='ltr'><strong>xEdif.</strong></span> <span class='ocrx_word' id='word_1_693' title='bbox 1428 1529 1498 1556; x_wconf 73' lang='lat' dir='ltr'><strong>Just.</strong></span> <span class='ocrx_word' id='word_1_694' title='bbox 1525 1537 1560 1562; x_wconf 86' lang='lat' dir='ltr'><strong>tv,</strong></span> <span class='ocrx_word' id='word_1_695' title='bbox 1586 1531 1603 1556; x_wconf 80' lang='grc'><strong>5</strong></span> <span class='ocrx_word' id='word_1_696' title='bbox 1625 1530 1794 1564; x_wconf 77' lang='grc' dir='ltr'><strong>Τρικάττους</strong></span> 
     </span>
    </p>
   </div>
   <div class='ocr_carea' id='block_1_101' title="bbox 997 1569 1792 1606">
    <p class='ocr_par' dir='ltr' id='par_1_101' title="bbox 997 1569 1792 1606">
     <span class='ocr_line' id='line_1_101' title="bbox 997 1569 1792 1606; baseline 0.006 -12"><span class='ocrx_word' id='word_1_697' title='bbox 997 1569 1125 1603; x_wconf 82' lang='lat' dir='ltr'><strong>appellat,</strong></span> <span class='ocrx_word' id='word_1_698' title='bbox 1151 1570 1197 1596; x_wconf 83' lang='lat' dir='ltr'><strong>sed</strong></span> <span class='ocrx_word' id='word_1_699' title='bbox 1216 1570 1332 1597; x_wconf 89' lang='lat' dir='ltr'><strong>aliorum</strong></span> <span class='ocrx_word' id='word_1_700' title='bbox 1349 1575 1460 1605; x_wconf 89' lang='lat' dir='ltr'><strong>peccato</strong></span> <span class='ocrx_word' id='word_1_701' title='bbox 1485 1579 1491 1598; x_wconf 90' lang='lat'><strong>:</strong></span> <span class='ocrx_word' id='word_1_702' title='bbox 1518 1571 1679 1606; x_wconf 76' lang='lat' dir='ltr'><strong>scripserat,</strong></span> <span class='ocrx_word' id='word_1_703' title='bbox 1698 1573 1792 1603; x_wconf 83' lang='lat' dir='ltr'><strong>credo,</strong></span> 
     </span>
    </p>
   </div>
   <div class='ocr_carea' id='block_1_102' title="bbox 997 1609 1794 1644">
    <p class='ocr_par' dir='ltr' id='par_1_102' title="bbox 997 1609 1794 1644">
     <span class='ocr_line' id='line_1_102' title="bbox 997 1609 1794 1644; baseline 0.005 -9"><span class='ocrx_word' id='word_1_704' title='bbox 997 1610 1044 1636; x_wconf 75' lang='grc' dir='ltr'><strong>καὶ</strong></span> <span class='ocrx_word' id='word_1_705' title='bbox 1062 1609 1150 1636; x_wconf 78' lang='grc' dir='ltr'>ἄλλων</span> <span class='ocrx_word' id='word_1_706' title='bbox 1173 1610 1227 1637; x_wconf 83' lang='grc' dir='ltr'><strong>τῶν</strong></span> <span class='ocrx_word' id='word_1_707' title='bbox 1247 1611 1293 1637; x_wconf 75' lang='grc' dir='ltr'><strong>ἐπὶ</strong></span> <span class='ocrx_word' id='word_1_708' title='bbox 1312 1611 1465 1644; x_wconf 72' lang='grc' dir='ltr'><strong>Θεσσαλίας</strong></span> <span class='ocrx_word' id='word_1_709' title='bbox 1489 1612 1593 1638; x_wconf 70' lang='grc' dir='ltr'>πόλεων</span> <span class='ocrx_word' id='word_1_710' title='bbox 1617 1613 1743 1644; x_wconf 83' lang='grc' dir='ltr'><strong>ἁπασῶν,</strong></span> <span class='ocrx_word' id='word_1_711' title='bbox 1764 1615 1794 1639; x_wconf 82' lang='grc' dir='ltr'><strong>ἐν</strong></span> 
     </span>
    </p>
   </div>
   <div class='ocr_carea' id='block_1_103' title="bbox 997 1650 1794 1689">
    <p class='ocr_par' dir='ltr' id='par_1_103' title="bbox 997 1650 1794 1689">
     <span class='ocr_line' id='line_1_103' title="bbox 997 1650 1794 1689; baseline 0.004 -11"><span class='ocrx_word' id='word_1_712' title='bbox 997 1650 1041 1683; x_wconf 74' lang='grc' dir='ltr'><strong>αἷς</strong></span> <span class='ocrx_word' id='word_1_713' title='bbox 1059 1652 1218 1687; x_wconf 83' lang='grc' dir='ltr'><strong>Δημητρίας</strong></span> <span class='ocrx_word' id='word_1_714' title='bbox 1237 1652 1267 1679; x_wconf 84' lang='grc' dir='ltr'><em>τέ</em></span> <span class='ocrx_word' id='word_1_715' title='bbox 1298 1653 1357 1680; x_wconf 77' lang='grc' dir='ltr'><strong>ἐστι</strong></span> <span class='ocrx_word' id='word_1_716' title='bbox 1377 1654 1424 1680; x_wconf 76' lang='grc' dir='ltr'><strong>καὶ</strong></span> <span class='ocrx_word' id='word_1_717' title='bbox 1447 1654 1625 1689; x_wconf 79' lang='grc' dir='ltr'><strong>Μητρόπολις</strong></span> <span class='ocrx_word' id='word_1_718' title='bbox 1644 1655 1731 1689; x_wconf 73' lang='grc' dir='ltr'><strong>ὄνομα</strong></span> <span class='ocrx_word' id='word_1_719' title='bbox 1746 1657 1794 1681; x_wconf 72' lang='grc' dir='ltr'><strong>καὶ</strong></span> 
     </span>
    </p>
   </div>
   <div class='ocr_carea' id='block_1_104' title="bbox 997 1694 1793 1731">
    <p class='ocr_par' dir='ltr' id='par_1_104' title="bbox 997 1694 1793 1731">
     <span class='ocr_line' id='line_1_104' title="bbox 997 1694 1793 1731; baseline 0.004 -11"><span class='ocrx_word' id='word_1_720' title='bbox 997 1694 1101 1729; x_wconf 72' lang='grc' dir='ltr'><strong>Γόμφοι</strong></span> <span class='ocrx_word' id='word_1_721' title='bbox 1121 1694 1167 1720; x_wconf 76' lang='grc' dir='ltr'><strong>καὶ</strong></span> <span class='ocrx_word' id='word_1_722' title='bbox 1176 1694 1294 1729; x_wconf 80' lang='grc' dir='ltr'><strong>Τρίκκα,</strong></span> <span class='ocrx_word' id='word_1_723' title='bbox 1304 1695 1367 1726; x_wconf 74' lang='grc' dir='ltr'><strong>τοὺς</strong></span> <span class='ocrx_word' id='word_1_724' title='bbox 1381 1696 1543 1730; x_wconf 74' lang='grc' dir='ltr'><strong>περςὸὀλους</strong></span> <span class='ocrx_word' id='word_1_725' title='bbox 1556 1697 1793 1731; x_wconf 77' lang='grc' dir='ltr'><strong>ἀνανεωσάμενος.</strong></span> 
     </span>
    </p>
   </div>
   <div class='ocr_carea' id='block_1_105' title="bbox 997 1735 1794 1773">
    <p class='ocr_par' dir='ltr' id='par_1_105' title="bbox 997 1735 1794 1773">
     <span class='ocr_line' id='line_1_105' title="bbox 997 1735 1794 1773; baseline 0.004 -11"><span class='ocrx_word' id='word_1_726' title='bbox 997 1735 1088 1763; x_wconf 75' lang='lat' dir='ltr'><strong>Serior</strong></span> <span class='ocrx_word' id='word_1_727' title='bbox 1100 1741 1166 1762; x_wconf 69' lang='lat' dir='ltr'><strong>tetas</strong></span> <span class='ocrx_word' id='word_1_728' title='bbox 1176 1736 1283 1764; x_wconf 74' lang='lat' dir='ltr'><strong>Tricala</strong></span> <span class='ocrx_word' id='word_1_729' title='bbox 1295 1737 1451 1771; x_wconf 83' lang='lat' dir='ltr'><strong>appellavit.</strong></span> <span class='ocrx_word' id='word_1_730' title='bbox 1460 1737 1605 1772; x_wconf 83' lang='lat' dir='ltr'><strong>Catalogus</strong></span> <span class='ocrx_word' id='word_1_731' title='bbox 1617 1738 1722 1765; x_wconf 91' lang='lat' dir='ltr'><strong>urbium</strong></span> <span class='ocrx_word' id='word_1_732' title='bbox 1734 1747 1794 1773; x_wconf 83' lang='lat' dir='ltr'><strong>qme</strong></span> 
     </span>
    </p>
   </div>
   <div class='ocr_carea' id='block_1_106' title="bbox 998 1779 1790 1815">
    <p class='ocr_par' dir='ltr' id='par_1_106' title="bbox 998 1779 1790 1815">
     <span class='ocr_line' id='line_1_106' title="bbox 998 1779 1790 1815; baseline 0.004 -11"><span class='ocrx_word' id='word_1_733' title='bbox 998 1785 1096 1805; x_wconf 86' lang='lat' dir='ltr'><strong>nomen</strong></span> <span class='ocrx_word' id='word_1_734' title='bbox 1115 1782 1268 1811; x_wconf 82' lang='lat' dir='ltr'><strong>mutarunt,</strong></span> <span class='ocrx_word' id='word_1_735' title='bbox 1290 1779 1395 1806; x_wconf 82' lang='lat' dir='ltr'><strong>Codino</strong></span> <span class='ocrx_word' id='word_1_736' title='bbox 1413 1787 1428 1806; x_wconf 87' lang='lat' dir='ltr'><strong>a</strong></span> <span class='ocrx_word' id='word_1_737' title='bbox 1445 1779 1504 1806; x_wconf 80' lang='lat' dir='ltr'><strong>Jac.</strong></span> <span class='ocrx_word' id='word_1_738' title='bbox 1520 1779 1608 1807; x_wconf 77' lang='grc' dir='ltr'><strong>ϐοηνο</strong></span> <span class='ocrx_word' id='word_1_739' title='bbox 1627 1788 1655 1815; x_wconf 85' lang='lat' dir='ltr'><strong>p.</strong></span> <span class='ocrx_word' id='word_1_740' title='bbox 1670 1780 1723 1807; x_wconf 66' lang='grc'><strong>404</strong></span> <span class='ocrx_word' id='word_1_741' title='bbox 1741 1781 1790 1807; x_wconf 83' lang='lat' dir='ltr'><strong>ad-</strong></span> 
     </span>
    </p>
   </div>
   <div class='ocr_carea' id='block_1_107' title="bbox 998 1820 1791 1856">
    <p class='ocr_par' dir='ltr' id='par_1_107' title="bbox 998 1820 1791 1856">
     <span class='ocr_line' id='line_1_107' title="bbox 998 1820 1791 1856; baseline 0.001 -9"><span class='ocrx_word' id='word_1_742' title='bbox 998 1820 1071 1848; x_wconf 89' lang='lat' dir='ltr'><strong>ditus</strong></span> <span class='ocrx_word' id='word_1_743' title='bbox 1083 1829 1090 1847; x_wconf 78' lang='lat'><strong>2</strong></span> <span class='ocrx_word' id='word_1_744' title='bbox 1109 1820 1215 1855; x_wconf 79' lang='grc' dir='ltr'><strong>Τρίκκη</strong></span> <span class='ocrx_word' id='word_1_745' title='bbox 1227 1821 1259 1847; x_wconf 84' lang='grc' dir='ltr'><strong>τὰ</strong></span> <span class='ocrx_word' id='word_1_746' title='bbox 1271 1821 1317 1847; x_wconf 78' lang='grc' dir='ltr'>νῦν</span> <span class='ocrx_word' id='word_1_747' title='bbox 1328 1821 1461 1856; x_wconf 64' lang='grc' dir='ltr'><strong>Τρίκαιλα.</strong></span> <span class='ocrx_word' id='word_1_748' title='bbox 1480 1821 1534 1849; x_wconf 81' lang='lat' dir='ltr'><strong>Nec</strong></span> <span class='ocrx_word' id='word_1_749' title='bbox 1549 1822 1603 1850; x_wconf 84' lang='lat' dir='ltr'><strong>alio</strong></span> <span class='ocrx_word' id='word_1_750' title='bbox 1615 1822 1725 1849; x_wconf 90' lang='lat' dir='ltr'><strong>nomine</strong></span> <span class='ocrx_word' id='word_1_751' title='bbox 1740 1823 1791 1849; x_wconf 83' lang='grc' dir='ltr'><strong>Λιι-</strong></span> 
     </span>
    </p>
   </div>
   <div class='ocr_carea' id='block_1_108' title="bbox 998 1863 1789 1898">
    <p class='ocr_par' dir='ltr' id='par_1_108' title="bbox 998 1863 1789 1898">
     <span class='ocr_line' id='line_1_108' title="bbox 998 1863 1789 1898; baseline 0.001 -8"><span class='ocrx_word' id='word_1_752' title='bbox 998 1871 1040 1890; x_wconf 63' lang='lat' dir='ltr'><strong>na:</strong></span> <span class='ocrx_word' id='word_1_753' title='bbox 1055 1863 1176 1890; x_wconf 66' lang='lat' dir='ltr'><strong>Alexiod.</strong></span> <span class='ocrx_word' id='word_1_754' title='bbox 1194 1871 1209 1890; x_wconf 94' lang='lat' dir='ltr'><strong>v</strong></span> <span class='ocrx_word' id='word_1_755' title='bbox 1223 1871 1249 1898; x_wconf 87' lang='lat' dir='ltr'><strong>p.</strong></span> <span class='ocrx_word' id='word_1_756' title='bbox 1265 1863 1316 1890; x_wconf 82' lang='grc'><strong>158</strong></span> <span class='ocrx_word' id='word_1_757' title='bbox 1332 1868 1393 1890; x_wconf 83' lang='lat' dir='ltr'><strong>nota</strong></span> <span class='ocrx_word' id='word_1_758' title='bbox 1408 1868 1451 1890; x_wconf 86' lang='lat' dir='ltr'><strong>est</strong></span> <span class='ocrx_word' id='word_1_759' title='bbox 1467 1872 1473 1890; x_wconf 93' lang='lat'><strong>:</strong></span> <span class='ocrx_word' id='word_1_760' title='bbox 1494 1868 1521 1891; x_wconf 88' lang='lat' dir='ltr'><strong>et</strong></span> <span class='ocrx_word' id='word_1_761' title='bbox 1544 1864 1653 1890; x_wconf 70' lang='lat' dir='ltr'><strong>&#39;I&#39;zetzre</strong></span> <span class='ocrx_word' id='word_1_762' title='bbox 1676 1864 1789 1891; x_wconf 69' lang='lat' dir='ltr'><strong>Cluiliad.</strong></span> 
     </span>
    </p>
   </div>
   <div class='ocr_carea' id='block_1_109' title="bbox 998 1904 1793 1940">
    <p class='ocr_par' dir='ltr' id='par_1_109' title="bbox 998 1904 1793 1940">
     <span class='ocr_line' id='line_1_109' title="bbox 998 1904 1793 1940; baseline 0.001 -9"><span class='ocrx_word' id='word_1_763' title='bbox 998 1912 1036 1937; x_wconf 79' lang='lat' dir='ltr'><strong>Ix,</strong></span> <span class='ocrx_word' id='word_1_764' title='bbox 1049 1904 1103 1931; x_wconf 69' lang='grc'>280</span> <span class='ocrx_word' id='word_1_765' title='bbox 1124 1913 1131 1931; x_wconf 88' lang='lat'><strong>:</strong></span> <span class='ocrx_word' id='word_1_766' title='bbox 1150 1904 1250 1938; x_wconf 81' lang='grc' dir='ltr'>Χώραν</span> <span class='ocrx_word' id='word_1_767' title='bbox 1271 1905 1321 1940; x_wconf 83' lang='grc' dir='ltr'><strong>τὴν</strong></span> <span class='ocrx_word' id='word_1_768' title='bbox 1346 1905 1494 1932; x_wconf 77' lang='grc' dir='ltr'><strong>Θετταλίαν</strong></span> <span class='ocrx_word' id='word_1_769' title='bbox 1517 1905 1545 1932; x_wconf 76' lang='grc' dir='ltr'><strong>δὲ</strong></span> <span class='ocrx_word' id='word_1_770' title='bbox 1571 1906 1734 1940; x_wconf 68' lang='grc' dir='ltr'><strong>συνεχτικήν</strong></span> <span class='ocrx_word' id='word_1_771' title='bbox 1749 1914 1793 1940; x_wconf 74' lang='grc' dir='ltr'><strong>μοι</strong></span> 
     </span>
    </p>
   </div>
   <div class='ocr_carea' id='block_1_110' title="bbox 997 1947 1791 1982">
    <p class='ocr_par' dir='ltr' id='par_1_110' title="bbox 997 1947 1791 1982">
     <span class='ocr_line' id='line_1_110' title="bbox 997 1947 1791 1982; baseline 0.001 -9"><span class='ocrx_word' id='word_1_772' title='bbox 997 1947 1154 1979; x_wconf 70' lang='grc' dir='ltr'><strong>νόει,σ1)θίας</strong></span> <span class='ocrx_word' id='word_1_773' title='bbox 1167 1947 1212 1974; x_wconf 77' lang='grc' dir='ltr'><strong>καὶ</strong></span> <span class='ocrx_word' id='word_1_774' title='bbox 1227 1947 1399 1982; x_wconf 65' lang='grc' dir='ltr'><strong>Φαρισαλίας</strong></span> <span class='ocrx_word' id='word_1_775' title='bbox 1413 1947 1452 1979; x_wconf 84' lang='grc' dir='ltr'><strong>δὲ,</strong></span> <span class='ocrx_word' id='word_1_776' title='bbox 1468 1947 1608 1982; x_wconf 74' lang='grc' dir='ltr'><strong>Λαρίσσης</strong></span> <span class='ocrx_word' id='word_1_777' title='bbox 1623 1947 1670 1974; x_wconf 75' lang='grc' dir='ltr'>καὶ</span> <span class='ocrx_word' id='word_1_778' title='bbox 1685 1948 1791 1982; x_wconf 81' lang='grc' dir='ltr'><strong>Τρικά-</strong></span> 
     </span>
    </p>
   </div>
   <div class='ocr_carea' id='block_1_111' title="bbox 997 1989 1792 2025">
    <p class='ocr_par' dir='ltr' id='par_1_111' title="bbox 997 1989 1792 2025">
     <span class='ocr_line' id='line_1_111' title="bbox 997 1989 1792 2025; baseline 0 -10"><span class='ocrx_word' id='word_1_779' title='bbox 997 1989 1062 2021; x_wconf 87' lang='grc' dir='ltr'><strong>λων,</strong></span> <span class='ocrx_word' id='word_1_780' title='bbox 1080 1989 1280 2024; x_wconf 73' lang='grc' dir='ltr'><strong>Δημητριάδος,</strong></span> <span class='ocrx_word' id='word_1_781' title='bbox 1306 1989 1413 2016; x_wconf 80' lang='grc' dir='ltr'>Ἰώλκου</span> <span class='ocrx_word' id='word_1_782' title='bbox 1428 1989 1475 2016; x_wconf 76' lang='grc' dir='ltr'><strong>καὶ</strong></span> <span class='ocrx_word' id='word_1_783' title='bbox 1488 1989 1640 2025; x_wconf 78' lang='grc' dir='ltr'><strong>Γλαφυρῶν</strong></span> <span class='ocrx_word' id='word_1_784' title='bbox 1674 1990 1722 2015; x_wconf 82' lang='grc' dir='ltr'><strong>καὶ</strong></span> <span class='ocrx_word' id='word_1_785' title='bbox 1733 1990 1792 2015; x_wconf 75' lang='grc' dir='ltr'><strong>Φοί-</strong></span> 
     </span>
    </p>
   </div>
   <div class='ocr_carea' id='block_1_112' title="bbox 997 2030 1790 2065">
    <p class='ocr_par' dir='ltr' id='par_1_112' title="bbox 997 2030 1790 2065">
     <span class='ocr_line' id='line_1_112' title="bbox 997 2030 1790 2065; baseline -0.001 -8"><span class='ocrx_word' id='word_1_786' title='bbox 997 2030 1060 2065; x_wconf 78' lang='grc' dir='ltr'><strong>ϐης.</strong></span> <span class='ocrx_word' id='word_1_787' title='bbox 1078 2030 1106 2057; x_wconf 94' lang='lat' dir='ltr'><strong>In</strong></span> <span class='ocrx_word' id='word_1_788' title='bbox 1124 2030 1224 2064; x_wconf 87' lang='lat' dir='ltr'><strong>quibus</strong></span> <span class='ocrx_word' id='word_1_789' title='bbox 1238 2030 1268 2057; x_wconf 76' lang='grc' dir='ltr'><strong>τὸ</strong></span> <span class='ocrx_word' id='word_1_790' title='bbox 1280 2031 1380 2065; x_wconf 77' lang='grc' dir='ltr'><strong>Φοίϐης</strong></span> <span class='ocrx_word' id='word_1_791' title='bbox 1398 2031 1548 2058; x_wconf 85' lang='lat' dir='ltr'><strong>absurdum</strong></span> <span class='ocrx_word' id='word_1_792' title='bbox 1565 2034 1618 2063; x_wconf 84' lang='lat' dir='ltr'><strong>est,</strong></span> <span class='ocrx_word' id='word_1_793' title='bbox 1635 2039 1668 2057; x_wconf 85' lang='lat' dir='ltr'><strong>ex</strong></span> <span class='ocrx_word' id='word_1_794' title='bbox 1694 2030 1790 2065; x_wconf 81' lang='grc' dir='ltr'><strong>Βοίὸης</strong></span> 
     </span>
    </p>
   </div>
   <div class='ocr_carea' id='block_1_113' title="bbox 1000 2071 1792 2106">
    <p class='ocr_par' dir='ltr' id='par_1_113' title="bbox 1000 2071 1792 2106">
     <span class='ocr_line' id='line_1_113' title="bbox 1000 2071 1792 2106; baseline 0 -7"><span class='ocrx_word' id='word_1_795' title='bbox 1000 2077 1108 2105; x_wconf 89' lang='lat' dir='ltr'><strong>natum,</strong></span> <span class='ocrx_word' id='word_1_796' title='bbox 1127 2072 1208 2100; x_wconf 86' lang='lat' dir='ltr'><strong>sicuti</strong></span> <span class='ocrx_word' id='word_1_797' title='bbox 1230 2071 1313 2099; x_wconf 83' lang='lat' dir='ltr'><strong>Iliad.</strong></span> <span class='ocrx_word' id='word_1_798' title='bbox 1330 2072 1350 2099; x_wconf 86' lang='lat' dir='ltr'><strong>B</strong></span> <span class='ocrx_word' id='word_1_799' title='bbox 1366 2072 1418 2099; x_wconf 75' lang='grc'><strong>712</strong></span> <span class='ocrx_word' id='word_1_800' title='bbox 1437 2072 1578 2099; x_wconf 83' lang='lat' dir='ltr'><strong>docemur.</strong></span> <span class='ocrx_word' id='word_1_801' title='bbox 1597 2072 1690 2106; x_wconf 88' lang='lat' dir='ltr'><strong>Itaque</strong></span> <span class='ocrx_word' id='word_1_802' title='bbox 1711 2072 1792 2106; x_wconf 81' lang='lat' dir='ltr'><strong>longo</strong></span> 
     </span>
    </p>
   </div>
   <div class='ocr_carea' id='block_1_114' title="bbox 998 2112 1790 2147">
    <p class='ocr_par' dir='ltr' id='par_1_114' title="bbox 998 2112 1790 2147">
     <span class='ocr_line' id='line_1_114' title="bbox 998 2112 1790 2147; baseline -0.001 -6"><span class='ocrx_word' id='word_1_803' title='bbox 998 2117 1135 2142; x_wconf 88' lang='lat' dir='ltr'><strong>terrarum</strong></span> <span class='ocrx_word' id='word_1_804' title='bbox 1152 2117 1241 2141; x_wconf 85' lang='lat' dir='ltr'><strong>tractu</strong></span> <span class='ocrx_word' id='word_1_805' title='bbox 1260 2121 1275 2141; x_wconf 89' lang='lat' dir='ltr'><strong>a</strong></span> <span class='ocrx_word' id='word_1_806' title='bbox 1292 2121 1358 2141; x_wconf 87' lang='lat' dir='ltr'><strong>vero</strong></span> <span class='ocrx_word' id='word_1_807' title='bbox 1375 2114 1485 2141; x_wconf 88' lang='lat' dir='ltr'><strong>aberrat</strong></span> <span class='ocrx_word' id='word_1_808' title='bbox 1497 2112 1630 2147; x_wconf 73' lang='lat' dir='ltr'><strong>Cangius,</strong></span> <span class='ocrx_word' id='word_1_809' title='bbox 1648 2121 1712 2141; x_wconf 90' lang='lat' dir='ltr'><strong>cum</strong></span> <span class='ocrx_word' id='word_1_810' title='bbox 1727 2113 1790 2140; x_wconf 84' lang='grc' dir='ltr'><strong>Νοι.</strong></span> 
     </span>
    </p>
   </div>
   <div class='ocr_carea' id='block_1_115' title="bbox 998 2154 1791 2191">
    <p class='ocr_par' dir='ltr' id='par_1_115' title="bbox 998 2154 1791 2191">
     <span class='ocr_line' id='line_1_115' title="bbox 998 2154 1791 2191; baseline 0 -9"><span class='ocrx_word' id='word_1_811' title='bbox 998 2155 1024 2182; x_wconf 87' lang='lat' dir='ltr'><strong>in</strong></span> <span class='ocrx_word' id='word_1_812' title='bbox 1039 2155 1162 2184; x_wconf 73' lang='lat' dir='ltr'><strong>Alexiad.</strong></span> <span class='ocrx_word' id='word_1_813' title='bbox 1176 2163 1203 2191; x_wconf 86' lang='lat' dir='ltr'><strong>p.</strong></span> <span class='ocrx_word' id='word_1_814' title='bbox 1219 2155 1270 2183; x_wconf 88' lang='lat' dir='ltr'><strong>I00</strong></span> <span class='ocrx_word' id='word_1_815' title='bbox 1284 2155 1390 2183; x_wconf 83' lang='lat' dir='ltr'><strong>Tricala</strong></span> <span class='ocrx_word' id='word_1_816' title='bbox 1404 2155 1499 2182; x_wconf 89' lang='lat' dir='ltr'><strong>urbem</strong></span> <span class='ocrx_word' id='word_1_817' title='bbox 1513 2156 1546 2182; x_wconf 86' lang='lat' dir='ltr'><strong>ad</strong></span> <span class='ocrx_word' id='word_1_818' title='bbox 1560 2154 1732 2191; x_wconf 81' lang='lat' dir='ltr'><strong>Strymonem</strong></span> <span class='ocrx_word' id='word_1_819' title='bbox 1746 2154 1791 2182; x_wconf 90' lang='lat' dir='ltr'><strong>Ilu-</strong></span> 
     </span>
    </p>
   </div>
   <div class='ocr_carea' id='block_1_116' title="bbox 999 2197 1301 2225">
    <p class='ocr_par' dir='ltr' id='par_1_116' title="bbox 999 2197 1301 2225">
     <span class='ocr_line' id='line_1_116' title="bbox 999 2197 1301 2225; baseline 0.007 -2"><span class='ocrx_word' id='word_1_820' title='bbox 999 2197 1072 2224; x_wconf 85' lang='lat' dir='ltr'><strong>vium</strong></span> <span class='ocrx_word' id='word_1_821' title='bbox 1088 2205 1150 2225; x_wconf 86' lang='lat' dir='ltr'><strong>esse</strong></span> <span class='ocrx_word' id='word_1_822' title='bbox 1168 2198 1301 2225; x_wconf 88' lang='lat' dir='ltr'><strong>decernit.</strong></span> 
     </span>
    </p>
   </div>
   <div class='ocr_carea' id='block_1_117' title="bbox 1035 2238 1788 2274">
    <p class='ocr_par' dir='ltr' id='par_1_117' title="bbox 1035 2238 1788 2274">
     <span class='ocr_line' id='line_1_117' title="bbox 1035 2238 1788 2274; baseline -0.003 -7"><span class='ocrx_word' id='word_1_823' title='bbox 1035 2239 1102 2268; x_wconf 88' lang='lat' dir='ltr'><strong>Ibid.</strong></span> <span class='ocrx_word' id='word_1_824' title='bbox 1121 2240 1295 2274; x_wconf 80' lang='grc' dir='ltr'><strong>Καισάρεια.</strong></span> <span class='ocrx_word' id='word_1_825' title='bbox 1316 2239 1433 2268; x_wconf 89' lang='lat' dir='ltr'><strong>Pulchre</strong></span> <span class='ocrx_word' id='word_1_826' title='bbox 1456 2239 1493 2267; x_wconf 87' lang='lat' dir='ltr'><strong>ita</strong></span> <span class='ocrx_word' id='word_1_827' title='bbox 1516 2239 1724 2267; x_wconf 84' lang='lat' dir='ltr'><strong>Constantinus.</strong></span> <span class='ocrx_word' id='word_1_828' title='bbox 1738 2238 1788 2266; x_wconf 87' lang='lat' dir='ltr'><strong>Ha-</strong></span> 
     </span>
    </p>
   </div>
   <div class='ocr_carea' id='block_1_118' title="bbox 999 2281 1788 2314">
    <p class='ocr_par' dir='ltr' id='par_1_118' title="bbox 999 2281 1788 2314">
     <span class='ocr_line' id='line_1_118' title="bbox 999 2281 1788 2314; baseline -0.001 -6"><span class='ocrx_word' id='word_1_829' title='bbox 999 2281 1044 2309; x_wconf 87' lang='lat' dir='ltr'><strong>bet</strong></span> <span class='ocrx_word' id='word_1_830' title='bbox 1056 2290 1116 2310; x_wconf 88' lang='lat' dir='ltr'><strong>eam</strong></span> <span class='ocrx_word' id='word_1_831' title='bbox 1131 2281 1279 2310; x_wconf 73' lang='lat' dir='ltr'><strong>Thessalia:</strong></span> <span class='ocrx_word' id='word_1_832' title='bbox 1295 2283 1402 2313; x_wconf 89' lang='lat' dir='ltr'><strong>urbem,</strong></span> <span class='ocrx_word' id='word_1_833' title='bbox 1415 2289 1428 2308; x_wconf 92' lang='lat' dir='ltr'><strong>a</strong></span> <span class='ocrx_word' id='word_1_834' title='bbox 1439 2281 1594 2309; x_wconf 83' lang='lat' dir='ltr'><strong>Justmiano</strong></span> <span class='ocrx_word' id='word_1_835' title='bbox 1606 2282 1788 2314; x_wconf 77' lang='lat' dir='ltr'><strong>instauratani,</strong></span> 
     </span>
    </p>
   </div>
   <div class='ocr_carea' id='block_1_119' title="bbox 999 2324 1354 2360">
    <p class='ocr_par' dir='ltr' id='par_1_119' title="bbox 999 2324 1354 2360">
     <span class='ocr_line' id='line_1_119' title="bbox 999 2324 1354 2360; baseline 0 -8"><span class='ocrx_word' id='word_1_836' title='bbox 999 2324 1149 2360; x_wconf 81' lang='lat' dir='ltr'><strong>Pmcopius</strong></span> <span class='ocrx_word' id='word_1_837' title='bbox 1170 2325 1253 2353; x_wconf 83' lang='lat' dir='ltr'><strong>Fabr.</strong></span> <span class='ocrx_word' id='word_1_838' title='bbox 1274 2333 1311 2357; x_wconf 86' lang='grc' dir='ltr'><strong>ιν,</strong></span> <span class='ocrx_word' id='word_1_839' title='bbox 1326 2325 1354 2352; x_wconf 76' lang='lat'><strong>5.</strong></span> 
     </span>
    </p>
   </div>
   <div class='ocr_carea' id='block_1_120' title="bbox 1036 2367 1790 2403">
    <p class='ocr_par' dir='ltr' id='par_1_120' title="bbox 1036 2367 1790 2403">
     <span class='ocr_line' id='line_1_120' title="bbox 1036 2367 1790 2403; baseline -0.004 -6"><span class='ocrx_word' id='word_1_840' title='bbox 1036 2369 1103 2397; x_wconf 85' lang='lat' dir='ltr'><strong>Ibid.</strong></span> <span class='ocrx_word' id='word_1_841' title='bbox 1124 2369 1442 2403; x_wconf 75' lang='grc' dir='ltr'><strong>Διοκλητιανυύπολις.</strong></span> <span class='ocrx_word' id='word_1_842' title='bbox 1466 2368 1598 2402; x_wconf 82' lang='lat' dir='ltr'><strong>Apposita</strong></span> <span class='ocrx_word' id='word_1_843' title='bbox 1618 2372 1677 2395; x_wconf 86' lang='lat' dir='ltr'><strong>erat</strong></span> <span class='ocrx_word' id='word_1_844' title='bbox 1702 2367 1790 2403; x_wconf 79' lang='lat' dir='ltr'><strong>paludi</strong></span> 
     </span>
    </p>
   </div>
   <div class='ocr_carea' id='block_1_121' title="bbox 1000 2408 1788 2446">
    <p class='ocr_par' dir='ltr' id='par_1_121' title="bbox 1000 2408 1788 2446">
     <span class='ocr_line' id='line_1_121' title="bbox 1000 2408 1788 2446; baseline -0.005 -7"><span class='ocrx_word' id='word_1_845' title='bbox 1000 2412 1148 2444; x_wconf 67' lang='lat' dir='ltr'><strong>Castorim;</strong></span> <span class='ocrx_word' id='word_1_846' title='bbox 1164 2411 1320 2446; x_wconf 75' lang='lat' dir='ltr'><strong>quam-dein</strong></span> <span class='ocrx_word' id='word_1_847' title='bbox 1344 2418 1360 2437; x_wconf 84' lang='lat' dir='ltr'><strong>a</strong></span> <span class='ocrx_word' id='word_1_848' title='bbox 1383 2409 1508 2437; x_wconf 88' lang='lat' dir='ltr'><strong>barbaris</strong></span> <span class='ocrx_word' id='word_1_849' title='bbox 1534 2409 1653 2436; x_wconf 87' lang='lat' dir='ltr'><strong>dirutam</strong></span> <span class='ocrx_word' id='word_1_850' title='bbox 1677 2408 1788 2444; x_wconf 75' lang='lat' dir='ltr'><strong>egregiis</strong></span> 
     </span>
    </p>
   </div>
   <div class='ocr_carea' id='block_1_122' title="bbox 1001 2449 1786 2489">
    <p class='ocr_par' dir='ltr' id='par_1_122' title="bbox 1001 2449 1786 2489">
     <span class='ocr_line' id='line_1_122' title="bbox 1001 2449 1786 2489; baseline -0.005 -9"><span class='ocrx_word' id='word_1_851' title='bbox 1001 2454 1131 2489; x_wconf 63' lang='lat' dir='ltr'><strong>operibus</strong></span> <span class='ocrx_word' id='word_1_852' title='bbox 1146 2452 1320 2480; x_wconf 82' lang='lat' dir='ltr'><strong>Justiniauus</strong></span> <span class='ocrx_word' id='word_1_853' title='bbox 1337 2452 1455 2479; x_wconf 85' lang='lat' dir='ltr'><strong>munivit</strong></span> <span class='ocrx_word' id='word_1_854' title='bbox 1472 2450 1604 2486; x_wconf 86' lang='lat' dir='ltr'><strong>Procopio</strong></span> <span class='ocrx_word' id='word_1_855' title='bbox 1627 2451 1695 2479; x_wconf 81' lang='lat' dir='ltr'><strong>Fab.</strong></span> <span class='ocrx_word' id='word_1_856' title='bbox 1719 2449 1786 2477; x_wconf 84' lang='lat' dir='ltr'><strong>Juu.</strong></span> 
     </span>
    </p>
   </div>
   <div class='ocr_carea' id='block_1_123' title="bbox 1002 2492 1786 2528">
    <p class='ocr_par' dir='ltr' id='par_1_123' title="bbox 1002 2492 1786 2528">
     <span class='ocr_line' id='line_1_123' title="bbox 1002 2492 1786 2528; baseline -0.006 -5"><span class='ocrx_word' id='word_1_857' title='bbox 1002 2505 1037 2528; x_wconf 87' lang='lat' dir='ltr'><strong>IV,</strong></span> <span class='ocrx_word' id='word_1_858' title='bbox 1051 2497 1068 2523; x_wconf 72' lang='grc'><strong>4</strong></span> <span class='ocrx_word' id='word_1_859' title='bbox 1092 2500 1213 2523; x_wconf 81' lang='lat' dir='ltr'><strong>auctore.</strong></span> <span class='ocrx_word' id='word_1_860' title='bbox 1229 2494 1358 2523; x_wconf 85' lang='lat' dir='ltr'><strong>Fortasse</strong></span> <span class='ocrx_word' id='word_1_861' title='bbox 1382 2502 1434 2521; x_wconf 90' lang='lat' dir='ltr'><strong>non</strong></span> <span class='ocrx_word' id='word_1_862' title='bbox 1459 2493 1510 2520; x_wconf 85' lang='lat' dir='ltr'><strong>alia</strong></span> <span class='ocrx_word' id='word_1_863' title='bbox 1531 2499 1573 2521; x_wconf 86' lang='lat' dir='ltr'><strong>est</strong></span> <span class='ocrx_word' id='word_1_864' title='bbox 1595 2501 1627 2520; x_wconf 88' lang='lat' dir='ltr'><strong>ac</strong></span> <span class='ocrx_word' id='word_1_865' title='bbox 1650 2492 1786 2524; x_wconf 83' lang='lat' dir='ltr'><strong>Castoria,</strong></span> 
     </span>
    </p>
   </div>
   <div class='ocr_carea' id='block_1_124' title="bbox 1001 2537 1787 2572">
    <p class='ocr_par' dir='ltr' id='par_1_124' title="bbox 1001 2537 1787 2572">
     <span class='ocr_line' id='line_1_124' title="bbox 1001 2537 1787 2572; baseline -0.004 -6"><span class='ocrx_word' id='word_1_866' title='bbox 1001 2539 1078 2572; x_wconf 82' lang='lat' dir='ltr'><strong>cujus</strong></span> <span class='ocrx_word' id='word_1_867' title='bbox 1091 2539 1166 2565; x_wconf 77' lang='lat' dir='ltr'><strong>Anna</strong></span> <span class='ocrx_word' id='word_1_868' title='bbox 1182 2539 1207 2565; x_wconf 92' lang='lat' dir='ltr'><strong>in</strong></span> <span class='ocrx_word' id='word_1_869' title='bbox 1228 2539 1277 2565; x_wconf 88' lang='lat' dir='ltr'><strong>hac</strong></span> <span class='ocrx_word' id='word_1_870' title='bbox 1292 2538 1392 2566; x_wconf 85' lang='lat' dir='ltr'><strong>vicinia</strong></span> <span class='ocrx_word' id='word_1_871' title='bbox 1406 2537 1528 2565; x_wconf 68' lang='lat' dir='ltr'><strong>Aleriad.</strong></span> <span class='ocrx_word' id='word_1_872' title='bbox 1543 2545 1603 2572; x_wconf 86' lang='lat' dir='ltr'><strong>v,p.</strong></span> <span class='ocrx_word' id='word_1_873' title='bbox 1616 2537 1667 2565; x_wconf 76' lang='grc'><strong>152</strong></span> <span class='ocrx_word' id='word_1_874' title='bbox 1677 2541 1703 2564; x_wconf 89' lang='lat' dir='ltr'><strong>ct</strong></span> <span class='ocrx_word' id='word_1_875' title='bbox 1715 2537 1787 2564; x_wconf 82' lang='lat' dir='ltr'><strong>Gaul.</strong></span> 
     </span>
    </p>
   </div>
   <div class='ocr_carea' id='block_1_125' title="bbox 1002 2579 1789 2615">
    <p class='ocr_par' dir='ltr' id='par_1_125' title="bbox 1002 2579 1789 2615">
     <span class='ocr_line' id='line_1_125' title="bbox 1002 2579 1789 2615; baseline -0.003 -7"><span class='ocrx_word' id='word_1_876' title='bbox 1002 2581 1147 2608; x_wconf 85' lang='lat' dir='ltr'><strong>Malaterra</strong></span> <span class='ocrx_word' id='word_1_877' title='bbox 1167 2581 1237 2608; x_wconf 73' lang='grc' dir='ltr'><strong>Ηίιι.</strong></span> <span class='ocrx_word' id='word_1_878' title='bbox 1259 2580 1347 2608; x_wconf 83' lang='lat' dir='ltr'><strong>Sicut.</strong></span> <span class='ocrx_word' id='word_1_879' title='bbox 1365 2580 1457 2612; x_wconf 71' lang='lat' dir='ltr'><strong>nt,&#39;29</strong></span> <span class='ocrx_word' id='word_1_880' title='bbox 1471 2584 1553 2615; x_wconf 88' lang='lat' dir='ltr'><strong>atque</strong></span> <span class='ocrx_word' id='word_1_881' title='bbox 1568 2580 1612 2606; x_wconf 83' lang='lat' dir='ltr'><strong>alii</strong></span> <span class='ocrx_word' id='word_1_882' title='bbox 1633 2579 1693 2613; x_wconf 87' lang='lat' dir='ltr'><strong>ejus</strong></span> <span class='ocrx_word' id='word_1_883' title='bbox 1708 2579 1789 2606; x_wconf 72' lang='lat' dir='ltr'><strong>aetatis</strong></span> 
     </span>
    </p>
   </div>
   <div class='ocr_carea' id='block_1_126' title="bbox 1004 2623 1196 2650">
    <p class='ocr_par' dir='ltr' id='par_1_126' title="bbox 1004 2623 1196 2650">
     <span class='ocr_line' id='line_1_126' title="bbox 1004 2623 1196 2650; baseline -0.005 0"><span class='ocrx_word' id='word_1_884' title='bbox 1004 2623 1196 2650; x_wconf 84' lang='lat' dir='ltr'><strong>meminerunt.</strong></span> 
     </span>
    </p>
   </div>
   <div class='ocr_carea' id='block_1_127' title="bbox 1041 2663 1785 2700">
    <p class='ocr_par' dir='ltr' id='par_1_127' title="bbox 1041 2663 1785 2700">
     <span class='ocr_line' id='line_1_127' title="bbox 1041 2663 1785 2700; baseline -0.005 -7"><span class='ocrx_word' id='word_1_885' title='bbox 1041 2666 1109 2693; x_wconf 91' lang='lat' dir='ltr'><strong>Ihld.</strong></span> <span class='ocrx_word' id='word_1_886' title='bbox 1132 2665 1303 2700; x_wconf 79' lang='grc' dir='ltr'><strong>Φάρσαλος.</strong></span> <span class='ocrx_word' id='word_1_887' title='bbox 1329 2663 1386 2692; x_wconf 87' lang='lat' dir='ltr'><strong>IIoc</strong></span> <span class='ocrx_word' id='word_1_888' title='bbox 1412 2671 1444 2691; x_wconf 84' lang='lat' dir='ltr'><strong>ex</strong></span> <span class='ocrx_word' id='word_1_889' title='bbox 1468 2663 1650 2691; x_wconf 82' lang='lat' dir='ltr'><strong>Constantino</strong></span> <span class='ocrx_word' id='word_1_890' title='bbox 1675 2665 1785 2697; x_wconf 69' lang='lat' dir='ltr'><strong>pra&#39;slat.</strong></span> 
     </span>
    </p>
   </div>
   <div class='ocr_carea' id='block_1_128' title="bbox 1005 2705 1786 2742">
    <p class='ocr_par' dir='ltr' id='par_1_128' title="bbox 1005 2705 1786 2742">
     <span class='ocr_line' id='line_1_128' title="bbox 1005 2705 1786 2742; baseline -0.006 -7"><span class='ocrx_word' id='word_1_891' title='bbox 1005 2708 1052 2735; x_wconf 86' lang='lat' dir='ltr'><strong>Est</strong></span> <span class='ocrx_word' id='word_1_892' title='bbox 1064 2708 1090 2734; x_wconf 91' lang='lat' dir='ltr'><strong>in</strong></span> <span class='ocrx_word' id='word_1_893' title='bbox 1106 2709 1240 2742; x_wconf 76' lang='lat' dir='ltr'><strong>Ephesino</strong></span> <span class='ocrx_word' id='word_1_894' title='bbox 1255 2715 1333 2736; x_wconf 78' lang='lat' dir='ltr'><strong>core.</strong></span> <span class='ocrx_word' id='word_1_895' title='bbox 1357 2715 1384 2742; x_wconf 91' lang='lat' dir='ltr'><strong>p.</strong></span> <span class='ocrx_word' id='word_1_896' title='bbox 1399 2706 1452 2733; x_wconf 69' lang='grc'><strong>456</strong></span> <span class='ocrx_word' id='word_1_897' title='bbox 1479 2705 1629 2740; x_wconf 73' lang='grc' dir='ltr'><strong>Πεῤῥέϐιος</strong></span> <span class='ocrx_word' id='word_1_898' title='bbox 1650 2705 1786 2739; x_wconf 55' lang='lat' dir='ltr'><strong>Quonim</strong></span> 
     </span>
    </p>
   </div>
   <div class='ocr_carea' id='block_1_129' title="bbox 1005 2747 1784 2786">
    <p class='ocr_par' dir='ltr' id='par_1_129' title="bbox 1005 2747 1784 2786">
     <span class='ocr_line' id='line_1_129' title="bbox 1005 2747 1784 2786; baseline -0.008 -8"><span class='ocrx_word' id='word_1_899' title='bbox 1005 2758 1056 2785; x_wconf 89' lang='lat' dir='ltr'><strong>pro</strong></span> <span class='ocrx_word' id='word_1_900' title='bbox 1071 2750 1224 2786; x_wconf 68' lang='grc' dir='ltr'><strong>Φαρσάλου.</strong></span> <span class='ocrx_word' id='word_1_901' title='bbox 1236 2750 1312 2784; x_wconf 83' lang='lat' dir='ltr'><strong>Quod</strong></span> <span class='ocrx_word' id='word_1_902' title='bbox 1326 2757 1388 2776; x_wconf 71' lang='lat' dir='ltr'><strong>vero</strong></span> <span class='ocrx_word' id='word_1_903' title='bbox 1400 2756 1455 2783; x_wconf 76' lang='lat' dir='ltr'><strong>pne</strong></span> <span class='ocrx_word' id='word_1_904' title='bbox 1471 2755 1494 2783; x_wconf 61' lang='grc' dir='ltr'>ρ’</span> <span class='ocrx_word' id='word_1_905' title='bbox 1504 2748 1565 2774; x_wconf 85' lang='lat' dir='ltr'><strong>imis</strong></span> <span class='ocrx_word' id='word_1_906' title='bbox 1577 2755 1665 2780; x_wconf 66' lang='lat' dir='ltr'><strong>operae</strong></span> <span class='ocrx_word' id='word_1_907' title='bbox 1678 2747 1784 2781; x_wconf 85' lang='lat' dir='ltr'><strong>pretium</strong></span> 
     </span>
    </p>
   </div>
   <div class='ocr_carea' id='block_1_130' title="bbox 1007 2788 1784 2826">
    <p class='ocr_par' dir='ltr' id='par_1_130' title="bbox 1007 2788 1784 2826">
     <span class='ocr_line' id='line_1_130' title="bbox 1007 2788 1784 2826; baseline -0.006 -7"><span class='ocrx_word' id='word_1_908' title='bbox 1007 2793 1089 2820; x_wconf 71' lang='lat' dir='ltr'><strong>fuerit</strong></span> <span class='ocrx_word' id='word_1_909' title='bbox 1104 2793 1202 2822; x_wconf 86' lang='lat' dir='ltr'><strong>notari,</strong></span> <span class='ocrx_word' id='word_1_910' title='bbox 1222 2793 1291 2819; x_wconf 80' lang='lat' dir='ltr'><strong>idem</strong></span> <span class='ocrx_word' id='word_1_911' title='bbox 1310 2791 1407 2826; x_wconf 76' lang='lat' dir='ltr'><strong>pra&#39;sul</strong></span> <span class='ocrx_word' id='word_1_912' title='bbox 1425 2798 1451 2825; x_wconf 88' lang='lat' dir='ltr'><strong>p.</strong></span> <span class='ocrx_word' id='word_1_913' title='bbox 1474 2790 1526 2816; x_wconf 67' lang='lat'><strong>478</strong></span> <span class='ocrx_word' id='word_1_914' title='bbox 1543 2789 1597 2815; x_wconf 75' lang='grc' dir='ltr'><strong>τῶν</strong></span> <span class='ocrx_word' id='word_1_915' title='bbox 1624 2788 1784 2815; x_wconf 65' lang='grc' dir='ltr'><strong>Θετταλικῶν</strong></span> 
     </span>
    </p>
   </div>
   <div class='ocr_carea' id='block_1_131' title="bbox 1007 2830 1783 2866">
    <p class='ocr_par' dir='ltr' id='par_1_131' title="bbox 1007 2830 1783 2866">
     <span class='ocr_line' id='line_1_131' title="bbox 1007 2830 1783 2866; baseline -0.006 -5"><span class='ocrx_word' id='word_1_916' title='bbox 1007 2835 1125 2866; x_wconf 52' lang='lat' dir='ltr'><strong>Salui”,</strong></span> <span class='ocrx_word' id='word_1_917' title='bbox 1146 2834 1365 2861; x_wconf 78' lang='lat' dir='ltr'><strong>&#39;I‘hessalieorum</strong></span> <span class='ocrx_word' id='word_1_918' title='bbox 1382 2833 1517 2863; x_wconf 71' lang='lat' dir='ltr'><strong>Saluium,</strong></span> <span class='ocrx_word' id='word_1_919' title='bbox 1538 2837 1703 2865; x_wconf 77' lang='lat' dir='ltr'><strong>quamquam</strong></span> <span class='ocrx_word' id='word_1_920' title='bbox 1725 2830 1783 2857; x_wconf 85' lang='lat' dir='ltr'><strong>male</strong></span> 
     </span>
    </p>
   </div>
   <div class='ocr_carea' id='block_1_132' title="bbox 1010 2871 1782 2912">
    <p class='ocr_par' dir='ltr' id='par_1_132' title="bbox 1010 2871 1782 2912">
     <span class='ocr_line' id='line_1_132' title="bbox 1010 2871 1782 2912; baseline -0.009 -9"><span class='ocrx_word' id='word_1_921' title='bbox 1010 2885 1036 2912; x_wconf 91' lang='lat' dir='ltr'><strong>p.</strong></span> <span class='ocrx_word' id='word_1_922' title='bbox 1050 2875 1100 2904; x_wconf 73' lang='lat'><strong>5&#39;26</strong></span> <span class='ocrx_word' id='word_1_923' title='bbox 1113 2875 1165 2902; x_wconf 72' lang='grc' dir='ltr'><strong>τῶν</strong></span> <span class='ocrx_word' id='word_1_924' title='bbox 1176 2873 1395 2902; x_wconf 74' lang='grc' dir='ltr'><strong>Θεσσαλονικέων</strong></span> <span class='ocrx_word' id='word_1_925' title='bbox 1409 2872 1516 2900; x_wconf 68' lang='grc' dir='ltr'><strong>Σλλτῶν</strong></span> <span class='ocrx_word' id='word_1_926' title='bbox 1531 2871 1645 2905; x_wconf 78' lang='lat' dir='ltr'><strong>dicitur;</strong></span> <span class='ocrx_word' id='word_1_927' title='bbox 1658 2871 1726 2898; x_wconf 85' lang='lat' dir='ltr'><strong>unde</strong></span> <span class='ocrx_word' id='word_1_928' title='bbox 1741 2876 1782 2897; x_wconf 86' lang='lat' dir='ltr'><strong>non</strong></span> 
     </span>
    </p>
   </div>
  </div>
