1911 3071
43 129 128 163 1093

50 187 181 223 Ἐφύρα,
206 194 233 214 rc
254 187 310 223 ipsa
338 188 521 224 adstipulantc
539 197 572 217 ex
585 188 776 220 Constantino,
798 188 815 214 l.
833 188 851 214 2

42 228 156 256 Thom.
173 229 189 257 6
207 231 366 265 prmoptavi.

89 271 154 299 Col.
175 272 235 300 141.
254 272 316 299 Νέα
332 274 458 301 Σικυών.
471 272 540 301 Olim
561 273 658 309 Sicyon
673 271 850 300 Corinthiaco

44 312 132 340 sinui
148 313 307 348 accubabat,
318 315 400 342 intlea
413 315 548 342 Demetrio
557 313 709 341 Poliorcete
719 313 744 340 in
761 313 851 347 proxi-

48 362 135 382 mum
144 360 172 382 et
187 360 281 382 natura
297 357 430 383 munitum
446 356 541 383 collem
558 355 699 388 translata,
718 359 787 381 teste
804 354 853 381 Dio

46 397 127 422 tloro
142 403 189 429 xx,
206 404 232 431 p.
248 396 301 423 827
319 401 345 424 et
360 397 504 425 Plutarcho
518 396 637 433 Demetr.
659 404 688 432 p.
708 395 777 429 900;
793 402 854 430 qua:

47 444 160 464 novam
176 446 228 465 non
241 439 311 466 male
325 439 377 466 dici
395 439 540 466 alﬁrmant.

91 479 163 507 Ibid.
179 480 308 514 Αἴγειρα,
322 481 434 516 Αἴτιον.
452 481 498 508 Sic
519 481 649 516 oportuit.
665 479 718 507 Ms.
733 479 853 514 Λῖγηραι

49 522 173 555 Αῑγῑων.
202 521 322 554 Utraque
346 523 410 549 urbs
438 522 538 550 veteris
565 521 674 548 Achaiae
700 529 734 548 ex
763 521 853 548 tabula

51 562 275 597 Pentingerana,
288 571 348 598 qua:
366 563 401 590 12
417 562 452 590 Μ.
466 563 495 591 I'.
511 564 599 597 spatio
616 566 733 596 separat,
743 566 769 589 et
784 561 855 588 Pau-

50 604 136 631 siana
155 612 201 636 ιιι,
213 604 248 631 ΞΔ
263 609 290 631 et
304 604 339 631 26
353 605 494 633 notissima
509 609 561 632 est.
576 604 654 631 Prior
672 604 773 631 ultima:
789 608 855 629 teta-

52 646 94 672 tis
120 645 233 673 Grzccia:
255 645 387 673 Botstitza
415 641 552 678 dicta'est,
583 653 656 680 saepe
682 652 715 672 eo
744 645 854 671 nomine

51 688 132 722 apud
150 687 296 721 Georgium
311 687 462 715 Phranzam
481 688 571 720 obvia,
588 692 618 714 ut
630 687 649 714 l.
663 693 693 719 Il,
711 686 738 718 2,
755 686 782 713 9.

96 729 167 756 Ibid.
196 728 331 763 Μεθώνη.
355 728 419 756 Mss.
449 729 501 756 hoc
528 729 643 764 probant
671 736 679 755 :
704 727 819 755 Carolus
839 733 854 754 a

53 770 89 798 S.
109 770 194 798 Paulo
208 771 322 797 Μευανα
335 770 463 806 vulgavit.
481 771 558 798 Prius
575 770 740 806 Thucydidis
762 773 855 804 patro-

53 813 134 840 cinio
159 817 244 839 tutqu
271 817 313 840 est
337 813 356 840 ι.
373 821 411 845 ιν,
429 821 454 840 c.
471 813 517 845 45,
545 812 681 847 poster-ius
700 810 855 844 Strabonis,

55 853 78 880 I.
102 861 166 886 vui,
190 861 217 888 p.
236 854 290 881 574
309 858 337 881 et
362 853 502 881 Pausania:
518 854 536 882 Ι.
555 861 586 887 ιι,
613 861 639 881 c.
657 853 702 881 34.
717 852 854 888 Oppidum

54 899 120 921 erat
135 895 268 922 munitum
280 896 307 922 in
323 895 425 923 isthmo
442 895 595 923 Trmzenio.

96 935 167 964 Ibid.
190 935 328 971 Τρυζένα.
354 937 410 965 Imo
443 937 573 973 Τροιζήν,
595 940 642 964 aut
668 934 806 972 Τροιζήνη
820 942 854 963 ex

52 977 219 1010 Ptolemzeo,
236 978 288 1005 nisi
304 982 332 1005 et
348 978 375 1006 id
390 979 422 1015 in.
432 978 497 1006 vitio
509 979 555 1006 sit.

97 1018 167 1046 Ibid.
189 1019 335 1054 Πιλαυρα.
361 1019 418 1047 IIoc
442 1025 488 1048 aut
516 1019 642 1055 ιιινιιυρα
667 1026 733 1046 mss.
759 1019 855 1054 prtere-

57 1063 138 1088 runt.
153 1060 250 1087 Verum
275 1067 316 1088 est
339 1061 512 1097 Ἐπίδαυρος,
540 1061 614 1088 cultu
643 1060 793 1096 Esculapii
814 1060 854 1088 fa-

58 1109 139 1129 mosa
154 1106 182 1129 et
198 1101 320 1130 Trmzeni
338 1103 435 1130 vicina.

98 1143 168 1170 Ibid.
204 1143 275 1178 Ἱερὰ
303 1145 395 1179 μόνη.
415 1143 558 1179 Ἑρμιόνη,
582 1151 643 1179 qua:
666 1148 694 1172 et
722 1143 853 1180 Ἑρμιών,

59 1189 92 1212 ιιι
105 1185 175 1212 bene
187 1185 214 1212 in
230 1186 365 1220 Stephano
383 1186 434 1213 viri
451 1185 523 1212 docti
538 1185 717 1213 relinxernnt.
749 1185 854 1221 Euripi-

59 1227 111 1254 tles
139 1226 219 1253 Ilerc.
237 1226 300 1254 For.
325 1226 378 1254 6I5
402 1236 408 1253 :
435 1226 552 1258 Χῧονιας
568 1235 610 1253 νιν
626 1226 707 1258 ἄλσος
733 1226 854 1262 Ἑρμιών

58 1268 86 1294 τ’
99 1267 158 1303 ἔχει
174 1267 262 1298 πόλις.
286 1267 436 1303 Ilesyeltius
449 1268 487 1295 ait
508 1275 569 1295 esse
591 1268 670 1294 πόλιν
691 1268 720 1294 ὲν
744 1268 853 1304 Ἀργει,

59 1317 114 1345 pro
135 1309 246 1345 ’Δργείᾳ
258 1310 315 1336 sive
327 1309 462 1344 Argolide,
476 1309 550 1344 quod
572 1309 659 1344 ipsum
678 1310 710 1337 de
723 1309 855 1339 'I't'mzene

60 1351 203 1386 Epidauro
222 1357 304 1386 atque
331 1351 415 1386 Alope
442 1350 537 1379 itidem
562 1352 701 1387 prtedicat.
725 1352 855 1380 Colebant

62 1393 277 1421 Ilermionenses
290 1392 427 1428 prmcipuo
461 1393 575 1421 honore.
606 1392 732 1421 Cererem
753 1393 855 1422 Chtho-

59 1435 149 1468 niam,
167 1433 240 1469 quod
264 1437 362 1469 prater
384 1433 549 1462 Pausaniam
571 1433 737 1462 Corinthiac.
764 1442 790 1463 c.
820 1435 854 1463 55

59 1476 201 1511 ρει-θείων
235 1483 285 1503 nos
319 1482 441 1503 marmor
468 1475 548 1503 docet
584 1475 708 1511 lnscript.
738 1475 852 1504 Donian.

59 1517 98 1545 cl.
114 1524 152 1550 IV,
165 1516 198 1550 9;
212 1516 239 1544 in
251 1523 307 1552 quo
322 1516 373 1544 etsi
388 1523 460 1544 nunc
473 1516 556 1544 Ceres
569 1524 586 1544 a
600 1517 735 1545 Chthmiia
757 1517 854 1545 distin-

59 1564 171 1594 guatur,
184 1559 302 1587 dubitari
325 1566 378 1587 non
394 1563 484 1594 potest
495 1559 560 1594 quin
577 1559 793 1595 exscriptoribus
807 1567 854 1587 ac-

59 1605 169 1636 ceptum
185 1601 210 1628 id
224 1600 334 1633 referri,
347 1605 376 1627 ut
388 1601 465 1636 plura
483 1601 510 1628 in
526 1608 558 1628 eo
573 1600 672 1636 lapide,
686 1601 790 1636 legique
802 1608 853 1627 non

60 1641 122 1669 KAI
142 1642 295 1669 AAMATPI
319 1643 381 1669 ΚΑΙ
402 1641 545 1670 ΧΘΟΝΙΑΙ
566 1643 615 1670 sed
630 1643 687 1669 TAI
700 1642 852 1669 ΔΑΜΛΤΡΙ

60 1683 118 1711 'I‘AI
133 1684 274 1711 XGONIAI
289 1689 424 1719 oporteat.

98 1725 164 1762 Ibid.
177 1725 350 1760 Θάρπουσα.
366 1726 396 1754 C.
407 1726 564 1759 Θάλπουσα,
575 1725 698 1754 Arcadia:
707 1726 782 1759 urbs,
792 1725 853 1753 Stc-

60 1769 161 1803 phauo.

99 1808 164 1836 Ibid.
193 1808 368 1836 Μαντίνεια.
382 1808 424 1835 Ah
438 1808 573 1843 Antigono
585 1807 675 1843 Argivi
688 1808 758 1836 dono
776 1815 854 1835 accc-

61 1857 132 1887 ptam
151 1851 334 1886 Antigoniam,
353 1858 408 1885 quo
428 1851 538 1877 nomine
554 1850 698 1884 .Plutarchi
717 1855 806 1882 mtate,
824 1855 854 1878 ut

64 1895 91 1921 in
107 1893 190 1920 Arato
205 1892 335 1928 prodidit,
355 1900 382 1927 p.
398 1891 480 1924 1018,
498 1897 602 1919 tantum
633 1896 694 1919 nota
721 1896 789 1925 erat,
805 1899 853 1919 vo-

62 1938 170 1962 carunt.
188 1933 337 1961 Pristinum
359 1940 458 1961 nomen
475 1932 609 1960 beneﬁcio
633 1931 763 1961 Hadriani
783 1933 853 1961 reci—

62 1977 176 2011 peravit,
197 1975 332 2003 Pausania
347 1975 471 2002 Arcadia.
491 1981 516 2002 c.
532 1982 582 2002 vnt
597 1979 676 2002 teSIe.

91 2018 165 2045 'Ibid.
193 2017 367 2051 Γερόνθραι.
394 2016 494 2043 Verum
514 2023 614 2043 nomen
631 2020 673 2043 est
689 2015 852 2053 I‘epﬁvﬂpat,

65 2065 94 2087 ut
118 2059 277 2095 Sylburgius
304 2058 337 2086 ad
360 2060 477 2087 Pausan.
496 2057 596 2084 Lacon.
622 2064 648 2086 c.
671 2065 728 2086 uti
751 2059 851 2087 docuit.

64 2101 194 2137 Oppidum
209 2104 267 2128 erat
283 2099 567 2127 Eleutherolaconum.

99 2143 164 2171 Ibid.
183 2143 288 2176 Φαραί.
311 2141 427 2170 Carolus
441 2148 456 2168 ει
477 2140 507 2169 S.
525 2140 610 2170 Paulo
622 2142 707 2179 Φεραί
719 2150 751 2170 ex
765 2142 853 2170 Ptole-

65 2191 129 2213 mazo
144 2185 271 2220 corrigit;
286 2191 340 2219 quo
355 2183 436 2212 facile
448 2183 611 2218 carebimus,
624 2185 775 2220 praesertim
791 2193 852 2212 cum

65 2226 128 2254 vitio
142 2233 195 2254 non
211 2227 246 2254 sit
261 2226 377 2254 liberum
396 2233 404 2252 τ
422 2224 511 2260 Φηραι
529 2224 613 2260 enim,
637 2227 708 2261 quod
732 2227 802 2254 idem
821 2233 853 2253 ac

64 2269 158 2304 Φαραί,
175 2272 344 2304 oportuerat,
360 2272 389 2295 ut
403 2267 487 2295 Henr.
505 2266 626 2295 Valesius
642 2268 668 2295 in
683 2267 789 2303 Polybii
805 2275 852 2295 ex-

64 2315 141 2345 rerpt.
158 2318 185 2345 p.
204 2310 238 2337 I5
255 2310 385 2337 ostendit.
406 2308 478 2337 Urbs
495 2313 556 2337 erat
569 2309 627 2344 agri
642 2309 779 2337 Messenii.

99 2353 163 2381 Ibid.
190 2352 369 2385 Ἀσώπολις.
388 2351 538 2379 Conﬂatum
558 2352 609 2379 hoc
625 2358 752 2387 perverse
766 2357 807 2380 cst
819 2359 850 2379 cx

70 2395 187 2426 Ἀσωπὸς
209 2394 304 2427 πόλις,
333 2398 362 2421 ιιι
385 2400 419 2421 ex
443 2391 590 2421 Ptolemteo
613 2393 632 2420 l.
660 2401 704 2426 III,
724 2401 748 2421 c.
769 2395 802 2421 16
824 2398 851 2421 et

66 2437 193 2464 Pausania
216 2435 315 2463 Lacon.
334 2443 358 2463 c.
382 2435 419 2462 2‘2
439 2439 610 2470 compertum
628 2435 769 2463 habemus.
798 2434 850 2462 Ve-

66 2479 118 2506 rius
131 2479 161 2505 ad
180 2478 250 2505 hanc
265 2479 361 2505 urbem
376 2484 459 2512 quam
478 2478 511 2504 ad
535 2477 716 2512 Asopitidem,
734 2477 790 2512 agri
806 2477 849 2505 Si-

66 2521 149 2556 cyonii
173 2524 289 2553 partem,
308 2520 460 2555 elegantem
482 2527 498 2546 (ι
511 2519 594 2547 Thes.
611 2519 715 2546 Britan.
733 2523 798 2547 tom.
817 2519 849 2551 Il,

65 2571 90 2597 p.
116 2563 167 2589 2H
203 2570 313 2590 nnnmm
340 2561 479 2593 retuleris,
504 2561 531 2587 in
561 2561 639 2596 cujus
664 2561 748 2589 altera
774 2568 850 2597 parte

30 2619 33 2622 ι
64 2605 207 2631 (ΙΟΥΛΒΙΑ
241 2603 453 2631 ΠΛΑΥΤΙΛΔΛ.
478 2602 580 2634 CIL'B.,
614 2603 698 2630 altera
727 2603 850 2631 Nemesis

66 2651 126 2673 rota:
141 2647 234 2681 pedem
253 2646 404 2680 imponens,
430 2645 524 2673 addito
539 2645 734 2671 ΑΣΩΠΕΙΤΩΝ
748 2652 849 2681 cogno-

67 2688 141 2720 mine,
154 2687 330 2722 conspicitur.

98 2729 160 2756 lbi'd.
185 2729 310 2764 Ἀκρεαί.
330 2729 437 2764 ’Δκριαι
453 2734 586 2765 praestant.
600 2736 632 2756 cx
650 2727 763 2764 Polybio
773 2736 799 2761 ν,
815 2729 847 2756 19

66 2775 90 2797 ct
104 2771 232 2799 Pausania
253 2771 353 2800 Lacon.
379 2780 447 2805 χιιι,
466 2772 502 2800 60
524 2772 621 2800 stadiis
643 2772 734 2806 Asopo
757 2778 846 2799 semo-

66 2818 144 2840 vente.
161 2813 305 2843 Ptolemteo
322 2815 448 2850 'Axpsm,
476 2814 604 2843 Straboni
627 2814 754 2849 ‘Axpaia,
775 2813 846 2841 haud

67 2863 126 2884 sane
139 2857 216 2884 bene.

469 134 663 165 COMMENT.
687 134 725 163 IN
749 132 954 163 IIIEROCIJS
974 133 1245 164 SYNECDEIIUM.

1618 133 1689 165 1094

943 188 1008 216 Ibid.
1025 188 1160 216 Φιάλιιια.
1180 189 1292 215 illiciti.th
1310 191 1412 216 rectum
1434 191 1486 220 est,
1512 195 1565 223 quo
1585 190 1695 217 nomine
1737 185 1745 187 _

906 230 1030 257 Arcadia:
1045 230 1172 264 oppidum
1194 230 1256 262 fuit,
1273 230 1337 257 olim
1360 229 1490 264 Φιγάλεια
1511 230 1622 258 dictum.
1641 231 1694 258 Cu-

906 270 1012 298 lebatttr
1032 271 1069 298 ibi
1098 270 1230 303 Bacchus,
1253 276 1282 298 ut
1305 278 1337 298 ex
1357 271 1473 298 Diodoro
1496 271 1514 298 l.
1539 279 1584 305 xv,
1600 279 1626 307 p.
1642 273 1694 300 557

905 313 1014 346 videas;
1031 313 1100 339 unde
1116 312 1287 348 Lyrophruni
1303 312 1381 340 Ales.
1395 313 1448 339 212
1463 312 1569 347 δαίμων
1580 314 1695 349 ἐνόρχης

905 354 1040 388 Φιγαλεὺς
1068 355 1246 389 φαυστήριος.
1281 354 1377 381 Incola:
1401 355 1552 382 ΦΙΑΛΕΩΝ
1585 357 1696 383 nomine

907 394 933 421 in
949 396 1036 422 numis
1054 395 1146 422 Severi
1163 401 1190 422 et
1208 395 1323 422 aliorum
1340 396 1461 430 insignes
1474 401 1550 423 sunt.

943 435 1010 464 Ibid.
1045 437 1190 472 Κορωνία.
1217 436 1332 472 Κορώνη
1357 445 1421 464 vero
1441 438 1550 465 nomine
1564 438 1621 474 agri
1639 438 1696 466 [nec

906 477 1067 506 Messeniaci
1088 479 1153 506 urbs
1180 478 1239 511 fuit,
1265 479 1352 506 vicina
1378 478 1486 507 Pamiso
1509 478 1599 513 lluvio,
1615 488 1696 515 quem

906 520 1068 548 Ptolemaans
1101 520 1230 547 Panis-nm
1260 520 1332 547 haud
1363 525 1435 549 recte
1462 521 1601 556 appellat,
1625 523 1696 557 apud

907 561 1068 589 Pausaniam
1086 562 1244 589 Messenios.
1259 569 1285 589 c.
1299 562 1477 597 lSILturpitet‘
1493 563 1518 590 in
1538 570 1571 591 eo
1586 563 1697 591 ﬂumine

907 603 1021 631 adlimsit
1048 602 1107 631 Jac.
1140 603 1278 631 Pontanus
1305 612 1312 630 :
1339 611 1401 631 nam
1432 612 1494 632 cum
1522 605 1548 631 in
1580 605 1697 640 Georgio

906 645 1031 672 Phranza
1047 652 1077 677 ιι,
1096 645 1114 672 2
1133 645 1280 680 Πάμμισον
1298 645 1422 680 ποταμόν
1444 646 1469 672 in
1494 647 1583 674 sinum
1598 646 1697 674 Messe-

908 687 1015 713 niacum
1039 686 1126 713 evolvi
1148 686 1268 721 legisset,
1284 686 1411 714 omnibus
1438 687 1562 714 odiosum
1587 687 1696 715 ﬂuvium

908 728 970 754 itide
987 726 1061 754 fecit.
1079 727 1173 760 Asine,
1193 735 1254 762 qua:
1277 728 1411 763 sequitur,
1432 728 1548 756 Corona:
1567 728 1696 756 viciniam

909 768 1018 796 insedit.

942 810 1011 837 Ibid.
1040 811 1176 845 Μοθώνη.
1208 809 1342 838 Tuebitur
1369 817 1399 838 se
1430 811 1569 838 Hierocles
1597 812 1694 839 lanula:

909 851 1112 886 Peutingerana:
1138 857 1165 880 et
1194 852 1335 879 Pausania:
1357 851 1496 888 snll‘ragio.
1522 852 1569 888 qui
1595 854 1696 887 passim

907 892 1040 928 Μοθώνην
1066 898 1094 921 et
1119 893 1222 922 incolas
1244 889 1433 926 MoOurJatooc,
1457 899 1486 920 ut
1502 894 1522 921 ι.
1544 902 1583 926 iv,
1601 902 1626 922 c.
1649 896 1696 927 55,

908 934 1036 968 appellat.
1052 935 1237 970 Thucydides,
1254 935 1364 968 Strabo,
1380 934 1540 963 Ptolemaaus
1554 940 1635 970 atque
1648 937 1695 963 alii

908 976 1037 1011 Μεθώνην
1062 977 1175 1004 malunt.
1203 977 1358 1004 Mathonem
1389 984 1439 1004 suo
1461 984 1568 1011 quoque
1590 978 1696 1005 calculo

908 1024 995 1045 ratam
1008 1018 1102 1046 habuit
1119 1018 1280 1046 Ammianus
1297 1026 1371 1053 xxVI,
1387 1019 1420 1046 I0
1432 1024 1458 1046 et
1473 1026 1542 1055 quos
1560 1024 1643 1048 testes
1659 1021 1696 1048 ibi

907 1060 1052 1093 appellavit
1070 1060 1154 1088 Ilenr.
1173 1059 1306 1088 Valesius.

942 1100 1008 1129 Ibid.
1027 1101 1208 1136 Κυπαρισία.
1228 1102 1342 1130 Gemina
1363 1102 1490 1131 sibilante
1515 1111 1611 1132 omnes
1625 1104 1696 1132 scri-

907 1142 984 1176 bunt,
1000 1143 1026 1170 in
1042 1144 1118 1172 vocis
1139 1151 1252 1172 numero
1265 1144 1414 1172 variantes.
1438 1144 1579 1172 Pausania:
1596 1146 1696 1173 Κυπιμ

908 1185 1010 1220 proritat
1042 1185 1158 1213 Messen.
1185 1193 1211 1214 c.
1237 1193 1330 1218 xxxvr.
1354 1185 1480 1213 Straboni
1505 1194 1566 1220 vm,
1591 1193 1619 1221 p.
1645 1187 1694 1214 56l

907 1227 1094 1262 Κυπαρισσία.
1123 1227 1256 1263 Oppidum
1271 1232 1330 1256 erat
1350 1227 1546 1256 Messeniorum
1565 1228 1593 1256 in
1614 1229 1698 1257 Elidis

909 1267 1018 1301 tinibus,
1037 1270 1071 1296 15
1091 1269 1127 1296 II.
1145 1269 1176 1297 P.
1189 1277 1204 1297 a
1219 1269 1294 1306 Pylo,
1309 1275 1338 1298 ut
1352 1269 1464 1303 Tabula,
1477 1270 1519 1298 cui
1535 1270 1692 1306 Cyparissa,

907 1311 1036 1338 ostendit.

942 1352 1009 1381 Ibid.
1025 1350 1125 1386 Ἦλις.
1141 1353 1207 1381 Novi
1222 1353 1362 1382 Elidenses
1371 1358 1399 1381 et
1413 1353 1519 1383 Etolos
1534 1355 1695 1391 cognatione

908 1394 991 1423 fuisse
1002 1395 1038 1423 ob
1056 1395 1172 1431 Oxylum
1183 1395 1304 1431 junctus,
1327 1397 1374 1424 sed
1391 1403 1486 1424 eorum
1502 1398 1596 1424 urbem
1617 1397 1697 1424 ιΕιο-

908 1436 950 1464 lia:
964 1441 1093 1472 tanquam
1105 1442 1187 1472 caput
1199 1437 1284 1464 fuisse
1297 1437 1453 1472 impositam
1467 1438 1611 1466 dillicnlter
1631 1439 1695 1465 mihi

907 1478 1065 1512 persuaderi
1085 1479 1185 1514 patior.
1204 1479 1317 1512 Desunt,
1332 1480 1429 1514 quibus
1448 1487 1480 1507 ea
1502 1480 1619 1516 dignitas
1633 1481 1694 1507 urbi

907 1519 1042 1553 ﬁrmetur,
1066 1525 1247 1555 argumenta;
1265 1521 1370 1556 longius
1387 1526 1518 1556 praeterea
1534 1523 1568 1550 ab
1593 1521 1696 1549 Etolia

906 1565 966 1588 erat
979 1560 1116 1596 disparata
1139 1569 1220 1597 quam
1239 1562 1338 1596 utejus
1357 1562 1440 1590 fuisse
1458 1562 1619 1597 metropolin
1636 1565 1696 1598 opi-

908 1603 966 1630 nari
978 1602 1076 1638 possis.
1101 1603 1172 1630 Puto
1193 1603 1309 1631 deiicere
1325 1603 1369 1631 hic
1384 1603 1490 1637 Patras,
1512 1604 1631 1631 nobilem
1647 1612 1696 1631 ur-

906 1645 979 1678 bem,
999 1650 1093 1672 contra
1118 1643 1248 1672 Aitoliam
1276 1645 1393 1680 positam
1415 1653 1423 1673 :
1449 1652 1509 1672 eam
1532 1646 1696 1680 metropoli"

907 1685 991 1714 fuisse
1005 1694 1038 1713 ex
1053 1686 1168 1721 cpistola
1197 1686 1297 1714 Leonis
1314 1686 1489 1721 imperatoris
1500 1687 1647 1722 additoqne
1659 1687 1697 1714 illi

907 1728 1030 1763 catologo
1052 1732 1126 1754 tomo
1143 1726 1180 1754 IX
1196 1726 1300 1754 Concil.
1317 1726 1415 1755 Labbei
1444 1734 1470 1762 p.
1489 1727 1543 1755 267
1559 1729 1628 1756 citra
1649 1730 1699 1755 du-

908 1769 981 1797 bium
997 1774 1049 1796 est.
1067 1768 1155 1796 Habet
1176 1769 1291 1796 eandem
1312 1768 1384 1796 inter
1399 1769 1563 1804 metropoles
1577 1777 1610 1798 ex
1632 1769 1698 1797 Ilie-

908 1810 982 1838 rocle
998 1809 1196 1838 Constantinus
1229 1809 1250 1836 Ι.
1282 1817 1301 1836 ιι
1328 1808 1426 1836 Them.
1450 1810 1477 1837 6.
1510 1809 1565 1837 Nec
1596 1811 1697 1838 morari

907 1858 1069 1887 quamquam
1080 1851 1148 1879 situs
1162 1850 1237 1879 urbis
1249 1856 1326 1878 extra
1343 1850 1470 1878 Elatiam
1487 1851 1568 1879 debet
1582 1859 1589 1879 :
1609 1858 1698 1885 neque

906 1893 979 1921 enim
999 1893 1078 1928 longo
1103 1892 1217 1928 trajectu
1239 1892 1304 1920 inde
1318 1892 1466 1920 dissociata
1489 1892 1557 1926 fuit;
1576 1897 1603 1920 et
1625 1900 1697 1927 prrc-

908 1939 981 1962 terea
996 1934 1078 1962 multa
1092 1934 1233 1968 Augustus
1250 1934 1398 1968 imperator
1413 1942 1447 1962 ex
1465 1936 1591 1969 opposita
1608 1935 1697 1962 conti-

907 1981 988 2004 nente
1002 1976 1100 2011 oppida
1117 1975 1206 2003 Patris
1229 1976 1405 2008 condonavit,
1420 1975 1454 2002 de
1477 1976 1575 2010 quibus
1595 1976 1698 2003 Pausa-

907 2018 967 2046 nias
980 2025 1008 2051 χ,
1025 2017 1070 2045 58.
1090 2017 1157 2045 Vide
1180 2024 1288 2052 quoque
1308 2024 1357 2049 vn.
1380 2017 1413 2044 I8
1426 2022 1454 2044 et
1470 2017 1568 2044 Ezecb.
1588 2017 1696 2052 Sphan-

907 2060 1028 2088 hemium
1058 2060 1170 2088 dissert.
1198 2059 1228 2088 II
1258 2060 1291 2088 de
1319 2066 1370 2087 usu
1401 2064 1425 2087 et
1452 2065 1541 2095 priest.
1572 2060 1695 2088 nuntiam.

907 2110 935 2137 p.
953 2102 1016 2129 524.

943 2143 1009 2170 Ibid.
1030 2142 1135 2177 Νῆσος
1155 2141 1322 2177 Πάνορμος.
1347 2142 1424 2170 Ilaud
1450 2150 1545 2178 parum
1566 2143 1697 2172 molestia:

908 2186 964 2213 haec
978 2185 1043 2212 mihi
1059 2185 1146 2212 insula
1161 2184 1307 2220 adspersit,
1324 2192 1415 2219 neque
1429 2185 1562 2213 hactenus
1577 2193 1638 2213 eam
1653 2187 1697 2213 de-

906 2235 1007 2263 ponere
1028 2227 1102 2262 potui
1126 2235 1133 2254 :
1170 2230 1275 2254 tantum
1299 2234 1360 2262 qua:
1377 2227 1403 2254 in
1426 2231 1543 2255 mentem
1562 2227 1697 2259 venerint,

906 2269 1071 2298 adscribam.
1086 2268 1253 2297 Panormum
1268 2268 1383 2297 insulam
1405 2274 1513 2297 veteres
1527 2270 1630 2297 circum
1648 2270 1697 2297 Pe-

906 2312 1083 2346 loponnesum
1101 2311 1227 2346 ignorant
1251 2318 1258 2337 :
1282 2310 1363 2338 habet
1375 2311 1435 2345 ejus
1454 2311 1570 2339 nominis
1590 2316 1695 2346 portum

906 2360 989 2388 prope
1007 2352 1105 2380 Rhium
1131 2352 1156 2379 in
1181 2351 1312 2386 Naupacti
1329 2352 1447 2380 adverso
1467 2352 1558 2380 littore
1570 2352 1697 2388 Polybius

906 2403 934 2427 v,
949 2394 1003 2422 102
1020 2398 1047 2422 et
1059 2393 1210 2422 Pausanias
1224 2393 1332 2421 Achaia
1349 2393 1395 2425 22,
1410 2394 1456 2427 qui
1473 2394 1566 2429 utique
1580 2394 1648 2421 nihil
1663 2395 1697 2421 ad

907 2437 976 2463 hanc
992 2435 1123 2463 insulam.
1146 2436 1234 2463 Aliam
1253 2436 1280 2462 in
1299 2435 1471 2470 Cephallenia
1490 2437 1566 2462 novit
1578 2436 1697 2463 Artemi-

905 2478 988 2506 dorus
1022 2478 1092 2512 apud
1123 2477 1302 2512 Porphyrimu
1332 2477 1367 2504 de
1400 2476 1584 2512 Nympharum
1616 2481 1696 2504 antro

905 2526 930 2553 p.
946 2519 1009 2551 III,
1022 2519 1087 2546 edit.
1104 2519 1206 2545 names
1223 2527 1228 2545 :
1244 2519 1298 2553 Τῆς
1316 2518 1510 2554 Κεφαλληνίας
1523 2518 1577 2545 ἀπὸ
1589 2519 1694 2554 Πανόρ-

906 2570 957 2595 μου
983 2561 1093 2595 λιμένος
1113 2561 1181 2597 πρὸς
1204 2560 1337 2594 ἀνατολὴν
1365 2560 1469 2587 δώδεκα
1494 2561 1590 2588 στάδια
1615 2561 1696 2596 νῆσός

904 2603 979 2630 ἐστιν
997 2602 1087 2637 Ἰθάκη
1105 2602 1220 2629 σταδίων
1235 2602 1401 2637 ὀγδοήκοντα
1418 2603 1510 2630 πέντε.
1537 2601 1571 2629 Ει
1583 2603 1696 2636 Antipa-

904 2649 945 2672 ter
970 2645 997 2672 in
1023 2645 1221 2680 epigrammate
1251 2645 1285 2671 ab
1312 2644 1466 2672 IIolsteinio
1495 2645 1529 2672 ad
1561 2643 1694 2679 Stephani

904 2687 1047 2722 Πάνορμος
1078 2687 1214 2721 publicato
1237 2695 1245 2713 ι
1272 2687 1350 2714 Φοῖϐε
1375 2687 1559 2723 Κεφαλλήνων
1584 2687 1693 2722 λιμενὸ-

903 2738 998 2762 exorre,
1024 2729 1085 2756 θῖνα
1113 2730 1257 2765 Πανόρμου
1287 2730 1372 2757 ναίων
1395 2730 1528 2766 τρηχείης
1543 2729 1694 2764 ἀντιπέρην

903 2772 1022 2806 Ἰθάκης.
1037 2771 1106 2799 Ilinc
1117 2778 1166 2806 ego
1186 2771 1293 2799 dedisse
1308 2770 1458 2799 llieroclctn
1474 2772 1566 2808 Νήσου
1583 2771 1694 2806 Κεφαλ-

902 2813 996 2848 ληνίας
1018 2813 1163 2849 Πάνορμος
1184 2812 1376 2848 conjicieham,
1392 2817 1438 2840 aut
1454 2818 1529 2841 certe
1550 2820 1583 2841 ex
1611 2818 1692 2848 portu

903 2856 982 2885 nobis
999 2855 1115 2883 insulam
1136 2855 1245 2883 fecisse.
1265 2855 1324 2888 Quo
1341 2856 1431 2884 minus
1446 2860 1536 2884 tamen
1548 2863 1641 2884 secure
1663 2856 1692 2882 in
