1911 3071
183 122 254 155 1095

177 182 220 208 his
235 179 417 214 acquiescam,
433 178 604 206 Marcellinus
619 178 717 207 Comes
738 180 831 213 edicit,
847 181 965 208 Zenonis

178 221 350 256 imperatoris
372 221 447 255 jussu
466 220 566 256 Pelagii
583 221 671 256 gulam
691 222 716 249 iu
734 223 830 254 insula,
848 231 907 258 quae
919 223 968 250 l’a-

178 269 287 289 norums
305 262 413 294 dicitur,
435 262 531 296 laqueo
549 263 662 290 fractam
681 271 708 290 a.
731 263 783 290 590
803 271 968 291 memorans.

177 303 234 331 Etsi
249 304 332 335 enim,
346 304 390 330 ubi
404 304 492 338 posita
506 302 587 331 fuerit
603 304 701 337 insula,
716 305 816 332 addere
839 305 968 341 neglexe-

177 345 222 376 rit.
239 344 296 371 ﬁeri
313 345 401 379 potuit
415 349 443 371 ut
457 353 510 372 non
526 345 605 372 aliam
623 346 747 381 signarit.

213 386 272 413 Col.
290 386 351 413 ML.
366 387 508 421 Κυθηρίη.
525 387 694 415 Ρτωειὶιοι-ίιι
715 388 832 424 Κύθηρα
855 393 882 416 et
906 395 968 414 mox

181 429 356 463 Στρόφαδες,
392 433 464 456 notae
493 428 643 464 Virgiliano
665 437 745 457 versu
769 440 776 458 :
807 431 967 465 Strophades

177 470 259 496 Graio
273 474 345 497 stant
359 470 462 496 neruine
474 470 551 497 dictw
563 471 658 497 iusqu
668 471 744 498 Ionio
756 473 784 498 in
799 480 902 506 magno.

213 511 296 538 Idem.
317 509 438 537 Μυλῶν.
454 510 536 538 Forte
548 511 681 542 Μύκωνος
696 513 729 539 ab
743 512 866 540 Hierocle
881 512 964 545 venit,

177 551 228 579 nisi
241 552 264 578 si
293 556 320 578 ct
343 558 417 578 recto
442 559 508 579 casn
529 552 631 579 Μύκων
649 552 740 580 insula
764 554 835 580 dicta
861 562 868 580 :
894 557 967 581 certe

177 593 346 629 σμι“κρὸτητα
371 594 420 628 τῆς
443 594 576 625 Μύκωνος
597 594 680 628 νήσου
707 595 789 622 habet
811 594 967 630 Apostolius

176 641 248 662 eeut.
266 643 329 666 ιιιιι.
345 636 391 668 3‘2,
405 640 433 662 et
447 643 527 669 quem
541 636 685 670 scripsisse
699 637 814 669 videtur,
831 636 966 663 Zenohius

176 682 251 704 cent.
265 684 291 707 ν,
311 677 357 709 2|,
377 677 445 704 hanc
461 677 486 703 in
505 684 560 703 rem
574 684 588 703 a
602 676 633 704 1ι.
650 677 799 704 llolsleiuio
809 677 865 711 jam
880 676 968 711 appel-

177 718 257 745 latus.
280 719 346 746 Vide
366 718 408 745 Ti.
440 718 672 745 IIemsterhusiom
696 718 723 746 in
740 717 852 746 Lueiaui
869 718 932 746 dial.
950 719 963 746 1

176 759 269 792 Μαι-1.,
292 760 336 786 ubi
360 760 424 795 μίαν
441 759 575 786 Μύκωνον
599 759 707 795 egregie
720 759 886 794 lepidissime
898 760 967 788 scri-

176 802 246 835 ptori
262 806 289 828 et
305 802 380 835 plura
394 802 427 828 de
439 801 526 828 insula
544 801 670 829 reddidit.

213 842 294 869 Idem.
323 842 428 877 Νῆσσς
455 843 567 873 Μόλος.
594 841 695 869 Molum
727 842 843 870 insulam
871 847 964 870 contra

176 882 336 910 Corinthum
359 884 447 910 adhuc
474 891 578 918 quzero.
597 884 653 918 Τὴν
680 884 783 919 πέτραν
799 885 849 920 τὴν
862 884 966 911 Molon-

178 925 248 959 ρίδα,
276 933 309 952 ex
337 933 389 959 qua
419 933 448 952 se
473 925 521 952 luo
549 933 610 952 cum
624 925 760 954 Mclicerte
790 926 816 953 in
841 925 964 953 Sarouiei

176 965 251 992 sinus
275 973 360 1000 aquas
386 966 553 1001 praecipitem
582 967 696 998 dederit,
728 967 755 994 in
786 967 836 994 hac
864 968 963 994 vicinia

177 1007 325 1034 Pausanias
339 1008 421 1035 Attic.
435 1007 468 1035 41
484 1012 512 1035 et
530 1007 647 1036 Tzelzes
664 1009 697 1035 ad
711 1008 897 1043 Lycophronis
910 1009 963 1036 2‘29

176 1054 400 1076 COIIIIIIBIIIOI'ﬂIll.

212 1089 278 1117 Ibid.
304 1090 454 1124 Δωροῦσα.
482 1090 581 1117 Samus
606 1091 670 1117 olim
695 1091 828 1123 Δρυοῦσα,
851 1091 965 1119 testibus

179 1130 318 1158 ll.-raclide
331 1131 364 1159 de
381 1132 458 1159 I’olit.
475 1137 501 1158 ct
517 1132 662 1166 Ilesycbio,
677 1133 719 1158 cui
738 1137 826 1159 tamen
843 1132 895 1159 alio
907 1132 965 1159 loco

179 1172 303 1207 Δόρυσσα
329 1179 382 1204 est,
401 1173 609 1207 appellabatur;
630 1181 690 1207 qua:
702 1181 761 1200 cuin
777 1173 839 1200 alibi
857 1173 890 1199 ab
904 1172 965 1200 Ille-

179 1215 252 1240 roele
268 1219 449 1246 recenseatur,
465 1215 632 1242 hincabcsse
649 1215 738 1242 debet.
752 1215 837 1241 Habet
853 1216 966 1241 οινούσ-

178 1264 229 1286 σας
244 1256 347 1283 insulas
359 1257 384 1283 in
400 1256 461 1284 sinu
478 1256 613 1284 Messenio
623 1257 774 1283 Pausanias
787 1256 962 1283 Messeniis:

178 1297 240 1329 ιιιω,
267 1303 312 1325 aut
333 1298 420 1333 potius
443 1298 559 1333 Donysa,
583 1306 664 1332 quam
695 1298 809 1325 viridem
839 1297 966 1332 Virgilius

178 1344 264 1372 vocat,
278 1340 329 1367 huc
343 1341 477 1374 pertinere
492 1342 627 1368 videntur.

212 1380 278 1408 Ibid.
303 1381 435 1416 Λῆμνος.
465 1382 539 1410 llanc
566 1388 593 1409 et
613 1387 769 1415 sequentem
800 1381 967 1416 proconsulis

177 1422 284 1449 Achaia:
302 1423 413 1457 imperio
430 1423 515 1450 fuisse
532 1424 728 1455 contribulam,
747 1431 806 1450 eum
822 1424 855 1450 ab
865 1422 966 1450 Achaia

178 1464 334 1498 longissime
355 1472 448 1492 versus
477 1465 621 1491 Thraciam
643 1465 698 1492 sint
727 1468 848 1496 semetra,
871 1465 968 1490 miran-

177 1505 240 1531 dum
267 1511 317 1532 σει.
348 1505 553 1538 Constantinus,
584 1507 605 1532 si
637 1506 728 1533 hacin
757 1513 786 1532 re
817 1505 966 1532 Ilieroclem

182 1545 264 1573 luerit
283 1551 403 1578 secutus,
420 1552 521 1580 septem
538 1546 671 1573 duntaxat
687 1548 788 1574 insulas
805 1547 875 1573 circa
890 1545 968 1573 Pelo-

177 1595 326 1623 ponnesum
345 1588 362 1615 l.
381 1596 412 1620 II,
431 1588 527 1615 Tbem.
541 1589 558 1615 6
576 1589 689 1616 invertit.
715 1589 849 1622 Quoniam
878 1591 968 1623 itaque

178 1629 289 1656 dubiant
308 1629 333 1656 id
351 1637 410 1656 esse
433 1634 532 1664 potest,
555 1630 642 1657 notari
655 1638 745 1664 opertr
757 1631 871 1664 pretium
886 1631 968 1657 fuerit

180 1671 214 1698 Μ.
229 1671 435 1699 Constantinum
451 1671 607 1705 prmlectum
636 1673 753 1707 praetorii
775 1671 892 1699 Orientis
909 1680 969 1700 am-

179 1713 299 1746 plissima
318 1717 449 1747 potestate
468 1712 640 1746 instruxisse,
657 1718 680 1741 et
698 1719 796 1748 pratter
818 1713 966 1740 Asiaticum

180 1754 374 1788 I'ontieamque
388 1753 520 1781 diceccsin
550 1762 645 1782 omnes
669 1755 705 1781 illi
724 1754 842 1782 Orientis
858 1755 968 1789 provin-

177 1797 234 1823 cias
249 1803 311 1823 cum
330 1795 449 1831 Egypto
463 1801 489 1823 et
505 1795 680 1823 Thraciarum
698 1797 808 1824 (limi-esi
829 1804 909 1831 atque
927 1797 967 1824 in~

178 1838 245 1864 sutis
279 1836 441 1872 Cycladibus
479 1838 646 1870 mandasse,
680 1839 740 1873 δίχα
775 1839 886 1874 Λήμνου
921 1839 969 1865 καὶ

180 1879 295 1914 Ἴμϐρου
320 1879 366 1906 καὶ
393 1879 591 1915 Σαμοθρᾴκης,
615 1888 674 1914 quin
695 1881 812 1916 puniet-ti
843 1881 968 1915 praetorio

179 1921 276 1956 lliyrici
307 1920 420 1956 imperio
450 1921 552 1949 relictze
579 1927 652 1955 sunt,
682 1929 710 1950 ut
735 1923 858 1950 Zosimus
879 1930 909 1955 ιι,
933 1923 968 1950 55

179 1963 269 1989 docet.

215 2003 281 2031 Ibid.
308 2004 381 2031 Ὑπὸ
399 2005 637 2039 κονσουλάριον.
656 2004 683 2031 In
705 2012 785 2032 manu
800 2011 910 2033 exarato
922 2014 968 2034 co-

180 2046 240 2073 dice
266 2047 491 2074 accuratissimus
519 2046 682 2073 lIolsteinius
707 2047 742 2074 ita
767 2047 842 2082 legit,
858 2048 969 2075 verissi-

180 2095 306 2123 mumque
333 2089 410 2115 nobis
433 2089 548 2115 videtur.
563 2089 632 2116 Olim
653 2089 732 2116 Creta
752 2090 896 2124 provincia:
915 2091 968 2125 Cy—

179 2130 293 2157 renaica:
310 2131 455 2165 conjuncta
481 2131 635 2164 proconsuli
651 2131 755 2166 paruit;
778 2133 847 2158 unde
862 2131 894 2164 Q.
909 2132 969 2160 Ca:-

178 2171 256 2199 eilius
282 2171 396 2199 Rulinus
421 2172 447 2198 in
476 2172 605 2201 Tltesaur.
632 2180 658 2207 p.
677 2172 762 2199 MXCI
783 2172 799 2200 6
814 2173 968 2205 ἀνθύπατος

180 2215 292 2249 Κρήτης
317 2214 364 2240 καὶ
387 2215 517 2250 Κυρήνης
544 2215 654 2242 dicitur.
682 2213 745 2241 Post
770 2215 843 2247 deitt,
867 2220 969 2243 mutata

180 2255 308 2283 Romana:
330 2256 484 2290 reipublicat
512 2263 526 2282 a
551 2255 647 2288 Magno
673 2255 850 2283 Constantino
870 2255 967 2289 forma,

180 2298 363 2332 distractaque
399 2298 462 2324 hinc
504 2298 619 2330 Cyrene,
653 2297 800 2329 Zosimotl,
832 2298 865 2324 57
888 2302 967 2329 teste.

180 2340 318 2373 provincia
346 2339 398 2366 fuit
423 2339 574 2367 consularis
587 2361 594 2372 ,
610 2345 639 2366 ttt
662 2339 764 2366 Nomia
783 2339 848 2372 imp.
865 2338 968 2367 Oricnt.

180 2390 206 2408 c.
238 2382 249 2408 1
284 2382 422 2412 ostendit.
443 2386 470 2408 ct
496 2381 547 2408 hoc
581 2388 596 2407 e
627 2381 764 2407 Thesauro
793 2381 968 2414 epigramma,

181 2432 207 2458 ιι.
225 2423 332 2451 MXCIV
352 2423 369 2450 4
394 2432 401 2450 :
424 2423 473 2450 Φλ.
494 2423 625 2450 Ύπάτιον
642 2423 688 2449 τὸν
707 2422 899 2458 λαμπρότατον
916 2423 970 2449 ἀπὸ

182 2465 315 2501 ὑπάρχων
335 2465 504 2500 πραιτωρίου
517 2464 631 2499 δόγματι
651 2463 698 2490 τοῦ
717 2463 806 2490 κοινοῦ
819 2464 910 2498 πάσης
921 2465 970 2500 τῆς

182 2508 319 2543 ἐπαρχίας
327 2507 503 2542 Οἰκουμένιος
509 2506 633 2537 Δοσίθεος
640 2505 865 2541 Ἀσκληπιόδοτος
879 2507 892 2532 ὸ
902 2506 971 2540 λοιμ-

180 2550 317 2584 πρότατος
330 2548 462 2580 ὑπατικὸς
472 2549 522 2583 τῆς
533 2549 651 2583 Κρητῶν
665 2548 798 2582 ἐπαρχίας
809 2547 968 2582 ἀνέστησεν.

181 2591 325 2624 Furianus,
347 2592 392 2626 qui
408 2591 539 2618 Flavium.
554 2590 640 2617 virum
660 2590 829 2616 consularem
846 2589 970 2617 clarissi—

181 2642 253 2661 mum
277 2641 311 2661 ex
330 2634 380 2660 hoc
396 2633 490 2660 Flavio
507 2632 622 2667 Hypatio
645 2631 719 2663 fecit,
737 2631 821 2658 risum
845 2631 970 2658 omnibus

179 2676 281 2702 debet:
298 2680 325 2702 tu
353 2674 394 2702 Fl.
421 2673 566 2709 llypatium
595 2672 724 2707 intellige,
750 2673 795 2705 qui
824 2672 970 2706 praefectus

181 2716 310 2750 pra-torio
325 2716 409 2743 Italite
431 2715 481 2742 l'nit
502 2715 620 2742 Antonio
634 2720 661 2741 et
674 2715 787 2749 Syagrio
801 2709 968 2746 consulibu's,

180 2758 270 2784 vitum
298 2758 382 2791 quieti
411 2757 564 2792 placidique
598 2756 702 2783 consilii
727 2756 851 2790 interque
875 2762 970 2782 omnes

181 2800 363 2826 adolescentia
383 2804 410 2826 et
444 2800 572 2826 virtutum
601 2797 801 2832 pulchritudine
833 2805 971 2823 commen-

182 2839 312 2872 dabilem.
337 2847 390 2874 quo
414 2847 473 2868 eum
487 2839 573 2874 elogio
583 2839 854 2867 ornat‘itAnnnianus
868 2838 970 2870 tum?

694 124 885 156 ADDENDA.
906 138 939 142 -
955 125 988 156 P.
1009 124 1266 155 WESSELINGII

1736 122 1819 155 1096

1023 182 1081 209 Jam
1096 191 1156 218 cum
1175 183 1254 218 hujus
1269 179 1471 216 epigrammatis
1484 179 1689 214 Asclepiodotus
1699 179 1821 215 ὕπαθη-

1023 224 1068 255 κδς
1081 224 1130 258 τῆς
1151 223 1268 259 Κρητῶν
1280 222 1414 257 ἐπαρχίας
1432 221 1564 248 Thesauri
1582 229 1608 255 ρ.
1629 221 1700 249 MCX
1714 222 1751 250 20
1770 223 1820 250 di-

1021 267 1102 297 cltur.
1119 265 1189 292 eoin
1208 264 1285 291 titulo
1296 264 1389 291 vitium
1406 270 1466 290 esse
1482 270 1560 290 nemo
1576 262 1759 290 addubitabit.

1057 306 1122 332 Ibid.
1145 306 1252 338 Πόλεις
1267 306 1325 338 φιβ’.
1345 305 1414 332 Olim
1440 309 1547 331 centum
1560 304 1672 331 urbibus
1692 305 1818 332 insulam

1022 345 1105 374 fuisse
1126 347 1259 374 celebrem
1279 353 1322 374 res
1337 350 1379 373 est
1408 345 1548 372 tritissima
1563 354 1571 372 :
1589 345 1655 372 bella
1673 350 1701 372 et
1716 353 1817 373 rerum

1022 388 1200 415 humanarum
1215 387 1413 415 vicissitudines
1434 387 1524 422 plures
1539 386 1601 414 dein
1616 386 1791 414 sustulerunt
1807 396 1816 419 ;

1020 437 1133 464 quarum
1150 434 1237 456 tamen
1253 436 1315 456 eum
1333 428 1416 456 fuisse
1428 433 1619 461 uumerum,ut
1635 429 1818 463 paucissima:

1020 471 1179 506 Superstites
1193 470 1352 497 manserint.
1368 469 1431 497 licet
1444 469 1531 497 Servii
1546 473 1627 497 aetate
1639 471 1675 496 ita
1692 469 1816 503 ferrent,

1022 519 1157 547 nunquam
1181 519 1322 540 censuere.
1349 511 1442 538 Primo
1464 511 1568 546 quidem
1589 516 1692 538 centum
1717 512 1817 538 habuit

1021 552 1099 581 Creta
1114 554 1243 585 ciritates,
1258 553 1451 588 grammaticus
1465 553 1491 579 in
1508 551 1618 579 jEneid.
1633 560 1674 585 ut,
1691 552 1744 579 I06
1759 558 1816 585 att,

1020 595 1089 622 unde
1113 594 1305 629 Hecatompolis
1329 594 1401 621 dicta
1418 598 1455 621 est
1475 602 1485 621 :
1501 599 1560 628 post
1578 594 1670 628 εἰςιΜί
1682 599 1814 629 quatuor,

1020 636 1092 667 inde.
1119 641 1146 662 ut
1169 636 1278 667 dicitur,
1308 636 1388 668 dum,
1420 634 1526 662 Cnoson
1552 641 1576 662 et
1604 634 1814 669 Ilierapidnam.

1020 678 1137 712 qnanwis
1156 676 1245 704 Liuius
1265 678 1350 711 plura
1365 685 1383 704 α
1411 677 1517 704 Metello
1536 682 1699 711 expugnatas
1722 677 1813 704 dicat.

1020 717 1103 746 Recte
1118 718 1230 747 Servius
1248 718 1351 745 Livium
1366 718 1402 745 illi
1419 718 1521 745 rumori
1537 718 1651 755 Qpponit
1666 726 1673 744 :
1695 718 1742 745 sed
1763 725 1814 745 se-

1020 760 1111 787 verius
1142 767 1204 787 eum
1239 767 1273 787 ex
1307 759 1351 787 sui
1377 759 1508 793 temporis
1536 759 1616 786 factis
1643 758 1813 794 castigatum

1019 801 1125 829 vellem.

1053 835 1279 877 11›1ιΙ.Τορτύνη.
1290 842 1436 878 Gortynam
1445 842 1532 869 Cretae
1542 842 1711 876 metropolim
1722 841 1815 870 fuisse

1019 892 1051 912 ex
1066 885 1137 911 Αειὶι
1153 885 1256 911 concilii
1270 884 1394 918 Eplmini
1410 892 1435 919 p.
1451 884 1504 911 453
1519 884 1586 911 citra
1603 885 1713 911 dubium
1726 889 1782 911 est.

1055 927 1122 953 Ibid.
1144 927 1274 959 'Irutoc.
1301 925 1415 958 Εῐνατος
1439 926 1573 961 llesychio
1597 925 1756 961 Elymologo
1783 931 1814 953 et

1023 967 1172 1002 Stephano.
1200 968 1362 995 Ptolemaeus
1396 973 1490 1004 nostro
1523 968 1668 994 consentit.
1697 966 1814 994 Tabula:

1021 1009 1094 1038 Inata
1121 1010 1156 1037 M.
1175 1009 1204 1037 P.
1219 1010 1254 1037 32
1272 1010 1305 1037 ab
1319 1009 1489 1044 Hierapydna
1512 1008 1539 1036 in
1555 1014 1631 1043 parte
1650 1009 1745 1037 insulae
1761 1017 1813 1036 au-

1019 1052 1104 1080 strali.

1055 1094 1122 1121 Ibid.
1143 1094 1260 1120 Βιέννα.
1272 1093 1344 1134 Vjtio
1355 1092 1551 1128 exscriptomm
1568 1092 1677 1119 Tabulae
1691 1091 1811 1134 Bienna.

1021 1135 1091 1162 unde
1107 1135 1248 1162 Ravennas
1266 1133 1396 1162 Bl’entiam
1418 1133 1435 1160 Ι.
1453 1142 1478 1166 vI
1496 1141 1522 1161 e.
1539 1134 1570 1161 21
1589 1133 1664 1166 fecit,
1686 1133 1808 1164 dicitur;

1020 1177 1158 1211 Stephano
1178 1176 1295 1207 Βίεννος,
1316 1177 1431 1204 fortasse
1456 1175 1540 1202 invito
1565 1185 1571 1202 :
1593 1182 1653 1202 nam
1669 1182 1684 1201 τι
1700 1173 1810 1201 Vienna

1020 1219 1121 1246 Gallica
1147 1218 1245 1252 gentile
1271 1225 1425 1252 cognomen
1448 1217 1567 1248 Βιέννιος
1593 1221 1620 1243 et
1648 1216 1810 1250 Btewijstoc

1020 1259 1132 1287 formari
1150 1260 1196 1292 ait,
1216 1260 1265 1294 τῆς
1286 1259 1314 1285 δὲ
1333 1259 1444 1292 Βιέννης
1460 1258 1607 1290 Βιενναῖος,
1624 1257 1695 1291 quod
1711 1257 1810 1290 utique

1020 1307 1047 1328 et
1076 1301 1160 1328 forma
1189 1306 1216 1326 et
1241 1299 1375 1326 orationis
1399 1300 1471 1326 serie
1496 1299 1530 1327 ad
1551 1299 1619 1326 hanc
1635 1298 1809 1326 Cretensium

1022 1342 1152 1369 Bicnnatn
1171 1342 1305 1379 pertinere
1322 1341 1437 1368 videtur.

1057 1384 1123 1412 Ibid.
1146 1383 1332 1416 Ἰεράπυδνα.
1350 1382 1415 1409 Dion
1428 1382 1513 1416 princ.
1531 1381 1551 1410 1.
1567 1389 1647 1409 xxxv:
1663 1381 1697 1407 τὰ
1716 1380 1808 1415 Ἱερά-

1022 1425 1109 1452 πυδνα
1136 1429 1223 1452 vocat.
1247 1424 1357 1451 Tabulae
1385 1423 1465 1450 llicra
1491 1423 1526 1450 ΩΟ
1554 1423 1589 1450 Μ.
1609 1423 1638 1450 1).
1657 1430 1670 1448 a
1692 1422 1808 1453 Bienna,

1022 1467 1169 1495 Ravennati
1191 1466 1336 1500 Jerapina;
1355 1466 1387 1492 ad
1403 1473 1483 1500 Quam
1505 1465 1618 1491 fortnam
1635 1466 1661 1491 in
1676 1464 1808 1499 synodica

1021 1509 1189 1538 Cretensium
1210 1508 1243 1534 ad
1270 1506 1386 1534 Leonem
1407 1507 1595 1540 imperatorem
1621 1507 1733 1540 epistola
1753 1504 1808 1530 Eu-

1023 1551 1152 1586 phronius
1180 1550 1321 1584 cpiscopus
1345 1548 1506 1583 Hierapinze.
1535 1547 1631 1574 Verius
1654 1552 1695 1574 est
1717 1547 1807 1581 Ἰερά-

1022 1601 1128 1624 πυτνα,
1155 1596 1183 1618 ιιι
1209 1591 1310 1626 lapich
1336 1589 1458 1624 inscripti
1493 1589 1648 1616 ostendunt.
1677 1589 1742 1615 Vide
1774 1588 1807 1615 ll.

1023 1633 1202 1661 Maul‘auconii
1227 1632 1299 1658 Diar.
1317 1631 1376 1658 Ital.
1392 1639 1418 1665 p.
1441 1631 1474 1658 7.5
1489 1629 1520 1658 (Σ.
1545 1630 1590 1661 γ..
1603 1631 1647 1657 ubi
1664 1637 1806 1664 perperam

1023 1677 1100 1702 IISI‘A
1126 1675 1253 1707 IIYI‘NH,
1282 1677 1308 1701 et
1335 1674 1414 1700 Edm.
1440 1673 1573 1700 Cbishulli
1600 1672 1691 1706 Antiq.
1718 1672 1806 1699 Αιὶαι.

1042 1739 1048 1746 .
1068 1717 1126 1744 ωδ.

1022 1726 1126 1786 Ρ.
1145 1757 1276 1791 Καμάρα.
1298 1755 1366 1784 Olim
1383 1756 1460 1787 Lato,
1481 1760 1547 1782 teste
1568 1754 1714 1788 Stephano,
1730 1753 1808 1787 cujus

1023 1803 1104 1828 verbo
1119 1800 1162 1828 ιο,
1183 1800 1316 1827 Meursius
1335 1799 1354 1825 1.
1371 1806 1377 1824 ι
1393 1797 1477 1824 Creta
1495 1805 1549 1823 ειιιιι
1562 1804 1586 1823 c.
1598 1804 1633 1823 \‘II
1651 1801 1723 1823 recte
1740 1803 1808 1823 cou-

1023 1848 1124 1905 SilllllJIlll'l:
1147 1877 1306 1910 Ἀνῑλυγος.
1340 1874 1417 1901 Hanc
1443 1873 1536 1901 insula:
1562 1874 1655 1901 urbem
1688 1872 1808 1905 nondum

1023 1921 1121 1954 reperi.
1137 1919 1260 1953 Suspicio
1277 1917 1418 1945 demendo
1441 1923 1501 1943 esse
1525 1921 1624 1951 potest,
1639 1916 1689 1943 nisi
1706 1916 1732 1942 in
1752 1914 1810 1942 Νοο

1024 1963 1094 1995 titia,
1111 1968 1190 1995 quam
1215 1959 1272 1987 Jac.
1292 1959 1364 1986 Goar
1389 1957 1492 1985 Codino
1516 1958 1629 1989 addidit,
1652 1958 1724 1984 inter
1742 1956 1810 1985 Cre-

1024 2008 1114 2031 tenses
1127 2002 1267 2036 episcopos
1279 2001 1293 2027 ὁ
1306 2000 1454 2033 unum»
1475 2006 1682 2026 memoraretur.

1060 2043 1125 2071 Ibid.
1143 2043 1346 2077 Χερσόνησος.
1364 2041 1463 2068 Natale
1479 2046 1537 2068 erat
1549 2041 1633 2076 Lycti.
1647 2040 1724 2074 cujus
1739 2047 1808 2074 prm-

1023 2087 1065 2114 sul
1092 2085 1230 2112 Nisinnius
1255 2084 1369 2111 Nicaeum
1394 2083 1519 2110 secunda:
1545 2083 1647 2117 synodo
1664 2081 1810 2109 scribendo

1024 2128 1108 2156 adluit
1125 2135 1151 2162 p.
1166 2127 1229 2154 551.
1242 2126 1414 2160 Χερσόνησος
1432 2125 1544 2160 Κρήτης
1561 2125 1586 2151 in
1606 2124 1678 2151 Actis
1703 2124 1809 2151 consilii

1024 2170 1150 2205 Ep/resini
1163 2177 1189 2204 p.
1206 2169 1258 2196 457
1276 2167 1384 2194 dicitur.

1059 2212 1127 2240 Ibid.
1149 2211 1275 2243 Λύκτος.
1299 2209 1398 2237 Urbem
1419 2209 1488 2236 hanc
1509 2208 1612 2235 Δύττον
1630 2208 1756 2244 Polybius
1769 2217 1807 2242 tv,

1025 2255 1059 2283 55
1073 2253 1200 2289 appellat,
1212 2257 1238 2279 et
1253 2256 1316 2278 ante
1330 2259 1403 2282 eum,
1419 2250 1552 2278 Strabone
1569 2256 1650 2282 teste,
1665 2250 1806 2283 llomerus,

1024 2297 1075 2324 sita
1099 2299 1158 2322 erat
1173 2295 1199 2321 iu
1224 2292 1414 2320 excellentiure
1437 2292 1518 2324 colle,
1542 2299 1603 2325 quze
1628 2296 1670 2318 est
1690 2293 1808 2319 nominis

1024 2338 1083 2372 ejus
1100 2343 1181 2364 causa
1203 2345 1210 2363 :
1236 2335 1273 2361 Τὸ
1289 2334 1343 2368 γὰρ
1363 2333 1432 2361 ἄνω,
1459 2332 1546 2368 inquit
1572 2331 1738 2367 Stephanus,
1762 2334 1809 2359 καὶ

1025 2379 1126 2413 ὑψηλὸν
1146 2377 1241 2403 λύττον
1265 2376 1342 2410 φασξ.
1362 2375 1450 2408 Atque
1469 2374 1538 2401 haue
1559 2373 1708 2401 seribendaa
1734 2374 1809 2403 urbis

1024 2419 1244 2448 consuetudinem
1268 2417 1317 2450 ipsi
1341 2415 1436 2442 incnla:
1451 2420 1514 2442 sunt
1529 2416 1625 2447 secuti.
1646 2422 1675 2443 ut
1694 2415 1721 2442 in
1740 2415 1808 2442 Tlte-

1024 2469 1098 2488 saur.
1117 2468 1143 2494 p.
1160 2457 1306 2486 MLXXXV
1321 2457 1339 2485 5
1357 2466 1363 2484 :
1379 2457 1531 2485 Ματτιδίαν
1539 2457 1679 2492 Σεϐαστὴν
1688 2457 1808 2484 Λυττῐων

1024 2505 1041 2538 ἡ
1051 2503 1126 2534 πόλις
1139 2501 1183 2528 διὰ
1195 2500 1392 2536 πρωτοκόσμου
1401 2499 1432 2525 Τ.
1445 2499 1574 2526 Φλαουίου
1588 2499 1729 2534 Κωμαστᾶ
1738 2499 1767 2526 τὸ
1775 2499 1808 2533 β’.

1024 2544 1074 2572 Ubi
1101 2543 1295 2578 πρωτόκοσμος
1317 2546 1360 2568 est
1384 2541 1560 2575 magistratus
1585 2548 1745 2575 cognomen,
1761 2543 1806 2577 qui

1025 2587 1095 2614 inter
1119 2586 1246 2617 collegas.
1274 2583 1395 2617 κόσμους
1417 2583 1506 2609 dictos
1524 2587 1550 2608 et
1571 2589 1683 2609 numero
1700 2583 1808 2617 quidem
1853 2607 1865 2614 ,

1024 2629 1128 2659 decem,
1147 2631 1175 2652 ut
1193 2625 1351 2653 Aristoteles
1374 2623 1454 2650 Pulit.
1473 2631 1502 2653 ιι,
1521 2623 1553 2651 10
1572 2623 1674 2654 docuit,
1691 2623 1810 2659 principe

1025 2674 1084 2696 erat
1101 2668 1171 2695 loco.
1189 2667 1218 2694 ln
1231 2667 1321 2693 numis
1335 2673 1387 2692 non
1405 2665 1476 2691 aliud
1493 2665 1652 2698 ptolmrtml,
1669 2672 1722 2698 qua
1739 2665 1771 2692 de
1783 2673 1809 2693 re

1025 2709 1204 2744 Spanbentius
1219 2709 1245 2735 in
1269 2707 1430 2734 Callimachi
1453 2705 1550 2742 Hymn.
1567 2708 1592 2732 tu
1608 2706 1697 2740 Apoll.
1714 2714 1807 2734 sunt.

1024 2752 1091 2780 Vide
1107 2751 1223 2786 Hesych.
1241 2749 1476 2784 Καρνησσόπο),ις.

1061 2795 1128 2822 Ibid.
1154 2793 1303 2828 Ἀρκαδία.
1329 2791 1439 2819 Tabula:
1466 2790 1582 2823 Arcade,
1614 2791 1685 2818 unde
1706 2790 1809 2826 Arpade

1026 2838 1168 2866 llatennas
1181 2834 1326 2868 exstruxit.
1343 2834 1377 2862 30
1391 2834 1426 2862 Μ.
1450 2833 1480 2862 P.
1498 2841 1514 2860 a
1537 2833 1648 2867 Bicnua,
1663 2840 1712 2870 pro
1726 2832 1809 2870 Art-ag
