  <div class='ocr_page' id='page_1' title='image "/cluster/home/n/w/nwhite01/storage/ocr_20150623/113/njp.32101077772968/606.png"; bbox 0 0 1911 3071; ppageno 0'>
   <div class='ocr_carea' id='block_1_1' title="bbox 113 145 190 179">
    <p class='ocr_par' dir='ltr' id='par_1_1' title="bbox 113 145 190 179">
     <span class='ocr_line' id='line_1_1' title="bbox 113 145 190 179; baseline 0 -1"><span class='ocrx_word' id='word_1_1' title='bbox 113 145 190 179; x_wconf 69' lang='lat'><strong>1091</strong></span> 
     </span>
    </p>
   </div>
   <div class='ocr_carea' id='block_1_2' title="bbox 113 198 902 234">
    <p class='ocr_par' dir='ltr' id='par_1_2' title="bbox 113 198 902 234">
     <span class='ocr_line' id='line_1_2' title="bbox 113 198 902 234; baseline -0.001 -5"><span class='ocrx_word' id='word_1_2' title='bbox 113 203 166 229; x_wconf 84' lang='lat' dir='ltr'><strong>.Ies</strong></span> <span class='ocrx_word' id='word_1_3' title='bbox 194 210 201 228; x_wconf 90' lang='lat'><strong>:</strong></span> <span class='ocrx_word' id='word_1_4' title='bbox 228 198 320 227; x_wconf 82' lang='lat' dir='ltr'><strong>urbem</strong></span> <span class='ocrx_word' id='word_1_5' title='bbox 345 198 416 226; x_wconf 83' lang='lat' dir='ltr'><strong>enim</strong></span> <span class='ocrx_word' id='word_1_6' title='bbox 452 199 587 234; x_wconf 72' lang='grc' dir='ltr'><strong>Ἀρκάδας</strong></span> <span class='ocrx_word' id='word_1_7' title='bbox 612 203 639 226; x_wconf 89' lang='lat' dir='ltr'><strong>et</strong></span> <span class='ocrx_word' id='word_1_8' title='bbox 663 199 809 234; x_wconf 81' lang='grc' dir='ltr'><strong>Ἀρκαδίαν</strong></span> <span class='ocrx_word' id='word_1_9' title='bbox 834 205 902 228; x_wconf 84' lang='lat' dir='ltr'><strong>teste</strong></span> 
     </span>
    </p>
   </div>
   <div class='ocr_carea' id='block_1_3' title="bbox 111 239 900 277">
    <p class='ocr_par' dir='ltr' id='par_1_3' title="bbox 111 239 900 277">
     <span class='ocr_line' id='line_1_3' title="bbox 111 239 900 277; baseline -0.003 -7"><span class='ocrx_word' id='word_1_10' title='bbox 111 243 256 277; x_wconf 75' lang='lat' dir='ltr'><strong>Stephano</strong></span> <span class='ocrx_word' id='word_1_11' title='bbox 271 240 453 276; x_wconf 68' lang='lat' dir='ltr'><strong>appellabant.</strong></span> <span class='ocrx_word' id='word_1_12' title='bbox 470 240 587 267; x_wconf 84' lang='lat' dir='ltr'><strong>Arcadia</strong></span> <span class='ocrx_word' id='word_1_13' title='bbox 604 239 712 268; x_wconf 67' lang='lat' dir='ltr'><strong>Notitiis</strong></span> <span class='ocrx_word' id='word_1_14' title='bbox 730 241 900 268; x_wconf 79' lang='lat' dir='ltr'><strong>ecclesiasti-</strong></span> 
     </span>
    </p>
   </div>
   <div class='ocr_carea' id='block_1_4' title="bbox 112 281 904 318">
    <p class='ocr_par' dir='ltr' id='par_1_4' title="bbox 112 281 904 318">
     <span class='ocr_line' id='line_1_4' title="bbox 112 281 904 318; baseline -0.003 -7"><span class='ocrx_word' id='word_1_15' title='bbox 112 286 169 315; x_wconf 75' lang='lat' dir='ltr'><strong>cis.</strong></span> <span class='ocrx_word' id='word_1_16' title='bbox 187 289 215 311; x_wconf 91' lang='lat' dir='ltr'><strong>ut</strong></span> <span class='ocrx_word' id='word_1_17' title='bbox 227 282 345 310; x_wconf 86' lang='lat' dir='ltr'><strong>Joannes</strong></span> <span class='ocrx_word' id='word_1_18' title='bbox 360 283 409 317; x_wconf 79' lang='grc' dir='ltr'><strong>τῆς</strong></span> <span class='ocrx_word' id='word_1_19' title='bbox 427 281 572 317; x_wconf 68' lang='grc' dir='ltr'>’Λρκσδίας</span> <span class='ocrx_word' id='word_1_20' title='bbox 602 282 763 315; x_wconf 67' lang='grc' dir='ltr'>ἐπίσκοπος,</span> <span class='ocrx_word' id='word_1_21' title='bbox 776 282 823 318; x_wconf 89' lang='lat' dir='ltr'><strong>qui</strong></span> <span class='ocrx_word' id='word_1_22' title='bbox 839 290 904 318; x_wconf 84' lang='lat' dir='ltr'><strong>pars</strong></span> 
     </span>
    </p>
   </div>
   <div class='ocr_carea' id='block_1_5' title="bbox 113 321 901 359">
    <p class='ocr_par' dir='ltr' id='par_1_5' title="bbox 113 321 901 359">
     <span class='ocr_line' id='line_1_5' title="bbox 113 321 901 359; baseline -0.004 -6"><span class='ocrx_word' id='word_1_23' title='bbox 113 326 232 353; x_wconf 69' lang='lat' dir='ltr'><strong>Nicaeus:</strong></span> <span class='ocrx_word' id='word_1_24' title='bbox 260 324 387 351; x_wconf 70' lang='lat' dir='ltr'><strong>secunda:</strong></span> <span class='ocrx_word' id='word_1_25' title='bbox 413 321 509 359; x_wconf 84' lang='lat' dir='ltr'><strong>synodi</strong></span> <span class='ocrx_word' id='word_1_26' title='bbox 538 323 600 355; x_wconf 81' lang='lat' dir='ltr'><strong>fuit,</strong></span> <span class='ocrx_word' id='word_1_27' title='bbox 621 324 699 351; x_wconf 84' lang='lat' dir='ltr'><strong>testis</strong></span> <span class='ocrx_word' id='word_1_28' title='bbox 725 325 778 352; x_wconf 90' lang='lat' dir='ltr'><strong>erit</strong></span> <span class='ocrx_word' id='word_1_29' title='bbox 803 325 901 359; x_wconf 79' lang='lat' dir='ltr'><strong>placet.</strong></span> 
     </span>
    </p>
   </div>
   <div class='ocr_carea' id='block_1_6' title="bbox 113 364 902 400">
    <p class='ocr_par' dir='ltr' id='par_1_6' title="bbox 113 364 902 400">
     <span class='ocr_line' id='line_1_6' title="bbox 113 364 902 400; baseline -0.001 -7"><span class='ocrx_word' id='word_1_30' title='bbox 113 367 186 393; x_wconf 84' lang='lat' dir='ltr'><strong>Male</strong></span> <span class='ocrx_word' id='word_1_31' title='bbox 198 373 262 394; x_wconf 83' lang='lat' dir='ltr'><strong>vero</strong></span> <span class='ocrx_word' id='word_1_32' title='bbox 277 365 341 392; x_wconf 87' lang='lat' dir='ltr'><strong>huic</strong></span> <span class='ocrx_word' id='word_1_33' title='bbox 356 365 415 392; x_wconf 86' lang='lat' dir='ltr'><strong>urbi</strong></span> <span class='ocrx_word' id='word_1_34' title='bbox 434 365 460 392; x_wconf 91' lang='lat' dir='ltr'><strong>in</strong></span> <span class='ocrx_word' id='word_1_35' title='bbox 476 364 640 400; x_wconf 78' lang='lat' dir='ltr'><strong>Geographia</strong></span> <span class='ocrx_word' id='word_1_36' title='bbox 659 364 743 393; x_wconf 81' lang='lat' dir='ltr'><strong>Sacra</strong></span> <span class='ocrx_word' id='word_1_37' title='bbox 760 365 872 393; x_wconf 84' lang='lat' dir='ltr'><strong>Carolus</strong></span> <span class='ocrx_word' id='word_1_38' title='bbox 887 373 902 392; x_wconf 85' lang='lat' dir='ltr'><strong>a</strong></span> 
     </span>
    </p>
   </div>
   <div class='ocr_carea' id='block_1_7' title="bbox 112 407 488 442">
    <p class='ocr_par' dir='ltr' id='par_1_7' title="bbox 112 407 488 442">
     <span class='ocr_line' id='line_1_7' title="bbox 112 407 488 442; baseline -0.005 -6"><span class='ocrx_word' id='word_1_39' title='bbox 112 409 146 436; x_wconf 77' lang='grc' dir='ltr'><strong>δ.</strong></span> <span class='ocrx_word' id='word_1_40' title='bbox 165 408 248 435; x_wconf 83' lang='lat' dir='ltr'><strong>Paulo</strong></span> <span class='ocrx_word' id='word_1_41' title='bbox 266 408 354 435; x_wconf 89' lang='lat' dir='ltr'><strong>locum</strong></span> <span class='ocrx_word' id='word_1_42' title='bbox 369 407 488 442; x_wconf 76' lang='lat' dir='ltr'><strong>negavit.</strong></span> 
     </span>
    </p>
   </div>
   <div class='ocr_carea' id='block_1_8' title="bbox 150 447 903 483">
    <p class='ocr_par' dir='ltr' id='par_1_8' title="bbox 150 447 903 483">
     <span class='ocr_line' id='line_1_8' title="bbox 150 447 903 483; baseline -0.005 -5"><span class='ocrx_word' id='word_1_43' title='bbox 150 450 210 478; x_wconf 89' lang='lat' dir='ltr'><strong>Col.</strong></span> <span class='ocrx_word' id='word_1_44' title='bbox 222 449 283 477; x_wconf 71' lang='lat' dir='ltr'><strong>IM.</strong></span> <span class='ocrx_word' id='word_1_45' title='bbox 293 449 459 483; x_wconf 77' lang='grc' dir='ltr'>Σούϐριτος.</span> <span class='ocrx_word' id='word_1_46' title='bbox 467 448 627 476; x_wconf 81' lang='lat' dir='ltr'><strong>Theodorus</strong></span> <span class='ocrx_word' id='word_1_47' title='bbox 633 448 780 480; x_wconf 78' lang='grc' dir='ltr'><strong>ἐπίσκοπος</strong></span> <span class='ocrx_word' id='word_1_48' title='bbox 790 447 903 483; x_wconf 82' lang='grc' dir='ltr'><strong>Σουϐρί-</strong></span> 
     </span>
    </p>
   </div>
   <div class='ocr_carea' id='block_1_9' title="bbox 113 489 903 525">
    <p class='ocr_par' dir='ltr' id='par_1_9' title="bbox 113 489 903 525">
     <span class='ocr_line' id='line_1_9' title="bbox 113 489 903 525; baseline -0.005 -5"><span class='ocrx_word' id='word_1_49' title='bbox 113 501 171 520; x_wconf 70' lang='grc' dir='ltr'><strong>των</strong></span> <span class='ocrx_word' id='word_1_50' title='bbox 180 496 221 519; x_wconf 82' lang='lat' dir='ltr'><strong>est</strong></span> <span class='ocrx_word' id='word_1_51' title='bbox 229 491 255 518; x_wconf 92' lang='lat' dir='ltr'><strong>in</strong></span> <span class='ocrx_word' id='word_1_52' title='bbox 267 491 341 518; x_wconf 87' lang='lat' dir='ltr'><strong>Actis</strong></span> <span class='ocrx_word' id='word_1_53' title='bbox 349 490 448 518; x_wconf 69' lang='lat' dir='ltr'><strong>Nicmni</strong></span> <span class='ocrx_word' id='word_1_54' title='bbox 458 491 569 518; x_wconf 81' lang='lat' dir='ltr'><strong>secundi</strong></span> <span class='ocrx_word' id='word_1_55' title='bbox 577 491 685 518; x_wconf 88' lang='lat' dir='ltr'><strong>concilii</strong></span> <span class='ocrx_word' id='word_1_56' title='bbox 695 499 720 525; x_wconf 88' lang='lat' dir='ltr'><strong>p.</strong></span> <span class='ocrx_word' id='word_1_57' title='bbox 730 490 792 517; x_wconf 76' lang='grc'><strong>554.</strong></span> <span class='ocrx_word' id='word_1_58' title='bbox 803 489 903 518; x_wconf 87' lang='lat' dir='ltr'><strong>Subriti</strong></span> 
     </span>
    </p>
   </div>
   <div class='ocr_carea' id='block_1_10' title="bbox 115 532 905 568">
    <p class='ocr_par' dir='ltr' id='par_1_10' title="bbox 115 532 905 568">
     <span class='ocr_line' id='line_1_10' title="bbox 115 532 905 568; baseline -0.003 -8"><span class='ocrx_word' id='word_1_59' title='bbox 115 534 229 561; x_wconf 87' lang='lat' dir='ltr'><strong>nomine</strong></span> <span class='ocrx_word' id='word_1_60' title='bbox 248 534 274 560; x_wconf 92' lang='lat' dir='ltr'><strong>in</strong></span> <span class='ocrx_word' id='word_1_61' title='bbox 300 532 388 560; x_wconf 83' lang='lat' dir='ltr'><strong>tabula</strong></span> <span class='ocrx_word' id='word_1_62' title='bbox 407 532 604 567; x_wconf 80' lang='lat' dir='ltr'><strong>Peutiugerana</strong></span> <span class='ocrx_word' id='word_1_63' title='bbox 625 533 739 568; x_wconf 76' lang='lat' dir='ltr'><strong>insignis</strong></span> <span class='ocrx_word' id='word_1_64' title='bbox 749 537 810 565; x_wconf 87' lang='lat' dir='ltr'><strong>est;</strong></span> <span class='ocrx_word' id='word_1_65' title='bbox 834 533 905 559; x_wconf 89' lang='lat' dir='ltr'><strong>unde</strong></span> 
     </span>
    </p>
   </div>
   <div class='ocr_carea' id='block_1_11' title="bbox 114 573 904 611">
    <p class='ocr_par' dir='ltr' id='par_1_11' title="bbox 114 573 904 611">
     <span class='ocr_line' id='line_1_11' title="bbox 114 573 904 611; baseline -0.005 -8"><span class='ocrx_word' id='word_1_66' title='bbox 114 575 248 611; x_wconf 77' lang='grc' dir='ltr'>Σύὸριτος</span> <span class='ocrx_word' id='word_1_67' title='bbox 271 582 323 602; x_wconf 93' lang='lat' dir='ltr'><strong>non</strong></span> <span class='ocrx_word' id='word_1_68' title='bbox 347 575 417 601; x_wconf 86' lang='lat' dir='ltr'><strong>male</strong></span> <span class='ocrx_word' id='word_1_69' title='bbox 432 575 579 606; x_wconf 71' lang='lat' dir='ltr'><strong>diceretur,</strong></span> <span class='ocrx_word' id='word_1_70' title='bbox 599 575 750 609; x_wconf 68' lang='lat' dir='ltr'><strong>praesertim</strong></span> <span class='ocrx_word' id='word_1_71' title='bbox 767 574 789 601; x_wconf 89' lang='lat' dir='ltr'><strong>si</strong></span> <span class='ocrx_word' id='word_1_72' title='bbox 805 573 904 608; x_wconf 81' lang='grc' dir='ltr'><strong>Σίὸυρ-</strong></span> 
     </span>
    </p>
   </div>
   <div class='ocr_carea' id='block_1_12' title="bbox 112 615 905 652">
    <p class='ocr_par' dir='ltr' id='par_1_12' title="bbox 112 615 905 652">
     <span class='ocr_line' id='line_1_12' title="bbox 112 615 905 652; baseline -0.004 -8"><span class='ocrx_word' id='word_1_73' title='bbox 112 625 175 649; x_wconf 72' lang='grc' dir='ltr'>τος,</span> <span class='ocrx_word' id='word_1_74' title='bbox 188 624 269 652; x_wconf 89' lang='lat' dir='ltr'><strong>quam</strong></span> <span class='ocrx_word' id='word_1_75' title='bbox 285 624 318 644; x_wconf 79' lang='lat' dir='ltr'><strong>ex</strong></span> <span class='ocrx_word' id='word_1_76' title='bbox 334 615 445 650; x_wconf 81' lang='lat' dir='ltr'><strong>Polybio</strong></span> <span class='ocrx_word' id='word_1_77' title='bbox 461 615 615 650; x_wconf 82' lang='lat' dir='ltr'><strong>Stephanus</strong></span> <span class='ocrx_word' id='word_1_78' title='bbox 630 615 720 647; x_wconf 85' lang='lat' dir='ltr'><strong>habet,</strong></span> <span class='ocrx_word' id='word_1_79' title='bbox 741 615 805 642; x_wconf 89' lang='lat' dir='ltr'><strong>hinc</strong></span> <span class='ocrx_word' id='word_1_80' title='bbox 819 615 905 649; x_wconf 80' lang='lat' dir='ltr'><strong>origi-</strong></span> 
     </span>
    </p>
   </div>
   <div class='ocr_carea' id='block_1_13' title="bbox 114 657 905 693">
    <p class='ocr_par' dir='ltr' id='par_1_13' title="bbox 114 657 905 693">
     <span class='ocr_line' id='line_1_13' title="bbox 114 657 905 693; baseline -0.005 -6"><span class='ocrx_word' id='word_1_81' title='bbox 114 667 179 687; x_wconf 85' lang='lat' dir='ltr'><strong>nem</strong></span> <span class='ocrx_word' id='word_1_82' title='bbox 190 658 336 693; x_wconf 84' lang='lat' dir='ltr'><strong>acccperit.</strong></span> <span class='ocrx_word' id='word_1_83' title='bbox 352 658 506 692; x_wconf 65' lang='lat' dir='ltr'><strong>Cateroqui</strong></span> <span class='ocrx_word' id='word_1_84' title='bbox 532 657 652 692; x_wconf 76' lang='grc' dir='ltr'><strong>Σύσριτα</strong></span> <span class='ocrx_word' id='word_1_85' title='bbox 676 657 782 692; x_wconf 86' lang='lat' dir='ltr'><strong>Seylaci</strong></span> <span class='ocrx_word' id='word_1_86' title='bbox 798 662 825 684; x_wconf 86' lang='lat' dir='ltr'><strong>et</strong></span> <span class='ocrx_word' id='word_1_87' title='bbox 841 657 905 683; x_wconf 88' lang='lat' dir='ltr'><strong>Pto-</strong></span> 
     </span>
    </p>
   </div>
   <div class='ocr_carea' id='block_1_14' title="bbox 115 698 906 733">
    <p class='ocr_par' dir='ltr' id='par_1_14' title="bbox 115 698 906 733">
     <span class='ocr_line' id='line_1_14' title="bbox 115 698 906 733; baseline -0.005 -5"><span class='ocrx_word' id='word_1_88' title='bbox 115 701 216 728; x_wconf 65' lang='lat' dir='ltr'><strong>iemteo</strong></span> <span class='ocrx_word' id='word_1_89' title='bbox 238 707 300 728; x_wconf 84' lang='lat' dir='ltr'><strong>esse</strong></span> <span class='ocrx_word' id='word_1_90' title='bbox 321 700 403 726; x_wconf 88' lang='lat' dir='ltr'><strong>solet.</strong></span> <span class='ocrx_word' id='word_1_91' title='bbox 432 698 553 726; x_wconf 84' lang='lat' dir='ltr'><strong>Pertinet</strong></span> <span class='ocrx_word' id='word_1_92' title='bbox 565 700 618 726; x_wconf 89' lang='lat' dir='ltr'><strong>huc</strong></span> <span class='ocrx_word' id='word_1_93' title='bbox 634 698 750 733; x_wconf 86' lang='lat' dir='ltr'><strong>Cyrillus</strong></span> <span class='ocrx_word' id='word_1_94' title='bbox 764 698 906 733; x_wconf 81' lang='lat' dir='ltr'><strong>episcopus</strong></span> 
     </span>
    </p>
   </div>
   <div class='ocr_carea' id='block_1_15' title="bbox 117 739 904 774">
    <p class='ocr_par' dir='ltr' id='par_1_15' title="bbox 117 739 904 774">
     <span class='ocr_line' id='line_1_15' title="bbox 117 739 904 774; baseline -0.006 -4"><span class='ocrx_word' id='word_1_95' title='bbox 117 742 254 773; x_wconf 84' lang='lat' dir='ltr'><strong>Subtuus,</strong></span> <span class='ocrx_word' id='word_1_96' title='bbox 271 745 301 767; x_wconf 90' lang='lat' dir='ltr'><strong>ttt</strong></span> <span class='ocrx_word' id='word_1_97' title='bbox 325 740 500 767; x_wconf 84' lang='lat' dir='ltr'><strong>vitiosissime</strong></span> <span class='ocrx_word' id='word_1_98' title='bbox 527 740 553 767; x_wconf 92' lang='lat' dir='ltr'><strong>in</strong></span> <span class='ocrx_word' id='word_1_99' title='bbox 581 740 710 774; x_wconf 83' lang='lat' dir='ltr'><strong>synodica</strong></span> <span class='ocrx_word' id='word_1_100' title='bbox 733 739 904 767; x_wconf 84' lang='lat' dir='ltr'><strong>Cretensium</strong></span> 
     </span>
    </p>
   </div>
   <div class='ocr_carea' id='block_1_16' title="bbox 117 780 906 816">
    <p class='ocr_par' dir='ltr' id='par_1_16' title="bbox 117 780 906 816">
     <span class='ocr_line' id='line_1_16' title="bbox 117 780 906 816; baseline -0.005 -5"><span class='ocrx_word' id='word_1_101' title='bbox 117 785 152 811; x_wconf 87' lang='lat' dir='ltr'><strong>ad</strong></span> <span class='ocrx_word' id='word_1_102' title='bbox 180 784 295 811; x_wconf 78' lang='lat' dir='ltr'><strong>Leonem</strong></span> <span class='ocrx_word' id='word_1_103' title='bbox 316 783 507 816; x_wconf 86' lang='lat' dir='ltr'><strong>imperatorem</strong></span> <span class='ocrx_word' id='word_1_104' title='bbox 529 782 642 816; x_wconf 83' lang='lat' dir='ltr'><strong>epistola</strong></span> <span class='ocrx_word' id='word_1_105' title='bbox 662 781 802 808; x_wconf 86' lang='lat' dir='ltr'><strong>scribitur.</strong></span> <span class='ocrx_word' id='word_1_106' title='bbox 821 780 906 807; x_wconf 82' lang='lat' dir='ltr'><strong>Paulo</strong></span> 
     </span>
    </p>
   </div>
   <div class='ocr_carea' id='block_1_17' title="bbox 115 822 903 857">
    <p class='ocr_par' dir='ltr' id='par_1_17' title="bbox 115 822 903 857">
     <span class='ocr_line' id='line_1_17' title="bbox 115 822 903 857; baseline -0.004 -5"><span class='ocrx_word' id='word_1_107' title='bbox 115 826 217 852; x_wconf 87' lang='lat' dir='ltr'><strong>melius</strong></span> <span class='ocrx_word' id='word_1_108' title='bbox 231 825 258 852; x_wconf 88' lang='lat' dir='ltr'><strong>in</strong></span> <span class='ocrx_word' id='word_1_109' title='bbox 270 825 342 851; x_wconf 76' lang='lat' dir='ltr'><strong>Acti:</strong></span> <span class='ocrx_word' id='word_1_110' title='bbox 362 824 628 851; x_wconf 83' lang='lat' dir='ltr'><strong>Chalcedonensibus</strong></span> <span class='ocrx_word' id='word_1_111' title='bbox 641 827 705 850; x_wconf 89' lang='lat' dir='ltr'><strong>tom.</strong></span> <span class='ocrx_word' id='word_1_112' title='bbox 723 822 793 855; x_wconf 89' lang='lat' dir='ltr'><strong>Vill,</strong></span> <span class='ocrx_word' id='word_1_113' title='bbox 809 830 835 857; x_wconf 91' lang='lat' dir='ltr'><strong>p.</strong></span> <span class='ocrx_word' id='word_1_114' title='bbox 852 822 903 849; x_wconf 83' lang='grc'><strong>671</strong></span> 
     </span>
    </p>
   </div>
   <div class='ocr_carea' id='block_1_18' title="bbox 117 864 694 902">
    <p class='ocr_par' dir='ltr' id='par_1_18' title="bbox 117 864 694 902">
     <span class='ocr_line' id='line_1_18' title="bbox 117 864 694 902; baseline -0.005 -9"><span class='ocrx_word' id='word_1_115' title='bbox 117 866 254 902; x_wconf 82' lang='grc' dir='ltr'><strong>Κύριλλος</strong></span> <span class='ocrx_word' id='word_1_116' title='bbox 265 865 414 896; x_wconf 80' lang='grc' dir='ltr'><strong>ἐπίσκοπος</strong></span> <span class='ocrx_word' id='word_1_117' title='bbox 421 865 524 895; x_wconf 82' lang='grc' dir='ltr'><strong>πόλεως</strong></span> <span class='ocrx_word' id='word_1_118' title='bbox 540 864 694 899; x_wconf 76' lang='grc' dir='ltr'><strong>Σοὺϐριτος.</strong></span> 
     </span>
    </p>
   </div>
   <div class='ocr_carea' id='block_1_19' title="bbox 155 904 907 939">
    <p class='ocr_par' dir='ltr' id='par_1_19' title="bbox 155 904 907 939">
     <span class='ocr_line' id='line_1_19' title="bbox 155 904 907 939; baseline -0.005 -4"><span class='ocrx_word' id='word_1_119' title='bbox 155 909 221 936; x_wconf 82' lang='lat' dir='ltr'><strong>Ibid.</strong></span> <span class='ocrx_word' id='word_1_120' title='bbox 252 907 378 939; x_wconf 78' lang='grc' dir='ltr'><strong>Ὀἀξιος.</strong></span> <span class='ocrx_word' id='word_1_121' title='bbox 402 906 457 933; x_wconf 85' lang='grc' dir='ltr'><strong>Ιιιιο</strong></span> <span class='ocrx_word' id='word_1_122' title='bbox 474 906 581 938; x_wconf 77' lang='grc' dir='ltr'>Ὅαξος.</span> <span class='ocrx_word' id='word_1_123' title='bbox 611 906 710 932; x_wconf 83' lang='lat' dir='ltr'><strong>Aberat</strong></span> <span class='ocrx_word' id='word_1_124' title='bbox 734 905 806 932; x_wconf 88' lang='lat' dir='ltr'><strong>haud</strong></span> <span class='ocrx_word' id='word_1_125' title='bbox 837 904 907 931; x_wconf 81' lang='lat' dir='ltr'><strong>mul—</strong></span> 
     </span>
    </p>
   </div>
   <div class='ocr_carea' id='block_1_20' title="bbox 118 946 904 976">
    <p class='ocr_par' dir='ltr' id='par_1_20' title="bbox 118 946 904 976">
     <span class='ocr_line' id='line_1_20' title="bbox 118 946 904 976; baseline -0.005 0"><span class='ocrx_word' id='word_1_126' title='bbox 118 955 178 976; x_wconf 88' lang='lat' dir='ltr'><strong>tntn</strong></span> <span class='ocrx_word' id='word_1_127' title='bbox 201 948 385 976; x_wconf 75' lang='lat' dir='ltr'><strong>Eleuthernis.</strong></span> <span class='ocrx_word' id='word_1_128' title='bbox 408 946 474 974; x_wconf 84' lang='lat' dir='ltr'><strong>Vide</strong></span> <span class='ocrx_word' id='word_1_129' title='bbox 498 947 576 973; x_wconf 77' lang='lat' dir='ltr'><strong>Eunt.</strong></span> <span class='ocrx_word' id='word_1_130' title='bbox 604 946 723 973; x_wconf 85' lang='lat' dir='ltr'><strong>Cltisull.</strong></span> <span class='ocrx_word' id='word_1_131' title='bbox 740 947 801 973; x_wconf 81' lang='lat' dir='ltr'><strong>Aut.</strong></span> <span class='ocrx_word' id='word_1_132' title='bbox 817 946 904 973; x_wconf 79' lang='lat' dir='ltr'><strong>Asiat.</strong></span> 
     </span>
    </p>
   </div>
   <div class='ocr_carea' id='block_1_21' title="bbox 141 991 227 1018">
    <p class='ocr_par' dir='ltr' id='par_1_21' title="bbox 141 991 227 1018">
     <span class='ocr_line' id='line_1_21' title="bbox 141 991 227 1018; baseline 0 0"><span class='ocrx_word' id='word_1_133' title='bbox 141 1012 147 1018; x_wconf 98' lang='lat'><strong>.</strong></span> <span class='ocrx_word' id='word_1_134' title='bbox 165 991 227 1018; x_wconf 68' lang='lat' dir='ltr'><strong>I25.</strong></span> 
     </span>
    </p>
   </div>
   <div class='ocr_carea' id='block_1_22' title="bbox 118 1000 906 1065">
    <p class='ocr_par' dir='ltr' id='par_1_22' title="bbox 118 1000 906 1065">
     <span class='ocr_line' id='line_1_22' title="bbox 118 1000 906 1065; baseline -0.004 -6"><span class='ocrx_word' id='word_1_135' title='bbox 247 1031 436 1065; x_wconf 76' lang='grc' dir='ltr'><strong>Ἑλευθέρνα.</strong></span> <span class='ocrx_word' id='word_1_136' title='bbox 455 1030 567 1058; x_wconf 78' lang='lat' dir='ltr'><strong>Multum</strong></span> <span class='ocrx_word' id='word_1_137' title='bbox 587 1031 637 1057; x_wconf 90' lang='lat' dir='ltr'><strong>hoc</strong></span> <span class='ocrx_word' id='word_1_138' title='bbox 661 1029 768 1064; x_wconf 79' lang='lat' dir='ltr'><strong>vulgato</strong></span> <span class='ocrx_word' id='word_1_139' title='bbox 785 1033 906 1064; x_wconf 74' lang='lat' dir='ltr'><strong>prmstat,</strong></span> 
     </span>
    </p>
   </div>
   <div class='ocr_carea' id='block_1_23' title="bbox 120 1072 905 1107">
    <p class='ocr_par' dir='ltr' id='par_1_23' title="bbox 120 1072 905 1107">
     <span class='ocr_line' id='line_1_23' title="bbox 120 1072 905 1107; baseline -0.004 -6"><span class='ocrx_word' id='word_1_140' title='bbox 120 1075 186 1102; x_wconf 83' lang='lat' dir='ltr'><strong>licet</strong></span> <span class='ocrx_word' id='word_1_141' title='bbox 200 1073 259 1101; x_wconf 87' lang='lat' dir='ltr'><strong>Dio.</strong></span> <span class='ocrx_word' id='word_1_142' title='bbox 279 1073 297 1100; x_wconf 91' lang='lat' dir='ltr'><strong>l.</strong></span> <span class='ocrx_word' id='word_1_143' title='bbox 315 1080 396 1100; x_wconf 75' lang='lat' dir='ltr'><strong>xxxvi</strong></span> <span class='ocrx_word' id='word_1_144' title='bbox 414 1073 547 1107; x_wconf 79' lang='lat' dir='ltr'><strong>principio</strong></span> <span class='ocrx_word' id='word_1_145' title='bbox 563 1073 612 1107; x_wconf 82' lang='grc' dir='ltr'><strong>τὴν</strong></span> <span class='ocrx_word' id='word_1_146' title='bbox 639 1072 801 1106; x_wconf 73' lang='grc' dir='ltr'><strong>’Ἐλευθέραν</strong></span> <span class='ocrx_word' id='word_1_147' title='bbox 816 1075 905 1099; x_wconf 85' lang='lat' dir='ltr'><strong>vocet.</strong></span> 
     </span>
    </p>
   </div>
   <div class='ocr_carea' id='block_1_24' title="bbox 119 1113 908 1150">
    <p class='ocr_par' dir='ltr' id='par_1_24' title="bbox 119 1113 908 1150">
     <span class='ocr_line' id='line_1_24' title="bbox 119 1113 908 1150; baseline -0.004 -8"><span class='ocrx_word' id='word_1_148' title='bbox 119 1116 152 1143; x_wconf 81' lang='lat' dir='ltr'><strong>In</strong></span> <span class='ocrx_word' id='word_1_149' title='bbox 168 1115 241 1142; x_wconf 81' lang='lat' dir='ltr'><strong>edito</strong></span> <span class='ocrx_word' id='word_1_150' title='bbox 255 1114 394 1149; x_wconf 88' lang='lat' dir='ltr'><strong>probando</strong></span> <span class='ocrx_word' id='word_1_151' title='bbox 410 1114 485 1141; x_wconf 90' lang='lat' dir='ltr'><strong>numi</strong></span> <span class='ocrx_word' id='word_1_152' title='bbox 503 1114 605 1148; x_wconf 85' lang='lat' dir='ltr'><strong>lapides</strong></span> <span class='ocrx_word' id='word_1_153' title='bbox 631 1115 833 1150; x_wconf 87' lang='lat' dir='ltr'><strong>scriptoresque</strong></span> <span class='ocrx_word' id='word_1_154' title='bbox 850 1113 908 1147; x_wconf 89' lang='lat' dir='ltr'><strong>plu-</strong></span> 
     </span>
    </p>
   </div>
   <div class='ocr_carea' id='block_1_25' title="bbox 120 1155 905 1190">
    <p class='ocr_par' dir='ltr' id='par_1_25' title="bbox 120 1155 905 1190">
     <span class='ocr_line' id='line_1_25' title="bbox 120 1155 905 1190; baseline -0.003 -8"><span class='ocrx_word' id='word_1_155' title='bbox 120 1156 195 1187; x_wconf 88' lang='lat' dir='ltr'><strong>ritni,</strong></span> <span class='ocrx_word' id='word_1_156' title='bbox 210 1156 273 1182; x_wconf 89' lang='lat' dir='ltr'><strong>licet</strong></span> <span class='ocrx_word' id='word_1_157' title='bbox 288 1156 314 1181; x_wconf 92' lang='lat' dir='ltr'><strong>in</strong></span> <span class='ocrx_word' id='word_1_158' title='bbox 330 1162 443 1181; x_wconf 89' lang='lat' dir='ltr'><strong>numero</strong></span> <span class='ocrx_word' id='word_1_159' title='bbox 458 1155 533 1182; x_wconf 80' lang='lat' dir='ltr'><strong>vocis</strong></span> <span class='ocrx_word' id='word_1_160' title='bbox 556 1156 701 1187; x_wconf 64' lang='lat' dir='ltr'><strong>variantes,</strong></span> <span class='ocrx_word' id='word_1_161' title='bbox 725 1155 884 1190; x_wconf 77' lang='lat' dir='ltr'><strong>conspirant</strong></span> <span class='ocrx_word' id='word_1_162' title='bbox 899 1163 905 1180; x_wconf 93' lang='lat'>:</span> 
     </span>
    </p>
   </div>
   <div class='ocr_carea' id='block_1_26' title="bbox 119 1195 909 1232">
    <p class='ocr_par' dir='ltr' id='par_1_26' title="bbox 119 1195 909 1232">
     <span class='ocr_line' id='line_1_26' title="bbox 119 1195 909 1232; baseline 0 -9"><span class='ocrx_word' id='word_1_163' title='bbox 119 1197 170 1228; x_wconf 85' lang='grc' dir='ltr'><strong>τὰς</strong></span> <span class='ocrx_word' id='word_1_164' title='bbox 189 1196 364 1232; x_wconf 74' lang='grc' dir='ltr'>Ἐλευθέρνας</span> <span class='ocrx_word' id='word_1_165' title='bbox 380 1196 487 1232; x_wconf 83' lang='lat' dir='ltr'><strong>Scylax.</strong></span> <span class='ocrx_word' id='word_1_166' title='bbox 510 1195 623 1228; x_wconf 82' lang='lat' dir='ltr'><strong>Plinius,</strong></span> <span class='ocrx_word' id='word_1_167' title='bbox 644 1196 819 1232; x_wconf 79' lang='grc' dir='ltr'><strong>Ἐλευθέρνην</strong></span> <span class='ocrx_word' id='word_1_168' title='bbox 843 1204 909 1224; x_wconf 84' lang='lat' dir='ltr'><strong>con-</strong></span> 
     </span>
    </p>
   </div>
   <div class='ocr_carea' id='block_1_27' title="bbox 118 1237 907 1270">
    <p class='ocr_par' dir='ltr' id='par_1_27' title="bbox 118 1237 907 1270">
     <span class='ocr_line' id='line_1_27' title="bbox 118 1237 907 1270; baseline 0 -6"><span class='ocrx_word' id='word_1_169' title='bbox 118 1237 247 1265; x_wconf 85' lang='lat' dir='ltr'><strong>ciliorum</strong></span> <span class='ocrx_word' id='word_1_170' title='bbox 268 1237 502 1264; x_wconf 79' lang='lat' dir='ltr'><strong>Chalcedonensis</strong></span> <span class='ocrx_word' id='word_1_171' title='bbox 529 1242 555 1264; x_wconf 91' lang='lat' dir='ltr'><strong>et</strong></span> <span class='ocrx_word' id='word_1_172' title='bbox 581 1237 683 1264; x_wconf 79' lang='lat' dir='ltr'><strong>Nieami</strong></span> <span class='ocrx_word' id='word_1_173' title='bbox 697 1239 807 1264; x_wconf 85' lang='lat' dir='ltr'><strong>secundi</strong></span> <span class='ocrx_word' id='word_1_174' title='bbox 830 1238 907 1270; x_wconf 77' lang='lat' dir='ltr'><strong>Acta,</strong></span> 
     </span>
    </p>
   </div>
   <div class='ocr_carea' id='block_1_28' title="bbox 119 1278 909 1314">
    <p class='ocr_par' dir='ltr' id='par_1_28' title="bbox 119 1278 909 1314">
     <span class='ocr_line' id='line_1_28' title="bbox 119 1278 909 1314; baseline 0.001 -8"><span class='ocrx_word' id='word_1_175' title='bbox 119 1281 330 1314; x_wconf 78' lang='lat' dir='ltr'><strong>Stephanusque</strong></span> <span class='ocrx_word' id='word_1_176' title='bbox 342 1283 369 1306; x_wconf 86' lang='lat' dir='ltr'><strong>et</strong></span> <span class='ocrx_word' id='word_1_177' title='bbox 382 1278 493 1312; x_wconf 85' lang='lat' dir='ltr'><strong>Tabula,</strong></span> <span class='ocrx_word' id='word_1_178' title='bbox 507 1287 567 1314; x_wconf 65' lang='lat' dir='ltr'><strong>qua:</strong></span> <span class='ocrx_word' id='word_1_179' title='bbox 584 1279 600 1306; x_wconf 88' lang='lat'><strong>8</strong></span> <span class='ocrx_word' id='word_1_180' title='bbox 625 1278 660 1306; x_wconf 75' lang='lat' dir='ltr'><strong>id.</strong></span> <span class='ocrx_word' id='word_1_181' title='bbox 679 1280 707 1306; x_wconf 83' lang='lat' dir='ltr'><strong>I‘.</strong></span> <span class='ocrx_word' id='word_1_182' title='bbox 724 1278 827 1307; x_wconf 89' lang='lat' dir='ltr'><strong>Subriti</strong></span> <span class='ocrx_word' id='word_1_183' title='bbox 843 1280 909 1307; x_wconf 85' lang='lat' dir='ltr'><strong>urbe</strong></span> 
     </span>
    </p>
   </div>
   <div class='ocr_carea' id='block_1_29' title="bbox 122 1320 705 1353">
    <p class='ocr_par' dir='ltr' id='par_1_29' title="bbox 122 1320 705 1353">
     <span class='ocr_line' id='line_1_29' title="bbox 122 1320 705 1353; baseline -0.005 -4"><span class='ocrx_word' id='word_1_184' title='bbox 122 1325 254 1353; x_wconf 79' lang='lat' dir='ltr'><strong>semovet,</strong></span> <span class='ocrx_word' id='word_1_185' title='bbox 274 1320 386 1347; x_wconf 86' lang='lat' dir='ltr'><strong>malunt.</strong></span> <span class='ocrx_word' id='word_1_186' title='bbox 690 1332 705 1340; x_wconf 88' lang='lat'><strong><em>-</em></strong></span> 
     </span>
    </p>
   </div>
   <div class='ocr_carea' id='block_1_30' title="bbox 158 1361 908 1398">
    <p class='ocr_par' dir='ltr' id='par_1_30' title="bbox 158 1361 908 1398">
     <span class='ocr_line' id='line_1_30' title="bbox 158 1361 908 1398; baseline 0.001 -9"><span class='ocrx_word' id='word_1_187' title='bbox 158 1363 225 1390; x_wconf 84' lang='lat' dir='ltr'><strong>Ibid.</strong></span> <span class='ocrx_word' id='word_1_188' title='bbox 241 1361 370 1396; x_wconf 76' lang='grc' dir='ltr'><strong>Δάμπαι.</strong></span> <span class='ocrx_word' id='word_1_189' title='bbox 390 1362 503 1397; x_wconf 84' lang='grc' dir='ltr'><strong>Λάμπη.</strong></span> <span class='ocrx_word' id='word_1_190' title='bbox 527 1361 594 1390; x_wconf 87' lang='lat' dir='ltr'><strong>llinc</strong></span> <span class='ocrx_word' id='word_1_191' title='bbox 609 1363 659 1389; x_wconf 80' lang='lat' dir='ltr'><strong>fuit</strong></span> <span class='ocrx_word' id='word_1_192' title='bbox 680 1362 844 1394; x_wconf 78' lang='lat' dir='ltr'><strong>Demetrius,</strong></span> <span class='ocrx_word' id='word_1_193' title='bbox 861 1363 908 1398; x_wconf 87' lang='lat' dir='ltr'><strong>qui</strong></span> 
     </span>
    </p>
   </div>
   <div class='ocr_carea' id='block_1_31' title="bbox 121 1403 909 1439">
    <p class='ocr_par' dir='ltr' id='par_1_31' title="bbox 121 1403 909 1439">
     <span class='ocr_line' id='line_1_31' title="bbox 121 1403 909 1439; baseline -0.001 -8"><span class='ocrx_word' id='word_1_194' title='bbox 121 1403 240 1439; x_wconf 82' lang='lat' dir='ltr'><strong>pessime</strong></span> <span class='ocrx_word' id='word_1_195' title='bbox 265 1404 292 1430; x_wconf 93' lang='lat' dir='ltr'><strong>in</strong></span> <span class='ocrx_word' id='word_1_196' title='bbox 317 1403 520 1430; x_wconf 66' lang='lat' dir='ltr'><strong>Clmlcrdoueusi</strong></span> <span class='ocrx_word' id='word_1_197' title='bbox 544 1405 656 1431; x_wconf 76' lang='lat' dir='ltr'><strong>concilio</strong></span> <span class='ocrx_word' id='word_1_198' title='bbox 677 1412 703 1439; x_wconf 80' lang='grc' dir='ltr'><strong>ρ.</strong></span> <span class='ocrx_word' id='word_1_199' title='bbox 719 1404 778 1436; x_wconf 85' lang='lat' dir='ltr'><strong>I00,</strong></span> <span class='ocrx_word' id='word_1_200' title='bbox 797 1404 909 1439; x_wconf 79' lang='grc' dir='ltr'>Πάλπης</span> 
     </span>
    </p>
   </div>
   <div class='ocr_carea' id='block_1_32' title="bbox 122 1444 907 1480">
    <p class='ocr_par' dir='ltr' id='par_1_32' title="bbox 122 1444 907 1480">
     <span class='ocr_line' id='line_1_32' title="bbox 122 1444 907 1480; baseline -0.004 -7"><span class='ocrx_word' id='word_1_201' title='bbox 122 1446 233 1477; x_wconf 84' lang='lat' dir='ltr'><strong>dicitur,</strong></span> <span class='ocrx_word' id='word_1_202' title='bbox 248 1449 278 1472; x_wconf 85' lang='lat' dir='ltr'><strong>ut</strong></span> <span class='ocrx_word' id='word_1_203' title='bbox 291 1453 323 1472; x_wconf 86' lang='lat' dir='ltr'><strong>ex</strong></span> <span class='ocrx_word' id='word_1_204' title='bbox 342 1453 369 1480; x_wconf 79' lang='grc' dir='ltr'><strong>ι).</strong></span> <span class='ocrx_word' id='word_1_205' title='bbox 386 1444 434 1472; x_wconf 77' lang='grc'><strong>401</strong></span> <span class='ocrx_word' id='word_1_206' title='bbox 451 1450 616 1480; x_wconf 83' lang='lat' dir='ltr'><strong>compertum</strong></span> <span class='ocrx_word' id='word_1_207' title='bbox 629 1451 681 1472; x_wconf 87' lang='lat' dir='ltr'><strong>est.</strong></span> <span class='ocrx_word' id='word_1_208' title='bbox 701 1445 790 1479; x_wconf 84' lang='lat' dir='ltr'><strong>Lappa</strong></span> <span class='ocrx_word' id='word_1_209' title='bbox 805 1445 907 1479; x_wconf 82' lang='grc' dir='ltr'><strong>Λάππη</strong></span> 
     </span>
    </p>
   </div>
   <div class='ocr_carea' id='block_1_33' title="bbox 123 1486 909 1521">
    <p class='ocr_par' dir='ltr' id='par_1_33' title="bbox 123 1486 909 1521">
     <span class='ocr_line' id='line_1_33' title="bbox 123 1486 909 1521; baseline -0.003 -7"><span class='ocrx_word' id='word_1_210' title='bbox 123 1488 150 1515; x_wconf 92' lang='lat' dir='ltr'><strong>in</strong></span> <span class='ocrx_word' id='word_1_211' title='bbox 167 1486 277 1519; x_wconf 79' lang='lat' dir='ltr'><strong>Tabula,</strong></span> <span class='ocrx_word' id='word_1_212' title='bbox 291 1494 352 1521; x_wconf 78' lang='lat' dir='ltr'><strong>qua:</strong></span> <span class='ocrx_word' id='word_1_213' title='bbox 369 1493 383 1513; x_wconf 81' lang='grc' dir='ltr'><strong>ι</strong></span> <span class='ocrx_word' id='word_1_214' title='bbox 402 1487 542 1521; x_wconf 80' lang='lat' dir='ltr'><strong>superiore</strong></span> <span class='ocrx_word' id='word_1_215' title='bbox 566 1486 599 1513; x_wconf 78' lang='grc' dir='ltr'>Μ.</span> <span class='ocrx_word' id='word_1_216' title='bbox 619 1487 650 1512; x_wconf 88' lang='lat' dir='ltr'><strong>P.</strong></span> <span class='ocrx_word' id='word_1_217' title='bbox 676 1487 710 1513; x_wconf 78' lang='lat'><strong>52</strong></span> <span class='ocrx_word' id='word_1_218' title='bbox 726 1486 863 1518; x_wconf 86' lang='lat' dir='ltr'><strong>dissociat,</strong></span> <span class='ocrx_word' id='word_1_219' title='bbox 881 1491 909 1512; x_wconf 89' lang='lat' dir='ltr'><strong>ct</strong></span> 
     </span>
    </p>
   </div>
   <div class='ocr_carea' id='block_1_34' title="bbox 123 1528 907 1565">
    <p class='ocr_par' dir='ltr' id='par_1_34' title="bbox 123 1528 907 1565">
     <span class='ocr_line' id='line_1_34' title="bbox 123 1528 907 1565; baseline -0.003 -9"><span class='ocrx_word' id='word_1_220' title='bbox 123 1530 270 1565; x_wconf 77' lang='lat' dir='ltr'><strong>lapidibus,</strong></span> <span class='ocrx_word' id='word_1_221' title='bbox 291 1535 320 1556; x_wconf 86' lang='lat' dir='ltr'><strong>ut</strong></span> <span class='ocrx_word' id='word_1_222' title='bbox 338 1528 503 1556; x_wconf 85' lang='lat' dir='ltr'><strong>Gruteriano</strong></span> <span class='ocrx_word' id='word_1_223' title='bbox 519 1537 544 1563; x_wconf 89' lang='lat' dir='ltr'><strong>p.</strong></span> <span class='ocrx_word' id='word_1_224' title='bbox 564 1528 662 1561; x_wconf 74' lang='lat' dir='ltr'><strong>MXCI,</strong></span> <span class='ocrx_word' id='word_1_225' title='bbox 678 1528 694 1555; x_wconf 89' lang='lat'><strong>9</strong></span> <span class='ocrx_word' id='word_1_226' title='bbox 705 1537 712 1555; x_wconf 85' lang='lat'>:</span> <span class='ocrx_word' id='word_1_227' title='bbox 723 1528 876 1554; x_wconf 78' lang='grc' dir='ltr'><strong>Δαππσίων</strong></span> <span class='ocrx_word' id='word_1_228' title='bbox 891 1528 907 1562; x_wconf 82' lang='grc' dir='ltr'><strong>ἠ</strong></span> 
     </span>
    </p>
   </div>
   <div class='ocr_carea' id='block_1_35' title="bbox 122 1569 908 1605">
    <p class='ocr_par' dir='ltr' id='par_1_35' title="bbox 122 1569 908 1605">
     <span class='ocr_line' id='line_1_35' title="bbox 122 1569 908 1605; baseline -0.004 -7"><span class='ocrx_word' id='word_1_229' title='bbox 122 1572 199 1603; x_wconf 81' lang='grc' dir='ltr'>πόλις</span> <span class='ocrx_word' id='word_1_230' title='bbox 215 1571 260 1597; x_wconf 83' lang='grc' dir='ltr'><strong>τὸν</strong></span> <span class='ocrx_word' id='word_1_231' title='bbox 284 1570 398 1605; x_wconf 81' lang='grc' dir='ltr'><strong>Μάρκον</strong></span> <span class='ocrx_word' id='word_1_232' title='bbox 419 1570 552 1604; x_wconf 80' lang='grc' dir='ltr'>Δὺρήλιον</span> <span class='ocrx_word' id='word_1_233' title='bbox 572 1569 733 1604; x_wconf 74' lang='grc' dir='ltr'>Κλήσιππον</span> <span class='ocrx_word' id='word_1_234' title='bbox 750 1569 848 1604; x_wconf 77' lang='grc' dir='ltr'>τειμῆς</span> <span class='ocrx_word' id='word_1_235' title='bbox 861 1569 908 1595; x_wconf 77' lang='grc' dir='ltr'><strong>καὶ</strong></span> 
     </span>
    </p>
   </div>
   <div class='ocr_carea' id='block_1_36' title="bbox 124 1610 908 1648">
    <p class='ocr_par' dir='ltr' id='par_1_36' title="bbox 124 1610 908 1648">
     <span class='ocr_line' id='line_1_36' title="bbox 124 1610 908 1648; baseline -0.001 -9"><span class='ocrx_word' id='word_1_236' title='bbox 124 1612 236 1648; x_wconf 77' lang='grc' dir='ltr'><strong>μνήμης</strong></span> <span class='ocrx_word' id='word_1_237' title='bbox 255 1612 345 1646; x_wconf 78' lang='grc' dir='ltr'>χάριν.</span> <span class='ocrx_word' id='word_1_238' title='bbox 373 1610 420 1638; x_wconf 83' lang='lat' dir='ltr'><strong>Sic</strong></span> <span class='ocrx_word' id='word_1_239' title='bbox 435 1611 506 1638; x_wconf 86' lang='lat' dir='ltr'><strong>enim</strong></span> <span class='ocrx_word' id='word_1_240' title='bbox 531 1611 635 1645; x_wconf 76' lang='lat' dir='ltr'><strong>expleri</strong></span> <span class='ocrx_word' id='word_1_241' title='bbox 655 1611 718 1637; x_wconf 91' lang='lat' dir='ltr'><strong>illud</strong></span> <span class='ocrx_word' id='word_1_242' title='bbox 741 1611 908 1646; x_wconf 73' lang='lat' dir='ltr'><strong>epigramma</strong></span> 
     </span>
    </p>
   </div>
   <div class='ocr_carea' id='block_1_37' title="bbox 123 1651 908 1688">
    <p class='ocr_par' dir='ltr' id='par_1_37' title="bbox 123 1651 908 1688">
     <span class='ocr_line' id='line_1_37' title="bbox 123 1651 908 1688; baseline -0.004 -5"><span class='ocrx_word' id='word_1_243' title='bbox 123 1656 212 1685; x_wconf 83' lang='lat' dir='ltr'><strong>debet,</strong></span> <span class='ocrx_word' id='word_1_244' title='bbox 238 1659 268 1680; x_wconf 92' lang='lat' dir='ltr'><strong>ut</strong></span> <span class='ocrx_word' id='word_1_245' title='bbox 279 1653 460 1688; x_wconf 35' lang='lat' dir='ltr'><strong>,Maliillonius</strong></span> <span class='ocrx_word' id='word_1_246' title='bbox 483 1652 546 1679; x_wconf 83' lang='grc' dir='ltr'><strong>Ιιὶη.</strong></span> <span class='ocrx_word' id='word_1_247' title='bbox 562 1651 627 1679; x_wconf 81' lang='lat' dir='ltr'><strong>Ital.</strong></span> <span class='ocrx_word' id='word_1_248' title='bbox 640 1659 668 1686; x_wconf 93' lang='lat' dir='ltr'><strong>p.</strong></span> <span class='ocrx_word' id='word_1_249' title='bbox 687 1652 721 1680; x_wconf 74' lang='lat'><strong>23</strong></span> <span class='ocrx_word' id='word_1_250' title='bbox 738 1657 765 1679; x_wconf 89' lang='lat' dir='ltr'><strong>et</strong></span> <span class='ocrx_word' id='word_1_251' title='bbox 780 1652 908 1680; x_wconf 75' lang='lat' dir='ltr'><strong>Doniana:</strong></span> 
     </span>
    </p>
   </div>
   <div class='ocr_carea' id='block_1_38' title="bbox 125 1693 633 1729">
    <p class='ocr_par' dir='ltr' id='par_1_38' title="bbox 125 1693 633 1729">
     <span class='ocr_line' id='line_1_38' title="bbox 125 1693 633 1729; baseline -0.006 -6"><span class='ocrx_word' id='word_1_252' title='bbox 125 1694 251 1729; x_wconf 78' lang='lat' dir='ltr'><strong>Inscript.</strong></span> <span class='ocrx_word' id='word_1_253' title='bbox 267 1694 348 1720; x_wconf 70' lang='lat' dir='ltr'><strong>class.</strong></span> <span class='ocrx_word' id='word_1_254' title='bbox 366 1702 392 1725; x_wconf 92' lang='lat' dir='ltr'><strong>v,</strong></span> <span class='ocrx_word' id='word_1_255' title='bbox 412 1693 460 1719; x_wconf 80' lang='grc'><strong>176</strong></span> <span class='ocrx_word' id='word_1_256' title='bbox 475 1693 633 1721; x_wconf 87' lang='lat' dir='ltr'><strong>docuerunt.</strong></span> 
     </span>
    </p>
   </div>
   <div class='ocr_carea' id='block_1_39' title="bbox 159 1734 903 1770">
    <p class='ocr_par' dir='ltr' id='par_1_39' title="bbox 159 1734 903 1770">
     <span class='ocr_line' id='line_1_39' title="bbox 159 1734 903 1770; baseline -0.004 -6"><span class='ocrx_word' id='word_1_257' title='bbox 159 1736 225 1764; x_wconf 91' lang='lat' dir='ltr'><strong>Ibid.</strong></span> <span class='ocrx_word' id='word_1_258' title='bbox 245 1735 394 1762; x_wconf 66' lang='grc' dir='ltr'><strong>Κύδων-ἔα.</strong></span> <span class='ocrx_word' id='word_1_259' title='bbox 413 1734 548 1761; x_wconf 77' lang='grc' dir='ltr'><strong>Κυδωνία.</strong></span> <span class='ocrx_word' id='word_1_260' title='bbox 569 1734 696 1770; x_wconf 85' lang='lat' dir='ltr'><strong>Cydonea</strong></span> <span class='ocrx_word' id='word_1_261' title='bbox 722 1739 810 1762; x_wconf 82' lang='lat' dir='ltr'><strong>tamen</strong></span> <span class='ocrx_word' id='word_1_262' title='bbox 822 1734 903 1762; x_wconf 82' lang='lat' dir='ltr'><strong>I-‘loro</strong></span> 
     </span>
    </p>
   </div>
   <div class='ocr_carea' id='block_1_40' title="bbox 125 1775 907 1810">
    <p class='ocr_par' dir='ltr' id='par_1_40' title="bbox 125 1775 907 1810">
     <span class='ocr_line' id='line_1_40' title="bbox 125 1775 907 1810; baseline -0.005 -4"><span class='ocrx_word' id='word_1_263' title='bbox 125 1786 165 1810; x_wconf 88' lang='lat' dir='ltr'><strong>ut,</strong></span> <span class='ocrx_word' id='word_1_264' title='bbox 175 1778 203 1810; x_wconf 85' lang='lat'><strong>7,</strong></span> <span class='ocrx_word' id='word_1_265' title='bbox 215 1777 261 1804; x_wconf 90' lang='lat' dir='ltr'><strong>ubi</strong></span> <span class='ocrx_word' id='word_1_266' title='bbox 278 1776 412 1802; x_wconf 86' lang='lat' dir='ltr'><strong>Dukerum</strong></span> <span class='ocrx_word' id='word_1_267' title='bbox 424 1775 495 1807; x_wconf 89' lang='lat' dir='ltr'><strong>vide,</strong></span> <span class='ocrx_word' id='word_1_268' title='bbox 510 1780 537 1802; x_wconf 91' lang='lat' dir='ltr'><strong>et</strong></span> <span class='ocrx_word' id='word_1_269' title='bbox 551 1775 711 1803; x_wconf 71' lang='lat' dir='ltr'><strong>Ravennati.</strong></span> <span class='ocrx_word' id='word_1_270' title='bbox 728 1776 907 1808; x_wconf 79' lang='grc' dir='ltr'><strong>Κυδωνεάτας</strong></span> 
     </span>
    </p>
   </div>
   <div class='ocr_carea' id='block_1_41' title="bbox 125 1816 531 1850">
    <p class='ocr_par' dir='ltr' id='par_1_41' title="bbox 125 1816 531 1850">
     <span class='ocr_line' id='line_1_41' title="bbox 125 1816 531 1850; baseline -0.012 -3"><span class='ocrx_word' id='word_1_271' title='bbox 125 1820 207 1847; x_wconf 85' lang='lat' dir='ltr'><strong>habes</strong></span> <span class='ocrx_word' id='word_1_272' title='bbox 227 1818 253 1844; x_wconf 91' lang='lat' dir='ltr'><strong>in</strong></span> <span class='ocrx_word' id='word_1_273' title='bbox 268 1817 351 1844; x_wconf 84' lang='lat' dir='ltr'><strong>Dione</strong></span> <span class='ocrx_word' id='word_1_274' title='bbox 376 1824 413 1849; x_wconf 75' lang='grc' dir='ltr'><strong>ιι,</strong></span> <span class='ocrx_word' id='word_1_275' title='bbox 429 1823 456 1850; x_wconf 92' lang='lat' dir='ltr'><strong>p.</strong></span> <span class='ocrx_word' id='word_1_276' title='bbox 470 1816 531 1843; x_wconf 83' lang='lat'><strong>507.</strong></span> 
     </span>
    </p>
   </div>
   <div class='ocr_carea' id='block_1_42' title="bbox 158 1856 907 1889">
    <p class='ocr_par' dir='ltr' id='par_1_42' title="bbox 158 1856 907 1889">
     <span class='ocr_line' id='line_1_42' title="bbox 158 1856 907 1889; baseline -0.001 -2"><span class='ocrx_word' id='word_1_277' title='bbox 158 1859 226 1887; x_wconf 87' lang='lat' dir='ltr'><strong>Ibid.</strong></span> <span class='ocrx_word' id='word_1_278' title='bbox 250 1857 417 1888; x_wconf 82' lang='grc' dir='ltr'><strong>Καντανία,</strong></span> <span class='ocrx_word' id='word_1_279' title='bbox 445 1857 537 1884; x_wconf 85' lang='lat' dir='ltr'><strong>verius</strong></span> <span class='ocrx_word' id='word_1_280' title='bbox 551 1862 592 1884; x_wconf 89' lang='lat' dir='ltr'><strong>est</strong></span> <span class='ocrx_word' id='word_1_281' title='bbox 620 1857 770 1889; x_wconf 82' lang='grc' dir='ltr'>Κάντανος.</span> <span class='ocrx_word' id='word_1_282' title='bbox 798 1856 907 1886; x_wconf 73' lang='lat' dir='ltr'><strong>Tabulte</strong></span> 
     </span>
    </p>
   </div>
   <div class='ocr_carea' id='block_1_43' title="bbox 124 1898 908 1932">
    <p class='ocr_par' dir='ltr' id='par_1_43' title="bbox 124 1898 908 1932">
     <span class='ocr_line' id='line_1_43' title="bbox 124 1898 908 1932; baseline -0.004 -4"><span class='ocrx_word' id='word_1_283' title='bbox 124 1902 246 1929; x_wconf 87' lang='lat' dir='ltr'><strong>Cantano</strong></span> <span class='ocrx_word' id='word_1_284' title='bbox 260 1899 296 1926; x_wconf 79' lang='grc' dir='ltr'>Μ.</span> <span class='ocrx_word' id='word_1_285' title='bbox 306 1899 335 1925; x_wconf 87' lang='lat' dir='ltr'><strong>P.</strong></span> <span class='ocrx_word' id='word_1_286' title='bbox 351 1899 397 1930; x_wconf 58' lang='lat'><strong>‘24,</strong></span> <span class='ocrx_word' id='word_1_287' title='bbox 412 1898 529 1930; x_wconf 86' lang='lat' dir='ltr'><strong>Cisamo,</strong></span> <span class='ocrx_word' id='word_1_288' title='bbox 544 1899 649 1932; x_wconf 68' lang='lat' dir='ltr'><strong>Aptera:</strong></span> <span class='ocrx_word' id='word_1_289' title='bbox 661 1898 908 1926; x_wconf 81' lang='lat' dir='ltr'><strong>navali.Catamen-</strong></span> 
     </span>
    </p>
   </div>
   <div class='ocr_carea' id='block_1_44' title="bbox 125 1939 905 1977">
    <p class='ocr_par' dir='ltr' id='par_1_44' title="bbox 125 1939 905 1977">
     <span class='ocr_line' id='line_1_44' title="bbox 125 1939 905 1977; baseline -0.005 -6"><span class='ocrx_word' id='word_1_290' title='bbox 125 1945 161 1971; x_wconf 84' lang='lat' dir='ltr'><strong>sis</strong></span> <span class='ocrx_word' id='word_1_291' title='bbox 184 1943 325 1977; x_wconf 77' lang='lat' dir='ltr'><strong>episcopus</strong></span> <span class='ocrx_word' id='word_1_292' title='bbox 347 1944 387 1966; x_wconf 89' lang='lat' dir='ltr'><strong>est</strong></span> <span class='ocrx_word' id='word_1_293' title='bbox 402 1939 426 1966; x_wconf 87' lang='lat' dir='ltr'><strong>itt</strong></span> <span class='ocrx_word' id='word_1_294' title='bbox 449 1939 576 1974; x_wconf 81' lang='lat' dir='ltr'><strong>synodica</strong></span> <span class='ocrx_word' id='word_1_295' title='bbox 601 1939 769 1967; x_wconf 67' lang='lat' dir='ltr'><strong>Cretensium</strong></span> <span class='ocrx_word' id='word_1_296' title='bbox 793 1940 905 1974; x_wconf 87' lang='lat' dir='ltr'><strong>epistola</strong></span> 
     </span>
    </p>
   </div>
   <div class='ocr_carea' id='block_1_45' title="bbox 123 1980 907 2014">
    <p class='ocr_par' dir='ltr' id='par_1_45' title="bbox 123 1980 907 2014">
     <span class='ocr_line' id='line_1_45' title="bbox 123 1980 907 2014; baseline -0.003 -3"><span class='ocrx_word' id='word_1_297' title='bbox 123 1985 156 2011; x_wconf 90' lang='lat' dir='ltr'><strong>ad</strong></span> <span class='ocrx_word' id='word_1_298' title='bbox 173 1983 287 2010; x_wconf 80' lang='lat' dir='ltr'><strong>Leonem</strong></span> <span class='ocrx_word' id='word_1_299' title='bbox 309 1982 499 2014; x_wconf 82' lang='lat' dir='ltr'><strong>imperatorem</strong></span> <span class='ocrx_word' id='word_1_300' title='bbox 517 1989 524 2013; x_wconf 93' lang='lat'>;</span> <span class='ocrx_word' id='word_1_301' title='bbox 539 1988 572 2007; x_wconf 80' lang='lat' dir='ltr'><strong>ex</strong></span> <span class='ocrx_word' id='word_1_302' title='bbox 588 1987 639 2014; x_wconf 87' lang='lat' dir='ltr'><strong>qua</strong></span> <span class='ocrx_word' id='word_1_303' title='bbox 651 1980 837 2009; x_wconf 84' lang='lat' dir='ltr'><strong>Cisameusem</strong></span> <span class='ocrx_word' id='word_1_304' title='bbox 856 1981 907 2009; x_wconf 86' lang='lat' dir='ltr'><strong>Ca-</strong></span> 
     </span>
    </p>
   </div>
   <div class='ocr_carea' id='block_1_46' title="bbox 125 2021 904 2052">
    <p class='ocr_par' dir='ltr' id='par_1_46' title="bbox 125 2021 904 2052">
     <span class='ocr_line' id='line_1_46' title="bbox 125 2021 904 2052; baseline -0.003 0"><span class='ocrx_word' id='word_1_305' title='bbox 125 2026 197 2052; x_wconf 88' lang='lat' dir='ltr'><strong>rolus</strong></span> <span class='ocrx_word' id='word_1_306' title='bbox 211 2031 225 2050; x_wconf 93' lang='lat' dir='ltr'><strong>a</strong></span> <span class='ocrx_word' id='word_1_307' title='bbox 241 2022 363 2050; x_wconf 89' lang='lat' dir='ltr'><strong>S.Paulo</strong></span> <span class='ocrx_word' id='word_1_308' title='bbox 378 2021 454 2052; x_wconf 83' lang='lat' dir='ltr'><strong>facit,</strong></span> <span class='ocrx_word' id='word_1_309' title='bbox 470 2028 531 2048; x_wconf 88' lang='lat' dir='ltr'><strong>cum</strong></span> <span class='ocrx_word' id='word_1_310' title='bbox 544 2021 743 2049; x_wconf 85' lang='lat' dir='ltr'><strong>Cantanensem</strong></span> <span class='ocrx_word' id='word_1_311' title='bbox 760 2022 904 2050; x_wconf 83' lang='lat' dir='ltr'><strong>debuisset.</strong></span> 
     </span>
    </p>
   </div>
   <div class='ocr_carea' id='block_1_47' title="bbox 158 2062 906 2098">
    <p class='ocr_par' dir='ltr' id='par_1_47' title="bbox 158 2062 906 2098">
     <span class='ocr_line' id='line_1_47' title="bbox 158 2062 906 2098; baseline 0 -6"><span class='ocrx_word' id='word_1_312' title='bbox 158 2066 224 2094; x_wconf 87' lang='lat' dir='ltr'><strong>Ibid.</strong></span> <span class='ocrx_word' id='word_1_313' title='bbox 245 2064 384 2098; x_wconf 76' lang='grc' dir='ltr'><strong>Ἔλυρος.</strong></span> <span class='ocrx_word' id='word_1_314' title='bbox 416 2063 550 2090; x_wconf 75' lang='lat' dir='ltr'><strong>Montibus</strong></span> <span class='ocrx_word' id='word_1_315' title='bbox 570 2062 653 2091; x_wconf 78' lang='lat' dir='ltr'><strong>fui5se</strong></span> <span class='ocrx_word' id='word_1_316' title='bbox 670 2064 818 2092; x_wconf 83' lang='lat' dir='ltr'><strong>Incinctam</strong></span> <span class='ocrx_word' id='word_1_317' title='bbox 833 2064 906 2092; x_wconf 89' lang='lat' dir='ltr'><strong>Pau-</strong></span> 
     </span>
    </p>
   </div>
   <div class='ocr_carea' id='block_1_48' title="bbox 125 2103 907 2140">
    <p class='ocr_par' dir='ltr' id='par_1_48' title="bbox 125 2103 907 2140">
     <span class='ocr_line' id='line_1_48' title="bbox 125 2103 907 2140; baseline -0.001 -5"><span class='ocrx_word' id='word_1_318' title='bbox 125 2109 215 2136; x_wconf 87' lang='lat' dir='ltr'><strong>sanias</strong></span> <span class='ocrx_word' id='word_1_319' title='bbox 247 2105 360 2132; x_wconf 85' lang='lat' dir='ltr'><strong>Pbocic.</strong></span> <span class='ocrx_word' id='word_1_320' title='bbox 378 2103 411 2131; x_wconf 86' lang='grc'>16</span> <span class='ocrx_word' id='word_1_321' title='bbox 429 2103 519 2131; x_wconf 85' lang='lat' dir='ltr'><strong>docet.</strong></span> <span class='ocrx_word' id='word_1_322' title='bbox 530 2103 662 2140; x_wconf 85' lang='lat' dir='ltr'><strong>Joannem</strong></span> <span class='ocrx_word' id='word_1_323' title='bbox 682 2104 828 2133; x_wconf 80' lang='lat' dir='ltr'><strong>Meursium</strong></span> <span class='ocrx_word' id='word_1_324' title='bbox 842 2106 907 2134; x_wconf 77' lang='lat' dir='ltr'><strong>Cre-</strong></span> 
     </span>
    </p>
   </div>
   <div class='ocr_carea' id='block_1_49' title="bbox 124 2147 317 2181">
    <p class='ocr_par' dir='ltr' id='par_1_49' title="bbox 124 2147 317 2181">
     <span class='ocr_line' id='line_1_49' title="bbox 124 2147 317 2181; baseline -0.021 -5"><span class='ocrx_word' id='word_1_325' title='bbox 124 2154 156 2176; x_wconf 74' lang='lat' dir='ltr'><strong>ta:</strong></span> <span class='ocrx_word' id='word_1_326' title='bbox 169 2157 188 2181; x_wconf 85' lang='grc' dir='ltr'><strong>ι,</strong></span> <span class='ocrx_word' id='word_1_327' title='bbox 206 2149 233 2179; x_wconf 87' lang='lat'><strong>9,</strong></span> <span class='ocrx_word' id='word_1_328' title='bbox 248 2147 317 2174; x_wconf 68' lang='lat' dir='ltr'><strong>vide.</strong></span> 
     </span>
    </p>
   </div>
   <div class='ocr_carea' id='block_1_50' title="bbox 159 2185 904 2224">
    <p class='ocr_par' dir='ltr' id='par_1_50' title="bbox 159 2185 904 2224">
     <span class='ocr_line' id='line_1_50' title="bbox 159 2185 904 2224; baseline -0.001 -7"><span class='ocrx_word' id='word_1_329' title='bbox 159 2191 227 2218; x_wconf 86' lang='lat' dir='ltr'><strong>Ibid.</strong></span> <span class='ocrx_word' id='word_1_330' title='bbox 257 2188 383 2219; x_wconf 80' lang='grc' dir='ltr'>Λίσσος.</span> <span class='ocrx_word' id='word_1_331' title='bbox 420 2185 535 2213; x_wconf 84' lang='lat' dir='ltr'><strong>Iloccine</strong></span> <span class='ocrx_word' id='word_1_332' title='bbox 551 2194 584 2213; x_wconf 90' lang='lat' dir='ltr'><strong>an</strong></span> <span class='ocrx_word' id='word_1_333' title='bbox 601 2187 706 2219; x_wconf 82' lang='grc' dir='ltr'>Λάσσος</span> <span class='ocrx_word' id='word_1_334' title='bbox 730 2189 904 2224; x_wconf 81' lang='lat' dir='ltr'><strong>amplectare,</strong></span> 
     </span>
    </p>
   </div>
   <div class='ocr_carea' id='block_1_51' title="bbox 125 2227 905 2260">
    <p class='ocr_par' dir='ltr' id='par_1_51' title="bbox 125 2227 905 2260">
     <span class='ocr_line' id='line_1_51' title="bbox 125 2227 905 2260; baseline -0.001 0"><span class='ocrx_word' id='word_1_335' title='bbox 125 2232 239 2260; x_wconf 87' lang='lat' dir='ltr'><strong>dubites.</strong></span> <span class='ocrx_word' id='word_1_336' title='bbox 277 2229 379 2255; x_wconf 83' lang='lat' dir='ltr'><strong>Plinius</strong></span> <span class='ocrx_word' id='word_1_337' title='bbox 400 2235 437 2260; x_wconf 94' lang='lat' dir='ltr'><strong>tv,</strong></span> <span class='ocrx_word' id='word_1_338' title='bbox 459 2228 502 2254; x_wconf 79' lang='lat' dir='ltr'><strong>I2.</strong></span> <span class='ocrx_word' id='word_1_339' title='bbox 531 2227 619 2256; x_wconf 88' lang='lat' dir='ltr'><strong>Lason</strong></span> <span class='ocrx_word' id='word_1_340' title='bbox 643 2229 669 2256; x_wconf 89' lang='lat' dir='ltr'><strong>in</strong></span> <span class='ocrx_word' id='word_1_341' title='bbox 708 2231 905 2260; x_wconf 85' lang='lat' dir='ltr'><strong>mediterraneo</strong></span> 
     </span>
    </p>
   </div>
   <div class='ocr_carea' id='block_1_52' title="bbox 126 2267 905 2308">
    <p class='ocr_par' dir='ltr' id='par_1_52' title="bbox 126 2267 905 2308">
     <span class='ocr_line' id='line_1_52' title="bbox 126 2267 905 2308; baseline -0.001 -8"><span class='ocrx_word' id='word_1_342' title='bbox 126 2273 200 2308; x_wconf 88' lang='lat' dir='ltr'><strong>ponit</strong></span> <span class='ocrx_word' id='word_1_343' title='bbox 219 2270 313 2298; x_wconf 69' lang='lat' dir='ltr'><strong>insulze</strong></span> <span class='ocrx_word' id='word_1_344' title='bbox 328 2272 415 2295; x_wconf 81' lang='lat' dir='ltr'><strong>tractu</strong></span> <span class='ocrx_word' id='word_1_345' title='bbox 429 2277 436 2300; x_wconf 85' lang='lat'>;</span> <span class='ocrx_word' id='word_1_346' title='bbox 452 2267 558 2295; x_wconf 88' lang='lat' dir='ltr'><strong>Lissum</strong></span> <span class='ocrx_word' id='word_1_347' title='bbox 575 2268 736 2298; x_wconf 78' lang='lat' dir='ltr'><strong>Ptolemams</strong></span> <span class='ocrx_word' id='word_1_348' title='bbox 753 2271 778 2298; x_wconf 92' lang='lat' dir='ltr'><strong>in</strong></span> <span class='ocrx_word' id='word_1_349' title='bbox 793 2273 905 2300; x_wconf 82' lang='lat' dir='ltr'><strong>australi</strong></span> 
     </span>
    </p>
   </div>
   <div class='ocr_carea' id='block_1_53' title="bbox 125 2308 907 2347">
    <p class='ocr_par' dir='ltr' id='par_1_53' title="bbox 125 2308 907 2347">
     <span class='ocr_line' id='line_1_53' title="bbox 125 2308 907 2347; baseline 0.009 -13"><span class='ocrx_word' id='word_1_350' title='bbox 125 2314 211 2341; x_wconf 65' lang='grc' dir='ltr'><strong>οτριω</strong></span> <span class='ocrx_word' id='word_1_351' title='bbox 226 2316 312 2347; x_wconf 75' lang='lat' dir='ltr'><strong>parte,</strong></span> <span class='ocrx_word' id='word_1_352' title='bbox 328 2317 386 2344; x_wconf 80' lang='lat' dir='ltr'><strong>qua:</strong></span> <span class='ocrx_word' id='word_1_353' title='bbox 399 2308 509 2335; x_wconf 74' lang='lat' dir='ltr'><strong>Tabulae</strong></span> <span class='ocrx_word' id='word_1_354' title='bbox 523 2308 557 2336; x_wconf 85' lang='grc' dir='ltr'><strong>Μ.</strong></span> <span class='ocrx_word' id='word_1_355' title='bbox 575 2309 605 2337; x_wconf 85' lang='grc' dir='ltr'><strong>Ρ.</strong></span> <span class='ocrx_word' id='word_1_356' title='bbox 621 2310 665 2343; x_wconf 86' lang='grc'><strong>16,</strong></span> <span class='ocrx_word' id='word_1_357' title='bbox 680 2319 694 2337; x_wconf 89' lang='lat' dir='ltr'><strong>a</strong></span> <span class='ocrx_word' id='word_1_358' title='bbox 708 2311 828 2339; x_wconf 79' lang='lat' dir='ltr'><strong>Cantano</strong></span> <span class='ocrx_word' id='word_1_359' title='bbox 843 2312 907 2341; x_wconf 89' lang='lat' dir='ltr'><strong>Liso</strong></span> 
     </span>
    </p>
   </div>
   <div class='ocr_carea' id='block_1_54' title="bbox 126 2350 904 2387">
    <p class='ocr_par' dir='ltr' id='par_1_54' title="bbox 126 2350 904 2387">
     <span class='ocr_line' id='line_1_54' title="bbox 126 2350 904 2387; baseline -0.001 -5"><span class='ocrx_word' id='word_1_360' title='bbox 126 2356 232 2382; x_wconf 85' lang='lat' dir='ltr'><strong>dicitur.</strong></span> <span class='ocrx_word' id='word_1_361' title='bbox 258 2353 345 2386; x_wconf 88' lang='lat' dir='ltr'><strong>Atque</strong></span> <span class='ocrx_word' id='word_1_362' title='bbox 366 2351 422 2377; x_wconf 61' lang='lat' dir='ltr'><strong>haec</strong></span> <span class='ocrx_word' id='word_1_363' title='bbox 439 2350 526 2384; x_wconf 85' lang='lat' dir='ltr'><strong>potior</strong></span> <span class='ocrx_word' id='word_1_364' title='bbox 540 2351 603 2384; x_wconf 83' lang='lat' dir='ltr'><strong>erit,</strong></span> <span class='ocrx_word' id='word_1_365' title='bbox 623 2357 677 2378; x_wconf 89' lang='lat' dir='ltr'><strong>tum</strong></span> <span class='ocrx_word' id='word_1_366' title='bbox 694 2354 766 2387; x_wconf 89' lang='lat' dir='ltr'><strong>quod</strong></span> <span class='ocrx_word' id='word_1_367' title='bbox 784 2354 904 2381; x_wconf 86' lang='lat' dir='ltr'><strong>Pliniana</strong></span> 
     </span>
    </p>
   </div>
   <div class='ocr_carea' id='block_1_55' title="bbox 126 2391 904 2429">
    <p class='ocr_par' dir='ltr' id='par_1_55' title="bbox 126 2391 904 2429">
     <span class='ocr_line' id='line_1_55' title="bbox 126 2391 904 2429; baseline -0.001 -6"><span class='ocrx_word' id='word_1_368' title='bbox 126 2396 206 2423; x_wconf 82' lang='lat' dir='ltr'><strong>Lasos</strong></span> <span class='ocrx_word' id='word_1_369' title='bbox 228 2394 264 2422; x_wconf 85' lang='lat' dir='ltr'><strong>sit</strong></span> <span class='ocrx_word' id='word_1_370' title='bbox 286 2391 488 2424; x_wconf 83' lang='lat' dir='ltr'><strong>obscurissima,</strong></span> <span class='ocrx_word' id='word_1_371' title='bbox 513 2396 566 2418; x_wconf 78' lang='lat' dir='ltr'><strong>tum</strong></span> <span class='ocrx_word' id='word_1_372' title='bbox 589 2394 671 2420; x_wconf 88' lang='lat' dir='ltr'><strong>etiam</strong></span> <span class='ocrx_word' id='word_1_373' title='bbox 689 2395 759 2429; x_wconf 90' lang='lat' dir='ltr'><strong>quod</strong></span> <span class='ocrx_word' id='word_1_374' title='bbox 775 2395 904 2422; x_wconf 85' lang='grc' dir='ltr'>ὁΛίσσου</span> 
     </span>
    </p>
   </div>
   <div class='ocr_carea' id='block_1_56' title="bbox 125 2432 903 2472">
    <p class='ocr_par' dir='ltr' id='par_1_56' title="bbox 125 2432 903 2472">
     <span class='ocr_line' id='line_1_56' title="bbox 125 2432 903 2472; baseline 0.001 -7"><span class='ocrx_word' id='word_1_375' title='bbox 125 2438 264 2472; x_wconf 84' lang='lat' dir='ltr'><strong>episcopus</strong></span> <span class='ocrx_word' id='word_1_376' title='bbox 285 2439 312 2462; x_wconf 87' lang='lat' dir='ltr'><strong>et</strong></span> <span class='ocrx_word' id='word_1_377' title='bbox 325 2433 385 2460; x_wconf 85' lang='lat' dir='ltr'><strong>aliis</strong></span> <span class='ocrx_word' id='word_1_378' title='bbox 399 2432 462 2460; x_wconf 88' lang='lat' dir='ltr'><strong>insit</strong></span> <span class='ocrx_word' id='word_1_379' title='bbox 488 2432 608 2461; x_wconf 74' lang='lat' dir='ltr'><strong>Noliliis.</strong></span> <span class='ocrx_word' id='word_1_380' title='bbox 635 2436 710 2463; x_wconf 86' lang='lat' dir='ltr'><strong>Adde</strong></span> <span class='ocrx_word' id='word_1_381' title='bbox 740 2436 851 2465; x_wconf 85' lang='lat' dir='ltr'><strong>Scholia</strong></span> <span class='ocrx_word' id='word_1_382' title='bbox 877 2439 903 2466; x_wconf 91' lang='lat' dir='ltr'><strong>in</strong></span> 
     </span>
    </p>
   </div>
   <div class='ocr_carea' id='block_1_57' title="bbox 126 2475 350 2512">
    <p class='ocr_par' dir='ltr' id='par_1_57' title="bbox 126 2475 350 2512">
     <span class='ocr_line' id='line_1_57' title="bbox 126 2475 350 2512; baseline -0.018 -6"><span class='ocrx_word' id='word_1_383' title='bbox 126 2478 220 2512; x_wconf 73' lang='lat' dir='ltr'><strong>Odyss.</strong></span> <span class='ocrx_word' id='word_1_384' title='bbox 237 2479 272 2509; x_wconf 89' lang='lat' dir='ltr'><strong>l‘,</strong></span> <span class='ocrx_word' id='word_1_385' title='bbox 288 2475 350 2502; x_wconf 68' lang='lat'><strong>293.</strong></span> 
     </span>
    </p>
   </div>
   <div class='ocr_carea' id='block_1_58' title="bbox 156 2518 904 2553">
    <p class='ocr_par' dir='ltr' id='par_1_58' title="bbox 156 2518 904 2553">
     <span class='ocr_line' id='line_1_58' title="bbox 156 2518 904 2553; baseline 0.005 -7"><span class='ocrx_word' id='word_1_386' title='bbox 156 2519 225 2547; x_wconf 87' lang='lat' dir='ltr'><strong>Ibid.</strong></span> <span class='ocrx_word' id='word_1_387' title='bbox 262 2518 394 2553; x_wconf 60' lang='grc' dir='ltr'><strong>φοινήκη</strong></span> <span class='ocrx_word' id='word_1_388' title='bbox 427 2519 492 2553; x_wconf 78' lang='grc' dir='ltr'>ἤτοι</span> <span class='ocrx_word' id='word_1_389' title='bbox 520 2518 674 2552; x_wconf 80' lang='grc' dir='ltr'><strong>Ἀραδένα.</strong></span> <span class='ocrx_word' id='word_1_390' title='bbox 719 2518 757 2546; x_wconf 88' lang='lat' dir='ltr'><strong>Ita</strong></span> <span class='ocrx_word' id='word_1_391' title='bbox 777 2528 843 2549; x_wconf 87' lang='lat' dir='ltr'><strong>mss.</strong></span> <span class='ocrx_word' id='word_1_392' title='bbox 874 2527 904 2550; x_wconf 92' lang='lat' dir='ltr'><strong>ut</strong></span> 
     </span>
    </p>
   </div>
   <div class='ocr_carea' id='block_1_59' title="bbox 127 2561 904 2595">
    <p class='ocr_par' dir='ltr' id='par_1_59' title="bbox 127 2561 904 2595">
     <span class='ocr_line' id='line_1_59' title="bbox 127 2561 904 2595; baseline 0.003 -6"><span class='ocrx_word' id='word_1_393' title='bbox 127 2561 292 2590; x_wconf 74' lang='lat' dir='ltr'><strong>Ilolsteinius</strong></span> <span class='ocrx_word' id='word_1_394' title='bbox 320 2561 468 2588; x_wconf 86' lang='lat' dir='ltr'><strong>admonuit.</strong></span> <span class='ocrx_word' id='word_1_395' title='bbox 486 2561 513 2588; x_wconf 92' lang='lat' dir='ltr'><strong>in</strong></span> <span class='ocrx_word' id='word_1_396' title='bbox 528 2561 641 2592; x_wconf 82' lang='lat' dir='ltr'><strong>Notitia,</strong></span> <span class='ocrx_word' id='word_1_397' title='bbox 659 2568 740 2595; x_wconf 90' lang='lat' dir='ltr'><strong>quatn</strong></span> <span class='ocrx_word' id='word_1_398' title='bbox 758 2561 814 2589; x_wconf 87' lang='lat' dir='ltr'><strong>Jac.</strong></span> <span class='ocrx_word' id='word_1_399' title='bbox 832 2563 904 2591; x_wconf 86' lang='lat' dir='ltr'><strong>Coar</strong></span> 
     </span>
    </p>
   </div>
   <div class='ocr_carea' id='block_1_60' title="bbox 127 2602 904 2638">
    <p class='ocr_par' dir='ltr' id='par_1_60' title="bbox 127 2602 904 2638">
     <span class='ocr_line' id='line_1_60' title="bbox 127 2602 904 2638; baseline 0.004 -8"><span class='ocrx_word' id='word_1_400' title='bbox 127 2603 279 2638; x_wconf 78' lang='lat' dir='ltr'><strong>publicavit,</strong></span> <span class='ocrx_word' id='word_1_401' title='bbox 289 2603 302 2628; x_wconf 84' lang='grc' dir='ltr'>ὁ</span> <span class='ocrx_word' id='word_1_402' title='bbox 315 2603 448 2637; x_wconf 80' lang='grc' dir='ltr'>Φοινήκης</span> <span class='ocrx_word' id='word_1_403' title='bbox 459 2603 517 2638; x_wconf 70' lang='grc' dir='ltr'>ἦτοι</span> <span class='ocrx_word' id='word_1_404' title='bbox 539 2602 679 2637; x_wconf 82' lang='grc' dir='ltr'><strong>’Λριάδνης</strong></span> <span class='ocrx_word' id='word_1_405' title='bbox 693 2604 787 2637; x_wconf 68' lang='lat' dir='ltr'><strong>praesul</strong></span> <span class='ocrx_word' id='word_1_406' title='bbox 799 2607 904 2634; x_wconf 60' lang='lat' dir='ltr'><strong>castoris</strong></span> 
     </span>
    </p>
   </div>
   <div class='ocr_carea' id='block_1_61' title="bbox 125 2644 904 2678">
    <p class='ocr_par' dir='ltr' id='par_1_61' title="bbox 125 2644 904 2678">
     <span class='ocr_line' id='line_1_61' title="bbox 125 2644 904 2678; baseline 0.001 -5"><span class='ocrx_word' id='word_1_407' title='bbox 125 2645 289 2673; x_wconf 85' lang='lat' dir='ltr'><strong>Cretensium</strong></span> <span class='ocrx_word' id='word_1_408' title='bbox 309 2649 466 2672; x_wconf 87' lang='lat' dir='ltr'><strong>accensetur</strong></span> <span class='ocrx_word' id='word_1_409' title='bbox 482 2653 490 2672; x_wconf 88' lang='lat'><strong>:</strong></span> <span class='ocrx_word' id='word_1_410' title='bbox 506 2645 550 2678; x_wconf 85' lang='lat' dir='ltr'><strong>qui</strong></span> <span class='ocrx_word' id='word_1_411' title='bbox 566 2652 625 2671; x_wconf 87' lang='lat' dir='ltr'><strong>curn</strong></span> <span class='ocrx_word' id='word_1_412' title='bbox 642 2644 706 2672; x_wconf 90' lang='lat' dir='ltr'><strong>vitio</strong></span> <span class='ocrx_word' id='word_1_413' title='bbox 721 2645 755 2672; x_wconf 93' lang='lat' dir='ltr'><strong>sit</strong></span> <span class='ocrx_word' id='word_1_414' title='bbox 770 2645 904 2674; x_wconf 78' lang='lat' dir='ltr'><strong>deforma-</strong></span> 
     </span>
    </p>
   </div>
   <div class='ocr_carea' id='block_1_62' title="bbox 125 2685 903 2724">
    <p class='ocr_par' dir='ltr' id='par_1_62' title="bbox 125 2685 903 2724">
     <span class='ocr_line' id='line_1_62' title="bbox 125 2685 903 2724; baseline 0 -10"><span class='ocrx_word' id='word_1_415' title='bbox 125 2693 178 2720; x_wconf 85' lang='lat' dir='ltr'><strong>tus,</strong></span> <span class='ocrx_word' id='word_1_416' title='bbox 216 2694 310 2721; x_wconf 86' lang='lat' dir='ltr'><strong>parum</strong></span> <span class='ocrx_word' id='word_1_417' title='bbox 347 2686 461 2720; x_wconf 82' lang='lat' dir='ltr'><strong>juvcrit.</strong></span> <span class='ocrx_word' id='word_1_418' title='bbox 487 2685 584 2714; x_wconf 84' lang='lat' dir='ltr'><strong>Fuisse</strong></span> <span class='ocrx_word' id='word_1_419' title='bbox 610 2691 677 2721; x_wconf 89' lang='lat' dir='ltr'><strong>puto</strong></span> <span class='ocrx_word' id='word_1_420' title='bbox 707 2687 817 2723; x_wconf 80' lang='grc' dir='ltr'>Φοινίκη</span> <span class='ocrx_word' id='word_1_421' title='bbox 843 2690 903 2724; x_wconf 78' lang='grc' dir='ltr'>ἦτοι</span> 
     </span>
    </p>
   </div>
   <div class='ocr_carea' id='block_1_63' title="bbox 125 2727 903 2764">
    <p class='ocr_par' dir='ltr' id='par_1_63' title="bbox 125 2727 903 2764">
     <span class='ocr_line' id='line_1_63' title="bbox 125 2727 903 2764; baseline 0.003 -9"><span class='ocrx_word' id='word_1_422' title='bbox 125 2729 249 2763; x_wconf 79' lang='grc' dir='ltr'><strong>Ἀραδὴν,</strong></span> <span class='ocrx_word' id='word_1_423' title='bbox 266 2735 348 2763; x_wconf 84' lang='lat' dir='ltr'><strong>quam</strong></span> <span class='ocrx_word' id='word_1_424' title='bbox 375 2728 551 2761; x_wconf 83' lang='lat' dir='ltr'><strong>posteriorem</strong></span> <span class='ocrx_word' id='word_1_425' title='bbox 578 2727 732 2762; x_wconf 84' lang='lat' dir='ltr'><strong>Stephanus</strong></span> <span class='ocrx_word' id='word_1_426' title='bbox 757 2731 903 2764; x_wconf 78' lang='lat' dir='ltr'><strong>agnoscit;</strong></span> 
     </span>
    </p>
   </div>
   <div class='ocr_carea' id='block_1_64' title="bbox 123 2768 904 2806">
    <p class='ocr_par' dir='ltr' id='par_1_64' title="bbox 123 2768 904 2806">
     <span class='ocr_line' id='line_1_64' title="bbox 123 2768 904 2806; baseline 0.001 -9"><span class='ocrx_word' id='word_1_427' title='bbox 123 2770 244 2806; x_wconf 80' lang='grc' dir='ltr'><strong>’Δραδὴν,</strong></span> <span class='ocrx_word' id='word_1_428' title='bbox 280 2770 379 2802; x_wconf 90' lang='lat' dir='ltr'><strong>inqttit,</strong></span> <span class='ocrx_word' id='word_1_429' title='bbox 406 2768 483 2800; x_wconf 85' lang='grc' dir='ltr'><strong>πόλις</strong></span> <span class='ocrx_word' id='word_1_430' title='bbox 505 2769 628 2804; x_wconf 80' lang='grc' dir='ltr'><strong>Κρήτης,</strong></span> <span class='ocrx_word' id='word_1_431' title='bbox 643 2769 660 2804; x_wconf 86' lang='grc' dir='ltr'>ἢ</span> <span class='ocrx_word' id='word_1_432' title='bbox 681 2770 728 2796; x_wconf 80' lang='grc' dir='ltr'><strong>καὶ</strong></span> <span class='ocrx_word' id='word_1_433' title='bbox 755 2770 904 2806; x_wconf 74' lang='grc' dir='ltr'><strong>Ἂνώπο).ις</strong></span> 
     </span>
    </p>
   </div>
   <div class='ocr_carea' id='block_1_65' title="bbox 123 2807 905 2846">
    <p class='ocr_par' dir='ltr' id='par_1_65' title="bbox 123 2807 905 2846">
     <span class='ocr_line' id='line_1_65' title="bbox 123 2807 905 2846; baseline 0.001 -7"><span class='ocrx_word' id='word_1_434' title='bbox 123 2812 228 2846; x_wconf 77' lang='grc' dir='ltr'><strong>λέγεται</strong></span> <span class='ocrx_word' id='word_1_435' title='bbox 245 2809 289 2837; x_wconf 80' lang='grc' dir='ltr'>διὰ</span> <span class='ocrx_word' id='word_1_436' title='bbox 301 2809 331 2836; x_wconf 83' lang='grc' dir='ltr'><strong><em>τὸ</em></strong></span> <span class='ocrx_word' id='word_1_437' title='bbox 347 2807 417 2836; x_wconf 78' lang='grc' dir='ltr'>εἴναι</span> <span class='ocrx_word' id='word_1_438' title='bbox 440 2810 505 2836; x_wconf 78' lang='grc' dir='ltr'><strong>ἄνω.</strong></span> <span class='ocrx_word' id='word_1_439' title='bbox 533 2812 567 2836; x_wconf 86' lang='lat' dir='ltr'><strong>de</strong></span> <span class='ocrx_word' id='word_1_440' title='bbox 586 2810 714 2837; x_wconf 67' lang='lat' dir='ltr'><strong>Phoenice</strong></span> <span class='ocrx_word' id='word_1_441' title='bbox 736 2818 778 2838; x_wconf 89' lang='lat' dir='ltr'><strong>res</strong></span> <span class='ocrx_word' id='word_1_442' title='bbox 793 2812 845 2838; x_wconf 84' lang='lat' dir='ltr'><strong>alia</strong></span> <span class='ocrx_word' id='word_1_443' title='bbox 862 2817 905 2840; x_wconf 64' lang='lat' dir='ltr'><strong>est</strong></span> 
     </span>
    </p>
   </div>
   <div class='ocr_carea' id='block_1_66' title="bbox 124 2850 899 2890">
    <p class='ocr_par' dir='ltr' id='par_1_66' title="bbox 124 2850 899 2890">
     <span class='ocr_line' id='line_1_66' title="bbox 124 2850 899 2890; baseline -0.001 -10"><span class='ocrx_word' id='word_1_444' title='bbox 124 2860 163 2881; x_wconf 72' lang='lat' dir='ltr'><strong>VII</strong></span> <span class='ocrx_word' id='word_1_445' title='bbox 187 2852 250 2880; x_wconf 78' lang='lat' dir='ltr'><strong>alibi</strong></span> <span class='ocrx_word' id='word_1_446' title='bbox 275 2851 365 2878; x_wconf 87' lang='lat' dir='ltr'><strong>obvia.</strong></span> <span class='ocrx_word' id='word_1_447' title='bbox 382 2850 428 2877; x_wconf 80' lang='lat' dir='ltr'><strong>Est</strong></span> <span class='ocrx_word' id='word_1_448' title='bbox 442 2850 467 2877; x_wconf 83' lang='lat' dir='ltr'><strong>iit</strong></span> <span class='ocrx_word' id='word_1_449' title='bbox 488 2855 562 2884; x_wconf 80' lang='lat' dir='ltr'><strong>parte</strong></span> <span class='ocrx_word' id='word_1_450' title='bbox 585 2851 678 2880; x_wconf 69' lang='lat' dir='ltr'><strong>insulare</strong></span> <span class='ocrx_word' id='word_1_451' title='bbox 697 2853 806 2881; x_wconf 76' lang='lat' dir='ltr'><strong>australi</strong></span> <span class='ocrx_word' id='word_1_452' title='bbox 830 2857 899 2890; x_wconf 75' lang='lat' dir='ltr'><strong>apud</strong></span> 
     </span>
    </p>
   </div>
   <div class='ocr_carea' id='block_1_67' title="bbox 279 2897 605 2929">
    <p class='ocr_par' dir='ltr' id='par_1_67' title="bbox 279 2897 605 2929">
     <span class='ocr_line' id='line_1_67' title="bbox 279 2897 605 2929; baseline -0.006 0"><span class='ocrx_word' id='word_1_453' title='bbox 279 2898 414 2929; x_wconf 75' lang='grc' dir='ltr'><strong>ΡΑι-ιιοι,</strong></span> <span class='ocrx_word' id='word_1_454' title='bbox 431 2897 488 2927; x_wconf 87' lang='lat' dir='ltr'><strong>Gn.</strong></span> <span class='ocrx_word' id='word_1_455' title='bbox 502 2897 605 2928; x_wconf 82' lang='lat' dir='ltr'><strong>CXIII.</strong></span> 
     </span>
    </p>
   </div>
   <div class='ocr_carea' id='block_1_68' title="bbox 526 147 1304 182">
    <p class='ocr_par' dir='ltr' id='par_1_68' title="bbox 526 147 1304 182">
     <span class='ocr_line' id='line_1_68' title="bbox 526 147 1304 182; baseline 0.004 -6"><span class='ocrx_word' id='word_1_456' title='bbox 526 147 721 177; x_wconf 84' lang='lat' dir='ltr'><strong>COMMENT.</strong></span> <span class='ocrx_word' id='word_1_457' title='bbox 744 147 785 178; x_wconf 85' lang='lat' dir='ltr'><strong>IN</strong></span> <span class='ocrx_word' id='word_1_458' title='bbox 804 148 1011 181; x_wconf 75' lang='lat' dir='ltr'><strong>HIEROCLIS</strong></span> <span class='ocrx_word' id='word_1_459' title='bbox 1032 150 1304 182; x_wconf 80' lang='lat' dir='ltr'><strong>SYNECDEMUM.</strong></span> 
     </span>
    </p>
   </div>
   <div class='ocr_carea' id='block_1_69' title="bbox 956 201 1739 238">
    <p class='ocr_par' dir='ltr' id='par_1_69' title="bbox 956 201 1739 238">
     <span class='ocr_line' id='line_1_69' title="bbox 956 201 1739 238; baseline -0.001 -10"><span class='ocrx_word' id='word_1_460' title='bbox 956 201 1129 230; x_wconf 78' lang='lat' dir='ltr'><strong>Ptolemaeum</strong></span> <span class='ocrx_word' id='word_1_461' title='bbox 1145 203 1244 237; x_wconf 76' lang='grc' dir='ltr'>Φοῖνιξ,</span> <span class='ocrx_word' id='word_1_462' title='bbox 1260 203 1337 238; x_wconf 84' lang='lat' dir='ltr'><strong>cujus</strong></span> <span class='ocrx_word' id='word_1_463' title='bbox 1351 203 1518 238; x_wconf 85' lang='lat' dir='ltr'><strong>episcopum,</strong></span> <span class='ocrx_word' id='word_1_464' title='bbox 1538 202 1564 229; x_wconf 88' lang='lat' dir='ltr'><strong>in</strong></span> <span class='ocrx_word' id='word_1_465' title='bbox 1574 201 1684 230; x_wconf 73' lang='lat' dir='ltr'><strong>Nicmno</strong></span> <span class='ocrx_word' id='word_1_466' title='bbox 1696 213 1739 230; x_wconf 73' lang='grc' dir='ltr'><strong>εμ-</strong></span> 
     </span>
    </p>
   </div>
   <div class='ocr_carea' id='block_1_70' title="bbox 955 244 1737 280">
    <p class='ocr_par' dir='ltr' id='par_1_70' title="bbox 955 244 1737 280">
     <span class='ocr_line' id='line_1_70' title="bbox 955 244 1737 280; baseline 0.001 -10"><span class='ocrx_word' id='word_1_467' title='bbox 955 244 1044 270; x_wconf 72' lang='grc' dir='ltr'><strong>ειιηιιο</strong></span> <span class='ocrx_word' id='word_1_468' title='bbox 1054 245 1168 272; x_wconf 79' lang='lat' dir='ltr'><strong>concilio</strong></span> <span class='ocrx_word' id='word_1_469' title='bbox 1179 252 1207 280; x_wconf 89' lang='lat' dir='ltr'><strong>p.</strong></span> <span class='ocrx_word' id='word_1_470' title='bbox 1222 245 1274 272; x_wconf 77' lang='lat'><strong>554</strong></span> <span class='ocrx_word' id='word_1_471' title='bbox 1286 250 1476 277; x_wconf 88' lang='lat' dir='ltr'><strong>memoratum,</strong></span> <span class='ocrx_word' id='word_1_472' title='bbox 1492 244 1657 279; x_wconf 76' lang='lat' dir='ltr'><strong>negligenter</strong></span> <span class='ocrx_word' id='word_1_473' title='bbox 1667 244 1737 271; x_wconf 80' lang='lat' dir='ltr'><strong>Geu-</strong></span> 
     </span>
    </p>
   </div>
   <div class='ocr_carea' id='block_1_71' title="bbox 954 284 1739 321">
    <p class='ocr_par' dir='ltr' id='par_1_71' title="bbox 954 284 1739 321">
     <span class='ocr_line' id='line_1_71' title="bbox 954 284 1739 321; baseline 0.003 -12"><span class='ocrx_word' id='word_1_474' title='bbox 954 285 1071 318; x_wconf 75' lang='lat' dir='ltr'><strong>grap/tIa‘</strong></span> <span class='ocrx_word' id='word_1_475' title='bbox 1080 284 1110 312; x_wconf 87' lang='lat' dir='ltr'><strong>S.</strong></span> <span class='ocrx_word' id='word_1_476' title='bbox 1119 285 1252 314; x_wconf 84' lang='lat' dir='ltr'><strong>Conditor</strong></span> <span class='ocrx_word' id='word_1_477' title='bbox 1259 287 1425 321; x_wconf 63' lang='lat' dir='ltr'><strong>praeteriitea</strong></span> <span class='ocrx_word' id='word_1_478' title='bbox 1433 286 1454 313; x_wconf 88' lang='lat' dir='ltr'><strong>si</strong></span> <span class='ocrx_word' id='word_1_479' title='bbox 1466 292 1557 313; x_wconf 78' lang='lat' dir='ltr'><strong>nosua</strong></span> <span class='ocrx_word' id='word_1_480' title='bbox 1567 290 1620 318; x_wconf 86' lang='lat' dir='ltr'><strong>est,</strong></span> <span class='ocrx_word' id='word_1_481' title='bbox 1633 291 1739 320; x_wconf 80' lang='lat' dir='ltr'><strong>oportet</strong></span> 
     </span>
    </p>
   </div>
   <div class='ocr_carea' id='block_1_72' title="bbox 956 327 1738 362">
    <p class='ocr_par' dir='ltr' id='par_1_72' title="bbox 956 327 1738 362">
     <span class='ocr_line' id='line_1_72' title="bbox 956 327 1738 362; baseline 0.003 -10"><span class='ocrx_word' id='word_1_482' title='bbox 956 333 1016 353; x_wconf 87' lang='lat' dir='ltr'><strong>cum</strong></span> <span class='ocrx_word' id='word_1_483' title='bbox 1041 327 1166 354; x_wconf 85' lang='lat' dir='ltr'><strong>Arodene</strong></span> <span class='ocrx_word' id='word_1_484' title='bbox 1187 329 1314 362; x_wconf 85' lang='lat' dir='ltr'><strong>deinceps</strong></span> <span class='ocrx_word' id='word_1_485' title='bbox 1338 328 1551 361; x_wconf 86' lang='lat' dir='ltr'><strong>coaluerit;aut.</strong></span> <span class='ocrx_word' id='word_1_486' title='bbox 1568 327 1593 354; x_wconf 89' lang='lat' dir='ltr'><strong>id</strong></span> <span class='ocrx_word' id='word_1_487' title='bbox 1616 327 1637 353; x_wconf 86' lang='lat' dir='ltr'><strong>si</strong></span> <span class='ocrx_word' id='word_1_488' title='bbox 1663 334 1738 361; x_wconf 78' lang='lat' dir='ltr'><strong>spre-</strong></span> 
     </span>
    </p>
   </div>
   <div class='ocr_carea' id='block_1_73' title="bbox 956 369 1738 402">
    <p class='ocr_par' dir='ltr' id='par_1_73' title="bbox 956 369 1738 402">
     <span class='ocr_line' id='line_1_73' title="bbox 956 369 1738 402; baseline 0.003 -8"><span class='ocrx_word' id='word_1_489' title='bbox 956 369 1038 399; x_wconf 83' lang='lat' dir='ltr'><strong>veris,</strong></span> <span class='ocrx_word' id='word_1_490' title='bbox 1055 373 1082 395; x_wconf 91' lang='lat' dir='ltr'><strong>ut</strong></span> <span class='ocrx_word' id='word_1_491' title='bbox 1097 369 1215 402; x_wconf 85' lang='lat' dir='ltr'><strong>Araden,</strong></span> <span class='ocrx_word' id='word_1_492' title='bbox 1243 370 1345 398; x_wconf 80' lang='lat' dir='ltr'><strong>incerta</strong></span> <span class='ocrx_word' id='word_1_493' title='bbox 1366 370 1446 397; x_wconf 88' lang='lat' dir='ltr'><strong>nobis</strong></span> <span class='ocrx_word' id='word_1_494' title='bbox 1469 377 1562 402; x_wconf 86' lang='lat' dir='ltr'><strong>causa,</strong></span> <span class='ocrx_word' id='word_1_495' title='bbox 1592 369 1738 397; x_wconf 66' lang='lat' dir='ltr'><strong>Phoenices</strong></span> 
     </span>
    </p>
   </div>
   <div class='ocr_carea' id='block_1_74' title="bbox 956 411 1236 445">
    <p class='ocr_par' dir='ltr' id='par_1_74' title="bbox 956 411 1236 445">
     <span class='ocr_line' id='line_1_74' title="bbox 956 411 1236 445; baseline 0.014 -10"><span class='ocrx_word' id='word_1_496' title='bbox 956 415 1052 437; x_wconf 91' lang='lat' dir='ltr'><strong>nomen</strong></span> <span class='ocrx_word' id='word_1_497' title='bbox 1075 411 1236 445; x_wconf 88' lang='lat' dir='ltr'><strong>impetravit.</strong></span> 
     </span>
    </p>
   </div>
   <div class='ocr_carea' id='block_1_75' title="bbox 993 450 1739 487">
    <p class='ocr_par' dir='ltr' id='par_1_75' title="bbox 993 450 1739 487">
     <span class='ocr_line' id='line_1_75' title="bbox 993 450 1739 487; baseline 0.008 -10"><span class='ocrx_word' id='word_1_498' title='bbox 993 450 1061 479; x_wconf 85' lang='lat' dir='ltr'><strong>Ibid.</strong></span> <span class='ocrx_word' id='word_1_499' title='bbox 1086 452 1189 487; x_wconf 76' lang='grc' dir='ltr'>Νῆσος</span> <span class='ocrx_word' id='word_1_500' title='bbox 1223 454 1369 487; x_wconf 79' lang='grc' dir='ltr'><strong>Κλαῦδος.</strong></span> <span class='ocrx_word' id='word_1_501' title='bbox 1399 453 1446 482; x_wconf 89' lang='lat' dir='ltr'><strong>Sie</strong></span> <span class='ocrx_word' id='word_1_502' title='bbox 1471 460 1498 482; x_wconf 83' lang='lat' dir='ltr'><strong>et</strong></span> <span class='ocrx_word' id='word_1_503' title='bbox 1528 454 1688 484; x_wconf 71' lang='lat' dir='ltr'><strong>Ptolemteus</strong></span> <span class='ocrx_word' id='word_1_504' title='bbox 1713 462 1739 484; x_wconf 82' lang='lat' dir='ltr'><strong>et</strong></span> 
     </span>
    </p>
   </div>
   <div class='ocr_carea' id='block_1_76' title="bbox 955 491 1738 530">
    <p class='ocr_par' dir='ltr' id='par_1_76' title="bbox 955 491 1738 530">
     <span class='ocr_line' id='line_1_76' title="bbox 955 491 1738 530; baseline 0.008 -12"><span class='ocrx_word' id='word_1_505' title='bbox 955 491 1056 519; x_wconf 89' lang='lat' dir='ltr'><strong>Notitia</strong></span> <span class='ocrx_word' id='word_1_506' title='bbox 1078 492 1135 521; x_wconf 77' lang='lat' dir='ltr'><strong>Jac.</strong></span> <span class='ocrx_word' id='word_1_507' title='bbox 1148 494 1220 522; x_wconf 87' lang='lat' dir='ltr'><strong>Guar</strong></span> <span class='ocrx_word' id='word_1_508' title='bbox 1235 495 1372 530; x_wconf 80' lang='lat' dir='ltr'><strong>appellat;</strong></span> <span class='ocrx_word' id='word_1_509' title='bbox 1385 495 1464 523; x_wconf 69' lang='lat' dir='ltr'><strong>Lucae</strong></span> <span class='ocrx_word' id='word_1_510' title='bbox 1479 496 1537 523; x_wconf 74' lang='lat' dir='ltr'><strong>Act.</strong></span> <span class='ocrx_word' id='word_1_511' title='bbox 1561 495 1653 530; x_wconf 72' lang='lat' dir='ltr'><strong>Apost.</strong></span> <span class='ocrx_word' id='word_1_512' title='bbox 1665 505 1738 528; x_wconf 80' lang='lat' dir='ltr'><strong>xxvi,</strong></span> 
     </span>
    </p>
   </div>
   <div class='ocr_carea' id='block_1_77' title="bbox 957 533 1740 570">
    <p class='ocr_par' dir='ltr' id='par_1_77' title="bbox 957 533 1740 570">
     <span class='ocr_line' id='line_1_77' title="bbox 957 533 1740 570; baseline 0.006 -10"><span class='ocrx_word' id='word_1_513' title='bbox 957 533 990 561; x_wconf 86' lang='lat' dir='ltr'><strong>I6</strong></span> <span class='ocrx_word' id='word_1_514' title='bbox 1009 534 1130 570; x_wconf 79' lang='grc' dir='ltr'><strong>Κλαύδη,</strong></span> <span class='ocrx_word' id='word_1_515' title='bbox 1147 536 1315 564; x_wconf 86' lang='lat' dir='ltr'><strong>variantibus</strong></span> <span class='ocrx_word' id='word_1_516' title='bbox 1334 540 1423 564; x_wconf 87' lang='lat' dir='ltr'><strong>tamen</strong></span> <span class='ocrx_word' id='word_1_517' title='bbox 1443 545 1508 564; x_wconf 69' lang='lat' dir='ltr'><strong>uisa.</strong></span> <span class='ocrx_word' id='word_1_518' title='bbox 1528 542 1555 564; x_wconf 89' lang='lat' dir='ltr'><strong>et</strong></span> <span class='ocrx_word' id='word_1_519' title='bbox 1568 539 1740 566; x_wconf 64' lang='lat' dir='ltr'><strong>vers‘ouibus</strong></span> 
     </span>
    </p>
   </div>
   <div class='ocr_carea' id='block_1_78' title="bbox 956 576 1738 613">
    <p class='ocr_par' dir='ltr' id='par_1_78' title="bbox 956 576 1738 613">
     <span class='ocr_line' id='line_1_78' title="bbox 956 576 1738 613; baseline 0.005 -10"><span class='ocrx_word' id='word_1_520' title='bbox 956 576 1093 611; x_wconf 83' lang='lat' dir='ltr'><strong>plerisque</strong></span> <span class='ocrx_word' id='word_1_521' title='bbox 1121 577 1147 604; x_wconf 94' lang='lat' dir='ltr'><strong>in</strong></span> <span class='ocrx_word' id='word_1_522' title='bbox 1168 576 1280 604; x_wconf 84' lang='lat' dir='ltr'><strong>Gaudeo</strong></span> <span class='ocrx_word' id='word_1_523' title='bbox 1310 578 1366 605; x_wconf 85' lang='lat' dir='ltr'><strong>sive</strong></span> <span class='ocrx_word' id='word_1_524' title='bbox 1388 578 1498 606; x_wconf 90' lang='lat' dir='ltr'><strong>Caudon</strong></span> <span class='ocrx_word' id='word_1_525' title='bbox 1527 579 1738 613; x_wconf 82' lang='lat' dir='ltr'><strong>inclinantibus,</strong></span> 
     </span>
    </p>
   </div>
   <div class='ocr_carea' id='block_1_79' title="bbox 955 618 1740 654">
    <p class='ocr_par' dir='ltr' id='par_1_79' title="bbox 955 618 1740 654">
     <span class='ocr_line' id='line_1_79' title="bbox 955 618 1740 654; baseline 0.004 -10"><span class='ocrx_word' id='word_1_526' title='bbox 955 624 1008 652; x_wconf 88' lang='lat' dir='ltr'><strong>qua</strong></span> <span class='ocrx_word' id='word_1_527' title='bbox 1025 619 1057 645; x_wconf 87' lang='lat' dir='ltr'><strong>de</strong></span> <span class='ocrx_word' id='word_1_528' title='bbox 1075 625 1102 645; x_wconf 70' lang='lat' dir='ltr'><strong>te</strong></span> <span class='ocrx_word' id='word_1_529' title='bbox 1119 618 1193 653; x_wconf 78' lang='lat' dir='ltr'><strong>llugo</strong></span> <span class='ocrx_word' id='word_1_530' title='bbox 1214 618 1335 647; x_wconf 84' lang='lat' dir='ltr'><strong>Grotius.</strong></span> <span class='ocrx_word' id='word_1_531' title='bbox 1359 619 1478 647; x_wconf 83' lang='lat' dir='ltr'><strong>Joannes</strong></span> <span class='ocrx_word' id='word_1_532' title='bbox 1499 619 1596 647; x_wconf 65' lang='lat' dir='ltr'><strong>“illius</strong></span> <span class='ocrx_word' id='word_1_533' title='bbox 1614 621 1740 654; x_wconf 79' lang='grc' dir='ltr'><strong>Κλαύδην</strong></span> 
     </span>
    </p>
   </div>
   <div class='ocr_carea' id='block_1_80' title="bbox 957 660 1741 695">
    <p class='ocr_par' dir='ltr' id='par_1_80' title="bbox 957 660 1741 695">
     <span class='ocr_line' id='line_1_80' title="bbox 957 660 1741 695; baseline 0.005 -8"><span class='ocrx_word' id='word_1_534' title='bbox 957 660 1040 687; x_wconf 88' lang='lat' dir='ltr'><strong>divini</strong></span> <span class='ocrx_word' id='word_1_535' title='bbox 1067 662 1209 695; x_wconf 85' lang='lat' dir='ltr'><strong>scriptoris</strong></span> <span class='ocrx_word' id='word_1_536' title='bbox 1234 660 1371 688; x_wconf 68' lang='lat' dir='ltr'><strong>Ptolemaei</strong></span> <span class='ocrx_word' id='word_1_537' title='bbox 1395 662 1555 689; x_wconf 86' lang='lat' dir='ltr'><strong>auctoritate</strong></span> <span class='ocrx_word' id='word_1_538' title='bbox 1577 663 1649 690; x_wconf 81' lang='lat' dir='ltr'><strong>haud</strong></span> <span class='ocrx_word' id='word_1_539' title='bbox 1671 664 1741 692; x_wconf 86' lang='lat' dir='ltr'><strong>male</strong></span> 
     </span>
    </p>
   </div>
   <div class='ocr_carea' id='block_1_81' title="bbox 958 700 1740 737">
    <p class='ocr_par' dir='ltr' id='par_1_81' title="bbox 958 700 1740 737">
     <span class='ocr_line' id='line_1_81' title="bbox 958 700 1740 737; baseline 0.003 -9"><span class='ocrx_word' id='word_1_540' title='bbox 958 700 1059 735; x_wconf 82' lang='lat' dir='ltr'><strong>ﬁrmat,</strong></span> <span class='ocrx_word' id='word_1_541' title='bbox 1082 701 1130 729; x_wconf 88' lang='lat' dir='ltr'><strong>sed</strong></span> <span class='ocrx_word' id='word_1_542' title='bbox 1162 702 1331 735; x_wconf 61' lang='lat' dir='ltr'><strong>Athenaeum,</strong></span> <span class='ocrx_word' id='word_1_543' title='bbox 1372 710 1451 737; x_wconf 86' lang='lat' dir='ltr'><strong>quem</strong></span> <span class='ocrx_word' id='word_1_544' title='bbox 1482 703 1584 730; x_wconf 85' lang='lat' dir='ltr'><strong>auxilio</strong></span> <span class='ocrx_word' id='word_1_545' title='bbox 1614 706 1740 736; x_wconf 76' lang='lat' dir='ltr'><strong>arcessit,</strong></span> 
     </span>
    </p>
   </div>
   <div class='ocr_carea' id='block_1_82' title="bbox 957 742 1740 779">
    <p class='ocr_par' dir='ltr' id='par_1_82' title="bbox 957 742 1740 779">
     <span class='ocr_line' id='line_1_82' title="bbox 957 742 1740 779; baseline 0.005 -11"><span class='ocrx_word' id='word_1_546' title='bbox 957 742 1053 770; x_wconf 76' lang='lat' dir='ltr'><strong>vellent</strong></span> <span class='ocrx_word' id='word_1_547' title='bbox 1077 744 1189 770; x_wconf 90' lang='lat' dir='ltr'><strong>missum</strong></span> <span class='ocrx_word' id='word_1_548' title='bbox 1212 743 1331 770; x_wconf 72' lang='lat' dir='ltr'><strong>fecisset.</strong></span> <span class='ocrx_word' id='word_1_549' title='bbox 1350 743 1436 770; x_wconf 78' lang='lat' dir='ltr'><strong>Verba</strong></span> <span class='ocrx_word' id='word_1_550' title='bbox 1467 744 1700 779; x_wconf 73' lang='lat' dir='ltr'><strong>Deipnosophistze</strong></span> <span class='ocrx_word' id='word_1_551' title='bbox 1724 754 1740 772; x_wconf 76' lang='grc' dir='ltr'><strong>ο</strong></span> 
     </span>
    </p>
   </div>
   <div class='ocr_carea' id='block_1_83' title="bbox 957 783 1741 822">
    <p class='ocr_par' dir='ltr' id='par_1_83' title="bbox 957 783 1741 822">
     <span class='ocr_line' id='line_1_83' title="bbox 957 783 1741 822; baseline 0.004 -12"><span class='ocrx_word' id='word_1_552' title='bbox 957 783 1045 815; x_wconf 85' lang='lat' dir='ltr'><strong>lib.vt,</strong></span> <span class='ocrx_word' id='word_1_553' title='bbox 1058 791 1083 811; x_wconf 76' lang='grc' dir='ltr'><strong>ς.</strong></span> <span class='ocrx_word' id='word_1_554' title='bbox 1098 784 1126 817; x_wconf 90' lang='lat'><strong>9,</strong></span> <span class='ocrx_word' id='word_1_555' title='bbox 1141 789 1205 812; x_wconf 89' lang='lat' dir='ltr'><strong>sunt</strong></span> <span class='ocrx_word' id='word_1_556' title='bbox 1219 793 1225 813; x_wconf 86' lang='lat'>:</span> <span class='ocrx_word' id='word_1_557' title='bbox 1238 785 1388 816; x_wconf 78' lang='grc' dir='ltr'>Ἀντίδοτος</span> <span class='ocrx_word' id='word_1_558' title='bbox 1400 785 1423 811; x_wconf 71' lang='grc' dir='ltr'><strong>δ’</strong></span> <span class='ocrx_word' id='word_1_559' title='bbox 1436 786 1464 812; x_wconf 76' lang='grc' dir='ltr'>ἐν</span> <span class='ocrx_word' id='word_1_560' title='bbox 1477 785 1516 820; x_wconf 75' lang='grc' dir='ltr'><strong>τῷ</strong></span> <span class='ocrx_word' id='word_1_561' title='bbox 1530 787 1741 822; x_wconf 66' lang='grc' dir='ltr'><strong>ἐπιγραφομένῳ</strong></span> 
     </span>
    </p>
   </div>
   <div class='ocr_carea' id='block_1_84' title="bbox 922 825 1742 865">
    <p class='ocr_par' dir='ltr' id='par_1_84' title="bbox 922 825 1742 865">
     <span class='ocr_line' id='line_1_84' title="bbox 922 825 1742 865; baseline 0.005 -15"><span class='ocrx_word' id='word_1_562' title='bbox 922 861 924 865; x_wconf 32' lang='grc' dir='ltr'><strong><em>ι</em></strong></span> <span class='ocrx_word' id='word_1_563' title='bbox 958 825 1127 860; x_wconf 73' lang='grc' dir='ltr'><strong>Πρωτοχόρῳ</strong></span> <span class='ocrx_word' id='word_1_564' title='bbox 1143 826 1260 860; x_wconf 73' lang='grc' dir='ltr'><strong>παράγει</strong></span> <span class='ocrx_word' id='word_1_565' title='bbox 1287 826 1346 852; x_wconf 78' lang='grc' dir='ltr'><strong>τινὰ</strong></span> <span class='ocrx_word' id='word_1_566' title='bbox 1371 827 1560 862; x_wconf 79' lang='grc' dir='ltr'>παραπλήσιον</span> <span class='ocrx_word' id='word_1_567' title='bbox 1585 829 1640 857; x_wconf 75' lang='grc' dir='ltr'>τοῖς</span> <span class='ocrx_word' id='word_1_568' title='bbox 1661 830 1690 855; x_wconf 84' lang='grc' dir='ltr'>ὲν</span> <span class='ocrx_word' id='word_1_569' title='bbox 1704 830 1742 863; x_wconf 78' lang='grc' dir='ltr'><strong>τῷ</strong></span> 
     </span>
    </p>
   </div>
   <div class='ocr_carea' id='block_1_85' title="bbox 958 865 1739 904">
    <p class='ocr_par' dir='ltr' id='par_1_85' title="bbox 958 865 1739 904">
     <span class='ocr_line' id='line_1_85' title="bbox 958 865 1739 904; baseline 0.006 -12"><span class='ocrx_word' id='word_1_570' title='bbox 958 866 1084 901; x_wconf 72' lang='grc' dir='ltr'>Κλαυδίῳ</span> <span class='ocrx_word' id='word_1_571' title='bbox 1092 867 1138 894; x_wconf 84' lang='grc' dir='ltr'>νῦν</span> <span class='ocrx_word' id='word_1_572' title='bbox 1146 867 1359 902; x_wconf 75' lang='grc' dir='ltr'><strong>σοφιστεύουσιν,</strong></span> <span class='ocrx_word' id='word_1_573' title='bbox 1368 865 1405 894; x_wconf 83' lang='grc' dir='ltr'>ὧν</span> <span class='ocrx_word' id='word_1_574' title='bbox 1414 868 1474 894; x_wconf 72' lang='grc' dir='ltr'>οὐδὲ</span> <span class='ocrx_word' id='word_1_575' title='bbox 1486 870 1640 904; x_wconf 78' lang='grc' dir='ltr'>μεμνῆσθαι</span> <span class='ocrx_word' id='word_1_576' title='bbox 1648 871 1739 898; x_wconf 81' lang='grc' dir='ltr'><strong>καλόν.</strong></span> 
     </span>
    </p>
   </div>
   <div class='ocr_carea' id='block_1_86' title="bbox 958 907 1741 943">
    <p class='ocr_par' dir='ltr' id='par_1_86' title="bbox 958 907 1741 943">
     <span class='ocr_line' id='line_1_86' title="bbox 958 907 1741 943; baseline 0.005 -9"><span class='ocrx_word' id='word_1_577' title='bbox 958 907 1037 935; x_wconf 82' lang='lat' dir='ltr'><strong>Putat</strong></span> <span class='ocrx_word' id='word_1_578' title='bbox 1052 908 1094 935; x_wconf 92' lang='lat' dir='ltr'><strong>vir</strong></span> <span class='ocrx_word' id='word_1_579' title='bbox 1109 908 1331 943; x_wconf 78' lang='lat' dir='ltr'><strong>diligentissimus</strong></span> <span class='ocrx_word' id='word_1_580' title='bbox 1347 909 1375 935; x_wconf 77' lang='grc' dir='ltr'><strong>τὸ</strong></span> <span class='ocrx_word' id='word_1_581' title='bbox 1391 909 1524 936; x_wconf 83' lang='grc' dir='ltr'><strong>Κλαύδιον</strong></span> <span class='ocrx_word' id='word_1_582' title='bbox 1540 917 1600 937; x_wconf 88' lang='lat' dir='ltr'><strong>esse</strong></span> <span class='ocrx_word' id='word_1_583' title='bbox 1613 912 1682 939; x_wconf 86' lang='lat' dir='ltr'><strong>hanc</strong></span> <span class='ocrx_word' id='word_1_584' title='bbox 1698 913 1741 938; x_wconf 94' lang='lat' dir='ltr'><strong>in-</strong></span> 
     </span>
    </p>
   </div>
   <div class='ocr_carea' id='block_1_87' title="bbox 958 948 1739 988">
    <p class='ocr_par' dir='ltr' id='par_1_87' title="bbox 958 948 1739 988">
     <span class='ocr_line' id='line_1_87' title="bbox 958 948 1739 988; baseline 0.005 -13"><span class='ocrx_word' id='word_1_585' title='bbox 958 948 1056 980; x_wconf 86' lang='lat' dir='ltr'><strong>sulam,</strong></span> <span class='ocrx_word' id='word_1_586' title='bbox 1073 957 1153 984; x_wconf 86' lang='lat' dir='ltr'><strong>quam</strong></span> <span class='ocrx_word' id='word_1_587' title='bbox 1169 950 1191 976; x_wconf 90' lang='lat' dir='ltr'><strong>si</strong></span> <span class='ocrx_word' id='word_1_588' title='bbox 1205 950 1352 977; x_wconf 67' lang='lat' dir='ltr'><strong>Athenaeus</strong></span> <span class='ocrx_word' id='word_1_589' title='bbox 1375 950 1517 985; x_wconf 79' lang='lat' dir='ltr'><strong>signasset,</strong></span> <span class='ocrx_word' id='word_1_590' title='bbox 1544 953 1635 986; x_wconf 83' lang='lat' dir='ltr'><strong>utique</strong></span> <span class='ocrx_word' id='word_1_591' title='bbox 1657 953 1686 979; x_wconf 76' lang='grc' dir='ltr'><strong>ἐν</strong></span> <span class='ocrx_word' id='word_1_592' title='bbox 1707 955 1739 988; x_wconf 76' lang='grc' dir='ltr'><strong>τῇ</strong></span> 
     </span>
    </p>
   </div>
   <div class='ocr_carea' id='block_1_88' title="bbox 958 990 1740 1026">
    <p class='ocr_par' dir='ltr' id='par_1_88' title="bbox 958 990 1740 1026">
     <span class='ocr_line' id='line_1_88' title="bbox 958 990 1740 1026; baseline 0.008 -10"><span class='ocrx_word' id='word_1_593' title='bbox 958 990 1073 1026; x_wconf 79' lang='grc' dir='ltr'><strong>Κλαὺδῳ</strong></span> <span class='ocrx_word' id='word_1_594' title='bbox 1097 992 1261 1026; x_wconf 70' lang='lat' dir='ltr'><strong>scripsisset.</strong></span> <span class='ocrx_word' id='word_1_595' title='bbox 1285 992 1378 1019; x_wconf 81' lang='lat' dir='ltr'><strong>Verius</strong></span> <span class='ocrx_word' id='word_1_596' title='bbox 1393 992 1427 1019; x_wconf 93' lang='lat' dir='ltr'><strong>Is.</strong></span> <span class='ocrx_word' id='word_1_597' title='bbox 1440 991 1616 1021; x_wconf 86' lang='lat' dir='ltr'><strong>Casauhouus</strong></span> <span class='ocrx_word' id='word_1_598' title='bbox 1629 995 1658 1022; x_wconf 88' lang='lat' dir='ltr'><strong>in</strong></span> <span class='ocrx_word' id='word_1_599' title='bbox 1675 995 1740 1022; x_wconf 85' lang='lat' dir='ltr'><strong>Suc-</strong></span> 
     </span>
    </p>
   </div>
   <div class='ocr_carea' id='block_1_89' title="bbox 959 1032 1738 1063">
    <p class='ocr_par' dir='ltr' id='par_1_89' title="bbox 959 1032 1738 1063">
     <span class='ocr_line' id='line_1_89' title="bbox 959 1032 1738 1063; baseline 0.005 -5"><span class='ocrx_word' id='word_1_600' title='bbox 959 1036 1014 1058; x_wconf 84' lang='lat' dir='ltr'><strong>ton.</strong></span> <span class='ocrx_word' id='word_1_601' title='bbox 1031 1032 1128 1059; x_wconf 76' lang='lat' dir='ltr'><strong>Claud.</strong></span> <span class='ocrx_word' id='word_1_602' title='bbox 1142 1040 1167 1061; x_wconf 89' lang='lat' dir='ltr'><strong>c.</strong></span> <span class='ocrx_word' id='word_1_603' title='bbox 1187 1041 1220 1060; x_wconf 78' lang='lat' dir='ltr'><strong>XL</strong></span> <span class='ocrx_word' id='word_1_604' title='bbox 1243 1033 1432 1060; x_wconf 86' lang='lat' dir='ltr'><strong>animadvertit</strong></span> <span class='ocrx_word' id='word_1_605' title='bbox 1443 1033 1588 1061; x_wconf 82' lang='lat' dir='ltr'><strong>Claudium</strong></span> <span class='ocrx_word' id='word_1_606' title='bbox 1617 1036 1738 1063; x_wconf 64' lang='lat' dir='ltr'><strong>Athoumi</strong></span> 
     </span>
    </p>
   </div>
   <div class='ocr_carea' id='block_1_90' title="bbox 959 1074 1741 1110">
    <p class='ocr_par' dir='ltr' id='par_1_90' title="bbox 959 1074 1741 1110">
     <span class='ocr_line' id='line_1_90' title="bbox 959 1074 1741 1110; baseline 0.005 -11"><span class='ocrx_word' id='word_1_607' title='bbox 959 1080 1012 1099; x_wconf 90' lang='lat' dir='ltr'><strong>non</strong></span> <span class='ocrx_word' id='word_1_608' title='bbox 1029 1074 1144 1101; x_wconf 86' lang='lat' dir='ltr'><strong>insulam</strong></span> <span class='ocrx_word' id='word_1_609' title='bbox 1161 1075 1208 1101; x_wconf 88' lang='lat' dir='ltr'><strong>sed</strong></span> <span class='ocrx_word' id='word_1_610' title='bbox 1227 1082 1349 1101; x_wconf 88' lang='lat' dir='ltr'><strong>nmscum</strong></span> <span class='ocrx_word' id='word_1_611' title='bbox 1361 1081 1430 1106; x_wconf 89' lang='lat' dir='ltr'><strong>esse,</strong></span> <span class='ocrx_word' id='word_1_612' title='bbox 1444 1075 1515 1109; x_wconf 88' lang='lat' dir='ltr'><strong>quod</strong></span> <span class='ocrx_word' id='word_1_613' title='bbox 1532 1075 1565 1102; x_wconf 87' lang='lat' dir='ltr'><strong>ab</strong></span> <span class='ocrx_word' id='word_1_614' title='bbox 1580 1076 1741 1110; x_wconf 78' lang='lat' dir='ltr'><strong>imperatore</strong></span> 
     </span>
    </p>
   </div>
   <div class='ocr_carea' id='block_1_91' title="bbox 959 1114 1739 1149">
    <p class='ocr_par' dir='ltr' id='par_1_91' title="bbox 959 1114 1739 1149">
     <span class='ocr_line' id='line_1_91' title="bbox 959 1114 1739 1149; baseline 0.005 -8"><span class='ocrx_word' id='word_1_615' title='bbox 959 1114 1073 1142; x_wconf 84' lang='lat' dir='ltr'><strong>Claudio</strong></span> <span class='ocrx_word' id='word_1_616' title='bbox 1097 1123 1129 1142; x_wconf 80' lang='lat' dir='ltr'><strong>ex</strong></span> <span class='ocrx_word' id='word_1_617' title='bbox 1154 1123 1204 1142; x_wconf 85' lang='lat' dir='ltr'><strong>suo</strong></span> <span class='ocrx_word' id='word_1_618' title='bbox 1223 1116 1332 1143; x_wconf 85' lang='lat' dir='ltr'><strong>nomine</strong></span> <span class='ocrx_word' id='word_1_619' title='bbox 1352 1116 1472 1143; x_wconf 86' lang='lat' dir='ltr'><strong>additum</strong></span> <span class='ocrx_word' id='word_1_620' title='bbox 1489 1121 1532 1144; x_wconf 87' lang='lat' dir='ltr'><strong>est</strong></span> <span class='ocrx_word' id='word_1_621' title='bbox 1544 1117 1739 1149; x_wconf 82' lang='lat' dir='ltr'><strong>Alexandrino,</strong></span> 
     </span>
    </p>
   </div>
   <div class='ocr_carea' id='block_1_92' title="bbox 959 1157 1265 1184">
    <p class='ocr_par' dir='ltr' id='par_1_92' title="bbox 959 1157 1265 1184">
     <span class='ocr_line' id='line_1_92' title="bbox 959 1157 1265 1184; baseline 0.007 -2"><span class='ocrx_word' id='word_1_622' title='bbox 959 1161 987 1182; x_wconf 86' lang='grc' dir='ltr'><strong>ιιι</strong></span> <span class='ocrx_word' id='word_1_623' title='bbox 1006 1157 1154 1184; x_wconf 82' lang='lat' dir='ltr'><strong>Suetonius</strong></span> <span class='ocrx_word' id='word_1_624' title='bbox 1177 1157 1265 1184; x_wconf 81' lang='lat' dir='ltr'><strong>docet.</strong></span> 
     </span>
    </p>
   </div>
   <div class='ocr_carea' id='block_1_93' title="bbox 994 1190 1739 1228">
    <p class='ocr_par' dir='ltr' id='par_1_93' title="bbox 994 1190 1739 1228">
     <span class='ocr_line' id='line_1_93' title="bbox 994 1190 1739 1228; baseline 0.007 -11"><span class='ocrx_word' id='word_1_625' title='bbox 994 1190 1062 1218; x_wconf 88' lang='lat' dir='ltr'><strong>Ibid.</strong></span> <span class='ocrx_word' id='word_1_626' title='bbox 1093 1193 1258 1224; x_wconf 72' lang='grc' dir='ltr'>Νικόπολις</span> <span class='ocrx_word' id='word_1_627' title='bbox 1287 1192 1321 1218; x_wconf 88' lang='lat' dir='ltr'><strong>de</strong></span> <span class='ocrx_word' id='word_1_628' title='bbox 1343 1199 1374 1218; x_wconf 88' lang='lat' dir='ltr'><strong>ea</strong></span> <span class='ocrx_word' id='word_1_629' title='bbox 1396 1192 1423 1219; x_wconf 87' lang='lat' dir='ltr'><strong>in</strong></span> <span class='ocrx_word' id='word_1_630' title='bbox 1443 1193 1503 1219; x_wconf 76' lang='lat' dir='ltr'><strong>Aul.</strong></span> <span class='ocrx_word' id='word_1_631' title='bbox 1536 1192 1599 1220; x_wconf 71' lang='lat' dir='ltr'><strong>Itin.</strong></span> <span class='ocrx_word' id='word_1_632' title='bbox 1623 1201 1650 1228; x_wconf 90' lang='lat' dir='ltr'><strong>p.</strong></span> <span class='ocrx_word' id='word_1_633' title='bbox 1675 1194 1739 1222; x_wconf 69' lang='lat'><strong>525.</strong></span> 
     </span>
    </p>
   </div>
   <div class='ocr_carea' id='block_1_94' title="bbox 961 1232 1742 1268">
    <p class='ocr_par' dir='ltr' id='par_1_94' title="bbox 961 1232 1742 1268">
     <span class='ocr_line' id='line_1_94' title="bbox 961 1232 1742 1268; baseline 0.005 -9"><span class='ocrx_word' id='word_1_634' title='bbox 961 1232 1128 1268; x_wconf 78' lang='lat' dir='ltr'><strong>Metropolim</strong></span> <span class='ocrx_word' id='word_1_635' title='bbox 1156 1233 1255 1260; x_wconf 81' lang='lat' dir='ltr'><strong>veteris</strong></span> <span class='ocrx_word' id='word_1_636' title='bbox 1277 1233 1349 1268; x_wconf 83' lang='lat' dir='ltr'><strong>Epiri</strong></span> <span class='ocrx_word' id='word_1_637' title='bbox 1374 1233 1457 1260; x_wconf 81' lang='lat' dir='ltr'><strong>fuisse</strong></span> <span class='ocrx_word' id='word_1_638' title='bbox 1474 1235 1652 1262; x_wconf 87' lang='lat' dir='ltr'><strong>conciliorum</strong></span> <span class='ocrx_word' id='word_1_639' title='bbox 1675 1237 1742 1263; x_wconf 83' lang='lat' dir='ltr'><strong>Acta</strong></span> 
     </span>
    </p>
   </div>
   <div class='ocr_carea' id='block_1_95' title="bbox 960 1274 1741 1310">
    <p class='ocr_par' dir='ltr' id='par_1_95' title="bbox 960 1274 1741 1310">
     <span class='ocr_line' id='line_1_95' title="bbox 960 1274 1741 1310; baseline 0.006 -10"><span class='ocrx_word' id='word_1_640' title='bbox 960 1279 987 1301; x_wconf 90' lang='lat' dir='ltr'><strong>et</strong></span> <span class='ocrx_word' id='word_1_641' title='bbox 1009 1274 1108 1302; x_wconf 72' lang='lat' dir='ltr'><strong>Leonis</strong></span> <span class='ocrx_word' id='word_1_642' title='bbox 1129 1276 1299 1310; x_wconf 87' lang='lat' dir='ltr'><strong>imperatoris</strong></span> <span class='ocrx_word' id='word_1_643' title='bbox 1326 1274 1442 1310; x_wconf 85' lang='lat' dir='ltr'><strong>cpistola</strong></span> <span class='ocrx_word' id='word_1_644' title='bbox 1477 1281 1543 1302; x_wconf 89' lang='lat' dir='ltr'><strong>lout.</strong></span> <span class='ocrx_word' id='word_1_645' title='bbox 1572 1275 1607 1304; x_wconf 77' lang='lat' dir='ltr'><strong>IX</strong></span> <span class='ocrx_word' id='word_1_646' title='bbox 1635 1278 1741 1305; x_wconf 70' lang='lat' dir='ltr'><strong>(inurit.</strong></span> 
     </span>
    </p>
   </div>
   <div class='ocr_carea' id='block_1_96' title="bbox 960 1315 1352 1351">
    <p class='ocr_par' dir='ltr' id='par_1_96' title="bbox 960 1315 1352 1351">
     <span class='ocr_line' id='line_1_96' title="bbox 960 1315 1352 1351; baseline 0 -8"><span class='ocrx_word' id='word_1_647' title='bbox 960 1315 1054 1344; x_wconf 80' lang='lat' dir='ltr'><strong>Gener.</strong></span> <span class='ocrx_word' id='word_1_648' title='bbox 1077 1326 1103 1351; x_wconf 92' lang='lat' dir='ltr'><strong>p.</strong></span> <span class='ocrx_word' id='word_1_649' title='bbox 1116 1318 1179 1350; x_wconf 72' lang='grc'><strong>268,</strong></span> <span class='ocrx_word' id='word_1_650' title='bbox 1198 1318 1352 1345; x_wconf 86' lang='lat' dir='ltr'><strong>ostendunt.</strong></span> 
     </span>
    </p>
   </div>
   <div class='ocr_carea' id='block_1_97' title="bbox 997 1358 1735 1397">
    <p class='ocr_par' dir='ltr' id='par_1_97' title="bbox 997 1358 1735 1397">
     <span class='ocr_line' id='line_1_97' title="bbox 997 1358 1735 1397; baseline 0.005 -13"><span class='ocrx_word' id='word_1_651' title='bbox 997 1358 1062 1385; x_wconf 83' lang='lat' dir='ltr'><strong>Ibid.</strong></span> <span class='ocrx_word' id='word_1_652' title='bbox 1080 1358 1226 1386; x_wconf 82' lang='grc' dir='ltr'><strong>Δωδῶναι.</strong></span> <span class='ocrx_word' id='word_1_653' title='bbox 1251 1360 1296 1386; x_wconf 82' lang='lat' dir='ltr'><strong>Sic</strong></span> <span class='ocrx_word' id='word_1_654' title='bbox 1312 1368 1364 1388; x_wconf 89' lang='lat' dir='ltr'><strong>ms.</strong></span> <span class='ocrx_word' id='word_1_655' title='bbox 1380 1369 1427 1396; x_wconf 85' lang='lat' dir='ltr'><strong>pro</strong></span> <span class='ocrx_word' id='word_1_656' title='bbox 1443 1361 1568 1397; x_wconf 76' lang='grc' dir='ltr'><strong>Δωδώνη,</strong></span> <span class='ocrx_word' id='word_1_657' title='bbox 1583 1361 1661 1395; x_wconf 73' lang='lat' dir='ltr'><strong>cuius</strong></span> <span class='ocrx_word' id='word_1_658' title='bbox 1675 1361 1735 1395; x_wconf 88' lang='lat' dir='ltr'><strong>cpi-</strong></span> 
     </span>
    </p>
   </div>
   <div class='ocr_carea' id='block_1_98' title="bbox 961 1400 1738 1437">
    <p class='ocr_par' dir='ltr' id='par_1_98' title="bbox 961 1400 1738 1437">
     <span class='ocr_line' id='line_1_98' title="bbox 961 1400 1738 1437; baseline 0.001 -10"><span class='ocrx_word' id='word_1_659' title='bbox 961 1408 1058 1433; x_wconf 79' lang='lat' dir='ltr'><strong>sropus</strong></span> <span class='ocrx_word' id='word_1_660' title='bbox 1079 1400 1237 1428; x_wconf 84' lang='lat' dir='ltr'><strong>Theodorus</strong></span> <span class='ocrx_word' id='word_1_661' title='bbox 1248 1402 1366 1429; x_wconf 86' lang='lat' dir='ltr'><strong>concilio</strong></span> <span class='ocrx_word' id='word_1_662' title='bbox 1386 1403 1523 1437; x_wconf 71' lang='lat' dir='ltr'><strong>lipliesiuo</strong></span> <span class='ocrx_word' id='word_1_663' title='bbox 1550 1403 1698 1430; x_wconf 83' lang='lat' dir='ltr'><strong>subseribit</strong></span> <span class='ocrx_word' id='word_1_664' title='bbox 1711 1410 1738 1437; x_wconf 85' lang='lat' dir='ltr'><strong>p.</strong></span> 
     </span>
    </p>
   </div>
   <div class='ocr_carea' id='block_1_99' title="bbox 960 1441 1441 1468">
    <p class='ocr_par' dir='ltr' id='par_1_99' title="bbox 960 1441 1441 1468">
     <span class='ocr_line' id='line_1_99' title="bbox 960 1441 1441 1468; baseline 0 0"><span class='ocrx_word' id='word_1_665' title='bbox 960 1442 1023 1468; x_wconf 70' lang='grc'><strong>137.</strong></span> <span class='ocrx_word' id='word_1_666' title='bbox 1433 1441 1441 1450; x_wconf 81' lang='grc'><strong><em>⁸</em></strong></span> 
     </span>
    </p>
   </div>
   <div class='ocr_carea' id='block_1_100' title="bbox 997 1483 1740 1521">
    <p class='ocr_par' dir='ltr' id='par_1_100' title="bbox 997 1483 1740 1521">
     <span class='ocr_line' id='line_1_100' title="bbox 997 1483 1740 1521; baseline 0.005 -12"><span class='ocrx_word' id='word_1_667' title='bbox 997 1483 1063 1511; x_wconf 87' lang='lat' dir='ltr'><strong>Ibid.</strong></span> <span class='ocrx_word' id='word_1_668' title='bbox 1088 1483 1207 1518; x_wconf 74' lang='grc' dir='ltr'><strong>Εΰροια.</strong></span> <span class='ocrx_word' id='word_1_669' title='bbox 1225 1484 1325 1513; x_wconf 88' lang='lat' dir='ltr'><strong>Urbem</strong></span> <span class='ocrx_word' id='word_1_670' title='bbox 1342 1485 1425 1513; x_wconf 77' lang='lat' dir='ltr'><strong>fuisse</strong></span> <span class='ocrx_word' id='word_1_671' title='bbox 1449 1486 1601 1520; x_wconf 86' lang='lat' dir='ltr'><strong>antiquam,</strong></span> <span class='ocrx_word' id='word_1_672' title='bbox 1618 1491 1655 1517; x_wconf 86' lang='lat' dir='ltr'><strong>ct,</strong></span> <span class='ocrx_word' id='word_1_673' title='bbox 1669 1486 1740 1521; x_wconf 82' lang='lat' dir='ltr'><strong>quod</strong></span> 
     </span>
    </p>
   </div>
   <div class='ocr_carea' id='block_1_101' title="bbox 960 1526 1740 1560">
    <p class='ocr_par' dir='ltr' id='par_1_101' title="bbox 960 1526 1740 1560">
     <span class='ocr_line' id='line_1_101' title="bbox 960 1526 1740 1560; baseline 0.003 -8"><span class='ocrx_word' id='word_1_674' title='bbox 960 1526 1039 1560; x_wconf 83' lang='lat' dir='ltr'><strong>aquis</strong></span> <span class='ocrx_word' id='word_1_675' title='bbox 1059 1530 1132 1552; x_wconf 85' lang='lat' dir='ltr'><strong>esset</strong></span> <span class='ocrx_word' id='word_1_676' title='bbox 1147 1527 1342 1560; x_wconf 74' lang='lat' dir='ltr'><strong>eopiOsissimis</strong></span> <span class='ocrx_word' id='word_1_677' title='bbox 1355 1527 1454 1559; x_wconf 85' lang='lat' dir='ltr'><strong>cincta,</strong></span> <span class='ocrx_word' id='word_1_678' title='bbox 1473 1535 1505 1555; x_wconf 90' lang='lat' dir='ltr'><strong>co</strong></span> <span class='ocrx_word' id='word_1_679' title='bbox 1517 1528 1625 1554; x_wconf 85' lang='lat' dir='ltr'><strong>nomine</strong></span> <span class='ocrx_word' id='word_1_680' title='bbox 1641 1528 1740 1554; x_wconf 85' lang='lat' dir='ltr'><strong>dictam</strong></span> 
     </span>
    </p>
   </div>
   <div class='ocr_carea' id='block_1_102' title="bbox 960 1566 1741 1601">
    <p class='ocr_par' dir='ltr' id='par_1_102' title="bbox 960 1566 1741 1601">
     <span class='ocr_line' id='line_1_102' title="bbox 960 1566 1741 1601; baseline 0 -8"><span class='ocrx_word' id='word_1_681' title='bbox 960 1566 1108 1600; x_wconf 83' lang='lat' dir='ltr'><strong>Procopius</strong></span> <span class='ocrx_word' id='word_1_682' title='bbox 1129 1566 1210 1594; x_wconf 84' lang='lat' dir='ltr'><strong>Fabr.</strong></span> <span class='ocrx_word' id='word_1_683' title='bbox 1236 1567 1380 1595; x_wconf 90' lang='lat' dir='ltr'><strong>Justiniani</strong></span> <span class='ocrx_word' id='word_1_684' title='bbox 1399 1575 1434 1601; x_wconf 83' lang='lat' dir='ltr'><strong>tv,</strong></span> <span class='ocrx_word' id='word_1_685' title='bbox 1454 1568 1479 1600; x_wconf 87' lang='lat' dir='ltr'><strong>I,</strong></span> <span class='ocrx_word' id='word_1_686' title='bbox 1494 1568 1618 1595; x_wconf 84' lang='lat' dir='ltr'><strong>allirmat.</strong></span> <span class='ocrx_word' id='word_1_687' title='bbox 1635 1568 1741 1595; x_wconf 81' lang='lat' dir='ltr'><strong>Marcus</strong></span> 
     </span>
    </p>
   </div>
   <div class='ocr_carea' id='block_1_103' title="bbox 961 1608 1741 1643">
    <p class='ocr_par' dir='ltr' id='par_1_103' title="bbox 961 1608 1741 1643">
     <span class='ocr_line' id='line_1_103' title="bbox 961 1608 1741 1643; baseline 0.003 -10"><span class='ocrx_word' id='word_1_688' title='bbox 961 1608 1074 1643; x_wconf 77' lang='grc' dir='ltr'>Εὺροὶας</span> <span class='ocrx_word' id='word_1_689' title='bbox 1101 1615 1172 1642; x_wconf 73' lang='lat' dir='ltr'><strong>smpe</strong></span> <span class='ocrx_word' id='word_1_690' title='bbox 1201 1609 1227 1635; x_wconf 94' lang='lat' dir='ltr'><strong>in</strong></span> <span class='ocrx_word' id='word_1_691' title='bbox 1254 1608 1329 1636; x_wconf 90' lang='lat' dir='ltr'><strong>Actis</strong></span> <span class='ocrx_word' id='word_1_692' title='bbox 1356 1609 1621 1637; x_wconf 81' lang='lat' dir='ltr'><strong>Chalcedmteusibus</strong></span> <span class='ocrx_word' id='word_1_693' title='bbox 1644 1617 1741 1637; x_wconf 85' lang='lat' dir='ltr'><strong>occur-</strong></span> 
     </span>
    </p>
   </div>
   <div class='ocr_carea' id='block_1_104' title="bbox 961 1649 1742 1686">
    <p class='ocr_par' dir='ltr' id='par_1_104' title="bbox 961 1649 1742 1686">
     <span class='ocr_line' id='line_1_104' title="bbox 961 1649 1742 1686; baseline 0.001 -10"><span class='ocrx_word' id='word_1_694' title='bbox 961 1649 1005 1682; x_wconf 87' lang='lat' dir='ltr'><strong>rit,</strong></span> <span class='ocrx_word' id='word_1_695' title='bbox 1024 1655 1053 1676; x_wconf 92' lang='lat' dir='ltr'><strong>ut</strong></span> <span class='ocrx_word' id='word_1_696' title='bbox 1067 1657 1091 1684; x_wconf 90' lang='lat' dir='ltr'><strong>p.</strong></span> <span class='ocrx_word' id='word_1_697' title='bbox 1121 1649 1183 1682; x_wconf 70' lang='lat' dir='ltr'><strong>I26,</strong></span> <span class='ocrx_word' id='word_1_698' title='bbox 1209 1653 1280 1686; x_wconf 88' lang='lat' dir='ltr'><strong>etp.</strong></span> <span class='ocrx_word' id='word_1_699' title='bbox 1299 1649 1362 1684; x_wconf 82' lang='lat'><strong>566,</strong></span> <span class='ocrx_word' id='word_1_700' title='bbox 1386 1651 1431 1678; x_wconf 87' lang='lat' dir='ltr'><strong>ubi</strong></span> <span class='ocrx_word' id='word_1_701' title='bbox 1453 1659 1594 1686; x_wconf 86' lang='lat' dir='ltr'><strong>perperam</strong></span> <span class='ocrx_word' id='word_1_702' title='bbox 1625 1650 1742 1681; x_wconf 76' lang='grc' dir='ltr'>Εὖϐοίας</span> 
     </span>
    </p>
   </div>
   <div class='ocr_carea' id='block_1_105' title="bbox 961 1691 1741 1726">
    <p class='ocr_par' dir='ltr' id='par_1_105' title="bbox 961 1691 1741 1726">
     <span class='ocr_line' id='line_1_105' title="bbox 961 1691 1741 1726; baseline 0.004 -8"><span class='ocrx_word' id='word_1_703' title='bbox 961 1691 1059 1726; x_wconf 60' lang='lat' dir='ltr'><strong>praesul</strong></span> <span class='ocrx_word' id='word_1_704' title='bbox 1078 1692 1187 1719; x_wconf 89' lang='lat' dir='ltr'><strong>dicitur.</strong></span> <span class='ocrx_word' id='word_1_705' title='bbox 1206 1691 1273 1719; x_wconf 87' lang='lat' dir='ltr'><strong>Vide</strong></span> <span class='ocrx_word' id='word_1_706' title='bbox 1287 1691 1421 1719; x_wconf 86' lang='lat' dir='ltr'><strong>Valesium</strong></span> <span class='ocrx_word' id='word_1_707' title='bbox 1439 1693 1464 1720; x_wconf 90' lang='lat' dir='ltr'><strong>in</strong></span> <span class='ocrx_word' id='word_1_708' title='bbox 1479 1693 1619 1721; x_wconf 79' lang='lat' dir='ltr'><strong>Sozomen.</strong></span> <span class='ocrx_word' id='word_1_709' title='bbox 1630 1701 1678 1725; x_wconf 89' lang='lat' dir='ltr'><strong>vn,</strong></span> <span class='ocrx_word' id='word_1_710' title='bbox 1694 1693 1741 1721; x_wconf 67' lang='lat' dir='ltr'><strong>2t}.</strong></span> 
     </span>
    </p>
   </div>
   <div class='ocr_carea' id='block_1_106' title="bbox 993 1732 1740 1761">
    <p class='ocr_par' dir='ltr' id='par_1_106' title="bbox 993 1732 1740 1761">
     <span class='ocr_line' id='line_1_106' title="bbox 993 1732 1740 1761; baseline 0 -1"><span class='ocrx_word' id='word_1_711' title='bbox 993 1732 1061 1760; x_wconf 87' lang='lat' dir='ltr'><strong>Ibid.</strong></span> <span class='ocrx_word' id='word_1_712' title='bbox 1091 1733 1224 1760; x_wconf 67' lang='lat' dir='ltr'><strong>‘Axrlav.</strong></span> <span class='ocrx_word' id='word_1_713' title='bbox 1247 1732 1378 1760; x_wconf 85' lang='lat' dir='ltr'><strong>Vitiosum</strong></span> <span class='ocrx_word' id='word_1_714' title='bbox 1399 1738 1426 1760; x_wconf 78' lang='lat' dir='ltr'><strong>et</strong></span> <span class='ocrx_word' id='word_1_715' title='bbox 1441 1741 1473 1761; x_wconf 73' lang='lat' dir='ltr'><strong>ex</strong></span> <span class='ocrx_word' id='word_1_716' title='bbox 1500 1735 1611 1761; x_wconf 79' lang='grc' dir='ltr'><strong>’Λκτιον</strong></span> <span class='ocrx_word' id='word_1_717' title='bbox 1648 1739 1740 1760; x_wconf 86' lang='lat' dir='ltr'><strong>ttatqu</strong></span> 
     </span>
    </p>
   </div>
   <div class='ocr_carea' id='block_1_107' title="bbox 958 1774 1741 1810">
    <p class='ocr_par' dir='ltr' id='par_1_107' title="bbox 958 1774 1741 1810">
     <span class='ocr_line' id='line_1_107' title="bbox 958 1774 1741 1810; baseline 0 -9"><span class='ocrx_word' id='word_1_718' title='bbox 958 1779 1009 1802; x_wconf 88' lang='lat' dir='ltr'><strong>est.</strong></span> <span class='ocrx_word' id='word_1_719' title='bbox 1025 1774 1086 1802; x_wconf 83' lang='lat' dir='ltr'><strong>Fuit</strong></span> <span class='ocrx_word' id='word_1_720' title='bbox 1100 1775 1206 1802; x_wconf 84' lang='lat' dir='ltr'><strong>Actium</strong></span> <span class='ocrx_word' id='word_1_721' title='bbox 1222 1774 1327 1802; x_wconf 80' lang='lat' dir='ltr'><strong>colonia</strong></span> <span class='ocrx_word' id='word_1_722' title='bbox 1343 1775 1376 1801; x_wconf 88' lang='lat' dir='ltr'><strong>ad</strong></span> <span class='ocrx_word' id='word_1_723' title='bbox 1390 1775 1479 1802; x_wconf 85' lang='lat' dir='ltr'><strong>sinum</strong></span> <span class='ocrx_word' id='word_1_724' title='bbox 1493 1776 1674 1809; x_wconf 90' lang='lat' dir='ltr'><strong>Ambracium,</strong></span> <span class='ocrx_word' id='word_1_725' title='bbox 1690 1783 1741 1810; x_wconf 84' lang='lat' dir='ltr'><strong>qua</strong></span> 
     </span>
    </p>
   </div>
   <div class='ocr_carea' id='block_1_108' title="bbox 959 1816 1215 1850">
    <p class='ocr_par' dir='ltr' id='par_1_108' title="bbox 959 1816 1215 1850">
     <span class='ocr_line' id='line_1_108' title="bbox 959 1816 1215 1850; baseline 0 -6"><span class='ocrx_word' id='word_1_726' title='bbox 959 1817 992 1844; x_wconf 92' lang='lat' dir='ltr'><strong>de</strong></span> <span class='ocrx_word' id='word_1_727' title='bbox 1006 1816 1110 1843; x_wconf 90' lang='lat' dir='ltr'><strong>Plinius</strong></span> <span class='ocrx_word' id='word_1_728' title='bbox 1131 1825 1167 1850; x_wconf 86' lang='lat' dir='ltr'><strong>tv,</strong></span> <span class='ocrx_word' id='word_1_729' title='bbox 1191 1817 1215 1844; x_wconf 83' lang='grc' dir='ltr'><strong>Ι.</strong></span> 
     </span>
    </p>
   </div>
   <div class='ocr_carea' id='block_1_109' title="bbox 995 1857 1740 1893">
    <p class='ocr_par' dir='ltr' id='par_1_109' title="bbox 995 1857 1740 1893">
     <span class='ocr_line' id='line_1_109' title="bbox 995 1857 1740 1893; baseline 0.003 -9"><span class='ocrx_word' id='word_1_730' title='bbox 995 1857 1061 1885; x_wconf 86' lang='lat' dir='ltr'><strong>ibid.</strong></span> <span class='ocrx_word' id='word_1_731' title='bbox 1081 1857 1338 1893; x_wconf 49' lang='grc' dir='ltr'><strong>Ἀδδοιοινοιίνπολι-ις⁴</strong></span> <span class='ocrx_word' id='word_1_732' title='bbox 1357 1859 1521 1888; x_wconf 65' lang='lat' dir='ltr'><strong>Instaurasse</strong></span> <span class='ocrx_word' id='word_1_733' title='bbox 1532 1865 1591 1886; x_wconf 81' lang='lat' dir='ltr'><strong>eam</strong></span> <span class='ocrx_word' id='word_1_734' title='bbox 1603 1859 1740 1886; x_wconf 82' lang='lat' dir='ltr'><strong>civitatem</strong></span> 
     </span>
    </p>
   </div>
   <div class='ocr_carea' id='block_1_110' title="bbox 959 1900 1740 1938">
    <p class='ocr_par' dir='ltr' id='par_1_110' title="bbox 959 1900 1740 1938">
     <span class='ocr_line' id='line_1_110' title="bbox 959 1900 1740 1938; baseline 0.003 -13"><span class='ocrx_word' id='word_1_735' title='bbox 959 1902 987 1926; x_wconf 87' lang='lat' dir='ltr'><strong>et</strong></span> <span class='ocrx_word' id='word_1_736' title='bbox 999 1905 1051 1926; x_wconf 87' lang='lat' dir='ltr'><strong>suo</strong></span> <span class='ocrx_word' id='word_1_737' title='bbox 1065 1901 1171 1928; x_wconf 86' lang='lat' dir='ltr'><strong>nomine</strong></span> <span class='ocrx_word' id='word_1_738' title='bbox 1186 1900 1317 1936; x_wconf 77' lang='lat' dir='ltr'><strong>insignem</strong></span> <span class='ocrx_word' id='word_1_739' title='bbox 1329 1900 1616 1938; x_wconf 55' lang='lat' dir='ltr'><strong>fecissejustinianum</strong></span> <span class='ocrx_word' id='word_1_740' title='bbox 1631 1908 1664 1928; x_wconf 79' lang='lat' dir='ltr'><strong>ex</strong></span> <span class='ocrx_word' id='word_1_741' title='bbox 1676 1900 1740 1927; x_wconf 84' lang='lat' dir='ltr'><strong>Pro-</strong></span> 
     </span>
    </p>
   </div>
   <div class='ocr_carea' id='block_1_111' title="bbox 959 1939 1740 1975">
    <p class='ocr_par' dir='ltr' id='par_1_111' title="bbox 959 1939 1740 1975">
     <span class='ocr_line' id='line_1_111' title="bbox 959 1939 1740 1975; baseline 0.001 -7"><span class='ocrx_word' id='word_1_742' title='bbox 959 1941 1039 1975; x_wconf 90' lang='lat' dir='ltr'><strong>copio</strong></span> <span class='ocrx_word' id='word_1_743' title='bbox 1059 1942 1193 1970; x_wconf 89' lang='lat' dir='ltr'><strong>novimus.</strong></span> <span class='ocrx_word' id='word_1_744' title='bbox 1214 1942 1311 1970; x_wconf 85' lang='lat' dir='ltr'><strong>Sedcm</strong></span> <span class='ocrx_word' id='word_1_745' title='bbox 1329 1943 1422 1970; x_wconf 84' lang='lat' dir='ltr'><strong>habuit</strong></span> <span class='ocrx_word' id='word_1_746' title='bbox 1438 1939 1465 1970; x_wconf 84' lang='lat' dir='ltr'><strong>in</strong></span> <span class='ocrx_word' id='word_1_747' title='bbox 1481 1942 1697 1975; x_wconf 86' lang='lat' dir='ltr'><strong>mediterraneis,</strong></span> <span class='ocrx_word' id='word_1_748' title='bbox 1717 1943 1740 1969; x_wconf 81' lang='lat' dir='ltr'><strong>si</strong></span> 
     </span>
    </p>
   </div>
   <div class='ocr_carea' id='block_1_112' title="bbox 959 1980 1734 2018">
    <p class='ocr_par' dir='ltr' id='par_1_112' title="bbox 959 1980 1734 2018">
     <span class='ocr_line' id='line_1_112' title="bbox 959 1980 1734 2018; baseline 0.004 -10"><span class='ocrx_word' id='word_1_749' title='bbox 959 1980 1070 2009; x_wconf 78' lang='lat' dir='ltr'><strong>Tabula:</strong></span> <span class='ocrx_word' id='word_1_750' title='bbox 1088 1983 1194 2018; x_wconf 67' lang='lat' dir='ltr'><strong>scripta:</strong></span> <span class='ocrx_word' id='word_1_751' title='bbox 1215 1983 1279 2011; x_wconf 84' lang='lat' dir='ltr'><strong>lides</strong></span> <span class='ocrx_word' id='word_1_752' title='bbox 1295 1988 1355 2011; x_wconf 84' lang='lat' dir='ltr'><strong>est:</strong></span> <span class='ocrx_word' id='word_1_753' title='bbox 1372 1991 1434 2011; x_wconf 91' lang='lat' dir='ltr'><strong>nam</strong></span> <span class='ocrx_word' id='word_1_754' title='bbox 1457 1984 1523 2010; x_wconf 82' lang='lat' dir='ltr'><strong>Acta</strong></span> <span class='ocrx_word' id='word_1_755' title='bbox 1541 1983 1569 2012; x_wconf 88' lang='lat' dir='ltr'><strong>S.</strong></span> <span class='ocrx_word' id='word_1_756' title='bbox 1586 1982 1678 2012; x_wconf 88' lang='lat' dir='ltr'><strong>Leucii</strong></span> <span class='ocrx_word' id='word_1_757' title='bbox 1707 1983 1734 2011; x_wconf 89' lang='lat' dir='ltr'><strong>II</strong></span> 
     </span>
    </p>
   </div>
   <div class='ocr_carea' id='block_1_113' title="bbox 958 2023 1740 2060">
    <p class='ocr_par' dir='ltr' id='par_1_113' title="bbox 958 2023 1740 2060">
     <span class='ocr_line' id='line_1_113' title="bbox 958 2023 1740 2060; baseline 0.003 -10"><span class='ocrx_word' id='word_1_758' title='bbox 958 2023 1073 2052; x_wconf 85' lang='lat' dir='ltr'><strong>Januar.</strong></span> <span class='ocrx_word' id='word_1_759' title='bbox 1092 2027 1158 2052; x_wconf 86' lang='lat' dir='ltr'><strong>mari</strong></span> <span class='ocrx_word' id='word_1_760' title='bbox 1186 2026 1340 2053; x_wconf 83' lang='lat' dir='ltr'><strong>admovent.</strong></span> <span class='ocrx_word' id='word_1_761' title='bbox 1357 2026 1428 2052; x_wconf 83' lang='lat' dir='ltr'><strong>Tum:</strong></span> <span class='ocrx_word' id='word_1_762' title='bbox 1443 2026 1547 2060; x_wconf 80' lang='lat' dir='ltr'><strong>quidem</strong></span> <span class='ocrx_word' id='word_1_763' title='bbox 1577 2026 1740 2060; x_wconf 70' lang='lat' dir='ltr'><strong>navigantes,</strong></span> 
     </span>
    </p>
   </div>
   <div class='ocr_carea' id='block_1_114' title="bbox 959 2065 1741 2100">
    <p class='ocr_par' dir='ltr' id='par_1_114' title="bbox 959 2065 1741 2100">
     <span class='ocr_line' id='line_1_114' title="bbox 959 2065 1741 2100; baseline 0.001 -8"><span class='ocrx_word' id='word_1_764' title='bbox 959 2065 1044 2098; x_wconf 79' lang='lat' dir='ltr'><strong>alunt,</strong></span> <span class='ocrx_word' id='word_1_765' title='bbox 1060 2066 1150 2093; x_wconf 70' lang='lat' dir='ltr'><strong>diebus</strong></span> <span class='ocrx_word' id='word_1_766' title='bbox 1167 2066 1200 2094; x_wconf 82' lang='lat' dir='ltr'><strong>I5</strong></span> <span class='ocrx_word' id='word_1_767' title='bbox 1212 2073 1380 2100; x_wconf 72' lang='lat' dir='ltr'><strong>pervenerunt</strong></span> <span class='ocrx_word' id='word_1_768' title='bbox 1392 2067 1417 2093; x_wconf 86' lang='lat' dir='ltr'><strong>iu</strong></span> <span class='ocrx_word' id='word_1_769' title='bbox 1432 2071 1561 2093; x_wconf 79' lang='lat' dir='ltr'><strong>ctvttalcm</strong></span> <span class='ocrx_word' id='word_1_770' title='bbox 1573 2067 1741 2100; x_wconf 69' lang='lat' dir='ltr'><strong>Adrianopoo-</strong></span> 
     </span>
    </p>
   </div>
   <div class='ocr_carea' id='block_1_115' title="bbox 960 2107 1738 2139">
    <p class='ocr_par' dir='ltr' id='par_1_115' title="bbox 960 2107 1738 2139">
     <span class='ocr_line' id='line_1_115' title="bbox 960 2107 1738 2139; baseline 0.003 -7"><span class='ocrx_word' id='word_1_771' title='bbox 960 2107 1018 2139; x_wconf 85' lang='lat' dir='ltr'><strong>lim,</strong></span> <span class='ocrx_word' id='word_1_772' title='bbox 1035 2112 1057 2134; x_wconf 78' lang='lat' dir='ltr'><strong>et</strong></span> <span class='ocrx_word' id='word_1_773' title='bbox 1073 2107 1130 2133; x_wconf 77' lang='lat' dir='ltr'><strong>illic</strong></span> <span class='ocrx_word' id='word_1_774' title='bbox 1158 2107 1266 2134; x_wconf 75' lang='lat' dir='ltr'><strong>adltmsit</strong></span> <span class='ocrx_word' id='word_1_775' title='bbox 1283 2107 1332 2133; x_wconf 82' lang='lat' dir='ltr'><strong>sibi</strong></span> <span class='ocrx_word' id='word_1_776' title='bbox 1343 2107 1408 2134; x_wconf 70' lang='lat' dir='ltr'><strong>duo:</strong></span> <span class='ocrx_word' id='word_1_777' title='bbox 1427 2109 1573 2134; x_wconf 73' lang='lat' dir='ltr'><strong>tarerdotes</strong></span> <span class='ocrx_word' id='word_1_778' title='bbox 1587 2107 1699 2134; x_wconf 75' lang='lat' dir='ltr'><strong>Leonem</strong></span> <span class='ocrx_word' id='word_1_779' title='bbox 1715 2114 1738 2134; x_wconf 74' lang='lat' dir='ltr'><strong>rt</strong></span> 
     </span>
    </p>
   </div>
   <div class='ocr_carea' id='block_1_116' title="bbox 959 2147 1738 2183">
    <p class='ocr_par' dir='ltr' id='par_1_116' title="bbox 959 2147 1738 2183">
     <span class='ocr_line' id='line_1_116' title="bbox 959 2147 1738 2183; baseline 0.001 -8"><span class='ocrx_word' id='word_1_780' title='bbox 959 2147 1097 2180; x_wconf 82' lang='lat' dir='ltr'><strong>Sabinum,</strong></span> <span class='ocrx_word' id='word_1_781' title='bbox 1117 2152 1141 2174; x_wconf 86' lang='lat' dir='ltr'><strong>et</strong></span> <span class='ocrx_word' id='word_1_782' title='bbox 1160 2148 1265 2174; x_wconf 74' lang='lat' dir='ltr'><strong>inventa</strong></span> <span class='ocrx_word' id='word_1_783' title='bbox 1287 2149 1346 2174; x_wconf 81' lang='lat' dir='ltr'><strong>navi</strong></span> <span class='ocrx_word' id='word_1_784' title='bbox 1362 2148 1393 2175; x_wconf 82' lang='lat' dir='ltr'><strong>de</strong></span> <span class='ocrx_word' id='word_1_785' title='bbox 1405 2147 1501 2183; x_wconf 77' lang='lat' dir='ltr'><strong>theyio</strong></span> <span class='ocrx_word' id='word_1_786' title='bbox 1521 2150 1634 2183; x_wconf 83' lang='lat' dir='ltr'><strong>datoque</strong></span> <span class='ocrx_word' id='word_1_787' title='bbox 1659 2149 1738 2176; x_wconf 80' lang='lat' dir='ltr'><strong>imula</strong></span> 
     </span>
    </p>
   </div>
   <div class='ocr_carea' id='block_1_117' title="bbox 959 2189 1739 2224">
    <p class='ocr_par' dir='ltr' id='par_1_117' title="bbox 959 2189 1739 2224">
     <span class='ocr_line' id='line_1_117' title="bbox 959 2189 1739 2224; baseline 0.001 -8"><span class='ocrx_word' id='word_1_788' title='bbox 959 2189 1076 2216; x_wconf 80' lang='lat' dir='ltr'><strong>ascendit</strong></span> <span class='ocrx_word' id='word_1_789' title='bbox 1086 2189 1112 2215; x_wconf 87' lang='lat' dir='ltr'><strong>in</strong></span> <span class='ocrx_word' id='word_1_790' title='bbox 1124 2197 1181 2215; x_wconf 80' lang='lat' dir='ltr'><strong>eam</strong></span> <span class='ocrx_word' id='word_1_791' title='bbox 1191 2189 1409 2224; x_wconf 81' lang='lat' dir='ltr'><strong>llydrunmmque</strong></span> <span class='ocrx_word' id='word_1_792' title='bbox 1420 2190 1534 2223; x_wconf 75' lang='lat' dir='ltr'><strong>peruenit</strong></span> <span class='ocrx_word' id='word_1_793' title='bbox 1547 2197 1556 2217; x_wconf 89' lang='lat'><em>:</em></span> <span class='ocrx_word' id='word_1_794' title='bbox 1568 2197 1656 2224; x_wconf 83' lang='lat' dir='ltr'><strong>neque</strong></span> <span class='ocrx_word' id='word_1_795' title='bbox 1667 2192 1739 2217; x_wconf 83' lang='lat' dir='ltr'><strong>enim</strong></span> 
     </span>
    </p>
   </div>
   <div class='ocr_carea' id='block_1_118' title="bbox 960 2230 1739 2266">
    <p class='ocr_par' dir='ltr' id='par_1_118' title="bbox 960 2230 1739 2266">
     <span class='ocr_line' id='line_1_118' title="bbox 960 2230 1739 2266; baseline 0.001 -8"><span class='ocrx_word' id='word_1_796' title='bbox 960 2232 1069 2258; x_wconf 83' lang='lat' dir='ltr'><strong>dubium</strong></span> <span class='ocrx_word' id='word_1_797' title='bbox 1095 2235 1136 2258; x_wconf 89' lang='lat' dir='ltr'><strong>cst</strong></span> <span class='ocrx_word' id='word_1_798' title='bbox 1151 2231 1214 2265; x_wconf 93' lang='lat' dir='ltr'><strong>quin</strong></span> <span class='ocrx_word' id='word_1_799' title='bbox 1236 2230 1367 2259; x_wconf 85' lang='lat' dir='ltr'><strong>barbarus</strong></span> <span class='ocrx_word' id='word_1_800' title='bbox 1397 2231 1514 2266; x_wconf 87' lang='lat' dir='ltr'><strong>scriptor</strong></span> <span class='ocrx_word' id='word_1_801' title='bbox 1538 2232 1608 2259; x_wconf 85' lang='lat' dir='ltr'><strong>hanc</strong></span> <span class='ocrx_word' id='word_1_802' title='bbox 1634 2232 1739 2259; x_wconf 78' lang='lat' dir='ltr'><strong>intelle—</strong></span> 
     </span>
    </p>
   </div>
   <div class='ocr_carea' id='block_1_119' title="bbox 958 2272 1037 2299">
    <p class='ocr_par' dir='ltr' id='par_1_119' title="bbox 958 2272 1037 2299">
     <span class='ocr_line' id='line_1_119' title="bbox 958 2272 1037 2299; baseline 0 0"><span class='ocrx_word' id='word_1_803' title='bbox 958 2272 1037 2299; x_wconf 71' lang='lat' dir='ltr'><strong>xerit.</strong></span> 
     </span>
    </p>
   </div>
   <div class='ocr_carea' id='block_1_120' title="bbox 993 2312 1739 2348">
    <p class='ocr_par' dir='ltr' id='par_1_120' title="bbox 993 2312 1739 2348">
     <span class='ocr_line' id='line_1_120' title="bbox 993 2312 1739 2348; baseline -0.001 -8"><span class='ocrx_word' id='word_1_804' title='bbox 993 2313 1060 2340; x_wconf 86' lang='lat' dir='ltr'><strong>Ibid.</strong></span> <span class='ocrx_word' id='word_1_805' title='bbox 1080 2313 1213 2340; x_wconf 77' lang='grc' dir='ltr'><strong>Ἀππων.</strong></span> <span class='ocrx_word' id='word_1_806' title='bbox 1229 2312 1316 2347; x_wconf 81' lang='lat' dir='ltr'><strong>Argos</strong></span> <span class='ocrx_word' id='word_1_807' title='bbox 1329 2313 1548 2348; x_wconf 84' lang='lat' dir='ltr'><strong>Amphilochium</strong></span> <span class='ocrx_word' id='word_1_808' title='bbox 1564 2314 1590 2340; x_wconf 90' lang='lat' dir='ltr'><strong>in</strong></span> <span class='ocrx_word' id='word_1_809' title='bbox 1606 2315 1657 2342; x_wconf 84' lang='lat' dir='ltr'><strong>hac</strong></span> <span class='ocrx_word' id='word_1_810' title='bbox 1674 2321 1739 2340; x_wconf 86' lang='lat' dir='ltr'><strong>voee</strong></span> 
     </span>
    </p>
   </div>
   <div class='ocr_carea' id='block_1_121' title="bbox 959 2354 1734 2390">
    <p class='ocr_par' dir='ltr' id='par_1_121' title="bbox 959 2354 1734 2390">
     <span class='ocr_line' id='line_1_121' title="bbox 959 2354 1734 2390; baseline 0 -8"><span class='ocrx_word' id='word_1_811' title='bbox 959 2355 1052 2386; x_wconf 75' lang='lat' dir='ltr'><strong>latere,</strong></span> <span class='ocrx_word' id='word_1_812' title='bbox 1071 2355 1092 2382; x_wconf 92' lang='lat' dir='ltr'><strong>si</strong></span> <span class='ocrx_word' id='word_1_813' title='bbox 1108 2355 1172 2389; x_wconf 86' lang='lat' dir='ltr'><strong>quid</strong></span> <span class='ocrx_word' id='word_1_814' title='bbox 1187 2354 1280 2381; x_wconf 84' lang='lat' dir='ltr'><strong>auxilii</strong></span> <span class='ocrx_word' id='word_1_815' title='bbox 1297 2362 1312 2382; x_wconf 89' lang='lat' dir='ltr'><strong>a</strong></span> <span class='ocrx_word' id='word_1_816' title='bbox 1332 2362 1396 2382; x_wconf 91' lang='lat' dir='ltr'><strong>mss.</strong></span> <span class='ocrx_word' id='word_1_817' title='bbox 1413 2359 1495 2387; x_wconf 81' lang='lat' dir='ltr'><strong>esset,</strong></span> <span class='ocrx_word' id='word_1_818' title='bbox 1515 2355 1578 2382; x_wconf 86' lang='lat' dir='ltr'><strong>mihi</strong></span> <span class='ocrx_word' id='word_1_819' title='bbox 1590 2357 1734 2390; x_wconf 59' lang='lat' dir='ltr'><strong>persuade</strong></span> 
     </span>
    </p>
   </div>
   <div class='ocr_carea' id='block_1_122' title="bbox 958 2394 1568 2431">
    <p class='ocr_par' dir='ltr' id='par_1_122' title="bbox 958 2394 1568 2431">
     <span class='ocr_line' id='line_1_122' title="bbox 958 2394 1568 2431; baseline 0.002 -8"><span class='ocrx_word' id='word_1_820' title='bbox 958 2403 1024 2423; x_wconf 86' lang='lat' dir='ltr'><strong>rem.</strong></span> <span class='ocrx_word' id='word_1_821' title='bbox 1038 2395 1078 2422; x_wconf 88' lang='lat' dir='ltr'><strong>De</strong></span> <span class='ocrx_word' id='word_1_822' title='bbox 1095 2394 1222 2422; x_wconf 75' lang='lat' dir='ltr'><strong>Phoenice</strong></span> <span class='ocrx_word' id='word_1_823' title='bbox 1237 2396 1297 2422; x_wconf 88' lang='lat' dir='ltr'><strong>vide</strong></span> <span class='ocrx_word' id='word_1_824' title='bbox 1308 2396 1370 2423; x_wconf 81' lang='lat' dir='ltr'><strong>Aut.</strong></span> <span class='ocrx_word' id='word_1_825' title='bbox 1389 2395 1451 2423; x_wconf 80' lang='lat' dir='ltr'><strong>Itin.</strong></span> <span class='ocrx_word' id='word_1_826' title='bbox 1467 2404 1493 2431; x_wconf 90' lang='lat' dir='ltr'><strong>p.</strong></span> <span class='ocrx_word' id='word_1_827' title='bbox 1506 2397 1568 2424; x_wconf 69' lang='lat'><strong>524.</strong></span> 
     </span>
    </p>
   </div>
   <div class='ocr_carea' id='block_1_123' title="bbox 992 2436 1741 2473">
    <p class='ocr_par' dir='ltr' id='par_1_123' title="bbox 992 2436 1741 2473">
     <span class='ocr_line' id='line_1_123' title="bbox 992 2436 1741 2473; baseline -0.003 -9"><span class='ocrx_word' id='word_1_828' title='bbox 992 2437 1058 2465; x_wconf 87' lang='lat' dir='ltr'><strong>Ibid.</strong></span> <span class='ocrx_word' id='word_1_829' title='bbox 1072 2437 1256 2472; x_wconf 77' lang='grc' dir='ltr'><strong>Ἀγχιασμός.</strong></span> <span class='ocrx_word' id='word_1_830' title='bbox 1279 2436 1426 2472; x_wconf 76' lang='lat' dir='ltr'><strong>Episcopus</strong></span> <span class='ocrx_word' id='word_1_831' title='bbox 1460 2437 1624 2473; x_wconf 74' lang='grc' dir='ltr'><strong>Ἀγχιασμοῦ</strong></span> <span class='ocrx_word' id='word_1_832' title='bbox 1647 2437 1741 2463; x_wconf 70' lang='lat' dir='ltr'><strong>‘Ilmi-</strong></span> 
     </span>
    </p>
   </div>
   <div class='ocr_carea' id='block_1_124' title="bbox 959 2479 1736 2514">
    <p class='ocr_par' dir='ltr' id='par_1_124' title="bbox 959 2479 1736 2514">
     <span class='ocr_line' id='line_1_124' title="bbox 959 2479 1736 2514; baseline 0 -9"><span class='ocrx_word' id='word_1_833' title='bbox 959 2487 1017 2514; x_wconf 82' lang='grc' dir='ltr'>ρου,</span> <span class='ocrx_word' id='word_1_834' title='bbox 1049 2479 1177 2511; x_wconf 80' lang='grc' dir='ltr'>παλαιᾶς,</span> <span class='ocrx_word' id='word_1_835' title='bbox 1205 2480 1251 2513; x_wconf 85' lang='lat' dir='ltr'><strong>qui</strong></span> <span class='ocrx_word' id='word_1_836' title='bbox 1279 2479 1410 2506; x_wconf 80' lang='lat' dir='ltr'><strong>Ancliiuxi</strong></span> <span class='ocrx_word' id='word_1_837' title='bbox 1439 2480 1464 2506; x_wconf 91' lang='lat' dir='ltr'><strong>in</strong></span> <span class='ocrx_word' id='word_1_838' title='bbox 1488 2481 1622 2511; x_wconf 82' lang='lat' dir='ltr'><strong>versione,</strong></span> <span class='ocrx_word' id='word_1_839' title='bbox 1650 2485 1691 2506; x_wconf 86' lang='lat' dir='ltr'><strong>cst</strong></span> <span class='ocrx_word' id='word_1_840' title='bbox 1710 2481 1736 2505; x_wconf 93' lang='lat' dir='ltr'><strong>in</strong></span> 
     </span>
    </p>
   </div>
   <div class='ocr_carea' id='block_1_125' title="bbox 957 2520 1738 2555">
    <p class='ocr_par' dir='ltr' id='par_1_125' title="bbox 957 2520 1738 2555">
     <span class='ocr_line' id='line_1_125' title="bbox 957 2520 1738 2555; baseline 0 -8"><span class='ocrx_word' id='word_1_841' title='bbox 957 2520 1169 2547; x_wconf 76' lang='lat' dir='ltr'><strong>Clialccdoneusi</strong></span> <span class='ocrx_word' id='word_1_842' title='bbox 1202 2520 1318 2547; x_wconf 87' lang='lat' dir='ltr'><strong>concilio</strong></span> <span class='ocrx_word' id='word_1_843' title='bbox 1343 2528 1367 2554; x_wconf 93' lang='lat' dir='ltr'><strong>p.</strong></span> <span class='ocrx_word' id='word_1_844' title='bbox 1384 2520 1444 2548; x_wconf 74' lang='lat' dir='ltr'><strong>I26.</strong></span> <span class='ocrx_word' id='word_1_845' title='bbox 1476 2521 1556 2547; x_wconf 82' lang='lat' dir='ltr'><strong>Forte</strong></span> <span class='ocrx_word' id='word_1_846' title='bbox 1577 2525 1669 2555; x_wconf 85' lang='lat' dir='ltr'><strong>portus</strong></span> <span class='ocrx_word' id='word_1_847' title='bbox 1695 2525 1738 2547; x_wconf 60' lang='lat' dir='ltr'><strong>est</strong></span> 
     </span>
    </p>
   </div>
   <div class='ocr_carea' id='block_1_126' title="bbox 958 2561 1737 2595">
    <p class='ocr_par' dir='ltr' id='par_1_126' title="bbox 958 2561 1737 2595">
     <span class='ocr_line' id='line_1_126' title="bbox 958 2561 1737 2595; baseline -0.001 -6"><span class='ocrx_word' id='word_1_848' title='bbox 958 2561 1136 2591; x_wconf 85' lang='lat' dir='ltr'><strong>Ouchesmus.</strong></span> <span class='ocrx_word' id='word_1_849' title='bbox 1153 2562 1186 2588; x_wconf 90' lang='lat' dir='ltr'><strong>de</strong></span> <span class='ocrx_word' id='word_1_850' title='bbox 1200 2568 1253 2595; x_wconf 90' lang='lat' dir='ltr'><strong>quo</strong></span> <span class='ocrx_word' id='word_1_851' title='bbox 1268 2568 1299 2588; x_wconf 72' lang='lat' dir='ltr'><strong>ex</strong></span> <span class='ocrx_word' id='word_1_852' title='bbox 1319 2561 1454 2589; x_wconf 82' lang='lat' dir='ltr'><strong>Strabone</strong></span> <span class='ocrx_word' id='word_1_853' title='bbox 1469 2568 1495 2589; x_wconf 88' lang='lat' dir='ltr'><strong>et</strong></span> <span class='ocrx_word' id='word_1_854' title='bbox 1512 2562 1657 2590; x_wconf 62' lang='lat' dir='ltr'><strong>Ptolemaeo</strong></span> <span class='ocrx_word' id='word_1_855' title='bbox 1675 2561 1737 2588; x_wconf 82' lang='lat' dir='ltr'><strong>Pal-</strong></span> 
     </span>
    </p>
   </div>
   <div class='ocr_carea' id='block_1_127' title="bbox 957 2602 1457 2637">
    <p class='ocr_par' dir='ltr' id='par_1_127' title="bbox 957 2602 1457 2637">
     <span class='ocr_line' id='line_1_127' title="bbox 957 2602 1457 2637; baseline 0.002 -7"><span class='ocrx_word' id='word_1_856' title='bbox 957 2604 1059 2630; x_wconf 86' lang='lat' dir='ltr'><strong>merius</strong></span> <span class='ocrx_word' id='word_1_857' title='bbox 1077 2602 1161 2630; x_wconf 60' lang='lat' dir='ltr'><strong>Grec.</strong></span> <span class='ocrx_word' id='word_1_858' title='bbox 1179 2602 1242 2629; x_wconf 80' lang='lat' dir='ltr'><strong>Ant.</strong></span> <span class='ocrx_word' id='word_1_859' title='bbox 1260 2610 1290 2635; x_wconf 86' lang='lat' dir='ltr'><strong>tt,</strong></span> <span class='ocrx_word' id='word_1_860' title='bbox 1308 2602 1334 2635; x_wconf 66' lang='grc' dir='ltr'><strong>ἓ,</strong></span> <span class='ocrx_word' id='word_1_861' title='bbox 1350 2610 1376 2637; x_wconf 87' lang='lat' dir='ltr'><strong>p.</strong></span> <span class='ocrx_word' id='word_1_862' title='bbox 1395 2604 1457 2631; x_wconf 69' lang='grc'><strong>215.</strong></span> 
     </span>
    </p>
   </div>
   <div class='ocr_carea' id='block_1_128' title="bbox 991 2644 1737 2683">
    <p class='ocr_par' dir='ltr' id='par_1_128' title="bbox 991 2644 1737 2683">
     <span class='ocr_line' id='line_1_128' title="bbox 991 2644 1737 2683; baseline -0.001 -11"><span class='ocrx_word' id='word_1_863' title='bbox 991 2644 1048 2672; x_wconf 90' lang='lat' dir='ltr'><strong>Ibid</strong></span> <span class='ocrx_word' id='word_1_864' title='bbox 1070 2644 1225 2678; x_wconf 79' lang='grc' dir='ltr'><strong>Βούτριτος</strong></span> <span class='ocrx_word' id='word_1_865' title='bbox 1253 2644 1422 2683; x_wconf 44' lang='grc' dir='ltr'><strong>Βοιιθρωτὺς,</strong></span> <span class='ocrx_word' id='word_1_866' title='bbox 1446 2645 1480 2672; x_wconf 87' lang='lat' dir='ltr'><strong>de</strong></span> <span class='ocrx_word' id='word_1_867' title='bbox 1499 2653 1551 2679; x_wconf 85' lang='lat' dir='ltr'><strong>qua</strong></span> <span class='ocrx_word' id='word_1_868' title='bbox 1576 2645 1651 2672; x_wconf 89' lang='lat' dir='ltr'><strong>alias.</strong></span> <span class='ocrx_word' id='word_1_869' title='bbox 1674 2644 1737 2671; x_wconf 76' lang='lat' dir='ltr'><strong>Stc—</strong></span> 
     </span>
    </p>
   </div>
   <div class='ocr_carea' id='block_1_129' title="bbox 957 2685 1737 2722">
    <p class='ocr_par' dir='ltr' id='par_1_129' title="bbox 957 2685 1737 2722">
     <span class='ocr_line' id='line_1_129' title="bbox 957 2685 1737 2722; baseline -0.003 -8"><span class='ocrx_word' id='word_1_870' title='bbox 957 2687 1046 2722; x_wconf 86' lang='lat' dir='ltr'><strong>phano</strong></span> <span class='ocrx_word' id='word_1_871' title='bbox 1065 2685 1221 2720; x_wconf 58' lang='grc' dir='ltr'><strong>Ιὲουορωτὸς</strong></span> <span class='ocrx_word' id='word_1_872' title='bbox 1236 2685 1316 2720; x_wconf 84' lang='grc' dir='ltr'>νῆσος</span> <span class='ocrx_word' id='word_1_873' title='bbox 1330 2686 1393 2720; x_wconf 75' lang='grc' dir='ltr'><strong>περὶ</strong></span> <span class='ocrx_word' id='word_1_874' title='bbox 1409 2686 1552 2720; x_wconf 63' lang='grc' dir='ltr'><strong>Κέρκυραν</strong></span> <span class='ocrx_word' id='word_1_875' title='bbox 1575 2686 1601 2712; x_wconf 83' lang='grc' dir='ltr'><strong>ἱιι</strong></span> <span class='ocrx_word' id='word_1_876' title='bbox 1619 2686 1737 2712; x_wconf 79' lang='lat' dir='ltr'><strong>editione</strong></span> 
     </span>
    </p>
   </div>
   <div class='ocr_carea' id='block_1_130' title="bbox 956 2727 1737 2761">
    <p class='ocr_par' dir='ltr' id='par_1_130' title="bbox 956 2727 1737 2761">
     <span class='ocr_line' id='line_1_130' title="bbox 956 2727 1737 2761; baseline -0.003 -5"><span class='ocrx_word' id='word_1_877' title='bbox 956 2728 1052 2756; x_wconf 84' lang='lat' dir='ltr'><strong>Aldina</strong></span> <span class='ocrx_word' id='word_1_878' title='bbox 1074 2727 1280 2761; x_wconf 81' lang='lat' dir='ltr'><strong>Florentinaque</strong></span> <span class='ocrx_word' id='word_1_879' title='bbox 1295 2733 1322 2754; x_wconf 87' lang='lat' dir='ltr'><strong>et</strong></span> <span class='ocrx_word' id='word_1_880' title='bbox 1343 2727 1474 2755; x_wconf 82' lang='lat' dir='ltr'><strong>Vossiano</strong></span> <span class='ocrx_word' id='word_1_881' title='bbox 1499 2736 1548 2754; x_wconf 88' lang='lat' dir='ltr'><strong>ms.</strong></span> <span class='ocrx_word' id='word_1_882' title='bbox 1563 2727 1737 2754; x_wconf 74' lang='lat' dir='ltr'><strong>lltBt‘I’kv&#39;lllIS</strong></span> 
     </span>
    </p>
   </div>
   <div class='ocr_carea' id='block_1_131' title="bbox 957 2768 1737 2803">
    <p class='ocr_par' dir='ltr' id='par_1_131' title="bbox 957 2768 1737 2803">
     <span class='ocr_line' id='line_1_131' title="bbox 957 2768 1737 2803; baseline -0.001 -7"><span class='ocrx_word' id='word_1_883' title='bbox 957 2769 1082 2802; x_wconf 79' lang='lat' dir='ltr'><strong>advertit,</strong></span> <span class='ocrx_word' id='word_1_884' title='bbox 1098 2776 1161 2800; x_wconf 87' lang='lat' dir='ltr'><strong>non,</strong></span> <span class='ocrx_word' id='word_1_885' title='bbox 1180 2769 1216 2794; x_wconf 88' lang='lat' dir='ltr'><strong>uti</strong></span> <span class='ocrx_word' id='word_1_886' title='bbox 1232 2768 1320 2800; x_wconf 83' lang='lat' dir='ltr'><strong>addit,</strong></span> <span class='ocrx_word' id='word_1_887' title='bbox 1349 2770 1565 2803; x_wconf 84' lang='lat' dir='ltr'><strong>corruptissime.</strong></span> <span class='ocrx_word' id='word_1_888' title='bbox 1585 2769 1646 2795; x_wconf 79' lang='lat' dir='ltr'><strong>Fuit</strong></span> <span class='ocrx_word' id='word_1_889' title='bbox 1671 2777 1737 2795; x_wconf 75' lang='lat' dir='ltr'><strong>sane</strong></span> 
     </span>
    </p>
   </div>
   <div class='ocr_carea' id='block_1_132' title="bbox 957 2809 1736 2843">
    <p class='ocr_par' dir='ltr' id='par_1_132' title="bbox 957 2809 1736 2843">
     <span class='ocr_line' id='line_1_132' title="bbox 957 2809 1736 2843; baseline -0.003 -5"><span class='ocrx_word' id='word_1_890' title='bbox 957 2810 1103 2843; x_wconf 68' lang='lat' dir='ltr'><strong>Buthrotus</strong></span> <span class='ocrx_word' id='word_1_891' title='bbox 1118 2810 1145 2836; x_wconf 91' lang='lat' dir='ltr'><strong>in</strong></span> <span class='ocrx_word' id='word_1_892' title='bbox 1168 2809 1349 2842; x_wconf 82' lang='lat' dir='ltr'><strong>Chersoneso,</strong></span> <span class='ocrx_word' id='word_1_893' title='bbox 1373 2818 1420 2838; x_wconf 86' lang='lat' dir='ltr'><strong>nec</strong></span> <span class='ocrx_word' id='word_1_894' title='bbox 1444 2815 1532 2837; x_wconf 82' lang='lat' dir='ltr'><strong>tamen</strong></span> <span class='ocrx_word' id='word_1_895' title='bbox 1553 2811 1736 2838; x_wconf 84' lang='lat' dir='ltr'><strong>necessarium</strong></span> 
     </span>
    </p>
   </div>
   <div class='ocr_carea' id='block_1_133' title="bbox 961 2852 1736 2888">
    <p class='ocr_par' dir='ltr' id='par_1_133' title="bbox 961 2852 1736 2888">
     <span class='ocr_line' id='line_1_133' title="bbox 961 2852 1736 2888; baseline -0.004 -6"><span class='ocrx_word' id='word_1_896' title='bbox 961 2858 1017 2882; x_wconf 81' lang='lat' dir='ltr'><strong>crat</strong></span> <span class='ocrx_word' id='word_1_897' title='bbox 1032 2859 1057 2880; x_wconf 88' lang='lat' dir='ltr'><strong>ut</strong></span> <span class='ocrx_word' id='word_1_898' title='bbox 1072 2852 1242 2887; x_wconf 70' lang='grc' dir='ltr'>Χερρὀηςος</span> <span class='ocrx_word' id='word_1_899' title='bbox 1256 2853 1360 2880; x_wconf 88' lang='lat' dir='ltr'><strong>urbiuut</strong></span> <span class='ocrx_word' id='word_1_900' title='bbox 1373 2853 1530 2888; x_wconf 82' lang='lat' dir='ltr'><strong>dcscriptori</strong></span> <span class='ocrx_word' id='word_1_901' title='bbox 1545 2853 1736 2881; x_wconf 80' lang='lat' dir='ltr'><strong>inculcaretut:</strong></span> 
     </span>
    </p>
   </div>
   <div class='ocr_carea' id='block_1_134' title="bbox 1544 2900 1582 2930">
    <p class='ocr_par' dir='ltr' id='par_1_134' title="bbox 1544 2900 1582 2930">
     <span class='ocr_line' id='line_1_134' title="bbox 1544 2900 1582 2930; baseline 0.026 -1"><span class='ocrx_word' id='word_1_902' title='bbox 1544 2900 1582 2930; x_wconf 81' lang='lat'><strong>35</strong></span> 
     </span>
    </p>
   </div>
  </div>
