  <div class='ocr_page' id='page_1' title='image "/cluster/home/n/w/nwhite01/storage/ocr_20150623/113/njp.32101077772968/607.png"; bbox 0 0 1911 3071; ppageno 0'>
   <div class='ocr_carea' id='block_1_1' title="bbox 128 93 204 126">
    <p class='ocr_par' dir='ltr' id='par_1_1' title="bbox 128 93 204 126">
     <span class='ocr_line' id='line_1_1' title="bbox 128 93 204 126; baseline -0.026 0"><span class='ocrx_word' id='word_1_1' title='bbox 128 93 204 126; x_wconf 69' lang='grc' dir='ltr'>ισθει</span> 
     </span>
    </p>
   </div>
   <div class='ocr_carea' id='block_1_2' title="bbox 126 145 912 184">
    <p class='ocr_par' dir='ltr' id='par_1_2' title="bbox 126 145 912 184">
     <span class='ocr_line' id='line_1_2' title="bbox 126 145 912 184; baseline -0.006 -7"><span class='ocrx_word' id='word_1_2' title='bbox 126 157 200 184; x_wconf 60' lang='lat' dir='ltr'><strong>saepe</strong></span> <span class='ocrx_word' id='word_1_3' title='bbox 217 149 253 175; x_wconf 90' lang='lat' dir='ltr'><strong>illi</strong></span> <span class='ocrx_word' id='word_1_4' title='bbox 275 146 369 175; x_wconf 64' lang='lat' dir='ltr'><strong>insulse</strong></span> <span class='ocrx_word' id='word_1_5' title='bbox 384 147 509 174; x_wconf 89' lang='lat' dir='ltr'><strong>dicuntttr</strong></span> <span class='ocrx_word' id='word_1_6' title='bbox 529 154 589 182; x_wconf 70' lang='lat' dir='ltr'><strong>qua:</strong></span> <span class='ocrx_word' id='word_1_7' title='bbox 604 147 738 181; x_wconf 78' lang='lat' dir='ltr'><strong>proxime,</strong></span> <span class='ocrx_word' id='word_1_8' title='bbox 763 151 792 173; x_wconf 86' lang='grc' dir='ltr'>ιιι</span> <span class='ocrx_word' id='word_1_9' title='bbox 816 145 912 173; x_wconf 74' lang='lat' dir='ltr'><strong>insula:</strong></span> 
     </span>
    </p>
   </div>
   <div class='ocr_carea' id='block_1_3' title="bbox 130 187 808 222">
    <p class='ocr_par' dir='ltr' id='par_1_3' title="bbox 130 187 808 222">
     <span class='ocr_line' id='line_1_3' title="bbox 130 187 808 222; baseline -0.006 -5"><span class='ocrx_word' id='word_1_10' title='bbox 130 191 281 220; x_wconf 72' lang='lat' dir='ltr'><strong>videantur,</strong></span> <span class='ocrx_word' id='word_1_11' title='bbox 297 189 439 215; x_wconf 85' lang='lat' dir='ltr'><strong>accedunt.</strong></span> <span class='ocrx_word' id='word_1_12' title='bbox 456 187 523 215; x_wconf 84' lang='lat' dir='ltr'><strong>Vide</strong></span> <span class='ocrx_word' id='word_1_13' title='bbox 538 188 601 214; x_wconf 77' lang='lat' dir='ltr'><strong>Ant.</strong></span> <span class='ocrx_word' id='word_1_14' title='bbox 618 187 685 214; x_wconf 84' lang='lat' dir='ltr'><strong>Itin.</strong></span> <span class='ocrx_word' id='word_1_15' title='bbox 705 196 730 222; x_wconf 87' lang='lat' dir='ltr'><strong>p.</strong></span> <span class='ocrx_word' id='word_1_16' title='bbox 746 187 808 214; x_wconf 67' lang='lat'><strong>5&#39;22.</strong></span> 
     </span>
    </p>
   </div>
   <div class='ocr_carea' id='block_1_4' title="bbox 165 228 913 264">
    <p class='ocr_par' dir='ltr' id='par_1_4' title="bbox 165 228 913 264">
     <span class='ocr_line' id='line_1_4' title="bbox 165 228 913 264; baseline -0.005 -6"><span class='ocrx_word' id='word_1_17' title='bbox 165 232 224 259; x_wconf 89' lang='lat' dir='ltr'><strong>Col.</strong></span> <span class='ocrx_word' id='word_1_18' title='bbox 243 230 303 257; x_wconf 76' lang='lat' dir='ltr'><strong>l-I-l.</strong></span> <span class='ocrx_word' id='word_1_19' title='bbox 323 229 450 263; x_wconf 76' lang='grc' dir='ltr'><strong>Φωτική.</strong></span> <span class='ocrx_word' id='word_1_20' title='bbox 471 230 527 256; x_wconf 84' lang='lat' dir='ltr'><strong>Sita</strong></span> <span class='ocrx_word' id='word_1_21' title='bbox 550 231 576 256; x_wconf 93' lang='lat' dir='ltr'><strong>in</strong></span> <span class='ocrx_word' id='word_1_22' title='bbox 593 230 762 264; x_wconf 67' lang='lat' dir='ltr'><strong>depressiore</strong></span> <span class='ocrx_word' id='word_1_23' title='bbox 777 229 826 255; x_wconf 78' lang='lat' dir='ltr'><strong>fuit</strong></span> <span class='ocrx_word' id='word_1_24' title='bbox 844 228 913 260; x_wconf 84' lang='lat' dir='ltr'><strong>loco,</strong></span> 
     </span>
    </p>
   </div>
   <div class='ocr_carea' id='block_1_5' title="bbox 130 269 912 308">
    <p class='ocr_par' dir='ltr' id='par_1_5' title="bbox 130 269 912 308">
     <span class='ocr_line' id='line_1_5' title="bbox 130 269 912 308; baseline -0.005 -8"><span class='ocrx_word' id='word_1_25' title='bbox 130 274 191 308; x_wconf 80' lang='lat' dir='ltr'><strong>aqni</strong></span> <span class='ocrx_word' id='word_1_26' title='bbox 204 271 394 306; x_wconf 61' lang='lat' dir='ltr'><strong>stagnant‘bus</strong></span> <span class='ocrx_word' id='word_1_27' title='bbox 413 272 590 304; x_wconf 81' lang='lat' dir='ltr'><strong>circumdata,</strong></span> <span class='ocrx_word' id='word_1_28' title='bbox 610 272 740 306; x_wconf 82' lang='lat' dir='ltr'><strong>Precopio</strong></span> <span class='ocrx_word' id='word_1_29' title='bbox 754 271 841 304; x_wconf 73' lang='lat' dir='ltr'><strong>zEdif.</strong></span> <span class='ocrx_word' id='word_1_30' title='bbox 859 269 912 296; x_wconf 83' lang='lat' dir='ltr'><strong>Ju-</strong></span> 
     </span>
    </p>
   </div>
   <div class='ocr_carea' id='block_1_6' title="bbox 133 312 914 347">
    <p class='ocr_par' dir='ltr' id='par_1_6' title="bbox 133 312 914 347">
     <span class='ocr_line' id='line_1_6' title="bbox 133 312 914 347; baseline -0.004 -7"><span class='ocrx_word' id='word_1_31' title='bbox 133 315 196 341; x_wconf 70' lang='lat' dir='ltr'><strong>stin.</strong></span> <span class='ocrx_word' id='word_1_32' title='bbox 216 321 252 344; x_wconf 82' lang='lat' dir='ltr'><strong>tv,</strong></span> <span class='ocrx_word' id='word_1_33' title='bbox 267 313 278 339; x_wconf 72' lang='grc' dir='ltr'>ί</span> <span class='ocrx_word' id='word_1_34' title='bbox 296 317 418 339; x_wconf 77' lang='lat' dir='ltr'><strong>aut-tore.</strong></span> <span class='ocrx_word' id='word_1_35' title='bbox 444 312 567 340; x_wconf 70' lang='lat' dir='ltr'><strong>Meminit</strong></span> <span class='ocrx_word' id='word_1_36' title='bbox 589 312 709 347; x_wconf 75' lang='lat' dir='ltr'><strong>ejusdem</strong></span> <span class='ocrx_word' id='word_1_37' title='bbox 725 318 818 339; x_wconf 87' lang='lat' dir='ltr'><strong>auctor</strong></span> <span class='ocrx_word' id='word_1_38' title='bbox 838 319 914 338; x_wconf 86' lang='lat' dir='ltr'><strong>com-</strong></span> 
     </span>
    </p>
   </div>
   <div class='ocr_carea' id='block_1_7' title="bbox 134 351 916 389">
    <p class='ocr_par' dir='ltr' id='par_1_7' title="bbox 134 351 916 389">
     <span class='ocr_line' id='line_1_7' title="bbox 134 351 916 389; baseline -0.005 -7"><span class='ocrx_word' id='word_1_39' title='bbox 134 360 218 383; x_wconf 70' lang='grc' dir='ltr'>ιιςοιιι.</span> <span class='ocrx_word' id='word_1_40' title='bbox 237 355 272 382; x_wconf 86' lang='lat' dir='ltr'><strong>De</strong></span> <span class='ocrx_word' id='word_1_41' title='bbox 285 354 365 381; x_wconf 85' lang='lat' dir='ltr'><strong>Petro</strong></span> <span class='ocrx_word' id='word_1_42' title='bbox 377 358 403 381; x_wconf 92' lang='lat' dir='ltr'><strong>et</strong></span> <span class='ocrx_word' id='word_1_43' title='bbox 419 354 500 380; x_wconf 82' lang='lat' dir='ltr'><strong>Paulo</strong></span> <span class='ocrx_word' id='word_1_44' title='bbox 514 361 538 381; x_wconf 86' lang='lat' dir='ltr'><strong>c.</strong></span> <span class='ocrx_word' id='word_1_45' title='bbox 552 362 582 381; x_wconf 91' lang='lat' dir='ltr'><strong>Ill</strong></span> <span class='ocrx_word' id='word_1_46' title='bbox 598 360 605 380; x_wconf 90' lang='lat'>:</span> <span class='ocrx_word' id='word_1_47' title='bbox 621 353 649 386; x_wconf 78' lang='grc' dir='ltr'>ἐξ</span> <span class='ocrx_word' id='word_1_48' title='bbox 670 351 704 389; x_wconf 79' lang='grc' dir='ltr'><strong>ἦς</strong></span> <span class='ocrx_word' id='word_1_49' title='bbox 719 352 855 388; x_wconf 78' lang='grc' dir='ltr'><strong>(Ῥώμης)</strong></span> <span class='ocrx_word' id='word_1_50' title='bbox 876 353 916 384; x_wconf 81' lang='grc' dir='ltr'><strong>εἰς</strong></span> 
     </span>
    </p>
   </div>
   <div class='ocr_carea' id='block_1_8' title="bbox 133 394 914 429">
    <p class='ocr_par' dir='ltr' id='par_1_8' title="bbox 133 394 914 429">
     <span class='ocr_line' id='line_1_8' title="bbox 133 394 914 429; baseline -0.005 -6"><span class='ocrx_word' id='word_1_51' title='bbox 133 396 299 424; x_wconf 77' lang='grc' dir='ltr'><strong>Μεδιόλανον</strong></span> <span class='ocrx_word' id='word_1_52' title='bbox 325 396 374 422; x_wconf 62' lang='grc' dir='ltr'><strong>καὶ</strong></span> <span class='ocrx_word' id='word_1_53' title='bbox 403 395 537 428; x_wconf 78' lang='grc' dir='ltr'><strong>Φωτικὴν,</strong></span> <span class='ocrx_word' id='word_1_54' title='bbox 571 395 662 425; x_wconf 77' lang='grc' dir='ltr'><strong>πόλεις</strong></span> <span class='ocrx_word' id='word_1_55' title='bbox 706 394 914 429; x_wconf 75' lang='grc' dir='ltr'><strong>Ἣπειρὼτιδας,</strong></span> 
     </span>
    </p>
   </div>
   <div class='ocr_carea' id='block_1_9' title="bbox 130 433 914 473">
    <p class='ocr_par' dir='ltr' id='par_1_9' title="bbox 130 433 914 473">
     <span class='ocr_line' id='line_1_9' title="bbox 130 433 914 473; baseline -0.005 -8"><span class='ocrx_word' id='word_1_56' title='bbox 130 439 253 473; x_wconf 79' lang='grc' dir='ltr'><strong>ἔρχεται.</strong></span> <span class='ocrx_word' id='word_1_57' title='bbox 269 437 384 471; x_wconf 82' lang='lat' dir='ltr'><strong>Conjicit</strong></span> <span class='ocrx_word' id='word_1_58' title='bbox 395 437 504 472; x_wconf 78' lang='lat' dir='ltr'><strong>quidem</strong></span> <span class='ocrx_word' id='word_1_59' title='bbox 519 436 588 464; x_wconf 84' lang='lat' dir='ltr'><strong>God.</strong></span> <span class='ocrx_word' id='word_1_60' title='bbox 605 433 914 469; x_wconf 84' lang='lat' dir='ltr'><strong>Ilenschenius(tom.V,</strong></span> 
     </span>
    </p>
   </div>
   <div class='ocr_carea' id='block_1_10' title="bbox 131 476 916 514">
    <p class='ocr_par' dir='ltr' id='par_1_10' title="bbox 131 476 916 514">
     <span class='ocr_line' id='line_1_10' title="bbox 131 476 916 514; baseline -0.006 -7"><span class='ocrx_word' id='word_1_61' title='bbox 131 481 162 507; x_wconf 82' lang='lat' dir='ltr'><strong>A.</strong></span> <span class='ocrx_word' id='word_1_62' title='bbox 187 479 216 507; x_wconf 89' lang='lat' dir='ltr'><strong>S.</strong></span> <span class='ocrx_word' id='word_1_63' title='bbox 236 479 307 507; x_wconf 73' lang='lat' dir='ltr'><strong>Junii</strong></span> <span class='ocrx_word' id='word_1_64' title='bbox 330 487 356 514; x_wconf 91' lang='lat' dir='ltr'><strong>p.</strong></span> <span class='ocrx_word' id='word_1_65' title='bbox 376 478 438 508; x_wconf 65' lang='grc' dir='ltr'><strong>ΛΠ)</strong></span> <span class='ocrx_word' id='word_1_66' title='bbox 455 478 549 505; x_wconf 81' lang='lat' dir='ltr'><strong>urbem</strong></span> <span class='ocrx_word' id='word_1_67' title='bbox 574 477 675 504; x_wconf 82' lang='lat' dir='ltr'><strong>Lucam</strong></span> <span class='ocrx_word' id='word_1_68' title='bbox 691 484 706 504; x_wconf 86' lang='lat' dir='ltr'><strong>a</strong></span> <span class='ocrx_word' id='word_1_69' title='bbox 722 477 782 504; x_wconf 85' lang='lat' dir='ltr'><strong>luce</strong></span> <span class='ocrx_word' id='word_1_70' title='bbox 794 476 916 511; x_wconf 74' lang='grc' dir='ltr'><strong>Φωτικὴν</strong></span> 
     </span>
    </p>
   </div>
   <div class='ocr_carea' id='block_1_11' title="bbox 130 517 916 556">
    <p class='ocr_par' dir='ltr' id='par_1_11' title="bbox 130 517 916 556">
     <span class='ocr_line' id='line_1_11' title="bbox 130 517 916 556; baseline -0.008 -7"><span class='ocrx_word' id='word_1_71' title='bbox 130 522 257 556; x_wconf 76' lang='lat' dir='ltr'><strong>scriptori</strong></span> <span class='ocrx_word' id='word_1_72' title='bbox 284 520 336 547; x_wconf 87' lang='lat' dir='ltr'><strong>dici</strong></span> <span class='ocrx_word' id='word_1_73' title='bbox 355 530 362 548; x_wconf 89' lang='lat'><strong>:</strong></span> <span class='ocrx_word' id='word_1_74' title='bbox 379 528 437 555; x_wconf 75' lang='lat' dir='ltr'><strong>qurc</strong></span> <span class='ocrx_word' id='word_1_75' title='bbox 453 519 623 554; x_wconf 72' lang='lat' dir='ltr'><strong>Epirotarum</strong></span> <span class='ocrx_word' id='word_1_76' title='bbox 648 526 785 551; x_wconf 85' lang='lat' dir='ltr'><strong>nunquam</strong></span> <span class='ocrx_word' id='word_1_77' title='bbox 800 517 850 544; x_wconf 75' lang='lat' dir='ltr'><strong>fuit</strong></span> <span class='ocrx_word' id='word_1_78' title='bbox 866 526 872 543; x_wconf 94' lang='lat'>:</span> <span class='ocrx_word' id='word_1_79' title='bbox 887 521 916 543; x_wconf 88' lang='lat' dir='ltr'><strong>at</strong></span> 
     </span>
    </p>
   </div>
   <div class='ocr_carea' id='block_1_12' title="bbox 130 558 915 596">
    <p class='ocr_par' dir='ltr' id='par_1_12' title="bbox 130 558 915 596">
     <span class='ocr_line' id='line_1_12' title="bbox 130 558 915 596; baseline -0.008 -6"><span class='ocrx_word' id='word_1_80' title='bbox 130 569 251 590; x_wconf 87' lang='lat' dir='ltr'><strong>nostram</strong></span> <span class='ocrx_word' id='word_1_81' title='bbox 268 561 404 596; x_wconf 82' lang='lat' dir='ltr'><strong>intelligit,</strong></span> <span class='ocrx_word' id='word_1_82' title='bbox 426 560 653 595; x_wconf 86' lang='lat' dir='ltr'><strong>quant-imperite</strong></span> <span class='ocrx_word' id='word_1_83' title='bbox 677 558 829 586; x_wconf 80' lang='lat' dir='ltr'><strong>Mediolano</strong></span> <span class='ocrx_word' id='word_1_84' title='bbox 852 558 915 592; x_wconf 84' lang='lat' dir='ltr'><strong>jun-</strong></span> 
     </span>
    </p>
   </div>
   <div class='ocr_carea' id='block_1_13' title="bbox 130 601 910 639">
    <p class='ocr_par' dir='ltr' id='par_1_13' title="bbox 130 601 910 639">
     <span class='ocr_line' id='line_1_13' title="bbox 130 601 910 639; baseline -0.006 -7"><span class='ocrx_word' id='word_1_85' title='bbox 130 606 189 632; x_wconf 81' lang='lat' dir='ltr'><strong>xit:</strong></span> <span class='ocrx_word' id='word_1_86' title='bbox 219 603 317 639; x_wconf 85' lang='lat' dir='ltr'><strong>oppida</strong></span> <span class='ocrx_word' id='word_1_87' title='bbox 344 603 428 635; x_wconf 87' lang='lat' dir='ltr'><strong>enim,</strong></span> <span class='ocrx_word' id='word_1_88' title='bbox 457 602 528 638; x_wconf 87' lang='lat' dir='ltr'><strong>quod</strong></span> <span class='ocrx_word' id='word_1_89' title='bbox 562 601 745 629; x_wconf 71' lang='lat' dir='ltr'><strong>Callimachus</strong></span> <span class='ocrx_word' id='word_1_90' title='bbox 776 601 825 634; x_wconf 88' lang='lat' dir='ltr'><strong>ait,</strong></span> <span class='ocrx_word' id='word_1_91' title='bbox 841 601 910 633; x_wconf 62' lang='grc' dir='ltr'><strong>,τάδε</strong></span> 
     </span>
    </p>
   </div>
   <div class='ocr_carea' id='block_1_14' title="bbox 129 644 617 679">
    <p class='ocr_par' dir='ltr' id='par_1_14' title="bbox 129 644 617 679">
     <span class='ocr_line' id='line_1_14' title="bbox 129 644 617 679; baseline -0.008 -6"><span class='ocrx_word' id='word_1_92' title='bbox 129 646 225 673; x_wconf 83' lang='grc' dir='ltr'><strong>τόσσον</strong></span> <span class='ocrx_word' id='word_1_93' title='bbox 240 646 301 672; x_wconf 81' lang='grc' dir='ltr'><strong>ὅσον</strong></span> <span class='ocrx_word' id='word_1_94' title='bbox 315 645 359 671; x_wconf 84' lang='grc' dir='ltr'><strong>διὰ</strong></span> <span class='ocrx_word' id='word_1_95' title='bbox 371 644 496 670; x_wconf 72' lang='grc' dir='ltr'><strong>πλεῖστον</strong></span> <span class='ocrx_word' id='word_1_96' title='bbox 516 644 617 679; x_wconf 70' lang='grc' dir='ltr'><strong>ἑχηυσι.</strong></span> 
     </span>
    </p>
   </div>
   <div class='ocr_carea' id='block_1_15' title="bbox 164 681 916 719">
    <p class='ocr_par' dir='ltr' id='par_1_15' title="bbox 164 681 916 719">
     <span class='ocr_line' id='line_1_15' title="bbox 164 681 916 719; baseline -0.009 -5"><span class='ocrx_word' id='word_1_97' title='bbox 164 687 232 714; x_wconf 89' lang='lat' dir='ltr'><strong>Ibid.</strong></span> <span class='ocrx_word' id='word_1_98' title='bbox 261 687 298 714; x_wconf 86' lang='lat' dir='ltr'><strong>&#39;II</strong></span> <span class='ocrx_word' id='word_1_99' title='bbox 321 686 420 719; x_wconf 78' lang='grc' dir='ltr'>Θρᾳκὴ</span> <span class='ocrx_word' id='word_1_100' title='bbox 454 685 561 719; x_wconf 72' lang='grc' dir='ltr'><strong>νῆσος.</strong></span> <span class='ocrx_word' id='word_1_101' title='bbox 585 684 631 711; x_wconf 88' lang='lat' dir='ltr'><strong>Sic</strong></span> <span class='ocrx_word' id='word_1_102' title='bbox 648 691 738 716; x_wconf 83' lang='lat' dir='ltr'><strong>mss.;</strong></span> <span class='ocrx_word' id='word_1_103' title='bbox 764 682 835 709; x_wconf 89' lang='lat' dir='ltr'><strong>unde</strong></span> <span class='ocrx_word' id='word_1_104' title='bbox 858 681 916 708; x_wconf 89' lang='lat' dir='ltr'><strong>sine</strong></span> 
     </span>
    </p>
   </div>
   <div class='ocr_carea' id='block_1_16' title="bbox 129 722 916 760">
    <p class='ocr_par' dir='ltr' id='par_1_16' title="bbox 129 722 916 760">
     <span class='ocr_line' id='line_1_16' title="bbox 129 722 916 760; baseline -0.008 -4"><span class='ocrx_word' id='word_1_105' title='bbox 129 728 314 756; x_wconf 81' lang='lat' dir='ltr'><strong>controversia</strong></span> <span class='ocrx_word' id='word_1_106' title='bbox 325 727 444 754; x_wconf 89' lang='lat' dir='ltr'><strong>eruenda</strong></span> <span class='ocrx_word' id='word_1_107' title='bbox 461 728 512 754; x_wconf 88' lang='lat' dir='ltr'><strong>erit</strong></span> <span class='ocrx_word' id='word_1_108' title='bbox 523 725 627 760; x_wconf 80' lang='grc' dir='ltr'><strong>Ἰθάχη,</strong></span> <span class='ocrx_word' id='word_1_109' title='bbox 641 729 670 751; x_wconf 87' lang='grc' dir='ltr'><strong>ιιι</strong></span> <span class='ocrx_word' id='word_1_110' title='bbox 682 724 744 752; x_wconf 85' lang='lat' dir='ltr'><strong>Car.</strong></span> <span class='ocrx_word' id='word_1_111' title='bbox 760 731 775 750; x_wconf 86' lang='lat' dir='ltr'><strong>a</strong></span> <span class='ocrx_word' id='word_1_112' title='bbox 792 723 821 750; x_wconf 88' lang='lat' dir='ltr'><strong>S.</strong></span> <span class='ocrx_word' id='word_1_113' title='bbox 835 722 916 750; x_wconf 85' lang='lat' dir='ltr'><strong>Paulo</strong></span> 
     </span>
    </p>
   </div>
   <div class='ocr_carea' id='block_1_17' title="bbox 129 767 539 798">
    <p class='ocr_par' dir='ltr' id='par_1_17' title="bbox 129 767 539 798">
     <span class='ocr_line' id='line_1_17' title="bbox 129 767 539 798; baseline -0.01 0"><span class='ocrx_word' id='word_1_114' title='bbox 129 775 156 798; x_wconf 91' lang='lat' dir='ltr'><strong>ct</strong></span> <span class='ocrx_word' id='word_1_115' title='bbox 170 769 201 797; x_wconf 91' lang='lat' dir='ltr'><strong>L.</strong></span> <span class='ocrx_word' id='word_1_116' title='bbox 221 769 386 796; x_wconf 82' lang='lat' dir='ltr'><strong>IIoIsteinius</strong></span> <span class='ocrx_word' id='word_1_117' title='bbox 406 767 539 795; x_wconf 79' lang='lat' dir='ltr'><strong>viderunt.</strong></span> 
     </span>
    </p>
   </div>
   <div class='ocr_carea' id='block_1_18' title="bbox 164 806 917 843">
    <p class='ocr_par' dir='ltr' id='par_1_18' title="bbox 164 806 917 843">
     <span class='ocr_line' id='line_1_18' title="bbox 164 806 917 843; baseline -0.009 -4"><span class='ocrx_word' id='word_1_118' title='bbox 164 813 222 840; x_wconf 80' lang='lat' dir='ltr'><strong>Col.</strong></span> <span class='ocrx_word' id='word_1_119' title='bbox 250 811 311 838; x_wconf 71' lang='lat'><strong>“5.</strong></span> <span class='ocrx_word' id='word_1_120' title='bbox 355 809 428 837; x_wconf 85' lang='grc' dir='ltr'><strong>Ὑπὸ</strong></span> <span class='ocrx_word' id='word_1_121' title='bbox 464 808 698 843; x_wconf 66' lang='grc' dir='ltr'><em>κονσουλάριον.</em></span> <span class='ocrx_word' id='word_1_122' title='bbox 726 807 798 834; x_wconf 86' lang='lat' dir='ltr'><strong>Idem</strong></span> <span class='ocrx_word' id='word_1_123' title='bbox 819 806 845 833; x_wconf 93' lang='lat' dir='ltr'><strong>in</strong></span> <span class='ocrx_word' id='word_1_124' title='bbox 868 813 917 833; x_wconf 90' lang='lat' dir='ltr'><strong>suo</strong></span> 
     </span>
    </p>
   </div>
   <div class='ocr_carea' id='block_1_19' title="bbox 130 847 916 883">
    <p class='ocr_par' dir='ltr' id='par_1_19' title="bbox 130 847 916 883">
     <span class='ocr_line' id='line_1_19' title="bbox 130 847 916 883; baseline -0.01 -2"><span class='ocrx_word' id='word_1_125' title='bbox 130 854 222 881; x_wconf 82' lang='lat' dir='ltr'><strong>codice</strong></span> <span class='ocrx_word' id='word_1_126' title='bbox 237 852 432 881; x_wconf 86' lang='lat' dir='ltr'><strong>Constantinus</strong></span> <span class='ocrx_word' id='word_1_127' title='bbox 450 850 469 878; x_wconf 91' lang='lat' dir='ltr'><strong>l.</strong></span> <span class='ocrx_word' id='word_1_128' title='bbox 487 858 516 883; x_wconf 88' lang='grc' dir='ltr'>ιι,</span> <span class='ocrx_word' id='word_1_129' title='bbox 539 850 636 877; x_wconf 86' lang='lat' dir='ltr'><strong>Theut.</strong></span> <span class='ocrx_word' id='word_1_130' title='bbox 654 850 670 876; x_wconf 83' lang='lat'><strong>9</strong></span> <span class='ocrx_word' id='word_1_131' title='bbox 685 849 761 883; x_wconf 80' lang='lat' dir='ltr'><strong>legit,</strong></span> <span class='ocrx_word' id='word_1_132' title='bbox 775 854 802 875; x_wconf 90' lang='lat' dir='ltr'><strong>et</strong></span> <span class='ocrx_word' id='word_1_133' title='bbox 820 847 916 874; x_wconf 76' lang='lat' dir='ltr'><strong>falsum</strong></span> 
     </span>
    </p>
   </div>
   <div class='ocr_carea' id='block_1_20' title="bbox 129 888 915 923">
    <p class='ocr_par' dir='ltr' id='par_1_20' title="bbox 129 888 915 923">
     <span class='ocr_line' id='line_1_20' title="bbox 129 888 915 923; baseline -0.01 -1"><span class='ocrx_word' id='word_1_134' title='bbox 129 899 221 922; x_wconf 88' lang='lat' dir='ltr'><strong>tamen</strong></span> <span class='ocrx_word' id='word_1_135' title='bbox 234 901 295 921; x_wconf 88' lang='lat' dir='ltr'><strong>esse</strong></span> <span class='ocrx_word' id='word_1_136' title='bbox 316 892 452 920; x_wconf 82' lang='lat' dir='ltr'><strong>arbitror:</strong></span> <span class='ocrx_word' id='word_1_137' title='bbox 473 900 534 919; x_wconf 84' lang='lat' dir='ltr'><strong>naut</strong></span> <span class='ocrx_word' id='word_1_138' title='bbox 547 895 575 919; x_wconf 86' lang='lat' dir='ltr'><strong>et</strong></span> <span class='ocrx_word' id='word_1_139' title='bbox 592 889 697 917; x_wconf 84' lang='lat' dir='ltr'><strong>Notitia</strong></span> <span class='ocrx_word' id='word_1_140' title='bbox 719 891 782 923; x_wconf 86' lang='lat' dir='ltr'><strong>imp.</strong></span> <span class='ocrx_word' id='word_1_141' title='bbox 812 888 915 916; x_wconf 80' lang='lat' dir='ltr'><strong>Orient.</strong></span> 
     </span>
    </p>
   </div>
   <div class='ocr_carea' id='block_1_21' title="bbox 130 930 916 970">
    <p class='ocr_par' dir='ltr' id='par_1_21' title="bbox 130 930 916 970">
     <span class='ocr_line' id='line_1_21' title="bbox 130 930 916 970; baseline -0.011 -6"><span class='ocrx_word' id='word_1_142' title='bbox 130 945 155 964; x_wconf 68' lang='grc' dir='ltr'><strong>ιε.</strong></span> <span class='ocrx_word' id='word_1_143' title='bbox 171 944 190 968; x_wconf 93' lang='lat' dir='ltr'><strong>t,</strong></span> <span class='ocrx_word' id='word_1_144' title='bbox 207 935 326 970; x_wconf 77' lang='lat' dir='ltr'><strong>utrique,</strong></span> <span class='ocrx_word' id='word_1_145' title='bbox 345 939 372 962; x_wconf 89' lang='lat' dir='ltr'><strong>et</strong></span> <span class='ocrx_word' id='word_1_146' title='bbox 398 940 474 961; x_wconf 71' lang='lat' dir='ltr'><strong>nova:</strong></span> <span class='ocrx_word' id='word_1_147' title='bbox 495 936 524 960; x_wconf 86' lang='lat' dir='ltr'><strong>et</strong></span> <span class='ocrx_word' id='word_1_148' title='bbox 541 933 636 964; x_wconf 79' lang='lat' dir='ltr'><strong>reteri,</strong></span> <span class='ocrx_word' id='word_1_149' title='bbox 667 931 746 966; x_wconf 86' lang='lat' dir='ltr'><strong>Epiro</strong></span> <span class='ocrx_word' id='word_1_150' title='bbox 774 930 916 965; x_wconf 66' lang='lat' dir='ltr'><strong>prmsidcm</strong></span> 
     </span>
    </p>
   </div>
   <div class='ocr_carea' id='block_1_22' title="bbox 130 970 916 1013">
    <p class='ocr_par' dir='ltr' id='par_1_22' title="bbox 130 970 916 1013">
     <span class='ocr_line' id='line_1_22' title="bbox 130 970 916 1013; baseline -0.01 -8"><span class='ocrx_word' id='word_1_151' title='bbox 130 977 256 1013; x_wconf 75' lang='lat' dir='ltr'><strong>imponit,</strong></span> <span class='ocrx_word' id='word_1_152' title='bbox 282 981 310 1004; x_wconf 84' lang='lat' dir='ltr'><strong>et</strong></span> <span class='ocrx_word' id='word_1_153' title='bbox 333 978 510 1010; x_wconf 79' lang='lat' dir='ltr'><strong>imperatores</strong></span> <span class='ocrx_word' id='word_1_154' title='bbox 539 973 741 1001; x_wconf 87' lang='lat' dir='ltr'><strong>Valentinianus</strong></span> <span class='ocrx_word' id='word_1_155' title='bbox 765 977 792 1000; x_wconf 91' lang='lat' dir='ltr'><strong>et</strong></span> <span class='ocrx_word' id='word_1_156' title='bbox 816 970 916 998; x_wconf 83' lang='lat' dir='ltr'><strong>Valens</strong></span> 
     </span>
    </p>
   </div>
   <div class='ocr_carea' id='block_1_23' title="bbox 130 1013 916 1052">
    <p class='ocr_par' dir='ltr' id='par_1_23' title="bbox 130 1013 916 1052">
     <span class='ocr_line' id='line_1_23' title="bbox 130 1013 916 1052; baseline -0.01 -6"><span class='ocrx_word' id='word_1_157' title='bbox 130 1021 164 1047; x_wconf 90' lang='lat' dir='ltr'><strong>ad</strong></span> <span class='ocrx_word' id='word_1_158' title='bbox 183 1019 320 1046; x_wconf 84' lang='lat' dir='ltr'><strong>Zosimum</strong></span> <span class='ocrx_word' id='word_1_159' title='bbox 337 1025 412 1045; x_wconf 64' lang='lat' dir='ltr'><strong>novre</strong></span> <span class='ocrx_word' id='word_1_160' title='bbox 433 1016 505 1052; x_wconf 84' lang='lat' dir='ltr'><strong>Epiri</strong></span> <span class='ocrx_word' id='word_1_161' title='bbox 523 1016 663 1051; x_wconf 75' lang='lat' dir='ltr'><strong>prtcsidetn</strong></span> <span class='ocrx_word' id='word_1_162' title='bbox 692 1016 755 1042; x_wconf 83' lang='lat' dir='ltr'><strong>dant</strong></span> <span class='ocrx_word' id='word_1_163' title='bbox 770 1013 787 1041; x_wconf 94' lang='lat' dir='ltr'><strong>I.</strong></span> <span class='ocrx_word' id='word_1_164' title='bbox 809 1013 916 1040; x_wconf 85' lang='lat' dir='ltr'><strong>unicam</strong></span> 
     </span>
    </p>
   </div>
   <div class='ocr_carea' id='block_1_24' title="bbox 130 1054 917 1091">
    <p class='ocr_par' dir='ltr' id='par_1_24' title="bbox 130 1054 917 1091">
     <span class='ocr_line' id='line_1_24' title="bbox 130 1054 917 1091; baseline -0.011 -2"><span class='ocrx_word' id='word_1_165' title='bbox 130 1062 191 1090; x_wconf 88' lang='lat' dir='ltr'><strong>cod.</strong></span> <span class='ocrx_word' id='word_1_166' title='bbox 204 1060 308 1088; x_wconf 81' lang='lat' dir='ltr'><strong>&#39;I&#39;heod.</strong></span> <span class='ocrx_word' id='word_1_167' title='bbox 326 1059 359 1087; x_wconf 89' lang='lat' dir='ltr'><strong>de</strong></span> <span class='ocrx_word' id='word_1_168' title='bbox 373 1058 549 1090; x_wconf 86' lang='lat' dir='ltr'><strong>stratoribus,</strong></span> <span class='ocrx_word' id='word_1_169' title='bbox 567 1058 734 1091; x_wconf 87' lang='lat' dir='ltr'><strong>ittnuutttque</strong></span> <span class='ocrx_word' id='word_1_170' title='bbox 748 1054 917 1090; x_wconf 68' lang='lat' dir='ltr'><strong>Appollouia:</strong></span> 
     </span>
    </p>
   </div>
   <div class='ocr_carea' id='block_1_25' title="bbox 131 1097 846 1137">
    <p class='ocr_par' dir='ltr' id='par_1_25' title="bbox 131 1097 846 1137">
     <span class='ocr_line' id='line_1_25' title="bbox 131 1097 846 1137; baseline -0.01 -7"><span class='ocrx_word' id='word_1_171' title='bbox 131 1110 211 1137; x_wconf 78' lang='lat' dir='ltr'><strong>agere</strong></span> <span class='ocrx_word' id='word_1_172' title='bbox 231 1102 354 1129; x_wconf 89' lang='lat' dir='ltr'><strong>solitum.</strong></span> <span class='ocrx_word' id='word_1_173' title='bbox 374 1100 468 1135; x_wconf 85' lang='lat' dir='ltr'><strong>Itaque</strong></span> <span class='ocrx_word' id='word_1_174' title='bbox 480 1098 525 1126; x_wconf 78' lang='grc' dir='ltr'><strong>ὑπ’</strong></span> <span class='ocrx_word' id='word_1_175' title='bbox 544 1099 666 1134; x_wconf 82' lang='grc' dir='ltr'><strong>ἡγεμόνα</strong></span> <span class='ocrx_word' id='word_1_176' title='bbox 682 1097 846 1133; x_wconf 59' lang='lat' dir='ltr'><strong>praestiterit.</strong></span> 
     </span>
    </p>
   </div>
   <div class='ocr_carea' id='block_1_26' title="bbox 166 1138 916 1177">
    <p class='ocr_par' dir='ltr' id='par_1_26' title="bbox 166 1138 916 1177">
     <span class='ocr_line' id='line_1_26' title="bbox 166 1138 916 1177; baseline -0.009 -6"><span class='ocrx_word' id='word_1_177' title='bbox 166 1144 232 1171; x_wconf 88' lang='lat' dir='ltr'><strong>Ibid.</strong></span> <span class='ocrx_word' id='word_1_178' title='bbox 256 1142 432 1177; x_wconf 65' lang='lat' dir='ltr'><strong>At-ppdztor.</strong></span> <span class='ocrx_word' id='word_1_179' title='bbox 461 1140 616 1176; x_wconf 79' lang='lat' dir='ltr'><strong>Metropolis</strong></span> <span class='ocrx_word' id='word_1_180' title='bbox 638 1144 697 1167; x_wconf 85' lang='lat' dir='ltr'><strong>erat</strong></span> <span class='ocrx_word' id='word_1_181' title='bbox 713 1138 787 1174; x_wconf 87' lang='lat' dir='ltr'><strong>Epiri</strong></span> <span class='ocrx_word' id='word_1_182' title='bbox 816 1145 890 1165; x_wconf 70' lang='lat' dir='ltr'><strong>nova:</strong></span> <span class='ocrx_word' id='word_1_183' title='bbox 908 1146 916 1171; x_wconf 83' lang='lat'><strong>;</strong></span> 
     </span>
    </p>
   </div>
   <div class='ocr_carea' id='block_1_27' title="bbox 132 1179 918 1216">
    <p class='ocr_par' dir='ltr' id='par_1_27' title="bbox 132 1179 918 1216">
     <span class='ocr_line' id='line_1_27' title="bbox 132 1179 918 1216; baseline -0.01 -3"><span class='ocrx_word' id='word_1_184' title='bbox 132 1186 204 1213; x_wconf 88' lang='lat' dir='ltr'><strong>ttnde</strong></span> <span class='ocrx_word' id='word_1_185' title='bbox 231 1184 319 1211; x_wconf 90' lang='lat' dir='ltr'><strong>Lucas</strong></span> <span class='ocrx_word' id='word_1_186' title='bbox 347 1183 497 1213; x_wconf 74' lang='grc' dir='ltr'><strong>ἐπίσκοπος</strong></span> <span class='ocrx_word' id='word_1_187' title='bbox 527 1180 691 1216; x_wconf 75' lang='grc' dir='ltr'><strong>Δυῤῥαχὶου,</strong></span> <span class='ocrx_word' id='word_1_188' title='bbox 722 1179 918 1215; x_wconf 77' lang='grc' dir='ltr'><strong>μητροπόλεως</strong></span> 
     </span>
    </p>
   </div>
   <div class='ocr_carea' id='block_1_28' title="bbox 132 1222 718 1261">
    <p class='ocr_par' dir='ltr' id='par_1_28' title="bbox 132 1222 718 1261">
     <span class='ocr_line' id='line_1_28' title="bbox 132 1222 718 1261; baseline -0.01 -7"><span class='ocrx_word' id='word_1_189' title='bbox 132 1227 196 1258; x_wconf 77' lang='grc' dir='ltr'><strong>νέας</strong></span> <span class='ocrx_word' id='word_1_190' title='bbox 207 1226 337 1261; x_wconf 76' lang='grc' dir='ltr'><strong>Ἠπείρου</strong></span> <span class='ocrx_word' id='word_1_191' title='bbox 354 1223 454 1252; x_wconf 85' lang='lat' dir='ltr'><strong>conci].</strong></span> <span class='ocrx_word' id='word_1_192' title='bbox 469 1222 593 1251; x_wconf 84' lang='lat' dir='ltr'><strong>Clmlced.</strong></span> <span class='ocrx_word' id='word_1_193' title='bbox 613 1231 640 1257; x_wconf 92' lang='lat' dir='ltr'><strong>p.</strong></span> <span class='ocrx_word' id='word_1_194' title='bbox 657 1222 718 1249; x_wconf 83' lang='lat'><strong>565.</strong></span> 
     </span>
    </p>
   </div>
   <div class='ocr_carea' id='block_1_29' title="bbox 168 1261 910 1301">
    <p class='ocr_par' dir='ltr' id='par_1_29' title="bbox 168 1261 910 1301">
     <span class='ocr_line' id='line_1_29' title="bbox 168 1261 910 1301; baseline -0.009 -6"><span class='ocrx_word' id='word_1_195' title='bbox 168 1267 236 1295; x_wconf 90' lang='lat' dir='ltr'><strong>Ibid.</strong></span> <span class='ocrx_word' id='word_1_196' title='bbox 247 1266 382 1301; x_wconf 79' lang='grc' dir='ltr'><strong>Σκάμπα.</strong></span> <span class='ocrx_word' id='word_1_197' title='bbox 403 1265 441 1292; x_wconf 89' lang='lat' dir='ltr'><strong>Ita</strong></span> <span class='ocrx_word' id='word_1_198' title='bbox 457 1269 529 1292; x_wconf 89' lang='lat' dir='ltr'><strong>recte</strong></span> <span class='ocrx_word' id='word_1_199' title='bbox 542 1263 734 1291; x_wconf 86' lang='lat' dir='ltr'><strong>Constantinus</strong></span> <span class='ocrx_word' id='word_1_200' title='bbox 751 1262 777 1289; x_wconf 94' lang='lat' dir='ltr'><strong>in</strong></span> <span class='ocrx_word' id='word_1_201' title='bbox 792 1261 910 1290; x_wconf 81' lang='lat' dir='ltr'><strong>editione</strong></span> 
     </span>
    </p>
   </div>
   <div class='ocr_carea' id='block_1_30' title="bbox 134 1302 919 1342">
    <p class='ocr_par' dir='ltr' id='par_1_30' title="bbox 134 1302 919 1342">
     <span class='ocr_line' id='line_1_30' title="bbox 134 1302 919 1342; baseline -0.01 -5"><span class='ocrx_word' id='word_1_202' title='bbox 134 1309 232 1337; x_wconf 74' lang='lat' dir='ltr'><strong>Batava</strong></span> <span class='ocrx_word' id='word_1_203' title='bbox 253 1317 262 1336; x_wconf 86' lang='lat'><strong>:</strong></span> <span class='ocrx_word' id='word_1_204' title='bbox 275 1315 336 1335; x_wconf 87' lang='lat' dir='ltr'><strong>nam</strong></span> <span class='ocrx_word' id='word_1_205' title='bbox 347 1308 475 1342; x_wconf 77' lang='grc' dir='ltr'><strong>Σκάμπα,</strong></span> <span class='ocrx_word' id='word_1_206' title='bbox 484 1306 555 1341; x_wconf 88' lang='lat' dir='ltr'><strong>quod</strong></span> <span class='ocrx_word' id='word_1_207' title='bbox 567 1305 633 1332; x_wconf 81' lang='lat' dir='ltr'><strong>Ans.</strong></span> <span class='ocrx_word' id='word_1_208' title='bbox 644 1304 794 1331; x_wconf 84' lang='lat' dir='ltr'><strong>Bandurius</strong></span> <span class='ocrx_word' id='word_1_209' title='bbox 806 1302 919 1337; x_wconf 78' lang='lat' dir='ltr'><strong>recepit,</strong></span> 
     </span>
    </p>
   </div>
   <div class='ocr_carea' id='block_1_31' title="bbox 135 1344 849 1380">
    <p class='ocr_par' dir='ltr' id='par_1_31' title="bbox 135 1344 849 1380">
     <span class='ocr_line' id='line_1_31' title="bbox 135 1344 849 1380; baseline -0.01 -2"><span class='ocrx_word' id='word_1_210' title='bbox 135 1352 199 1379; x_wconf 88' lang='lat' dir='ltr'><strong>hinc</strong></span> <span class='ocrx_word' id='word_1_211' title='bbox 219 1350 355 1377; x_wconf 81' lang='lat' dir='ltr'><strong>dclurtutu</strong></span> <span class='ocrx_word' id='word_1_212' title='bbox 379 1355 432 1376; x_wconf 87' lang='lat' dir='ltr'><strong>est.</strong></span> <span class='ocrx_word' id='word_1_213' title='bbox 447 1347 514 1375; x_wconf 89' lang='lat' dir='ltr'><strong>Vide</strong></span> <span class='ocrx_word' id='word_1_214' title='bbox 537 1347 570 1374; x_wconf 90' lang='lat' dir='ltr'><strong>ad</strong></span> <span class='ocrx_word' id='word_1_215' title='bbox 587 1346 649 1373; x_wconf 85' lang='lat' dir='ltr'><strong>Ant.</strong></span> <span class='ocrx_word' id='word_1_216' title='bbox 664 1346 728 1373; x_wconf 83' lang='lat' dir='ltr'><strong>Itin.</strong></span> <span class='ocrx_word' id='word_1_217' title='bbox 744 1353 769 1380; x_wconf 94' lang='lat' dir='ltr'><strong>p.</strong></span> <span class='ocrx_word' id='word_1_218' title='bbox 786 1344 849 1372; x_wconf 78' lang='lat' dir='ltr'><strong>5l8.</strong></span> 
     </span>
    </p>
   </div>
   <div class='ocr_carea' id='block_1_32' title="bbox 170 1385 917 1424">
    <p class='ocr_par' dir='ltr' id='par_1_32' title="bbox 170 1385 917 1424">
     <span class='ocr_line' id='line_1_32' title="bbox 170 1385 917 1424; baseline -0.008 -5"><span class='ocrx_word' id='word_1_219' title='bbox 170 1392 236 1419; x_wconf 89' lang='lat' dir='ltr'><strong>Ibid.</strong></span> <span class='ocrx_word' id='word_1_220' title='bbox 246 1391 366 1424; x_wconf 74' lang='grc' dir='ltr'><strong>Βοῦλις.</strong></span> <span class='ocrx_word' id='word_1_221' title='bbox 378 1389 520 1417; x_wconf 74' lang='lat' dir='ltr'><strong>Ptolemmo</strong></span> <span class='ocrx_word' id='word_1_222' title='bbox 531 1387 651 1420; x_wconf 76' lang='grc' dir='ltr'><strong>Βουλλίς,</strong></span> <span class='ocrx_word' id='word_1_223' title='bbox 662 1387 801 1422; x_wconf 83' lang='lat' dir='ltr'><strong>Stephano</strong></span> <span class='ocrx_word' id='word_1_224' title='bbox 813 1385 917 1417; x_wconf 79' lang='grc' dir='ltr'><strong>Βυλλις.</strong></span> 
     </span>
    </p>
   </div>
   <div class='ocr_carea' id='block_1_33' title="bbox 135 1427 919 1465">
    <p class='ocr_par' dir='ltr' id='par_1_33' title="bbox 135 1427 919 1465">
     <span class='ocr_line' id='line_1_33' title="bbox 135 1427 919 1465; baseline -0.01 -3"><span class='ocrx_word' id='word_1_225' title='bbox 135 1435 206 1462; x_wconf 83' lang='lat' dir='ltr'><strong>Urbs</strong></span> <span class='ocrx_word' id='word_1_226' title='bbox 219 1437 278 1461; x_wconf 89' lang='lat' dir='ltr'><strong>erat</strong></span> <span class='ocrx_word' id='word_1_227' title='bbox 299 1432 448 1464; x_wconf 85' lang='lat' dir='ltr'><strong>maritima,</strong></span> <span class='ocrx_word' id='word_1_228' title='bbox 471 1429 619 1465; x_wconf 64' lang='lat' dir='ltr'><strong>Apollonia:</strong></span> <span class='ocrx_word' id='word_1_229' title='bbox 641 1429 741 1460; x_wconf 74' lang='lat' dir='ltr'><strong>vicina,</strong></span> <span class='ocrx_word' id='word_1_230' title='bbox 764 1428 835 1455; x_wconf 91' lang='lat' dir='ltr'><strong>unde</strong></span> <span class='ocrx_word' id='word_1_231' title='bbox 848 1427 919 1462; x_wconf 86' lang='lat' dir='ltr'><strong>ejus-</strong></span> 
     </span>
    </p>
   </div>
   <div class='ocr_carea' id='block_1_34' title="bbox 135 1468 920 1509">
    <p class='ocr_par' dir='ltr' id='par_1_34' title="bbox 135 1468 920 1509">
     <span class='ocr_line' id='line_1_34' title="bbox 135 1468 920 1509; baseline -0.011 -6"><span class='ocrx_word' id='word_1_232' title='bbox 135 1478 194 1503; x_wconf 88' lang='lat' dir='ltr'><strong>dem</strong></span> <span class='ocrx_word' id='word_1_233' title='bbox 231 1475 350 1509; x_wconf 83' lang='lat' dir='ltr'><strong>episcopi</strong></span> <span class='ocrx_word' id='word_1_234' title='bbox 385 1481 457 1500; x_wconf 66' lang='lat' dir='ltr'><strong>curat</strong></span> <span class='ocrx_word' id='word_1_235' title='bbox 488 1473 596 1499; x_wconf 83' lang='lat' dir='ltr'><strong>fuerunt</strong></span> <span class='ocrx_word' id='word_1_236' title='bbox 629 1471 791 1501; x_wconf 59' lang='lat' dir='ltr'><strong>commissa,</strong></span> <span class='ocrx_word' id='word_1_237' title='bbox 817 1469 863 1503; x_wconf 91' lang='lat' dir='ltr'><strong>qui</strong></span> <span class='ocrx_word' id='word_1_238' title='bbox 892 1468 920 1495; x_wconf 91' lang='lat' dir='ltr'><strong>in</strong></span> 
     </span>
    </p>
   </div>
   <div class='ocr_carea' id='block_1_35' title="bbox 135 1509 920 1553">
    <p class='ocr_par' dir='ltr' id='par_1_35' title="bbox 135 1509 920 1553">
     <span class='ocr_line' id='line_1_35' title="bbox 135 1509 920 1553; baseline -0.013 -8"><span class='ocrx_word' id='word_1_239' title='bbox 135 1518 272 1553; x_wconf 82' lang='lat' dir='ltr'><strong>Ephesin</strong></span> <span class='ocrx_word' id='word_1_240' title='bbox 287 1515 401 1543; x_wconf 90' lang='lat' dir='ltr'><strong>concilio</strong></span> <span class='ocrx_word' id='word_1_241' title='bbox 415 1522 441 1550; x_wconf 87' lang='lat' dir='ltr'><strong>p.</strong></span> <span class='ocrx_word' id='word_1_242' title='bbox 455 1514 506 1541; x_wconf 69' lang='grc'><strong>437</strong></span> <span class='ocrx_word' id='word_1_243' title='bbox 525 1512 708 1543; x_wconf 76' lang='grc' dir='ltr'><strong>’Δπολλωνῑας</strong></span> <span class='ocrx_word' id='word_1_244' title='bbox 721 1511 768 1538; x_wconf 79' lang='grc' dir='ltr'><strong>καὶ</strong></span> <span class='ocrx_word' id='word_1_245' title='bbox 779 1509 920 1553; x_wconf 49' lang='lat' dir='ltr'><strong>samisso;</strong></span> 
     </span>
    </p>
   </div>
   <div class='ocr_carea' id='block_1_36' title="bbox 134 1552 919 1593">
    <p class='ocr_par' dir='ltr' id='par_1_36' title="bbox 134 1552 919 1593">
     <span class='ocr_line' id='line_1_36' title="bbox 134 1552 919 1593; baseline -0.009 -7"><span class='ocrx_word' id='word_1_246' title='bbox 134 1552 202 1593; x_wconf 75' lang='lat' dir='ltr'><strong>etp.</strong></span> <span class='ocrx_word' id='word_1_247' title='bbox 218 1559 270 1586; x_wconf 74' lang='lat' dir='ltr'><strong>sat</strong></span> <span class='ocrx_word' id='word_1_248' title='bbox 294 1556 475 1587; x_wconf 66' lang='grc' dir='ltr'><strong>Ἀπολλωνίας</strong></span> <span class='ocrx_word' id='word_1_249' title='bbox 494 1554 542 1582; x_wconf 81' lang='grc' dir='ltr'><strong>καὶ</strong></span> <span class='ocrx_word' id='word_1_250' title='bbox 570 1554 676 1586; x_wconf 84' lang='grc' dir='ltr'><strong>Βελίδος</strong></span> <span class='ocrx_word' id='word_1_251' title='bbox 692 1553 788 1580; x_wconf 87' lang='lat' dir='ltr'><strong>vitiose</strong></span> <span class='ocrx_word' id='word_1_252' title='bbox 810 1552 919 1580; x_wconf 87' lang='lat' dir='ltr'><strong>dicitur.</strong></span> 
     </span>
    </p>
   </div>
   <div class='ocr_carea' id='block_1_37' title="bbox 136 1594 610 1631">
    <p class='ocr_par' dir='ltr' id='par_1_37' title="bbox 136 1594 610 1631">
     <span class='ocr_line' id='line_1_37' title="bbox 136 1594 610 1631; baseline -0.017 -3"><span class='ocrx_word' id='word_1_253' title='bbox 136 1600 204 1628; x_wconf 72' lang='lat' dir='ltr'><strong>Vide</strong></span> <span class='ocrx_word' id='word_1_254' title='bbox 220 1599 306 1626; x_wconf 79' lang='lat' dir='ltr'><strong>Holst.</strong></span> <span class='ocrx_word' id='word_1_255' title='bbox 323 1599 348 1625; x_wconf 89' lang='lat' dir='ltr'><strong>itt</strong></span> <span class='ocrx_word' id='word_1_256' title='bbox 362 1596 491 1631; x_wconf 78' lang='lat' dir='ltr'><strong>Stephani</strong></span> <span class='ocrx_word' id='word_1_257' title='bbox 502 1594 610 1626; x_wconf 77' lang='grc' dir='ltr'><strong>Βυλλίς.</strong></span> 
     </span>
    </p>
   </div>
   <div class='ocr_carea' id='block_1_38' title="bbox 170 1634 920 1674">
    <p class='ocr_par' dir='ltr' id='par_1_38' title="bbox 170 1634 920 1674">
     <span class='ocr_line' id='line_1_38' title="bbox 170 1634 920 1674; baseline -0.011 -6"><span class='ocrx_word' id='word_1_258' title='bbox 170 1640 238 1668; x_wconf 89' lang='lat' dir='ltr'><strong>Ibid.</strong></span> <span class='ocrx_word' id='word_1_259' title='bbox 265 1638 412 1674; x_wconf 81' lang='grc' dir='ltr'><strong>Ἀμαντία.</strong></span> <span class='ocrx_word' id='word_1_260' title='bbox 446 1636 508 1664; x_wconf 82' lang='lat' dir='ltr'><strong>Fuit</strong></span> <span class='ocrx_word' id='word_1_261' title='bbox 525 1636 552 1662; x_wconf 92' lang='lat' dir='ltr'><strong>iu</strong></span> <span class='ocrx_word' id='word_1_262' title='bbox 570 1634 643 1663; x_wconf 75' lang='lat' dir='ltr'><strong>Oriti</strong></span> <span class='ocrx_word' id='word_1_263' title='bbox 658 1634 766 1668; x_wconf 81' lang='lat' dir='ltr'><strong>ﬁnibus,</strong></span> <span class='ocrx_word' id='word_1_264' title='bbox 782 1634 816 1662; x_wconf 90' lang='lat' dir='ltr'><strong>ab</strong></span> <span class='ocrx_word' id='word_1_265' title='bbox 829 1635 920 1661; x_wconf 82' lang='lat' dir='ltr'><strong>Aban-</strong></span> 
     </span>
    </p>
   </div>
   <div class='ocr_carea' id='block_1_39' title="bbox 137 1675 920 1710">
    <p class='ocr_par' dir='ltr' id='par_1_39' title="bbox 137 1675 920 1710">
     <span class='ocr_line' id='line_1_39' title="bbox 137 1675 920 1710; baseline -0.01 -1"><span class='ocrx_word' id='word_1_266' title='bbox 137 1683 208 1709; x_wconf 80' lang='lat' dir='ltr'><strong>tibus</strong></span> <span class='ocrx_word' id='word_1_267' title='bbox 219 1681 362 1708; x_wconf 82' lang='lat' dir='ltr'><strong>condita-et</strong></span> <span class='ocrx_word' id='word_1_268' title='bbox 375 1677 527 1707; x_wconf 81' lang='lat' dir='ltr'><strong>dicta.Vide</strong></span> <span class='ocrx_word' id='word_1_269' title='bbox 534 1676 698 1705; x_wconf 81' lang='lat' dir='ltr'><strong>Paltuerium</strong></span> <span class='ocrx_word' id='word_1_270' title='bbox 710 1676 742 1703; x_wconf 70' lang='grc' dir='ltr'><strong>(ἶ.</strong></span> <span class='ocrx_word' id='word_1_271' title='bbox 755 1677 786 1703; x_wconf 83' lang='grc' dir='ltr'><strong>Α.</strong></span> <span class='ocrx_word' id='word_1_272' title='bbox 802 1683 823 1707; x_wconf 88' lang='lat' dir='ltr'><strong>t,</strong></span> <span class='ocrx_word' id='word_1_273' title='bbox 835 1675 880 1702; x_wconf 73' lang='lat' dir='ltr'><strong>3i.</strong></span> <span class='ocrx_word' id='word_1_274' title='bbox 893 1683 920 1710; x_wconf 91' lang='lat' dir='ltr'><strong>p.</strong></span> 
     </span>
    </p>
   </div>
   <div class='ocr_carea' id='block_1_40' title="bbox 137 1717 919 1756">
    <p class='ocr_par' dir='ltr' id='par_1_40' title="bbox 137 1717 919 1756">
     <span class='ocr_line' id='line_1_40' title="bbox 137 1717 919 1756; baseline -0.008 -6"><span class='ocrx_word' id='word_1_275' title='bbox 137 1724 199 1751; x_wconf 69' lang='lat' dir='ltr'><strong>ﬁt.</strong></span> <span class='ocrx_word' id='word_1_276' title='bbox 217 1722 336 1750; x_wconf 84' lang='lat' dir='ltr'><strong>Eulalius</strong></span> <span class='ocrx_word' id='word_1_277' title='bbox 362 1721 502 1756; x_wconf 83' lang='lat' dir='ltr'><strong>episcopus</strong></span> <span class='ocrx_word' id='word_1_278' title='bbox 519 1720 552 1746; x_wconf 89' lang='lat' dir='ltr'><strong>ab</strong></span> <span class='ocrx_word' id='word_1_279' title='bbox 569 1718 693 1745; x_wconf 82' lang='lat' dir='ltr'><strong>Amantia</strong></span> <span class='ocrx_word' id='word_1_280' title='bbox 720 1721 762 1745; x_wconf 77' lang='lat' dir='ltr'><strong>est</strong></span> <span class='ocrx_word' id='word_1_281' title='bbox 778 1717 804 1744; x_wconf 94' lang='lat' dir='ltr'><strong>in</strong></span> <span class='ocrx_word' id='word_1_282' title='bbox 821 1717 919 1752; x_wconf 77' lang='lat' dir='ltr'><strong>fragm.</strong></span> 
     </span>
    </p>
   </div>
   <div class='ocr_carea' id='block_1_41' title="bbox 139 1760 623 1800">
    <p class='ocr_par' dir='ltr' id='par_1_41' title="bbox 139 1760 623 1800">
     <span class='ocr_line' id='line_1_41' title="bbox 139 1760 623 1800; baseline -0.014 -7"><span class='ocrx_word' id='word_1_283' title='bbox 139 1773 184 1798; x_wconf 84' lang='grc' dir='ltr'>ιιι,</span> <span class='ocrx_word' id='word_1_284' title='bbox 203 1773 229 1800; x_wconf 91' lang='lat' dir='ltr'><strong>p.</strong></span> <span class='ocrx_word' id='word_1_285' title='bbox 246 1763 326 1792; x_wconf 72' lang='grc'><strong>1525.</strong></span> <span class='ocrx_word' id='word_1_286' title='bbox 343 1762 423 1798; x_wconf 86' lang='lat' dir='ltr'><strong>Oper.</strong></span> <span class='ocrx_word' id='word_1_287' title='bbox 436 1761 501 1789; x_wconf 83' lang='lat' dir='ltr'><strong>bist.</strong></span> <span class='ocrx_word' id='word_1_288' title='bbox 513 1760 623 1788; x_wconf 78' lang='lat' dir='ltr'><strong>Hilarii.</strong></span> 
     </span>
    </p>
   </div>
   <div class='ocr_carea' id='block_1_42' title="bbox 170 1800 920 1838">
    <p class='ocr_par' dir='ltr' id='par_1_42' title="bbox 170 1800 920 1838">
     <span class='ocr_line' id='line_1_42' title="bbox 170 1800 920 1838; baseline -0.009 -5"><span class='ocrx_word' id='word_1_289' title='bbox 170 1806 239 1833; x_wconf 86' lang='lat' dir='ltr'><strong>Ibid.</strong></span> <span class='ocrx_word' id='word_1_290' title='bbox 262 1804 546 1838; x_wconf 73' lang='grc' dir='ltr'><strong>Πουλχεριούπολις.</strong></span> <span class='ocrx_word' id='word_1_291' title='bbox 570 1802 652 1829; x_wconf 83' lang='lat' dir='ltr'><strong>Recte</strong></span> <span class='ocrx_word' id='word_1_292' title='bbox 666 1801 717 1828; x_wconf 89' lang='lat' dir='ltr'><strong>hoc</strong></span> <span class='ocrx_word' id='word_1_293' title='bbox 742 1800 920 1828; x_wconf 85' lang='lat' dir='ltr'><strong>IIolsteiuiutn</strong></span> 
     </span>
    </p>
   </div>
   <div class='ocr_carea' id='block_1_43' title="bbox 137 1841 919 1884">
    <p class='ocr_par' dir='ltr' id='par_1_43' title="bbox 137 1841 919 1884">
     <span class='ocr_line' id='line_1_43' title="bbox 137 1841 919 1884; baseline -0.01 -8"><span class='ocrx_word' id='word_1_294' title='bbox 137 1849 267 1884; x_wconf 84' lang='lat' dir='ltr'><strong>probasse</strong></span> <span class='ocrx_word' id='word_1_295' title='bbox 292 1846 485 1875; x_wconf 85' lang='lat' dir='ltr'><strong>Constantinus</strong></span> <span class='ocrx_word' id='word_1_296' title='bbox 511 1845 530 1872; x_wconf 86' lang='grc' dir='ltr'>ι.</span> <span class='ocrx_word' id='word_1_297' title='bbox 554 1852 583 1877; x_wconf 84' lang='grc' dir='ltr'>ιι,</span> <span class='ocrx_word' id='word_1_298' title='bbox 605 1843 701 1870; x_wconf 84' lang='lat' dir='ltr'><strong>&#39;I‘Item.</strong></span> <span class='ocrx_word' id='word_1_299' title='bbox 727 1842 755 1875; x_wconf 82' lang='lat'><strong>9,</strong></span> <span class='ocrx_word' id='word_1_300' title='bbox 773 1841 919 1884; x_wconf 19' lang='lat' dir='ltr'><strong>rosteudit.</strong></span> 
     </span>
    </p>
   </div>
   <div class='ocr_carea' id='block_1_44' title="bbox 136 1883 922 1917">
    <p class='ocr_par' dir='ltr' id='par_1_44' title="bbox 136 1883 922 1917">
     <span class='ocr_line' id='line_1_44' title="bbox 136 1883 922 1917; baseline -0.011 1"><span class='ocrx_word' id='word_1_301' title='bbox 136 1883 240 1917; x_wconf 72' lang='lat' dir='ltr'><strong>Nomen</strong></span> <span class='ocrx_word' id='word_1_302' title='bbox 254 1893 297 1916; x_wconf 86' lang='lat' dir='ltr'><strong>est</strong></span> <span class='ocrx_word' id='word_1_303' title='bbox 311 1896 326 1915; x_wconf 73' lang='grc' dir='ltr'><strong>ιι</strong></span> <span class='ocrx_word' id='word_1_304' title='bbox 342 1886 487 1915; x_wconf 83' lang='lat' dir='ltr'><strong>Pulcheria</strong></span> <span class='ocrx_word' id='word_1_305' title='bbox 505 1884 653 1912; x_wconf 86' lang='lat' dir='ltr'><strong>Theodosii</strong></span> <span class='ocrx_word' id='word_1_306' title='bbox 679 1883 790 1911; x_wconf 86' lang='lat' dir='ltr'><strong>secundi</strong></span> <span class='ocrx_word' id='word_1_307' title='bbox 816 1890 922 1915; x_wconf 86' lang='lat' dir='ltr'><strong>sorore,</strong></span> 
     </span>
    </p>
   </div>
   <div class='ocr_carea' id='block_1_45' title="bbox 138 1921 922 1961">
    <p class='ocr_par' dir='ltr' id='par_1_45' title="bbox 138 1921 922 1961">
     <span class='ocr_line' id='line_1_45' title="bbox 138 1921 922 1961; baseline -0.01 -3"><span class='ocrx_word' id='word_1_308' title='bbox 138 1931 206 1958; x_wconf 83' lang='lat' dir='ltr'><strong>situs</strong></span> <span class='ocrx_word' id='word_1_309' title='bbox 221 1937 285 1957; x_wconf 87' lang='lat' dir='ltr'><strong>vero</strong></span> <span class='ocrx_word' id='word_1_310' title='bbox 306 1928 538 1959; x_wconf 84' lang='lat' dir='ltr'><strong>obscurissimos;</strong></span> <span class='ocrx_word' id='word_1_311' title='bbox 557 1926 614 1961; x_wconf 86' lang='lat' dir='ltr'><strong>qui,</strong></span> <span class='ocrx_word' id='word_1_312' title='bbox 628 1925 651 1952; x_wconf 87' lang='lat' dir='ltr'><strong>si</strong></span> <span class='ocrx_word' id='word_1_313' title='bbox 664 1921 762 1952; x_wconf 75' lang='lat' dir='ltr'><strong>nomen</strong></span> <span class='ocrx_word' id='word_1_314' title='bbox 789 1932 842 1958; x_wconf 91' lang='lat' dir='ltr'><strong>quo</strong></span> <span class='ocrx_word' id='word_1_315' title='bbox 859 1928 922 1951; x_wconf 89' lang='lat' dir='ltr'><strong>ante</strong></span> 
     </span>
    </p>
   </div>
   <div class='ocr_carea' id='block_1_46' title="bbox 139 1966 919 2004">
    <p class='ocr_par' dir='ltr' id='par_1_46' title="bbox 139 1966 919 2004">
     <span class='ocr_line' id='line_1_46' title="bbox 139 1966 919 2004; baseline -0.006 -5"><span class='ocrx_word' id='word_1_316' title='bbox 139 1980 187 2000; x_wconf 88' lang='lat' dir='ltr'><strong>usa</strong></span> <span class='ocrx_word' id='word_1_317' title='bbox 203 1972 262 2004; x_wconf 79' lang='lat' dir='ltr'><strong>fuit,</strong></span> <span class='ocrx_word' id='word_1_318' title='bbox 286 1975 359 1998; x_wconf 83' lang='lat' dir='ltr'><strong>esset</strong></span> <span class='ocrx_word' id='word_1_319' title='bbox 380 1969 561 2004; x_wconf 81' lang='lat' dir='ltr'><strong>exploratum,</strong></span> <span class='ocrx_word' id='word_1_320' title='bbox 597 1966 765 1995; x_wconf 84' lang='lat' dir='ltr'><strong>commodius</strong></span> <span class='ocrx_word' id='word_1_321' title='bbox 783 1966 919 1994; x_wconf 75' lang='lat' dir='ltr'><strong>ﬁniretur.</strong></span> 
     </span>
    </p>
   </div>
   <div class='ocr_carea' id='block_1_47' title="bbox 138 2008 922 2046">
    <p class='ocr_par' dir='ltr' id='par_1_47' title="bbox 138 2008 922 2046">
     <span class='ocr_line' id='line_1_47' title="bbox 138 2008 922 2046; baseline -0.009 -5"><span class='ocrx_word' id='word_1_322' title='bbox 138 2013 298 2042; x_wconf 81' lang='lat' dir='ltr'><strong>I‘alimerius</strong></span> <span class='ocrx_word' id='word_1_323' title='bbox 309 2013 342 2039; x_wconf 88' lang='lat' dir='ltr'><strong>de</strong></span> <span class='ocrx_word' id='word_1_324' title='bbox 352 2010 492 2046; x_wconf 74' lang='lat' dir='ltr'><strong>Dulgarica</strong></span> <span class='ocrx_word' id='word_1_325' title='bbox 504 2009 636 2045; x_wconf 75' lang='lat' dir='ltr'><strong>Belgrade</strong></span> <span class='ocrx_word' id='word_1_326' title='bbox 654 2009 832 2044; x_wconf 86' lang='lat' dir='ltr'><strong>suspicionem</strong></span> <span class='ocrx_word' id='word_1_327' title='bbox 845 2008 922 2042; x_wconf 87' lang='lat' dir='ltr'><strong>jecit,</strong></span> 
     </span>
    </p>
   </div>
   <div class='ocr_carea' id='block_1_48' title="bbox 138 2050 923 2091">
    <p class='ocr_par' dir='ltr' id='par_1_48' title="bbox 138 2050 923 2091">
     <span class='ocr_line' id='line_1_48' title="bbox 138 2050 923 2091; baseline -0.008 -8"><span class='ocrx_word' id='word_1_328' title='bbox 138 2063 200 2091; x_wconf 62' lang='lat' dir='ltr'><strong>qua;</strong></span> <span class='ocrx_word' id='word_1_329' title='bbox 216 2060 245 2082; x_wconf 92' lang='lat' dir='ltr'><strong>ut</strong></span> <span class='ocrx_word' id='word_1_330' title='bbox 262 2054 368 2089; x_wconf 88' lang='lat' dir='ltr'><strong>probari</strong></span> <span class='ocrx_word' id='word_1_331' title='bbox 392 2053 476 2087; x_wconf 89' lang='lat' dir='ltr'><strong>possit</strong></span> <span class='ocrx_word' id='word_1_332' title='bbox 495 2052 672 2080; x_wconf 88' lang='lat' dir='ltr'><strong>vehementer</strong></span> <span class='ocrx_word' id='word_1_333' title='bbox 684 2057 790 2078; x_wconf 89' lang='lat' dir='ltr'><strong>vereor.</strong></span> <span class='ocrx_word' id='word_1_334' title='bbox 813 2050 852 2078; x_wconf 92' lang='lat' dir='ltr'><strong>De</strong></span> <span class='ocrx_word' id='word_1_335' title='bbox 867 2050 923 2077; x_wconf 81' lang='lat' dir='ltr'><strong>Au-</strong></span> 
     </span>
    </p>
   </div>
   <div class='ocr_carea' id='block_1_49' title="bbox 139 2093 484 2128">
    <p class='ocr_par' dir='ltr' id='par_1_49' title="bbox 139 2093 484 2128">
     <span class='ocr_line' id='line_1_49' title="bbox 139 2093 484 2128; baseline -0.012 -4"><span class='ocrx_word' id='word_1_336' title='bbox 139 2097 202 2124; x_wconf 87' lang='lat' dir='ltr'><strong>lotte</strong></span> <span class='ocrx_word' id='word_1_337' title='bbox 221 2095 286 2123; x_wconf 80' lang='lat' dir='ltr'><strong>Itin.</strong></span> <span class='ocrx_word' id='word_1_338' title='bbox 299 2095 362 2121; x_wconf 80' lang='lat' dir='ltr'><strong>Ant.</strong></span> <span class='ocrx_word' id='word_1_339' title='bbox 379 2102 405 2128; x_wconf 91' lang='lat' dir='ltr'><strong>p.</strong></span> <span class='ocrx_word' id='word_1_340' title='bbox 421 2093 484 2121; x_wconf 60' lang='grc' dir='ltr'><strong>διδ.</strong></span> 
     </span>
    </p>
   </div>
   <div class='ocr_carea' id='block_1_50' title="bbox 171 2131 921 2169">
    <p class='ocr_par' dir='ltr' id='par_1_50' title="bbox 171 2131 921 2169">
     <span class='ocr_line' id='line_1_50' title="bbox 171 2131 921 2169; baseline -0.011 -4"><span class='ocrx_word' id='word_1_341' title='bbox 171 2138 242 2165; x_wconf 84' lang='lat' dir='ltr'><strong>Ibid.</strong></span> <span class='ocrx_word' id='word_1_342' title='bbox 252 2135 417 2168; x_wconf 76' lang='grc' dir='ltr'><strong>Αῠλύνιδος</strong></span> <span class='ocrx_word' id='word_1_343' title='bbox 428 2134 626 2169; x_wconf 69' lang='grc' dir='ltr'><strong>μητρόπολις.</strong></span> <span class='ocrx_word' id='word_1_344' title='bbox 637 2132 696 2160; x_wconf 85' lang='lat' dir='ltr'><strong>Fuit</strong></span> <span class='ocrx_word' id='word_1_345' title='bbox 708 2132 772 2159; x_wconf 92' lang='lat' dir='ltr'><strong>olim</strong></span> <span class='ocrx_word' id='word_1_346' title='bbox 783 2131 921 2167; x_wconf 60' lang='grc' dir='ltr'><strong>Λυχνιδός,</strong></span> 
     </span>
    </p>
   </div>
   <div class='ocr_carea' id='block_1_51' title="bbox 140 2173 922 2210">
    <p class='ocr_par' dir='ltr' id='par_1_51' title="bbox 140 2173 922 2210">
     <span class='ocr_line' id='line_1_51' title="bbox 140 2173 922 2210; baseline -0.009 -3"><span class='ocrx_word' id='word_1_347' title='bbox 140 2184 171 2208; x_wconf 86' lang='grc' dir='ltr'><strong>ιιι</strong></span> <span class='ocrx_word' id='word_1_348' title='bbox 182 2180 250 2207; x_wconf 85' lang='lat' dir='ltr'><strong>bene</strong></span> <span class='ocrx_word' id='word_1_349' title='bbox 275 2177 439 2208; x_wconf 86' lang='lat' dir='ltr'><strong>Palmerius,</strong></span> <span class='ocrx_word' id='word_1_350' title='bbox 455 2183 515 2210; x_wconf 74' lang='lat' dir='ltr'><strong>quae</strong></span> <span class='ocrx_word' id='word_1_351' title='bbox 540 2183 602 2202; x_wconf 91' lang='lat' dir='ltr'><strong>cum</strong></span> <span class='ocrx_word' id='word_1_352' title='bbox 619 2174 751 2201; x_wconf 86' lang='lat' dir='ltr'><strong>Hieroclis</strong></span> <span class='ocrx_word' id='word_1_353' title='bbox 771 2181 827 2200; x_wconf 81' lang='lat' dir='ltr'><strong>a-vo</strong></span> <span class='ocrx_word' id='word_1_354' title='bbox 848 2173 922 2208; x_wconf 79' lang='lat' dir='ltr'><strong>Epiri</strong></span> 
     </span>
    </p>
   </div>
   <div class='ocr_carea' id='block_1_52' title="bbox 140 2215 923 2255">
    <p class='ocr_par' dir='ltr' id='par_1_52' title="bbox 140 2215 923 2255">
     <span class='ocr_line' id='line_1_52' title="bbox 140 2215 923 2255; baseline -0.01 -6"><span class='ocrx_word' id='word_1_355' title='bbox 140 2220 298 2255; x_wconf 85' lang='lat' dir='ltr'><strong>metropolis</strong></span> <span class='ocrx_word' id='word_1_356' title='bbox 313 2227 366 2246; x_wconf 92' lang='lat' dir='ltr'><strong>non</strong></span> <span class='ocrx_word' id='word_1_357' title='bbox 382 2218 472 2249; x_wconf 77' lang='lat' dir='ltr'><strong>fuerit,</strong></span> <span class='ocrx_word' id='word_1_358' title='bbox 501 2216 631 2244; x_wconf 89' lang='lat' dir='ltr'><strong>credibile</strong></span> <span class='ocrx_word' id='word_1_359' title='bbox 658 2220 699 2243; x_wconf 88' lang='lat' dir='ltr'><strong>est</strong></span> <span class='ocrx_word' id='word_1_360' title='bbox 727 2215 923 2251; x_wconf 72' lang='grc' dir='ltr'><strong>μητροπόλεως</strong></span> 
     </span>
    </p>
   </div>
   <div class='ocr_carea' id='block_1_53' title="bbox 139 2256 923 2295">
    <p class='ocr_par' dir='ltr' id='par_1_53' title="bbox 139 2256 923 2295">
     <span class='ocr_line' id='line_1_53' title="bbox 139 2256 923 2295; baseline -0.011 -4"><span class='ocrx_word' id='word_1_361' title='bbox 139 2270 232 2291; x_wconf 71' lang='lat' dir='ltr'><strong>vocem</strong></span> <span class='ocrx_word' id='word_1_362' title='bbox 263 2263 317 2289; x_wconf 89' lang='lat' dir='ltr'><strong>btte</strong></span> <span class='ocrx_word' id='word_1_363' title='bbox 335 2268 350 2288; x_wconf 85' lang='lat' dir='ltr'><strong>a</strong></span> <span class='ocrx_word' id='word_1_364' title='bbox 370 2259 520 2295; x_wconf 83' lang='lat' dir='ltr'><strong>Dyrrachio</strong></span> <span class='ocrx_word' id='word_1_365' title='bbox 549 2257 692 2292; x_wconf 73' lang='lat' dir='ltr'><strong>migrasse,</strong></span> <span class='ocrx_word' id='word_1_366' title='bbox 715 2261 761 2283; x_wconf 93' lang='lat' dir='ltr'><strong>aut</strong></span> <span class='ocrx_word' id='word_1_367' title='bbox 785 2256 923 2291; x_wconf 74' lang='lat' dir='ltr'><strong>Lychnido</strong></span> 
     </span>
    </p>
   </div>
   <div class='ocr_carea' id='block_1_54' title="bbox 142 2297 922 2333">
    <p class='ocr_par' dir='ltr' id='par_1_54' title="bbox 142 2297 922 2333">
     <span class='ocr_line' id='line_1_54' title="bbox 142 2297 922 2333; baseline -0.013 0"><span class='ocrx_word' id='word_1_368' title='bbox 142 2314 156 2332; x_wconf 88' lang='lat' dir='ltr'><strong>a</strong></span> <span class='ocrx_word' id='word_1_369' title='bbox 176 2305 325 2333; x_wconf 85' lang='lat' dir='ltr'><strong>recentiore</strong></span> <span class='ocrx_word' id='word_1_370' title='bbox 352 2301 463 2330; x_wconf 85' lang='lat' dir='ltr'><strong>librario</strong></span> <span class='ocrx_word' id='word_1_371' title='bbox 477 2300 561 2327; x_wconf 87' lang='lat' dir='ltr'><strong>luisse</strong></span> <span class='ocrx_word' id='word_1_372' title='bbox 590 2299 740 2333; x_wconf 88' lang='lat' dir='ltr'><strong>appositam</strong></span> <span class='ocrx_word' id='word_1_373' title='bbox 759 2305 769 2325; x_wconf 90' lang='lat'><em>:</em></span> <span class='ocrx_word' id='word_1_374' title='bbox 783 2297 834 2324; x_wconf 83' lang='lat' dir='ltr'><strong>fuit</strong></span> <span class='ocrx_word' id='word_1_375' title='bbox 850 2298 922 2324; x_wconf 90' lang='lat' dir='ltr'><strong>cnint</strong></span> 
     </span>
    </p>
   </div>
   <div class='ocr_carea' id='block_1_55' title="bbox 140 2340 924 2377">
    <p class='ocr_par' dir='ltr' id='par_1_55' title="bbox 140 2340 924 2377">
     <span class='ocr_line' id='line_1_55' title="bbox 140 2340 924 2377; baseline -0.014 -2"><span class='ocrx_word' id='word_1_376' title='bbox 140 2348 245 2375; x_wconf 86' lang='lat' dir='ltr'><strong>seriore</strong></span> <span class='ocrx_word' id='word_1_377' title='bbox 270 2349 350 2372; x_wconf 82' lang='lat' dir='ltr'><strong>:etate</strong></span> <span class='ocrx_word' id='word_1_378' title='bbox 374 2343 425 2371; x_wconf 81' lang='lat' dir='ltr'><strong>Sub</strong></span> <span class='ocrx_word' id='word_1_379' title='bbox 449 2341 570 2377; x_wconf 70' lang='lat' dir='ltr'><strong>Bulgaris</strong></span> <span class='ocrx_word' id='word_1_380' title='bbox 601 2340 757 2374; x_wconf 81' lang='lat' dir='ltr'><strong>metropolis</strong></span> <span class='ocrx_word' id='word_1_381' title='bbox 775 2360 783 2373; x_wconf 88' lang='lat'><strong>,</strong></span> <span class='ocrx_word' id='word_1_382' title='bbox 802 2340 871 2373; x_wconf 92' lang='lat' dir='ltr'><strong>quod</strong></span> <span class='ocrx_word' id='word_1_383' title='bbox 895 2343 924 2365; x_wconf 85' lang='lat' dir='ltr'><strong>ut</strong></span> 
     </span>
    </p>
   </div>
   <div class='ocr_carea' id='block_1_56' title="bbox 141 2381 924 2424">
    <p class='ocr_par' dir='ltr' id='par_1_56' title="bbox 141 2381 924 2424">
     <span class='ocr_line' id='line_1_56' title="bbox 141 2381 924 2424; baseline -0.014 -8"><span class='ocrx_word' id='word_1_384' title='bbox 141 2392 282 2424; x_wconf 78' lang='lat' dir='ltr'><strong>appareat,</strong></span> <span class='ocrx_word' id='word_1_385' title='bbox 296 2386 434 2419; x_wconf 82' lang='lat' dir='ltr'><strong>sciendum</strong></span> <span class='ocrx_word' id='word_1_386' title='bbox 448 2389 490 2411; x_wconf 86' lang='lat' dir='ltr'><strong>est</strong></span> <span class='ocrx_word' id='word_1_387' title='bbox 504 2383 598 2410; x_wconf 87' lang='lat' dir='ltr'><strong>urbem</strong></span> <span class='ocrx_word' id='word_1_388' title='bbox 614 2383 683 2409; x_wconf 87' lang='lat' dir='ltr'><strong>Itane</strong></span> <span class='ocrx_word' id='word_1_389' title='bbox 699 2389 714 2408; x_wconf 88' lang='lat' dir='ltr'><strong>a</strong></span> <span class='ocrx_word' id='word_1_390' title='bbox 725 2387 809 2424; x_wconf 21' lang='lat' dir='ltr'><strong>rgenti:</strong></span> <span class='ocrx_word' id='word_1_391' title='bbox 826 2381 924 2424; x_wconf 54' lang='lat' dir='ltr'><strong>Uulga-</strong></span> 
     </span>
    </p>
   </div>
   <div class='ocr_carea' id='block_1_57' title="bbox 139 2421 924 2458">
    <p class='ocr_par' dir='ltr' id='par_1_57' title="bbox 139 2421 924 2458">
     <span class='ocr_line' id='line_1_57' title="bbox 139 2421 924 2458; baseline -0.014 0"><span class='ocrx_word' id='word_1_392' title='bbox 139 2421 195 2458; x_wconf 71' lang='lat' dir='ltr'><strong>rica</strong></span> <span class='ocrx_word' id='word_1_393' title='bbox 211 2428 357 2456; x_wconf 81' lang='lat' dir='ltr'><strong>Achridam</strong></span> <span class='ocrx_word' id='word_1_394' title='bbox 384 2426 469 2453; x_wconf 78' lang='lat' dir='ltr'><strong>fuisse</strong></span> <span class='ocrx_word' id='word_1_395' title='bbox 495 2428 687 2458; x_wconf 83' lang='lat' dir='ltr'><strong>nuncupatam.</strong></span> <span class='ocrx_word' id='word_1_396' title='bbox 710 2423 859 2453; x_wconf 80' lang='lat' dir='ltr'><strong>Cedrenus,</strong></span> <span class='ocrx_word' id='word_1_397' title='bbox 878 2421 924 2448; x_wconf 68' lang='lat' dir='ltr'><strong>Ni-</strong></span> 
     </span>
    </p>
   </div>
   <div class='ocr_carea' id='block_1_58' title="bbox 139 2463 925 2508">
    <p class='ocr_par' dir='ltr' id='par_1_58' title="bbox 139 2463 925 2508">
     <span class='ocr_line' id='line_1_58' title="bbox 139 2463 925 2508; baseline -0.014 -7"><span class='ocrx_word' id='word_1_398' title='bbox 139 2473 251 2508; x_wconf 74' lang='lat' dir='ltr'><strong>cephori</strong></span> <span class='ocrx_word' id='word_1_399' title='bbox 274 2470 411 2504; x_wconf 75' lang='lat' dir='ltr'><strong>Gregoras</strong></span> <span class='ocrx_word' id='word_1_400' title='bbox 422 2473 449 2496; x_wconf 88' lang='lat' dir='ltr'><strong>et</strong></span> <span class='ocrx_word' id='word_1_401' title='bbox 466 2467 604 2508; x_wconf 71' lang='lat' dir='ltr'><strong>Callistus.</strong></span> <span class='ocrx_word' id='word_1_402' title='bbox 616 2466 726 2508; x_wconf 57' lang='lat' dir='ltr'><strong>quibus</strong></span> <span class='ocrx_word' id='word_1_403' title='bbox 743 2463 925 2508; x_wconf 77' lang='lat' dir='ltr'><strong>testimonium</strong></span> 
     </span>
    </p>
   </div>
   <div class='ocr_carea' id='block_1_59' title="bbox 139 2505 923 2542">
    <p class='ocr_par' dir='ltr' id='par_1_59' title="bbox 139 2505 923 2542">
     <span class='ocr_line' id='line_1_59' title="bbox 139 2505 923 2542; baseline -0.015 0"><span class='ocrx_word' id='word_1_404' title='bbox 139 2505 308 2542; x_wconf 74' lang='lat' dir='ltr'><strong>denuntiavit</strong></span> <span class='ocrx_word' id='word_1_405' title='bbox 319 2510 469 2538; x_wconf 79' lang='lat' dir='ltr'><strong>Palmerius</strong></span> <span class='ocrx_word' id='word_1_406' title='bbox 483 2508 515 2536; x_wconf 63' lang='grc' dir='ltr'><strong>γ’.</strong></span> <span class='ocrx_word' id='word_1_407' title='bbox 533 2507 566 2535; x_wconf 89' lang='lat' dir='ltr'><strong>G.</strong></span> <span class='ocrx_word' id='word_1_408' title='bbox 578 2515 600 2540; x_wconf 85' lang='lat' dir='ltr'><strong>t,</strong></span> <span class='ocrx_word' id='word_1_409' title='bbox 615 2507 661 2539; x_wconf 77' lang='lat'><strong>35,</strong></span> <span class='ocrx_word' id='word_1_410' title='bbox 677 2506 702 2533; x_wconf 90' lang='lat' dir='ltr'><strong>id</strong></span> <span class='ocrx_word' id='word_1_411' title='bbox 721 2505 790 2533; x_wconf 84' lang='lat' dir='ltr'><strong>lutud</strong></span> <span class='ocrx_word' id='word_1_412' title='bbox 805 2505 923 2532; x_wconf 88' lang='lat' dir='ltr'><strong>obscure</strong></span> 
     </span>
    </p>
   </div>
   <div class='ocr_carea' id='block_1_60' title="bbox 140 2548 925 2588">
    <p class='ocr_par' dir='ltr' id='par_1_60' title="bbox 140 2548 925 2588">
     <span class='ocr_line' id='line_1_60' title="bbox 140 2548 925 2588; baseline -0.014 -4"><span class='ocrx_word' id='word_1_413' title='bbox 140 2558 260 2584; x_wconf 85' lang='lat' dir='ltr'><strong>iudicant</strong></span> <span class='ocrx_word' id='word_1_414' title='bbox 272 2565 279 2588; x_wconf 86' lang='lat'><strong>;</strong></span> <span class='ocrx_word' id='word_1_415' title='bbox 292 2562 341 2581; x_wconf 90' lang='lat' dir='ltr'><strong>nec</strong></span> <span class='ocrx_word' id='word_1_416' title='bbox 357 2553 407 2579; x_wconf 79' lang='lat' dir='ltr'><strong>alia</strong></span> <span class='ocrx_word' id='word_1_417' title='bbox 422 2551 473 2578; x_wconf 85' lang='lat' dir='ltr'><strong>fuit</strong></span> <span class='ocrx_word' id='word_1_418' title='bbox 486 2550 639 2578; x_wconf 67' lang='lat' dir='ltr'><strong>scholiasta‘.</strong></span> <span class='ocrx_word' id='word_1_419' title='bbox 662 2548 838 2579; x_wconf 76' lang='lat' dir='ltr'><strong>Coisltuiano,</strong></span> <span class='ocrx_word' id='word_1_420' title='bbox 861 2554 925 2575; x_wconf 84' lang='lat' dir='ltr'><strong>curn</strong></span> 
     </span>
    </p>
   </div>
   <div class='ocr_carea' id='block_1_61' title="bbox 139 2589 925 2628">
    <p class='ocr_par' dir='ltr' id='par_1_61' title="bbox 139 2589 925 2628">
     <span class='ocr_line' id='line_1_61' title="bbox 139 2589 925 2628; baseline -0.017 -1"><span class='ocrx_word' id='word_1_421' title='bbox 139 2598 285 2626; x_wconf 81' lang='lat' dir='ltr'><strong>Ptolema-o</strong></span> <span class='ocrx_word' id='word_1_422' title='bbox 299 2595 464 2623; x_wconf 81' lang='lat' dir='ltr'><strong>adscriberet</strong></span> <span class='ocrx_word' id='word_1_423' title='bbox 478 2591 605 2628; x_wconf 77' lang='grc' dir='ltr'><strong>Λυχνιδδς</strong></span> <span class='ocrx_word' id='word_1_424' title='bbox 614 2591 631 2626; x_wconf 81' lang='grc' dir='ltr'><strong>ὴ</strong></span> <span class='ocrx_word' id='word_1_425' title='bbox 647 2590 768 2625; x_wconf 72' lang='grc' dir='ltr'><strong>Ἀκρίδα,</strong></span> <span class='ocrx_word' id='word_1_426' title='bbox 782 2589 925 2622; x_wconf 74' lang='lat' dir='ltr'><strong>sententia,</strong></span> 
     </span>
    </p>
   </div>
   <div class='ocr_carea' id='block_1_62' title="bbox 139 2631 927 2672">
    <p class='ocr_par' dir='ltr' id='par_1_62' title="bbox 139 2631 927 2672">
     <span class='ocr_line' id='line_1_62' title="bbox 139 2631 927 2672; baseline -0.015 -4"><span class='ocrx_word' id='word_1_427' title='bbox 139 2642 189 2668; x_wconf 87' lang='lat' dir='ltr'><strong>sub</strong></span> <span class='ocrx_word' id='word_1_428' title='bbox 209 2640 304 2667; x_wconf 84' lang='lat' dir='ltr'><strong>iisdem</strong></span> <span class='ocrx_word' id='word_1_429' title='bbox 327 2636 449 2672; x_wconf 80' lang='lat' dir='ltr'><strong>Bulgaris</strong></span> <span class='ocrx_word' id='word_1_430' title='bbox 468 2634 586 2662; x_wconf 83' lang='lat' dir='ltr'><strong>Achrida</strong></span> <span class='ocrx_word' id='word_1_431' title='bbox 609 2632 768 2661; x_wconf 78' lang='lat' dir='ltr'><strong>.Iustiniana:</strong></span> <span class='ocrx_word' id='word_1_432' title='bbox 784 2631 877 2672; x_wconf 75' lang='lat' dir='ltr'><strong>prima:</strong></span> <span class='ocrx_word' id='word_1_433' title='bbox 899 2634 927 2657; x_wconf 91' lang='lat' dir='ltr'><strong>et</strong></span> 
     </span>
    </p>
   </div>
   <div class='ocr_carea' id='block_1_63' title="bbox 141 2671 926 2717">
    <p class='ocr_par' dir='ltr' id='par_1_63' title="bbox 141 2671 926 2717">
     <span class='ocr_line' id='line_1_63' title="bbox 141 2671 926 2717; baseline -0.014 -8"><span class='ocrx_word' id='word_1_434' title='bbox 141 2682 283 2717; x_wconf 76' lang='lat' dir='ltr'><strong>metropoli</strong></span> <span class='ocrx_word' id='word_1_435' title='bbox 326 2678 404 2706; x_wconf 82' lang='lat' dir='ltr'><strong>titulo</strong></span> <span class='ocrx_word' id='word_1_436' title='bbox 423 2675 698 2717; x_wconf 31' lang='lat' dir='ltr'><strong>superbiitttestibt‘ts</strong></span> <span class='ocrx_word' id='word_1_437' title='bbox 713 2678 827 2708; x_wconf 87' lang='lat' dir='ltr'><strong>utroqtte</strong></span> <span class='ocrx_word' id='word_1_438' title='bbox 847 2671 926 2717; x_wconf 44' lang='lat' dir='ltr'><strong>Fice-</strong></span> 
     </span>
    </p>
   </div>
   <div class='ocr_carea' id='block_1_64' title="bbox 140 2713 927 2758">
    <p class='ocr_par' dir='ltr' id='par_1_64' title="bbox 140 2713 927 2758">
     <span class='ocr_line' id='line_1_64' title="bbox 140 2713 927 2758; baseline -0.011 -9"><span class='ocrx_word' id='word_1_439' title='bbox 140 2713 267 2758; x_wconf 45' lang='lat' dir='ltr'><strong>phoro&#39;et</strong></span> <span class='ocrx_word' id='word_1_440' title='bbox 290 2720 433 2750; x_wconf 84' lang='lat' dir='ltr'><strong>Wilhelmo</strong></span> <span class='ocrx_word' id='word_1_441' title='bbox 459 2717 542 2754; x_wconf 86' lang='lat' dir='ltr'><strong>Tyrio</strong></span> <span class='ocrx_word' id='word_1_442' title='bbox 568 2715 638 2744; x_wconf 72' lang='grc' dir='ltr'>ιιίει.</span> <span class='ocrx_word' id='word_1_443' title='bbox 664 2713 927 2758; x_wconf 68' lang='lat' dir='ltr'><strong>Hieros._xx,_2.l_lic</strong></span> 
     </span>
    </p>
   </div>
   <div class='ocr_carea' id='block_1_65' title="bbox 143 2755 926 2796">
    <p class='ocr_par' dir='ltr' id='par_1_65' title="bbox 143 2755 926 2796">
     <span class='ocr_line' id='line_1_65' title="bbox 143 2755 926 2796; baseline -0.011 -5"><span class='ocrx_word' id='word_1_444' title='bbox 143 2755 207 2791; x_wconf 73' lang='lat' dir='ltr'><strong>vero</strong></span> <span class='ocrx_word' id='word_1_445' title='bbox 228 2772 281 2792; x_wconf 90' lang='lat' dir='ltr'><strong>non</strong></span> <span class='ocrx_word' id='word_1_446' title='bbox 305 2761 442 2790; x_wconf 88' lang='lat' dir='ltr'><strong>immerito</strong></span> <span class='ocrx_word' id='word_1_447' title='bbox 469 2759 639 2796; x_wconf 62' lang='lat' dir='ltr'><strong>quaesiveris,</strong></span> <span class='ocrx_word' id='word_1_448' title='bbox 667 2757 738 2785; x_wconf 85' lang='lat' dir='ltr'><strong>sitne</strong></span> <span class='ocrx_word' id='word_1_449' title='bbox 770 2755 926 2791; x_wconf 83' lang='lat' dir='ltr'><strong>Lychnidus</strong></span> 
     </span>
    </p>
   </div>
   <div class='ocr_carea' id='block_1_66' title="bbox 141 2799 926 2837">
    <p class='ocr_par' dir='ltr' id='par_1_66' title="bbox 141 2799 926 2837">
     <span class='ocr_line' id='line_1_66' title="bbox 141 2799 926 2837; baseline -0.009 -4"><span class='ocrx_word' id='word_1_450' title='bbox 141 2804 236 2833; x_wconf 76' lang='lat' dir='ltr'><strong>eadem</strong></span> <span class='ocrx_word' id='word_1_451' title='bbox 252 2812 283 2833; x_wconf 83' lang='lat' dir='ltr'><strong>ac</strong></span> <span class='ocrx_word' id='word_1_452' title='bbox 300 2803 446 2832; x_wconf 80' lang='lat' dir='ltr'><strong>Iustiniani</strong></span> <span class='ocrx_word' id='word_1_453' title='bbox 471 2801 585 2837; x_wconf 86' lang='lat' dir='ltr'><strong>patria:</strong></span> <span class='ocrx_word' id='word_1_454' title='bbox 607 2799 725 2837; x_wconf 83' lang='lat' dir='ltr'><strong>patriam</strong></span> <span class='ocrx_word' id='word_1_455' title='bbox 749 2799 822 2828; x_wconf 85' lang='lat' dir='ltr'><strong>enim</strong></span> <span class='ocrx_word' id='word_1_456' title='bbox 848 2805 926 2827; x_wconf 85' lang='lat' dir='ltr'><strong>suam</strong></span> 
     </span>
    </p>
   </div>
   <div class='ocr_carea' id='block_1_67' title="bbox 640 83 1206 122">
    <p class='ocr_par' dir='ltr' id='par_1_67' title="bbox 640 83 1206 122">
     <span class='ocr_line' id='line_1_67' title="bbox 640 83 1206 122; baseline -0.004 0"><span class='ocrx_word' id='word_1_457' title='bbox 640 90 829 122; x_wconf 78' lang='lat' dir='ltr'><strong>ADDENDA.</strong></span> <span class='ocrx_word' id='word_1_458' title='bbox 847 103 882 110; x_wconf 93' lang='lat'><strong><em>—</em></strong></span> <span class='ocrx_word' id='word_1_459' title='bbox 899 83 932 121; x_wconf 75' lang='grc' dir='ltr'><strong>ιῖ.</strong></span> <span class='ocrx_word' id='word_1_460' title='bbox 950 90 1206 122; x_wconf 80' lang='lat' dir='ltr'><strong>WESSELINGII</strong></span> 
     </span>
    </p>
   </div>
   <div class='ocr_carea' id='block_1_68' title="bbox 1672 89 1751 122">
    <p class='ocr_par' dir='ltr' id='par_1_68' title="bbox 1672 89 1751 122">
     <span class='ocr_line' id='line_1_68' title="bbox 1672 89 1751 122; baseline 0.013 -1"><span class='ocrx_word' id='word_1_461' title='bbox 1672 89 1751 122; x_wconf 82' lang='lat'><strong>1100</strong></span> 
     </span>
    </p>
   </div>
   <div class='ocr_carea' id='block_1_69' title="bbox 970 144 1756 180">
    <p class='ocr_par' dir='ltr' id='par_1_69' title="bbox 970 144 1756 180">
     <span class='ocr_line' id='line_1_69' title="bbox 970 144 1756 180; baseline 0.003 -8"><span class='ocrx_word' id='word_1_462' title='bbox 970 146 1118 180; x_wconf 86' lang='lat' dir='ltr'><strong>imperator</strong></span> <span class='ocrx_word' id='word_1_463' title='bbox 1131 145 1292 179; x_wconf 69' lang='lat' dir='ltr'><strong>cognomine</strong></span> <span class='ocrx_word' id='word_1_464' title='bbox 1305 144 1468 173; x_wconf 69' lang='lat' dir='ltr'><strong>Iustiniano:</strong></span> <span class='ocrx_word' id='word_1_465' title='bbox 1483 146 1576 180; x_wconf 76' lang='lat' dir='ltr'><strong>primm</strong></span> <span class='ocrx_word' id='word_1_466' title='bbox 1591 146 1703 174; x_wconf 85' lang='lat' dir='ltr'><strong>Novella</strong></span> <span class='ocrx_word' id='word_1_467' title='bbox 1718 147 1730 174; x_wconf 83' lang='grc' dir='ltr'><strong>ι</strong></span> <span class='ocrx_word' id='word_1_468' title='bbox 1745 146 1756 173; x_wconf 84' lang='grc' dir='ltr'><strong>Ι</strong></span> 
     </span>
    </p>
   </div>
   <div class='ocr_carea' id='block_1_70' title="bbox 969 186 1760 223">
    <p class='ocr_par' dir='ltr' id='par_1_70' title="bbox 969 186 1760 223">
     <span class='ocr_line' id='line_1_70' title="bbox 969 186 1760 223; baseline 0.001 -9"><span class='ocrx_word' id='word_1_469' title='bbox 969 187 1100 214; x_wconf 79' lang='lat' dir='ltr'><strong>illustrem</strong></span> <span class='ocrx_word' id='word_1_470' title='bbox 1113 195 1173 214; x_wconf 83' lang='lat' dir='ltr'><strong>esse</strong></span> <span class='ocrx_word' id='word_1_471' title='bbox 1186 187 1278 221; x_wconf 82' lang='lat' dir='ltr'><strong>jussit.</strong></span> <span class='ocrx_word' id='word_1_472' title='bbox 1295 186 1372 218; x_wconf 75' lang='lat' dir='ltr'><strong>Mihi.</strong></span> <span class='ocrx_word' id='word_1_473' title='bbox 1395 188 1553 222; x_wconf 80' lang='lat' dir='ltr'><strong>quatutnris</strong></span> <span class='ocrx_word' id='word_1_474' title='bbox 1571 188 1598 215; x_wconf 93' lang='lat' dir='ltr'><strong>in</strong></span> <span class='ocrx_word' id='word_1_475' title='bbox 1613 196 1672 215; x_wconf 81' lang='lat' dir='ltr'><strong>eam</strong></span> <span class='ocrx_word' id='word_1_476' title='bbox 1690 196 1760 223; x_wconf 88' lang='lat' dir='ltr'><strong>opt-</strong></span> 
     </span>
    </p>
   </div>
   <div class='ocr_carea' id='block_1_71' title="bbox 969 229 1758 264">
    <p class='ocr_par' dir='ltr' id='par_1_71' title="bbox 969 229 1758 264">
     <span class='ocr_line' id='line_1_71' title="bbox 969 229 1758 264; baseline 0.001 -9"><span class='ocrx_word' id='word_1_477' title='bbox 969 229 1078 255; x_wconf 91' lang='lat' dir='ltr'><strong>nionem</strong></span> <span class='ocrx_word' id='word_1_478' title='bbox 1100 230 1275 256; x_wconf 88' lang='lat' dir='ltr'><strong>doctissimus</strong></span> <span class='ocrx_word' id='word_1_479' title='bbox 1298 229 1449 257; x_wconf 74' lang='lat' dir='ltr'><strong>I’ahuerius</strong></span> <span class='ocrx_word' id='word_1_480' title='bbox 1464 236 1491 256; x_wconf 90' lang='lat' dir='ltr'><strong>et</strong></span> <span class='ocrx_word' id='word_1_481' title='bbox 1506 231 1595 264; x_wconf 84' lang='lat' dir='ltr'><strong>plures</strong></span> <span class='ocrx_word' id='word_1_482' title='bbox 1618 231 1663 257; x_wconf 87' lang='lat' dir='ltr'><strong>alii</strong></span> <span class='ocrx_word' id='word_1_483' title='bbox 1680 238 1758 258; x_wconf 87' lang='lat' dir='ltr'><strong>cou-</strong></span> 
     </span>
    </p>
   </div>
   <div class='ocr_carea' id='block_1_72' title="bbox 967 270 1760 305">
    <p class='ocr_par' dir='ltr' id='par_1_72' title="bbox 967 270 1760 305">
     <span class='ocr_line' id='line_1_72' title="bbox 967 270 1760 305; baseline 0.004 -9"><span class='ocrx_word' id='word_1_484' title='bbox 967 270 1110 302; x_wconf 78' lang='lat' dir='ltr'><strong>cesserint,</strong></span> <span class='ocrx_word' id='word_1_485' title='bbox 1137 270 1209 297; x_wconf 89' lang='lat' dir='ltr'><strong>ttullo</strong></span> <span class='ocrx_word' id='word_1_486' title='bbox 1232 271 1310 297; x_wconf 85' lang='lat' dir='ltr'><strong>modo</strong></span> <span class='ocrx_word' id='word_1_487' title='bbox 1333 271 1482 305; x_wconf 70' lang='lat' dir='ltr'><strong>plansihil&#39;s</strong></span> <span class='ocrx_word' id='word_1_488' title='bbox 1504 272 1619 298; x_wconf 83' lang='lat' dir='ltr'><strong>videtur.</strong></span> <span class='ocrx_word' id='word_1_489' title='bbox 1643 272 1760 299; x_wconf 80' lang='lat' dir='ltr'><strong>Dissert-</strong></span> 
     </span>
    </p>
   </div>
   <div class='ocr_carea' id='block_1_73' title="bbox 969 311 1761 347">
    <p class='ocr_par' dir='ltr' id='par_1_73' title="bbox 969 311 1761 347">
     <span class='ocr_line' id='line_1_73' title="bbox 969 311 1761 347; baseline 0.004 -10"><span class='ocrx_word' id='word_1_490' title='bbox 969 311 1051 337; x_wconf 88' lang='lat' dir='ltr'><strong>ticttdi</strong></span> <span class='ocrx_word' id='word_1_491' title='bbox 1070 318 1166 338; x_wconf 81' lang='lat' dir='ltr'><strong>causas</strong></span> <span class='ocrx_word' id='word_1_492' title='bbox 1184 312 1269 338; x_wconf 81' lang='lat' dir='ltr'><strong>bal-eo</strong></span> <span class='ocrx_word' id='word_1_493' title='bbox 1284 319 1380 346; x_wconf 71' lang='lat' dir='ltr'><strong>graves</strong></span> <span class='ocrx_word' id='word_1_494' title='bbox 1389 317 1417 338; x_wconf 84' lang='lat' dir='ltr'><strong>et</strong></span> <span class='ocrx_word' id='word_1_495' title='bbox 1430 312 1520 339; x_wconf 81' lang='lat' dir='ltr'><strong>varias</strong></span> <span class='ocrx_word' id='word_1_496' title='bbox 1533 321 1541 339; x_wconf 84' lang='lat'><strong>:</strong></span> <span class='ocrx_word' id='word_1_497' title='bbox 1553 312 1618 346; x_wconf 85' lang='lat' dir='ltr'><strong>quid</strong></span> <span class='ocrx_word' id='word_1_498' title='bbox 1630 313 1652 340; x_wconf 82' lang='lat' dir='ltr'><strong>si</strong></span> <span class='ocrx_word' id='word_1_499' title='bbox 1665 314 1761 347; x_wconf 87' lang='lat' dir='ltr'><strong>primo</strong></span> 
     </span>
    </p>
   </div>
   <div class='ocr_carea' id='block_1_74' title="bbox 969 351 1758 389">
    <p class='ocr_par' dir='ltr' id='par_1_74' title="bbox 969 351 1758 389">
     <span class='ocr_line' id='line_1_74' title="bbox 969 351 1758 389; baseline 0.006 -12"><span class='ocrx_word' id='word_1_500' title='bbox 969 351 1133 387; x_wconf 87' lang='lat' dir='ltr'><strong>Lychnidum</strong></span> <span class='ocrx_word' id='word_1_501' title='bbox 1163 353 1268 380; x_wconf 84' lang='lat' dir='ltr'><strong>condita</strong></span> <span class='ocrx_word' id='word_1_502' title='bbox 1290 352 1441 381; x_wconf 80' lang='lat' dir='ltr'><strong>Justutiana</strong></span> <span class='ocrx_word' id='word_1_503' title='bbox 1464 354 1549 389; x_wconf 87' lang='lat' dir='ltr'><strong>prima</strong></span> <span class='ocrx_word' id='word_1_504' title='bbox 1576 355 1758 388; x_wconf 81' lang='lat' dir='ltr'><strong>superstitem</strong></span> 
     </span>
    </p>
   </div>
   <div class='ocr_carea' id='block_1_75' title="bbox 967 392 1758 424">
    <p class='ocr_par' dir='ltr' id='par_1_75' title="bbox 967 392 1758 424">
     <span class='ocr_line' id='line_1_75' title="bbox 967 392 1758 424; baseline 0.008 -6"><span class='ocrx_word' id='word_1_505' title='bbox 967 392 1052 420; x_wconf 76' lang='lat' dir='ltr'><strong>fuisse</strong></span> <span class='ocrx_word' id='word_1_506' title='bbox 1065 394 1230 421; x_wconf 74' lang='lat' dir='ltr'><strong>ostendero?</strong></span> <span class='ocrx_word' id='word_1_507' title='bbox 1247 395 1392 422; x_wconf 75' lang='lat' dir='ltr'><strong>Exstructa</strong></span> <span class='ocrx_word' id='word_1_508' title='bbox 1408 403 1439 422; x_wconf 89' lang='lat' dir='ltr'><strong>ea</strong></span> <span class='ocrx_word' id='word_1_509' title='bbox 1455 401 1496 423; x_wconf 88' lang='lat' dir='ltr'><strong>est</strong></span> <span class='ocrx_word' id='word_1_510' title='bbox 1509 401 1573 422; x_wconf 85' lang='lat' dir='ltr'><strong>ante</strong></span> <span class='ocrx_word' id='word_1_511' title='bbox 1593 395 1758 424; x_wconf 81' lang='lat' dir='ltr'><strong>Belisariunt</strong></span> 
     </span>
    </p>
   </div>
   <div class='ocr_carea' id='block_1_76' title="bbox 967 435 1756 470">
    <p class='ocr_par' dir='ltr' id='par_1_76' title="bbox 967 435 1756 470">
     <span class='ocr_line' id='line_1_76' title="bbox 967 435 1756 470; baseline 0.005 -9"><span class='ocrx_word' id='word_1_512' title='bbox 967 435 1106 462; x_wconf 88' lang='lat' dir='ltr'><strong>consulem</strong></span> <span class='ocrx_word' id='word_1_513' title='bbox 1121 435 1177 463; x_wconf 81' lang='lat' dir='ltr'><strong>sire</strong></span> <span class='ocrx_word' id='word_1_514' title='bbox 1191 441 1254 464; x_wconf 85' lang='lat' dir='ltr'><strong>ante</strong></span> <span class='ocrx_word' id='word_1_515' title='bbox 1279 444 1378 463; x_wconf 86' lang='lat' dir='ltr'><strong>annum</strong></span> <span class='ocrx_word' id='word_1_516' title='bbox 1395 437 1459 468; x_wconf 74' lang='lat'><strong>555,</strong></span> <span class='ocrx_word' id='word_1_517' title='bbox 1477 443 1545 465; x_wconf 82' lang='lat' dir='ltr'><strong>teste</strong></span> <span class='ocrx_word' id='word_1_518' title='bbox 1567 437 1676 465; x_wconf 85' lang='lat' dir='ltr'><strong>Novella</strong></span> <span class='ocrx_word' id='word_1_519' title='bbox 1694 438 1722 465; x_wconf 82' lang='lat' dir='ltr'><strong>II</strong></span> <span class='ocrx_word' id='word_1_520' title='bbox 1746 446 1756 470; x_wconf 84' lang='lat'><strong>;</strong></span> 
     </span>
    </p>
   </div>
   <div class='ocr_carea' id='block_1_77' title="bbox 969 475 1758 512">
    <p class='ocr_par' dir='ltr' id='par_1_77' title="bbox 969 475 1758 512">
     <span class='ocr_line' id='line_1_77' title="bbox 969 475 1758 512; baseline 0.005 -10"><span class='ocrx_word' id='word_1_521' title='bbox 969 475 1124 510; x_wconf 74' lang='lat' dir='ltr'><strong>Lychnidus</strong></span> <span class='ocrx_word' id='word_1_522' title='bbox 1151 477 1312 512; x_wconf 79' lang='lat' dir='ltr'><strong>gravissimo</strong></span> <span class='ocrx_word' id='word_1_523' title='bbox 1339 483 1418 506; x_wconf 82' lang='lat' dir='ltr'><strong>teme</strong></span> <span class='ocrx_word' id='word_1_524' title='bbox 1441 483 1515 506; x_wconf 89' lang='lat' dir='ltr'><strong>motu</strong></span> <span class='ocrx_word' id='word_1_525' title='bbox 1541 479 1645 506; x_wconf 90' lang='lat' dir='ltr'><strong>corruit</strong></span> <span class='ocrx_word' id='word_1_526' title='bbox 1665 478 1758 507; x_wconf 78' lang='lat' dir='ltr'><strong>Justi-</strong></span> 
     </span>
    </p>
   </div>
   <div class='ocr_carea' id='block_1_78' title="bbox 968 518 1758 556">
    <p class='ocr_par' dir='ltr' id='par_1_78' title="bbox 968 518 1758 556">
     <span class='ocr_line' id='line_1_78' title="bbox 968 518 1758 556; baseline 0.004 -11"><span class='ocrx_word' id='word_1_527' title='bbox 968 519 1049 545; x_wconf 84' lang='lat' dir='ltr'><strong>niano</strong></span> <span class='ocrx_word' id='word_1_528' title='bbox 1077 518 1209 552; x_wconf 82' lang='lat' dir='ltr'><strong>principe,</strong></span> <span class='ocrx_word' id='word_1_529' title='bbox 1227 527 1289 551; x_wconf 83' lang='lat' dir='ltr'><strong>non.</strong></span> <span class='ocrx_word' id='word_1_530' title='bbox 1303 525 1332 546; x_wconf 92' lang='lat' dir='ltr'><strong>ut</strong></span> <span class='ocrx_word' id='word_1_531' title='bbox 1346 519 1506 552; x_wconf 81' lang='lat' dir='ltr'><strong>Palmerius,</strong></span> <span class='ocrx_word' id='word_1_532' title='bbox 1531 519 1638 548; x_wconf 75' lang='lat' dir='ltr'><strong>Iustino</strong></span> <span class='ocrx_word' id='word_1_533' title='bbox 1653 522 1758 556; x_wconf 85' lang='lat' dir='ltr'><strong>primo,</strong></span> 
     </span>
    </p>
   </div>
   <div class='ocr_carea' id='block_1_79' title="bbox 967 558 1757 594">
    <p class='ocr_par' dir='ltr' id='par_1_79' title="bbox 967 558 1757 594">
     <span class='ocr_line' id='line_1_79' title="bbox 967 558 1757 594; baseline 0.006 -9"><span class='ocrx_word' id='word_1_534' title='bbox 967 561 1037 594; x_wconf 77' lang='lat' dir='ltr'><strong>apud</strong></span> <span class='ocrx_word' id='word_1_535' title='bbox 1055 558 1215 594; x_wconf 84' lang='lat' dir='ltr'><strong>Procopium</strong></span> <span class='ocrx_word' id='word_1_536' title='bbox 1229 560 1299 587; x_wconf 72' lang='grc' dir='ltr'><strong>Ηὶιι.</strong></span> <span class='ocrx_word' id='word_1_537' title='bbox 1315 561 1414 588; x_wconf 72' lang='lat' dir='ltr'><strong>Arcuit.</strong></span> <span class='ocrx_word' id='word_1_538' title='bbox 1433 570 1459 588; x_wconf 90' lang='lat' dir='ltr'><strong>c.</strong></span> <span class='ocrx_word' id='word_1_539' title='bbox 1473 569 1550 588; x_wconf 77' lang='lat' dir='ltr'><strong>xvtu.</strong></span> <span class='ocrx_word' id='word_1_540' title='bbox 1565 561 1650 589; x_wconf 81' lang='lat' dir='ltr'><strong>Movit</strong></span> <span class='ocrx_word' id='word_1_541' title='bbox 1661 567 1757 590; x_wconf 82' lang='lat' dir='ltr'><strong>autem</strong></span> 
     </span>
    </p>
   </div>
   <div class='ocr_carea' id='block_1_80' title="bbox 968 601 1757 637">
    <p class='ocr_par' dir='ltr' id='par_1_80' title="bbox 968 601 1757 637">
     <span class='ocr_line' id='line_1_80' title="bbox 968 601 1757 637; baseline 0.006 -10"><span class='ocrx_word' id='word_1_542' title='bbox 968 604 1038 627; x_wconf 87' lang='lat' dir='ltr'><strong>terra</strong></span> <span class='ocrx_word' id='word_1_543' title='bbox 1055 607 1102 634; x_wconf 87' lang='lat' dir='ltr'><strong>per</strong></span> <span class='ocrx_word' id='word_1_544' title='bbox 1114 601 1243 628; x_wconf 81' lang='lat' dir='ltr'><strong>Achaiam</strong></span> <span class='ocrx_word' id='word_1_545' title='bbox 1255 607 1281 629; x_wconf 89' lang='lat' dir='ltr'><strong>et</strong></span> <span class='ocrx_word' id='word_1_546' title='bbox 1293 602 1402 637; x_wconf 87' lang='lat' dir='ltr'><strong>Epirum</strong></span> <span class='ocrx_word' id='word_1_547' title='bbox 1417 610 1487 630; x_wconf 88' lang='lat' dir='ltr'><strong>anno</strong></span> <span class='ocrx_word' id='word_1_548' title='bbox 1502 603 1563 630; x_wconf 86' lang='lat' dir='ltr'><strong>belli</strong></span> <span class='ocrx_word' id='word_1_549' title='bbox 1588 603 1696 632; x_wconf 84' lang='lat' dir='ltr'><strong>Gothici</strong></span> <span class='ocrx_word' id='word_1_550' title='bbox 1709 604 1757 637; x_wconf 77' lang='lat' dir='ltr'><strong>I3,</strong></span> 
     </span>
    </p>
   </div>
   <div class='ocr_carea' id='block_1_81' title="bbox 966 641 1759 679">
    <p class='ocr_par' dir='ltr' id='par_1_81' title="bbox 966 641 1759 679">
     <span class='ocr_line' id='line_1_81' title="bbox 966 641 1759 679; baseline 0.005 -11"><span class='ocrx_word' id='word_1_551' title='bbox 966 641 1062 668; x_wconf 83' lang='lat' dir='ltr'><strong>eodem</strong></span> <span class='ocrx_word' id='word_1_552' title='bbox 1073 647 1182 670; x_wconf 89' lang='lat' dir='ltr'><strong>auctore</strong></span> <span class='ocrx_word' id='word_1_553' title='bbox 1192 642 1222 670; x_wconf 86' lang='lat' dir='ltr'><strong>B.</strong></span> <span class='ocrx_word' id='word_1_554' title='bbox 1232 643 1266 670; x_wconf 70' lang='grc' dir='ltr'><strong>(ἶ.</strong></span> <span class='ocrx_word' id='word_1_555' title='bbox 1275 652 1315 675; x_wconf 81' lang='grc' dir='ltr'>ιιι,</span> <span class='ocrx_word' id='word_1_556' title='bbox 1327 644 1374 671; x_wconf 86' lang='lat' dir='ltr'><strong>I8I</strong></span> <span class='ocrx_word' id='word_1_557' title='bbox 1383 645 1536 679; x_wconf 83' lang='lat' dir='ltr'><strong>,plnresque</strong></span> <span class='ocrx_word' id='word_1_558' title='bbox 1545 646 1626 672; x_wconf 87' lang='lat' dir='ltr'><strong>urbes</strong></span> <span class='ocrx_word' id='word_1_559' title='bbox 1637 645 1759 679; x_wconf 74' lang='lat' dir='ltr'><strong>disiecit-</strong></span> 
     </span>
    </p>
   </div>
   <div class='ocr_carea' id='block_1_82' title="bbox 969 683 1758 720">
    <p class='ocr_par' dir='ltr' id='par_1_82' title="bbox 969 683 1758 720">
     <span class='ocr_line' id='line_1_82' title="bbox 969 683 1758 720; baseline 0.006 -10"><span class='ocrx_word' id='word_1_560' title='bbox 969 683 1093 710; x_wconf 87' lang='lat' dir='ltr'><strong>Tremuit</strong></span> <span class='ocrx_word' id='word_1_561' title='bbox 1113 691 1244 719; x_wconf 64' lang='lat' dir='ltr'><strong>praeterea</strong></span> <span class='ocrx_word' id='word_1_562' title='bbox 1268 693 1339 712; x_wconf 86' lang='lat' dir='ltr'><strong>anno</strong></span> <span class='ocrx_word' id='word_1_563' title='bbox 1365 687 1424 713; x_wconf 85' lang='lat' dir='ltr'><strong>belli</strong></span> <span class='ocrx_word' id='word_1_564' title='bbox 1438 687 1556 720; x_wconf 83' lang='lat' dir='ltr'><strong>eiusdem</strong></span> <span class='ocrx_word' id='word_1_565' title='bbox 1578 687 1655 719; x_wconf 71' lang='lat'><strong>11,3.</strong></span> <span class='ocrx_word' id='word_1_566' title='bbox 1669 688 1701 715; x_wconf 86' lang='lat' dir='ltr'><strong>G.</strong></span> <span class='ocrx_word' id='word_1_567' title='bbox 1717 695 1758 720; x_wconf 77' lang='grc' dir='ltr'>ιν,</span> 
     </span>
    </p>
   </div>
   <div class='ocr_carea' id='block_1_83' title="bbox 967 724 1759 761">
    <p class='ocr_par' dir='ltr' id='par_1_83' title="bbox 967 724 1759 761">
     <span class='ocr_line' id='line_1_83' title="bbox 967 724 1759 761; baseline 0.006 -11"><span class='ocrx_word' id='word_1_568' title='bbox 967 724 1012 756; x_wconf 69' lang='grc'><strong>23,</strong></span> <span class='ocrx_word' id='word_1_569' title='bbox 1031 730 1058 752; x_wconf 83' lang='lat' dir='ltr'><strong>et</strong></span> <span class='ocrx_word' id='word_1_570' title='bbox 1075 726 1230 753; x_wconf 85' lang='lat' dir='ltr'><strong>horribilem</strong></span> <span class='ocrx_word' id='word_1_571' title='bbox 1255 727 1368 761; x_wconf 80' lang='lat' dir='ltr'><strong>quidem</strong></span> <span class='ocrx_word' id='word_1_572' title='bbox 1394 728 1419 754; x_wconf 90' lang='lat' dir='ltr'><strong>iu</strong></span> <span class='ocrx_word' id='word_1_573' title='bbox 1436 728 1557 756; x_wconf 80' lang='lat' dir='ltr'><strong>modum.</strong></span> <span class='ocrx_word' id='word_1_574' title='bbox 1579 728 1672 756; x_wconf 79' lang='lat' dir='ltr'><strong>Altero</strong></span> <span class='ocrx_word' id='word_1_575' title='bbox 1693 734 1759 756; x_wconf 90' lang='lat' dir='ltr'><strong>utro</strong></span> 
     </span>
    </p>
   </div>
   <div class='ocr_carea' id='block_1_84' title="bbox 969 766 1759 803">
    <p class='ocr_par' dir='ltr' id='par_1_84' title="bbox 969 766 1759 803">
     <span class='ocr_line' id='line_1_84' title="bbox 969 766 1759 803; baseline 0.009 -12"><span class='ocrx_word' id='word_1_576' title='bbox 969 771 1040 792; x_wconf 82' lang='lat' dir='ltr'><strong>motu</strong></span> <span class='ocrx_word' id='word_1_577' title='bbox 1062 766 1216 801; x_wconf 80' lang='lat' dir='ltr'><strong>Lychnidus</strong></span> <span class='ocrx_word' id='word_1_578' title='bbox 1233 770 1334 795; x_wconf 90' lang='lat' dir='ltr'><strong>corruit</strong></span> <span class='ocrx_word' id='word_1_579' title='bbox 1350 776 1357 795; x_wconf 91' lang='lat'><strong>:</strong></span> <span class='ocrx_word' id='word_1_580' title='bbox 1372 775 1462 803; x_wconf 83' lang='lat' dir='ltr'><strong>neque</strong></span> <span class='ocrx_word' id='word_1_581' title='bbox 1483 770 1557 796; x_wconf 82' lang='lat' dir='ltr'><strong>enim</strong></span> <span class='ocrx_word' id='word_1_582' title='bbox 1571 770 1640 798; x_wconf 85' lang='lat' dir='ltr'><strong>alius</strong></span> <span class='ocrx_word' id='word_1_583' title='bbox 1656 771 1683 798; x_wconf 93' lang='lat' dir='ltr'><strong>in</strong></span> <span class='ocrx_word' id='word_1_584' title='bbox 1703 770 1759 798; x_wconf 76' lang='lat' dir='ltr'><strong>hor:</strong></span> 
     </span>
    </p>
   </div>
   <div class='ocr_carea' id='block_1_85' title="bbox 969 810 1759 845">
    <p class='ocr_par' dir='ltr' id='par_1_85' title="bbox 969 810 1759 845">
     <span class='ocr_line' id='line_1_85' title="bbox 969 810 1759 845; baseline 0.008 -13"><span class='ocrx_word' id='word_1_585' title='bbox 969 810 1054 833; x_wconf 84' lang='lat' dir='ltr'><strong>tractu</strong></span> <span class='ocrx_word' id='word_1_586' title='bbox 1080 814 1253 836; x_wconf 86' lang='lat' dir='ltr'><strong>memoratur.</strong></span> <span class='ocrx_word' id='word_1_587' title='bbox 1283 810 1411 844; x_wconf 68' lang='lat' dir='ltr'><strong>Adeoque</strong></span> <span class='ocrx_word' id='word_1_588' title='bbox 1437 811 1458 836; x_wconf 90' lang='lat' dir='ltr'><strong>si</strong></span> <span class='ocrx_word' id='word_1_589' title='bbox 1475 811 1575 845; x_wconf 84' lang='lat' dir='ltr'><strong>priore,</strong></span> <span class='ocrx_word' id='word_1_590' title='bbox 1601 811 1635 838; x_wconf 71' lang='grc'><strong>12</strong></span> <span class='ocrx_word' id='word_1_591' title='bbox 1668 812 1759 839; x_wconf 70' lang='lat' dir='ltr'><strong>ferme</strong></span> 
     </span>
    </p>
   </div>
   <div class='ocr_carea' id='block_1_86' title="bbox 967 848 1753 889">
    <p class='ocr_par' dir='ltr' id='par_1_86' title="bbox 967 848 1753 889">
     <span class='ocr_line' id='line_1_86' title="bbox 967 848 1753 889; baseline 0.008 -15"><span class='ocrx_word' id='word_1_592' title='bbox 967 848 1045 875; x_wconf 79' lang='lat' dir='ltr'><strong>anuis</strong></span> <span class='ocrx_word' id='word_1_593' title='bbox 1062 853 1121 882; x_wconf 88' lang='lat' dir='ltr'><strong>post</strong></span> <span class='ocrx_word' id='word_1_594' title='bbox 1139 851 1276 878; x_wconf 79' lang='lat' dir='ltr'><strong>conditam</strong></span> <span class='ocrx_word' id='word_1_595' title='bbox 1291 851 1471 879; x_wconf 82' lang='lat' dir='ltr'><strong>Justinianaut</strong></span> <span class='ocrx_word' id='word_1_596' title='bbox 1508 854 1636 887; x_wconf 79' lang='lat' dir='ltr'><strong>primam,</strong></span> <span class='ocrx_word' id='word_1_597' title='bbox 1654 855 1678 882; x_wconf 88' lang='lat' dir='ltr'><strong>si</strong></span> <span class='ocrx_word' id='word_1_598' title='bbox 1700 862 1753 889; x_wconf 83' lang='lat' dir='ltr'><strong>po-</strong></span> 
     </span>
    </p>
   </div>
   <div class='ocr_carea' id='block_1_87' title="bbox 968 889 1759 930">
    <p class='ocr_par' dir='ltr' id='par_1_87' title="bbox 968 889 1759 930">
     <span class='ocr_line' id='line_1_87' title="bbox 968 889 1759 930; baseline 0.009 -15"><span class='ocrx_word' id='word_1_599' title='bbox 968 889 1091 923; x_wconf 86' lang='lat' dir='ltr'><strong>steriore,</strong></span> <span class='ocrx_word' id='word_1_600' title='bbox 1109 890 1142 917; x_wconf 81' lang='grc'><strong>16</strong></span> <span class='ocrx_word' id='word_1_601' title='bbox 1166 898 1225 926; x_wconf 88' lang='lat' dir='ltr'><strong>post</strong></span> <span class='ocrx_word' id='word_1_602' title='bbox 1251 900 1311 920; x_wconf 83' lang='lat' dir='ltr'><strong>eam</strong></span> <span class='ocrx_word' id='word_1_603' title='bbox 1337 894 1416 920; x_wconf 90' lang='lat' dir='ltr'><strong>annis</strong></span> <span class='ocrx_word' id='word_1_604' title='bbox 1431 895 1456 920; x_wconf 93' lang='lat' dir='ltr'><strong>in</strong></span> <span class='ocrx_word' id='word_1_605' title='bbox 1475 896 1568 922; x_wconf 79' lang='lat' dir='ltr'><strong>ruinas</strong></span> <span class='ocrx_word' id='word_1_606' title='bbox 1581 896 1656 922; x_wconf 90' lang='lat' dir='ltr'><strong>abiit.</strong></span> <span class='ocrx_word' id='word_1_607' title='bbox 1672 895 1759 930; x_wconf 78' lang='lat' dir='ltr'><strong>Igitur</strong></span> 
     </span>
    </p>
   </div>
   <div class='ocr_carea' id='block_1_88' title="bbox 967 930 1759 971">
    <p class='ocr_par' dir='ltr' id='par_1_88' title="bbox 967 930 1759 971">
     <span class='ocr_line' id='line_1_88' title="bbox 967 930 1759 971; baseline 0.008 -15"><span class='ocrx_word' id='word_1_608' title='bbox 967 937 1029 957; x_wconf 90' lang='lat' dir='ltr'><strong>cum</strong></span> <span class='ocrx_word' id='word_1_609' title='bbox 1056 930 1211 965; x_wconf 71' lang='lat' dir='ltr'><strong>Lychnidus</strong></span> <span class='ocrx_word' id='word_1_610' title='bbox 1248 934 1380 960; x_wconf 73' lang='lat' dir='ltr'><strong>:cdiﬁrata</strong></span> <span class='ocrx_word' id='word_1_611' title='bbox 1411 934 1563 962; x_wconf 71' lang='lat' dir='ltr'><strong>Justinisna</strong></span> <span class='ocrx_word' id='word_1_612' title='bbox 1590 937 1675 971; x_wconf 84' lang='lat' dir='ltr'><strong>prima</strong></span> <span class='ocrx_word' id='word_1_613' title='bbox 1697 937 1759 970; x_wconf 90' lang='lat' dir='ltr'><strong>pri-</strong></span> 
     </span>
    </p>
   </div>
   <div class='ocr_carea' id='block_1_89' title="bbox 968 973 1751 1012">
    <p class='ocr_par' dir='ltr' id='par_1_89' title="bbox 968 973 1751 1012">
     <span class='ocr_line' id='line_1_89' title="bbox 968 973 1751 1012; baseline 0.005 -14"><span class='ocrx_word' id='word_1_614' title='bbox 968 973 1069 999; x_wconf 77' lang='lat' dir='ltr'><strong>stinum</strong></span> <span class='ocrx_word' id='word_1_615' title='bbox 1095 981 1192 1001; x_wconf 86' lang='lat' dir='ltr'><strong>nomen</strong></span> <span class='ocrx_word' id='word_1_616' title='bbox 1212 976 1347 1002; x_wconf 64' lang='lat' dir='ltr'><strong>mordicus</strong></span> <span class='ocrx_word' id='word_1_617' title='bbox 1363 977 1515 1008; x_wconf 85' lang='lat' dir='ltr'><strong>retinuerit,</strong></span> <span class='ocrx_word' id='word_1_618' title='bbox 1531 976 1706 1012; x_wconf 84' lang='lat' dir='ltr'><strong>ﬂurtteritquc</strong></span> <span class='ocrx_word' id='word_1_619' title='bbox 1723 977 1751 1003; x_wconf 90' lang='lat' dir='ltr'><strong>in</strong></span> 
     </span>
    </p>
   </div>
   <div class='ocr_carea' id='block_1_90' title="bbox 968 1014 1759 1052">
    <p class='ocr_par' dir='ltr' id='par_1_90' title="bbox 968 1014 1759 1052">
     <span class='ocr_line' id='line_1_90' title="bbox 968 1014 1759 1052; baseline 0.005 -11"><span class='ocrx_word' id='word_1_620' title='bbox 968 1014 1059 1049; x_wconf 88' lang='lat' dir='ltr'><strong>plures</strong></span> <span class='ocrx_word' id='word_1_621' title='bbox 1070 1023 1164 1049; x_wconf 88' lang='lat' dir='ltr'><strong>auttos,</strong></span> <span class='ocrx_word' id='word_1_622' title='bbox 1179 1024 1319 1052; x_wconf 84' lang='lat' dir='ltr'><strong>perperam</strong></span> <span class='ocrx_word' id='word_1_623' title='bbox 1338 1018 1373 1045; x_wconf 87' lang='lat' dir='ltr'><strong>ab</strong></span> <span class='ocrx_word' id='word_1_624' title='bbox 1390 1017 1542 1045; x_wconf 69' lang='lat' dir='ltr'><strong>Iustiniano</strong></span> <span class='ocrx_word' id='word_1_625' title='bbox 1564 1027 1596 1046; x_wconf 81' lang='lat' dir='ltr'><strong>ex</strong></span> <span class='ocrx_word' id='word_1_626' title='bbox 1614 1019 1759 1046; x_wconf 84' lang='lat' dir='ltr'><strong>ruderibus</strong></span> 
     </span>
    </p>
   </div>
   <div class='ocr_carea' id='block_1_91' title="bbox 968 1055 1756 1093">
    <p class='ocr_par' dir='ltr' id='par_1_91' title="bbox 968 1055 1756 1093">
     <span class='ocr_line' id='line_1_91' title="bbox 968 1055 1756 1093; baseline 0.006 -12"><span class='ocrx_word' id='word_1_627' title='bbox 968 1055 1085 1082; x_wconf 77' lang='lat' dir='ltr'><strong>excitata</strong></span> <span class='ocrx_word' id='word_1_628' title='bbox 1099 1062 1125 1083; x_wconf 89' lang='lat' dir='ltr'><strong>et</strong></span> <span class='ocrx_word' id='word_1_629' title='bbox 1141 1065 1210 1084; x_wconf 93' lang='lat' dir='ltr'><strong>novo</strong></span> <span class='ocrx_word' id='word_1_630' title='bbox 1224 1060 1332 1085; x_wconf 86' lang='lat' dir='ltr'><strong>nomine</strong></span> <span class='ocrx_word' id='word_1_631' title='bbox 1347 1058 1475 1085; x_wconf 84' lang='lat' dir='ltr'><strong>decorata</strong></span> <span class='ocrx_word' id='word_1_632' title='bbox 1491 1061 1656 1093; x_wconf 84' lang='lat' dir='ltr'><strong>perhibetur.</strong></span> <span class='ocrx_word' id='word_1_633' title='bbox 1677 1060 1756 1092; x_wconf 88' lang='lat' dir='ltr'><strong>Quod</strong></span> 
     </span>
    </p>
   </div>
   <div class='ocr_carea' id='block_1_92' title="bbox 969 1096 1757 1134">
    <p class='ocr_par' dir='ltr' id='par_1_92' title="bbox 969 1096 1757 1134">
     <span class='ocr_line' id='line_1_92' title="bbox 969 1096 1757 1134; baseline 0.006 -12"><span class='ocrx_word' id='word_1_634' title='bbox 969 1096 1071 1132; x_wconf 88' lang='lat' dir='ltr'><strong>ipsum,</strong></span> <span class='ocrx_word' id='word_1_635' title='bbox 1099 1098 1122 1124; x_wconf 88' lang='lat' dir='ltr'><strong>si</strong></span> <span class='ocrx_word' id='word_1_636' title='bbox 1147 1105 1206 1133; x_wconf 64' lang='lat' dir='ltr'><strong>qua:</strong></span> <span class='ocrx_word' id='word_1_637' title='bbox 1233 1099 1266 1126; x_wconf 87' lang='lat' dir='ltr'><strong>de</strong></span> <span class='ocrx_word' id='word_1_638' title='bbox 1296 1105 1410 1134; x_wconf 87' lang='lat' dir='ltr'><strong>utraque</strong></span> <span class='ocrx_word' id='word_1_639' title='bbox 1434 1101 1500 1127; x_wconf 90' lang='lat' dir='ltr'><strong>ttrbe</strong></span> <span class='ocrx_word' id='word_1_640' title='bbox 1524 1101 1703 1134; x_wconf 77' lang='lat' dir='ltr'><strong>prtedicantur</strong></span> <span class='ocrx_word' id='word_1_641' title='bbox 1728 1101 1757 1127; x_wconf 82' lang='lat' dir='ltr'><strong>in</strong></span> 
     </span>
    </p>
   </div>
   <div class='ocr_carea' id='block_1_93' title="bbox 968 1140 1757 1177">
    <p class='ocr_par' dir='ltr' id='par_1_93' title="bbox 968 1140 1757 1177">
     <span class='ocr_line' id='line_1_93' title="bbox 968 1140 1757 1177; baseline 0.006 -12"><span class='ocrx_word' id='word_1_642' title='bbox 968 1145 1081 1166; x_wconf 77' lang='lat' dir='ltr'><strong>examen</strong></span> <span class='ocrx_word' id='word_1_643' title='bbox 1118 1140 1234 1172; x_wconf 83' lang='lat' dir='ltr'><strong>miseris.</strong></span> <span class='ocrx_word' id='word_1_644' title='bbox 1263 1140 1390 1174; x_wconf 90' lang='lat' dir='ltr'><strong>liquidius</strong></span> <span class='ocrx_word' id='word_1_645' title='bbox 1408 1142 1519 1176; x_wconf 88' lang='lat' dir='ltr'><strong>patebit.</strong></span> <span class='ocrx_word' id='word_1_646' title='bbox 1554 1142 1702 1177; x_wconf 82' lang='lat' dir='ltr'><strong>Procopius</strong></span> <span class='ocrx_word' id='word_1_647' title='bbox 1729 1143 1757 1169; x_wconf 89' lang='lat' dir='ltr'><strong>itt</strong></span> 
     </span>
    </p>
   </div>
   <div class='ocr_carea' id='block_1_94' title="bbox 971 1179 1760 1217">
    <p class='ocr_par' dir='ltr' id='par_1_94' title="bbox 971 1179 1760 1217">
     <span class='ocr_line' id='line_1_94' title="bbox 971 1179 1760 1217; baseline 0.008 -11"><span class='ocrx_word' id='word_1_648' title='bbox 971 1179 1073 1206; x_wconf 75' lang='lat' dir='ltr'><strong>lliuor.</strong></span> <span class='ocrx_word' id='word_1_649' title='bbox 1091 1179 1191 1207; x_wconf 79' lang='lat' dir='ltr'><strong>Arum.</strong></span> <span class='ocrx_word' id='word_1_650' title='bbox 1215 1181 1346 1217; x_wconf 78' lang='grc' dir='ltr'><strong>Λυχνιδδν</strong></span> <span class='ocrx_word' id='word_1_651' title='bbox 1371 1182 1420 1217; x_wconf 78' lang='grc' dir='ltr'><strong>τὴν</strong></span> <span class='ocrx_word' id='word_1_652' title='bbox 1437 1183 1466 1209; x_wconf 79' lang='grc' dir='ltr'><strong>ὲν</strong></span> <span class='ocrx_word' id='word_1_653' title='bbox 1482 1182 1671 1217; x_wconf 60' lang='grc' dir='ltr'><strong>Ἠπειρώταις</strong></span> <span class='ocrx_word' id='word_1_654' title='bbox 1697 1185 1760 1212; x_wconf 81' lang='lat' dir='ltr'><strong>sive</strong></span> 
     </span>
    </p>
   </div>
   <div class='ocr_carea' id='block_1_95' title="bbox 971 1221 1758 1260">
    <p class='ocr_par' dir='ltr' id='par_1_95' title="bbox 971 1221 1758 1260">
     <span class='ocr_line' id='line_1_95' title="bbox 971 1221 1758 1260; baseline 0.008 -13"><span class='ocrx_word' id='word_1_655' title='bbox 971 1221 1135 1256; x_wconf 88' lang='lat' dir='ltr'><strong>Epiroticam</strong></span> <span class='ocrx_word' id='word_1_656' title='bbox 1150 1223 1269 1258; x_wconf 86' lang='lat' dir='ltr'><strong>appellat</strong></span> <span class='ocrx_word' id='word_1_657' title='bbox 1289 1233 1295 1251; x_wconf 94' lang='lat'><strong>:</strong></span> <span class='ocrx_word' id='word_1_658' title='bbox 1314 1229 1341 1250; x_wconf 90' lang='lat' dir='ltr'><strong>at</strong></span> <span class='ocrx_word' id='word_1_659' title='bbox 1355 1225 1529 1260; x_wconf 81' lang='lat' dir='ltr'><strong>imperatoris</strong></span> <span class='ocrx_word' id='word_1_660' title='bbox 1549 1226 1663 1260; x_wconf 84' lang='lat' dir='ltr'><strong>patriam</strong></span> <span class='ocrx_word' id='word_1_661' title='bbox 1675 1226 1758 1254; x_wconf 79' lang='lat' dir='ltr'><strong>Fabr.</strong></span> 
     </span>
    </p>
   </div>
   <div class='ocr_carea' id='block_1_96' title="bbox 975 1264 1759 1301">
    <p class='ocr_par' dir='ltr' id='par_1_96' title="bbox 975 1264 1759 1301">
     <span class='ocr_line' id='line_1_96' title="bbox 975 1264 1759 1301; baseline 0.006 -11"><span class='ocrx_word' id='word_1_662' title='bbox 975 1272 1013 1296; x_wconf 92' lang='lat' dir='ltr'><strong>vt,</strong></span> <span class='ocrx_word' id='word_1_663' title='bbox 1032 1264 1060 1296; x_wconf 79' lang='lat' dir='ltr'><strong>I,</strong></span> <span class='ocrx_word' id='word_1_664' title='bbox 1077 1265 1103 1291; x_wconf 88' lang='lat' dir='ltr'><strong>itt</strong></span> <span class='ocrx_word' id='word_1_665' title='bbox 1119 1264 1261 1298; x_wconf 87' lang='lat' dir='ltr'><strong>Dardanis,</strong></span> <span class='ocrx_word' id='word_1_666' title='bbox 1281 1266 1328 1300; x_wconf 89' lang='lat' dir='ltr'><strong>qui</strong></span> <span class='ocrx_word' id='word_1_667' title='bbox 1353 1267 1421 1293; x_wconf 87' lang='lat' dir='ltr'><strong>ultra</strong></span> <span class='ocrx_word' id='word_1_668' title='bbox 1436 1267 1657 1301; x_wconf 84' lang='lat' dir='ltr'><strong>Epidamniorum</strong></span> <span class='ocrx_word' id='word_1_669' title='bbox 1689 1267 1759 1296; x_wconf 83' lang='lat' dir='ltr'><strong>lines</strong></span> 
     </span>
    </p>
   </div>
   <div class='ocr_carea' id='block_1_97' title="bbox 969 1306 1759 1345">
    <p class='ocr_par' dir='ltr' id='par_1_97' title="bbox 969 1306 1759 1345">
     <span class='ocr_line' id='line_1_97' title="bbox 969 1306 1759 1345; baseline 0.006 -13"><span class='ocrx_word' id='word_1_670' title='bbox 969 1307 1082 1341; x_wconf 78' lang='lat' dir='ltr'><strong>agitent,</strong></span> <span class='ocrx_word' id='word_1_671' title='bbox 1098 1306 1213 1334; x_wconf 89' lang='lat' dir='ltr'><strong>collocat</strong></span> <span class='ocrx_word' id='word_1_672' title='bbox 1233 1315 1241 1340; x_wconf 89' lang='lat'><strong>;</strong></span> <span class='ocrx_word' id='word_1_673' title='bbox 1259 1315 1318 1342; x_wconf 68' lang='lat' dir='ltr'><strong>quae</strong></span> <span class='ocrx_word' id='word_1_674' title='bbox 1332 1314 1400 1335; x_wconf 84' lang='lat' dir='ltr'><strong>sane</strong></span> <span class='ocrx_word' id='word_1_675' title='bbox 1428 1308 1552 1342; x_wconf 80' lang='lat' dir='ltr'><strong>regiones</strong></span> <span class='ocrx_word' id='word_1_676' title='bbox 1576 1317 1674 1345; x_wconf 73' lang='lat' dir='ltr'><strong>magno</strong></span> <span class='ocrx_word' id='word_1_677' title='bbox 1699 1314 1759 1336; x_wconf 84' lang='lat' dir='ltr'><strong>ter-</strong></span> 
     </span>
    </p>
   </div>
   <div class='ocr_carea' id='block_1_98' title="bbox 971 1347 1757 1385">
    <p class='ocr_par' dir='ltr' id='par_1_98' title="bbox 971 1347 1757 1385">
     <span class='ocr_line' id='line_1_98' title="bbox 971 1347 1757 1385; baseline 0.004 -11"><span class='ocrx_word' id='word_1_678' title='bbox 971 1355 1062 1375; x_wconf 90' lang='lat' dir='ltr'><strong>rarutn</strong></span> <span class='ocrx_word' id='word_1_679' title='bbox 1086 1348 1226 1375; x_wconf 83' lang='lat' dir='ltr'><strong>intervallo</strong></span> <span class='ocrx_word' id='word_1_680' title='bbox 1247 1347 1438 1376; x_wconf 89' lang='lat' dir='ltr'><strong>dissociantur.</strong></span> <span class='ocrx_word' id='word_1_681' title='bbox 1468 1349 1626 1384; x_wconf 87' lang='lat' dir='ltr'><strong>Promptum</strong></span> <span class='ocrx_word' id='word_1_682' title='bbox 1644 1351 1757 1385; x_wconf 88' lang='lat' dir='ltr'><strong>quidem</strong></span> 
     </span>
    </p>
   </div>
   <div class='ocr_carea' id='block_1_99' title="bbox 971 1389 1760 1425">
    <p class='ocr_par' dir='ltr' id='par_1_99' title="bbox 971 1389 1760 1425">
     <span class='ocr_line' id='line_1_99' title="bbox 971 1389 1760 1425; baseline 0.005 -9"><span class='ocrx_word' id='word_1_683' title='bbox 971 1393 1014 1416; x_wconf 88' lang='lat' dir='ltr'><strong>est</strong></span> <span class='ocrx_word' id='word_1_684' title='bbox 1030 1397 1091 1416; x_wconf 89' lang='lat' dir='ltr'><strong>cum</strong></span> <span class='ocrx_word' id='word_1_685' title='bbox 1116 1389 1250 1416; x_wconf 78' lang='lat' dir='ltr'><strong>Palmerio</strong></span> <span class='ocrx_word' id='word_1_686' title='bbox 1280 1390 1401 1424; x_wconf 82' lang='lat' dir='ltr'><strong>proﬁteri</strong></span> <span class='ocrx_word' id='word_1_687' title='bbox 1427 1390 1586 1425; x_wconf 87' lang='lat' dir='ltr'><strong>Procopium</strong></span> <span class='ocrx_word' id='word_1_688' title='bbox 1615 1400 1668 1419; x_wconf 90' lang='lat' dir='ltr'><strong>non</strong></span> <span class='ocrx_word' id='word_1_689' title='bbox 1691 1392 1760 1420; x_wconf 80' lang='lat' dir='ltr'><strong>satis</strong></span> 
     </span>
    </p>
   </div>
   <div class='ocr_carea' id='block_1_100' title="bbox 971 1430 1759 1468">
    <p class='ocr_par' dir='ltr' id='par_1_100' title="bbox 971 1430 1759 1468">
     <span class='ocr_line' id='line_1_100' title="bbox 971 1430 1759 1468; baseline 0.005 -11"><span class='ocrx_word' id='word_1_690' title='bbox 971 1430 1095 1458; x_wconf 89' lang='lat' dir='ltr'><strong>edoctum</strong></span> <span class='ocrx_word' id='word_1_691' title='bbox 1132 1430 1216 1458; x_wconf 84' lang='lat' dir='ltr'><strong>fuisse</strong></span> <span class='ocrx_word' id='word_1_692' title='bbox 1249 1430 1350 1458; x_wconf 87' lang='lat' dir='ltr'><strong>limites</strong></span> <span class='ocrx_word' id='word_1_693' title='bbox 1381 1439 1476 1459; x_wconf 86' lang='lat' dir='ltr'><strong>earum</strong></span> <span class='ocrx_word' id='word_1_694' title='bbox 1513 1434 1656 1468; x_wconf 76' lang='lat' dir='ltr'><strong>regionum</strong></span> <span class='ocrx_word' id='word_1_695' title='bbox 1677 1442 1686 1467; x_wconf 87' lang='lat'><strong>;</strong></span> <span class='ocrx_word' id='word_1_696' title='bbox 1708 1441 1759 1461; x_wconf 88' lang='lat' dir='ltr'><strong>nec</strong></span> 
     </span>
    </p>
   </div>
   <div class='ocr_carea' id='block_1_101' title="bbox 973 1470 1760 1507">
    <p class='ocr_par' dir='ltr' id='par_1_101' title="bbox 973 1470 1760 1507">
     <span class='ocr_line' id='line_1_101' title="bbox 973 1470 1760 1507; baseline 0.006 -10"><span class='ocrx_word' id='word_1_697' title='bbox 973 1470 1050 1499; x_wconf 76' lang='lat' dir='ltr'><strong>facile</strong></span> <span class='ocrx_word' id='word_1_698' title='bbox 1067 1476 1155 1498; x_wconf 90' lang='lat' dir='ltr'><strong>tamen</strong></span> <span class='ocrx_word' id='word_1_699' title='bbox 1175 1471 1211 1498; x_wconf 91' lang='lat' dir='ltr'><strong>illi</strong></span> <span class='ocrx_word' id='word_1_700' title='bbox 1229 1473 1394 1506; x_wconf 83' lang='lat' dir='ltr'><strong>persuaserit</strong></span> <span class='ocrx_word' id='word_1_701' title='bbox 1411 1474 1455 1507; x_wconf 91' lang='lat' dir='ltr'><strong>qui</strong></span> <span class='ocrx_word' id='word_1_702' title='bbox 1472 1473 1530 1506; x_wconf 84' lang='lat' dir='ltr'><strong>ejus</strong></span> <span class='ocrx_word' id='word_1_703' title='bbox 1550 1475 1583 1501; x_wconf 89' lang='lat' dir='ltr'><strong>de</strong></span> <span class='ocrx_word' id='word_1_704' title='bbox 1603 1474 1679 1502; x_wconf 78' lang='lat' dir='ltr'><strong>bellis</strong></span> <span class='ocrx_word' id='word_1_705' title='bbox 1704 1474 1760 1502; x_wconf 79' lang='lat' dir='ltr'><strong>Go-</strong></span> 
     </span>
    </p>
   </div>
   <div class='ocr_carea' id='block_1_102' title="bbox 973 1512 1760 1549">
    <p class='ocr_par' dir='ltr' id='par_1_102' title="bbox 973 1512 1760 1549">
     <span class='ocr_line' id='line_1_102' title="bbox 973 1512 1760 1549; baseline 0.008 -11"><span class='ocrx_word' id='word_1_706' title='bbox 973 1512 1046 1539; x_wconf 88' lang='lat' dir='ltr'><strong>thico</strong></span> <span class='ocrx_word' id='word_1_707' title='bbox 1065 1512 1210 1540; x_wconf 87' lang='lat' dir='ltr'><strong>Vandalico</strong></span> <span class='ocrx_word' id='word_1_708' title='bbox 1236 1517 1262 1540; x_wconf 85' lang='lat' dir='ltr'><strong>et</strong></span> <span class='ocrx_word' id='word_1_709' title='bbox 1289 1513 1400 1541; x_wconf 83' lang='lat' dir='ltr'><strong>Persico</strong></span> <span class='ocrx_word' id='word_1_710' title='bbox 1418 1515 1503 1549; x_wconf 87' lang='lat' dir='ltr'><strong>deque</strong></span> <span class='ocrx_word' id='word_1_711' title='bbox 1529 1515 1651 1544; x_wconf 69' lang='lat' dir='ltr'><strong>aediliciis</strong></span> <span class='ocrx_word' id='word_1_712' title='bbox 1674 1516 1760 1544; x_wconf 78' lang='lat' dir='ltr'><strong>Justi-</strong></span> 
     </span>
    </p>
   </div>
   <div class='ocr_carea' id='block_1_103' title="bbox 972 1554 1761 1592">
    <p class='ocr_par' dir='ltr' id='par_1_103' title="bbox 972 1554 1761 1592">
     <span class='ocr_line' id='line_1_103' title="bbox 972 1554 1761 1592; baseline 0.005 -11"><span class='ocrx_word' id='word_1_713' title='bbox 972 1554 1044 1581; x_wconf 91' lang='lat' dir='ltr'><strong>niani</strong></span> <span class='ocrx_word' id='word_1_714' title='bbox 1055 1554 1136 1581; x_wconf 88' lang='lat' dir='ltr'><strong>libros</strong></span> <span class='ocrx_word' id='word_1_715' title='bbox 1149 1562 1208 1581; x_wconf 92' lang='lat' dir='ltr'><strong>cum</strong></span> <span class='ocrx_word' id='word_1_716' title='bbox 1220 1562 1282 1582; x_wconf 88' lang='lat' dir='ltr'><strong>cura</strong></span> <span class='ocrx_word' id='word_1_717' title='bbox 1293 1555 1422 1582; x_wconf 87' lang='lat' dir='ltr'><strong>evolrerit</strong></span> <span class='ocrx_word' id='word_1_718' title='bbox 1434 1565 1441 1583; x_wconf 90' lang='lat'>:</span> <span class='ocrx_word' id='word_1_719' title='bbox 1455 1564 1487 1583; x_wconf 89' lang='lat' dir='ltr'><strong>ne</strong></span> <span class='ocrx_word' id='word_1_720' title='bbox 1498 1565 1568 1584; x_wconf 90' lang='lat' dir='ltr'><strong>nunc</strong></span> <span class='ocrx_word' id='word_1_721' title='bbox 1579 1557 1761 1592; x_wconf 77' lang='lat' dir='ltr'><strong>dicamitnpc-</strong></span> 
     </span>
    </p>
   </div>
   <div class='ocr_carea' id='block_1_104' title="bbox 971 1595 1760 1630">
    <p class='ocr_par' dir='ltr' id='par_1_104' title="bbox 971 1595 1760 1630">
     <span class='ocr_line' id='line_1_104' title="bbox 971 1595 1760 1630; baseline 0.005 -9"><span class='ocrx_word' id='word_1_722' title='bbox 971 1600 1088 1622; x_wconf 88' lang='lat' dir='ltr'><strong>ratorem</strong></span> <span class='ocrx_word' id='word_1_723' title='bbox 1095 1600 1187 1629; x_wconf 79' lang='lat' dir='ltr'><strong>aperte</strong></span> <span class='ocrx_word' id='word_1_724' title='bbox 1196 1596 1261 1623; x_wconf 85' lang='lat' dir='ltr'><strong>satis</strong></span> <span class='ocrx_word' id='word_1_725' title='bbox 1268 1595 1360 1624; x_wconf 81' lang='lat' dir='ltr'><strong>Novel.</strong></span> <span class='ocrx_word' id='word_1_726' title='bbox 1370 1597 1380 1624; x_wconf 85' lang='lat' dir='ltr'><strong>l</strong></span> <span class='ocrx_word' id='word_1_727' title='bbox 1390 1598 1398 1624; x_wconf 94' lang='lat' dir='ltr'><strong>l</strong></span> <span class='ocrx_word' id='word_1_728' title='bbox 1410 1598 1523 1630; x_wconf 74' lang='lat' dir='ltr'><strong>patriam</strong></span> <span class='ocrx_word' id='word_1_729' title='bbox 1536 1606 1611 1625; x_wconf 88' lang='lat' dir='ltr'><strong>snam</strong></span> <span class='ocrx_word' id='word_1_730' title='bbox 1621 1600 1693 1625; x_wconf 85' lang='lat' dir='ltr'><strong>circa</strong></span> <span class='ocrx_word' id='word_1_731' title='bbox 1704 1598 1760 1625; x_wconf 72' lang='grc' dir='ltr'><strong>Βι-</strong></span> 
     </span>
    </p>
   </div>
   <div class='ocr_carea' id='block_1_105' title="bbox 972 1637 1761 1674">
    <p class='ocr_par' dir='ltr' id='par_1_105' title="bbox 972 1637 1761 1674">
     <span class='ocr_line' id='line_1_105' title="bbox 972 1637 1761 1674; baseline 0.006 -11"><span class='ocrx_word' id='word_1_732' title='bbox 972 1637 1041 1664; x_wconf 88' lang='lat' dir='ltr'><strong>ciam</strong></span> <span class='ocrx_word' id='word_1_733' title='bbox 1053 1637 1277 1664; x_wconf 88' lang='lat' dir='ltr'><strong>mediterraneam</strong></span> <span class='ocrx_word' id='word_1_734' title='bbox 1293 1638 1373 1672; x_wconf 73' lang='lat' dir='ltr'><strong>ligare</strong></span> <span class='ocrx_word' id='word_1_735' title='bbox 1383 1644 1408 1666; x_wconf 89' lang='lat' dir='ltr'><strong>et</strong></span> <span class='ocrx_word' id='word_1_736' title='bbox 1416 1638 1542 1674; x_wconf 82' lang='lat' dir='ltr'><strong>Procopii</strong></span> <span class='ocrx_word' id='word_1_737' title='bbox 1551 1641 1673 1674; x_wconf 84' lang='lat' dir='ltr'><strong>partibus</strong></span> <span class='ocrx_word' id='word_1_738' title='bbox 1680 1648 1761 1668; x_wconf 85' lang='lat' dir='ltr'><strong>accc-</strong></span> 
     </span>
    </p>
   </div>
   <div class='ocr_carea' id='block_1_106' title="bbox 972 1678 1760 1708">
    <p class='ocr_par' dir='ltr' id='par_1_106' title="bbox 972 1678 1760 1708">
     <span class='ocr_line' id='line_1_106' title="bbox 972 1678 1760 1708; baseline 0.005 -4"><span class='ocrx_word' id='word_1_739' title='bbox 972 1678 1045 1705; x_wconf 89' lang='lat' dir='ltr'><strong>dere.</strong></span> <span class='ocrx_word' id='word_1_740' title='bbox 1058 1679 1096 1704; x_wconf 82' lang='lat' dir='ltr'><strong>Ad</strong></span> <span class='ocrx_word' id='word_1_741' title='bbox 1109 1678 1165 1705; x_wconf 57' lang='lat' dir='ltr'><strong>haec</strong></span> <span class='ocrx_word' id='word_1_742' title='bbox 1181 1680 1269 1706; x_wconf 89' lang='lat' dir='ltr'><strong>omnia</strong></span> <span class='ocrx_word' id='word_1_743' title='bbox 1285 1680 1387 1706; x_wconf 86' lang='lat' dir='ltr'><strong>accedit</strong></span> <span class='ocrx_word' id='word_1_744' title='bbox 1402 1680 1548 1707; x_wconf 79' lang='lat' dir='ltr'><strong>Iustiniani</strong></span> <span class='ocrx_word' id='word_1_745' title='bbox 1561 1681 1648 1708; x_wconf 80' lang='lat' dir='ltr'><strong>natale</strong></span> <span class='ocrx_word' id='word_1_746' title='bbox 1671 1682 1760 1708; x_wconf 82' lang='lat' dir='ltr'><strong>solum</strong></span> 
     </span>
    </p>
   </div>
   <div class='ocr_carea' id='block_1_107' title="bbox 973 1718 1761 1750">
    <p class='ocr_par' dir='ltr' id='par_1_107' title="bbox 973 1718 1761 1750">
     <span class='ocr_line' id='line_1_107' title="bbox 973 1718 1761 1750; baseline 0.004 -4"><span class='ocrx_word' id='word_1_747' title='bbox 973 1724 1022 1746; x_wconf 84' lang='lat' dir='ltr'><strong>aut</strong></span> <span class='ocrx_word' id='word_1_748' title='bbox 1050 1718 1210 1746; x_wconf 85' lang='lat' dir='ltr'><strong>Tanrcsium</strong></span> <span class='ocrx_word' id='word_1_749' title='bbox 1225 1725 1273 1747; x_wconf 84' lang='lat' dir='ltr'><strong>aut</strong></span> <span class='ocrx_word' id='word_1_750' title='bbox 1301 1721 1459 1748; x_wconf 81' lang='lat' dir='ltr'><strong>Bederinatn</strong></span> <span class='ocrx_word' id='word_1_751' title='bbox 1473 1722 1529 1749; x_wconf 88' lang='lat' dir='ltr'><strong>sive</strong></span> <span class='ocrx_word' id='word_1_752' title='bbox 1555 1722 1730 1749; x_wconf 83' lang='lat' dir='ltr'><strong>Baderianaut</strong></span> <span class='ocrx_word' id='word_1_753' title='bbox 1744 1732 1761 1750; x_wconf 89' lang='lat' dir='ltr'><strong>a</strong></span> 
     </span>
    </p>
   </div>
   <div class='ocr_carea' id='block_1_108' title="bbox 972 1760 1761 1799">
    <p class='ocr_par' dir='ltr' id='par_1_108' title="bbox 972 1760 1761 1799">
     <span class='ocr_line' id='line_1_108' title="bbox 972 1760 1761 1799; baseline 0.005 -11"><span class='ocrx_word' id='word_1_754' title='bbox 972 1760 1103 1795; x_wconf 77' lang='lat' dir='ltr'><strong>Proropio</strong></span> <span class='ocrx_word' id='word_1_755' title='bbox 1114 1765 1140 1788; x_wconf 89' lang='lat' dir='ltr'><strong>et</strong></span> <span class='ocrx_word' id='word_1_756' title='bbox 1148 1761 1261 1796; x_wconf 79' lang='lat' dir='ltr'><strong>Agalhia</strong></span> <span class='ocrx_word' id='word_1_757' title='bbox 1269 1769 1332 1789; x_wconf 89' lang='lat' dir='ltr'><strong>vero</strong></span> <span class='ocrx_word' id='word_1_758' title='bbox 1344 1763 1451 1789; x_wconf 90' lang='lat' dir='ltr'><strong>nomine</strong></span> <span class='ocrx_word' id='word_1_759' title='bbox 1464 1763 1592 1797; x_wconf 77' lang='lat' dir='ltr'><strong>appellari</strong></span> <span class='ocrx_word' id='word_1_760' title='bbox 1604 1772 1612 1791; x_wconf 88' lang='lat'><strong><em>:</em></strong></span> <span class='ocrx_word' id='word_1_761' title='bbox 1630 1771 1683 1798; x_wconf 88' lang='lat' dir='ltr'><strong>qua</strong></span> <span class='ocrx_word' id='word_1_762' title='bbox 1693 1772 1761 1799; x_wconf 82' lang='lat' dir='ltr'><strong>ergo</strong></span> 
     </span>
    </p>
   </div>
   <div class='ocr_carea' id='block_1_109' title="bbox 973 1802 1759 1839">
    <p class='ocr_par' dir='ltr' id='par_1_109' title="bbox 973 1802 1759 1839">
     <span class='ocr_line' id='line_1_109' title="bbox 973 1802 1759 1839; baseline 0.005 -11"><span class='ocrx_word' id='word_1_763' title='bbox 973 1802 1077 1829; x_wconf 86' lang='lat' dir='ltr'><strong>ratione</strong></span> <span class='ocrx_word' id='word_1_764' title='bbox 1092 1802 1244 1837; x_wconf 91' lang='lat' dir='ltr'><strong>Lychnidus</strong></span> <span class='ocrx_word' id='word_1_765' title='bbox 1260 1803 1331 1830; x_wconf 82' lang='lat' dir='ltr'><strong>erit?</strong></span> <span class='ocrx_word' id='word_1_766' title='bbox 1348 1812 1428 1838; x_wconf 91' lang='lat' dir='ltr'><strong>porro</strong></span> <span class='ocrx_word' id='word_1_767' title='bbox 1443 1803 1595 1839; x_wconf 84' lang='lat' dir='ltr'><strong>Lychnidus</strong></span> <span class='ocrx_word' id='word_1_768' title='bbox 1616 1805 1759 1833; x_wconf 76' lang='lat' dir='ltr'><strong>excellenti</strong></span> 
     </span>
    </p>
   </div>
   <div class='ocr_carea' id='block_1_110' title="bbox 973 1844 1759 1882">
    <p class='ocr_par' dir='ltr' id='par_1_110' title="bbox 973 1844 1759 1882">
     <span class='ocr_line' id='line_1_110' title="bbox 973 1844 1759 1882; baseline 0.005 -11"><span class='ocrx_word' id='word_1_769' title='bbox 973 1844 1032 1871; x_wconf 91' lang='lat' dir='ltr'><strong>colli</strong></span> <span class='ocrx_word' id='word_1_770' title='bbox 1048 1849 1108 1871; x_wconf 88' lang='lat' dir='ltr'><strong>erat</strong></span> <span class='ocrx_word' id='word_1_771' title='bbox 1123 1844 1248 1879; x_wconf 86' lang='lat' dir='ltr'><strong>imposita</strong></span> <span class='ocrx_word' id='word_1_772' title='bbox 1257 1851 1283 1872; x_wconf 90' lang='lat' dir='ltr'><strong>et</strong></span> <span class='ocrx_word' id='word_1_773' title='bbox 1300 1846 1419 1873; x_wconf 87' lang='lat' dir='ltr'><strong>lontibns</strong></span> <span class='ocrx_word' id='word_1_774' title='bbox 1433 1847 1665 1874; x_wconf 53' lang='lat' dir='ltr'><strong>abundantissima</strong></span> <span class='ocrx_word' id='word_1_775' title='bbox 1687 1849 1759 1882; x_wconf 82' lang='lat' dir='ltr'><strong>apud</strong></span> 
     </span>
    </p>
   </div>
   <div class='ocr_carea' id='block_1_111' title="bbox 973 1884 1761 1923">
    <p class='ocr_par' dir='ltr' id='par_1_111' title="bbox 973 1884 1761 1923">
     <span class='ocr_line' id='line_1_111' title="bbox 973 1884 1761 1923; baseline 0.003 -10"><span class='ocrx_word' id='word_1_776' title='bbox 973 1885 1106 1913; x_wconf 81' lang='lat' dir='ltr'><strong>Malchum</strong></span> <span class='ocrx_word' id='word_1_777' title='bbox 1129 1885 1155 1912; x_wconf 87' lang='lat' dir='ltr'><strong>itt</strong></span> <span class='ocrx_word' id='word_1_778' title='bbox 1187 1884 1310 1920; x_wconf 71' lang='lat' dir='ltr'><strong>Excerpt.</strong></span> <span class='ocrx_word' id='word_1_779' title='bbox 1335 1885 1475 1914; x_wconf 64' lang='lat' dir='ltr'><strong>Hau/aelii</strong></span> <span class='ocrx_word' id='word_1_780' title='bbox 1502 1895 1529 1922; x_wconf 91' lang='lat' dir='ltr'><strong>p.</strong></span> <span class='ocrx_word' id='word_1_781' title='bbox 1557 1888 1600 1914; x_wconf 81' lang='lat' dir='ltr'><strong>6-l.</strong></span> <span class='ocrx_word' id='word_1_782' title='bbox 1615 1894 1761 1923; x_wconf 86' lang='lat' dir='ltr'><strong>utrumque</strong></span> 
     </span>
    </p>
   </div>
   <div class='ocr_carea' id='block_1_112' title="bbox 973 1925 1762 1964">
    <p class='ocr_par' dir='ltr' id='par_1_112' title="bbox 973 1925 1762 1964">
     <span class='ocr_line' id='line_1_112' title="bbox 973 1925 1762 1964; baseline 0.004 -10"><span class='ocrx_word' id='word_1_783' title='bbox 973 1926 1058 1954; x_wconf 77' lang='lat' dir='ltr'><strong>deluit</strong></span> <span class='ocrx_word' id='word_1_784' title='bbox 1072 1925 1231 1954; x_wconf 77' lang='lat' dir='ltr'><strong>Iustiniaua:</strong></span> <span class='ocrx_word' id='word_1_785' title='bbox 1250 1927 1344 1961; x_wconf 70' lang='lat' dir='ltr'><strong>primae</strong></span> <span class='ocrx_word' id='word_1_786' title='bbox 1359 1928 1502 1963; x_wconf 81' lang='lat' dir='ltr'><strong>debuitque</strong></span> <span class='ocrx_word' id='word_1_787' title='bbox 1520 1929 1665 1963; x_wconf 84' lang='lat' dir='ltr'><strong>imperator</strong></span> <span class='ocrx_word' id='word_1_788' title='bbox 1682 1937 1762 1964; x_wconf 69' lang='lat' dir='ltr'><strong>aqua:</strong></span> 
     </span>
    </p>
   </div>
   <div class='ocr_carea' id='block_1_113' title="bbox 974 1968 1761 2003">
    <p class='ocr_par' dir='ltr' id='par_1_113' title="bbox 974 1968 1761 2003">
     <span class='ocr_line' id='line_1_113' title="bbox 974 1968 1761 2003; baseline 0.004 -8"><span class='ocrx_word' id='word_1_789' title='bbox 974 1968 1102 1995; x_wconf 86' lang='lat' dir='ltr'><strong>ductibus</strong></span> <span class='ocrx_word' id='word_1_790' title='bbox 1124 1969 1268 2003; x_wconf 74' lang='lat' dir='ltr'><strong>magnifico</strong></span> <span class='ocrx_word' id='word_1_791' title='bbox 1282 1976 1362 2002; x_wconf 84' lang='lat' dir='ltr'><strong>opere</strong></span> <span class='ocrx_word' id='word_1_792' title='bbox 1378 1970 1524 1997; x_wconf 72' lang='lat' dir='ltr'><strong>exstructis</strong></span> <span class='ocrx_word' id='word_1_793' title='bbox 1547 1971 1693 1998; x_wconf 81' lang='lat' dir='ltr'><strong>subvenire</strong></span> <span class='ocrx_word' id='word_1_794' title='bbox 1719 1972 1761 1998; x_wconf 87' lang='lat' dir='ltr'><strong>ci-</strong></span> 
     </span>
    </p>
   </div>
   <div class='ocr_carea' id='block_1_114' title="bbox 973 2009 1760 2045">
    <p class='ocr_par' dir='ltr' id='par_1_114' title="bbox 973 2009 1760 2045">
     <span class='ocr_line' id='line_1_114' title="bbox 973 2009 1760 2045; baseline 0.001 -8"><span class='ocrx_word' id='word_1_795' title='bbox 973 2011 1063 2043; x_wconf 78' lang='lat' dir='ltr'><strong>vibus,</strong></span> <span class='ocrx_word' id='word_1_796' title='bbox 1085 2017 1120 2038; x_wconf 87' lang='lat' dir='ltr'><strong>ne</strong></span> <span class='ocrx_word' id='word_1_797' title='bbox 1133 2011 1252 2043; x_wconf 88' lang='lat' dir='ltr'><strong>sitirent,</strong></span> <span class='ocrx_word' id='word_1_798' title='bbox 1280 2009 1411 2045; x_wconf 86' lang='lat' dir='ltr'><strong>Procopio</strong></span> <span class='ocrx_word' id='word_1_799' title='bbox 1434 2012 1534 2038; x_wconf 87' lang='lat' dir='ltr'><strong>indice.</strong></span> <span class='ocrx_word' id='word_1_800' title='bbox 1558 2011 1689 2044; x_wconf 86' lang='lat' dir='ltr'><strong>Tandem,</strong></span> <span class='ocrx_word' id='word_1_801' title='bbox 1725 2020 1760 2039; x_wconf 87' lang='lat' dir='ltr'><strong>tte</strong></span> 
     </span>
    </p>
   </div>
   <div class='ocr_carea' id='block_1_115' title="bbox 976 2050 1761 2086">
    <p class='ocr_par' dir='ltr' id='par_1_115' title="bbox 976 2050 1761 2086">
     <span class='ocr_line' id='line_1_115' title="bbox 976 2050 1761 2086; baseline 0.001 -8"><span class='ocrx_word' id='word_1_802' title='bbox 976 2051 1087 2086; x_wconf 68' lang='lat' dir='ltr'><strong>longum</strong></span> <span class='ocrx_word' id='word_1_803' title='bbox 1112 2050 1261 2083; x_wconf 79' lang='lat' dir='ltr'><strong>faciamus,</strong></span> <span class='ocrx_word' id='word_1_804' title='bbox 1279 2052 1300 2079; x_wconf 85' lang='lat' dir='ltr'><strong>si</strong></span> <span class='ocrx_word' id='word_1_805' title='bbox 1319 2050 1467 2078; x_wconf 81' lang='lat' dir='ltr'><strong>Justiniana</strong></span> <span class='ocrx_word' id='word_1_806' title='bbox 1492 2052 1578 2086; x_wconf 85' lang='lat' dir='ltr'><strong>prima</strong></span> <span class='ocrx_word' id='word_1_807' title='bbox 1597 2053 1690 2079; x_wconf 84' lang='lat' dir='ltr'><strong>eadem</strong></span> <span class='ocrx_word' id='word_1_808' title='bbox 1717 2057 1761 2080; x_wconf 72' lang='lat' dir='ltr'><strong>est</strong></span> 
     </span>
    </p>
   </div>
   <div class='ocr_carea' id='block_1_116' title="bbox 975 2092 1763 2128">
    <p class='ocr_par' dir='ltr' id='par_1_116' title="bbox 975 2092 1763 2128">
     <span class='ocr_line' id='line_1_116' title="bbox 975 2092 1763 2128; baseline 0 -7"><span class='ocrx_word' id='word_1_809' title='bbox 975 2101 1006 2121; x_wconf 83' lang='lat' dir='ltr'><strong>ac</strong></span> <span class='ocrx_word' id='word_1_810' title='bbox 1018 2092 1184 2128; x_wconf 87' lang='lat' dir='ltr'><strong>Lychnidus,</strong></span> <span class='ocrx_word' id='word_1_811' title='bbox 1210 2093 1301 2120; x_wconf 88' lang='lat' dir='ltr'><strong>debuit</strong></span> <span class='ocrx_word' id='word_1_812' title='bbox 1322 2093 1418 2126; x_wconf 83' lang='lat' dir='ltr'><strong>Epirus</strong></span> <span class='ocrx_word' id='word_1_813' title='bbox 1432 2101 1513 2125; x_wconf 82' lang='lat' dir='ltr'><strong>nova.</strong></span> <span class='ocrx_word' id='word_1_814' title='bbox 1531 2094 1556 2120; x_wconf 91' lang='lat' dir='ltr'><strong>in</strong></span> <span class='ocrx_word' id='word_1_815' title='bbox 1574 2102 1625 2128; x_wconf 86' lang='lat' dir='ltr'><strong>qua</strong></span> <span class='ocrx_word' id='word_1_816' title='bbox 1641 2102 1672 2120; x_wconf 77' lang='lat' dir='ltr'><strong>ea</strong></span> <span class='ocrx_word' id='word_1_817' title='bbox 1697 2094 1763 2122; x_wconf 85' lang='lat' dir='ltr'><strong>urbs</strong></span> 
     </span>
    </p>
   </div>
   <div class='ocr_carea' id='block_1_117' title="bbox 976 2133 1761 2168">
    <p class='ocr_par' dir='ltr' id='par_1_117' title="bbox 976 2133 1761 2168">
     <span class='ocr_line' id='line_1_117' title="bbox 976 2133 1761 2168; baseline 0 -7"><span class='ocrx_word' id='word_1_818' title='bbox 976 2134 1067 2161; x_wconf 79' lang='lat' dir='ltr'><strong>sedem</strong></span> <span class='ocrx_word' id='word_1_819' title='bbox 1084 2133 1235 2166; x_wconf 86' lang='lat' dir='ltr'><strong>obtinebat,</strong></span> <span class='ocrx_word' id='word_1_820' title='bbox 1249 2133 1410 2161; x_wconf 66' lang='lat' dir='ltr'><strong>Justinianae</strong></span> <span class='ocrx_word' id='word_1_821' title='bbox 1420 2135 1512 2168; x_wconf 67' lang='lat' dir='ltr'><strong>primaI</strong></span> <span class='ocrx_word' id='word_1_822' title='bbox 1522 2142 1582 2161; x_wconf 77' lang='lat' dir='ltr'><strong>esse</strong></span> <span class='ocrx_word' id='word_1_823' title='bbox 1595 2135 1761 2167; x_wconf 82' lang='lat' dir='ltr'><strong>rontribnta,</strong></span> 
     </span>
    </p>
   </div>
   <div class='ocr_carea' id='block_1_118' title="bbox 975 2175 1764 2210">
    <p class='ocr_par' dir='ltr' id='par_1_118' title="bbox 975 2175 1764 2210">
     <span class='ocr_line' id='line_1_118' title="bbox 975 2175 1764 2210; baseline 0 -8"><span class='ocrx_word' id='word_1_824' title='bbox 975 2180 1022 2203; x_wconf 85' lang='lat' dir='ltr'><strong>aut</strong></span> <span class='ocrx_word' id='word_1_825' title='bbox 1045 2176 1138 2203; x_wconf 82' lang='lat' dir='ltr'><strong>saltent</strong></span> <span class='ocrx_word' id='word_1_826' title='bbox 1154 2175 1212 2209; x_wconf 86' lang='lat' dir='ltr'><strong>ejus</strong></span> <span class='ocrx_word' id='word_1_827' title='bbox 1229 2182 1292 2209; x_wconf 86' lang='lat' dir='ltr'><strong>pars</strong></span> <span class='ocrx_word' id='word_1_828' title='bbox 1310 2176 1404 2210; x_wconf 85' lang='lat' dir='ltr'><strong>:atqui</strong></span> <span class='ocrx_word' id='word_1_829' title='bbox 1430 2183 1475 2203; x_wconf 89' lang='lat' dir='ltr'><strong>res</strong></span> <span class='ocrx_word' id='word_1_830' title='bbox 1492 2184 1570 2203; x_wconf 83' lang='lat' dir='ltr'><strong>secus</strong></span> <span class='ocrx_word' id='word_1_831' title='bbox 1599 2175 1689 2203; x_wconf 83' lang='lat' dir='ltr'><strong>habet.</strong></span> <span class='ocrx_word' id='word_1_832' title='bbox 1711 2176 1764 2202; x_wconf 88' lang='lat' dir='ltr'><strong>De-</strong></span> 
     </span>
    </p>
   </div>
   <div class='ocr_carea' id='block_1_119' title="bbox 975 2215 1763 2252">
    <p class='ocr_par' dir='ltr' id='par_1_119' title="bbox 975 2215 1763 2252">
     <span class='ocr_line' id='line_1_119' title="bbox 975 2215 1763 2252; baseline 0 -8"><span class='ocrx_word' id='word_1_833' title='bbox 975 2218 1064 2244; x_wconf 85' lang='lat' dir='ltr'><strong>eernit</strong></span> <span class='ocrx_word' id='word_1_834' title='bbox 1089 2215 1257 2244; x_wconf 80' lang='lat' dir='ltr'><strong>Justinianus</strong></span> <span class='ocrx_word' id='word_1_835' title='bbox 1286 2215 1380 2244; x_wconf 79' lang='lat' dir='ltr'><strong>Novel.</strong></span> <span class='ocrx_word' id='word_1_836' title='bbox 1409 2217 1458 2248; x_wconf 84' lang='grc' dir='ltr'><strong>Η,</strong></span> <span class='ocrx_word' id='word_1_837' title='bbox 1496 2222 1526 2244; x_wconf 88' lang='grc' dir='ltr'><strong>ιιι</strong></span> <span class='ocrx_word' id='word_1_838' title='bbox 1554 2217 1648 2252; x_wconf 59' lang='lat' dir='ltr'><strong>prima</strong></span> <span class='ocrx_word' id='word_1_839' title='bbox 1677 2217 1763 2245; x_wconf 84' lang='lat' dir='ltr'><strong>Justi-</strong></span> 
     </span>
    </p>
   </div>
   <div class='ocr_carea' id='block_1_120' title="bbox 977 2259 1762 2293">
    <p class='ocr_par' dir='ltr' id='par_1_120' title="bbox 977 2259 1762 2293">
     <span class='ocr_line' id='line_1_120' title="bbox 977 2259 1762 2293; baseline 0 -8"><span class='ocrx_word' id='word_1_840' title='bbox 977 2259 1083 2290; x_wconf 70' lang='lat' dir='ltr'><strong>nianze.</strong></span> <span class='ocrx_word' id='word_1_841' title='bbox 1099 2259 1191 2293; x_wconf 78' lang='lat' dir='ltr'><strong>patria:</strong></span> <span class='ocrx_word' id='word_1_842' title='bbox 1218 2263 1316 2286; x_wconf 68' lang='lat' dir='ltr'><strong>nostra:</strong></span> <span class='ocrx_word' id='word_1_843' title='bbox 1329 2278 1337 2291; x_wconf 90' lang='lat'><strong>,</strong></span> <span class='ocrx_word' id='word_1_844' title='bbox 1356 2266 1406 2293; x_wconf 90' lang='lat' dir='ltr'><strong>pro</strong></span> <span class='ocrx_word' id='word_1_845' title='bbox 1427 2264 1547 2293; x_wconf 80' lang='lat' dir='ltr'><strong>tempore</strong></span> <span class='ocrx_word' id='word_1_846' title='bbox 1569 2264 1762 2286; x_wconf 81' lang='lat' dir='ltr'><strong>sacrosanctus</strong></span> 
     </span>
    </p>
   </div>
   <div class='ocr_carea' id='block_1_121' title="bbox 976 2300 1762 2334">
    <p class='ocr_par' dir='ltr' id='par_1_121' title="bbox 976 2300 1762 2334">
     <span class='ocr_line' id='line_1_121' title="bbox 976 2300 1762 2334; baseline 0.001 -7"><span class='ocrx_word' id='word_1_847' title='bbox 976 2301 1092 2327; x_wconf 87' lang='lat' dir='ltr'><strong>antistes</strong></span> <span class='ocrx_word' id='word_1_848' title='bbox 1139 2307 1191 2327; x_wconf 86' lang='lat' dir='ltr'><strong>non</strong></span> <span class='ocrx_word' id='word_1_849' title='bbox 1219 2300 1306 2327; x_wconf 87' lang='lat' dir='ltr'><strong>solutn</strong></span> <span class='ocrx_word' id='word_1_850' title='bbox 1354 2300 1582 2334; x_wconf 86' lang='lat' dir='ltr'><strong>mctropolitanus</strong></span> <span class='ocrx_word' id='word_1_851' title='bbox 1606 2301 1652 2327; x_wconf 78' lang='lat' dir='ltr'><strong>Sed</strong></span> <span class='ocrx_word' id='word_1_852' title='bbox 1677 2301 1762 2328; x_wconf 82' lang='lat' dir='ltr'><strong>etiam</strong></span> 
     </span>
    </p>
   </div>
   <div class='ocr_carea' id='block_1_122' title="bbox 981 2341 1764 2377">
    <p class='ocr_par' dir='ltr' id='par_1_122' title="bbox 981 2341 1764 2377">
     <span class='ocr_line' id='line_1_122' title="bbox 981 2341 1764 2377; baseline 0.003 -9"><span class='ocrx_word' id='word_1_853' title='bbox 981 2342 1204 2376; x_wconf 82' lang='lat' dir='ltr'><strong>archiepiscopus</strong></span> <span class='ocrx_word' id='word_1_854' title='bbox 1217 2341 1264 2368; x_wconf 87' lang='lat' dir='ltr'><strong>tiat</strong></span> <span class='ocrx_word' id='word_1_855' title='bbox 1277 2350 1286 2373; x_wconf 68' lang='grc' dir='ltr'>ς</span> <span class='ocrx_word' id='word_1_856' title='bbox 1299 2345 1326 2369; x_wconf 87' lang='lat' dir='ltr'><strong>et</strong></span> <span class='ocrx_word' id='word_1_857' title='bbox 1342 2347 1448 2369; x_wconf 65' lang='lat' dir='ltr'><strong>canere</strong></span> <span class='ocrx_word' id='word_1_858' title='bbox 1464 2343 1610 2376; x_wconf 72' lang='lat' dir='ltr'><strong>provincia:</strong></span> <span class='ocrx_word' id='word_1_859' title='bbox 1632 2343 1682 2370; x_wconf 88' lang='lat' dir='ltr'><strong>sub</strong></span> <span class='ocrx_word' id='word_1_860' title='bbox 1701 2341 1764 2377; x_wconf 80' lang='lat' dir='ltr'><strong>cius</strong></span> 
     </span>
    </p>
   </div>
   <div class='ocr_carea' id='block_1_123' title="bbox 978 2382 1763 2418">
    <p class='ocr_par' dir='ltr' id='par_1_123' title="bbox 978 2382 1763 2418">
     <span class='ocr_line' id='line_1_123' title="bbox 978 2382 1763 2418; baseline 0.001 -8"><span class='ocrx_word' id='word_1_861' title='bbox 978 2383 1034 2410; x_wconf 87' lang='lat' dir='ltr'><strong>sint</strong></span> <span class='ocrx_word' id='word_1_862' title='bbox 1068 2383 1241 2415; x_wconf 81' lang='lat' dir='ltr'><strong>auctoritate,</strong></span> <span class='ocrx_word' id='word_1_863' title='bbox 1272 2382 1299 2409; x_wconf 88' lang='lat' dir='ltr'><strong>id</strong></span> <span class='ocrx_word' id='word_1_864' title='bbox 1320 2388 1362 2410; x_wconf 90' lang='lat' dir='ltr'><strong>est</strong></span> <span class='ocrx_word' id='word_1_865' title='bbox 1388 2387 1441 2409; x_wconf 85' lang='lat' dir='ltr'><strong>tam</strong></span> <span class='ocrx_word' id='word_1_866' title='bbox 1469 2383 1528 2418; x_wconf 77' lang='lat' dir='ltr'><strong>ipsa</strong></span> <span class='ocrx_word' id='word_1_867' title='bbox 1567 2384 1763 2411; x_wconf 82' lang='lat' dir='ltr'><strong>mediterranea</strong></span> 
     </span>
    </p>
   </div>
   <div class='ocr_carea' id='block_1_124' title="bbox 980 2423 1763 2458">
    <p class='ocr_par' dir='ltr' id='par_1_124' title="bbox 980 2423 1763 2458">
     <span class='ocr_line' id='line_1_124' title="bbox 980 2423 1763 2458; baseline 0.001 -7"><span class='ocrx_word' id='word_1_868' title='bbox 980 2425 1058 2451; x_wconf 87' lang='lat' dir='ltr'><strong>Dacia</strong></span> <span class='ocrx_word' id='word_1_869' title='bbox 1068 2431 1146 2458; x_wconf 84' lang='lat' dir='ltr'><strong>quam</strong></span> <span class='ocrx_word' id='word_1_870' title='bbox 1162 2423 1240 2450; x_wconf 83' lang='lat' dir='ltr'><strong>Dacia</strong></span> <span class='ocrx_word' id='word_1_871' title='bbox 1261 2423 1387 2458; x_wconf 86' lang='lat' dir='ltr'><strong>ripensis,</strong></span> <span class='ocrx_word' id='word_1_872' title='bbox 1408 2431 1513 2451; x_wconf 88' lang='lat' dir='ltr'><strong>necnon</strong></span> <span class='ocrx_word' id='word_1_873' title='bbox 1531 2424 1623 2451; x_wconf 76' lang='lat' dir='ltr'><strong>Mtesia</strong></span> <span class='ocrx_word' id='word_1_874' title='bbox 1643 2425 1763 2452; x_wconf 83' lang='lat' dir='ltr'><strong>secunda</strong></span> 
     </span>
    </p>
   </div>
   <div class='ocr_carea' id='block_1_125' title="bbox 977 2465 1764 2500">
    <p class='ocr_par' dir='ltr' id='par_1_125' title="bbox 977 2465 1764 2500">
     <span class='ocr_line' id='line_1_125' title="bbox 977 2465 1764 2500; baseline -0.001 -8"><span class='ocrx_word' id='word_1_875' title='bbox 977 2465 1128 2496; x_wconf 82' lang='lat' dir='ltr'><strong>Dardania,</strong></span> <span class='ocrx_word' id='word_1_876' title='bbox 1157 2470 1185 2492; x_wconf 88' lang='lat' dir='ltr'><strong>et</strong></span> <span class='ocrx_word' id='word_1_877' title='bbox 1217 2465 1392 2493; x_wconf 75' lang='lat' dir='ltr'><strong>Prurvalitaua</strong></span> <span class='ocrx_word' id='word_1_878' title='bbox 1414 2465 1552 2500; x_wconf 86' lang='lat' dir='ltr'><strong>provincia</strong></span> <span class='ocrx_word' id='word_1_879' title='bbox 1578 2471 1604 2493; x_wconf 87' lang='lat' dir='ltr'><strong>et</strong></span> <span class='ocrx_word' id='word_1_880' title='bbox 1633 2467 1764 2500; x_wconf 76' lang='lat' dir='ltr'><strong>secunda,</strong></span> 
     </span>
    </p>
   </div>
   <div class='ocr_carea' id='block_1_126' title="bbox 978 2506 1763 2541">
    <p class='ocr_par' dir='ltr' id='par_1_126' title="bbox 978 2506 1763 2541">
     <span class='ocr_line' id='line_1_126' title="bbox 978 2506 1763 2541; baseline 0.001 -7"><span class='ocrx_word' id='word_1_881' title='bbox 978 2507 1154 2538; x_wconf 82' lang='lat' dir='ltr'><strong>Macedonia,</strong></span> <span class='ocrx_word' id='word_1_882' title='bbox 1194 2514 1256 2541; x_wconf 88' lang='lat' dir='ltr'><strong>pars</strong></span> <span class='ocrx_word' id='word_1_883' title='bbox 1308 2508 1390 2534; x_wconf 85' lang='lat' dir='ltr'><strong>etiam</strong></span> <span class='ocrx_word' id='word_1_884' title='bbox 1426 2508 1553 2534; x_wconf 60' lang='lat' dir='ltr'><strong>secunda;</strong></span> <span class='ocrx_word' id='word_1_885' title='bbox 1606 2506 1763 2535; x_wconf 59' lang='lat' dir='ltr'><strong>Pannonian</strong></span> 
     </span>
    </p>
   </div>
   <div class='ocr_carea' id='block_1_127' title="bbox 977 2547 1764 2583">
    <p class='ocr_par' dir='ltr' id='par_1_127' title="bbox 977 2547 1764 2583">
     <span class='ocr_line' id='line_1_127' title="bbox 977 2547 1764 2583; baseline -0.003 -7"><span class='ocrx_word' id='word_1_886' title='bbox 977 2548 1056 2576; x_wconf 82' lang='lat' dir='ltr'><strong>Nulla</strong></span> <span class='ocrx_word' id='word_1_887' title='bbox 1084 2556 1194 2582; x_wconf 90' lang='lat' dir='ltr'><strong>prorsus</strong></span> <span class='ocrx_word' id='word_1_888' title='bbox 1218 2548 1261 2575; x_wconf 90' lang='lat' dir='ltr'><strong>hic</strong></span> <span class='ocrx_word' id='word_1_889' title='bbox 1275 2547 1350 2582; x_wconf 89' lang='lat' dir='ltr'><strong>Epiri</strong></span> <span class='ocrx_word' id='word_1_890' title='bbox 1369 2549 1479 2580; x_wconf 76' lang='lat' dir='ltr'><strong>mentio,</strong></span> <span class='ocrx_word' id='word_1_891' title='bbox 1505 2548 1532 2575; x_wconf 90' lang='lat' dir='ltr'><strong>itt</strong></span> <span class='ocrx_word' id='word_1_892' title='bbox 1558 2556 1610 2583; x_wconf 89' lang='lat' dir='ltr'><strong>qtta</strong></span> <span class='ocrx_word' id='word_1_893' title='bbox 1641 2556 1694 2575; x_wconf 87' lang='lat' dir='ltr'><strong>nou</strong></span> <span class='ocrx_word' id='word_1_894' title='bbox 1721 2549 1764 2575; x_wconf 91' lang='lat' dir='ltr'><strong>iu-</strong></span> 
     </span>
    </p>
   </div>
   <div class='ocr_carea' id='block_1_128' title="bbox 978 2589 1764 2624">
    <p class='ocr_par' dir='ltr' id='par_1_128' title="bbox 978 2589 1764 2624">
     <span class='ocr_line' id='line_1_128' title="bbox 978 2589 1764 2624; baseline 0 -7"><span class='ocrx_word' id='word_1_895' title='bbox 978 2590 1040 2617; x_wconf 85' lang='lat' dir='ltr'><strong>ﬁtno</strong></span> <span class='ocrx_word' id='word_1_896' title='bbox 1059 2589 1117 2617; x_wconf 91' lang='lat' dir='ltr'><strong>loco</strong></span> <span class='ocrx_word' id='word_1_897' title='bbox 1136 2589 1299 2624; x_wconf 82' lang='lat' dir='ltr'><strong>Lychnidus.</strong></span> <span class='ocrx_word' id='word_1_898' title='bbox 1318 2589 1395 2617; x_wconf 77' lang='lat' dir='ltr'><strong>Dices</strong></span> <span class='ocrx_word' id='word_1_899' title='bbox 1416 2590 1561 2616; x_wconf 79' lang='lat' dir='ltr'><strong>Achridam</strong></span> <span class='ocrx_word' id='word_1_900' title='bbox 1583 2589 1764 2617; x_wconf 82' lang='lat' dir='ltr'><strong>Justinianam</strong></span> 
     </span>
    </p>
   </div>
   <div class='ocr_carea' id='block_1_129' title="bbox 978 2631 1766 2667">
    <p class='ocr_par' dir='ltr' id='par_1_129' title="bbox 978 2631 1766 2667">
     <span class='ocr_line' id='line_1_129' title="bbox 978 2631 1766 2667; baseline 0.001 -9"><span class='ocrx_word' id='word_1_901' title='bbox 978 2632 1092 2667; x_wconf 86' lang='lat' dir='ltr'><strong>primam</strong></span> <span class='ocrx_word' id='word_1_902' title='bbox 1124 2631 1209 2658; x_wconf 80' lang='lat' dir='ltr'><strong>fuisse</strong></span> <span class='ocrx_word' id='word_1_903' title='bbox 1240 2632 1352 2664; x_wconf 83' lang='lat' dir='ltr'><strong>dictam,</strong></span> <span class='ocrx_word' id='word_1_904' title='bbox 1377 2638 1438 2658; x_wconf 85' lang='lat' dir='ltr'><strong>eam</strong></span> <span class='ocrx_word' id='word_1_905' title='bbox 1473 2638 1564 2658; x_wconf 86' lang='lat' dir='ltr'><strong>autem</strong></span> <span class='ocrx_word' id='word_1_906' title='bbox 1587 2639 1602 2658; x_wconf 92' lang='lat' dir='ltr'><strong>a</strong></span> <span class='ocrx_word' id='word_1_907' title='bbox 1628 2631 1766 2666; x_wconf 87' lang='lat' dir='ltr'><strong>Lychnido</strong></span> 
     </span>
    </p>
   </div>
   <div class='ocr_carea' id='block_1_130' title="bbox 979 2672 1763 2707">
    <p class='ocr_par' dir='ltr' id='par_1_130' title="bbox 979 2672 1763 2707">
     <span class='ocr_line' id='line_1_130' title="bbox 979 2672 1763 2707; baseline -0.001 -7"><span class='ocrx_word' id='word_1_908' title='bbox 979 2673 1046 2700; x_wconf 87' lang='lat' dir='ltr'><strong>nihil</strong></span> <span class='ocrx_word' id='word_1_909' title='bbox 1066 2673 1223 2707; x_wconf 84' lang='lat' dir='ltr'><strong>discrepare</strong></span> <span class='ocrx_word' id='word_1_910' title='bbox 1240 2681 1247 2705; x_wconf 86' lang='lat'><strong>;</strong></span> <span class='ocrx_word' id='word_1_911' title='bbox 1267 2673 1338 2707; x_wconf 86' lang='lat' dir='ltr'><strong>quod</strong></span> <span class='ocrx_word' id='word_1_912' title='bbox 1361 2676 1390 2699; x_wconf 88' lang='grc' dir='ltr'>ιιι</span> <span class='ocrx_word' id='word_1_913' title='bbox 1404 2673 1496 2699; x_wconf 84' lang='lat' dir='ltr'><strong>libenti</strong></span> <span class='ocrx_word' id='word_1_914' title='bbox 1519 2673 1609 2699; x_wconf 88' lang='lat' dir='ltr'><strong>animo</strong></span> <span class='ocrx_word' id='word_1_915' title='bbox 1637 2672 1763 2704; x_wconf 83' lang='lat' dir='ltr'><strong>admitto,</strong></span> 
     </span>
    </p>
   </div>
   <div class='ocr_carea' id='block_1_131' title="bbox 979 2713 1764 2749">
    <p class='ocr_par' dir='ltr' id='par_1_131' title="bbox 979 2713 1764 2749">
     <span class='ocr_line' id='line_1_131' title="bbox 979 2713 1764 2749; baseline -0.003 -7"><span class='ocrx_word' id='word_1_916' title='bbox 979 2715 1017 2742; x_wconf 82' lang='lat' dir='ltr'><strong>ita</strong></span> <span class='ocrx_word' id='word_1_917' title='bbox 1040 2721 1072 2741; x_wconf 87' lang='lat' dir='ltr'><strong>ea</strong></span> <span class='ocrx_word' id='word_1_918' title='bbox 1097 2721 1158 2749; x_wconf 62' lang='lat' dir='ltr'><strong>quae</strong></span> <span class='ocrx_word' id='word_1_919' title='bbox 1179 2714 1314 2748; x_wconf 85' lang='lat' dir='ltr'><strong>disputavi</strong></span> <span class='ocrx_word' id='word_1_920' title='bbox 1343 2713 1490 2748; x_wconf 87' lang='lat' dir='ltr'><strong>prohibent</strong></span> <span class='ocrx_word' id='word_1_921' title='bbox 1510 2718 1540 2741; x_wconf 92' lang='grc' dir='ltr'><strong>ιιι</strong></span> <span class='ocrx_word' id='word_1_922' title='bbox 1554 2714 1587 2741; x_wconf 80' lang='lat' dir='ltr'><strong>ab</strong></span> <span class='ocrx_word' id='word_1_923' title='bbox 1611 2713 1764 2741; x_wconf 75' lang='lat' dir='ltr'><strong>Iustiniano</strong></span> 
     </span>
    </p>
   </div>
   <div class='ocr_carea' id='block_1_132' title="bbox 978 2755 1764 2791">
    <p class='ocr_par' dir='ltr' id='par_1_132' title="bbox 978 2755 1764 2791">
     <span class='ocr_line' id='line_1_132' title="bbox 978 2755 1764 2791; baseline -0.003 -6"><span class='ocrx_word' id='word_1_924' title='bbox 978 2763 1012 2785; x_wconf 87' lang='lat' dir='ltr'><strong>eo</strong></span> <span class='ocrx_word' id='word_1_925' title='bbox 1037 2757 1149 2784; x_wconf 82' lang='lat' dir='ltr'><strong>nomine</strong></span> <span class='ocrx_word' id='word_1_926' title='bbox 1182 2755 1337 2791; x_wconf 73' lang='lat' dir='ltr'><strong>insignitam</strong></span> <span class='ocrx_word' id='word_1_927' title='bbox 1364 2755 1447 2784; x_wconf 82' lang='lat' dir='ltr'><strong>fuisse</strong></span> <span class='ocrx_word' id='word_1_928' title='bbox 1480 2763 1640 2789; x_wconf 80' lang='lat' dir='ltr'><strong>agnoscam.</strong></span> <span class='ocrx_word' id='word_1_929' title='bbox 1666 2755 1764 2783; x_wconf 88' lang='lat' dir='ltr'><strong>Omnia</strong></span> 
     </span>
    </p>
   </div>
   <div class='ocr_carea' id='block_1_133' title="bbox 979 2796 1765 2832">
    <p class='ocr_par' dir='ltr' id='par_1_133' title="bbox 979 2796 1765 2832">
     <span class='ocr_line' id='line_1_133' title="bbox 979 2796 1765 2832; baseline -0.003 -5"><span class='ocrx_word' id='word_1_930' title='bbox 979 2797 1091 2827; x_wconf 80' lang='lat' dir='ltr'><strong>nisime</strong></span> <span class='ocrx_word' id='word_1_931' title='bbox 1113 2797 1220 2832; x_wconf 77' lang='lat' dir='ltr'><strong>fallant,</strong></span> <span class='ocrx_word' id='word_1_932' title='bbox 1244 2796 1368 2832; x_wconf 74' lang='lat' dir='ltr'><strong>Bulgaria</strong></span> <span class='ocrx_word' id='word_1_933' title='bbox 1393 2797 1426 2825; x_wconf 88' lang='lat' dir='ltr'><strong>ad</strong></span> <span class='ocrx_word' id='word_1_934' title='bbox 1443 2796 1660 2826; x_wconf 82' lang='lat' dir='ltr'><strong>Christianorum</strong></span> <span class='ocrx_word' id='word_1_935' title='bbox 1686 2805 1765 2826; x_wconf 82' lang='lat' dir='ltr'><strong>sacra</strong></span> 
     </span>
    </p>
   </div>
  </div>
