1911 3071
127 158 198 194 1101

125 216 277 248 traductis.
301 215 452 252 Lychnido,
473 222 533 251 qua:
551 214 638 251 gentis
659 213 796 249 praecipua
812 212 839 239 in
855 212 907 239 hoc

125 263 216 286 tractu
237 258 315 289 urbs,
336 261 365 285 et
382 257 540 293 metropolis
570 256 688 290 dignitas
705 254 779 281 venit
798 259 824 281 et
847 253 912 281 Jus-

126 301 237 327 ῑὶιιίιιιιλε
261 300 356 334 prima:
367 306 516 334 cognomen
536 307 544 326 :
562 297 692 332 religi0nc
705 296 778 323 enim
801 295 912 322 meliore

127 347 251 375 recepta.
275 344 302 367 et
320 339 509 367 sacerdotibus
528 343 566 372 et,
588 338 635 373 qui
655 345 703 365 eos
723 337 910 371 inauguraret,

131 383 262 416 episcopo
286 381 339 408 fuit
360 388 438 416 opus.
457 380 540 408 Lecta
557 387 622 414 ergo
637 379 700 406 urbs
712 385 773 413 qua:
793 377 914 411 Bulgaris

128 430 213 460 caput
229 428 301 455 erat,
321 427 349 450 et
366 422 575 457 metropolitano
590 421 741 455 assignate,
762 418 912 460 appellata-

128 473 184 501 que
197 465 349 493 Justiniaua
360 464 456 499 prima,
466 465 522 491 sive
532 463 602 499 quod
609 462 743 495 eamdem,
759 467 915 496 quanquam

131 515 187 536 nou
203 508 261 535 sine
275 513 387 536 errore.-
397 507 456 542 ejus
476 506 605 540 temporis
617 504 703 532 Graeci
720 504 915 538 opinarentur;

130 557 181 577 seu
198 549 286 584 potius
312 548 384 582 quod
400 555 464 575 vera
485 546 637 574 Justiniana
657 546 756 581 prima,
767 549 804 584 ,ιιι
823 543 916 580 plures

137 592 167 618 in
189 591 241 619 hac
270 590 369 617 vicinia
400 589 468 622 aliae,
497 597 544 623 per
571 593 656 616 tracta
684 589 728 615 diu
752 586 820 614 bella
846 589 917 613 esset

132 633 268 664 desolata,
291 639 341 658 nec
357 631 426 658 alius
441 631 534 658 titulus
559 630 593 658 ad
624 637 721 656 novant
747 627 917 662 metropolim

132 674 315 702 decorandum
331 673 468 700 videretur
489 672 726 700 accommodatior.

169 716 228 743 Col.
249 715 309 742 145.
329 713 466 748 Λιστρῶγ
489 714 537 740 καὶ
558 712 692 740 Σκεπῶν.
715 710 846 746 Δυστρῶν
872 709 920 736 καὶ

133 757 281 784 Exstime
306 757 390 784 codex
409 755 543 782 VuIt'IIIII.
568 755 629 782 Ilaec
654 753 717 789 quid
740 753 833 782 velint.
864 759 919 780 non

134 799 216 826 facile
236 799 337 825 dixero.
357 796 415 824 Viri
432 798 514 829 docti,
539 797 584 831 qui
609 795 753 823 occasione
784 795 872 821 oblata
891 793 920 820 in

133 847 167 867 ea
193 839 355 871 inciderunt,
369 838 542 872 coniecturis,
555 839 601 864 sed
615 845 707 872 parum
719 836 812 869 curtis,
831 833 920 862 indul-

135 885 240 908 serunt.
261 879 396 907 Palmerio
419 879 451 906 (ὖ.
468 879 501 907 Α.
518 879 544 910 1,
562 879 607 910 51,
632 878 702 912 quod
726 876 922 905 Constantinus

137 921 155 948 I.
175 922 203 953 2,
223 921 321 949 Them.
336 921 363 948 9.
399 920 504 954 Δῦλων,
520 920 662 955 Λήστρων,
684 919 830 946 Σκεύπτων
851 924 922 952 prat-

137 963 231 996 ferret,
251 963 277 990 in
293 968 409 990 mentem
426 963 500 990 venit
521 969 600 997 posse
620 961 672 995 legi
704 961 858 996 Ληστήριον
878 958 921 986 vel

135 1004 218 1031 etiam
242 1004 366 1038 Ληστῶν,
395 1009 424 1031 ιιι
455 1004 492 1030 sit
515 1004 588 1031 velut
611 1002 762 1038 epithetum
799 1000 922 1033 Aulonis,

138 1046 234 1073 navale
263 1045 408 1080 piraticum
427 1045 467 1072 Vt'I
483 1045 644 1079 piratarum.
673 1049 702 1071 ut
715 1043 742 1071 in
760 1043 849 1069 Attica
864 1045 924 1069 erat

137 1087 238 1123 Φώρων
260 1086 353 1122 λιμὴν,
381 1087 468 1114 fnrtnn
495 1092 613 1121 portus:
633 1085 676 1112 cui
689 1085 838 1120 suspicioni
854 1091 920 1111 mss.

139 1131 282 1156 verborum
307 1128 430 1155 ordinent
457 1128 538 1155 aliter
560 1128 724 1162 digerentes,
753 1131 847 1153 contra
873 1133 922 1152 ve-

140 1171 234 1203 niunt;
248 1169 356 1197 obstant
369 1177 477 1203 quoque
489 1169 673 1196 Romanorum
687 1168 770 1203 leges,
783 1167 923 1202 piraticam

140 1211 348 1246 proscribentes.
372 1210 402 1238 ιι.
426 1209 628 1238 Ilolsteiniusin
643 1209 775 1237 Thesauri
792 1208 924 1236 Orteliani

141 1252 286 1280 [Estrmum
313 1252 435 1287 Λῐστρων
471 1256 613 1286 praeoptat.
649 1250 850 1286 Estrzeumque
875 1258 924 1284 pa-

142 1293 208 1321 riter
221 1299 248 1321 ut
264 1293 378 1321 Carolus
401 1300 417 1320 a
439 1292 469 1320 S.
486 1293 569 1322 Paulo
595 1293 722 1328 intelligit
735 1301 743 1326 ;
755 1292 827 1327 quod
844 1291 926 1327 oppi-

142 1335 205 1362 dum
242 1342 303 1362 cum
329 1335 356 1361 itt
389 1334 544 1361 Macedonia
574 1336 693 1362 secunda
732 1334 766 1361 ab
802 1332 927 1361 Hierocle

144 1376 224 1403 fuerit
250 1376 424 1408 collocatum,
441 1376 485 1404 hic
499 1377 591 1404 sedem
619 1376 742 1404 obtinere
758 1382 810 1402 non
827 1379 925 1410 potest.

144 1417 182 1444 De
197 1417 285 1444 altero
303 1417 418 1445 Σκεπῶν
446 1424 501 1445 ιιοιι
528 1418 616 1445 minor
639 1417 773 1445 haesitatio
789 1425 797 1444 ι
813 1417 927 1444 Carolus

144 1467 158 1485 a
175 1459 205 1486 S.
228 1458 310 1486 Paulo
329 1459 472 1487 videndum
497 1467 559 1486 esse
587 1464 677 1487 monet
699 1467 734 1486 an
762 1458 927 1485 Καισκεπῶν

145 1500 197 1536 legi
228 1501 313 1535 possit
337 1509 345 1534 ;
369 1501 415 1528 ubi
453 1502 638 1535 maximopere
678 1500 773 1528 vellem
799 1505 830 1528 ut
862 1501 928 1536 quid

144 1541 252 1569 tandem
266 1541 410 1577 Cmscepon
424 1541 515 1574 fuerit.
536 1542 685 1570 docuisset.
713 1541 848 1569 Palmerio
861 1541 928 1567 Σχε-

146 1583 205 1611 πῶν
222 1591 283 1618 quaa
298 1584 397 1611 sitnon
420 1585 565 1611 succurrit.
583 1583 724 1619 Equidem,
742 1583 765 1610 si
784 1583 922 1611 sententia

147 1626 183 1653 sit
224 1626 346 1658 ferenda,
379 1625 504 1661 Δισςρῶν
532 1633 596 1653 esse
625 1626 720 1653 dixero
751 1632 826 1652 novte
852 1625 927 1660 Epiri

145 1667 299 1700 castellum,
326 1667 369 1694 cui
385 1668 455 1702 apud
470 1667 633 1702 Procopium
653 1667 737 1695 Febr.
755 1667 828 1694 Just.
850 1675 887 1700 tv,
899 1668 926 1700 4,

147 1716 244 1736 nomen
260 1713 303 1736 est
317 1708 479 1744 ’Δλιστροςς
497 1710 522 1736 ιιι
539 1710 651 1736 Σκεπῶν
661 1715 751 1738 autem
767 1710 825 1737 sive
845 1709 929 1737 Σκεύ-

146 1759 221 1776 πτων
261 1757 328 1778 voce
363 1750 448 1778 latere
479 1751 601 1785 ejusdem
634 1751 707 1786 Epiri
736 1752 842 1783 urbem.
867 1758 928 1786 quae

147 1791 284 1824 Σκιδρέων
300 1796 328 1818 et
342 1791 370 1818 in
394 1793 552 1827 Augustano
572 1793 666 1820 codice
688 1793 813 1820 Σκυδεὼν
840 1793 928 1820 eidem

148 1832 279 1868 Procopio
299 1833 384 1860 audit.

183 1874 251 1901 Ibid.
286 1874 354 1900 Ὑπὸ
387 1873 616 1909 κονσουλὰριον.
652 1874 795 1903 Consulari
821 1875 929 1903 Daciam

149 1917 375 1944 mediterraneam
392 1916 519 1951 paruisse
538 1916 641 1944 Notitia
658 1918 720 1952 imp.
740 1917 844 1946 Orimt.
861 1925 887 1945 c.
902 1917 929 1952 I,

148 1958 299 1986 confirmat.
324 1957 371 1984 Est
391 1957 418 1984 in
436 1957 454 1984 l.
469 1965 499 1990 ιι,
517 1965 542 1985 c.
567 1958 672 1986 Thcod.
699 1960 731 1986 de
761 1959 858 1987 inollic.
888 1964 930 1986 te-

152 2005 233 2026 stam.
249 1998 375 2025 Claudius
403 2006 503 2034 praeses
530 1998 617 2026 Dacia:
630 2007 638 2031 ;
652 2007 711 2034 qua;
734 2008 795 2027 cum
816 2005 844 2027 et
865 2000 930 2028 Sar-

151 2041 218 2068 dicre
247 2040 418 2072 meminerit,
443 2040 546 2068 diceres
573 2040 681 2067 Daciam
706 2042 930 2069 mediterraneum

151 2082 236 2110 fuisse
263 2081 441 2116 praesidialem
482 2082 742 2116 provinci-animum
773 2087 861 2110 tamen
888 2091 931 2112 res

151 2131 229 2151 secus
240 2123 452 2150 habet.Sardicaa
463 2130 477 2149 a
485 2123 665 2150 Constantino
675 2123 710 2151 Μ.
722 2132 752 2151 ea
766 2124 806 2151 lex
820 2125 880 2151 data
891 2130 930 2152 est

152 2165 186 2192 ad
201 2165 340 2199 praesidem
363 2163 450 2192 Dacia.-
459 2165 503 2199 qui
521 2170 662 2200 propterea
680 2165 787 2192 Dacinae
804 2166 932 2193 mediter-

154 2214 245 2233 ranea:
257 2213 356 2240 praeses
370 2213 423 2232 non
439 2205 501 2237 fuit.
517 2212 544 2233 ut
560 2206 580 2234 1.
594 2206 777 2234 Gothofredus
790 2208 928 2235 censebat.

187 2247 254 2275 Ibid.
288 2246 428 2281 Σαρδική.
443 2246 532 2274 Daciae
552 2248 722 2281 metropolim
741 2248 823 2275 fuisse
843 2248 933 2276 Theo-

152 2289 264 2316 doretus
295 2288 331 2315 Η.
351 2288 383 2315 E.
398 2296 428 2320 ιι,
450 2289 478 2321 4,
501 2288 589 2315 docet.
613 2287 800 2321 Constantius,
831 2289 930 2323 inquit,

153 2329 317 2366 προσέταξεν
329 2331 367 2361 είς
375 2330 423 2365 τὴν
431 2329 565 2365 mpsim
577 2329 720 2366 (Ἰλλυρικὴ
729 2330 757 2356 δὲ
764 2331 832 2365 αὕτη
844 2331 930 2364 πόλις,

152 2371 199 2399 τοῦ
209 2372 303 2398 Δακῶν
314 2371 406 2404 ἔθνους
419 2370 595 2407 μητρόπολις)
608 2372 654 2398 καὶ
665 2372 727 2403 τοὺς
744 2372 792 2406 τῆς
804 2373 874 2408 ἑῴας
886 2374 933 2400 καὶ

153 2415 201 2448 τῆς
228 2414 347 2448 ἑσπέρας
387 2413 549 2449 συνδραμεῖν
581 2413 756 2445 ἐπισκόπους.
784 2413 833 2441 Ubi
850 2422 882 2441 ne
898 2415 932 2442 ad

153 2455 285 2490 Illyricam
305 2454 399 2482 urbem
417 2454 574 2485 olfendaris,
587 2454 625 2481 ita
642 2454 693 2481 dici
707 2455 794 2482 obiter
806 2455 931 2488 observa.

153 2495 225 2529 qttod
255 2495 382 2529 przrfecto
413 2495 531 2530 praetorii
557 2502 606 2529 per
631 2495 764 2530 Illyricum
796 2499 931 2530 subesset,

152 2544 211 2571 quze
236 2537 304 2563 ratio
328 2541 355 2563 et
371 2536 516 2564 Jordanetn
544 2535 575 2563 R.
593 2536 670 2564 Goth.
693 2544 717 2563 c.
736 2537 781 2570 56,
802 2539 934 2572 permovit

153 2583 181 2604 ut
198 2576 322 2604 Naissum
348 2577 455 2612 Illyrico
470 2578 667 2605 contribueret.
686 2577 752 2605 Vide
767 2579 802 2606 de
819 2579 931 2607 Sardica

152 2619 215 2645 Ant.
231 2618 294 2645 Itin.
315 2626 342 2653 ι).
368 2618 431 2646 155.

188 2660 256 2687 Ibid.
283 2660 446 2687 Πανταλία.
475 2660 615 2687 Παυταλία
640 2668 704 2688 vero
734 2662 842 2689 nomine
865 2662 932 2696 fuit,

153 2703 242 2730 numis
265 2702 417 2729 ΟΥΛΠΙΔΩ
447 2702 643 2730 ΠΛΥΤΔΛΙΑΟ
671 2704 757 2731 titulis
783 2704 933 2740 inscriptis.

152 2750 178 2771 et
194 2743 296 2776 tabula,
312 2751 372 2778 qua:
386 2743 535 2772 I‘eutaliam
547 2745 582 2772 28
596 2744 630 2772 M.
643 2745 672 2772 P.
688 2745 798 2773 Sardica
814 2752 931 2781 separat.

153 2785 299 2813 indicibus.
321 2785 374 2812 Ter
390 2785 461 2814 idem
481 2788 655 2814 commissum
682 2792 723 2815 est
739 2794 877 2822 peccatum
906 2789 933 2816 in

154 2827 248 2854 Ilalcbi
279 2826 408 2862 Excerpt.
444 2827 538 2864 Legal.
579 2828 722 2857 Ilmschelii
750 2836 778 2863 p.
806 2830 851 2862 62,
875 2838 934 2865 qua:

155 2869 381 2900 accuratissimus
405 2868 436 2898 L.
454 2869 620 2902 Ilolstcinius
644 2871 677 2899 ad
704 2869 834 2906 Stephani
867 2872 933 2900 [Iat-

535 157 727 189 COMMENT.
751 156 793 188 IN
811 154 1018 187 HIEROCLIS
1035 146 1306 186 SYNECDEMUM.

1674 151 1745 184 1102

963 210 1057 237 ταλΐαν
1071 211 1172 244 optime
1193 210 1267 238 eluit.
1304 209 1360 237 Sita
1383 213 1443 237 erat
1466 216 1519 237 non
1535 209 1614 244 longe
1628 218 1642 236 a
1656 210 1745 239 Thra-

963 254 1011 282 ciae
1032 253 1143 281 introitu
1159 262 1166 286 ;
1183 253 1478 289 napanetlagxtbpav
1495 253 1544 288 μὲν
1557 253 1631 289 αὺτῷ
1652 254 1745 281 δοῦναι

962 297 992 323 ὲν
1027 296 1176 332 Παυταλίᾳ,
1216 296 1312 323 Malchi
1346 297 1429 323 verba
1459 300 1533 328 sunt,
1566 296 1650 330 ἢτῆς
1693 297 1744 332 μὲν

963 337 1118 373 Ἰλλυρικῆς
1157 337 1253 373 μοίρας
1288 338 1364 364 ἐστὶν
1398 338 1527 372 ἐπαρχία,
1562 338 1593 363 οὺ
1617 337 1685 364 πολῦ
1717 338 1746 365 δὲ

965 379 1106 414 ἀπέχουσα
1117 379 1170 405 τῶν
1189 379 1318 406 εἰσϐολῶν
1330 379 1380 414 τῆς
1394 379 1515 415 Θρᾴκης.
1538 378 1671 413 Ρι-οςοιιὶο
1694 387 1746 407 ιιοιι

965 420 1090 448 dissimili
1104 421 1168 446 vitio
1185 420 1345 447 Παντάλεια.
1358 420 1448 455 [ﬁdi/1
1458 420 1528 447 Just.
1547 428 1585 452 tv,
1602 421 1746 453 I,dicitur.

1001 461 1069 489 Ibid.
1084 461 1213 496 Γερμάη.
1232 462 1430 489 Conslantintts
1445 462 1462 489 Ι.
1480 470 1510 495 ιι,
1534 462 1618 490 them.
1631 462 1659 495 9,
1682 463 1748 498 Γερ-

968 503 1053 539 μανὸς
1079 503 1169 540 ltabet.
1203 503 1299 530 Verum
1329 509 1370 530 est
1398 504 1536 539 Γερμανὴ,
1561 512 1615 537 qtto
1640 505 1749 532 nomine

967 544 1115 580 Procopius
1145 544 1320 578 EdifJust.
1339 552 1374 576 IV,
1392 545 1419 577 I,
1440 545 1466 572 in
1489 545 1539 572 hac
1564 545 1645 572 Dacia
1675 546 1750 573 novit

967 587 1072 614 urbem.
1107 586 1162 614 Nec
1182 587 1298 618 diversa,
1328 591 1402 621 puto.
1424 592 1464 614 est
1481 587 1640 619 Ceraunia,
1667 595 1749 622 quant

968 627 998 654 Β.
1014 627 1101 655 Vand.
1129 635 1149 660 I,
1165 628 1210 659 Il,
1226 628 1253 654 in
1267 627 1364 655 finibus
1381 627 1476 663 Idyrici
1495 633 1521 655 et
1533 627 1667 661 Thraciae,
1678 629 1751 664 Θρᾳ‹

968 669 1024 696 κῶν
1044 678 1074 695 τε
1089 669 1137 696 καὶ
1153 669 1289 704 Ἰλλυρίων
1316 669 1429 704 μεταξὺ,
1456 670 1541 703 ponit,
1567 670 1689 698 Belisarii
1704 679 1751 706 pa-

969 711 1060 738 triam.
1077 710 1143 738 Vide
1158 710 1190 738 Ν.
1206 712 1383 738 Alemannnm
1400 711 1425 738 in
1440 709 1543 738 Hister.
1563 711 1661 738 Art-an.
1686 719 1751 744 ιιι,

970 755 997 779 et
1011 758 1076 779 eave
1090 752 1184 779 credas
1202 752 1228 778 in
1241 752 1429 779 sanctionibus
1452 752 1603 779 antistitum
1628 753 1753 780 Orienta-

971 792 1047 825 liutn,
1072 793 1143 827 quod
1158 793 1223 820 inibi
1241 793 1354 820 ﬁdenter
1367 798 1395 820 et
1413 792 1559 821 Ortelianis
1575 793 1664 821 verbis
1675 801 1751 821 assc-

973 833 1051 866 ritur,
1078 834 1238 868 metropolin
1268 841 1355 862 eSse:
1383 834 1461 869 longe
1489 834 1562 862 enim
1591 835 1647 863 hac
1666 835 1699 862 ab
1720 842 1752 862 ea

972 875 1106 910 dignitate
1121 876 1218 903 abfuit.

1008 915 1075 945 Ibid.
1098 917 1221 952 Ναισός.
1249 916 1332 945 Ilecle
1347 917 1383 945 ita
1406 924 1470 944 mss.
1496 920 1524 944 et
1549 916 1754 944 Constantinus.

972 957 1032 985 vide
1050 957 1134 986 Holst.
1161 959 1193 986 ad
1211 958 1343 994 Stephan.
1353 963 1381 985 et
1396 967 1454 993 qua:
1467 958 1560 985 ltiner.
1582 959 1619 987 II.
1646 965 1673 993 p.
1691 958 1753 990 556,

972 999 1106 1035 adscripta
1122 1005 1196 1029 sunt.

1009 1044 1074 1071 Ibid.
1094 1042 1278 1078 Ῥεμεσιὰνα.
1297 1043 1334 1070 De
1347 1043 1398 1070 hac
1413 1043 1479 1070 urbe
1494 1042 1635 1070 ad'Anton.
1658 1042 1755 1069 Irincr.

973 1093 1000 1121 p.
1016 1086 1078 1118 155,
1100 1085 1305 1119 disputavimus.
1326 1084 1355 1112 Id
1375 1085 1530 1111 mirandum
1557 1089 1609 1117 est,
1626 1085 1652 1111 in
1676 1085 1752 1111 Actis

974 1127 1225 1156 Chalcedonenaibus
1249 1126 1282 1161 ip.
1307 1126 1370 1160 525.
1396 1126 1575 1162 ’Λχςρούπολιν
1599 1127 1753 1161 appellari:

974 1169 1121 1197 subscribit
1158 1168 1326 1202 Διογενιανὸς
1358 1169 1505 1200 ἐπίσκοπος
1546 1168 1756 1204 Ἀφρουπόλεως

980 1210 1190 1246 Ῥεμεσσιάνων,
1213 1210 1258 1244 qni
1275 1210 1303 1236 in
1315 1209 1420 1237 Latinis
1444 1210 1527 1237 veteri
1545 1211 1670 1238 versione
1692 1211 1753 1245 epi-

975 1258 1073 1287 scopus
1088 1251 1205 1278 civitatis
1220 1251 1478 1278 Itemissianensium
1494 1256 1560 1285 etp.
1580 1252 1639 1284 126,
1662 1252 1758 1287 Ῥεμε-

976 1293 1070 1328 σιάνης
1092 1293 1141 1327 τῆς
1170 1293 1274 1324 Δακίας
1299 1296 1372 1320 recte
1389 1293 1498 1320 dicitur.
1520 1292 1613 1320 Putem
1635 1293 1759 1321 librarios

981 1333 1187 1369 Ἀφρουπόλεως
1198 1341 1258 1361 esse
1274 1334 1437 1366 conditores.
1449 1339 1474 1362 et
1487 1342 1547 1362 cum
1563 1335 1589 1362 in
1604 1336 1675 1362 Actis
1688 1341 1759 1363 esset

976 1375 1149 1410 Διογενιανὸς
1163 1375 1312 1407 ἐπίσκοπος
1333 1376 1448 1411 ’Ἄφρων
1466 1376 1638 1410 Διογενιανὸς
1647 1377 1759 1403 ἐπίσκο-

976 1425 1026 1449 πος
1037 1417 1140 1448 πόλεως
1155 1418 1341 1453 Ῥεμεσιάνης,
1351 1419 1471 1453 neglecto
1482 1419 1592 1446 alterius
1602 1419 1758 1453 Diogeniaui

977 1459 1086 1485 nomine
1103 1465 1179 1485 novae
1200 1458 1272 1486 urbis
1300 1459 1475 1486 fundamenta
1503 1460 1633 1493 posuisse.
1654 1460 1758 1494 Ἀφρου

977 1499 1136 1532 ἐπίσκοπος,
1158 1504 1187 1528 ιιι
1204 1502 1254 1527 hoc
1281 1501 1386 1532 addant,
1415 1502 1558 1536 episcopus
1580 1500 1645 1528 Afer
1660 1502 1686 1529 in
1719 1503 1761 1530 Itis

977 1541 1152 1569 conciliorum
1172 1541 1247 1569 Artis
1261 1549 1322 1569 esse
1338 1542 1417 1575 solet.
1439 1548 1466 1570 ιιι
1480 1551 1506 1578 p.
1524 1543 1586 1570 402.

1013 1582 1079 1611 Ibid.
1100 1583 1139 1617 Τῇ
1158 1583 1237 1618 παρὰ
1256 1603 1264 1611 .
1285 1603 1293 1611 .
1316 1604 1323 1612 .
1346 1604 1353 1612 .
1373 1584 1433 1612 ὑπὸ
1459 1580 1702 1619 κονσουλάριονῘ
1713 1585 1761 1612 1·ιί-

978 1625 1070 1659 pensis
1085 1624 1164 1652 Dacia
1188 1633 1249 1652 eum
1267 1625 1443 1660 intelligatur,
1463 1626 1578 1654 fortasse
1600 1627 1650 1661 τῆς
1670 1636 1761 1662 παρα-

978 1666 1115 1701 ποταμίας
1131 1666 1232 1697 Δακίας
1243 1666 1345 1701 jnstum
1361 1667 1412 1694 erit
1426 1676 1433 1694 :
1447 1666 1576 1702 Procopio
1592 1668 1677 1704 ZEdif.
1694 1677 1731 1700 tv,
1745 1669 1761 1696 5

963 1733 965 1735 ,
983 1708 1113 1742 Ῥιπησία
1132 1712 1173 1735 est
1187 1708 1284 1735 Δακία.
1302 1707 1378 1741 Quod
1394 1714 1483 1736 autem
1499 1710 1631 1737 consulari
1647 1711 1762 1737 admini-

979 1749 1089 1775 stranda
1100 1749 1252 1779 mandatur,
1268 1748 1293 1776 id
1311 1756 1325 1775 a
1341 1755 1414 1776 recto
1426 1749 1504 1784 longe
1519 1750 1597 1778 abest
1609 1759 1616 1777 :
1630 1751 1679 1777 fttit
1691 1752 1761 1778 enim

980 1790 1147 1824 praesidialis
1163 1790 1310 1824 provincia,
1325 1791 1362 1817 uti
1373 1796 1470 1824 praeter
1482 1791 1568 1818 Nam.
1585 1792 1648 1825 imp.
1660 1792 1761 1820 Orioni.

979 1837 1005 1859 c.
1021 1837 1031 1858 ι
1045 1838 1076 1858 ex
1093 1831 1111 1858 I.
1126 1838 1145 1859 ιι
1161 1838 1186 1858 c.
1202 1830 1306 1859 'I‘heod.
1322 1831 1355 1859 de
1371 1831 1468 1859 inoliie.
1485 1836 1545 1860 test.
1561 1840 1609 1868 pro
1625 1839 1763 1867 comperto

979 1871 1119 1899 habemus.

1016 1913 1083 1941 Ibid.
1111 1914 1257 1948 Ῥαξαρία.
1283 1914 1425 1949 Ῥατιαρια
1450 1919 1615 1949 oportuerat.
1637 1915 1710 1944 Ilanc
1737 1923 1763 1943 et

981 1955 1047 1982 duas
1070 1961 1213 1990 sequentes
1236 1955 1415 1990 Theophanes
1440 1956 1640 1992 Chronograph,
1665 1966 1690 1992 p.
1710 1959 1763 1986 217

981 2004 1033 2024 non
1048 1997 1185 2031 prreteriit.
1198 1997 1390 2033 καταστρέψας
1404 1998 1453 2033 τήν
1471 2006 1501 2024 τε
1529 1998 1699 2035 Ῥατιάρνιν,
1722 2001 1763 2027 in-

982 2039 1049 2073 quit,
1066 2039 1112 2066 καὶ
1126 2039 1271 2066 Κωνωνίαν
1292 2040 1337 2066 καὶ
1356 2039 1438 2070 Ἀκὺς
1463 2040 1509 2067 καὶ
1525 2041 1693 2075 Δωροστόλον
1716 2043 1763 2068 καὶ

982 2079 1109 2106 Ζάνδαπα
1125 2080 1171 2106 καὶ
1181 2080 1431 2115 Μαρκιανούπολιν.
1441 2081 1505 2113 Quae
1518 2089 1549 2108 ex
1562 2076 1763 2118 TIICOIIIlyIaCIl)

983 2121 1015 2148 II.
1033 2121 1067 2148 M.
1085 2128 1104 2152 ι,
1118 2120 1135 2148 8
1157 2121 1280 2155 decerpta
1299 2121 1414 2148 indidem
1434 2123 1510 2150 facile
1533 2124 1667 2151 saniorem
1693 2125 1762 2151 reci-

983 2163 1057 2197 pient
1073 2162 1198 2188 coloretn.
1219 2161 1284 2189 Vide
1299 2164 1360 2189 Ant.
1376 2163 1442 2190 Itin.
1461 2172 1485 2198 ιι.
1500 2164 1563 2192 219.

1017 2204 1084 2232 Ibid.
1104 2205 1248 2238 Βηνοπία.
1265 2205 1380 2232 [lavor-ria
1393 2207 1475 2234 codex
1495 2206 1625 2234 ancanii.
1647 2208 1764 2234 Bovwviz

982 2251 1034 2279 est,
1054 2251 1082 2273 ut
1100 2245 1180 2273 llenr.
1199 2246 1319 2274 Valesius
1332 2248 1358 2274 in
1373 2248 1513 2274 Amnﬁam.
1529 2257 1603 2281 un,
1619 2249 1646 2276 11
1664 2251 1762 2276 dudum

984 2288 1059 2315 vidit.
1078 2287 1153 2321 Quod
1169 2289 1291 2323 sequitur
1307 2288 1433 2321 Ἀκοὶνες,
1454 2289 1541 2316 Latini
1557 2289 1659 2325 Aquas,
1677 2290 1762 2318 Graeci

983 2329 1065 2360 ’Δκὺς
1079 2331 1212 2362 vocitant;
1229 2337 1280 2364 qua
1293 2331 1325 2357 de
1340 2338 1368 2356 re
1380 2331 1477 2357 dit-tum
1491 2331 1557 2358 alias
1572 2336 1623 2358 est.

1020 2370 1086 2398 Ibid.
1104 2370 1225 2404 Κάστρα
1247 2371 1366 2405 Μάρτις.
1388 2372 1553 2400 Sozomenns
1571 2373 1606 2399 11.
1624 2374 1657 2400 Ε.
1680 2381 1722 2406 ιιι,
1748 2374 1764 2401 5

984 2413 1098 2447 Κάστρα
1113 2411 1216 2447 Μάρτις
1232 2413 1309 2439 πόλιν
1325 2413 1373 2447 τῆς
1391 2414 1498 2445 Μυσίας
1514 2414 1639 2448 appellat,
1655 2421 1726 2442 recte
1741 2416 1763 2442 si

984 2455 1059 2482 urbis
1072 2462 1168 2482 nomen
1179 2459 1294 2489 spectes,
1309 2462 1360 2481 non
1375 2456 1438 2482 item
1455 2456 1477 2482 si
1494 2456 1659 2490 provinciam
1674 2465 1680 2483 :
1700 2457 1764 2483 l'ue-
1777 2455 1782 2484 .’

986 2501 1048 2523 runt
1064 2496 1135 2522 enim
1153 2496 1210 2522 hzcc
1231 2495 1326 2523 Castra
1345 2497 1371 2523 in
1395 2496 1483 2529 Dacia,
1505 2498 1547 2524 ubi
1566 2498 1714 2532 Procopius
1732 2491 1781 2524 ea:

985 2537 1069 2564 Febr.
1084 2537 1155 2564 Just.
1173 2545 1210 2570 tv,
1226 2537 1243 2564 6
1259 2539 1379 2572 agnoscit
1395 2543 1419 2565 el
1438 2547 1450 2564 :t
1469 2538 1580 2566 Danubii
1597 2540 1653 2572 ripa
1677 2547 1764 2565 remo—

985 2584 1048 2612 vet;
1062 2580 1132 2613 quod
1150 2587 1215 2606 sane
1236 2578 1386 2606 mirandum
1400 2584 1451 2610 est,
1471 2580 1602 2614 siquidem
1620 2577 1779 2607 Gratiauus'

985 2627 1122 2656 permeato
1139 2621 1259 2648 Danubio
1276 2620 1379 2647 delatus
1398 2620 1554 2653 Bononiam,
1571 2621 1700 2649 Sirmium
1723 2623 1763 2649 III-

986 2662 1069 2690 troiit.
1085 2667 1112 2690 et
1131 2663 1303 2696 quatriduum
1319 2663 1354 2689 ibi
1373 2669 1492 2689 moratus
1508 2670 1555 2698 per
1577 2663 1647 2690 idem
1663 2663 1786 2696 flumen,

985 2704 1017 2731 ad
1026 2703 1119 2731 Martis
1127 2704 1222 2731 Castra
1235 2705 1370 2731 descendit
1380 2705 1624 2739 apudAmmianum
1634 2713 1708 2736 xm.
1720 2705 1765 2733 11.
1777 2702 1781 2706 ’

1021 2747 1086 2773 Ibid.
1105 2747 1214 2779 Ἵσκος.
1229 2746 1268 2773 Ita
1285 2753 1349 2774 mss.
1372 2745 1451 2774 Henr.
1469 2745 1565 2774 Valesii
1583 2747 1765 2783 conjecturam

985 2788 1163 2816 affirmantes.
1180 2787 1246 2815 Vide
1260 2790 1320 2815 Αηι.
1338 2788 1404 2815 Ιιὶη,
1421 2796 1446 2822 p.
1464 2787 1528 2816 Sil.

1022 2829 1088 2857 Ibid.
1107 2830 1281 2864 Δαρδανίας.
1296 2830 1353 2857 Sita
1369 2831 1424 2857 haec
1438 2831 1576 2865 provincia
1590 2835 1650 2859 erat
1663 2831 1696 2859 ad
1714 2831 1768 2858 Ma-

988 2872 1109 2902 cedoniae
1135 2872 1304 2901 occidentem
1334 2872 1440 2909 plagam
1469 2879 1478 2900 :
1507 2873 1591 2902 code:
1624 2874 1768 2902 missorum
