1911 3071
150 100 219 134 1103

146 157 311 192 Theodosii,
336 159 369 187 ab
393 159 569 190 Emmanuclc
595 162 763 191 Scllelstrale
796 169 860 189 tom.
886 162 904 189 II
919 183 926 194 ν

143 200 233 234 Αη¹ίι1-
255 200 354 229 Erl/“-
372 211 397 237 ιι.
421 203 473 231 525
484 206 576 238 gditns
589 214 595 231 :
610 205 765 232 Macedonia
788 210 813 232 et
840 204 929 232 Πρησ-

142 247 249 275 mantus
277 248 300 270 at
323 251 385 278 pars
410 244 487 272 Ponti
511 246 643 279 ﬁniuntur
672 247 703 273 ab
731 247 830 274 oriente
859 245 927 272 mari

143 283 266 317 Pontico,
288 286 320 312 ab
343 287 475 315 occidente
491 289 598 315 deserti:
613 289 766 321 Durdania’,
792 297 808 315 α
827 293 928 322 septen-

142 326 228 353 trione
246 327 355 360 ﬂumine
369 328 472 359 llistro.
484 338 499 356 (ι
515 329 741 364 ωεγὶάὶεοιιΕραεο.
760 329 926 360 Harduinus,

141 368 187 401 qui
204 368 236 395 ad
260 368 338 396 Plinii
363 378 400 403 tv,
427 371 455 398 II
480 371 588 398 deserta
607 371 751 400 Candavia
776 370 925 403 substituit,

142 416 251 436 causam
271 411 369 438 nullam
390 412 495 440 habuit.

175 451 235 478 Col.
253 452 313 479 I45.
331 453 360 479 Β.
373 455 511 482 Σκσῦποι.
526 455 572 482 Sic
590 455 757 485 Ptolemams.
776 453 928 488 Stephanus

142 492 262 524 Σκόπους
278 499 355 522 vocat
369 503 375 522 :
392 495 511 531 Scupum
527 496 696 524 Marcellinus
708 491 805 524 Comes
824 503 848 522 a.
865 495 926 525 518.

142 541 202 560 cum
226 534 259 562 de
286 537 454 564 mrumnabili
474 537 616 565 Dardaniae
641 538 804 571 calamitate,
825 537 928 570 Scuan

142 583 253 611 namque
271 578 436 611 metropolis,
458 579 510 611 ait,
532 579 592 606 licet
615 581 673 606 sine
696 580 792 606 civium
820 586 929 606 suorum

140 618 240 644 hostem
263 619 419 654 fugientium
447 620 540 651 clads,
564 621 684 655 funditus
706 626 792 647 tamen
818 621 927 646 corruit.

141 657 236 693 Melius
250 659 380 688 Paulinus
397 661 501 696 Scupos
517 661 704 697 Propemptico
721 662 753 688 ad
768 661 909 688 Nicctam:

251 715 286 742 Tu
309 715 458 750 Philiprcos
476 717 605 743 Macetum
626 724 671 749 per
686 724 780 750 agros,

247 751 300 777 Per
321 750 485 777 'l‘omitatmm
503 751 631 784 gradieris
647 752 752 782 urbem,

247 785 303 812 [bis
317 792 341 812 et
358 786 457 819 Scupos
472 786 566 819 patrita
579 786 736 819 propinquos

144 827 149 850 ι
424 820 564 846 Dardanus
578 821 680 854 hospes.

141 868 298 901 Quanquam
318 868 340 895 si
361 867 414 895 iter
437 868 594 897 consideres
618 875 672 903 quo
689 868 806 896 amicum
831 868 928 896 Reme-

141 910 256 940 sianam,
274 910 388 944 patriam
408 910 433 936 in
453 909 557 942 urbem,
579 910 671 942 mittit,
688 910 821 937 maximas
834 910 927 937 amba-

141 957 188 982 ges
203 951 376 978 meritissimo
392 950 500 979 mirere.
519 951 587 984 Quid
602 959 669 986 opus
681 950 834 986 Philippeos
850 959 929 986 agros

141 997 167 1016 et
181 990 350 1019 'I‘omitauam
362 992 468 1025 urbem,
482 997 511 1019 ut
525 992 628 1026 Scupos
641 993 780 1025 devenias,
794 993 929 1020 invisere?

141 1032 206 1058 Λιιι.
216 1031 312 1067 I‘agius
326 1032 419 1061 Critic.
430 1041 454 1060 a.
466 1034 690 1070 cccxcvn,9,quo
698 1033 838 1062 Paulinum
854 1034 929 1069 igno-

141 1079 208 1101 ratae
222 1074 391 1109 geographiae
406 1075 483 1110 culpa
508 1075 613 1108 liberet,
638 1077 729 1104 nescio
742 1083 811 1111 quos
827 1075 929 1110 Philip-

142 1122 205 1148 peos
218 1123 307 1149 agros,
325 1123 457 1150 nusquam
479 1116 575 1148 lectos,
588 1117 818 1149 comminiscitur,
834 1121 861 1144 et
880 1124 930 1150 pro

141 1155 283 1184 Tomitana
310 1157 377 1183 urbe
400 1157 568 1185 Stobitanam
593 1158 710 1186 restituit
734 1159 793 1185 sive
816 1157 927 1186 Stobos.

141 1197 273 1232 Equidem
296 1206 311 1225 a
338 1198 430 1226 Stobis
445 1198 606 1227 Slobensem
623 1204 696 1227 recte
722 1199 843 1233 formari,
861 1207 928 1227 nus-

140 1247 220 1273 quam
242 1239 424 1271 Stobitanum.
448 1240 509 1275 Ιυεί.
531 1240 566 1267 At
588 1241 682 1268 demus
696 1241 748 1269 hoc
764 1251 771 1269 :
786 1242 829 1269 cui
858 1242 928 1269 bono

141 1289 188 1314 per
224 1281 358 1315 geminam
400 1281 510 1316 Epirum
551 1281 770 1311 'I'hessalonicem
805 1283 927 1311 Nicetam

140 1322 287 1354 amandat,
307 1330 367 1350 cum
394 1323 502 1350 brevius
530 1331 578 1358 per
598 1323 803 1351 Prmvalitanam
826 1324 928 1352 Darda-

141 1364 267 1398 niamque
285 1364 438 1397 provincias
465 1364 528 1396 iter,
552 1365 578 1392 in
596 1364 697 1392 Tabula
722 1366 876 1400 signatum,
900 1365 927 1392 in

140 1405 245 1439 St'upos
270 1410 296 1432 et
315 1405 504 1433 Reinesianam
530 1413 625 1433 versus
649 1407 775 1440 pateret?
798 1406 850 1433 Sed
872 1407 928 1434 haec

141 1446 221 1472 missa
245 1445 387 1473 faciamus.
409 1445 466 1474 Sita
488 1447 552 1474 urbs
567 1447 618 1474 iuit
640 1447 673 1473 ad
697 1447 795 1474 Axium
812 1449 880 1479 sive,
899 1452 928 1474 ut

139 1487 227 1513 serior
242 1492 307 1514 retas
324 1487 428 1520 maluit,
445 1487 613 1515 Bardarium.
636 1487 803 1522 Nicephorus
825 1488 927 1524 Iiryen-

140 1528 202 1554 nius
223 1527 368 1556 Comment.
394 1536 431 1560 tv,
451 1528 483 1555 18
500 1538 507 1555 :
528 1529 557 1555 '0
575 1529 603 1555 δὲ
629 1529 777 1564 Βαρδάριος
795 1530 928 1564 χαταρῤεἰ

141 1569 190 1602 μὲν
214 1569 247 1596 ἐκ
266 1569 319 1595 τῶν
335 1570 383 1604 τῆς
397 1571 461 1602 νέας
488 1570 596 1601 Μυσίας
619 1570 706 1604 ὁρῶν,
723 1571 769 1596 καὶ
790 1570 864 1597 διῖὼν
883 1571 927 1597 διὰ

140 1611 269 1637 Σκούπων
289 1611 396 1637 κάτεισι
420 1611 522 1646 μεταξὺ
545 1612 764 1647 Στρουμπίττης.
790 1612 855 1645 Qum
878 1620 927 1639 cur

139 1652 268 1679 Pessinus
286 1657 390 1680 vertere
411 1653 570 1687 neglexerit,
587 1653 709 1680 divinare
730 1661 782 1680 non
799 1661 924 1688 possunt;

140 1693 206 1720 nihil
223 1694 314 1728 utique
337 1693 473 1722 habebunt
488 1695 612 1727 obscuri,
629 1695 651 1722 si
674 1694 842 1729 Nicephorus
859 1695 926 1723 Gre-

139 1743 219 1769 θοι-εις
235 1735 260 1761 ιιι
275 1735 418 1762 consilium
433 1736 603 1768 adhibeatur,
621 1736 730 1770 Scopia,
750 1744 803 1770 quo
818 1738 926 1765 nomine

141 1778 267 1810 deinceps
282 1777 390 1810 claruit,
405 1777 584 1805 Triballorum
598 1778 623 1804 in
638 1778 774 1805 montibus
788 1778 925 1812 oppidum,

139 1819 208 1844 Axio
226 1817 328 1846 Ilutnini
346 1823 470 1846 astruens
493 1819 511 1845 Ι.
529 1826 586 1852 vnt,
602 1827 626 1846 c.
645 1819 812 1854 antepenult.
834 1827 860 1854 p.
873 1819 926 1846 266

139 1860 204 1887 edit.
220 1859 319 1888 Geucv.

176 1902 243 1928 Ibid.
264 1901 396 1934 Μηριων,
417 1901 543 1929 Fortasse
559 1901 616 1928 haec
636 1901 770 1930 delitescit
794 1902 865 1928 inter
880 1909 926 1929 ca-

140 1944 215 1970 stella
237 1950 296 1976 qua:
316 1943 391 1977 plura
413 1943 555 1971 Dardaniae
570 1943 716 1978 Procopius
738 1943 828 1978 zEdif.
853 1944 924 1971 Just.

139 1992 176 2016 IV,
205 1985 231 2017 4,
257 1985 334 2011 nobis
359 1989 540 2018 annumerat;
566 1985 688 2019 proxime
710 1985 840 2013 accedere
861 1986 927 2022 Βερ-

141 2026 235 2060 μέριον
252 2025 334 2060 Ἀρια
345 2031 373 2052 et
386 2026 514 2061 Μαριανὰ
526 2026 659 2053 videntur.

177 2066 242 2094 Ibid.
272 2066 436 2094 Οὐλπιανά.
466 2067 564 2095 Urbem
592 2067 662 2094 hanc
692 2066 772 2101 longa
798 2067 926 2101 temporis

138 2108 236 2142 injuria
258 2108 392 2136 labantem
412 2107 582 2136 Justinianus
606 2109 693 2136 erexit
714 2113 741 2136 et
764 2108 925 2137 Justiniante

139 2150 264 2177 secunda)
276 2150 434 2184 cognomine
444 2151 585 2184 superbire
593 2150 674 2185 jussit
685 2151 753 2185 apud
765 2150 924 2185 Procopium

138 2190 228 2225 didii.
249 2191 320 2218 Just.
337 2198 374 2223 tv,
391 2191 417 2218 1.
433 2190 521 2221 Habes
542 2193 663 2219 eamdem
679 2192 705 2218 in
727 2191 769 2218 his
781 2191 925 2220 Jornandis

140 2231 202 2258 tier.
220 2230 302 2258 Getic.
318 2239 343 2259 c.
356 2239 399 2258 Lvr
412 2241 418 2258 :
433 2231 594 2260 'I‘heodemir
610 2232 736 2259 Naimtm
751 2234 863 2267 primam
881 2242 926 2260 ur-

139 2274 195 2299 bem
213 2273 310 2300 invadit
330 2273 443 2308 Illyrici,
460 2273 567 2307 ﬁlioque
582 2282 629 2300 suo
654 2274 814 2301 Theoderico
826 2277 925 2309 [conco-

139 2315 226 2342 ciatus
243 2315 329 2342 adstat
343 2321 366 2342 et
382 2316 409 2342 in
423 2315 513 2341 vilium
533 2316 639 2342 comites
656 2323 702 2350 per
721 2323 836 2343 castrum
854 2318 924 2345 Her-

138 2357 205 2383 culis
225 2357 379 2384 transmittit
401 2356 560 2391 Ulpianam,
577 2357 622 2391 qui
647 2357 775 2384 uenientes
796 2362 850 2385 tam
867 2367 925 2386 eam

137 2407 216 2434 quam
228 2404 252 2426 et
263 2407 323 2433 opes
332 2406 393 2426 mox
404 2399 430 2425 iu
445 2399 604 2426 deditionem
615 2399 757 2432 accipiunt.
771 2399 816 2427 Sic
831 2401 922 2434 edunt,

138 2440 372 2468 intricatissimam
386 2440 528 2467 verborum
544 2441 704 2467 sententiam
721 2448 821 2475 susque
837 2442 924 2477 deque

138 2484 280 2511 habentes.
298 2482 388 2510 Codex
405 2482 600 2510 Ambrosianus
613 2490 621 2511 :
634 2483 741 2509 sociatis
757 2484 845 2511 adstat
857 2488 881 2510 ct
896 2486 923 2511 in

138 2526 200 2552 vilia
221 2526 360 2552 comitibus
387 2529 413 2553 el
442 2530 496 2552 tam
518 2533 576 2552 eam
599 2533 678 2559 quam
709 2524 836 2553 Mestulu:
864 2534 925 2553 mox

138 2566 247 2601 praefert
259 2575 266 2594 :
280 2568 351 2594 unde
362 2574 410 2602 ego
419 2566 502 2594 fuisse
511 2566 651 2594 credidero
664 2566 770 2601 [iliaque
784 2575 831 2593 sua
845 2567 925 2595 Tltco—

136 2609 227 2636 derico
245 2609 352 2636 sociatis
367 2610 456 2637 adstat
473 2613 501 2636 et
525 2608 556 2635 III
576 2608 661 2635 millia
684 2616 697 2635 ε
720 2608 859 2635 comitibus
879 2617 925 2642 per

136 2656 253 2678 castrum
273 2650 395 2678 Herculis
414 2651 569 2677 transmittit
584 2649 744 2684 Utpianam;
759 2650 804 2684 qui
820 2651 923 2677 uenien-

137 2698 173 2720 tes
187 2700 242 2720 tam
258 2701 315 2720 eam
333 2701 412 2728 quam
428 2691 556 2720 Metu/um
570 2699 630 2719 utea:
648 2692 674 2718 in
695 2691 854 2721 deditiomm
875 2700 921 2719 ac-

136 2735 245 2768 cipiunt.
264 2735 389 2763 Castrum
405 2734 539 2766 IIercuIis,
554 2739 584 2762 ut
605 2733 693 2762 obiter
710 2740 742 2762 ea
769 2734 901 2762 illustrem
913 2754 922 2766 ,

137 2775 237 2804 Tabula
254 2777 286 2804 tt
303 2777 335 2804 Μ.
359 2776 389 2804 P.
410 2777 505 2804 Naisso
523 2780 658 2809 semovet;
681 2775 808 2804 Metulum
833 2781 924 2804 autem

138 2818 164 2844 in
189 2818 240 2846 hac
267 2818 366 2845 vicinia
390 2817 519 2853 oppidum
539 2822 599 2846 crat.
624 2822 721 2846 natura
743 2821 771 2847 et
798 2818 924 2854 operibus

655 106 846 138 ADDENDA.
867 119 901 125 -
917 106 949 137 P.
972 104 1228 138 WESSELINGII

1697 105 1780 137 1104

984 164 1126 190 munitum.
1143 163 1279 197 Appianus
1292 163 1367 198 Illyr.
1388 171 1417 197 τι.
1435 164 1476 196 I0,
1489 164 1530 191 ed.
1547 160 1728 190 IImsrh.'Er:t
1743 162 1782 188 δὲ

982 205 1077 240 ἑτέραν
1091 205 1166 231 πάλιν
1183 205 1280 240 ἐχώρει
1293 206 1440 236 ΜετΟὖλον,
1458 207 1474 240 ἠ
1495 205 1548 232 τῶν
1567 204 1697 231 Ἰαπόδων
1713 205 1783 230 ἐστὶ

982 246 1098 281 κεφαλὴ,
1116 248 1202 273 κεῖται
1221 247 1249 273 δὲ
1269 247 1298 273 ὲν
1316 247 1373 282 ὃρει
1400 247 1503 282 σφόδρα
1528 247 1633 279 ὑλώδει,
1651 246 1699 273 ἐπὶ
1723 246 1783 271 δύο

982 286 1080 321 λόφων,
1096 287 1143 319 οὓς
1155 288 1255 323 διαιρεῖ
1268 289 1392 324 χαράδρα
1414 289 1506 324 στενή.
1523 289 1632 322 Reliqua
1649 295 1664 315 a
1683 288 1779 315 vesti-

982 328 1032 363 giis
1051 336 1129 354 nianu
1149 330 1251 356 exarati
1267 330 1366 357 codicis
1383 330 1504 363 proxime
1525 330 1661 357 recedunt.

1018 369 1085 396 Ibid.
1107 370 1289 405 Πρεσάλεως.
1315 371 1456 399 Pruriucia
1485 370 1664 398 Praevali‘ana
1699 370 1780 396 inter

984 409 1094 445 Epirum
1116 419 1212 439 novam
1234 417 1262 438 ct.
1285 412 1444 439 Dalmatiam
1461 413 1493 438 ad
1524 413 1691 438 Adriaticum
1709 416 1775 438 erat

982 457 1105 486 protenta
1119 454 1218 486 sinum,
1234 453 1366 488 Procopio
1381 453 1410 480 Β.
1425 453 1458 481 G.
1481 462 1503 486 ι,
1520 453 1553 480 15
1574 458 1695 481 auctore.
1714 453 1773 480 Pa-

984 493 1071 520 ruisse
1086 495 1193 528 praesidi
1212 493 1315 521 Natilia
1330 495 1394 527 imp.
1415 494 1516 522 Orient.
1532 503 1556 521 c.
1576 503 1584 522 I
1605 495 1733 521 aIIirmat.

1018 535 1083 562 Ibid.
1106 535 1243 569 Σκόδραι.
1268 535 1366 563 Verius
1392 535 1465 571 [cum
1490 535 1522 571 L]
1544 536 1659 571 Σκᾶδρα.
1681 535 1775 563 Situm

983 577 1057 603 urbis
1073 577 1165 605 Livius
1181 585 1252 608 xuv,
1269 577 1313 609 31,
1330 577 1470 605 describit.

1020 617 1084 644 Ibid.
1106 618 1231 651 ΛΙσσος.
1252 617 1315 645 Haec
1329 623 1356 645 et
1369 619 1426 652 ejus
1438 626 1485 645 arx
1502 618 1656 646 Acrolissus
1670 627 1701 646 ex
1719 618 1777 645 Po-

984 658 1054 692 lybio
1069 667 1127 690 \‘III,
1140 660 1172 686 I0
1185 666 1212 686 et
1226 659 1304 686 Livio
1317 667 1393 690 mn,
1410 661 1445 687 20
1462 660 1603 687 notissima
1617 665 1668 687 est.
1682 660 1778 686 Ἐλιε-

984 708 1039 730 σοξ.
1065 701 1241 728 Constantino
1262 701 1363 728 dicitur
1386 701 1542 736 imperatori
1567 703 1600 728 de
1624 701 1775 728 Adminict.

983 740 1023 767 lin
1043 749 1080 768 er.
1103 750 1127 768 ο.
1149 743 1193 770 50.
1212 770 1222 774 ,λ

1018 782 1084 809 Ibid.
1106 783 1265 818 Δωράχιον.
1290 783 1398 811 Diceres
1422 784 1484 812 hinc
1505 785 1589 812 fuisse
1609 783 1774 811 Eucharium

983 825 1122 859 Δωρακίου
1138 825 1289 859 praesulem,
1303 826 1349 860 qui
1362 834 1424 859 pars
1443 826 1569 858 Ephcsini
1585 826 1633 852 I'uil
1649 826 1774 858 concilii,

983 866 1032 893 nisi
1052 873 1077 900 ρ.
1092 866 1144 893 ὀόϐ
1162 866 1306 894 adderetur
1318 867 1366 902 τῆς
1381 867 1444 899 νέας
1463 867 1603 901 Ἠπείρου,
1617 873 1696 900 atque
1709 867 1777 893 inde

984 906 1188 942 Dyrrhachinus
1203 912 1285 935 esset.
1307 908 1354 936 Est
1372 909 1441 936 inter
1463 909 1599 936 Gudianas
1612 916 1643 936 ex
1663 908 1778 943 Ligario

984 949 1175 983 inscriptiones
1190 957 1216 984 p.
1235 949 1340 977 CLXXI
1358 951 1409 978 hoc
1427 951 1594 985 epigramma
1610 957 1617 978 :
1635 949 1664 976 D.
1681 949 1716 976 Μ.
1740 949 1776 977 S.

982 989 1013 1018 C.
1032 990 1164 1019 JULIUS.
1184 991 1217 1018 C.
1245 991 1275 1018 F.
1304 991 1445 1018 IEIIILIA.
1471 991 1588 1019 RUFUS
1617 991 1776 1020 DURIiACl

983 1032 1054 1060 ΜΠ...
1074 1032 1153 1060 COH.
1173 1032 1232 1060 XII.
1254 1033 1333 1062 URB.
1365 1033 1441 1066 Quod
1467 1037 1494 1060 et
1519 1041 1568 1068 ego
1593 1034 1626 1060 ad
1656 1033 1778 1068 Dyrrha-

982 1074 1072 1101 chium
1089 1074 1227 1109 pertinere
1240 1075 1404 1102 existimem.
1422 1074 1489 1107 Quid
1502 1082 1566 1109 ergo
1581 1074 1642 1101 huic
1658 1074 1777 1100 Doracio

983 1115 1049 1142 Iiet?
1073 1113 1205 1150 Equidem
1223 1115 1313 1150 lugere
1343 1116 1368 1143 id
1400 1123 1533 1150 nusquam
1561 1115 1682 1142 tuemini.
1710 1115 1783 1142 Fuit.

982 1161 1113 1191 [interea
1130 1156 1314 1184 Pratvalitanae
1328 1157 1473 1192 provincia:
1488 1156 1642 1189 metropolis
1654 1155 1774 1188 Scodra,

983 1201 1012 1225 ut
1029 1205 1061 1225 ex
1076 1197 1198 1231 Gregorii
1217 1197 1252 1224 Μ.
1270 1198 1287 1225 l.
1310 1199 1343 1225 I0
1364 1198 1445 1232 epist.
1464 1198 1498 1224 54
1518 1202 1648 1232 apparet;
1674 1205 1774 1231 quate,

982 1241 1070 1268 donec
1087 1240 1197 1267 aliunde
1219 1240 1338 1267 ﬁrmiore
1356 1240 1495 1266 Doracium
1520 1241 1571 1266 hoc
1585 1239 1696 1266 tibicine
1718 1239 1776 1266 Iul-

981 1281 1081 1314 (iatur,
1111 1281 1266 1308 arbitrabor
1291 1281 1414 1308 Docleam
1443 1281 1500 1309 sive
1533 1281 1690 1313 Dioclcatn,
1718 1289 1774 1307 nun

981 1322 1090 1356 quidem
1110 1322 1268 1356 mctropoIin
1293 1323 1340 1349 scd
1362 1323 1496 1349 celebrem
1516 1326 1604 1349 tamen
1630 1326 1690 1356 post
1710 1321 1775 1348 Dio-

982 1364 1124 1391 (:lcliauum
1143 1364 1203 1398 ejus
1227 1363 1439 1391 instauratorem
1468 1365 1583 1396 urbem,
1619 1364 1663 1391 hic
1690 1371 1770 1390 suum

981 1406 1062 1432 etiam
1081 1405 1167 1432 locum
1191 1405 1352 1432 obtinuisse.
1378 1404 1445 1431 Vide
1467 1406 1500 1431 de
1525 1412 1556 1431 ea
1585 1404 1770 1432 Constantini.

982 1446 1122 1473 Adntinist.
1141 1445 1206 1479 Imp.
1225 1454 1250 1473 (τ.
1264 1446 1298 1473 55
1317 1451 1343 1473 et
1356 1445 1516 1472 Ciuuamum
1533 1445 1633 1472 Iiistor.
1651 1453 1688 1478 vt,
1705 1445 1731 1472 I.

1016 1487 1083 1515 Ibid.
1098 1488 1226 1521 Μυσίας.
1243 1488 1335 1515 Moesia
1348 1489 1403 1514 haec
1416 1488 1500 1521 prima
1512 1492 1553 1514 est
1565 1488 1622 1514 sive
1635 1487 1768 1522 superior,

982 1535 1010 1556 nt
1028 1529 1136 1556 Tabulae.
1150 1530 1265 1562 dicitur;
1283 1529 1387 1556 Socrati
1409 1529 1444 1555 ΙΙ.
1468 1529 1500 1555 Ε.
1520 1537 1538 1559 l,
1556 1529 1591 1555 27
1608 1529 1623 1563 ή
1641 1529 1697 1556 ἄνω
1711 1529 1772 1555 Μυ-

982 1572 1037 1598 σία.
1058 1571 1134 1599 LEG.
1156 1571 1236 1599 AUG.
1258 1571 1313 1598 PR.
1335 1570 1388 1598 Ριι.
1409 1570 1568 1598 PROVINC.
1589 1570 1691 1598 PANN.
1712 1571 1769 1598 ΕΤ.

980 1612 1113 1640 MOESI/IS
1129 1610 1204 1640 SUP.
1221 1613 1270 1639 sub
1283 1612 1414 1646 Septimio
1430 1612 1531 1639 Set/cro
1541 1617 1582 1639 est
1598 1612 1623 1638 in
1638 1612 1768 1641 Thcsalr.

981 1662 1008 1689 p.
1030 1654 1174 1682 CCCCVII.
1199 1655 1224 1681 I.
1251 1660 1343 1689 postea
1379 1654 1557 1689 prmsitIlaIelll
1583 1653 1668 1682 fuisse
1694 1655 1770 1682 testis

982 1696 1087 1722 Notitia
1105 1697 1198 1730 imper.
1217 1696 1321 1723 Orient.
1338 1704 1363 1724 c.
1385 1704 1393 1723 I
1410 1700 1462 1723 est.

1017 1736 1084 1764 Ibid.
1107 1736 1278 1771 Βιμενάκιν.
1298 1737 1460 1771 Βιμενάκιον
1479 1736 1580 1764 rectius
1600 1736 1770 1772 Theophyla-

981 1783 1040 1805 ctus
1056 1777 1089 1805 II.
1105 1778 1141 1804 Μ.
1169 1787 1188 1811 1,
1205 1778 1236 1811 5,
1253 1779 1297 1812 qui
1325 1779 1402 1804 πόλιν
1428 1777 1556 1813 λαμπρὰν
1575 1778 1608 1805 ad
1634 1778 1768 1813 Illyricum

981 1819 1160 1852 pertinentem
1179 1819 1304 1854 appellat.
1321 1819 1350 1847 In
1362 1819 1490 1847 Gordiani
1508 1824 1534 1846 et
1549 1819 1664 1853 Philippi
1680 1820 1770 1846 unmis

980 1861 1011 1888 Ρ.
1031 1861 1069 1888 Μ.
1089 1860 1118 1888 S.
1136 1860 1214 1888 θοι.
1233 1861 1314 1894 VIM.,
1329 1869 1397 1896 quos
1415 1860 1526 1887 ridicule
1540 1860 1683 1887 admodum
1703 1861 1767 1886 Ilar-

981 1902 1078 1930 duinus
1095 1903 1120 1930 in
1148 1902 1231 1929 Num.
1251 1903 1309 1929 urb.
1329 1903 1457 1929 illustrat.
1476 1901 1593 1936 explicat
1609 1902 1641 1929 de
1660 1903 1770 1936 provin-

981 1945 1029 1971 cia:
1037 1944 1199 1972 Macedoniae
1210 1945 1359 1978 superioris
1370 1944 1476 1971 colonia
1489 1944 1648 1971 Vimiuacio.
1661 1944 1769 1970 Adeone

981 1984 1076 2012 Maesia
1099 1985 1224 2019 superior
1244 1986 1365 2019 ignorata
1383 1985 1443 2017 iuil,
1466 1989 1494 2012 ut
1515 1985 1557 2011 his
1577 1985 1602 2012 in
1620 1985 1708 2012 nuuiis
1724 1992 1770 2012 co-

980 2026 1072 2062 gnosci
1088 2026 1158 2053 haud
1174 2027 1309 2061 potuerit?

1016 2067 1085 2095 Ibid.
1106 2068 1287 2102 Σιγγιΰόνος.
1301 2067 1433 2101 Σιγγιδὼν
1445 2072 1490 2094 aut
1503 2067 1676 2101 Σιγγίδουνον
1689 2074 1769 2101 opor-

983 2114 1081 2137 luerat.
1107 2109 1233 2137 Socrates
1257 2108 1292 2135 Η.
1314 2109 1348 2137 Ε.
1371 2117 1389 2141 ι,
1404 2109 1439 2136 27
1456 2114 1482 2135 et
1505 2117 1534 2139 ιι,
1560 2108 1593 2134 I2
1612 2109 1767 2143 episcopum

981 2151 1137 2186 Σιγγιδόνος
1156 2152 1205 2186 τῆς
1227 2152 1283 2178 ἄνω
1302 2151 1410 2182 Μυσίας
1430 2149 1572 2178 Ursacium
1595 2150 1666 2176 inter
1688 2150 1768 2176 Aria-

981 2193 1062 2220 nismi
1089 2192 1248 2220 defensores
1272 2196 1397 2219 numerat
1417 2201 1424 2219 :
1441 2197 1470 2218 ut
1495 2192 1578 2218 mirer
1604 2191 1730 2218 Carolum
1753 2199 1766 2217 a

980 2234 1010 2261 S.
1021 2234 1104 2262 Paulo
1114 2233 1253 2261 Socratem
1266 2239 1374 2261 notasse
1384 2234 1418 2261 ob
1431 2233 1610 2268 Singiduuum
1623 2232 1768 2259 Pannonia:

981 2276 1183 2310 trauscriptam.
1211 2275 1292 2302 Certe
1308 2276 1326 2302 l.
1343 2283 1361 2308 I,
1384 2283 1410 2302 c.
1432 2275 1478 2306 ‘20.
1501 2281 1630 2310 quorsum
1655 2274 1768 2301 lectores

980 2318 1120 2351 amandat,
1136 2317 1203 2344 nihil
1225 2316 1305 2351 hujus
1330 2317 1438 2352 legitur.
1455 2315 1522 2343 Vide
1538 2316 1601 2343 Ant.
1624 2315 1717 2342 Itiner.
1739 2323 1766 2350 p.

980 2359 1041 2386 152.

1016 2400 1083 2428 Ibid.
1104 2399 1262 2433 Γρατιανά.
1283 2399 1331 2427 Est
1349 2400 1375 2426 in
1396 2399 1500 2426 Notitia
1517 2399 1582 2431 imp.
1610 2397 1714 2426 Orient.
1740 2405 1766 2425 e.

980 2443 1032 2470 I53
1047 2443 1117 2469 inter
1137 2442 1236 2469 Moesia!
1251 2443 1344 2476 prima:
1360 2443 1451 2475 urbes,
1467 2441 1555 2476 deque
1572 2449 1603 2468 ea
1619 2440 1767 2474 disputavi-

980 2491 1039 2511 mus
1056 2483 1090 2510 ad
1106 2483 1199 2510 Itiner.
1215 2482 1252 2509 11.
1271 2490 1296 2516 p.
1315 2482 1377 2510 566.

1013 2526 1081 2553 Ibid.
1095 2525 1265 2559 Πρικορνία.
1280 2525 1335 2552 Imo
1346 2532 1410 2552 vero
1425 2525 1574 2560 Τριχάρνια
1590 2528 1637 2551 aut
1651 2523 1765 2560 Τρικόρ-

979 2575 1034 2594 νιον
1050 2567 1148 2601 potius.
1164 2566 1231 2593 Vide
1246 2566 1314 2592 idem
1330 2565 1423 2592 Itiucr.
1442 2573 1467 2598 p.
1482 2565 1546 2592 565.

1014 2608 1082 2636 Ibid.
1103 2608 1311 2643 ὀρθέμαρχος.
1330 2608 1382 2635 Pro
1395 2608 1497 2644 Ὂρρεο
1516 2608 1632 2642 μάργου,
1647 2611 1677 2634 ut
1694 2607 1764 2634 dixi-

979 2660 1039 2680 mus
1054 2653 1086 2679 ad
1101 2652 1162 2680 Αιιι.
1184 2652 1250 2678 Itin.
1267 2660 1294 2686 p.
1314 2651 1375 2679 15L

1014 2693 1081 2721 Ibid.
1099 2694 1278 2726 Παννονίας.
1306 2693 1445 2720 Pannonia
1472 2691 1593 2719 secunda
1619 2697 1684 2724 est,
1705 2699 1763 2725 quae

978 2735 1041 2763 olim
1058 2735 1185 2770 praefecto
1209 2734 1428 2769 prmtorii-halize
1443 2734 1564 2768 parebat,
1578 2741 1641 2768 pars
1657 2733 1761 2767 imperii

978 2776 1146 2810 Occidentis,
1161 2782 1190 2803 nt
1208 2777 1311 2804 Notitia
1330 2777 1393 2811 imp.
1411 2776 1502 2803 Ouid.
1519 2783 1543 2803 c.
1561 2783 1579 2802 ιι
1598 2776 1761 2814 docel:ca_m

978 2823 1069 2848 autem
1087 2827 1147 2847 cum
1165 2818 1334 2847 Justiuianus
1355 2818 1542 2852 reciperasset,
1557 2817 1637 2845 sicuti
1657 2815 1764 2843 Nautio
