1911 3071
108 166 177 199 1105

106 226 136 252 ιι
153 221 300 258 significat.
315 220 461 256 provinciis
472 218 592 247 Orientis
606 217 743 246 Hierocles
757 213 895 244 accénset.

104 257 401 299 Quodautemprzesidi
418 261 572 292 mandatur,
584 260 610 286 id
625 259 787 290 Iustiniano,
803 257 898 288 credo,

108 308 239 338 debetur;
257 311 299 332 est
327 312 394 331 sane
413 303 549 330 Munatius
575 301 690 328 Plancus
708 307 733 327 ν.
757 307 782 326 c.
800 305 899 333 praeses

107 348 255 375 Pannonia:
271 354 318 381 per
336 353 420 372 annos
435 344 471 370 ‘24
486 344 512 370 in
530 343 617 376 lapide
638 342 800 368 Ileinesiano
816 340 896 367 class.

108 399 146 421 vr,
163 389 211 420 7i;
230 389 276 416 sed
302 389 325 414 is
348 385 493 413 Pannoniae
518 385 612 419 prima:
638 383 799 418 praepositus
826 381 895 408 fuit:

106 440 170 457 nam
191 430 338 457 secundam
354 426 524 454 consularem
542 425 627 452 fuisse
642 424 746 451 Neritia
762 423 856 450 eadem
871 429 896 449 c.

110 481 118 499 I
137 472 289 498 confirmat.

142 513 201 541 Col.
221 512 279 539 HS.
301 511 436 544 Σέηιιον.
457 508 569 536 Urbium
588 511 673 534 mater
689 510 715 533 et
728 506 855 541 populosa
871 509 899 532 et

107 555 222 581 celebris
237 553 378 580 Ammiano
394 559 450 583 xxr,
475 550 517 577 i0.
534 549 610 577 Unde
631 550 656 576 in
677 548 790 576 concilio
814 548 898 581 Aqui-

111 597 205 624 leiensi
226 596 277 622 sub
294 595 408 621 Dnmaso
429 592 559 620 Amenius
580 595 669 624 caput,
684 590 779 623 inquit,
794 589 899 624 Illyrici

110 648 161 665 non
191 639 241 665 nisi
269 637 361 663 ciuitas
391 639 428 661 est
454 633 625 664 Sirmieusis,
652 638 717 660 tom.
736 640 765 659 ιιι
794 631 896 658 Concil.

113 680 219 710 Lnbbei,
242 687 268 712 ιι.
285 678 348 705 591.
370 677 426 703 Non
443 675 586 702 dissimilia
609 674 683 708 It'ges
701 673 846 701 Iustiniani
872 675 897 699 in

114 721 222 747 Nave/lu
239 720 281 752 ii,
302 719 379 752 cujus
396 723 484 745 tamen
497 716 580 743 verba
592 716 614 744 si
633 715 668 742 ita
689 714 826 748 acceperis
841 713 896 740 acsi

111 760 345 789 Thcssalotticensi
356 759 483 786 Ecclesia
492 762 553 792 post
563 757 652 784 Attila:
665 761 692 783 ct
705 756 795 782 Sirmii
809 754 897 782 eversi

112 809 233 836 tempora
257 802 363 828 demum
387 807 419 827 ea
442 799 561 832 dignitas
584 798 731 824 accesserit
754 803 806 830 qua
824 795 897 822 omni

112 844 218 878 Illyrico
238 843 392 876 pnestaltat.
418 840 519 867 erroris
536 838 732 866 Tribonianum
757 837 900 864 absolvere

112 892 166 910 non
187 885 287 918 poteris
303 893 308 910 :
330 883 421 910 uultis
437 882 508 910 enim
523 885 586 908 ante
606 880 695 911 annis,
715 883 744 906 ut
758 887 790 906 ex
808 878 897 905 Theo-

111 926 208 952 dorcto
232 932 312 958 supra
344 923 519 954 monuimus,
542 922 678 957 illyricum
701 921 838 949 Orientale
861 920 898 947 illi

113 966 172 993 urbi
191 966 290 1000 paruit.
309 965 376 992 Vide
390 965 419 992 P.
437 966 471 992 de
489 963 579 991 Marca
600 963 714 990 Dissert.
731 962 763 989 de
782 961 897 988 Primat.

112 1016 136 1033 «ι.
153 1008 198 1040 33,
215 1013 242 1036 et
256 1008 291 1035 de
313 1007 436 1035 Basianis
460 1007 519 1034 sive
543 1005 681 1034 Bassianis
703 1003 796 1032 Itiner.
818 1004 851 1030 A.
870 1010 896 1038 p.

114 1049 175 1076 I5I.

150 1091 215 1119 ibid.
240 1091 306 1118 Ὑπὸ
337 1091 519 1119 ἀνθύπατον.
536 1089 659 1122 Aristidi,
686 1092 752 1116 iom.
770 1095 790 1120 ι,
804 1095 830 1122 p.
846 1086 896 1114 6H

113 1134 204 1168 ἄρχων
219 1134 269 1168 τῆς
288 1133 391 1165 'Aaiaq,
416 1137 443 1159 et
466 1141 492 1167 p.
510 1132 562 1159 572
588 1139 620 1159 ac
641 1131 693 1158 600
717 1129 828 1166 ἡγεμὼν
849 1129 899 1163 τῆς

114 1175 217 1206 Ἀσίας,
236 1174 333 1208 quibus
347 1179 428 1208 atque
454 1174 514 1200 aliis
539 1173 566 1200 in
589 1173 657 1200 locis
680 1179 740 1199 cum
757 1174 899 1206 praetorem

115 1221 162 1242 aut
187 1217 327 1250 prmsidem
354 1217 489 1250 interpres
515 1214 643 1246 verterit,
667 1213 777 1247 praebita
803 1218 900 1246 magno

116 1258 227 1285 Usserio
245 1257 270 1284 in
287 1258 489 1293 Smyrnensium
504 1256 589 1291 Epist.
611 1263 636 1289 p.
655 1255 700 1287 46,
717 1255 761 1282 ed.
778 1253 900 1281 Ruinarti

115 1305 144 1327 ut
159 1300 291 1327 scriberet
308 1300 416 1327 occasio
439 1305 496 1331 est,
523 1297 606 1325 totius
624 1297 769 1332 provineize
794 1295 901 1330 proprie

115 1342 194 1369 dicta:
224 1342 294 1368 Asiae
324 1340 512 1376 proconsulem
542 1344 606 1367 tunc
632 1339 715 1366 fuisse
741 1338 898 1372 praesidem;

115 1383 186 1417 quod
210 1387 298 1409 tamen
324 1392 340 1409 a
364 1390 428 1408 vero
450 1380 542 1416 procul
569 1381 663 1408 abesse
686 1378 899 1414 cognitissintum

113 1431 166 1453 est.
194 1425 257 1452 Erat
281 1425 451 1458 proconsulis
479 1424 621 1458 imperiutn
646 1421 822 1453 latissimum,
845 1421 901 1448 suis

115 1467 238 1495 terminis
257 1467 290 1494 ab
308 1467 400 1494 eodem
418 1466 548 1498 Aristide,
567 1470 632 1492 tom.
653 1464 689 1497 II,
714 1471 740 1498 p.
764 1462 825 1494 501,
847 1462 901 1490 cir-

115 1509 308 1543 cumscriptum
331 1507 433 1542 :longe
455 1512 543 1534 tamen
566 1506 728 1537 accuratius,
747 1512 899 1540 quanquam

115 1551 173 1585 ejus
195 1549 335 1584 scriptoris
352 1554 432 1576 aetate
457 1553 559 1575 tantum
575 1556 626 1575 non
646 1552 715 1578 erat,
731 1548 764 1574 ab
780 1546 901 1581 Eunapio

115 1592 142 1619 in
167 1591 295 1624 Maximo,
323 1598 349 1625 p.
372 1590 433 1618 IUI.
457 1591 489 1617 ed
513 1589 628 1616 I‘Iuntin.
656 1589 725 1615 Ἀλλ’
748 1589 787 1619 εἰς
813 1587 900 1623 ἀρχὴν

116 1633 266 1668 μετέστησε
285 1631 395 1667 μείζονα
411 1632 522 1663 (Valens
544 1630 726 1663 Clearcbum),
748 1629 901 1656 ἀνθύπατον

115 1674 196 1701 αὑτὸν
212 1674 362 1708 ἐπιστήσας
379 1673 428 1709 τῆς
452 1673 499 1699 νῦν
521 1671 592 1703 ἰδίως
606 1672 699 1703 Ἀσιας
719 1671 899 1706 καλουμένης.

116 1716 188 1749 Αὐτὴ
212 1715 240 1742 δὲ
256 1715 311 1742 ἀπὸ
328 1715 473 1750 Περγάμου
491 1714 519 1740 τὸ
534 1713 657 1747 ἀλιγενὲς
672 1712 806 1747 ἐπέχουσα
832 1712 901 1747 πρὸς

114 1757 164 1792 τὴν
177 1756 376 1791 ὑπερκειμένην
387 1757 500 1791 ἤπειρον
513 1755 576 1790 ἄχρι
591 1755 695 1790 Καρίας
706 1754 898 1788 ἀποτέμνεται,

116 1800 163 1826 καὶ
187 1798 302 1834 Τμῶλος
327 1798 411 1831 αὐτῆς
443 1799 609 1832 περιγράφει
634 1797 666 1822 τὸ
693 1796 762 1831 πρὸς
791 1795 899 1822 Λυδίαν.

119 1841 196 1867 Ἔστι
215 1840 242 1866 δὲ
261 1839 352 1874 ἀρχῶν
376 1838 551 1873 ἐνδοξοτάτη,
579 1838 626 1864 καὶ
653 1837 683 1863 οὐ
705 1838 839 1872 κατήκοος
853 1836 901 1863 τοῦ

115 1882 166 1916 τῆς
181 1880 266 1914 αὐλῆς
281 1880 414 1915 ὲπάρχου.
441 1879 500 1906 Jam
525 1879 548 1906 si
571 1878 727 1906 observaris
754 1878 816 1906 huic
839 1886 887 1912 pro

115 1922 218 1950 consuli
236 1921 400 1956 Hellesponti
423 1920 592 1947 consularem
618 1924 645 1948 et
669 1919 818 1947 insularum
834 1927 900 1954 pra:-

116 1965 201 1992 sidem
217 1964 289 1991 dicto
307 1963 391 1990 fuisse
413 1962 576 1992 audientem,
597 1962 790 1996 amplissimam
807 1962 900 1997 utique

117 2009 277 2041 potestatem
307 2005 345 2031 illi
379 2004 525 2038 injunttam
554 2010 694 2036 agnosces.
723 2003 800 2036 Quod
834 2010 899 2030 vero

116 2047 235 2082 pra-fecti
256 2047 373 2082 praztorii
397 2046 510 2080 imperio
534 2049 688 2079 exetnptum
713 2046 794 2072 fuisse
818 2045 900 2072 adfir-

117 2094 184 2120 mat,
199 2089 236 2120 id,
256 2096 418 2122 quamquam
434 2087 468 2114 ab
483 2094 516 2114 eo
529 2087 562 2114 ad
583 2087 739 2121 praefectum
756 2086 899 2121 appellatio

118 2130 143 2156 in
166 2130 183 2158 Ι,
203 2130 236 2157 I9
257 2129 315 2156 cod.
335 2129 368 2156 de
385 2128 520 2163 Appellat.
543 2127 717 2162 permittitur,
742 2133 774 2154 ex
801 2126 898 2155 Notitia

118 2174 182 2206 imp.
203 2171 306 2199 Orient.
324 2178 348 2197 c.
366 2170 392 2203 I,
406 2177 515 2204 quoque
534 2176 701 2204 cognoscas;
718 2176 806 2204 neque
829 2170 900 2197 enim

116 2213 179 2240 Asia
195 2212 342 2247 provinciis
356 2215 552 2238 annumeratur
568 2218 627 2244 qua:
651 2210 702 2238 sub
724 2210 901 2244 dispositione

117 2254 236 2290 pratfeeti
258 2254 386 2288 prmtorio
409 2260 456 2287 per
471 2253 608 2280 Orientem
627 2251 746 2280 fuerunt.
763 2253 900 2279 Caeterum

117 2297 143 2324 in
161 2295 272 2330 Eunapii
289 2295 388 2326 verbis,
405 2293 476 2329 quod
491 2302 542 2330 nec
559 2294 732 2328 interpretem
750 2293 826 2328 fugit,
847 2301 900 2320 non

116 2337 146 2364 τὸ
161 2337 282 2372 atque;
296 2337 343 2364 seti
356 2335 387 2362 τὸ
402 2335 533 2368 ἀλιτενές,
544 2339 572 2362 ιιι
588 2335 658 2370 apud
672 2333 811 2369 Polybium
822 2335 900 2367 ιν,59

117 2380 151 2407 de
172 2386 221 2406 ora
244 2378 324 2406 Ponti
347 2378 400 2404 πᾶν
421 2377 443 2404 δ’
459 2377 534 2404 ἐστὶν
554 2376 684 2409 ἁλιτενές,
708 2376 758 2411 legi
783 2380 899 2411 oportet.

118 2421 214 2448 Simile
228 2420 324 2447 vitium
339 2427 354 2446 e
366 2418 500 2446 Strabone
516 2418 534 2445 Ι.
549 2425 610 2452 xnt,
623 2425 650 2453 p.
663 2417 725 2450 595,
739 2417 803 2445 eluit
823 2417 899 2445 Paul.

117 2462 270 2497 Leopardus
284 2461 425 2488 Emendal.
440 2468 476 2492 ιν,
494 2460 538 2487 15.

152 2504 218 2531 ibid.
245 2503 351 2534 Πόλεις
370 2501 429 2536 μγθ.
451 2501 521 2528 Olim
544 2501 699 2535 quingenta
725 2502 806 2529 urbes
829 2500 899 2529 Asiae

116 2544 288 2581 proconsulis
313 2543 495 2577 jurisdictioni
521 2547 600 2570 erant
628 2543 802 2576 contributtc;
828 2544 899 2570 unde

116 2586 233 2621 Agrippa
253 2585 323 2620 apud
343 2583 491 2618 Josephum
507 2584 537 2611 B.
554 2583 580 2611 l.
604 2592 634 2616 ιι,
648 2585 681 2611 16
695 2583 708 2619 §
723 2584 756 2611 ιε
773 2584 806 2610 Τί
829 2584 857 2611 δὲ
871 2585 899 2611 αἱ

117 2627 293 2654 πεντακόσιαι
315 2626 365 2661 τῆς
379 2626 471 2657 Ἀσίας
491 2626 602 2658 πόλεις
618 2625 678 2661 οὐχὶ
699 2625 759 2660 δίχα
779 2626 901 2661 φρουρᾶς

115 2671 163 2696 ἕνα
178 2668 377 2704 προσκυνοῦσιν
396 2667 517 2702 ἡγεμόνα
537 2667 584 2694 καὶ
606 2667 655 2699 τὰς
677 2667 812 2699 ὑπατικὰς
834 2667 902 2703 ῥάϐ-

114 2712 197 2743 δουςς
219 2716 331 2745 tumque
354 2710 380 2737 in
402 2709 492 2744 plures
508 2710 643 2744 descripta
660 2714 719 2736 erat
739 2715 900 2742 conventus,

116 2755 149 2780 de
167 2753 267 2787 quibus
287 2751 390 2779 Pliuith
413 2759 438 2784 v,
462 2752 507 2778 29.
526 2751 646 2778 Detniuui
670 2750 729 2784 ejus
753 2751 902 2786 amplitudo

115 2798 203 2828 empta
220 2799 272 2823 est.
299 2797 441 2827 postquam
469 2792 566 2820 vicinis
593 2793 738 2827 provinciis
757 2793 797 2820 sui
821 2794 901 2828 magi-

117 2840 218 2862 stratus
236 2839 300 2862 sunt
314 2835 444 2869 impositi,
467 2839 494 2862 et
516 2834 628 2861 alterius
641 2834 754 2868 imperio
775 2835 898 2870 subjecti.

120 2877 185 2904 Vide
202 2877 340 2905 Usscriuut
354 2877 386 2905 de
401 2877 463 2905 Asia
479 2884 603 2912 procons.
622 2883 648 2911 p.
663 2876 697 2903 52
709 2880 762 2904 etc.

513 162 705 194 COMMENT.
727 161 767 191 IN
785 157 991 190 HIEROCLIS
1009 158 1279 190 SYNECDEMUM.

1655 157 1731 191 IlOfi

987 213 1054 242 Ibid.
1083 215 1220 250 Ἔφεσος.
1250 215 1397 244 Provinciae
1431 219 1490 244 erat
1511 216 1684 251 metropolis;
1704 224 1733 248 et

951 264 1104 292 quanquam
1127 259 1190 285 olim
1217 265 1277 284 eam
1298 258 1356 285 urbi
1373 257 1529 292 dignitatem
1545 257 1642 285 vicinae
1663 258 1735 285 invi-

951 300 1063 332 debant,
1087 300 1120 327 ab
1136 301 1254 327 Antonio
1274 303 1362 326 tamen
1389 299 1551 333 imperatore
1577 300 1735 334 proconsuli

950 342 1099 368 necessitas
1129 341 1252 376 imposita
1282 345 1324 368 est
1348 348 1396 375 per
1422 347 1498 368 mare
1526 340 1662 374 applicare
1686 341 1734 368 aut

949 383 1004 409 τῶν
1034 383 1227 418 μητροπόλεων
1251 384 1369 418 Ἔφεσον
1395 383 1426 418 (ἰ.
1461 391 1485 410 c.
1513 382 1583 409 inter
1606 382 1733 410 matrices

950 425 1056 451 ttrbinm
1083 424 1230 458 Ephesum)
1250 425 1363 460 primam
1386 425 1521 460 attingere
1550 429 1579 451 ttt
1601 423 1734 459 Ulpiauus

950 466 970 492 Ι.
988 474 1024 497 tv,
1043 465 1057 501 ᾗ
1074 466 1090 493 5
1103 466 1134 493 ἰ).
1150 467 1183 494 de
1197 467 1266 494 oilic.
1285 466 1412 494 Proeons.
1430 465 1628 494 admonet.Nec
1644 470 1732 493 tamen

950 506 1085 541 Ephesum
1121 508 1268 542 imperator
1297 508 1418 544 Smyrnte
1449 512 1496 535 aut
1531 507 1661 542 Pergamo
1696 506 1733 533 ita

949 549 1094 584 praeposuit
1109 553 1139 576 ut
1161 557 1216 584 prm
1232 549 1282 577 illis
1299 550 1401 584 primas
1423 549 1544 577 auferret
1558 558 1565 577 :
1584 554 1687 577 tantum
1703 553 1733 576 ut

949 596 964 616 e
983 590 1177 625 metropolibus
1198 591 1343 625 provinciee
1357 591 1471 625 primum
1489 598 1548 618 eam
1571 591 1658 617 adiret
1673 590 1732 617 cdi-

950 633 1000 662 χιι,
1025 638 1057 659 ιιι
1081 632 1194 666 pulchre
1216 633 1413 660 detuonstravit
1436 632 1534 659 Ezecb.
1552 632 1733 666 Spanltemius

949 673 1064 700 Diuert.
1092 681 1118 701 ιιι
1148 675 1180 701 de
1211 673 1318 701 Unus!
1343 673 1438 701 Prwsl.
1465 674 1597 701 Numism.
1625 682 1650 708 p.
1669 674 1732 701 6H.

949 714 1080 749 Sequiore
1094 715 1200 742 detnum
1212 721 1290 743 :etate
1307 716 1417 750 τρυφῆς
1428 720 1470 742 est
1488 715 1616 747 antelata,
1632 715 1734 742 factus-

950 763 1004 790 que
1031 756 1089 790 ejus
1106 757 1248 791 episcopus
1264 758 1369 785 Asiana:
1385 757 1533 784 dioeceseos
1547 757 1691 790 exarclius,
1707 761 1734 783 ct

946 800 1007 831 jure
1023 799 1130 832 quidem
1161 798 1360 830 Patriarcltico,
1384 799 1453 833 apud
1471 799 1614 833 Evagrium
1636 798 1673 826 11.
1701 798 1733 826 E.

950 847 993 871 ιιι,
1008 840 1034 867 6.
1050 840 1125 866 Adde
1140 839 1282 867 Usserium
1300 841 1333 866 de
1346 840 1408 867 Asia
1426 839 1553 866 Pramus.
1573 849 1599 874 p.
1616 839 1660 866 49.

985 881 1051 909 Ibid.
1071 881 1166 909 ’Eréa.
1194 881 1290 909 ‘Avala
1314 889 1406 909 verum
1430 882 1530 916 oppidi,
1555 882 1627 916 quod
1647 881 1734 909 Cariae

949 923 1111 951 Ptolemzeus
1130 928 1158 950 et
1182 923 1345 958 Stephanus,
1363 923 1460 958 Scylax
1479 923 1568 958 Lydia:
1588 923 1659 950 circa
1676 923 1733 949 Ma-

951 965 1071 1001 gnesiam
1088 965 1221 998 attribuit,
1246 972 1393 999 cognomen
1414 969 1481 992 erat.
1498 964 1604 991 Soticus
1631 964 1733 995 πόλεως

951 1007 1060 1038 Ἀναίας
1075 1007 1145 1034 inter
1159 1007 1228 1034 Asiae
1240 1008 1380 1041 episcopos
1393 1006 1603 1033 Cbalcedonensi
1618 1006 1734 1033 concilio

950 1057 978 1084 ρ.
1000 1049 1056 1076 675
1076 1048 1240 1081 subscribit,
1261 1048 1376 1076 concilio
1395 1056 1459 1074 vero
1483 1047 1626 1082 Cpoiitanu
1654 1049 1734 1076 tertio

950 1099 978 1126 p.
1001 1090 1053 1118 666
1081 1090 1200 1118 Joannes
1222 1090 1370 1122 ἐπίσκοπος
1392 1090 1491 1116 ’Δνέων
1520 1090 1570 1125 τῆς
1602 1090 1733 1117 ’Λσιανῶν

950 1133 1095 1167 ἐπαρχίας,
1113 1132 1160 1166 qui
1179 1140 1206 1167 p.
1223 1131 1274 1160 500
1287 1134 1336 1165 τῆς
1351 1130 1486 1159 Ἀνεατῶν
1508 1131 1611 1163 πόλεως
1624 1131 1732 1160 dicitur.

951 1174 1037 1201 Prave
1050 1182 1115 1208 ergo
1131 1174 1156 1200 in
1175 1173 1290 1202 concilio
1306 1173 1404 1207 Ephes.
1424 1181 1450 1208 p.
1463 1173 1516 1200 665
1531 1173 1666 1201 Modestus
1681 1173 1734 1201 fer-

950 1220 995 1242 tttr
1008 1216 1058 1250 τῆς
1083 1215 1182 1242 ’Λνέων
1198 1215 1301 1246 πόλεως
1321 1215 1370 1249 τῆς
1387 1214 1508 1250 Φρυγίας
1528 1219 1554 1241 et
1571 1222 1597 1249 p.
1619 1215 1670 1242 527
1684 1216 1733 1250 τῆς

951 1256 1064 1283 Νεατῶν
1090 1256 1194 1287 πόλεως
1218 1255 1326 1290 praesul.
1349 1255 1428 1291 Apud
1447 1255 1613 1290 Stephanum
1636 1257 1734 1290 gentili.

951 1306 1048 1326 nomen
1066 1303 1108 1326 est
1121 1298 1226 1329 Ἀναῖος
1238 1302 1265 1324 et
1280 1296 1415 1332 ’Λναῖτηςι
1432 1298 1465 1324 ad
1478 1305 1559 1333 quam
1576 1298 1689 1331 formam
1702 1306 1735 1325 ea

951 1348 1010 1375 qua:
1025 1340 1139 1375 produxi
1157 1339 1236 1367 facile
1249 1339 1430 1374 corrigentur.
1579 1337 1600 1355 ν

986 1388 1054 1416 Ibid.
1077 1388 1239 1423 Μαγνησία
1259 1387 1423 1421 Μεὰνὸρου.
1445 1386 1568 1414 Nummis
1590 1387 1735 1422 Μαγνησία

952 1430 1052 1465 ήπρδς
1074 1429 1113 1466 τῷ
1133 1429 1293 1465 Μαιάνδρῳ,
1316 1429 1431 1457 concilio
1453 1429 1594 1463 Cpolitauo
1614 1430 1693 1456 tertio
1708 1437 1733 1463 p.

952 1471 1005 1499 666
1033 1472 1188 1506 Μαῐνήτων
1223 1472 1239 1506 ἡ
1270 1470 1608 1507 Πρωτομαιανδροὺπολις.
1637 1471 1736 1498 Aberat

952 1514 1022 1541 haud
1048 1514 1162 1541 ntultum
1187 1513 1301 1548 Epheso.
1331 1513 1396 1540 Vide
1419 1513 1517 1540 Ezecb.
1541 1513 1735 1547 Spunhemium

953 1555 1065 1582 Diuerl.
1079 1563 1105 1582 ιι
1123 1555 1155 1582 de
1170 1553 1235 1582 Usu.
1252 1559 1275 1581 et
1292 1553 1385 1582 Pra’st.
1401 1553 1535 1581 Numism.
1552 1562 1578 1588 p.
1595 1553 1658 1581 656.

987 1603 1055 1630 Ibid.
1078 1603 1229 1637 Τράλλεις.
1244 1602 1337 1637 Neque
1350 1601 1407 1629 haec
1419 1601 1497 1636 longe
1512 1601 1619 1636 Epheso
1633 1605 1737 1629 remota

952 1645 1012 1672 fuit.
1026 1643 1141 1672 Oracula
1164 1653 1224 1680 quae
1246 1644 1354 1679 Sibylla:
1369 1647 1479 1678 accepta
1501 1643 1633 1674 feruntur.
1648 1643 1668 1670 Ι.
1686 1651 1734 1671 ut:

951 1687 1069 1722 Τράλλις
1091 1686 1125 1714 δι’
1149 1688 1166 1722 ἡ
1193 1686 1292 1721 γείτων
1320 1685 1434 1720 Ἐφέσου
1461 1685 1567 1720 σεισμῷ
1589 1685 1737 1713 καταλύσει

951 1729 1055 1764 τείχεα.
1072 1728 1188 1756 Dubiqu
1207 1733 1297 1756 autem
1322 1733 1374 1761 est,
1399 1727 1514 1754 fueritne
1535 1727 1671 1754 Maaandro
1690 1727 1737 1754 ad-

952 1775 1066 1798 structa.
1091 1769 1245 1804 Stephanus
1273 1768 1413 1797 affirmat:
1435 1767 1590 1802 negantium
1615 1768 1738 1803 partibus

952 1812 1051 1839 Strabo
1063 1812 1167 1838 accedit
1180 1812 1200 1839 l.
1215 1819 1271 1844 xiv,
1285 1819 1311 1845 p.
1325 1810 1394 1843 648;
1409 1811 1453 1838 cui
1469 1809 1612 1837 WIICIL'I'IIS
1627 1817 1737 1836 nurnum

952 1852 1174 1880 ΤΡΔΛΛΙΔΝΩΝ
1191 1853 1298 1880 nomine
1311 1852 1469 1885 inscriptum
1481 1855 1509 1878 et
1521 1851 1610 1878 amnis
1624 1851 1736 1885 figuram

952 1894 1139 1928 praeferentem
1160 1893 1253 1920 Itiner.
1270 1901 1299 1928 p.
1321 1892 1374 1920 288
1389 1891 1509 1927 opponit.
1527 1891 1583 1928 Nec
1601 1891 1624 1919 is
1647 1895 1736 1919 tamen

953 1935 1035 1963 ﬂuvio
1060 1935 1218 1962 accubuisse
1235 1934 1370 1962 Nicandro
1393 1934 1564 1968 probaverit,
1586 1938 1642 1960 tum
1666 1933 1737 1967 quod

953 1977 1028 2005 numi
1043 1977 1155 2004 subinde
1168 1975 1288 2008 fluuium,
1301 1976 1346 2010 qui
1359 1976 1434 2003 urbis
1447 1983 1540 2010 agrum
1555 1975 1635 2006 radit,
1647 1980 1740 2002 osten-

954 2025 1021 2051 tent,
1049 2024 1078 2046 ut
1102 2018 1281 2046 Nicaeusium
1304 2026 1384 2045 amne
1410 2017 1503 2052 Sagari
1527 2016 1656 2052 insignes.
1682 2021 1737 2044 tum

954 2062 1072 2088 maxime
1086 2060 1158 2095 quod
1174 2060 1248 2087 nntni
1268 2060 1326 2094 ejus
1339 2058 1437 2087 ﬂumen
1454 2059 1539 2093 possit
1555 2066 1615 2086 esse
1632 2058 1739 2086 Eudou.

953 2110 1034 2137 quem
1051 2102 1123 2129 circa
1138 2101 1337 2129 Trallianorum
1353 2101 1446 2128 urbem
1463 2099 1610 2128 deﬂuxisse
1625 2100 1738 2135 Etymo-

953 2144 1030 2178 logus
1046 2151 1106 2170 cunt
1123 2142 1209 2170 Plinio
1225 2142 1314 2170 docet.

988 2191 1056 2219 Ibid.
1072 2192 1190 2218 Νύσσα.
1213 2190 1292 2217 Νύσα
1316 2190 1441 2217 Straboni
1466 2193 1546 2223 atque
1571 2189 1641 2217 aliis.
1661 2190 1736 2217 Actis

953 2234 1057 2262 concilii
1073 2233 1209 2267 Eplusint',
1225 2239 1252 2268 p.
1270 2231 1320 2259 527
1336 2231 1483 2259 subscribit
1498 2231 1654 2258 Theodotus
1676 2232 1735 2265 epi-

953 2283 1053 2309 scopus
1070 2274 1193 2309 Μνάσης,
1217 2274 1262 2308 qui
1287 2272 1380 2306 Νύσης
1404 2272 1464 2300 fuit.
1488 2271 1635 2299 Nocetqu
1659 2272 1737 2303 πόλις

952 2316 1069 2345 concilio
1082 2315 1288 2349 Coustantinop.
1302 2315 1393 2347 tertio,
1409 2321 1434 2347 ιι.
1449 2313 1511 2341 661.

988 2365 1057 2392 Ibid.
1073 2364 1235 2399 IIplovMa.
1262 2363 1377 2398 Βρίουλα
1401 2366 1577 2397 oportuerat,
1607 2365 1638 2388 ιιι
1665 2361 1736 2395 apud

954 2406 1113 2435 Strabonem
1128 2406 1161 2433 Η
1176 2414 1202 2440 p.
1217 2405 1269 2432 650
1282 2409 1309 2432 et
1325 2405 1350 2432 in
1366 2404 1471 2439 egregio
1488 2403 1614 2430 Tltemur.
1629 2402 1734 2429 Britan.

954 2455 1020 2477 ιοιιι.
1039 2448 1072 2481 II,
1093 2456 1120 2483 p.
1145 2448 1196 2475 I03
1212 2446 1440 2474 ΒΙῚΟΥΛΕΙΤΩΝ
1467 2452 1558 2472 nnmo.
1575 2444 1645 2472 Idem
1662 2444 1737 2471 alIIr-

953 2491 1069 2519 maverit
1085 2490 1200 2517 Rufinus
1214 2490 1356 2524 episcopus
1368 2488 1471 2519 πόλεως
1482 2486 1618 2523 Βριούλων
1632 2486 1736 2513 Νἱεωιι.

951 2532 1051 2561 concil.
1068 2539 1123 2559 sec.
1140 2531 1201 2559 549.
1214 2530 1324 2564 Corrige
1335 2537 1409 2564 ergo.
1429 2537 1507 2563 quem
1521 2529 1547 2555 in
1563 2527 1635 2555 Actis
1651 2526 1738 2562 Ephe-

951 2575 1003 2602 sin.
1026 2582 1053 2608 p.
1071 2573 1123 2600 528
1145 2573 1282 2607 reperies,
1302 2570 1482 2607 Bapzouittrdtv
1502 2570 1654 2604 praesulem.
1672 2569 1737 2602 Quae

953 2616 1078 2651 sequitur
1093 2613 1241 2645 Mastaura,
1262 2621 1276 2640 a
1294 2613 1428 2640 Strabone
1445 2611 1583 2646 Stephano
1598 2616 1625 2638 et
1643 2612 1737 2639 conci-

953 2657 1052 2684 liorum
1068 2655 1141 2684 Actis
1155 2661 1225 2689 saepe
1237 2659 1413 2681 memoratur.

986 2705 1054 2733 Ibid.
1082 2704 1228 2732 Ἀνίνετα.
1253 2702 1391 2738 ’Δνίνητον
1419 2701 1524 2728 videtur
1550 2705 1679 2736 praestare
1705 2702 1739 2728 ob

952 2747 1127 2775 Theodorum
1144 2745 1300 2781 episcopum
1315 2744 1455 2779 ’Λνινήτου
1473 2743 1498 2769 in
1515 2742 1651 2777 Ephesino
1665 2750 1691 2770 c.
1711 2751 1738 2778 p.

951 2790 1014 2823 466,
1025 2790 1088 2816 licet
1103 2795 1184 2823 prave
1201 2795 1226 2822 p.
1243 2786 1294 2813 528
1305 2785 1486 2821 ’Λνηνυσσίων
1500 2789 1610 2812 vocetur
1624 2785 1718 2819 prmsnl
1731 2793 1738 2812 ;

953 2833 1055 2860 Mallius
1072 2831 1143 2857 enim
1160 2829 1300 2864 ’Δνινήτου
1316 2828 1535 2855 Chalcedonensis
1553 2835 1624 2853 conc.
1648 2834 1673 2860 p.
1687 2826 1741 2854 522

954 2874 1018 2902 illud
1037 2881 1084 2900 sua
1106 2872 1304 2906 subscriptione
1321 2872 1419 2904 iirtnat,
1442 2868 1617 2905 quantumvis
1634 2876 1660 2903 p.
1676 2867 1738 2900 διςι,
