1911 3071
151 121 221 154 1107

149 178 298 209 ἐπίσκοπος
315 176 419 208 πόλεως
432 175 574 212 Ἀνηρίτου
594 175 647 204 dici
663 176 797 204 videatur.
821 175 858 204 De
878 175 932 203 situ

150 220 215 247 nihil
235 219 358 246 Iinivero.

186 261 246 288 Col.
258 260 318 288 H5.
337 260 460 293 ’Υπητα.
470 259 608 291 "Teuma,
618 259 689 287 unde
697 258 822 287 Julianus
832 257 934 292 episeo-

147 310 197 336 pm
212 301 465 333 πόλεως’Υπαίπων
479 300 505 328 in
516 299 675 328 Chalcedon.
688 300 792 335 synodo
807 307 833 334 p.
846 298 898 326 665
907 303 935 326 et

147 343 281 370 Antonius
303 342 480 378 ’Υπαιπηνῶν
504 342 607 373 πόλεως
626 348 703 369 conc.
725 340 932 373 Constantinop.

148 389 210 411 tert.
231 391 258 416 p.
278 383 348 417 500;
365 384 436 418 quod
463 384 597 418 posterius
622 390 692 417 saepe
708 382 736 409 in
756 382 844 409 uumis
861 381 932 415 apud

147 425 315 453 Ilarduinum
344 425 516 453 Vaillantium
539 429 567 452 et
591 423 732 460 Ilaymium
756 423 931 458 conspicitur.

146 467 279 502 prItIllln
309 466 404 494 Tmolo
432 466 594 494 accnbabat.
611 465 731 502 .Ovidins
755 464 930 497 Metamorph.

146 516 185 541 ιιι,
212 508 282 536 I50:
298 516 359 535 nam
384 507 454 535 freta
477 507 645 542 prospiciens
668 506 721 533 late
744 506 812 541 riget
832 506 932 533 arduus

145 549 201 576 alto
215 549 326 577 Tmolus
338 549 365 576 in
382 550 530 581 adscensu;
544 548 668 582 clivoque
679 551 805 574 extentus
818 550 933 582 utroque

147 589 278 618 Sardibus
294 591 367 622 hinc.
381 590 454 617 illine
473 589 564 624 parvis
582 589 674 616 linitur
691 587 825 623 Hypaepis.

182 632 249 659 Ibid.
269 631 485 665 Ἀδρισὺπολις.
500 630 599 658 Verum
625 637 687 657 esse
707 628 931 664 ’Δρκαδιούπολις

146 673 297 701 Alexander
306 672 554 708 ’Λρκαδιουπόλεως
561 672 610 707 τῆς
619 671 712 703 Ἀσίας
722 671 821 698 concil.
831 670 930 706 Ephes.

148 722 174 748 p.
190 713 244 742 465
262 719 288 742 et
305 714 356 742 528
374 714 527 747 testabitur,
549 713 594 748 qui
619 713 641 740 si
659 719 770 745 nomen,
787 719 841 746 quo
865 712 932 740 urbs

148 761 227 784 antea
241 756 328 783 fuerat
340 763 401 789 usa,
415 755 592 790 apposuisset,
605 755 664 789 ejus
675 754 765 782 sedem
779 760 860 789 quam
875 753 930 780 fru-

146 802 202 824 slra
218 797 393 831 vestigamus.
411 798 504 824 eadem
523 803 604 830 opera
623 795 781 823 indicasset.

181 839 249 866 Ibid.
270 839 336 871 Διὺς
351 837 433 872 ἱεροῦ
446 838 501 865 imo
523 837 605 873 ἱερὸν,
632 836 713 864 Ioniae
732 836 869 864 Lebedum
888 835 930 863 in-

146 885 188 908 tcr
212 884 239 908 et
266 880 448 913 Colophonem
478 880 550 914 apud
588 878 756 913 Stephanum
783 878 929 913 oppidum:

147 929 243 948 numos
266 921 486 948 AIOCIEPITQN
512 920 593 948 habet
626 920 796 951 Harduinus,
824 919 868 954 qui
897 926 929 946 ex

148 963 264 991 concilio
276 963 484 998 Constantinop.
499 964 579 992 tertio
594 972 620 999 p.
632 964 683 991 500
695 972 708 990 e
719 960 739 989 ιζ
752 964 850 991 Labhei
863 963 931 997 Χρι-

150 1004 292 1032 στούπολιν
307 1005 434 1040 deinceps
449 1005 532 1033 fuisse
547 1013 599 1033 non
613 1005 754 1040 praeteriit.

185 1047 252 1073 Ibid.
274 1045 379 1077 Εὔαζα.
390 1046 533 1074 Liberatus
542 1046 676 1074 Diaconus
689 1045 809 1073 Breciar.
819 1052 845 1072 e.
858 1052 906 1072 χιιι
921 1054 928 1072 :

149 1087 228 1114 Noua
244 1091 345 1121 quoque
367 1087 516 1115 Secrclurio
533 1092 594 1114 acta
607 1091 644 1114 ut
661 1087 741 1119 actio,
760 1086 806 1113 ubi
822 1085 931 1113 Bassia-

148 1136 209 1160 nus,
230 1129 275 1164 qui
299 1129 332 1154 ad
350 1130 482 1156 civitatem
499 1128 672 1155 Evazentium
695 1128 830 1161 cpiscopus
856 1127 929 1154 ordi-

146 1175 225 1196 natus
249 1174 298 1200 est,
324 1174 348 1196 et
366 1169 491 1197 Ecclesia:
506 1169 660 1196 incubuerat
675 1168 824 1203 Ephesium.
844 1168 928 1201 Quam

147 1211 284 1238 civitatem
303 1218 351 1237 cur
370 1212 395 1238 in
414 1210 554 1238 Labbeana
571 1210 689 1238 editione
708 1210 825 1237 asterica
851 1214 930 1237 nota-

147 1253 213 1286 rint,
227 1260 336 1280 causam
353 1260 406 1280 non
421 1253 519 1280 video:
534 1252 602 1279 bene
616 1251 688 1279 enim
709 1251 799 1278 omnia
817 1251 927 1278 habent.

147 1294 247 1321 Fuerat
259 1294 403 1322 Bassianus
416 1293 515 1321 invitus
525 1293 636 1325 Εὺάζων
648 1292 751 1320 civitati
763 1300 778 1320 a
787 1291 929 1320 Memnone

147 1335 264 1370 Ephesio
281 1335 423 1370 episcopus
442 1335 587 1369 impositus
617 1343 625 1362 ε
653 1334 794 1361 Memnone
819 1338 846 1360 et
869 1333 929 1368 ejus

147 1384 305 1404 successore
317 1376 415 1403 Basilio
430 1376 486 1403 fato
495 1375 594 1403 functis
606 1375 675 1402 idem
684 1375 792 1409 Epheso
805 1379 847 1402 est
861 1381 928 1409 pre-

148 1419 270 1453 positus;
283 1425 344 1453 quae
357 1418 447 1445 omnia
462 1417 549 1445 fusius
562 1417 668 1445 concilii
680 1416 845 1445 Chalcedon.
861 1416 927 1443 Acta

146 1465 213 1487 tom.
232 1459 266 1486 IX
287 1467 313 1494 p.
328 1459 353 1487 7.
367 1458 398 1486 L.
412 1459 580 1487 IIolsteinius
609 1459 634 1486 in
665 1458 727 1486 Car.
749 1465 764 1485 a
795 1456 825 1485 S.
844 1457 928 1485 Paulo

148 1501 245 1537 Geogr.
262 1501 292 1529 S.
318 1501 370 1529 huc
396 1501 480 1528 refert
496 1500 588 1528 Basilii
604 1500 683 1534 epist.
698 1499 749 1528 25I
769 1507 830 1527 nov.
847 1500 926 1532 edit.,

147 1544 204 1574 τοῖς
216 1544 379 1578 Εὐαισηνοῐς
390 1543 556 1577 inscriptam.
569 1546 716 1576 auctorque
728 1546 770 1569 est
784 1545 812 1568 ut
822 1541 929 1576 Εὑαζη-

148 1586 203 1616 νοϊς
221 1584 335 1620 Iegatur.
352 1583 428 1616 Mihi,
444 1591 511 1618 pace
526 1583 585 1618 ejus
600 1583 724 1614 dixerim,
740 1582 791 1610 alia
809 1588 850 1610 est
865 1590 928 1610 sen-

149 1625 245 1653 tentia.
266 1624 294 1652 In
311 1624 403 1652 Basilii
418 1624 499 1659 epist.
519 1623 571 1651 278
585 1623 689 1659 Εῦησος
704 1623 809 1651 Euesus
822 1624 927 1659 Cappa-

147 1667 232 1694 docia:
245 1666 385 1694 montibus
405 1666 538 1701 proxima,
555 1671 584 1693 ut
605 1672 637 1692 ex
658 1665 729 1693 serie
749 1665 869 1700 epistola
883 1673 929 1694 co-

147 1707 451 1742 gnoscas.invenitur;
481 1707 562 1742 huius
596 1707 692 1735 incolis
729 1707 839 1735 missam
867 1714 926 1735 eam

146 1749 289 1784 epistolam
301 1749 429 1782 arbitror,
445 1753 642 1784 proptereaque
654 1749 814 1784 Εὐησηνοῖς,
833 1749 929 1784 praeei-

148 1798 201 1825 pue
214 1791 284 1825 quod
300 1790 450 1825 posteriore
469 1790 495 1817 in
511 1790 624 1823 epistola
639 1797 720 1817 manu
735 1790 840 1817 exarati
852 1790 928 1818 codi-

147 1840 205 1865 ces.
220 1840 272 1859 non
284 1833 347 1860 item
361 1834 461 1868 priore,
484 1833 511 1859 in
528 1831 648 1860 vocabuli
663 1832 798 1867 scriptura
814 1839 928 1860 consen-

149 1875 200 1901 tire
213 1874 364 1906 videantur,
385 1878 515 1909 praeopto.

184 1915 252 1944 Ibid.
277 1915 409 1949 Κολοσή.
433 1915 512 1942 Manu
533 1914 637 1943 exarati
663 1914 772 1943 codices
795 1915 928 1948 Κολοασὶς

147 1956 295 1993 prrcferunt
312 1965 319 1984 :
335 1964 386 1992 ego
409 1960 536 1985 neutrum
557 1955 718 1991 probavero,
744 1958 849 1984 tametsi
875 1965 929 1992 quo

147 2006 213 2028 vero
225 2000 336 2027 nomine
350 1998 432 2025 fuerit
446 2005 497 2032 pro
509 2003 650 2033 comperto
665 1998 784 2026 nondum
802 1998 928 2026 habeam.

147 2040 176 2068 In
197 2040 267 2067 binis
280 2039 338 2067 Jac.
353 2038 426 2067 Goer
441 2038 551 2066 Notitiis
566 2038 636 2066 inter
658 2039 729 2066 Asiae
746 2039 874 2073 praesules
887 2044 929 2067 est

146 2083 161 2109 ὸ
182 2081 302 2115 Καλόης,
319 2080 520 2114 subscribitque
541 2078 651 2108 Niceno
673 2080 793 2107 secundo
812 2081 928 2109 concilio

145 2122 226 2158 p.50.
239 2122 292 2150 550
301 2127 382 2156 atque
391 2121 453 2149 alibi
466 2121 647 2156 Theophanes
658 2121 809 2154 ἐπίσκοπος
819 2122 929 2157 Καλόης

145 2168 172 2192 ct
184 2171 211 2199 p.
227 2163 279 2191 l53
301 2163 430 2191 mendose
444 2162 571 2197 Κάλπης.
596 2162 705 2190 Diceres
731 2162 822 2197 itaque
835 2163 927 2199 Καλόη

142 2206 246 2241 justum
264 2212 325 2233 esse
342 2205 417 2232 urbis
433 2204 549 2236 titulum.
576 2204 628 2232 nisi
649 2204 801 2238 Aphobius,
822 2205 868 2239 qui
882 2212 928 2240 sy-

146 2247 218 2275 nodo
235 2246 380 2282 Ephesioae
403 2245 499 2279 adfuit,
517 2245 676 2278 eontrairet,
699 2250 726 2272 et
750 2253 780 2273 se
802 2246 928 2278 Κολῶνος

146 2296 173 2323 ιι.
185 2288 240 2315 465
261 2288 318 2315 sive
331 2286 461 2321 Κολώνης
482 2294 507 2321 p.
525 2286 577 2314 528
591 2291 648 2318 aut,
673 2287 744 2320 quod
762 2294 830 2314 mss.
849 2288 926 2320 dant,

144 2329 250 2365 Κολόης
275 2329 433 2366 episcopum
457 2328 544 2356 fuisse
571 2332 732 2361 testaretur;
757 2329 801 2356 cui
832 2328 928 2357 ultimo

145 2377 243 2400 caetera
259 2376 462 2408 postponerem,
478 2370 571 2403 illique
585 2377 682 2397 nomen
700 2370 806 2398 venisse
822 2370 928 2399 aColoe

147 2415 205 2442 lacu
218 2414 288 2441 hami
300 2412 413 2440 multum
424 2420 438 2439 a
449 2412 579 2439 Sardibus
589 2411 659 2444 apud
671 2410 834 2442 Strabonem
847 2412 865 2439 I.‘
876 2420 926 2440 xitt

144 2459 172 2487 ι).
198 2455 262 2489 626,
282 2455 305 2482 si
329 2453 473 2482 aberrandi
498 2457 586 2482 metus
601 2452 719 2484 abesset.
746 2459 925 2483 autumarem.

142 2497 274 2532 Quamvis
294 2502 384 2524 autem
409 2495 442 2522 de
465 2495 540 2522 urbis
560 2493 668 2521 nomine
692 2494 821 2530 pleraque
846 2496 927 2525 dubia

144 2540 211 2572 sint,
225 2546 279 2566 non
294 2537 395 2574 poterit
411 2536 475 2565 Car.
492 2544 508 2564 ιι
529 2536 558 2564 S.
585 2535 669 2564 Paulo
687 2537 876 2573 negligentiam
898 2539 925 2566 in

145 2590 177 2610 ea
193 2580 383 2615 praetereunda
397 2586 539 2608 excusare.

182 2623 252 2651 Ibid.
279 2621 402 2656 Ἁλτίζα.
417 2621 474 2648 Hoc
492 2620 558 2647 Acta
571 2619 678 2648 concilii
695 2620 794 2648 Nirmni
815 2622 926 2648 secundi

144 2672 171 2699 p.
189 2664 242 2692 155
261 2669 343 2698 alque
364 2663 439 2695 alibi.
456 2663 554 2697 quibus
571 2662 626 2689 Leo
641 2662 789 2694 ἐπίσκοπος
798 2662 928 2697 Ἀλγίζων

146 2714 244 2734 nomen
266 2705 422 2739 adscripsit,
440 2704 596 2732 firmabant.
613 2703 640 2730 lu
658 2704 822 2732 Chalcedon.
842 2713 868 2738 p.
892 2706 927 2733 96

143 2748 255 2775 habebis
280 2747 405 2774 Proclum
421 2745 551 2780 Ἀργίζης
566 2751 594 2772 et
612 2754 638 2780 p.
653 2745 705 2773 598
728 2746 872 2781 Ἀργίζων.
891 2747 928 2774 De

141 2789 200 2823 ejus
217 2793 244 2815 et
260 2788 407 2821 Nicopolis,
425 2795 506 2821 quam
526 2787 625 2814 frustra
652 2794 755 2822 quatro,
772 2789 836 2820 situ,
858 2787 925 2816 Sce-

141 2830 230 2864 ptiees
242 2829 372 2862 imitatus,
389 2829 454 2856 nihil
467 2828 590 2856 Iiuii'ero.

656 119 846 151 ADDENDA.
861 129 897 138 -
915 119 949 150 Ρ.
968 117 1226 150 WESSELINGII

1698 115 1789 148 1108

1026 173 1093 201 linit.
1107 173 1223 202 Παλαιὰ
1232 173 1330 206 πόλις,
1346 172 1474 201 Eamdem
1489 179 1551 201 esse
1569 172 1663 200 volunt
1673 180 1704 199 ac
1717 173 1786 199 tta-

985 216 1064 244 λαιὰν
1075 215 1267 247 κιτοικίαν,¹άε
1275 222 1328 249 qua
1339 214 1489 243 I303tadiis
1497 215 1531 242 ab
1539 215 1656 242 Anderis
1668 220 1787 241 remota

985 257 1085 284 Strabo
1099 257 1117 284 l;
1134 265 1184 284 χιιι
1194 264 1221 292 p.
1234 256 1298 290 6H,
1314 257 1394 284 dubia
1408 262 1498 284 tamen
1511 256 1669 291 conjectura
1682 265 1690 283 :
1703 264 1783 283 nam

985 298 1112 324 Παλαιῶν
1127 297 1227 333 praesul
1246 297 1273 324 in
1297 297 1406 325 Nicamo
1431 297 1552 325 secundo
1577 304 1604 330 p.
1634 297 1665 324 5|
1698 297 1785 324 inter

985 339 1186 374 IIeIlespontios
1202 339 1350 366 subscribit
1371 343 1399 366 et
1411 347 1426 366 a
1442 338 1652 373 Palaepolitano
1669 338 1784 365 distin-

984 381 1086 415 guitur.
1110 380 1175 414 Ejus
1197 380 1317 415 episcopi
1339 380 1367 407 in
1382 379 1559 407 conciliorum
1587 379 1664 407 Actis
1695 387 1780 414 saepe

983 422 1055 450 obvii
1067 426 1141 450 sunt.
1154 422 1217 449 Vide
1225 420 1362 449 Nicaanum
1374 421 1522 450 secundum
1536 429 1563 457 p.
1577 421 1628 449 I55
1639 425 1666 448 et
1680 421 1782 456 Ephe-

984 464 1073 491 sinum
1087 471 1114 498 p.
1129 463 1194 491 457.

1019 505 1087 533 Ibid.
1097 505 1238 539 Βαρέττα.
1249 505 1412 533 Constahilit
1422 505 1508 532 hocce
1519 504 1609 540 oppidi
1618 512 1778 539 cognomen

982 547 1102 575 Joannes
1131 547 1276 582 Βαριττῶν
1300 547 1445 580 episcopus
1473 546 1500 573 in
1535 546 1611 573 Actis
1637 546 1777 574 Cbalced.

982 596 1010 624 p.
1027 589 1090 616 675.
1106 588 1233 623 Bapérwv
1248 589 1346 623 praesul
1361 593 1402 615 est
1419 588 1445 615 in
1462 587 1670 622 Constantinop.
1685 587 1776 614 tertio

983 638 1010 665 p.
1023 630 1075 658 667
1095 635 1122 658 et
1138 629 1250 658 Niceno
1265 629 1384 657 secundo
1401 636 1429 663 p.
1445 628 1508 656 £55.

1017 675 1084 703 Ibid.
1099 676 1215 704 Αὐλίου
1230 676 1327 709 Κὼμη.
1339 675 1458 702 Thomas
1471 674 1576 706 πόλεως
1589 674 1688 701 Αὑλῑου
1704 674 1775 702 Κώ-

983 725 1037 752 μης
1050 722 1093 744 est
1107 718 1134 744 in
1151 717 1315 745 Chalcedon.
1328 716 1445 743 concilio
1459 724 1486 750 p.
1503 715 1538 743 96
1551 720 1579 742 et
1592 716 1656 744 675.

1017 759 1084 787 Ibid.
1096 759 1230 793 Νεαύχη.
1239 759 1296 785 Νέα
1305 758 1379 792 Αὐλὴ
1391 761 1549 792 oportuerat
1561 756 1596 784 ob
1612 757 1772 792 Philippum

981 799 1053 830 Νέας
1067 800 1157 834 Αὐλῆς
1175 802 1201 827 in
1221 800 1348 827 Chalced.
1362 806 1441 826 conc.
1457 806 1483 834 p.
1498 798 1543 830 96,
1561 799 1606 833 qui
1623 805 1773 831 perperam

981 847 1008 876 p.
1030 840 1082 868 675
1096 841 1241 876 Μεναύλης
1266 846 1293 867 et
1311 841 1336 867 in
1357 840 1450 866 Latina
1469 840 1596 867 versione
1623 839 1773 871 Naulochi,

981 883 1054 910 unde
1068 882 1130 910 Car.
1146 890 1172 911 a.
1193 882 1223 909 S.
1248 882 1330 909 Paulo
1353 881 1521 908 Naulochum
1540 880 1655 908 urbibus
1681 881 1773 912 Asize,

981 924 1080 958 quibus
1097 923 1160 950 olim
1176 924 1318 958 episropus
1332 923 1426 953 fuerit.
1445 922 1587 949 adstrinxit.

1016 964 1082 993 Ibid.
1103 965 1259 999 Κολοφὼν.
1278 965 1404 991 Emman.
1422 963 1641 991 Schelstratenus
1657 968 1683 990 et
1694 963 1769 990 Ans.

980 1007 1134 1034 Bandurius
1144 1006 1292 1041 Colophoni
1305 1006 1459 1032 arctissime
1470 1005 1671 1040 Μητροπόλεως
1684 1012 1772 1031 voca—

981 1047 1072 1075 bulum
1082 1047 1251 1081 astringunt;
1261 1054 1312 1082 qua
1322 1047 1428 1073 ratione
1437 1046 1575 1080 Colophon
1591 1046 1764 1079 metropolis,

980 1089 1131 1124 cujusmodi
1145 1096 1199 1116 non
1216 1088 1277 1121 fuit,
1298 1093 1416 1118 creatur.
1433 1086 1570 1121 Ioniwque
1586 1087 1651 1114 urbs
1664 1086 1766 1114 Metro-

979 1131 1050 1164 polis
1068 1138 1182 1166 prorsus
1202 1130 1367 1165 pratteritur.
1385 1130 1495 1157 [tectius
1516 1129 1608 1163 itaque
1622 1129 1738 1156 Carolus
1751 1137 1768 1156 a

980 1172 1009 1200 S.
1024 1172 1109 1200 Paulo
1122 1172 1259 1200 distinxit.
1275 1171 1358 1198 Abest
1373 1171 1526 1204 Colophon.
1543 1171 1564 1197 si
1591 1176 1664 1197 recta
1688 1171 1770 1198 navi-

980 1221 1037 1249 ges,
1050 1213 1157 1249 Epheso
1171 1213 1265 1241 stadiis
1280 1213 1326 1245 70,
1340 1212 1473 1240 Strabone
1487 1216 1555 1240 teste
1566 1212 1584 1239 I.
1600 1220 1645 1239 xiv
1658 1219 1684 1246 p.
1699 1212 1767 1244 M5.

981 1260 1037 1288 aut,
1050 1260 1080 1282 ut
1094 1254 1245 1289 Xenophon
1260 1254 1393 1288 Ephesius
1411 1254 1429 1281 |.
1447 1262 1454 1281 ι
1468 1262 1495 1288 p.
1514 1254 1541 1284 8.
1560 1255 1653 1281 stadiis
1666 1253 1710 1281 80.

1015 1296 1286 1331 IbidJiInrpdathc.
1300 1294 1685 1329 NulniEMHTPOIIOAEITON
1696 1294 1768 1321 ΤΩΝ

980 1336 1025 1363 ΕΝ
1041 1336 1134 1364 ΙΩΝΙΔ
1145 1340 1173 1363 et
1184 1333 1254 1366 οἶνος
1266 1335 1475 1370 Μητροπολίτης
1492 1334 1634 1362 Strabonis
1649 1334 1666 1361 I.
1676 1342 1722 1361 xiv
1737 1343 1764 1368 p.

980 1377 1050 1410 65⁵1,
1074 1383 1103 1405 et
1131 1377 1305 1404 Marcellinus
1327 1377 1529 1411 Μητροπόλεως
1555 1376 1700 1410 episeopus
1730 1383 1765 1402 ex

978 1426 1055 1447 conc.
1077 1418 1240 1446 Chalcedon.
1258 1426 1286 1453 p.
1301 1417 1336 1446 96
1350 1418 1403 1445 huc
1422 1418 1573 1452 pertinent.
1593 1417 1658 1444 Mox
1674 1417 1764 1449 Τέως,

979 1461 1160 1490 Anacreontis
1173 1460 1262 1496 Lyriei
1279 1465 1366 1493 poeta
1380 1459 1478 1495 patria,
1494 1459 1582 1494 potior
1593 1459 1657 1486 erit.

1013 1503 1080 1531 Ibid.
1101 1501 1248 1537 Σατέώτη.
1264 1501 1320 1529 Nisi
1337 1501 1428 1528 omnia
1444 1507 1487 1527 me
1503 1500 1612 1533 fallunt,
1632 1499 1765 1535 Ἐρυθραί

978 1545 1007 1572 in
1036 1551 1102 1572 voce
1127 1544 1234 1571 latent:
1261 1550 1293 1571 ea
1319 1543 1382 1570 huic
1403 1542 1464 1570 loco
1480 1541 1763 1569 accommodatissima

977 1586 1043 1614 urbs
1056 1590 1109 1619 est,
1124 1589 1151 1613 et
1168 1585 1232 1612 huic
1255 1584 1399 1620 provinciae
1418 1591 1432 1610 a
1455 1583 1628 1610 conciliorum
1644 1582 1716 1610 Actis
1735 1588 1765 1610 et

979 1627 1089 1654 Νοιὶιίἰι
1115 1626 1288 1661 transcripta.
1304 1625 1389 1653 Paulo
1411 1629 1474 1653 ante
1494 1624 1668 1660 Κλαζομεναὶ
1695 1632 1764 1660 ιπε-

978 1669 1117 1698 stiterant.

1013 1710 1083 1737 Ibid.
1093 1709 1414 1744 Μαγνησιασοὺπολις.
1425 1707 1469 1736 Sic
1483 1716 1549 1737 mss.
1557 1715 1606 1743 pro
1615 1707 1763 1741 Μαγνησία

978 1751 1106 1780 Σιπύλου.
1116 1751 1195 1779 Unde
1208 1751 1312 1778 nutnmi
1322 1751 1512 1777 MAI‘NHTIIN
1524 1750 1685 1777 ΣΙΠΥΛΟΥ.
1693 1748 1763 1776 Pec-

977 1799 1039 1822 cato
1061 1801 1116 1821 non
1144 1792 1268 1820 dissimili
1297 1792 1412 1819 Basilius
1442 1792 1585 1826 cpiscopus
1600 1790 1762 1824 Μαγνησίας

984 1835 1098 1863 Ἦπίλου
1110 1834 1226 1861 concilio
1244 1832 1355 1860 Niceno
1371 1834 1490 1860 secundo
1498 1832 1645 1860 subscribit
1658 1840 1684 1866 p.
1699 1832 1760 1859 5'“.

1015 1875 1082 1904 Ibid.
1103 1875 1205 1909 Ἀπάη.
1221 1873 1319 1902 Natum
1333 1875 1386 1902 hoc
1403 1874 1548 1901 videturex
1568 1873 1665 1908 Ἀγάη.
1682 1873 1759 1907 cujus

978 1918 1123 1954 episcopus
1138 1917 1273 1945 Constans
1292 1917 1319 1943 In
1336 1916 1446 1944 Nicaaoo
1464 1916 1584 1944 secundo
1599 1923 1626 1950 p.
1641 1916 1694 1943 550
1712 1915 1762 1941 πό-

978 1961 1047 1992 λεως
1064 1959 1166 1994 ’Δγάης
1189 1958 1298 1986 dicitur.
1318 1958 1347 1986 Id
1369 1965 1432 1986 vero
1447 1966 1480 1985 ex
1496 1957 1584 1997 Δζγὰη
1603 1967 1609 1984 ;
1626 1958 1696 1984 unde
1709 1957 1761 1992 Cy-

980 2002 1070 2029 riacus
1088 2000 1191 2035 Αῐγλης
1208 2007 1256 2034 pro
1272 2000 1378 2034 Αίγάης
1390 1999 1462 2026 Actis
1482 1998 1649 2026 Chalcedon.
1666 2006 1692 2032 p.
1710 1998 1760 2025 127

979 2042 1120 2073 inseritur.
1141 2041 1186 2075 qui
1203 2049 1230 2076 p.
1249 2040 1303 2078 522
1322 2040 1422 2075 Αἰγέας
1449 2045 1476 2067 et
1498 2048 1524 2074 p.
1543 2039 1594 2066 508
1613 2040 1714 2074 Αἰγέης
1733 2043 1760 2066 et

980 2091 1008 2119 p.
1020 2083 1072 2110 664
1086 2082 1189 2118 Αίγὰης
1207 2082 1322 2114 πόλεως.
1340 2081 1530 2116 Intellignntur
1545 2080 1621 2116 Αἰδῶ
1637 2080 1759 2114 Eolicaa.

979 2132 1092 2160 quarum
1107 2131 1206 2151 nomen
1227 2124 1332 2151 seriore
1350 2128 1430 2152 aetate
1443 2123 1469 2150 in
1486 2123 1566 2150 aliam
1585 2122 1699 2149 fortnam
1719 2123 1760 2150 di-

978 2174 1054 2194 ceres
1078 2172 1235 2200 proeusum,
1261 2165 1283 2192 si
1307 2164 1371 2199 quid
1395 2164 1438 2192 bis
1462 2164 1563 2192 inesset
1591 2165 1760 2192 auitoritatis

979 2207 1161 2235 monumentis
1187 2215 1194 2233 :
1210 2205 1336 2233 ducimur
1351 2205 1425 2232 enim
1443 2205 1497 2233 illis
1512 2206 1545 2232 ad
1569 2205 1670 2240 Αἰγίαν
1683 2211 1760 2241 atque

978 2248 1093 2282 Διγάην,
1112 2247 1239 2276 Florentc
1262 2247 1366 2274 Graecia
1383 2254 1438 2274 non
1468 2245 1553 2280 Δῑγὰς
1577 2251 1685 2274 tantum
1713 2247 1759 2275 sed

977 2289 1094 2324 Αἰγαίας
1108 2289 1294 2324 appellabant;
1309 2289 1380 2324 quod
1398 2288 1533 2323 posterius
1548 2287 1600 2315 etsi
1614 2289 1682 2316 certi
1697 2297 1759 2317 usus

978 2336 1029 2363 est,
1053 2339 1108 2358 non
1136 2336 1226 2358 tamen
1252 2330 1340 2358 solum
1367 2337 1415 2364 pro
1433 2331 1504 2357 bono
1524 2335 1564 2357 est
1594 2330 1757 2359 habendum.

978 2371 1076 2400 Snidas
1088 2372 1193 2407 Πόλλης
1206 2372 1327 2406 Αἰγιεὺς.
1343 2371 1398 2398 ἀπὺ
1411 2371 1502 2405 Αἰγῶν
1520 2371 1570 2406 τῆς
1585 2371 1689 2404 Ἄσίας.
1705 2373 1758 2399 κεῖ-

977 2421 1023 2440 ται
1040 2413 1068 2440 δὲ
1091 2413 1203 2448 πλησίον
1223 2413 1385 2448 Μαγνησίας
1401 2413 1449 2439 καὶ
1463 2412 1600 2448 Σμύρνης.
1618 2413 1648 2440 In
1665 2414 1759 2448 quibus

978 2454 1164 2487 Grammatici.
1182 2455 1248 2482 licet
1260 2454 1346 2490 Egas
1360 2454 1518 2489 longissimo
1532 2460 1665 2482 terrarum
1679 2455 1759 2482 inter-

979 2495 1050 2523 vallo
1064 2495 1180 2531 Smyrna
1203 2500 1321 2523 remotas
1343 2503 1395 2522 non
1418 2495 1524 2527 dixero.
1551 2495 1651 2524 rectius
1668 2500 1755 2530 putem

979 2537 1026 2564 καὶ
1036 2536 1161 2572 Μυρίνης
1177 2546 1185 2564 :
1198 2537 1237 2564 illi
1253 2538 1324 2564 enim
1340 2536 1470 2570 proximae
1482 2543 1561 2564 erant
1576 2541 1603 2564 et
1617 2542 1756 2572 propterea

978 2579 1061 2613 Αἰγαὶ
1076 2579 1104 2605 ὲν
1123 2578 1250 2614 Μυρῤίνῃ
1275 2578 1415 2612 Stephano
1431 2579 1523 2606 dictm.
1540 2578 1615 2605 Idem
1642 2578 1756 2606 Galenus

980 2620 1044 2656 περὶ
1062 2620 1195 2656 εὐχυμίας
1209 2627 1236 2654 p.
1264 2620 1317 2647 558
1340 2620 1397 2647 edit
1412 2619 1494 2647 Basil.
1511 2620 1602 2646 firmat
1618 2629 1625 2646 :
1642 2619 1756 2651 τοιοῦτος

978 2663 1006 2689 δέ
1029 2663 1087 2689 ἔστι
1109 2662 1174 2696 παρ’
1203 2662 1269 2696 ἡμῖν
1290 2661 1319 2688 ἐν
1341 2662 1437 2695 Αἰγαῖς
1459 2662 1507 2687 καὶ
1531 2661 1704 2697 Περπερίνῃ,
1726 2663 1754 2697 τῇ

980 2705 1029 2739 μὲν
1041 2704 1134 2740 ὁμόρῳ
1148 2704 1267 2739 Μυρίνῃ,
1282 2705 1315 2738 τῇ
1335 2703 1362 2729 δὲ
1380 2702 1528 2738 Περγάμῳ.
1542 2703 1575 2729 Et
1590 2703 1664 2730 brevi
1680 2709 1754 2737 post:

978 2747 992 2773 ὁ
1006 2746 1034 2773 δὲ
1055 2747 1084 2772 ἐν
1101 2747 1196 2779 Αἰγαῖς
1218 2745 1266 2772 καὶ
1279 2745 1443 2780 Περπερίνῃ,
1463 2745 1540 2780 μέσοι
1556 2745 1658 2772 τούτων
1678 2745 1753 2772 εἰσιν.

979 2789 1044 2821 Quae
1067 2788 1158 2822 utique
1173 2786 1259 2819 Αἰγὰς
1272 2791 1298 2812 et
1318 2791 1438 2813 nostram
1455 2786 1641 2819 conjecturam
1660 2786 1753 2821 probi-

978 2830 1060 2858 bilem
1076 2830 1187 2857 faciunt.
1205 2828 1322 2857 Possunt
1335 2828 1392 2856 hac
1412 2835 1474 2856 cum
1495 2827 1596 2857 'Iheod.
1613 2827 1754 2856 Laurentio
