1911 3071
138 134 204 168 Illi

138 201 224 223 min-nt
241 195 339 222 Strabo
356 194 374 221 l.
394 201 432 222 xu
457 202 484 229 p.
506 193 569 226 567,
593 198 620 221 et
640 201 673 221 ex
693 200 726 220 eo
752 192 914 226 Stephanus,

141 236 219 262 modo
232 235 258 262 id
277 236 411 262 divorsum
425 243 439 261 a
451 235 628 263 conciliorum
644 234 756 266 Blando,
770 241 822 267 qua
839 233 872 260 de
889 240 918 259 re

138 277 262 310 equidem
285 276 475 307 dubitaverim,
489 276 588 308 fuerit;
608 283 668 310 qua:
689 283 749 302 eum
765 275 799 302 ab
815 274 918 301 Helles-

137 318 210 350 ponti
227 318 365 351 provincia
380 317 486 351 longius
498 318 612 350 distent,
624 317 690 344 nihil
703 317 809 352 juvant.
825 315 918 350 Itaque

138 358 201 386 huic
216 364 241 386 et
255 359 294 394 τῷ
307 359 439 386 Σχέλεντα
455 359 522 386 alius
541 359 697 394 opituletur.

171 399 231 426 Col.
250 400 311 427 145.
330 402 437 434 Μόλις.
458 400 570 428 Carolus
597 409 611 428 a
635 401 664 427 S.
683 400 765 427 Paulo
781 399 857 427 Melis
870 406 918 426 seu

137 440 299 476 lllelilopolis
307 450 362 470 sua:
370 443 480 471 editioni
491 444 626 478 ascripsit.
633 443 918 476 MiletopolitteetMSt-

137 481 326 516 ὶητοπολεῖται
347 489 409 511 sunt
426 485 452 511 in
474 485 564 511 nuntis
584 489 609 511 et
625 484 712 511 Plinio
728 484 799 511 inter
815 483 918 510 Helles-

138 525 212 556 ponti
235 525 352 552 accolas.
381 525 530 553 Seribendo
555 533 663 559 quoque
687 525 775 552 adfuit
803 525 920 552 concilio

137 564 346 601 Constantinop.
367 567 447 594 tertio
462 573 487 600 p.
504 567 551 594 501
570 566 687 593 Joannes
702 566 850 598 ἐπίσκοπος
868 567 919 601 τῆς

137 606 379 641 Μιλητουπολιτῶν
402 608 506 639 πόλεως
526 608 576 642 τῆς
600 607 814 643 Ἑλλησποντίων
831 608 917 642 ἐπαρ-

136 647 208 682 χίας,
215 652 242 675 et
255 648 363 675 Nico-no
374 649 494 676 secundo
503 649 618 676 Michael
627 649 675 683 τῆς
684 647 916 680 Μελιτουπό).εως,

138 694 166 716 ιιι
183 697 322 724 perperam
339 698 366 725 p.
383 691 436 718 599.
450 696 532 725 atque
547 691 609 718 alibi
626 691 764 719 scribitur.
773 689 830 718 Nec
843 697 918 717 asse-

138 739 270 758 veravero
281 737 380 763 tamen.
398 733 450 760 nisi
462 733 587 760 meliores
598 740 681 765 manu
692 732 796 759 exarati
810 732 919 760 codices

137 773 249 806 propius
265 773 392 804 abierim,
409 781 468 801 eatn
481 781 554 801 esse.

173 813 243 840 Ibid.
253 814 373 848 Γέρμαι.
384 815 488 849 Γέρμη.
496 815 553 841 Non
568 814 646 849 longe
657 822 671 841 a
680 814 779 850 Cyzico
799 814 919 842 abfuisse

139 854 294 888 Sephanus
310 859 405 883 auctor
417 860 470 887 est,
487 856 532 882 ubi
550 856 728 882 Ilolsteinium
743 856 814 883 vide.
825 854 918 883 Ptole-

139 903 205 922 ιιιωο
217 895 276 930 ιερὰ
287 896 390 931 Γέρμη,
402 897 473 924 unde
485 898 542 924 solo
562 897 670 924 ΊΕΡΑΣ
681 897 760 924 titulo
775 896 875 932 signari
891 896 918 923 in

137 937 247 971 egregio
264 945 346 965 numo
360 937 418 966 Nic.
434 937 566 973 Haymius
580 938 653 965 Ther.
675 937 780 965 Britan.
811 943 877 965 tom.
898 937 920 964 II

139 985 166 1011 p.
185 977 236 1005 115
253 979 422 1012 arbitratur;
444 986 504 1014 quae
523 979 589 1006 milii
604 979 758 1014 conjectura
778 979 863 1006 multo
878 979 919 1005 vi—

138 1021 218 1047 detur
231 1021 422 1049 incertissima.
435 1022 514 1050 Plura
531 1023 565 1049 de
580 1021 645 1049 urbe
657 1022 690 1048 ad
705 1021 805 1049 Anton.
822 1021 917 1048 Minor.

175 1102 242 1131 Ibid.
255 1105 395 1138 'Amaoc.
407 1105 482 1134 Hanc
492 1110 518 1133 et
529 1110 685 1140 sequentem
696 1104 794 1132 frustra
808 1111 900 1138 quaero
910 1113 920 1131 τ

139 1144 210 1172 forte
223 1151 311 1173 tamen
326 1147 351 1173 in
366 1146 461 1182 Κέργη
479 1147 573 1173 latebit
586 1146 705 1182 Κέὸρην,
718 1145 783 1173 urbs
795 1145 919 1178 Troadis,

139 1187 218 1214 sicuti
236 1187 341 1223 Scylaci
361 1195 388 1215 et
405 1187 612 1223 Ilarpoerationi
637 1195 669 1214 ex
687 1187 868 1215 Demosthene
892 1187 919 1214 in

139 1228 334 1256 Aristoeratem
350 1236 377 1263 p.
394 1229 448 1257 428
465 1229 575 1256 dicitur.
587 1228 727 1264 Κεϐρηνία
741 1228 811 1261 aliis,
825 1227 919 1263 Κέερη

140 1267 280 1303 Sibyllinis
293 1271 413 1297 Oraculis
429 1271 447 1297 Ι.
464 1278 494 1297 ιιι
519 1278 546 1305 p.
568 1270 632 1301 243,
655 1269 878 1304 quemadmodum
893 1273 922 1296 et

140 1309 307 1338 IIolsteinius
321 1311 346 1338 in
366 1311 533 1347 Stephanum
551 1311 665 1339 monuit.

175 1351 241 1379 Ibid.
262 1351 390 1388 Σάγαρα.
416 1353 471 1381 Nec
500 1353 570 1381 hanc
603 1353 726 1387 expedio.
759 1351 920 1387 Sangarum,

139 1392 274 1429 Bithynia:
289 1395 376 1422 vicum
394 1395 570 1427 maritimum,
586 1402 639 1421 tton
661 1397 740 1428 longe
756 1394 790 1421 ab
805 1394 921 1421 Heleno-

139 1435 192 1468 poli
206 1435 373 1464 Sozomenus
387 1436 422 1464 Η.
433 1437 468 1464 E.
482 1445 528 1470 vtt,
546 1437 580 1464 18
594 1436 678 1464 fuisse
691 1436 784 1469 refert,
796 1437 848 1463 situ
863 1436 921 1470 ipso

141 1479 256 1505 multum
289 1479 352 1506 hinc
386 1479 596 1513 discrepantem.
622 1478 755 1514 Σαγάρων
778 1478 921 1513 episcopus

138 1520 264 1547 Andreas
277 1524 320 1547 est
336 1521 362 1547 itt
380 1519 543 1547 Chalcedon.
558 1528 584 1554 p.
601 1519 664 1551 574,
681 1520 728 1547 sed
749 1519 839 1554 Lydia:
854 1527 920 1547 con-

141 1559 259 1587 tributus
272 1566 299 1588 et
322 1561 451 1588 Σατάλων
470 1569 498 1596 p.
516 1561 569 1588 599
583 1561 674 1588 verius
687 1561 836 1595 appellatus
851 1568 859 1588 :
880 1561 922 1587 ni-

139 1601 179 1629 hil
195 1610 260 1637 ergo
276 1607 304 1629 et
317 1603 360 1630 Itis
372 1603 465 1630 auxilii
480 1602 562 1630 feret.
576 1603 670 1630 Restat
686 1603 846 1630 Cleodemus
863 1603 922 1630 Fla-

140 1643 237 1670 vianus
253 1643 428 1678 Σαγαραετης
453 1651 486 1671 ex
509 1644 670 1671 Reinesiana
690 1644 725 1672 cl.
741 1652 763 1678 t,
777 1644 821 1678 72,
839 1652 919 1680 quem

140 1683 205 1711 hinc
218 1685 302 1712 fuisse
315 1693 367 1712 non
388 1684 487 1719 iniusta
511 1686 635 1720 suspicio
645 1691 697 1714 est.

174 1726 242 1755 Ibid.
267 1727 419 1761 Ἀδριανοῦ
446 1727 543 1762 θῆραι.
562 1727 608 1755 Sic
627 1728 745 1762 oportuit
766 1737 773 1756 :
794 1728 919 1764 oppidum

138 1768 211 1796 enim
226 1768 379 1798 Hadrianus
399 1771 425 1797 Ill
450 1769 533 1805 Mysia
551 1769 782 1798 Hadrianotberas
800 1769 835 1796 Μ.
858 1769 889 1796 Ρ.
903 1770 922 1797 8

139 1819 154 1837 ιι
169 1809 311 1846 Pergamo,
329 1811 382 1839 nisi
400 1811 502 1838 Tabula
531 1810 611 1844 fallit,
636 1811 707 1845 quod
734 1810 789 1838 illic
814 1815 841 1838 et
861 1811 919 1838 feli-

138 1852 208 1879 citer
221 1857 293 1880 esset
306 1858 420 1880 venatus
434 1857 461 1880 et
478 1860 568 1880 ursam
589 1852 743 1885 occidisset,
768 1852 919 1884 constituit,

139 1897 169 1919 ut
187 1892 349 1927 Spartianus
362 1894 387 1921 in
404 1893 542 1921 Hadriano
554 1900 578 1921 c.
594 1893 632 1920 20
645 1897 672 1921 et
686 1893 735 1921 Dio
749 1893 854 1921 docent.
866 1892 921 1921 Ter

139 1935 230 1968 oppidi
264 1935 388 1962 meminit
415 1935 548 1963 Aristides
574 1939 638 1963 tom.
664 1934 716 1969 Ip.
743 1935 805 1968 500,
835 1935 920 1963 semel

144 1975 286 2010 Ἀδριανοῦ
308 1975 407 2011 θήραν,
431 1976 606 2004 librariorum
633 1976 776 2004 manifesto
799 1981 919 2011 peccato,

138 2016 288 2051 appellans.
311 2016 531 2053 Ἀδρανουθύρων
545 2018 688 2052 episcopus
709 2022 750 2045 est
769 2017 920 2052 in-Nicaeno

138 2058 257 2085 secundo
277 2065 304 2092 p.
319 2058 384 2091 552,
398 2058 444 2092 qui
469 2067 497 2094 p.
516 2059 568 2087 592
594 2059 815 2095 ’Δδρανουοήρων
841 2059 921 2094 paulo

139 2099 240 2126 rectius
265 2100 373 2127 dicitur.
400 2100 480 2128 Cives
506 2100 755 2136 Ἀδριανοθηρεῖται
779 2101 805 2128 in
832 2101 921 2129 numis

139 2141 210 2174 apud
235 2140 401 2168 Hardninum
425 2146 454 2168 et
479 2139 653 2169 Vaillantinm
679 2142 780 2169 insunt.
804 2141 866 2169 vide
876 2141 918 2169 lo.

136 2180 292 2209 Massonum
309 2181 377 2209 Vita:
391 2182 518 2210 Aristidis
534 2190 574 2215 ιιι,
590 2183 617 2216 9,
638 2182 681 2215 12,
697 2183 740 2210 ubi
757 2183 872 2218 plurium
888 2183 921 2210 de

139 2225 191 2251 hac
209 2225 277 2251 urbe
300 2225 485 2252 alierratiottes
504 2226 530 2252 in
556 2225 679 2252 ordinem
699 2225 866 2260 rediguntur.

172 2264 239 2292 Ibid.
254 2262 352 2299 'Hpat.
378 2266 510 2302 Oppidum
542 2266 621 2302 Ἐρὰς
646 2267 719 2294 circa
742 2266 873 2302 Erythras
893 2272 920 2293 et

138 2305 224 2334 Teum
239 2305 412 2342 Thucydides
434 2314 494 2339 vnt,
516 2307 549 2335 I9
565 2313 591 2335 et
613 2307 711 2335 Strabo
734 2315 790 2340 xtv,
814 2316 840 2342 p.
855 2307 918 2340 644,

138 2349 186 2375 sed
213 2355 228 2375 a
251 2347 387 2375 Palmerio
408 2349 576 2381 emendatus,
605 2353 755 2376 memorant
779 2357 787 2376 :
811 2349 837 2376 id
854 2357 920 2383 quo-

137 2389 228 2418 minus
242 2396 363 2417 nosuum
382 2394 516 2424 putemus,
535 2389 654 2417 locorum
669 2389 810 2417 intervallo
829 2389 921 2424 probi-

135 2431 242 2459 bentur.
267 2431 344 2459 Alius
368 2439 444 2466 ergo,
472 2431 516 2458 ttbi
541 2431 567 2458 in
592 2431 757 2464 Hellesponti
780 2431 918 2464 provincia

136 2473 229 2506 fuerit,
239 2477 325 2508 atque
337 2477 425 2501 utrum
441 2481 473 2501 ex
489 2473 569 2500 Plinii
585 2481 609 2505 ν,
625 2472 659 2500 50
672 2472 751 2500 Tiare
762 2475 819 2501 sive
831 2472 919 2500 'I'iaris

134 2516 169 2543 sit
185 2519 287 2543 ortutn.
304 2515 419 2543 docebit.

171 2556 239 2584 Ibid.
255 2558 368 2584 Πιονίαν
385 2557 430 2586 Est
442 2557 512 2593 apud
524 2555 686 2584 Strabonem
703 2564 760 2588 χιιι,
778 2563 804 2590 p.
819 2557 919 2589 6l0,et

134 2598 249 2626 Pionita:
266 2598 336 2632 apud
357 2597 483 2625 Plinium.
506 2598 626 2626 Eulalius
640 2598 742 2625 Πιόνων
761 2602 787 2625 et
803 2599 828 2625 in
851 2607 916 2626 mss.

134 2641 279 2673 Παιονίων,
297 2640 366 2671 sive,
382 2644 411 2667 ut
425 2646 503 2668 vetus
520 2640 661 2674 interpres,
683 2639 802 2667 Eulalius
818 2641 919 2668 Piottia

134 2682 299 2717 Hellesponti
313 2682 416 2718 synodo
427 2681 639 2710 Chalcedonensi
656 2690 682 2717 p.
696 2682 749 2709 598
760 2683 916 2710 subscribit.

170 2724 238 2753 Ibid.
253 2725 425 2758 Κονιοσίνη.
438 2724 521 2752 Estne
534 2724 683 2757 Conisium.
694 2725 763 2759 quod
775 2725 878 2753 Plinius
890 2734 916 2760 v,

134 2765 169 2791 30
187 2766 258 2793 inter
277 2766 356 2799 hujus
369 2774 424 2793 ora:
437 2767 533 2801 oppida
551 2766 749 2794 connumerat?

170 2806 238 2833 ibid.
270 2807 395 2840 ‘Aprli‘a.
423 2807 452 2834 Itt
479 2808 550 2835 Asina
576 2808 716 2841 provincia
745 2809 849 2842 urbem,
874 2810 916 2837 cui

140 2846 253 2880 ’Δλτίζα
279 2855 375 2874 nomett
399 2853 468 2880 erat,
489 2849 625 2881 vidimus;
650 2858 664 2876 ει
686 2857 749 2884 qua,
778 2850 799 2877 si
818 2858 915 2878 nomen

633 133 821 164 ADDENDA.
837 144 871 150 -
884 131 918 161 Ρ.
934 131 1193 165 WBSSELINGII

1689 127 1771 165 Ill-9-

969 198 1088 225 spectes,
1106 193 1163 220 haec
1177 192 1249 220 haud
1270 193 1386 221 multum
1402 193 1498 227 distat,
1516 193 1540 221 si
1562 193 1657 227 situm,
1671 194 1769 228 pluri—

969 240 1053 267 mum,
1075 233 1177 262 Plinius
1196 243 1222 266 ν,
1247 234 1282 262 50
1306 235 1488 269 Miletopolitis
1504 235 1584 269 hujus
1608 236 1769 270 provincia

969 273 1079 301 Erezios
1091 275 1190 309 jungit,
1206 283 1273 310 quos
1286 276 1307 303 si
1323 276 1387 303 hinc
1402 277 1518 309 derives,
1534 277 1560 303 in
1574 277 1640 303 vitio
1655 284 1765 304 nomen

970 315 1047 344 urbis
1067 317 1244 343 adhaerescet.
1269 316 1424 344 Hardninus
1451 316 1546 349 Erezo,
1573 317 1666 352 Carne
1682 318 1764 349 urbi,

969 364 1016 384 eos
1030 358 1104 386 dedit
1123 360 1207 392 cives,
1224 366 1316 386 verum
1337 359 1521 393 imprudenter
1535 366 1545 385 :
1562 358 1639 386 Caria
1653 359 1766 392 longis-

969 399 1038 426 sime
1061 399 1096 427 ab
1113 399 1280 435 Hellesponti
1301 408 1360 434 ora,
1382 407 1462 435 quant
1488 400 1589 428 Plinius
1613 400 1684 428 deSCt
1695 401 1763 434 ibit,

969 447 1072 469 semota
1088 447 1139 470 est.

1003 483 1146 517 Ibid.Eloc
1164 484 1409 519 TpddocJungtmt
1423 484 1479 512 Imc
1492 485 1646 512 arctissitne
1662 484 1764 512 Schel-

969 527 1104 552 stratenus
1113 526 1372 558 etBanduritts,non
1387 526 1449 553 item
1461 525 1572 553 Carolus
1582 534 1595 552 a
1608 526 1635 552 S.
1650 525 1732 552 Paulo
1750 534 1763 552 :

970 571 1058 593 utrum
1082 572 1200 602 prmstet,
1223 567 1286 594 mihi
1311 568 1336 594 in
1366 567 1493 602 ambiguo
1508 572 1560 594 est.
1587 567 1658 594 Nihil
1683 568 1763 601 quod

969 607 1084 634 alterum
1096 613 1184 635 utrum
1198 609 1282 643 possit
1292 608 1456 640 illuminare,
1470 608 1535 635 mihi
1550 609 1670 636 occurrit
1683 618 1689 635 :
1704 608 1763 636 etsi

968 649 1039 675 enim
1057 648 1183 676 'I'rariutn
1206 650 1296 678 vicum
1322 651 1423 677 Strabo
1448 649 1467 676 l.
1489 655 1548 682 snt,
1568 658 1592 684 p.
1611 649 1662 676 607
1681 650 1762 677 circa

969 689 1147 725 Perperenem
1173 691 1254 722 locet,
1281 696 1308 719 et
1325 691 1461 726 Tragasm,
1496 691 1568 718 unde
1592 691 1631 718 sul
1650 691 1761 725 Trnga-

970 738 1065 764 satum,
1075 732 1168 766 dequo
1183 733 1290 767 egregie
1305 732 1422 760 Galenus
1435 732 1500 767 περὶ
1511 731 1604 758 ἁπλῶν
1619 732 1709 766 Φαρμ.
1724 740 1762 764 ιι,

969 780 996 808 p.
1014 774 1076 806 151,
1095 774 1130 801 ab
1149 774 1210 802 aliis
1226 779 1421 806 memorentur,
1444 774 1495 801 huc
1518 773 1622 801 referre
1642 782 1692 800 nott
1710 782 1759 800 so-

969 815 1066 842 stineu.

1004 855 1072 883 Ibid.
1087 855 1358 883 Μονΰακάδα.ῐῐίιιε
1371 856 1470 884 Cilices
1479 855 1670 883 Mandacadcni
1683 855 1764 882 inter

970 895 1133 930 Hellesponti
1146 897 1253 926 accolas
1263 897 1349 924 Plinio
1360 905 1388 930 ν,
1403 897 1439 925 30
1448 905 1480 925 ex
1495 896 1627 924 IIarduini
1641 896 1760 931 pulchr:-

969 937 1168 965 emendatione.

1005 979 1072 1007 Ibid.
1095 979 1313 1014 Ὲρταστήριον.
1327 979 1408 1007 Vicus
1419 979 1545 1015 Cyzicum
1560 979 1631 1006 inter
1647 983 1674 1006 ct
1687 978 1760 1006 I‘er-

970 1027 1088 1055 gamum,
1109 1021 1155 1048 sed
1178 1021 1241 1048 hinc
1263 1020 1359 1048 stadiis
1381 1021 1434 1047 4-10
1459 1024 1615 1055 separatus,
1634 1020 1757 1046 metallis

970 1062 1084 1090 celebris
1099 1068 1178 1096 atque
1191 1063 1344 1098 Ergasteria
1360 1063 1459 1095 dictus,
1476 1063 1513 1089 uti
1528 1062 1645 1089 Ortelius
1661 1061 1760 1088 admc-

970 1104 1038 1136 nuit,
1055 1105 1173 1132 occurrit
1186 1106 1256 1140 apud
1271 1105 1401 1133 Calenum
1420 1105 1484 1140 περὶ
1498 1104 1592 1131 ἁπλῶν
1607 1112 1696 1138 φιρμ.
1715 1111 1760 1137 tr,

970 1153 996 1180 p.
1010 1146 1072 1173 127.
1089 1145 1210 1173 καλεῖται
1224 1146 1246 1173 δ’
1267 1147 1461 1182 Ἐργαστήρια,
1483 1146 1582 1180 inquit,
1598 1144 1678 1179 κώμη
1698 1153 1756 1175 τις,

969 1188 997 1214 ἐν
1038 1188 1085 1214 καὶ
1095 1188 1213 1223 μέταλλα
1222 1188 1394 1223 ἐστι,μεταξὺ
1406 1187 1551 1223 Περγάμου
1563 1186 1610 1213 καὶ
1620 1185 1758 1219 Κυζῐκθυ,

971 1229 1094 1261 σταδίους
1111 1230 1250 1265 ἀπέχου-ια
1273 1230 1421 1265 Περγάμου
1443 1228 1637 1264 τετρακοσιθυς
1654 1235 1759 1254 recrea-

970 1271 1099 1306 ράκοντα.
1124 1271 1190 1298 Ειιιιι
1215 1279 1231 1298 a
1256 1276 1349 1298 nostro
1375 1269 1442 1298 nibil
1464 1270 1620 1304 discrepare
1645 1274 1754 1296 certum

970 1313 1068 1340 habeo.

1006 1355 1073 1381 Ibid.
1096 1353 1241 1387 Mérdpat.
1262 1352 1395 1388 Νεανδρέα
1420 1352 1535 1379 Troadis
1554 1351 1694 1385 oppidum,
1722 1351 1757 1376 de

970 1403 1026 1430 quo
1037 1395 1134 1423 Strabo
1149 1401 1210 1426 xttt,
1224 1401 1251 1428 p.
1268 1393 1321 1421 603
1331 1399 1356 1420 et
1370 1401 1396 1428 p.
1409 1393 1473 1423 604,
1485 1392 1530 1419 ubi
1545 1397 1635 1419 tamen
1651 1392 1756 1417 Κλεαν-

970 1435 1042 1471 δρίιι,
1059 1435 1137 1468 tnalc,
1152 1435 1204 1463 nisi
1223 1435 1312 1467 fallor,
1328 1435 1392 1461 olim
1409 1435 1476 1461 ntilti
1494 1433 1653 1465 videbatur;
1672 1439 1758 1466 quam

970 1486 1020 1513 ego
1031 1479 1195 1513 opinionem.
1207 1478 1259 1506 etsi
1272 1477 1452 1512 plausibilem,
1464 1483 1561 1510 urgere
1574 1476 1654 1503 nolim
1668 1483 1676 1502 :
1688 1475 1755 1510 quid

970 1523 993 1552 si
1014 1523 1087 1550 enim
1111 1530 1126 1549 a
1145 1522 1232 1549 caulis
1252 1521 1331 1549 boum
1355 1526 1436 1554 atque
1459 1520 1549 1547 ovium
1574 1518 1633 1546 loco
1657 1525 1758 1545 nomen

971 1565 1101 1594 haeserit?
1125 1565 1158 1593 Ut.
1174 1564 1293 1591 Mandris
1311 1564 1383 1602 eirea
1399 1563 1558 1598 Byzantium
1575 1562 1601 1589 in
1624 1561 1757 1596 Dionysiii

970 1607 1152 1642 descriptione
1176 1606 1287 1640 Bospori
1311 1605 1380 1640 apud
1408 1604 1466 1632 Pet.
1489 1603 1604 1639 Gyllinm
1629 1610 1658 1635 tt,
1677 1603 1704 1634 4,
1727 1607 1755 1629 et

971 1649 1088 1676 Mandris
1104 1649 1130 1676 itt
1146 1648 1287 1675 Palaestina
1305 1654 1384 1681 quant
1400 1645 1532 1682 Iosephus
1545 1644 1577 1672 A.
1591 1643 1613 1671 I.
1633 1644 1666 1670 10
1679 1644 1695 1670 9
1711 1643 1724 1679 §
1739 1643 1756 1669 Ἰ

971 1694 1116 1718 memorat.
1128 1690 1216 1725 Atque
1228 1690 1278 1716 hoc
1293 1695 1342 1723 pro
1354 1692 1493 1722 comperto
1506 1690 1578 1713 esset
1589 1685 1755 1716 habendum,

970 1733 992 1760 si
1006 1732 1070 1767 quid
1086 1731 1254 1759 auctoritatis
1266 1729 1363 1757 Joanui
1381 1728 1482 1756 Malulae
1496 1727 1597 1754 inesset
1614 1735 1622 1753 :
1637 1725 1754 1753 aﬂirtnat

970 1774 1042 1802 enim
1065 1779 1129 1801 tom.
1150 1773 1171 1805 I.
1196 1780 1224 1807 p.
1252 1772 1303 1799 114
1329 1770 1466 1798 Priamum
1492 1768 1644 1803 seposuisse
1668 1767 1752 1793 [Ilium

969 1815 1151 1842 Alexandrum
1171 1814 1197 1841 in
1215 1820 1281 1848 agro
1295 1812 1408 1847 ὀνόματι
1427 1810 1550 1845 Μάνδρᾳ,
1567 1809 1756 1844 γαλακτοτρι-

971 1855 1054 1891 φῆναι
1079 1855 1156 1889 παρὰ
1177 1854 1288 1890 γηπόνῳ
1310 1853 1374 1881 τινι.
1398 1852 1448 1879 Est
1470 1851 1580 1886 quidem
1603 1851 1629 1877 in
1656 1849 1752 1876 Malala

976 1897 1114 1933 Ἀμάνδρει
1124 1905 1131 1912 ·
1147 1897 1193 1924 sed
1205 1900 1306 1923 rectum
1318 1901 1379 1922 esse
1392 1894 1464 1928 quod
1475 1893 1625 1928 sequimur,
1635 1891 1752 1918 Cedreni

970 1939 1102 1974 Μανδρῷ,
1116 1937 1222 1965 tametsi
1239 1937 1346 1969 vitioso,
1364 1935 1524 1963 ostenditur.

1006 1980 1074 2008 Ibid.
1088 1980 1196 2007 'hmm.
1212 1979 1297 2006 Habet
1311 1978 1408 2005 Strabo
1420 1985 1474 2009 xiv,
1491 1984 1519 2011 p.
1532 1975 1583 2003 6M
1598 1975 1668 2003 circa
1684 1975 1753 2010 Ery-

971 2023 1058 2056 thras,
1073 2022 1154 2049 Iuniae
1169 2021 1275 2052 urbem,
1290 2019 1399 2055 νησῖδας
1412 2017 1594 2054 προκειμένας
1607 2016 1753 2051 τέτταρας,

972 2065 1086 2096 Ἵππους
1102 2063 1289 2097 καλουμέναςν
1309 2069 1370 2096 quae
1388 2060 1511 2095 quamvis
1527 2060 1560 2086 alt
1580 2059 1753 2093 Hellesponto

971 2106 1107 2134 abfuerint
1122 2106 1236 2140 longius,
1250 2104 1278 2131 in
1301 2111 1410 2131 censum
1431 2102 1523 2130 venire
1542 2106 1664 2146 pgsent,
1681 2101 1752 2146 quod

972 2147 1067 2176 insulae
1091 2147 1193 2183 pariter
1218 2153 1250 2174 ac
1270 2144 1456 2180 Hellespontus
1483 2144 1555 2171 Asiae
1565 2143 1754 2178 'pt'oconsulis

971 2189 1084 2224 imperio
1104 2188 1205 2215 fuerint
1226 2186 1361 2221 subjectm.
1382 2185 1478 2212 Tutius
1501 2189 1589 2212 tamen
1612 2184 1663 2211 erit
1685 2184 1753 2211 nihil

972 2230 1061 2260 linire.
1079 2229 1210 2264 siquidem
1229 2233 1256 2257 et
1273 2227 1355 2255 simili
1366 2227 1475 2254 nomine
1492 2226 1568 2253 vicus
1586 2232 1646 2253 esse
1657 2230 1750 2260 queat,

971 2276 999 2299 et
1019 2271 1113 2299 insulae
1130 2271 1231 2298 rectius
1247 2268 1431 2304 proconsulari
1447 2267 1518 2294 Asite
1533 2267 1752 2294 contribuuntur.

1005 2313 1073 2341 Ibid.
1100 2313 1133 2339 '0
1145 2311 1314 2345 Κισίδηρον.
1329 2309 1407 2337 Haud
1423 2316 1518 2343 magno
1529 2308 1672 2343 {molimine
1686 2315 1751 2343 pro-

970 2355 1031 2383 cudi
1047 2356 1117 2390 ·ὐκη
1131 2354 1188 2381 sire
1203 2354 1272 2387 Ὠκη
1285 2360 1318 2379 ex
1331 2350 1450 2379 vocabuli
1463 2350 1538 2378 initio
1551 2355 1657 2384 posset;
1669 2358 1750 2385 quam

971 2397 1064 2424 ttrbem
1079 2395 1253 2422 conciliorum
1268 2394 1335 2420 Acta
1357 2391 1504 2427 provincia:
1525 2390 1690 2425 Hellesponti
1709 2391 1751 2417 itt-

969 2442 1074 2465 serttnt.
1084 2436 1151 2464 Vide
1158 2435 1377 2463 Cbalcedonense
1388 2441 1415 2468 p.
1426 2432 1488 2460 675.
1495 2432 1618 2466 Tumque
1627 2431 1750 2467 Σίδηρον,

970 2479 1040 2513 quod
1057 2482 1150 2509 restat,
1167 2482 1216 2504 aut
1231 2475 1353 2508 retineri,
1370 2479 1399 2501 ut
1411 2474 1475 2506 vici,
1491 2473 1555 2500 ferri
1576 2473 1693 2499 metallis
1705 2480 1751 2498 co-

969 2519 1050 2553 piosi,
1076 2525 1174 2545 nomen
1201 2519 1253 2550 sit,
1271 2520 1318 2544 aut
1339 2517 1366 2543 in
1391 2515 1506 2549 Σίγειον,
1529 2521 1610 2548 quam
1636 2513 1751 2540 'I'roadis

970 2562 1062 2588 urbem
1085 2567 1163 2587 nemo
1185 2559 1301 2594 ignorat,
1326 2557 1446 2585 contorti
1469 2555 1614 2589 oportebit.
1640 2554 1692 2582 Sed
1711 2555 1751 2582 lim

969 2603 1131 2636 conjecturae
1155 2607 1230 2633 sunt,
1249 2599 1347 2635 quibus
1369 2600 1428 2634 ipse
1454 2598 1520 2625 nilnil
1545 2597 1609 2626 ﬁdo.
1629 2596 1750 2624 Viderittt

968 2651 1032 2678 ergo
1047 2643 1197 2678 peritiores.
1593 2647 1596 2650 ’

1005 2685 1072 2712 Ibid.
1095 2683 1219 2718 Σκέψις.
1244 2683 1298 2710 Itno
1314 2681 1429 2716 Σκῆψις,
1452 2680 1484 2707 de
1501 2687 1554 2715 qua
1576 2679 1676 2707 Strabo
1692 2687 1748 2711 illi.

989 2749 994 2754 .
1012 2735 1053 2753 ου·
1067 2745 1074 2753 ,

968 2735 985 2762 p
1004 2735 1071 2795 Ibid’.
1094 2766 1166 2794 Ὑπὸ
1182 2764 1413 2799 κονσουλὰριον.
1425 2764 1526 2791 Vereor
1537 2762 1708 2790 vehementer
1723 2767 1751 2788 ut

970 2811 1020 2837 hoc
1042 2814 1144 2836 rectum
1164 2809 1199 2836 sit
1217 2817 1222 2835 :
1242 2807 1345 2834 Notitia
1370 2807 1432 2840 imp.
1451 2805 1552 2837 Qrient.
1569 2813 1594 2832 c.
1617 2804 1751 2837 tprovin-

969 2851 1039 2879 ciam
1054 2850 1125 2879 hanc
1139 2848 1316 2886 praesidialem
1332 2847 1408 2881 facit,
1427 2851 1456 2874 et
1477 2847 1497 2874 Ι.
1513 2855 1543 2875 ιιι
1558 2854 1583 2874 c.
1599 2845 1700 2874 'I'lteod.
1717 2845 1750 2872 de
