  <div class='ocr_page' id='page_1' title='image "/cluster/home/n/w/nwhite01/storage/ocr_20150623/113/njp.32101077772968/614.png"; bbox 0 0 1911 3071; ppageno 0'>
   <div class='ocr_carea' id='block_1_1' title="bbox 104 161 184 194">
    <p class='ocr_par' dir='ltr' id='par_1_1' title="bbox 104 161 184 194">
     <span class='ocr_line' id='line_1_1' title="bbox 104 161 184 194; baseline 0 0"><span class='ocrx_word' id='word_1_1' title='bbox 104 161 184 194; x_wconf 76' lang='grc' dir='ltr'><strong>11ἱ3</strong></span> 
     </span>
    </p>
   </div>
   <div class='ocr_carea' id='block_1_2' title="bbox 104 216 905 254">
    <p class='ocr_par' dir='ltr' id='par_1_2' title="bbox 104 216 905 254">
     <span class='ocr_line' id='line_1_2' title="bbox 104 216 905 254; baseline -0.001 -8"><span class='ocrx_word' id='word_1_2' title='bbox 104 219 267 246; x_wconf 85' lang='lat' dir='ltr'><strong>Protostas.</strong></span> <span class='ocrx_word' id='word_1_3' title='bbox 285 216 362 245; x_wconf 84' lang='lat' dir='ltr'><strong>Nunc</strong></span> <span class='ocrx_word' id='word_1_4' title='bbox 384 217 494 252; x_wconf 83' lang='lat' dir='ltr'><strong>quidem</strong></span> <span class='ocrx_word' id='word_1_5' title='bbox 505 225 536 245; x_wconf 89' lang='lat' dir='ltr'><strong>ea</strong></span> <span class='ocrx_word' id='word_1_6' title='bbox 550 218 659 253; x_wconf 69' lang='lat' dir='ltr'><strong>praesidi</strong></span> <span class='ocrx_word' id='word_1_7' title='bbox 678 218 802 254; x_wconf 78' lang='lat' dir='ltr'><strong>Phrygue</strong></span> <span class='ocrx_word' id='word_1_8' title='bbox 821 217 905 245; x_wconf 64' lang='lat' dir='ltr'><strong>Pala-</strong></span> 
     </span>
    </p>
   </div>
   <div class='ocr_carea' id='block_1_3' title="bbox 104 259 906 295">
    <p class='ocr_par' dir='ltr' id='par_1_3' title="bbox 104 259 906 295">
     <span class='ocr_line' id='line_1_3' title="bbox 104 259 906 295; baseline 0 -9"><span class='ocrx_word' id='word_1_9' title='bbox 104 261 194 287; x_wconf 75' lang='lat' dir='ltr'><strong>stinm</strong></span> <span class='ocrx_word' id='word_1_10' title='bbox 209 259 375 291; x_wconf 85' lang='lat' dir='ltr'><strong>inscribitur,</strong></span> <span class='ocrx_word' id='word_1_11' title='bbox 385 260 456 293; x_wconf 90' lang='lat' dir='ltr'><strong>quod</strong></span> <span class='ocrx_word' id='word_1_12' title='bbox 471 267 524 287; x_wconf 92' lang='lat' dir='ltr'><strong>non</strong></span> <span class='ocrx_word' id='word_1_13' title='bbox 538 260 610 287; x_wconf 83' lang='lat' dir='ltr'><strong>aliud</strong></span> <span class='ocrx_word' id='word_1_14' title='bbox 624 265 675 293; x_wconf 81' lang='lat' dir='ltr'><strong>est,</strong></span> <span class='ocrx_word' id='word_1_15' title='bbox 693 268 775 295; x_wconf 83' lang='lat' dir='ltr'><strong>quam</strong></span> <span class='ocrx_word' id='word_1_16' title='bbox 791 260 906 286; x_wconf 81' lang='lat' dir='ltr'><strong>humano</strong></span> 
     </span>
    </p>
   </div>
   <div class='ocr_carea' id='block_1_4' title="bbox 106 301 909 336">
    <p class='ocr_par' dir='ltr' id='par_1_4' title="bbox 106 301 909 336">
     <span class='ocr_line' id='line_1_4' title="bbox 106 301 909 336; baseline -0.001 -8"><span class='ocrx_word' id='word_1_17' title='bbox 106 302 197 335; x_wconf 78' lang='lat' dir='ltr'><strong>capiti</strong></span> <span class='ocrx_word' id='word_1_18' title='bbox 222 301 345 328; x_wconf 70' lang='lat' dir='ltr'><strong>cervicem</strong></span> <span class='ocrx_word' id='word_1_19' title='bbox 370 301 456 334; x_wconf 80' lang='lat' dir='ltr'><strong>pictor</strong></span> <span class='ocrx_word' id='word_1_20' title='bbox 476 301 595 335; x_wconf 77' lang='lat' dir='ltr'><strong>equinam</strong></span> <span class='ocrx_word' id='word_1_21' title='bbox 615 301 726 336; x_wconf 70' lang='lat' dir='ltr'><strong>fungere</strong></span> <span class='ocrx_word' id='word_1_22' title='bbox 749 303 772 328; x_wconf 78' lang='lat' dir='ltr'><strong>si</strong></span> <span class='ocrx_word' id='word_1_23' title='bbox 795 302 866 333; x_wconf 75' lang='lat' dir='ltr'><strong>celit,</strong></span> <span class='ocrx_word' id='word_1_24' title='bbox 882 305 909 328; x_wconf 74' lang='lat' dir='ltr'><strong>et</strong></span> 
     </span>
    </p>
   </div>
   <div class='ocr_carea' id='block_1_5' title="bbox 106 342 906 377">
    <p class='ocr_par' dir='ltr' id='par_1_5' title="bbox 106 342 906 377">
     <span class='ocr_line' id='line_1_5' title="bbox 106 342 906 377; baseline -0.003 -7"><span class='ocrx_word' id='word_1_25' title='bbox 106 344 204 370; x_wconf 75' lang='lat' dir='ltr'><strong>varias</strong></span> <span class='ocrx_word' id='word_1_26' title='bbox 220 343 343 370; x_wconf 77' lang='lat' dir='ltr'><strong>inducere</strong></span> <span class='ocrx_word' id='word_1_27' title='bbox 354 342 458 374; x_wconf 72' lang='lat' dir='ltr'><strong>plumas</strong></span> <span class='ocrx_word' id='word_1_28' title='bbox 474 343 588 377; x_wconf 78' lang='lat' dir='ltr'><strong>undique</strong></span> <span class='ocrx_word' id='word_1_29' title='bbox 605 343 707 370; x_wconf 78' lang='lat' dir='ltr'><strong>collatis</strong></span> <span class='ocrx_word' id='word_1_30' title='bbox 727 343 860 374; x_wconf 75' lang='lat' dir='ltr'><strong>membris,</strong></span> <span class='ocrx_word' id='word_1_31' title='bbox 879 347 906 368; x_wconf 85' lang='lat' dir='ltr'><strong>ut</strong></span> 
     </span>
    </p>
   </div>
   <div class='ocr_carea' id='block_1_6' title="bbox 107 385 906 419">
    <p class='ocr_par' dir='ltr' id='par_1_6' title="bbox 107 385 906 419">
     <span class='ocr_line' id='line_1_6' title="bbox 107 385 906 419; baseline -0.001 -8"><span class='ocrx_word' id='word_1_32' title='bbox 107 386 228 418; x_wconf 78' lang='lat' dir='ltr'><strong>turpiter</strong></span> <span class='ocrx_word' id='word_1_33' title='bbox 245 391 332 411; x_wconf 78' lang='lat' dir='ltr'><strong>atrum</strong></span> <span class='ocrx_word' id='word_1_34' title='bbox 346 385 449 411; x_wconf 79' lang='lat' dir='ltr'><strong>desinat</strong></span> <span class='ocrx_word' id='word_1_35' title='bbox 467 385 494 410; x_wconf 86' lang='lat' dir='ltr'><strong>in</strong></span> <span class='ocrx_word' id='word_1_36' title='bbox 506 385 600 418; x_wconf 75' lang='lat' dir='ltr'><strong>piscem</strong></span> <span class='ocrx_word' id='word_1_37' title='bbox 621 385 716 411; x_wconf 77' lang='lat' dir='ltr'><strong>mulier</strong></span> <span class='ocrx_word' id='word_1_38' title='bbox 731 385 847 419; x_wconf 79' lang='lat' dir='ltr'><strong>formosa</strong></span> <span class='ocrx_word' id='word_1_39' title='bbox 860 392 906 410; x_wconf 73' lang='lat' dir='ltr'><strong>su-</strong></span> 
     </span>
    </p>
   </div>
   <div class='ocr_carea' id='block_1_7' title="bbox 105 425 907 456">
    <p class='ocr_par' dir='ltr' id='par_1_7' title="bbox 105 425 907 456">
     <span class='ocr_line' id='line_1_7' title="bbox 105 425 907 456; baseline -0.001 -4"><span class='ocrx_word' id='word_1_40' title='bbox 105 433 204 456; x_wconf 78' lang='lat' dir='ltr'><strong>perne.</strong></span> <span class='ocrx_word' id='word_1_41' title='bbox 221 426 420 453; x_wconf 84' lang='lat' dir='ltr'><strong>Animadvertit</strong></span> <span class='ocrx_word' id='word_1_42' title='bbox 434 431 459 452; x_wconf 90' lang='lat' dir='ltr'><strong>et</strong></span> <span class='ocrx_word' id='word_1_43' title='bbox 477 426 527 453; x_wconf 87' lang='lat' dir='ltr'><strong>hoc</strong></span> <span class='ocrx_word' id='word_1_44' title='bbox 543 426 744 453; x_wconf 89' lang='lat' dir='ltr'><strong>eruditissimus</strong></span> <span class='ocrx_word' id='word_1_45' title='bbox 760 425 907 452; x_wconf 71' lang='lat' dir='ltr'><strong>Gothofre-</strong></span> 
     </span>
    </p>
   </div>
   <div class='ocr_carea' id='block_1_8' title="bbox 107 466 908 502">
    <p class='ocr_par' dir='ltr' id='par_1_8' title="bbox 107 466 908 502">
     <span class='ocr_line' id='line_1_8' title="bbox 107 466 908 502; baseline -0.002 -8"><span class='ocrx_word' id='word_1_46' title='bbox 107 468 177 499; x_wconf 82' lang='lat' dir='ltr'><strong>dus,</strong></span> <span class='ocrx_word' id='word_1_47' title='bbox 201 467 248 494; x_wconf 88' lang='lat' dir='ltr'><strong>sed</strong></span> <span class='ocrx_word' id='word_1_48' title='bbox 270 466 369 494; x_wconf 78' lang='lat' dir='ltr'><strong>infelici</strong></span> <span class='ocrx_word' id='word_1_49' title='bbox 395 467 550 501; x_wconf 74' lang='lat' dir='ltr'><strong>conjectura</strong></span> <span class='ocrx_word' id='word_1_50' title='bbox 577 467 668 502; x_wconf 70' lang='lat' dir='ltr'><strong>Hygia:</strong></span> <span class='ocrx_word' id='word_1_51' title='bbox 694 467 853 498; x_wconf 63' lang='lat' dir='ltr'><strong>Palu-stium,</strong></span> <span class='ocrx_word' id='word_1_52' title='bbox 878 470 908 492; x_wconf 88' lang='lat' dir='ltr'><strong>ut.</strong></span> 
     </span>
    </p>
   </div>
   <div class='ocr_carea' id='block_1_9' title="bbox 108 507 906 540">
    <p class='ocr_par' dir='ltr' id='par_1_9' title="bbox 108 507 906 540">
     <span class='ocr_line' id='line_1_9' title="bbox 108 507 906 540; baseline -0.005 -5"><span class='ocrx_word' id='word_1_53' title='bbox 108 507 257 535; x_wconf 68' lang='lat' dir='ltr'><strong>Palmstina</strong></span> <span class='ocrx_word' id='word_1_54' title='bbox 275 507 408 536; x_wconf 87' lang='lat' dir='ltr'><strong>Salutaris</strong></span> <span class='ocrx_word' id='word_1_55' title='bbox 422 508 467 540; x_wconf 87' lang='lat' dir='ltr'><strong>sit,</strong></span> <span class='ocrx_word' id='word_1_56' title='bbox 483 508 589 534; x_wconf 86' lang='lat' dir='ltr'><strong>nomina</strong></span> <span class='ocrx_word' id='word_1_57' title='bbox 607 508 747 535; x_wconf 81' lang='lat' dir='ltr'><strong>substituit</strong></span> <span class='ocrx_word' id='word_1_58' title='bbox 763 517 770 534; x_wconf 88' lang='lat'><strong>:</strong></span> <span class='ocrx_word' id='word_1_59' title='bbox 789 511 819 533; x_wconf 91' lang='lat' dir='ltr'><strong>ut</strong></span> <span class='ocrx_word' id='word_1_60' title='bbox 834 507 906 533; x_wconf 89' lang='lat' dir='ltr'><strong>enim</strong></span> 
     </span>
    </p>
   </div>
   <div class='ocr_carea' id='block_1_10' title="bbox 109 548 908 584">
    <p class='ocr_par' dir='ltr' id='par_1_10' title="bbox 109 548 908 584">
     <span class='ocr_line' id='line_1_10' title="bbox 109 548 908 584; baseline -0.001 -9"><span class='ocrx_word' id='word_1_61' title='bbox 109 549 260 577; x_wconf 69' lang='lat' dir='ltr'><strong>Palu-stitia</strong></span> <span class='ocrx_word' id='word_1_62' title='bbox 277 550 411 577; x_wconf 74' lang='lat' dir='ltr'><strong>Salutat-is</strong></span> <span class='ocrx_word' id='word_1_63' title='bbox 424 550 481 576; x_wconf 93' lang='lat' dir='ltr'><strong>sive</strong></span> <span class='ocrx_word' id='word_1_64' title='bbox 496 550 666 584; x_wconf 83' lang='grc' dir='ltr'>Σαλουταρία</span> <span class='ocrx_word' id='word_1_65' title='bbox 684 549 710 576; x_wconf 90' lang='lat' dir='ltr'><strong>in</strong></span> <span class='ocrx_word' id='word_1_66' title='bbox 726 556 804 576; x_wconf 86' lang='lat' dir='ltr'><strong>conc.</strong></span> <span class='ocrx_word' id='word_1_67' title='bbox 821 548 908 583; x_wconf 86' lang='lat' dir='ltr'><strong>Ephe-</strong></span> 
     </span>
    </p>
   </div>
   <div class='ocr_carea' id='block_1_11' title="bbox 109 590 909 626">
    <p class='ocr_par' dir='ltr' id='par_1_11' title="bbox 109 590 909 626">
     <span class='ocr_line' id='line_1_11' title="bbox 109 590 909 626; baseline -0.004 -8"><span class='ocrx_word' id='word_1_68' title='bbox 109 591 175 618; x_wconf 74' lang='lat' dir='ltr'><strong>sino</strong></span> <span class='ocrx_word' id='word_1_69' title='bbox 189 599 215 626; x_wconf 89' lang='lat' dir='ltr'><strong>p.</strong></span> <span class='ocrx_word' id='word_1_70' title='bbox 233 591 286 617; x_wconf 72' lang='grc'><strong>170</strong></span> <span class='ocrx_word' id='word_1_71' title='bbox 303 595 330 618; x_wconf 87' lang='lat' dir='ltr'><strong>et</strong></span> <span class='ocrx_word' id='word_1_72' title='bbox 343 591 442 618; x_wconf 85' lang='lat' dir='ltr'><strong>Notitia</strong></span> <span class='ocrx_word' id='word_1_73' title='bbox 459 592 523 625; x_wconf 88' lang='lat' dir='ltr'><strong>imp.</strong></span> <span class='ocrx_word' id='word_1_74' title='bbox 541 590 648 618; x_wconf 85' lang='lat' dir='ltr'><strong>Orient.</strong></span> <span class='ocrx_word' id='word_1_75' title='bbox 665 595 745 625; x_wconf 85' lang='lat' dir='ltr'><strong>atque</strong></span> <span class='ocrx_word' id='word_1_76' title='bbox 763 590 825 617; x_wconf 90' lang='lat' dir='ltr'><strong>alibi</strong></span> <span class='ocrx_word' id='word_1_77' title='bbox 843 590 909 624; x_wconf 68' lang='lat' dir='ltr'><strong>legi-</strong></span> 
     </span>
    </p>
   </div>
   <div class='ocr_carea' id='block_1_12' title="bbox 111 631 908 666">
    <p class='ocr_par' dir='ltr' id='par_1_12' title="bbox 111 631 908 666">
     <span class='ocr_line' id='line_1_12' title="bbox 111 631 908 666; baseline -0.003 -8"><span class='ocrx_word' id='word_1_78' title='bbox 111 637 170 663; x_wconf 91' lang='lat' dir='ltr'><strong>tur,</strong></span> <span class='ocrx_word' id='word_1_79' title='bbox 184 632 245 665; x_wconf 82' lang='lat' dir='ltr'><strong>quis</strong></span> <span class='ocrx_word' id='word_1_80' title='bbox 257 639 375 666; x_wconf 87' lang='lat' dir='ltr'><strong>unquam</strong></span> <span class='ocrx_word' id='word_1_81' title='bbox 388 631 498 666; x_wconf 81' lang='lat' dir='ltr'><strong>Hygiam</strong></span> <span class='ocrx_word' id='word_1_82' title='bbox 513 632 656 666; x_wconf 77' lang='lat' dir='ltr'><strong>appellavit</strong></span> <span class='ocrx_word' id='word_1_83' title='bbox 668 636 715 658; x_wconf 90' lang='lat' dir='ltr'><strong>aut</strong></span> <span class='ocrx_word' id='word_1_84' title='bbox 726 631 814 658; x_wconf 90' lang='lat' dir='ltr'><strong>vocari</strong></span> <span class='ocrx_word' id='word_1_85' title='bbox 829 637 908 664; x_wconf 83' lang='lat' dir='ltr'><strong>posse</strong></span> 
     </span>
    </p>
   </div>
   <div class='ocr_carea' id='block_1_13' title="bbox 111 672 907 708">
    <p class='ocr_par' dir='ltr' id='par_1_13' title="bbox 111 672 907 708">
     <span class='ocr_line' id='line_1_13' title="bbox 111 672 907 708; baseline -0.003 -9"><span class='ocrx_word' id='word_1_86' title='bbox 111 673 245 700; x_wconf 80' lang='lat' dir='ltr'><strong>censuit?</strong></span> <span class='ocrx_word' id='word_1_87' title='bbox 261 675 366 700; x_wconf 88' lang='lat' dir='ltr'><strong>cautius</strong></span> <span class='ocrx_word' id='word_1_88' title='bbox 385 675 549 707; x_wconf 82' lang='lat' dir='ltr'><strong>navigasset,</strong></span> <span class='ocrx_word' id='word_1_89' title='bbox 571 674 593 701; x_wconf 91' lang='lat' dir='ltr'><strong>si</strong></span> <span class='ocrx_word' id='word_1_90' title='bbox 615 673 758 708; x_wconf 78' lang='lat' dir='ltr'><strong>Phrygiam</strong></span> <span class='ocrx_word' id='word_1_91' title='bbox 782 672 907 699; x_wconf 83' lang='lat' dir='ltr'><strong>Pacatia-</strong></span> 
     </span>
    </p>
   </div>
   <div class='ocr_carea' id='block_1_14' title="bbox 110 714 906 749">
    <p class='ocr_par' dir='ltr' id='par_1_14' title="bbox 110 714 906 749">
     <span class='ocr_line' id='line_1_14' title="bbox 110 714 906 749; baseline -0.004 -8"><span class='ocrx_word' id='word_1_92' title='bbox 110 722 191 745; x_wconf 83' lang='lat' dir='ltr'><strong>nam,</strong></span> <span class='ocrx_word' id='word_1_93' title='bbox 209 723 289 749; x_wconf 88' lang='lat' dir='ltr'><strong>quam</strong></span> <span class='ocrx_word' id='word_1_94' title='bbox 308 715 370 742; x_wconf 84' lang='lat' dir='ltr'><strong>aliis</strong></span> <span class='ocrx_word' id='word_1_95' title='bbox 394 715 463 741; x_wconf 87' lang='lat' dir='ltr'><strong>hami</strong></span> <span class='ocrx_word' id='word_1_96' title='bbox 488 715 686 749; x_wconf 74' lang='lat' dir='ltr'><strong>displicituram</strong></span> <span class='ocrx_word' id='word_1_97' title='bbox 710 714 906 748; x_wconf 69' lang='lat' dir='ltr'><strong>augurabatur,</strong></span> 
     </span>
    </p>
   </div>
   <div class='ocr_carea' id='block_1_15' title="bbox 111 755 906 791">
    <p class='ocr_par' dir='ltr' id='par_1_15' title="bbox 111 755 906 791">
     <span class='ocr_line' id='line_1_15' title="bbox 111 755 906 791; baseline -0.001 -9"><span class='ocrx_word' id='word_1_98' title='bbox 111 756 259 791; x_wconf 76' lang='lat' dir='ltr'><strong>mnplexus</strong></span> <span class='ocrx_word' id='word_1_99' title='bbox 281 760 354 784; x_wconf 84' lang='lat' dir='ltr'><strong>esset</strong></span> <span class='ocrx_word' id='word_1_100' title='bbox 378 765 385 783; x_wconf 90' lang='lat'><strong>:</strong></span> <span class='ocrx_word' id='word_1_101' title='bbox 407 765 468 783; x_wconf 81' lang='lat' dir='ltr'><strong>itam</strong></span> <span class='ocrx_word' id='word_1_102' title='bbox 489 758 559 791; x_wconf 85' lang='lat' dir='ltr'><strong>quod</strong></span> <span class='ocrx_word' id='word_1_103' title='bbox 584 758 634 785; x_wconf 86' lang='lat' dir='ltr'><strong>sub</strong></span> <span class='ocrx_word' id='word_1_104' title='bbox 659 756 812 784; x_wconf 79' lang='lat' dir='ltr'><strong>Theodosio</strong></span> <span class='ocrx_word' id='word_1_105' title='bbox 835 755 906 782; x_wconf 89' lang='lat' dir='ltr'><strong>nulla</strong></span> 
     </span>
    </p>
   </div>
   <div class='ocr_carea' id='block_1_16' title="bbox 111 797 908 832">
    <p class='ocr_par' dir='ltr' id='par_1_16' title="bbox 111 797 908 832">
     <span class='ocr_line' id='line_1_16' title="bbox 111 797 908 832; baseline -0.003 -8"><span class='ocrx_word' id='word_1_106' title='bbox 111 797 176 831; x_wconf 80' lang='lat' dir='ltr'><strong>ejus</strong></span> <span class='ocrx_word' id='word_1_107' title='bbox 190 798 217 824; x_wconf 94' lang='lat' dir='ltr'><strong>in</strong></span> <span class='ocrx_word' id='word_1_108' title='bbox 231 797 318 825; x_wconf 87' lang='lat' dir='ltr'><strong>indice</strong></span> <span class='ocrx_word' id='word_1_109' title='bbox 333 798 532 832; x_wconf 85' lang='lat' dir='ltr'><strong>provinciarum</strong></span> <span class='ocrx_word' id='word_1_110' title='bbox 547 797 774 826; x_wconf 81' lang='lat' dir='ltr'><strong>Schoonhoviano</strong></span> <span class='ocrx_word' id='word_1_111' title='bbox 789 797 817 824; x_wconf 88' lang='lat' dir='ltr'><strong>lit</strong></span> <span class='ocrx_word' id='word_1_112' title='bbox 831 803 908 824; x_wconf 89' lang='lat' dir='ltr'><strong>men-</strong></span> 
     </span>
    </p>
   </div>
   <div class='ocr_carea' id='block_1_17' title="bbox 114 837 908 871">
    <p class='ocr_par' dir='ltr' id='par_1_17' title="bbox 114 837 908 871">
     <span class='ocr_line' id='line_1_17' title="bbox 114 837 908 871; baseline -0.003 -6"><span class='ocrx_word' id='word_1_113' title='bbox 114 840 165 871; x_wconf 86' lang='lat' dir='ltr'><strong>tio,</strong></span> <span class='ocrx_word' id='word_1_114' title='bbox 184 839 209 866; x_wconf 92' lang='lat' dir='ltr'><strong>id</strong></span> <span class='ocrx_word' id='word_1_115' title='bbox 225 840 363 867; x_wconf 88' lang='lat' dir='ltr'><strong>enimvero</strong></span> <span class='ocrx_word' id='word_1_116' title='bbox 379 840 560 866; x_wconf 87' lang='lat' dir='ltr'><strong>emendationi</strong></span> <span class='ocrx_word' id='word_1_117' title='bbox 578 839 644 867; x_wconf 86' lang='lat' dir='ltr'><strong>nihil</strong></span> <span class='ocrx_word' id='word_1_118' title='bbox 661 839 759 867; x_wconf 83' lang='lat' dir='ltr'><strong>oberit.</strong></span> <span class='ocrx_word' id='word_1_119' title='bbox 779 837 908 865; x_wconf 85' lang='lat' dir='ltr'><strong>Seribunt</strong></span> 
     </span>
    </p>
   </div>
   <div class='ocr_carea' id='block_1_18' title="bbox 113 880 907 915">
    <p class='ocr_par' dir='ltr' id='par_1_18' title="bbox 113 880 907 915">
     <span class='ocr_line' id='line_1_18' title="bbox 113 880 907 915; baseline -0.001 -8"><span class='ocrx_word' id='word_1_120' title='bbox 113 882 294 914; x_wconf 78' lang='lat' dir='ltr'><strong>imperatores</strong></span> <span class='ocrx_word' id='word_1_121' title='bbox 305 881 507 909; x_wconf 71' lang='lat' dir='ltr'><strong>Valentinianus</strong></span> <span class='ocrx_word' id='word_1_122' title='bbox 514 886 540 908; x_wconf 89' lang='lat' dir='ltr'><strong>et</strong></span> <span class='ocrx_word' id='word_1_123' title='bbox 550 881 649 909; x_wconf 81' lang='lat' dir='ltr'><strong>Valens</strong></span> <span class='ocrx_word' id='word_1_124' title='bbox 657 881 790 915; x_wconf 85' lang='lat' dir='ltr'><strong>episcopis</strong></span> <span class='ocrx_word' id='word_1_125' title='bbox 800 880 907 907; x_wconf 70' lang='lat' dir='ltr'><strong>Asiana:</strong></span> 
     </span>
    </p>
   </div>
   <div class='ocr_carea' id='block_1_19' title="bbox 114 920 907 957">
    <p class='ocr_par' dir='ltr' id='par_1_19' title="bbox 114 920 907 957">
     <span class='ocr_line' id='line_1_19' title="bbox 114 920 907 957; baseline -0.001 -10"><span class='ocrx_word' id='word_1_126' title='bbox 114 922 266 948; x_wconf 74' lang='lat' dir='ltr'><strong>tliteceseos</strong></span> <span class='ocrx_word' id='word_1_127' title='bbox 277 922 400 956; x_wconf 84' lang='lat' dir='ltr'><strong>interque</strong></span> <span class='ocrx_word' id='word_1_128' title='bbox 414 930 462 950; x_wconf 85' lang='lat' dir='ltr'><strong>eos</strong></span> <span class='ocrx_word' id='word_1_129' title='bbox 472 924 527 954; x_wconf 76' lang='grc' dir='ltr'>τοῖς</span> <span class='ocrx_word' id='word_1_130' title='bbox 539 923 698 954; x_wconf 71' lang='grc' dir='ltr'><strong>ἐπισκόποις</strong></span> <span class='ocrx_word' id='word_1_131' title='bbox 712 920 907 957; x_wconf 69' lang='grc' dir='ltr'>Καροφρυγίας</span> 
     </span>
    </p>
   </div>
   <div class='ocr_carea' id='block_1_20' title="bbox 115 962 905 997">
    <p class='ocr_par' dir='ltr' id='par_1_20' title="bbox 115 962 905 997">
     <span class='ocr_line' id='line_1_20' title="bbox 115 962 905 997; baseline 0.001 -9"><span class='ocrx_word' id='word_1_132' title='bbox 115 963 294 997; x_wconf 78' lang='grc' dir='ltr'><strong>Ιιακατιανῆς</strong></span> <span class='ocrx_word' id='word_1_133' title='bbox 318 965 387 995; x_wconf 84' lang='lat' dir='ltr'><strong>apud</strong></span> <span class='ocrx_word' id='word_1_134' title='bbox 401 963 602 992; x_wconf 81' lang='lat' dir='ltr'><strong>Theodoretuut</strong></span> <span class='ocrx_word' id='word_1_135' title='bbox 629 965 663 992; x_wconf 86' lang='lat' dir='ltr'><strong>Ii.</strong></span> <span class='ocrx_word' id='word_1_136' title='bbox 684 964 717 991; x_wconf 79' lang='grc' dir='ltr'><strong>Ε.</strong></span> <span class='ocrx_word' id='word_1_137' title='bbox 740 972 776 996; x_wconf 86' lang='lat' dir='ltr'><strong>tv,</strong></span> <span class='ocrx_word' id='word_1_138' title='bbox 801 963 818 990; x_wconf 89' lang='lat'>8</span> <span class='ocrx_word' id='word_1_139' title='bbox 837 968 864 990; x_wconf 86' lang='lat' dir='ltr'><strong>et</strong></span> <span class='ocrx_word' id='word_1_140' title='bbox 878 962 905 995; x_wconf 86' lang='lat'><strong>9,</strong></span> 
     </span>
    </p>
   </div>
   <div class='ocr_carea' id='block_1_21' title="bbox 115 1005 907 1039">
    <p class='ocr_par' dir='ltr' id='par_1_21' title="bbox 115 1005 907 1039">
     <span class='ocr_line' id='line_1_21' title="bbox 115 1005 907 1039; baseline 0 -8"><span class='ocrx_word' id='word_1_141' title='bbox 115 1005 275 1039; x_wconf 86' lang='lat' dir='ltr'><strong>nullumque</strong></span> <span class='ocrx_word' id='word_1_142' title='bbox 284 1006 316 1031; x_wconf 85' lang='lat' dir='ltr'><strong>de</strong></span> <span class='ocrx_word' id='word_1_143' title='bbox 327 1005 470 1033; x_wconf 81' lang='lat' dir='ltr'><strong>Pacatiana</strong></span> <span class='ocrx_word' id='word_1_144' title='bbox 481 1006 634 1034; x_wconf 83' lang='lat' dir='ltr'><strong>Theodosio</strong></span> <span class='ocrx_word' id='word_1_145' title='bbox 646 1007 808 1039; x_wconf 75' lang='lat' dir='ltr'><strong>imperatore</strong></span> <span class='ocrx_word' id='word_1_146' title='bbox 817 1005 907 1039; x_wconf 83' lang='lat' dir='ltr'><strong>priore</strong></span> 
     </span>
    </p>
   </div>
   <div class='ocr_carea' id='block_1_22' title="bbox 115 1045 908 1082">
    <p class='ocr_par' dir='ltr' id='par_1_22' title="bbox 115 1045 908 1082">
     <span class='ocr_line' id='line_1_22' title="bbox 115 1045 908 1082; baseline 0.001 -10"><span class='ocrx_word' id='word_1_147' title='bbox 115 1045 227 1073; x_wconf 87' lang='lat' dir='ltr'><strong>dubium</strong></span> <span class='ocrx_word' id='word_1_148' title='bbox 242 1047 406 1081; x_wconf 83' lang='lat' dir='ltr'><strong>relinquunt.</strong></span> <span class='ocrx_word' id='word_1_149' title='bbox 424 1048 528 1074; x_wconf 74' lang='lat' dir='ltr'><strong>Maneat</strong></span> <span class='ocrx_word' id='word_1_150' title='bbox 543 1054 607 1082; x_wconf 77' lang='lat' dir='ltr'><strong>ergo</strong></span> <span class='ocrx_word' id='word_1_151' title='bbox 618 1047 754 1081; x_wconf 88' lang='lat' dir='ltr'><strong>provincia</strong></span> <span class='ocrx_word' id='word_1_152' title='bbox 772 1047 828 1074; x_wconf 79' lang='lat' dir='ltr'><strong>lucc</strong></span> <span class='ocrx_word' id='word_1_153' title='bbox 839 1054 908 1081; x_wconf 50' lang='lat' dir='ltr'><strong>prat—</strong></span> 
     </span>
    </p>
   </div>
   <div class='ocr_carea' id='block_1_23' title="bbox 115 1087 907 1124">
    <p class='ocr_par' dir='ltr' id='par_1_23' title="bbox 115 1087 907 1124">
     <span class='ocr_line' id='line_1_23' title="bbox 115 1087 907 1124; baseline 0.004 -12"><span class='ocrx_word' id='word_1_154' title='bbox 115 1087 233 1118; x_wconf 82' lang='lat' dir='ltr'><strong>sidialis,</strong></span> <span class='ocrx_word' id='word_1_155' title='bbox 247 1095 327 1122; x_wconf 86' lang='lat' dir='ltr'><strong>quam</strong></span> <span class='ocrx_word' id='word_1_156' title='bbox 342 1089 394 1115; x_wconf 84' lang='lat' dir='ltr'><strong>etsi</strong></span> <span class='ocrx_word' id='word_1_157' title='bbox 408 1089 583 1124; x_wconf 79' lang='lat' dir='ltr'><strong>Capalianam</strong></span> <span class='ocrx_word' id='word_1_158' title='bbox 596 1097 658 1117; x_wconf 89' lang='lat' dir='ltr'><strong>cum</strong></span> <span class='ocrx_word' id='word_1_159' title='bbox 672 1088 850 1116; x_wconf 83' lang='lat' dir='ltr'><strong>Constantino</strong></span> <span class='ocrx_word' id='word_1_160' title='bbox 861 1089 907 1115; x_wconf 87' lang='lat' dir='ltr'><strong>im-</strong></span> 
     </span>
    </p>
   </div>
   <div class='ocr_carea' id='block_1_24' title="bbox 117 1129 907 1166">
    <p class='ocr_par' dir='ltr' id='par_1_24' title="bbox 117 1129 907 1166">
     <span class='ocr_line' id='line_1_24' title="bbox 117 1129 907 1166; baseline 0.003 -12"><span class='ocrx_word' id='word_1_161' title='bbox 117 1134 242 1162; x_wconf 84' lang='lat' dir='ltr'><strong>peratore</strong></span> <span class='ocrx_word' id='word_1_162' title='bbox 258 1129 275 1155; x_wconf 93' lang='lat' dir='ltr'><strong>l.</strong></span> <span class='ocrx_word' id='word_1_163' title='bbox 294 1137 300 1156; x_wconf 97' lang='lat' dir='ltr'><strong>I</strong></span> <span class='ocrx_word' id='word_1_164' title='bbox 314 1129 409 1157; x_wconf 83' lang='lat' dir='ltr'><strong>Them.</strong></span> <span class='ocrx_word' id='word_1_165' title='bbox 428 1130 439 1156; x_wconf 86' lang='lat' dir='ltr'><strong>I</strong></span> <span class='ocrx_word' id='word_1_166' title='bbox 455 1135 482 1158; x_wconf 88' lang='lat' dir='ltr'><strong>et</strong></span> <span class='ocrx_word' id='word_1_167' title='bbox 497 1130 622 1157; x_wconf 87' lang='lat' dir='ltr'><strong>Patribus</strong></span> <span class='ocrx_word' id='word_1_168' title='bbox 637 1131 730 1166; x_wconf 85' lang='lat' dir='ltr'><strong>synodi</strong></span> <span class='ocrx_word' id='word_1_169' title='bbox 747 1129 907 1157; x_wconf 73' lang='lat' dir='ltr'><strong>Laodicenm</strong></span> 
     </span>
    </p>
   </div>
   <div class='ocr_carea' id='block_1_25' title="bbox 117 1169 906 1205">
    <p class='ocr_par' dir='ltr' id='par_1_25' title="bbox 117 1169 906 1205">
     <span class='ocr_line' id='line_1_25' title="bbox 117 1169 906 1205; baseline 0.005 -11"><span class='ocrx_word' id='word_1_170' title='bbox 117 1171 189 1201; x_wconf 84' lang='lat' dir='ltr'><strong>apud</strong></span> <span class='ocrx_word' id='word_1_171' title='bbox 207 1169 379 1204; x_wconf 77' lang='lat' dir='ltr'><strong>Beveregium</strong></span> <span class='ocrx_word' id='word_1_172' title='bbox 396 1176 462 1199; x_wconf 93' lang='lat' dir='ltr'><strong>tom.</strong></span> <span class='ocrx_word' id='word_1_173' title='bbox 476 1171 497 1203; x_wconf 90' lang='lat' dir='ltr'><strong>l,</strong></span> <span class='ocrx_word' id='word_1_174' title='bbox 515 1179 542 1205; x_wconf 87' lang='lat' dir='ltr'><strong>p.</strong></span> <span class='ocrx_word' id='word_1_175' title='bbox 561 1171 613 1198; x_wconf 72' lang='grc'><strong>455</strong></span> <span class='ocrx_word' id='word_1_176' title='bbox 627 1177 653 1199; x_wconf 87' lang='lat' dir='ltr'><strong>ct</strong></span> <span class='ocrx_word' id='word_1_177' title='bbox 664 1179 729 1199; x_wconf 90' lang='lat' dir='ltr'><strong>mss.</strong></span> <span class='ocrx_word' id='word_1_178' title='bbox 745 1171 906 1205; x_wconf 80' lang='lat' dir='ltr'><strong>quibusdam</strong></span> 
     </span>
    </p>
   </div>
   <div class='ocr_carea' id='block_1_26' title="bbox 116 1210 906 1248">
    <p class='ocr_par' dir='ltr' id='par_1_26' title="bbox 116 1210 906 1248">
     <span class='ocr_line' id='line_1_26' title="bbox 116 1210 906 1248; baseline 0.003 -12"><span class='ocrx_word' id='word_1_179' title='bbox 116 1210 248 1238; x_wconf 77' lang='lat' dir='ltr'><strong>Paullina:</strong></span> <span class='ocrx_word' id='word_1_180' title='bbox 272 1212 305 1238; x_wconf 89' lang='lat' dir='ltr'><strong>ad</strong></span> <span class='ocrx_word' id='word_1_181' title='bbox 322 1211 492 1239; x_wconf 85' lang='lat' dir='ltr'><strong>Timotheum</strong></span> <span class='ocrx_word' id='word_1_182' title='bbox 514 1213 640 1248; x_wconf 74' lang='lat' dir='ltr'><strong>Epistolze</strong></span> <span class='ocrx_word' id='word_1_183' title='bbox 666 1218 757 1240; x_wconf 84' lang='lat' dir='ltr'><strong>noster</strong></span> <span class='ocrx_word' id='word_1_184' title='bbox 780 1212 906 1247; x_wconf 77' lang='lat' dir='ltr'><strong>appellet,</strong></span> 
     </span>
    </p>
   </div>
   <div class='ocr_carea' id='block_1_27' title="bbox 119 1251 907 1288">
    <p class='ocr_par' dir='ltr' id='par_1_27' title="bbox 119 1251 907 1288">
     <span class='ocr_line' id='line_1_27' title="bbox 119 1251 907 1288; baseline 0.004 -11"><span class='ocrx_word' id='word_1_185' title='bbox 119 1257 210 1278; x_wconf 85' lang='lat' dir='ltr'><strong>tamen</strong></span> <span class='ocrx_word' id='word_1_186' title='bbox 229 1251 411 1284; x_wconf 85' lang='lat' dir='ltr'><strong>Pacatianam,</strong></span> <span class='ocrx_word' id='word_1_187' title='bbox 430 1253 515 1281; x_wconf 86' lang='lat' dir='ltr'><strong>fretus</strong></span> <span class='ocrx_word' id='word_1_188' title='bbox 532 1254 726 1288; x_wconf 82' lang='lat' dir='ltr'><strong>imperatorum</strong></span> <span class='ocrx_word' id='word_1_189' title='bbox 741 1259 769 1281; x_wconf 88' lang='lat' dir='ltr'><strong>et</strong></span> <span class='ocrx_word' id='word_1_190' title='bbox 780 1254 907 1281; x_wconf 84' lang='lat' dir='ltr'><strong>concilio-</strong></span> 
     </span>
    </p>
   </div>
   <div class='ocr_carea' id='block_1_28' title="bbox 120 1293 906 1329">
    <p class='ocr_par' dir='ltr' id='par_1_28' title="bbox 120 1293 906 1329">
     <span class='ocr_line' id='line_1_28' title="bbox 120 1293 906 1329; baseline 0.003 -10"><span class='ocrx_word' id='word_1_191' title='bbox 120 1301 180 1320; x_wconf 92' lang='lat' dir='ltr'><strong>rum</strong></span> <span class='ocrx_word' id='word_1_192' title='bbox 203 1293 341 1328; x_wconf 79' lang='lat' dir='ltr'><strong>Ephesini,</strong></span> <span class='ocrx_word' id='word_1_193' title='bbox 361 1295 601 1328; x_wconf 82' lang='lat' dir='ltr'><strong>Chalcedonensis,</strong></span> <span class='ocrx_word' id='word_1_194' title='bbox 617 1295 906 1329; x_wconf 83' lang='lat' dir='ltr'><strong>Constantinopolitsui</strong></span> 
     </span>
    </p>
   </div>
   <div class='ocr_carea' id='block_1_29' title="bbox 119 1334 909 1371">
    <p class='ocr_par' dir='ltr' id='par_1_29' title="bbox 119 1334 909 1371">
     <span class='ocr_line' id='line_1_29' title="bbox 119 1334 909 1371; baseline 0.004 -11"><span class='ocrx_word' id='word_1_195' title='bbox 119 1334 192 1361; x_wconf 79' lang='lat' dir='ltr'><strong>tertii</strong></span> <span class='ocrx_word' id='word_1_196' title='bbox 205 1335 360 1369; x_wconf 65' lang='lat' dir='ltr'><strong>Niemnique</strong></span> <span class='ocrx_word' id='word_1_197' title='bbox 371 1336 495 1368; x_wconf 80' lang='lat' dir='ltr'><strong>secundi,</strong></span> <span class='ocrx_word' id='word_1_198' title='bbox 509 1341 693 1371; x_wconf 77' lang='lat' dir='ltr'><strong>praetereaque</strong></span> <span class='ocrx_word' id='word_1_199' title='bbox 706 1336 824 1363; x_wconf 76' lang='lat' dir='ltr'><strong>Novella:</strong></span> <span class='ocrx_word' id='word_1_200' title='bbox 834 1336 869 1363; x_wconf 77' lang='grc'>20</span> <span class='ocrx_word' id='word_1_201' title='bbox 881 1340 909 1364; x_wconf 88' lang='lat' dir='ltr'><strong>et</strong></span> 
     </span>
    </p>
   </div>
   <div class='ocr_carea' id='block_1_30' title="bbox 119 1376 906 1410">
    <p class='ocr_par' dir='ltr' id='par_1_30' title="bbox 119 1376 906 1410">
     <span class='ocr_line' id='line_1_30' title="bbox 119 1376 906 1410; baseline 0.004 -9"><span class='ocrx_word' id='word_1_202' title='bbox 119 1376 235 1409; x_wconf 88' lang='lat' dir='ltr'><strong>plurium</strong></span> <span class='ocrx_word' id='word_1_203' title='bbox 249 1376 370 1410; x_wconf 65' lang='lat' dir='ltr'><strong>epistola:</strong></span> <span class='ocrx_word' id='word_1_204' title='bbox 387 1376 513 1404; x_wconf 72' lang='lat' dir='ltr'><strong>Paullina:</strong></span> <span class='ocrx_word' id='word_1_205' title='bbox 528 1378 650 1404; x_wconf 87' lang='lat' dir='ltr'><strong>codicum</strong></span> <span class='ocrx_word' id='word_1_206' title='bbox 664 1377 834 1409; x_wconf 83' lang='lat' dir='ltr'><strong>auctoritate,</strong></span> <span class='ocrx_word' id='word_1_207' title='bbox 850 1385 906 1404; x_wconf 88' lang='lat' dir='ltr'><strong>ma-</strong></span> 
     </span>
    </p>
   </div>
   <div class='ocr_carea' id='block_1_31' title="bbox 119 1416 909 1453">
    <p class='ocr_par' dir='ltr' id='par_1_31' title="bbox 119 1416 909 1453">
     <span class='ocr_line' id='line_1_31' title="bbox 119 1416 909 1453; baseline 0.004 -10"><span class='ocrx_word' id='word_1_208' title='bbox 119 1417 203 1444; x_wconf 87' lang='lat' dir='ltr'><strong>iuero.</strong></span> <span class='ocrx_word' id='word_1_209' title='bbox 218 1416 290 1444; x_wconf 88' lang='lat' dir='ltr'><strong>Idem</strong></span> <span class='ocrx_word' id='word_1_210' title='bbox 305 1417 426 1445; x_wconf 83' lang='lat' dir='ltr'><strong>vocabuli</strong></span> <span class='ocrx_word' id='word_1_211' title='bbox 443 1419 518 1452; x_wconf 80' lang='lat' dir='ltr'><strong>origo</strong></span> <span class='ocrx_word' id='word_1_212' title='bbox 531 1418 638 1450; x_wconf 82' lang='lat' dir='ltr'><strong>saadet,</strong></span> <span class='ocrx_word' id='word_1_213' title='bbox 652 1426 732 1453; x_wconf 85' lang='lat' dir='ltr'><strong>quam</strong></span> <span class='ocrx_word' id='word_1_214' title='bbox 746 1417 850 1445; x_wconf 84' lang='lat' dir='ltr'><strong>Latinis</strong></span> <span class='ocrx_word' id='word_1_215' title='bbox 863 1426 909 1446; x_wconf 85' lang='lat' dir='ltr'><strong>ac-</strong></span> 
     </span>
    </p>
   </div>
   <div class='ocr_carea' id='block_1_32' title="bbox 119 1458 904 1493">
    <p class='ocr_par' dir='ltr' id='par_1_32' title="bbox 119 1458 904 1493">
     <span class='ocr_line' id='line_1_32' title="bbox 119 1458 904 1493; baseline 0.005 -9"><span class='ocrx_word' id='word_1_216' title='bbox 119 1462 224 1491; x_wconf 83' lang='lat' dir='ltr'><strong>ceptam</strong></span> <span class='ocrx_word' id='word_1_217' title='bbox 239 1458 327 1485; x_wconf 65' lang='lat' dir='ltr'><strong>refero</strong></span> <span class='ocrx_word' id='word_1_218' title='bbox 338 1478 346 1490; x_wconf 91' lang='lat'><strong>,</strong></span> <span class='ocrx_word' id='word_1_219' title='bbox 362 1459 468 1486; x_wconf 87' lang='lat' dir='ltr'><strong>tametsi</strong></span> <span class='ocrx_word' id='word_1_220' title='bbox 496 1459 613 1486; x_wconf 88' lang='lat' dir='ltr'><strong>nominis</strong></span> <span class='ocrx_word' id='word_1_221' title='bbox 626 1460 652 1486; x_wconf 90' lang='lat' dir='ltr'><strong>in</strong></span> <span class='ocrx_word' id='word_1_222' title='bbox 671 1459 788 1487; x_wconf 90' lang='lat' dir='ltr'><strong>obscuro</strong></span> <span class='ocrx_word' id='word_1_223' title='bbox 803 1467 904 1493; x_wconf 84' lang='lat' dir='ltr'><strong>causa;</strong></span> 
     </span>
    </p>
   </div>
   <div class='ocr_carea' id='block_1_33' title="bbox 119 1499 908 1534">
    <p class='ocr_par' dir='ltr' id='par_1_33' title="bbox 119 1499 908 1534">
     <span class='ocr_line' id='line_1_33' title="bbox 119 1499 908 1534; baseline 0.004 -9"><span class='ocrx_word' id='word_1_224' title='bbox 119 1499 189 1532; x_wconf 87' lang='lat' dir='ltr'><strong>quod</strong></span> <span class='ocrx_word' id='word_1_225' title='bbox 199 1500 270 1526; x_wconf 86' lang='lat' dir='ltr'><strong>enim</strong></span> <span class='ocrx_word' id='word_1_226' title='bbox 282 1499 315 1527; x_wconf 85' lang='lat' dir='ltr'><strong>de</strong></span> <span class='ocrx_word' id='word_1_227' title='bbox 328 1499 484 1533; x_wconf 83' lang='lat' dir='ltr'><strong>Pacatiano,</strong></span> <span class='ocrx_word' id='word_1_228' title='bbox 493 1501 539 1534; x_wconf 90' lang='lat' dir='ltr'><strong>qui</strong></span> <span class='ocrx_word' id='word_1_229' title='bbox 555 1508 625 1528; x_wconf 88' lang='lat' dir='ltr'><strong>anno</strong></span> <span class='ocrx_word' id='word_1_230' title='bbox 632 1500 684 1528; x_wconf 75' lang='grc'><strong>552</strong></span> <span class='ocrx_word' id='word_1_231' title='bbox 694 1508 755 1527; x_wconf 87' lang='lat' dir='ltr'><strong>cum</strong></span> <span class='ocrx_word' id='word_1_232' title='bbox 768 1500 908 1528; x_wconf 82' lang='lat' dir='ltr'><strong>Hilariano</strong></span> 
     </span>
    </p>
   </div>
   <div class='ocr_carea' id='block_1_34' title="bbox 119 1541 906 1578">
    <p class='ocr_par' dir='ltr' id='par_1_34' title="bbox 119 1541 906 1578">
     <span class='ocr_line' id='line_1_34' title="bbox 119 1541 906 1578; baseline 0.004 -11"><span class='ocrx_word' id='word_1_233' title='bbox 119 1541 213 1567; x_wconf 79' lang='lat' dir='ltr'><strong>consul</strong></span> <span class='ocrx_word' id='word_1_234' title='bbox 229 1543 361 1575; x_wconf 90' lang='lat' dir='ltr'><strong>processit</strong></span> <span class='ocrx_word' id='word_1_235' title='bbox 384 1546 411 1568; x_wconf 90' lang='lat' dir='ltr'><strong>et</strong></span> <span class='ocrx_word' id='word_1_236' title='bbox 425 1542 475 1569; x_wconf 88' lang='lat' dir='ltr'><strong>sub</strong></span> <span class='ocrx_word' id='word_1_237' title='bbox 498 1541 676 1569; x_wconf 85' lang='lat' dir='ltr'><strong>Constantino</strong></span> <span class='ocrx_word' id='word_1_238' title='bbox 695 1543 813 1576; x_wconf 67' lang='lat' dir='ltr'><strong>praetorii</strong></span> <span class='ocrx_word' id='word_1_239' title='bbox 837 1551 906 1578; x_wconf 80' lang='lat' dir='ltr'><strong>pra:-</strong></span> 
     </span>
    </p>
   </div>
   <div class='ocr_carea' id='block_1_35' title="bbox 119 1581 907 1615">
    <p class='ocr_par' dir='ltr' id='par_1_35' title="bbox 119 1581 907 1615">
     <span class='ocr_line' id='line_1_35' title="bbox 119 1581 907 1615; baseline 0.004 -7"><span class='ocrx_word' id='word_1_240' title='bbox 119 1581 252 1608; x_wconf 75' lang='lat' dir='ltr'><strong>fecturam</strong></span> <span class='ocrx_word' id='word_1_241' title='bbox 281 1583 493 1615; x_wconf 86' lang='lat' dir='ltr'><strong>administravit,</strong></span> <span class='ocrx_word' id='word_1_242' title='bbox 519 1583 551 1611; x_wconf 83' lang='lat' dir='ltr'><strong>G.</strong></span> <span class='ocrx_word' id='word_1_243' title='bbox 577 1583 777 1611; x_wconf 85' lang='lat' dir='ltr'><strong>Pancirolusin</strong></span> <span class='ocrx_word' id='word_1_244' title='bbox 804 1584 907 1612; x_wconf 83' lang='lat' dir='ltr'><strong>Notitia</strong></span> 
     </span>
    </p>
   </div>
   <div class='ocr_carea' id='block_1_36' title="bbox 119 1623 907 1662">
    <p class='ocr_par' dir='ltr' id='par_1_36' title="bbox 119 1623 907 1662">
     <span class='ocr_line' id='line_1_36' title="bbox 119 1623 907 1662; baseline 0.006 -13"><span class='ocrx_word' id='word_1_245' title='bbox 119 1623 184 1658; x_wconf 90' lang='lat' dir='ltr'><strong>imp.</strong></span> <span class='ocrx_word' id='word_1_246' title='bbox 203 1623 306 1652; x_wconf 88' lang='lat' dir='ltr'><strong>Orient.</strong></span> <span class='ocrx_word' id='word_1_247' title='bbox 321 1633 346 1653; x_wconf 86' lang='lat' dir='ltr'><strong>c.</strong></span> <span class='ocrx_word' id='word_1_248' title='bbox 364 1625 415 1653; x_wconf 75' lang='grc'><strong>125</strong></span> <span class='ocrx_word' id='word_1_249' title='bbox 433 1625 511 1659; x_wconf 87' lang='lat' dir='ltr'><strong>jecit,</strong></span> <span class='ocrx_word' id='word_1_250' title='bbox 528 1625 555 1653; x_wconf 94' lang='lat' dir='ltr'><strong>id</strong></span> <span class='ocrx_word' id='word_1_251' title='bbox 573 1627 599 1652; x_wconf 91' lang='lat' dir='ltr'><strong>in</strong></span> <span class='ocrx_word' id='word_1_252' title='bbox 619 1634 711 1653; x_wconf 89' lang='lat' dir='ltr'><strong>eorum</strong></span> <span class='ocrx_word' id='word_1_253' title='bbox 729 1634 827 1662; x_wconf 82' lang='lat' dir='ltr'><strong>genere</strong></span> <span class='ocrx_word' id='word_1_254' title='bbox 842 1634 907 1654; x_wconf 87' lang='lat' dir='ltr'><strong>cen-</strong></span> 
     </span>
    </p>
   </div>
   <div class='ocr_carea' id='block_1_37' title="bbox 119 1667 906 1702">
    <p class='ocr_par' dir='ltr' id='par_1_37' title="bbox 119 1667 906 1702">
     <span class='ocr_line' id='line_1_37' title="bbox 119 1667 906 1702; baseline 0.004 -10"><span class='ocrx_word' id='word_1_255' title='bbox 119 1671 195 1693; x_wconf 82' lang='lat' dir='ltr'><strong>setur</strong></span> <span class='ocrx_word' id='word_1_256' title='bbox 203 1674 263 1701; x_wconf 66' lang='lat' dir='ltr'><strong>qua:</strong></span> <span class='ocrx_word' id='word_1_257' title='bbox 274 1667 390 1702; x_wconf 87' lang='lat' dir='ltr'><strong>speciem</strong></span> <span class='ocrx_word' id='word_1_258' title='bbox 402 1675 457 1702; x_wconf 72' lang='lat' dir='ltr'><strong>pra:</strong></span> <span class='ocrx_word' id='word_1_259' title='bbox 470 1676 498 1696; x_wconf 90' lang='lat' dir='ltr'><strong>se</strong></span> <span class='ocrx_word' id='word_1_260' title='bbox 514 1669 614 1700; x_wconf 86' lang='lat' dir='ltr'><strong>ferunt,</strong></span> <span class='ocrx_word' id='word_1_261' title='bbox 624 1674 651 1694; x_wconf 89' lang='lat' dir='ltr'><strong>at</strong></span> <span class='ocrx_word' id='word_1_262' title='bbox 666 1676 731 1695; x_wconf 88' lang='lat' dir='ltr'><strong>vero</strong></span> <span class='ocrx_word' id='word_1_263' title='bbox 742 1673 805 1696; x_wconf 88' lang='lat' dir='ltr'><strong>sunt</strong></span> <span class='ocrx_word' id='word_1_264' title='bbox 817 1676 906 1700; x_wconf 85' lang='lat' dir='ltr'><strong>cassa,</strong></span> 
     </span>
    </p>
   </div>
   <div class='ocr_carea' id='block_1_38' title="bbox 121 1709 906 1745">
    <p class='ocr_par' dir='ltr' id='par_1_38' title="bbox 121 1709 906 1745">
     <span class='ocr_line' id='line_1_38' title="bbox 121 1709 906 1745; baseline 0.003 -10"><span class='ocrx_word' id='word_1_265' title='bbox 121 1709 268 1742; x_wconf 60' lang='lat' dir='ltr'><strong>praesertim</strong></span> <span class='ocrx_word' id='word_1_266' title='bbox 293 1716 355 1736; x_wconf 83' lang='lat' dir='ltr'><strong>eum</strong></span> <span class='ocrx_word' id='word_1_267' title='bbox 373 1711 529 1744; x_wconf 69' lang='lat' dir='ltr'><strong>prmfectum</strong></span> <span class='ocrx_word' id='word_1_268' title='bbox 549 1711 667 1745; x_wconf 59' lang='lat' dir='ltr'><strong>praetorii</strong></span> <span class='ocrx_word' id='word_1_269' title='bbox 685 1709 816 1743; x_wconf 87' lang='lat' dir='ltr'><strong>Orientis,</strong></span> <span class='ocrx_word' id='word_1_270' title='bbox 835 1711 906 1745; x_wconf 91' lang='lat' dir='ltr'><strong>quod</strong></span> 
     </span>
    </p>
   </div>
   <div class='ocr_carea' id='block_1_39' title="bbox 119 1750 907 1786">
    <p class='ocr_par' dir='ltr' id='par_1_39' title="bbox 119 1750 907 1786">
     <span class='ocr_line' id='line_1_39' title="bbox 119 1750 907 1786; baseline 0.001 -9"><span class='ocrx_word' id='word_1_271' title='bbox 119 1750 161 1777; x_wconf 86' lang='lat' dir='ltr'><strong>vir</strong></span> <span class='ocrx_word' id='word_1_272' title='bbox 183 1751 280 1778; x_wconf 80' lang='lat' dir='ltr'><strong>doctus</strong></span> <span class='ocrx_word' id='word_1_273' title='bbox 304 1751 463 1785; x_wconf 75' lang='lat' dir='ltr'><strong>aﬂirmabal,</strong></span> <span class='ocrx_word' id='word_1_274' title='bbox 489 1752 578 1786; x_wconf 79' lang='lat' dir='ltr'><strong>egisse</strong></span> <span class='ocrx_word' id='word_1_275' title='bbox 605 1760 657 1779; x_wconf 90' lang='lat' dir='ltr'><strong>non</strong></span> <span class='ocrx_word' id='word_1_276' title='bbox 681 1758 831 1786; x_wconf 82' lang='lat' dir='ltr'><strong>appareat;</strong></span> <span class='ocrx_word' id='word_1_277' title='bbox 852 1752 907 1779; x_wconf 88' lang='lat' dir='ltr'><strong>imo</strong></span> 
     </span>
    </p>
   </div>
   <div class='ocr_carea' id='block_1_40' title="bbox 121 1791 905 1827">
    <p class='ocr_par' dir='ltr' id='par_1_40' title="bbox 121 1791 905 1827">
     <span class='ocr_line' id='line_1_40' title="bbox 121 1791 905 1827; baseline 0.004 -10"><span class='ocrx_word' id='word_1_278' title='bbox 121 1797 186 1818; x_wconf 85' lang='lat' dir='ltr'><strong>vero</strong></span> <span class='ocrx_word' id='word_1_279' title='bbox 197 1791 351 1826; x_wconf 71' lang='lat' dir='ltr'><strong>praefectura</strong></span> <span class='ocrx_word' id='word_1_280' title='bbox 365 1792 449 1820; x_wconf 68' lang='lat' dir='ltr'><strong>Italiae</strong></span> <span class='ocrx_word' id='word_1_281' title='bbox 464 1792 548 1820; x_wconf 87' lang='lat' dir='ltr'><strong>fuisse</strong></span> <span class='ocrx_word' id='word_1_282' title='bbox 562 1793 579 1820; x_wconf 91' lang='grc' dir='ltr'><strong>Ι.</strong></span> <span class='ocrx_word' id='word_1_283' title='bbox 591 1801 621 1826; x_wconf 85' lang='lat' dir='ltr'><strong>u,</strong></span> <span class='ocrx_word' id='word_1_284' title='bbox 634 1801 658 1820; x_wconf 88' lang='lat' dir='ltr'><strong>c.</strong></span> <span class='ocrx_word' id='word_1_285' title='bbox 674 1792 724 1820; x_wconf 87' lang='lat' dir='ltr'><strong>&#39;I&#39;h.</strong></span> <span class='ocrx_word' id='word_1_286' title='bbox 737 1794 769 1820; x_wconf 91' lang='lat' dir='ltr'><strong>de</strong></span> <span class='ocrx_word' id='word_1_287' title='bbox 779 1792 905 1827; x_wconf 74' lang='lat' dir='ltr'><strong>Sponsal.</strong></span> 
     </span>
    </p>
   </div>
   <div class='ocr_carea' id='block_1_41' title="bbox 120 1832 906 1869">
    <p class='ocr_par' dir='ltr' id='par_1_41' title="bbox 120 1832 906 1869">
     <span class='ocr_line' id='line_1_41' title="bbox 120 1832 906 1869; baseline 0.001 -10"><span class='ocrx_word' id='word_1_288' title='bbox 120 1837 148 1859; x_wconf 86' lang='lat' dir='ltr'><strong>et</strong></span> <span class='ocrx_word' id='word_1_289' title='bbox 161 1832 180 1860; x_wconf 94' lang='grc'><strong>1.</strong></span> <span class='ocrx_word' id='word_1_290' title='bbox 195 1841 215 1866; x_wconf 84' lang='grc' dir='ltr'><strong>ι,</strong></span> <span class='ocrx_word' id='word_1_291' title='bbox 228 1840 252 1861; x_wconf 87' lang='lat' dir='ltr'><strong>c.</strong></span> <span class='ocrx_word' id='word_1_292' title='bbox 265 1833 316 1860; x_wconf 81' lang='lat' dir='ltr'><strong>Th.</strong></span> <span class='ocrx_word' id='word_1_293' title='bbox 331 1835 364 1862; x_wconf 87' lang='lat' dir='ltr'><strong>de</strong></span> <span class='ocrx_word' id='word_1_294' title='bbox 376 1834 470 1867; x_wconf 60' lang='lat' dir='ltr'><strong>Suam,</strong></span> <span class='ocrx_word' id='word_1_295' title='bbox 485 1836 555 1869; x_wconf 85' lang='lat' dir='ltr'><strong>quod</strong></span> <span class='ocrx_word' id='word_1_296' title='bbox 572 1835 740 1862; x_wconf 79' lang='lat' dir='ltr'><strong>Gmhofredo</strong></span> <span class='ocrx_word' id='word_1_297' title='bbox 751 1842 803 1862; x_wconf 88' lang='lat' dir='ltr'><strong>non</strong></span> <span class='ocrx_word' id='word_1_298' title='bbox 819 1835 906 1866; x_wconf 81' lang='lat' dir='ltr'><strong>latuit,</strong></span> 
     </span>
    </p>
   </div>
   <div class='ocr_carea' id='block_1_42' title="bbox 122 1874 906 1911">
    <p class='ocr_par' dir='ltr' id='par_1_42' title="bbox 122 1874 906 1911">
     <span class='ocr_line' id='line_1_42' title="bbox 122 1874 906 1911; baseline 0.001 -10"><span class='ocrx_word' id='word_1_299' title='bbox 122 1874 225 1903; x_wconf 81' lang='lat' dir='ltr'><strong>docent.</strong></span> <span class='ocrx_word' id='word_1_300' title='bbox 241 1875 427 1911; x_wconf 84' lang='lat' dir='ltr'><strong>Carophrygia</strong></span> <span class='ocrx_word' id='word_1_301' title='bbox 445 1884 523 1909; x_wconf 87' lang='lat' dir='ltr'><strong>vero,</strong></span> <span class='ocrx_word' id='word_1_302' title='bbox 539 1881 569 1904; x_wconf 91' lang='lat' dir='ltr'><strong>ut</strong></span> <span class='ocrx_word' id='word_1_303' title='bbox 586 1883 619 1904; x_wconf 88' lang='lat' dir='ltr'><strong>eo</strong></span> <span class='ocrx_word' id='word_1_304' title='bbox 639 1877 758 1909; x_wconf 86' lang='lat' dir='ltr'><strong>redeam,</strong></span> <span class='ocrx_word' id='word_1_305' title='bbox 775 1876 826 1903; x_wconf 86' lang='lat' dir='ltr'><strong>nisi</strong></span> <span class='ocrx_word' id='word_1_306' title='bbox 843 1883 906 1904; x_wconf 82' lang='lat' dir='ltr'><strong>cum</strong></span> 
     </span>
    </p>
   </div>
   <div class='ocr_carea' id='block_1_43' title="bbox 124 1915 906 1953">
    <p class='ocr_par' dir='ltr' id='par_1_43' title="bbox 124 1915 906 1953">
     <span class='ocr_line' id='line_1_43' title="bbox 124 1915 906 1953; baseline 0.004 -11"><span class='ocrx_word' id='word_1_307' title='bbox 124 1915 227 1944; x_wconf 82' lang='lat' dir='ltr'><strong>Valesio</strong></span> <span class='ocrx_word' id='word_1_308' title='bbox 241 1924 334 1944; x_wconf 83' lang='lat' dir='ltr'><strong>vocem</strong></span> <span class='ocrx_word' id='word_1_309' title='bbox 352 1918 379 1944; x_wconf 92' lang='lat' dir='ltr'><strong>in</strong></span> <span class='ocrx_word' id='word_1_310' title='bbox 395 1919 460 1945; x_wconf 87' lang='lat' dir='ltr'><strong>duas</strong></span> <span class='ocrx_word' id='word_1_311' title='bbox 476 1917 630 1953; x_wconf 80' lang='lat' dir='ltr'><strong>provincias</strong></span> <span class='ocrx_word' id='word_1_312' title='bbox 650 1918 819 1951; x_wconf 83' lang='lat' dir='ltr'><strong>distraxeris,</strong></span> <span class='ocrx_word' id='word_1_313' title='bbox 833 1918 906 1946; x_wconf 86' lang='lat' dir='ltr'><strong>dicta</strong></span> 
     </span>
    </p>
   </div>
   <div class='ocr_carea' id='block_1_44' title="bbox 123 1959 905 1994">
    <p class='ocr_par' dir='ltr' id='par_1_44' title="bbox 123 1959 905 1994">
     <span class='ocr_line' id='line_1_44' title="bbox 123 1959 905 1994; baseline 0.003 -9"><span class='ocrx_word' id='word_1_314' title='bbox 123 1959 227 1986; x_wconf 87' lang='lat' dir='ltr'><strong>censeri</strong></span> <span class='ocrx_word' id='word_1_315' title='bbox 244 1959 354 1993; x_wconf 86' lang='lat' dir='ltr'><strong>poterit,</strong></span> <span class='ocrx_word' id='word_1_316' title='bbox 371 1961 441 1993; x_wconf 77' lang='lat' dir='ltr'><strong>quod</strong></span> <span class='ocrx_word' id='word_1_317' title='bbox 457 1960 543 1987; x_wconf 61' lang='lat' dir='ltr'><strong>Cariae</strong></span> <span class='ocrx_word' id='word_1_318' title='bbox 558 1960 680 1994; x_wconf 82' lang='lat' dir='ltr'><strong>proxime</strong></span> <span class='ocrx_word' id='word_1_319' title='bbox 695 1959 905 1988; x_wconf 71' lang='lat' dir='ltr'><strong>adhmresceret.</strong></span> 
     </span>
    </p>
   </div>
   <div class='ocr_carea' id='block_1_45' title="bbox 154 2002 906 2038">
    <p class='ocr_par' dir='ltr' id='par_1_45' title="bbox 154 2002 906 2038">
     <span class='ocr_line' id='line_1_45' title="bbox 154 2002 906 2038; baseline -0.001 -8"><span class='ocrx_word' id='word_1_320' title='bbox 154 2002 211 2030; x_wconf 89' lang='lat' dir='ltr'><strong>Col.</strong></span> <span class='ocrx_word' id='word_1_321' title='bbox 226 2003 288 2030; x_wconf 75' lang='grc'><strong>145.</strong></span> <span class='ocrx_word' id='word_1_322' title='bbox 304 2004 472 2031; x_wconf 81' lang='grc' dir='ltr'><strong>Λαοδίκεια.</strong></span> <span class='ocrx_word' id='word_1_323' title='bbox 488 2003 563 2031; x_wconf 83' lang='lat' dir='ltr'><strong>Hanc</strong></span> <span class='ocrx_word' id='word_1_324' title='bbox 587 2003 731 2038; x_wconf 78' lang='lat' dir='ltr'><strong>provinciae</strong></span> <span class='ocrx_word' id='word_1_325' title='bbox 745 2002 906 2036; x_wconf 88' lang='lat' dir='ltr'><strong>metropolin</strong></span> 
     </span>
    </p>
   </div>
   <div class='ocr_carea' id='block_1_46' title="bbox 122 2045 906 2080">
    <p class='ocr_par' dir='ltr' id='par_1_46' title="bbox 122 2045 906 2080">
     <span class='ocr_line' id='line_1_46' title="bbox 122 2045 906 2080; baseline 0 -8"><span class='ocrx_word' id='word_1_326' title='bbox 122 2046 280 2080; x_wconf 76' lang='lat' dir='ltr'><strong>subscriptio</strong></span> <span class='ocrx_word' id='word_1_327' title='bbox 289 2045 414 2080; x_wconf 68' lang='lat' dir='ltr'><strong>Epistolze</strong></span> <span class='ocrx_word' id='word_1_328' title='bbox 422 2046 549 2074; x_wconf 80' lang='lat' dir='ltr'><strong>Paullina:</strong></span> <span class='ocrx_word' id='word_1_329' title='bbox 558 2046 651 2080; x_wconf 63' lang='lat' dir='ltr'><strong>prima!</strong></span> <span class='ocrx_word' id='word_1_330' title='bbox 660 2046 692 2073; x_wconf 86' lang='lat' dir='ltr'><strong>ad</strong></span> <span class='ocrx_word' id='word_1_331' title='bbox 699 2045 870 2072; x_wconf 87' lang='lat' dir='ltr'><strong>Timotheum</strong></span> <span class='ocrx_word' id='word_1_332' title='bbox 878 2049 906 2072; x_wconf 89' lang='lat' dir='ltr'><strong>et</strong></span> 
     </span>
    </p>
   </div>
   <div class='ocr_carea' id='block_1_47' title="bbox 123 2087 907 2123">
    <p class='ocr_par' dir='ltr' id='par_1_47' title="bbox 123 2087 907 2123">
     <span class='ocr_line' id='line_1_47' title="bbox 123 2087 907 2123; baseline 0.001 -10"><span class='ocrx_word' id='word_1_333' title='bbox 123 2088 234 2114; x_wconf 84' lang='lat' dir='ltr'><strong>concilia</strong></span> <span class='ocrx_word' id='word_1_334' title='bbox 247 2087 454 2123; x_wconf 84' lang='lat' dir='ltr'><strong>Constantinop.</strong></span> <span class='ocrx_word' id='word_1_335' title='bbox 473 2088 582 2115; x_wconf 80' lang='lat' dir='ltr'><strong>tertium</strong></span> <span class='ocrx_word' id='word_1_336' title='bbox 605 2095 633 2123; x_wconf 91' lang='lat' dir='ltr'><strong>p.</strong></span> <span class='ocrx_word' id='word_1_337' title='bbox 651 2087 702 2115; x_wconf 70' lang='grc'><strong>496</strong></span> <span class='ocrx_word' id='word_1_338' title='bbox 713 2094 740 2115; x_wconf 88' lang='lat' dir='ltr'><strong>et</strong></span> <span class='ocrx_word' id='word_1_339' title='bbox 758 2087 907 2115; x_wconf 79' lang='lat' dir='ltr'><strong>Chalcedo-</strong></span> 
     </span>
    </p>
   </div>
   <div class='ocr_carea' id='block_1_48' title="bbox 123 2129 906 2165">
    <p class='ocr_par' dir='ltr' id='par_1_48' title="bbox 123 2129 906 2165">
     <span class='ocr_line' id='line_1_48' title="bbox 123 2129 906 2165; baseline 0 -9"><span class='ocrx_word' id='word_1_340' title='bbox 123 2136 204 2156; x_wconf 66' lang='lat' dir='ltr'><strong>nt-nse</strong></span> <span class='ocrx_word' id='word_1_341' title='bbox 213 2129 361 2163; x_wconf 88' lang='lat' dir='ltr'><strong>imponunt;</strong></span> <span class='ocrx_word' id='word_1_342' title='bbox 371 2137 484 2165; x_wconf 90' lang='lat' dir='ltr'><strong>quorum</strong></span> <span class='ocrx_word' id='word_1_343' title='bbox 493 2130 573 2156; x_wconf 89' lang='lat' dir='ltr'><strong>etiam</strong></span> <span class='ocrx_word' id='word_1_344' title='bbox 583 2130 716 2164; x_wconf 89' lang='lat' dir='ltr'><strong>posterius</strong></span> <span class='ocrx_word' id='word_1_345' title='bbox 723 2129 906 2165; x_wconf 80' lang='grc' dir='ltr'>Τριμιταρίαν</span> 
     </span>
    </p>
   </div>
   <div class='ocr_carea' id='block_1_49' title="bbox 123 2171 905 2205">
    <p class='ocr_par' dir='ltr' id='par_1_49' title="bbox 123 2171 905 2205">
     <span class='ocr_line' id='line_1_49' title="bbox 123 2171 905 2205; baseline 0.001 -8"><span class='ocrx_word' id='word_1_346' title='bbox 123 2178 191 2197; x_wconf 79' lang='lat' dir='ltr'><strong>novo</strong></span> <span class='ocrx_word' id='word_1_347' title='bbox 205 2171 282 2198; x_wconf 88' lang='lat' dir='ltr'><strong>titulo</strong></span> <span class='ocrx_word' id='word_1_348' title='bbox 299 2171 415 2205; x_wconf 84' lang='lat' dir='ltr'><strong>appellat</strong></span> <span class='ocrx_word' id='word_1_349' title='bbox 434 2179 460 2205; x_wconf 91' lang='lat' dir='ltr'><strong>p.</strong></span> <span class='ocrx_word' id='word_1_350' title='bbox 480 2171 542 2198; x_wconf 73' lang='lat'><strong>127.</strong></span> <span class='ocrx_word' id='word_1_351' title='bbox 559 2171 656 2198; x_wconf 86' lang='lat' dir='ltr'><strong>Latina</strong></span> <span class='ocrx_word' id='word_1_352' title='bbox 684 2171 792 2205; x_wconf 87' lang='lat' dir='ltr'><strong>quidem</strong></span> <span class='ocrx_word' id='word_1_353' title='bbox 816 2171 905 2198; x_wconf 85' lang='lat' dir='ltr'><strong>vcrsio</strong></span> 
     </span>
    </p>
   </div>
   <div class='ocr_carea' id='block_1_50' title="bbox 124 2211 906 2247">
    <p class='ocr_par' dir='ltr' id='par_1_50' title="bbox 124 2211 906 2247">
     <span class='ocr_line' id='line_1_50' title="bbox 124 2211 906 2247; baseline 0.001 -9"><span class='ocrx_word' id='word_1_354' title='bbox 124 2218 149 2245; x_wconf 90' lang='lat' dir='ltr'><strong>p.</strong></span> <span class='ocrx_word' id='word_1_355' title='bbox 174 2211 208 2239; x_wconf 78' lang='lat'><strong>92</strong></span> <span class='ocrx_word' id='word_1_356' title='bbox 229 2211 397 2239; x_wconf 84' lang='lat' dir='ltr'><strong>Nnnechium</strong></span> <span class='ocrx_word' id='word_1_357' title='bbox 423 2213 580 2247; x_wconf 84' lang='lat' dir='ltr'><strong>metropolis</strong></span> <span class='ocrx_word' id='word_1_358' title='bbox 608 2212 731 2247; x_wconf 74' lang='lat' dir='ltr'><strong>Phrygia:</strong></span> <span class='ocrx_word' id='word_1_359' title='bbox 756 2211 906 2239; x_wconf 71' lang='lat' dir='ltr'><strong>Pacatiantn</strong></span> 
     </span>
    </p>
   </div>
   <div class='ocr_carea' id='block_1_51' title="bbox 124 2253 905 2289">
    <p class='ocr_par' dir='ltr' id='par_1_51' title="bbox 124 2253 905 2289">
     <span class='ocr_line' id='line_1_51' title="bbox 124 2253 905 2289; baseline 0.001 -10"><span class='ocrx_word' id='word_1_360' title='bbox 124 2253 282 2281; x_wconf 69' lang='lat' dir='ltr'><strong>&#39;I‘rimitarize</strong></span> <span class='ocrx_word' id='word_1_361' title='bbox 298 2254 454 2289; x_wconf 89' lang='lat' dir='ltr'><strong>episcopum</strong></span> <span class='ocrx_word' id='word_1_362' title='bbox 472 2254 547 2287; x_wconf 84' lang='lat' dir='ltr'><strong>facit,</strong></span> <span class='ocrx_word' id='word_1_363' title='bbox 563 2261 595 2282; x_wconf 88' lang='lat' dir='ltr'><strong>ac</strong></span> <span class='ocrx_word' id='word_1_364' title='bbox 610 2261 689 2288; x_wconf 74' lang='lat' dir='ltr'><strong>pmne</strong></span> <span class='ocrx_word' id='word_1_365' title='bbox 705 2254 736 2281; x_wconf 91' lang='lat' dir='ltr'><strong>L.</strong></span> <span class='ocrx_word' id='word_1_366' title='bbox 757 2254 905 2282; x_wconf 59' lang='lat' dir='ltr'><strong>Hoisteinio</strong></span> 
     </span>
    </p>
   </div>
   <div class='ocr_carea' id='block_1_52' title="bbox 124 2294 903 2330">
    <p class='ocr_par' dir='ltr' id='par_1_52' title="bbox 124 2294 903 2330">
     <span class='ocr_line' id='line_1_52' title="bbox 124 2294 903 2330; baseline 0.001 -10"><span class='ocrx_word' id='word_1_367' title='bbox 124 2295 155 2321; x_wconf 84' lang='lat' dir='ltr'><strong>ad</strong></span> <span class='ocrx_word' id='word_1_368' title='bbox 178 2294 356 2328; x_wconf 85' lang='lat' dir='ltr'><strong>Stephanum,</strong></span> <span class='ocrx_word' id='word_1_369' title='bbox 379 2300 408 2322; x_wconf 92' lang='lat' dir='ltr'><strong>ut</strong></span> <span class='ocrx_word' id='word_1_370' title='bbox 435 2296 579 2330; x_wconf 76' lang='lat' dir='ltr'><strong>provincia:</strong></span> <span class='ocrx_word' id='word_1_371' title='bbox 606 2295 632 2322; x_wconf 90' lang='lat' dir='ltr'><strong>id</strong></span> <span class='ocrx_word' id='word_1_372' title='bbox 653 2294 736 2322; x_wconf 81' lang='lat' dir='ltr'><strong>fuisse</strong></span> <span class='ocrx_word' id='word_1_373' title='bbox 756 2302 903 2329; x_wconf 78' lang='lat' dir='ltr'><strong>cognomen</strong></span> 
     </span>
    </p>
   </div>
   <div class='ocr_carea' id='block_1_53' title="bbox 123 2335 903 2371">
    <p class='ocr_par' dir='ltr' id='par_1_53' title="bbox 123 2335 903 2371">
     <span class='ocr_line' id='line_1_53' title="bbox 123 2335 903 2371; baseline 0 -8"><span class='ocrx_word' id='word_1_374' title='bbox 123 2335 278 2370; x_wconf 84' lang='lat' dir='ltr'><strong>conjiceret,</strong></span> <span class='ocrx_word' id='word_1_375' title='bbox 293 2336 426 2371; x_wconf 81' lang='lat' dir='ltr'><strong>persuasit</strong></span> <span class='ocrx_word' id='word_1_376' title='bbox 440 2345 447 2363; x_wconf 87' lang='lat'>:</span> <span class='ocrx_word' id='word_1_377' title='bbox 465 2341 493 2363; x_wconf 88' lang='lat' dir='ltr'><strong>at</strong></span> <span class='ocrx_word' id='word_1_378' title='bbox 510 2341 606 2371; x_wconf 65' lang='lat' dir='ltr'><strong>praeter</strong></span> <span class='ocrx_word' id='word_1_379' title='bbox 619 2335 712 2363; x_wconf 67' lang='lat' dir='ltr'><strong>Grtcca</strong></span> <span class='ocrx_word' id='word_1_380' title='bbox 727 2335 784 2368; x_wconf 85' lang='lat' dir='ltr'><strong>ejus</strong></span> <span class='ocrx_word' id='word_1_381' title='bbox 797 2336 903 2363; x_wconf 88' lang='lat' dir='ltr'><strong>concilii</strong></span> 
     </span>
    </p>
   </div>
   <div class='ocr_carea' id='block_1_54' title="bbox 124 2376 904 2405">
    <p class='ocr_par' dir='ltr' id='par_1_54' title="bbox 124 2376 904 2405">
     <span class='ocr_line' id='line_1_54' title="bbox 124 2376 904 2405; baseline 0.005 -4"><span class='ocrx_word' id='word_1_382' title='bbox 124 2377 201 2404; x_wconf 80' lang='lat' dir='ltr'><strong>vctba</strong></span> <span class='ocrx_word' id='word_1_383' title='bbox 213 2377 289 2404; x_wconf 87' lang='lat' dir='ltr'><strong>urbis</strong></span> <span class='ocrx_word' id='word_1_384' title='bbox 305 2384 365 2405; x_wconf 83' lang='lat' dir='ltr'><strong>esse</strong></span> <span class='ocrx_word' id='word_1_385' title='bbox 376 2377 482 2405; x_wconf 89' lang='lat' dir='ltr'><strong>titulum</strong></span> <span class='ocrx_word' id='word_1_386' title='bbox 495 2378 560 2404; x_wconf 80' lang='lat' dir='ltr'><strong>Acta</strong></span> <span class='ocrx_word' id='word_1_387' title='bbox 574 2376 678 2404; x_wconf 77' lang='lat' dir='ltr'><strong>Cosmze.</strong></span> <span class='ocrx_word' id='word_1_388' title='bbox 697 2381 723 2404; x_wconf 89' lang='lat' dir='ltr'><strong>et</strong></span> <span class='ocrx_word' id='word_1_389' title='bbox 741 2377 864 2404; x_wconf 86' lang='lat' dir='ltr'><strong>Damiani</strong></span> <span class='ocrx_word' id='word_1_390' title='bbox 877 2378 904 2405; x_wconf 90' lang='lat' dir='ltr'><strong>in</strong></span> 
     </span>
    </p>
   </div>
   <div class='ocr_carea' id='block_1_55' title="bbox 124 2417 903 2453">
    <p class='ocr_par' dir='ltr' id='par_1_55' title="bbox 124 2417 903 2453">
     <span class='ocr_line' id='line_1_55' title="bbox 124 2417 903 2453; baseline 0.003 -9"><span class='ocrx_word' id='word_1_391' title='bbox 124 2417 228 2445; x_wconf 61' lang='lat' dir='ltr'><strong>Memno</strong></span> <span class='ocrx_word' id='word_1_392' title='bbox 243 2419 364 2445; x_wconf 84' lang='lat' dir='ltr'><strong>secundo</strong></span> <span class='ocrx_word' id='word_1_393' title='bbox 380 2419 495 2446; x_wconf 88' lang='lat' dir='ltr'><strong>concilio</strong></span> <span class='ocrx_word' id='word_1_394' title='bbox 510 2426 537 2453; x_wconf 91' lang='lat' dir='ltr'><strong>p.</strong></span> <span class='ocrx_word' id='word_1_395' title='bbox 557 2418 610 2445; x_wconf 74' lang='lat'><strong>272</strong></span> <span class='ocrx_word' id='word_1_396' title='bbox 623 2419 766 2453; x_wconf 83' lang='lat' dir='ltr'><strong>perspicue</strong></span> <span class='ocrx_word' id='word_1_397' title='bbox 782 2419 879 2446; x_wconf 83' lang='lat' dir='ltr'><strong>docent</strong></span> <span class='ocrx_word' id='word_1_398' title='bbox 895 2427 903 2446; x_wconf 89' lang='lat'><strong>:</strong></span> 
     </span>
    </p>
   </div>
   <div class='ocr_carea' id='block_1_56' title="bbox 129 2459 904 2497">
    <p class='ocr_par' dir='ltr' id='par_1_56' title="bbox 129 2459 904 2497">
     <span class='ocr_line' id='line_1_56' title="bbox 129 2459 904 2497; baseline 0.001 -11"><span class='ocrx_word' id='word_1_399' title='bbox 129 2459 253 2490; x_wconf 77' lang='grc' dir='ltr'><strong>Ἐπιστὰς</strong></span> <span class='ocrx_word' id='word_1_400' title='bbox 276 2459 315 2492; x_wconf 75' lang='grc' dir='ltr'><strong>δὲ,</strong></span> <span class='ocrx_word' id='word_1_401' title='bbox 341 2461 477 2494; x_wconf 79' lang='lat' dir='ltr'><strong>inquiunt,</strong></span> <span class='ocrx_word' id='word_1_402' title='bbox 494 2462 527 2495; x_wconf 77' lang='grc' dir='ltr'><strong>τῇ</strong></span> <span class='ocrx_word' id='word_1_403' title='bbox 554 2460 708 2487; x_wconf 73' lang='grc' dir='ltr'><strong>Λαοδικέων</strong></span> <span class='ocrx_word' id='word_1_404' title='bbox 731 2461 817 2493; x_wconf 68' lang='grc' dir='ltr'>πόλει,</span> <span class='ocrx_word' id='word_1_405' title='bbox 843 2462 904 2497; x_wconf 76' lang='grc' dir='ltr'><strong>ἥτις</strong></span> 
     </span>
    </p>
   </div>
   <div class='ocr_carea' id='block_1_57' title="bbox 124 2501 902 2537">
    <p class='ocr_par' dir='ltr' id='par_1_57' title="bbox 124 2501 902 2537">
     <span class='ocr_line' id='line_1_57' title="bbox 124 2501 902 2537; baseline 0.004 -10"><span class='ocrx_word' id='word_1_406' title='bbox 124 2501 303 2536; x_wconf 79' lang='grc' dir='ltr'><strong>ἐπωνομάσθη</strong></span> <span class='ocrx_word' id='word_1_407' title='bbox 319 2503 336 2535; x_wconf 75' lang='grc' dir='ltr'>ἡ</span> <span class='ocrx_word' id='word_1_408' title='bbox 355 2503 532 2537; x_wconf 84' lang='grc' dir='ltr'>Τριμιταρία.</span> <span class='ocrx_word' id='word_1_409' title='bbox 557 2503 612 2529; x_wconf 83' lang='lat' dir='ltr'><strong>Cur</strong></span> <span class='ocrx_word' id='word_1_410' title='bbox 635 2507 724 2529; x_wconf 79' lang='lat' dir='ltr'><strong>autem</strong></span> <span class='ocrx_word' id='word_1_411' title='bbox 749 2502 902 2531; x_wconf 80' lang='lat' dir='ltr'><strong>Trimitaria</strong></span> 
     </span>
    </p>
   </div>
   <div class='ocr_carea' id='block_1_58' title="bbox 123 2542 904 2580">
    <p class='ocr_par' dir='ltr' id='par_1_58' title="bbox 123 2542 904 2580">
     <span class='ocr_line' id='line_1_58' title="bbox 123 2542 904 2580; baseline 0.005 -11"><span class='ocrx_word' id='word_1_412' title='bbox 123 2543 174 2570; x_wconf 76' lang='lat' dir='ltr'><strong>sive</strong></span> <span class='ocrx_word' id='word_1_413' title='bbox 188 2542 347 2570; x_wconf 78' lang='lat' dir='ltr'><strong>Trimetaria</strong></span> <span class='ocrx_word' id='word_1_414' title='bbox 364 2543 437 2578; x_wconf 90' lang='lat' dir='ltr'><strong>(nam</strong></span> <span class='ocrx_word' id='word_1_415' title='bbox 455 2544 629 2579; x_wconf 74' lang='grc' dir='ltr'>Τριμηταρία</span> <span class='ocrx_word' id='word_1_416' title='bbox 648 2550 674 2571; x_wconf 88' lang='lat' dir='ltr'><strong>et</strong></span> <span class='ocrx_word' id='word_1_417' title='bbox 691 2544 873 2580; x_wconf 76' lang='grc' dir='ltr'>Τριμητανία,</span> <span class='ocrx_word' id='word_1_418' title='bbox 889 2553 904 2573; x_wconf 90' lang='lat' dir='ltr'><strong>e</strong></span> 
     </span>
    </p>
   </div>
   <div class='ocr_carea' id='block_1_59' title="bbox 124 2584 903 2621">
    <p class='ocr_par' dir='ltr' id='par_1_59' title="bbox 124 2584 903 2621">
     <span class='ocr_line' id='line_1_59' title="bbox 124 2584 903 2621; baseline 0.003 -10"><span class='ocrx_word' id='word_1_419' title='bbox 124 2592 183 2611; x_wconf 88' lang='lat' dir='ltr'><strong>mss.</strong></span> <span class='ocrx_word' id='word_1_420' title='bbox 198 2584 320 2611; x_wconf 82' lang='lat' dir='ltr'><strong>Actorum</strong></span> <span class='ocrx_word' id='word_1_421' title='bbox 334 2585 478 2620; x_wconf 87' lang='lat' dir='ltr'><strong>profertur)</strong></span> <span class='ocrx_word' id='word_1_422' title='bbox 495 2585 576 2612; x_wconf 85' lang='lat' dir='ltr'><strong>fuerit</strong></span> <span class='ocrx_word' id='word_1_423' title='bbox 589 2590 744 2621; x_wconf 80' lang='lat' dir='ltr'><strong>nuncupata</strong></span> <span class='ocrx_word' id='word_1_424' title='bbox 761 2585 903 2619; x_wconf 78' lang='lat' dir='ltr'><strong>Laodicea,</strong></span> 
     </span>
    </p>
   </div>
   <div class='ocr_carea' id='block_1_60' title="bbox 124 2627 903 2662">
    <p class='ocr_par' dir='ltr' id='par_1_60' title="bbox 124 2627 903 2662">
     <span class='ocr_line' id='line_1_60' title="bbox 124 2627 903 2662; baseline 0.004 -10"><span class='ocrx_word' id='word_1_425' title='bbox 124 2633 171 2653; x_wconf 80' lang='lat' dir='ltr'><strong>non</strong></span> <span class='ocrx_word' id='word_1_426' title='bbox 189 2630 290 2654; x_wconf 85' lang='lat' dir='ltr'><strong>temere</strong></span> <span class='ocrx_word' id='word_1_427' title='bbox 315 2627 419 2654; x_wconf 74' lang='lat' dir='ltr'><strong>dixero.</strong></span> <span class='ocrx_word' id='word_1_428' title='bbox 443 2627 504 2654; x_wconf 79' lang='lat' dir='ltr'><strong>Fuit</strong></span> <span class='ocrx_word' id='word_1_429' title='bbox 519 2635 580 2655; x_wconf 95' lang='lat' dir='ltr'><strong>cum</strong></span> <span class='ocrx_word' id='word_1_430' title='bbox 607 2628 733 2662; x_wconf 81' lang='lat' dir='ltr'><strong>opinarer</strong></span> <span class='ocrx_word' id='word_1_431' title='bbox 755 2636 786 2655; x_wconf 84' lang='lat' dir='ltr'><strong>ex</strong></span> <span class='ocrx_word' id='word_1_432' title='bbox 811 2629 863 2655; x_wconf 89' lang='lat' dir='ltr'><strong>situ</strong></span> <span class='ocrx_word' id='word_1_433' title='bbox 877 2629 903 2656; x_wconf 88' lang='lat' dir='ltr'><strong>id</strong></span> 
     </span>
    </p>
   </div>
   <div class='ocr_carea' id='block_1_61' title="bbox 124 2668 904 2705">
    <p class='ocr_par' dir='ltr' id='par_1_61' title="bbox 124 2668 904 2705">
     <span class='ocr_line' id='line_1_61' title="bbox 124 2668 904 2705; baseline 0.004 -11"><span class='ocrx_word' id='word_1_434' title='bbox 124 2668 235 2695; x_wconf 81' lang='lat' dir='ltr'><strong>nominis</strong></span> <span class='ocrx_word' id='word_1_435' title='bbox 251 2675 310 2694; x_wconf 84' lang='lat' dir='ltr'><strong>eam</strong></span> <span class='ocrx_word' id='word_1_436' title='bbox 327 2669 475 2703; x_wconf 79' lang='lat' dir='ltr'><strong>accepisse,</strong></span> <span class='ocrx_word' id='word_1_437' title='bbox 492 2676 570 2704; x_wconf 86' lang='lat' dir='ltr'><strong>quem</strong></span> <span class='ocrx_word' id='word_1_438' title='bbox 587 2669 613 2696; x_wconf 88' lang='lat' dir='ltr'><strong>in</strong></span> <span class='ocrx_word' id='word_1_439' title='bbox 628 2669 750 2705; x_wconf 69' lang='lat' dir='ltr'><strong>Phrygia:</strong></span> <span class='ocrx_word' id='word_1_440' title='bbox 764 2669 904 2705; x_wconf 73' lang='lat' dir='ltr'><strong>Carizeque</strong></span> 
     </span>
    </p>
   </div>
   <div class='ocr_carea' id='block_1_62' title="bbox 125 2708 903 2747">
    <p class='ocr_par' dir='ltr' id='par_1_62' title="bbox 125 2708 903 2747">
     <span class='ocr_line' id='line_1_62' title="bbox 125 2708 903 2747; baseline 0.006 -12"><span class='ocrx_word' id='word_1_441' title='bbox 125 2708 227 2740; x_wconf 85' lang='lat' dir='ltr'><strong>ﬁnibus,</strong></span> <span class='ocrx_word' id='word_1_442' title='bbox 238 2713 268 2735; x_wconf 93' lang='lat' dir='ltr'><strong>ut</strong></span> <span class='ocrx_word' id='word_1_443' title='bbox 281 2716 313 2736; x_wconf 85' lang='lat' dir='ltr'><strong>ex</strong></span> <span class='ocrx_word' id='word_1_444' title='bbox 331 2708 495 2736; x_wconf 86' lang='lat' dir='ltr'><strong>Philostrato</strong></span> <span class='ocrx_word' id='word_1_445' title='bbox 509 2715 537 2737; x_wconf 85' lang='lat' dir='ltr'><strong>ct</strong></span> <span class='ocrx_word' id='word_1_446' title='bbox 549 2711 688 2737; x_wconf 78' lang='lat' dir='ltr'><strong>rarissimo</strong></span> <span class='ocrx_word' id='word_1_447' title='bbox 702 2718 793 2743; x_wconf 91' lang='lat' dir='ltr'><strong>numo,</strong></span> <span class='ocrx_word' id='word_1_448' title='bbox 806 2712 837 2739; x_wconf 88' lang='lat' dir='ltr'><strong>de</strong></span> <span class='ocrx_word' id='word_1_449' title='bbox 849 2719 903 2747; x_wconf 87' lang='lat' dir='ltr'><strong>quo</strong></span> 
     </span>
    </p>
   </div>
   <div class='ocr_carea' id='block_1_63' title="bbox 123 2748 903 2788">
    <p class='ocr_par' dir='ltr' id='par_1_63' title="bbox 123 2748 903 2788">
     <span class='ocr_line' id='line_1_63' title="bbox 123 2748 903 2788; baseline 0.005 -12"><span class='ocrx_word' id='word_1_450' title='bbox 123 2748 161 2776; x_wconf 76' lang='lat' dir='ltr'><strong>Jo.</strong></span> <span class='ocrx_word' id='word_1_451' title='bbox 176 2749 281 2778; x_wconf 84' lang='lat' dir='ltr'><strong>Masson</strong></span> <span class='ocrx_word' id='word_1_452' title='bbox 300 2751 367 2778; x_wconf 71' lang='lat' dir='ltr'><strong>Vita</strong></span> <span class='ocrx_word' id='word_1_453' title='bbox 381 2751 507 2778; x_wconf 72' lang='lat' dir='ltr'><strong>Aristidis</strong></span> <span class='ocrx_word' id='word_1_454' title='bbox 521 2759 545 2784; x_wconf 81' lang='grc' dir='ltr'>ν,</span> <span class='ocrx_word' id='word_1_455' title='bbox 561 2751 604 2782; x_wconf 84' lang='lat' dir='ltr'><strong>Ii.</strong></span> <span class='ocrx_word' id='word_1_456' title='bbox 616 2757 730 2784; x_wconf 83' lang='lat' dir='ltr'><strong>constat,</strong></span> <span class='ocrx_word' id='word_1_457' title='bbox 749 2753 903 2788; x_wconf 83' lang='lat' dir='ltr'><strong>pariterque</strong></span> 
     </span>
    </p>
   </div>
   <div class='ocr_carea' id='block_1_64' title="bbox 115 2790 905 2828">
    <p class='ocr_par' dir='ltr' id='par_1_64' title="bbox 115 2790 905 2828">
     <span class='ocr_line' id='line_1_64' title="bbox 115 2790 905 2828; baseline 0.003 -9"><span class='ocrx_word' id='word_1_458' title='bbox 115 2795 148 2820; x_wconf 88' lang='lat' dir='ltr'><strong>.et</strong></span> <span class='ocrx_word' id='word_1_459' title='bbox 168 2790 268 2826; x_wconf 64' lang='lat' dir='ltr'><strong>Lydiae,</strong></span> <span class='ocrx_word' id='word_1_460' title='bbox 285 2792 327 2818; x_wconf 88' lang='lat' dir='ltr'><strong>cui</strong></span> <span class='ocrx_word' id='word_1_461' title='bbox 345 2797 486 2826; x_wconf 87' lang='lat' dir='ltr'><strong>propterea</strong></span> <span class='ocrx_word' id='word_1_462' title='bbox 509 2792 662 2828; x_wconf 84' lang='lat' dir='ltr'><strong>Stephanus</strong></span> <span class='ocrx_word' id='word_1_463' title='bbox 684 2793 817 2826; x_wconf 86' lang='lat' dir='ltr'><strong>attribuit,</strong></span> <span class='ocrx_word' id='word_1_464' title='bbox 833 2794 905 2821; x_wconf 84' lang='lat' dir='ltr'><strong>obti-</strong></span> 
     </span>
    </p>
   </div>
   <div class='ocr_carea' id='block_1_65' title="bbox 125 2833 902 2871">
    <p class='ocr_par' dir='ltr' id='par_1_65' title="bbox 125 2833 902 2871">
     <span class='ocr_line' id='line_1_65' title="bbox 125 2833 902 2871; baseline 0.006 -11"><span class='ocrx_word' id='word_1_465' title='bbox 125 2834 207 2861; x_wconf 78' lang='lat' dir='ltr'><strong>nebat.</strong></span> <span class='ocrx_word' id='word_1_466' title='bbox 222 2833 242 2860; x_wconf 86' lang='lat' dir='ltr'><strong>A</strong></span> <span class='ocrx_word' id='word_1_467' title='bbox 257 2839 325 2860; x_wconf 85' lang='lat' dir='ltr'><strong>meta</strong></span> <span class='ocrx_word' id='word_1_468' title='bbox 341 2835 476 2862; x_wconf 84' lang='lat' dir='ltr'><strong>Arnobius</strong></span> <span class='ocrx_word' id='word_1_469' title='bbox 491 2836 619 2862; x_wconf 84' lang='lat' dir='ltr'><strong>metarias</strong></span> <span class='ocrx_word' id='word_1_470' title='bbox 635 2836 902 2871; x_wconf 89' lang='lat' dir='ltr'><strong>circumscriptiones</strong></span> 
     </span>
    </p>
   </div>
   <div class='ocr_carea' id='block_1_66' title="bbox 124 2874 900 2913">
    <p class='ocr_par' dir='ltr' id='par_1_66' title="bbox 124 2874 900 2913">
     <span class='ocr_line' id='line_1_66' title="bbox 124 2874 900 2913; baseline 0.006 -11"><span class='ocrx_word' id='word_1_471' title='bbox 124 2874 259 2904; x_wconf 85' lang='lat' dir='ltr'><strong>formavit:</strong></span> <span class='ocrx_word' id='word_1_472' title='bbox 284 2875 345 2904; x_wconf 87' lang='lat' dir='ltr'><strong>Itiuc</strong></span> <span class='ocrx_word' id='word_1_473' title='bbox 357 2875 488 2905; x_wconf 77' lang='lat' dir='ltr'><strong>Laodicea</strong></span> <span class='ocrx_word' id='word_1_474' title='bbox 501 2877 674 2911; x_wconf 76' lang='lat' dir='ltr'><strong>&#39;I&#39;rintetaria,</strong></span> <span class='ocrx_word' id='word_1_475' title='bbox 688 2884 747 2913; x_wconf 79' lang='lat' dir='ltr'><strong>qua:</strong></span> <span class='ocrx_word' id='word_1_476' title='bbox 762 2877 789 2905; x_wconf 90' lang='lat' dir='ltr'><strong>in</strong></span> <span class='ocrx_word' id='word_1_477' title='bbox 800 2878 900 2908; x_wconf 80' lang='lat' dir='ltr'><strong>ﬁnibus</strong></span> 
     </span>
    </p>
   </div>
   <div class='ocr_carea' id='block_1_67' title="bbox 501 161 1274 194">
    <p class='ocr_par' dir='ltr' id='par_1_67' title="bbox 501 161 1274 194">
     <span class='ocr_line' id='line_1_67' title="bbox 501 161 1274 194; baseline -0.001 -1"><span class='ocrx_word' id='word_1_478' title='bbox 501 162 696 194; x_wconf 59' lang='lat' dir='ltr'><strong>COMNIENT.</strong></span> <span class='ocrx_word' id='word_1_479' title='bbox 718 163 758 194; x_wconf 74' lang='lat' dir='ltr'><strong>IN</strong></span> <span class='ocrx_word' id='word_1_480' title='bbox 779 161 985 194; x_wconf 76' lang='lat' dir='ltr'><strong>HIEROCLIS</strong></span> <span class='ocrx_word' id='word_1_481' title='bbox 1005 161 1274 193; x_wconf 78' lang='lat' dir='ltr'><strong>SYNECDEMUM.</strong></span> 
     </span>
    </p>
   </div>
   <div class='ocr_carea' id='block_1_68' title="bbox 1671 157 1739 191">
    <p class='ocr_par' dir='ltr' id='par_1_68' title="bbox 1671 157 1739 191">
     <span class='ocr_line' id='line_1_68' title="bbox 1671 157 1739 191; baseline 0.015 -1"><span class='ocrx_word' id='word_1_482' title='bbox 1671 157 1739 191; x_wconf 69' lang='grc'><strong>1114</strong></span> 
     </span>
    </p>
   </div>
   <div class='ocr_carea' id='block_1_69' title="bbox 961 216 1746 253">
    <p class='ocr_par' dir='ltr' id='par_1_69' title="bbox 961 216 1746 253">
     <span class='ocr_line' id='line_1_69' title="bbox 961 216 1746 253; baseline 0.003 -10"><span class='ocrx_word' id='word_1_483' title='bbox 961 217 1043 244; x_wconf 82' lang='lat' dir='ltr'><strong>trin‘m</strong></span> <span class='ocrx_word' id='word_1_484' title='bbox 1071 221 1144 246; x_wconf 86' lang='lat' dir='ltr'><strong>esset</strong></span> <span class='ocrx_word' id='word_1_485' title='bbox 1166 218 1387 253; x_wconf 84' lang='lat' dir='ltr'><strong>provinciarum,</strong></span> <span class='ocrx_word' id='word_1_486' title='bbox 1411 216 1464 245; x_wconf 85' lang='lat' dir='ltr'><strong>dici</strong></span> <span class='ocrx_word' id='word_1_487' title='bbox 1490 223 1569 252; x_wconf 86' lang='lat' dir='ltr'><strong>posse</strong></span> <span class='ocrx_word' id='word_1_488' title='bbox 1595 216 1746 245; x_wconf 85' lang='lat' dir='ltr'><strong>videbatur.</strong></span> 
     </span>
    </p>
   </div>
   <div class='ocr_carea' id='block_1_70' title="bbox 959 259 1410 295">
    <p class='ocr_par' dir='ltr' id='par_1_70' title="bbox 959 259 1410 295">
     <span class='ocr_line' id='line_1_70' title="bbox 959 259 1410 295; baseline 0.002 -9"><span class='ocrx_word' id='word_1_489' title='bbox 959 259 1058 287; x_wconf 82' lang='lat' dir='ltr'><strong>Verum</strong></span> <span class='ocrx_word' id='word_1_490' title='bbox 1075 267 1172 295; x_wconf 82' lang='lat' dir='ltr'><strong>urgere</strong></span> <span class='ocrx_word' id='word_1_491' title='bbox 1187 260 1231 287; x_wconf 81' lang='lat' dir='ltr'><strong>illa</strong></span> <span class='ocrx_word' id='word_1_492' title='bbox 1245 267 1297 286; x_wconf 92' lang='lat' dir='ltr'><strong>non</strong></span> <span class='ocrx_word' id='word_1_493' title='bbox 1312 260 1410 287; x_wconf 85' lang='lat' dir='ltr'><strong>ausim.</strong></span> 
     </span>
    </p>
   </div>
   <div class='ocr_carea' id='block_1_71' title="bbox 992 300 1748 335">
    <p class='ocr_par' dir='ltr' id='par_1_71' title="bbox 992 300 1748 335">
     <span class='ocr_line' id='line_1_71' title="bbox 992 300 1748 335; baseline -0.003 -7"><span class='ocrx_word' id='word_1_494' title='bbox 992 301 1060 329; x_wconf 87' lang='lat' dir='ltr'><strong>ibid.</strong></span> <span class='ocrx_word' id='word_1_495' title='bbox 1084 301 1261 335; x_wconf 77' lang='grc' dir='ltr'><strong>Ἰεράπολις.</strong></span> <span class='ocrx_word' id='word_1_496' title='bbox 1278 301 1464 335; x_wconf 84' lang='lat' dir='ltr'><strong>Metropolium</strong></span> <span class='ocrx_word' id='word_1_497' title='bbox 1486 300 1609 335; x_wconf 77' lang='lat' dir='ltr'><strong>catalogo</strong></span> <span class='ocrx_word' id='word_1_498' title='bbox 1634 304 1659 327; x_wconf 92' lang='lat' dir='ltr'><strong>et</strong></span> <span class='ocrx_word' id='word_1_499' title='bbox 1677 300 1748 327; x_wconf 85' lang='lat' dir='ltr'><strong>hanc</strong></span> 
     </span>
    </p>
   </div>
   <div class='ocr_carea' id='block_1_72' title="bbox 957 342 1745 370">
    <p class='ocr_par' dir='ltr' id='par_1_72' title="bbox 957 342 1745 370">
     <span class='ocr_line' id='line_1_72' title="bbox 957 342 1745 370; baseline -0.004 -1"><span class='ocrx_word' id='word_1_500' title='bbox 957 343 1070 370; x_wconf 88' lang='lat' dir='ltr'><strong>Carolus</strong></span> <span class='ocrx_word' id='word_1_501' title='bbox 1083 351 1097 370; x_wconf 71' lang='grc' dir='ltr'>ει</span> <span class='ocrx_word' id='word_1_502' title='bbox 1112 342 1139 370; x_wconf 88' lang='lat' dir='ltr'><strong>S.</strong></span> <span class='ocrx_word' id='word_1_503' title='bbox 1155 343 1238 370; x_wconf 83' lang='lat' dir='ltr'><strong>Paulo</strong></span> <span class='ocrx_word' id='word_1_504' title='bbox 1253 343 1366 370; x_wconf 76' lang='lat' dir='ltr'><strong>inseruit</strong></span> <span class='ocrx_word' id='word_1_505' title='bbox 1384 350 1436 369; x_wconf 92' lang='lat' dir='ltr'><strong>non</strong></span> <span class='ocrx_word' id='word_1_506' title='bbox 1453 343 1513 369; x_wconf 81' lang='lat' dir='ltr'><strong>sine</strong></span> <span class='ocrx_word' id='word_1_507' title='bbox 1528 349 1661 369; x_wconf 79' lang='lat' dir='ltr'><strong>consensu</strong></span> <span class='ocrx_word' id='word_1_508' title='bbox 1678 349 1745 368; x_wconf 85' lang='lat' dir='ltr'><strong>cou-</strong></span> 
     </span>
    </p>
   </div>
   <div class='ocr_carea' id='block_1_73' title="bbox 956 383 1746 419">
    <p class='ocr_par' dir='ltr' id='par_1_73' title="bbox 956 383 1746 419">
     <span class='ocr_line' id='line_1_73' title="bbox 956 383 1746 419; baseline -0.001 -8"><span class='ocrx_word' id='word_1_509' title='bbox 956 384 1011 411; x_wconf 84' lang='lat' dir='ltr'><strong>cilii</strong></span> <span class='ocrx_word' id='word_1_510' title='bbox 1026 384 1232 419; x_wconf 86' lang='lat' dir='ltr'><strong>Constantinop.</strong></span> <span class='ocrx_word' id='word_1_511' title='bbox 1248 385 1330 417; x_wconf 86' lang='lat' dir='ltr'><strong>tertii,</strong></span> <span class='ocrx_word' id='word_1_512' title='bbox 1348 384 1390 411; x_wconf 87' lang='lat' dir='ltr'><strong>cui</strong></span> <span class='ocrx_word' id='word_1_513' title='bbox 1407 383 1525 411; x_wconf 82' lang='lat' dir='ltr'><strong>Sisinins</strong></span> <span class='ocrx_word' id='word_1_514' title='bbox 1538 385 1681 418; x_wconf 83' lang='lat' dir='ltr'><strong>cpiscopus</strong></span> <span class='ocrx_word' id='word_1_515' title='bbox 1695 383 1746 416; x_wconf 81' lang='grc' dir='ltr'><strong>τῆς</strong></span> 
     </span>
    </p>
   </div>
   <div class='ocr_carea' id='block_1_74' title="bbox 961 423 1743 460">
    <p class='ocr_par' dir='ltr' id='par_1_74' title="bbox 961 423 1743 460">
     <span class='ocr_line' id='line_1_74' title="bbox 961 423 1743 460; baseline 0 -10"><span class='ocrx_word' id='word_1_516' title='bbox 961 425 980 451; x_wconf 85' lang='lat' dir='ltr'><strong>&#39;I</strong></span> <span class='ocrx_word' id='word_1_517' title='bbox 985 433 995 450; x_wconf 83' lang='grc' dir='ltr'><strong>ε</strong></span> <span class='ocrx_word' id='word_1_518' title='bbox 1001 425 1148 459; x_wconf 84' lang='grc' dir='ltr'>ροπολιτῶν</span> <span class='ocrx_word' id='word_1_519' title='bbox 1172 434 1224 460; x_wconf 74' lang='grc' dir='ltr'>μητ</span> <span class='ocrx_word' id='word_1_520' title='bbox 1229 425 1364 460; x_wconf 76' lang='grc' dir='ltr'>ροπόλεως</span> <span class='ocrx_word' id='word_1_521' title='bbox 1396 425 1446 459; x_wconf 74' lang='grc' dir='ltr'><strong>τῆς</strong></span> <span class='ocrx_word' id='word_1_522' title='bbox 1470 425 1541 460; x_wconf 76' lang='grc' dir='ltr'>Φρυτ</span> <span class='ocrx_word' id='word_1_523' title='bbox 1547 425 1584 451; x_wconf 86' lang='grc' dir='ltr'><strong>ῶν</strong></span> <span class='ocrx_word' id='word_1_524' title='bbox 1609 425 1661 451; x_wconf 77' lang='grc' dir='ltr'><strong>ἐπα</strong></span> <span class='ocrx_word' id='word_1_525' title='bbox 1666 423 1743 459; x_wconf 80' lang='grc' dir='ltr'>ρχιας</span> 
     </span>
    </p>
   </div>
   <div class='ocr_carea' id='block_1_75' title="bbox 957 465 1747 499">
    <p class='ocr_par' dir='ltr' id='par_1_75' title="bbox 957 465 1747 499">
     <span class='ocr_line' id='line_1_75' title="bbox 957 465 1747 499; baseline 0 -7"><span class='ocrx_word' id='word_1_526' title='bbox 957 473 983 499; x_wconf 93' lang='lat' dir='ltr'><strong>p.</strong></span> <span class='ocrx_word' id='word_1_527' title='bbox 1000 465 1052 493; x_wconf 71' lang='grc'><strong>496</strong></span> <span class='ocrx_word' id='word_1_528' title='bbox 1066 467 1221 493; x_wconf 87' lang='lat' dir='ltr'><strong>subscribit.</strong></span> <span class='ocrx_word' id='word_1_529' title='bbox 1238 466 1291 494; x_wconf 83' lang='lat' dir='ltr'><strong>Nec</strong></span> <span class='ocrx_word' id='word_1_530' title='bbox 1305 466 1440 493; x_wconf 75' lang='lat' dir='ltr'><strong>censenda</strong></span> <span class='ocrx_word' id='word_1_531' title='bbox 1455 471 1543 493; x_wconf 85' lang='lat' dir='ltr'><strong>tamen</strong></span> <span class='ocrx_word' id='word_1_532' title='bbox 1559 465 1612 493; x_wconf 75' lang='lat' dir='ltr'><strong>veri</strong></span> <span class='ocrx_word' id='word_1_533' title='bbox 1629 465 1747 492; x_wconf 83' lang='lat' dir='ltr'><strong>nominis</strong></span> 
     </span>
    </p>
   </div>
   <div class='ocr_carea' id='block_1_76' title="bbox 957 507 1746 542">
    <p class='ocr_par' dir='ltr' id='par_1_76' title="bbox 957 507 1746 542">
     <span class='ocr_line' id='line_1_76' title="bbox 957 507 1746 542; baseline -0.001 -9"><span class='ocrx_word' id='word_1_534' title='bbox 957 511 998 533; x_wconf 87' lang='lat' dir='ltr'><strong>est</strong></span> <span class='ocrx_word' id='word_1_535' title='bbox 1024 508 1191 542; x_wconf 84' lang='lat' dir='ltr'><strong>metropolis,</strong></span> <span class='ocrx_word' id='word_1_536' title='bbox 1222 509 1268 535; x_wconf 88' lang='lat' dir='ltr'><strong>sed</strong></span> <span class='ocrx_word' id='word_1_537' title='bbox 1296 508 1458 539; x_wconf 87' lang='lat' dir='ltr'><strong>honoraria;</strong></span> <span class='ocrx_word' id='word_1_538' title='bbox 1488 514 1541 542; x_wconf 92' lang='lat' dir='ltr'><strong>quo</strong></span> <span class='ocrx_word' id='word_1_539' title='bbox 1561 507 1621 540; x_wconf 87' lang='lat' dir='ltr'><strong>jure</strong></span> <span class='ocrx_word' id='word_1_540' title='bbox 1644 514 1692 533; x_wconf 90' lang='lat' dir='ltr'><strong>nec</strong></span> <span class='ocrx_word' id='word_1_541' title='bbox 1720 507 1746 532; x_wconf 93' lang='lat' dir='ltr'><strong>in</strong></span> 
     </span>
    </p>
   </div>
   <div class='ocr_carea' id='block_1_77' title="bbox 957 547 1750 583">
    <p class='ocr_par' dir='ltr' id='par_1_77' title="bbox 957 547 1750 583">
     <span class='ocr_line' id='line_1_77' title="bbox 957 547 1750 583; baseline -0.001 -9"><span class='ocrx_word' id='word_1_542' title='bbox 957 547 1093 581; x_wconf 80' lang='lat' dir='ltr'><strong>Ephesino</strong></span> <span class='ocrx_word' id='word_1_543' title='bbox 1104 556 1190 583; x_wconf 87' lang='lat' dir='ltr'><strong>neque</strong></span> <span class='ocrx_word' id='word_1_544' title='bbox 1199 549 1429 580; x_wconf 82' lang='lat' dir='ltr'><strong>Chalcedonensi,</strong></span> <span class='ocrx_word' id='word_1_545' title='bbox 1441 549 1490 576; x_wconf 85' lang='lat' dir='ltr'><strong>ctsi</strong></span> <span class='ocrx_word' id='word_1_546' title='bbox 1503 549 1536 575; x_wconf 90' lang='lat' dir='ltr'><strong>de</strong></span> <span class='ocrx_word' id='word_1_547' title='bbox 1547 549 1636 583; x_wconf 88' lang='lat' dir='ltr'><strong>priore</strong></span> <span class='ocrx_word' id='word_1_548' title='bbox 1647 547 1678 575; x_wconf 85' lang='lat' dir='ltr'><strong>L.</strong></span> <span class='ocrx_word' id='word_1_549' title='bbox 1691 547 1750 574; x_wconf 88' lang='lat' dir='ltr'><strong>Hol-</strong></span> 
     </span>
    </p>
   </div>
   <div class='ocr_carea' id='block_1_78' title="bbox 957 587 1746 624">
    <p class='ocr_par' dir='ltr' id='par_1_78' title="bbox 957 587 1746 624">
     <span class='ocr_line' id='line_1_78' title="bbox 957 587 1746 624; baseline -0.003 -8"><span class='ocrx_word' id='word_1_550' title='bbox 957 589 1069 617; x_wconf 88' lang='lat' dir='ltr'><strong>steiuius</strong></span> <span class='ocrx_word' id='word_1_551' title='bbox 1092 590 1273 624; x_wconf 87' lang='lat' dir='ltr'><strong>suspicionem</strong></span> <span class='ocrx_word' id='word_1_552' title='bbox 1294 590 1396 623; x_wconf 81' lang='lat' dir='ltr'><strong>injecit,</strong></span> <span class='ocrx_word' id='word_1_553' title='bbox 1413 597 1460 616; x_wconf 87' lang='lat' dir='ltr'><strong>usa</strong></span> <span class='ocrx_word' id='word_1_554' title='bbox 1479 590 1539 616; x_wconf 90' lang='lat' dir='ltr'><strong>fuit.</strong></span> <span class='ocrx_word' id='word_1_555' title='bbox 1558 588 1627 617; x_wconf 78' lang='lat' dir='ltr'><strong>Vide</strong></span> <span class='ocrx_word' id='word_1_556' title='bbox 1649 587 1746 624; x_wconf 86' lang='lat' dir='ltr'><strong>Ephesi</strong></span> 
     </span>
    </p>
   </div>
   <div class='ocr_carea' id='block_1_79' title="bbox 957 631 1489 666">
    <p class='ocr_par' dir='ltr' id='par_1_79' title="bbox 957 631 1489 666">
     <span class='ocr_line' id='line_1_79' title="bbox 957 631 1489 666; baseline 0 -8"><span class='ocrx_word' id='word_1_557' title='bbox 957 632 1022 658; x_wconf 79' lang='lat' dir='ltr'><strong>Acta</strong></span> <span class='ocrx_word' id='word_1_558' title='bbox 1038 639 1062 666; x_wconf 89' lang='lat' dir='ltr'><strong>p.</strong></span> <span class='ocrx_word' id='word_1_559' title='bbox 1081 631 1134 658; x_wconf 84' lang='grc'><strong>555</strong></span> <span class='ocrx_word' id='word_1_560' title='bbox 1149 637 1175 658; x_wconf 90' lang='lat' dir='ltr'><strong>et</strong></span> <span class='ocrx_word' id='word_1_561' title='bbox 1189 632 1284 659; x_wconf 77' lang='lat' dir='ltr'><strong>Anton.</strong></span> <span class='ocrx_word' id='word_1_562' title='bbox 1300 631 1367 658; x_wconf 85' lang='lat' dir='ltr'><strong>Itin.</strong></span> <span class='ocrx_word' id='word_1_563' title='bbox 1386 639 1411 665; x_wconf 85' lang='lat' dir='ltr'><strong>p,</strong></span> <span class='ocrx_word' id='word_1_564' title='bbox 1427 632 1489 658; x_wconf 85' lang='grc'><strong>557.</strong></span> 
     </span>
    </p>
   </div>
   <div class='ocr_carea' id='block_1_80' title="bbox 992 671 1749 708">
    <p class='ocr_par' dir='ltr' id='par_1_80' title="bbox 992 671 1749 708">
     <span class='ocr_line' id='line_1_80' title="bbox 992 671 1749 708; baseline 0 -9"><span class='ocrx_word' id='word_1_565' title='bbox 992 673 1060 700; x_wconf 87' lang='lat' dir='ltr'><strong>Ibid.</strong></span> <span class='ocrx_word' id='word_1_566' title='bbox 1077 673 1213 700; x_wconf 81' lang='grc' dir='ltr'>Μόσυνα.</span> <span class='ocrx_word' id='word_1_567' title='bbox 1229 674 1386 701; x_wconf 84' lang='lat' dir='ltr'><strong>Gennadius</strong></span> <span class='ocrx_word' id='word_1_568' title='bbox 1400 672 1529 708; x_wconf 82' lang='grc' dir='ltr'>Μοσύνης</span> <span class='ocrx_word' id='word_1_569' title='bbox 1543 672 1620 700; x_wconf 82' lang='lat' dir='ltr'><strong>estin</strong></span> <span class='ocrx_word' id='word_1_570' title='bbox 1636 671 1749 700; x_wconf 75' lang='lat' dir='ltr'><strong>Chalce-</strong></span> 
     </span>
    </p>
   </div>
   <div class='ocr_carea' id='block_1_81' title="bbox 957 713 1747 749">
    <p class='ocr_par' dir='ltr' id='par_1_81' title="bbox 957 713 1747 749">
     <span class='ocr_line' id='line_1_81' title="bbox 957 713 1747 749; baseline 0.001 -9"><span class='ocrx_word' id='word_1_571' title='bbox 957 713 1019 740; x_wconf 92' lang='lat' dir='ltr'><strong>don.</strong></span> <span class='ocrx_word' id='word_1_572' title='bbox 1041 721 1067 748; x_wconf 90' lang='lat' dir='ltr'><strong>p.</strong></span> <span class='ocrx_word' id='word_1_573' title='bbox 1087 714 1140 740; x_wconf 73' lang='lat'><strong>228</strong></span> <span class='ocrx_word' id='word_1_574' title='bbox 1157 719 1183 741; x_wconf 83' lang='lat' dir='ltr'><strong>et</strong></span> <span class='ocrx_word' id='word_1_575' title='bbox 1199 714 1333 741; x_wconf 86' lang='grc' dir='ltr'>Μοσὺνων</span> <span class='ocrx_word' id='word_1_576' title='bbox 1346 723 1372 749; x_wconf 88' lang='lat' dir='ltr'><strong>p.</strong></span> <span class='ocrx_word' id='word_1_577' title='bbox 1389 714 1453 748; x_wconf 83' lang='lat'><strong>668,</strong></span> <span class='ocrx_word' id='word_1_578' title='bbox 1469 715 1495 741; x_wconf 89' lang='lat' dir='ltr'><strong>in</strong></span> <span class='ocrx_word' id='word_1_579' title='bbox 1511 713 1747 747; x_wconf 82' lang='lat' dir='ltr'><strong>Constantioopol.</strong></span> 
     </span>
    </p>
   </div>
   <div class='ocr_carea' id='block_1_82' title="bbox 958 755 1759 793">
    <p class='ocr_par' dir='ltr' id='par_1_82' title="bbox 958 755 1759 793">
     <span class='ocr_line' id='line_1_82' title="bbox 958 755 1759 793; baseline -0.002 -11"><span class='ocrx_word' id='word_1_580' title='bbox 958 756 1047 786; x_wconf 69' lang='lat' dir='ltr'><strong>tertio,</strong></span> <span class='ocrx_word' id='word_1_581' title='bbox 1065 763 1091 790; x_wconf 92' lang='lat' dir='ltr'><strong>p.</strong></span> <span class='ocrx_word' id='word_1_582' title='bbox 1110 755 1162 782; x_wconf 84' lang='lat'><strong>678</strong></span> <span class='ocrx_word' id='word_1_583' title='bbox 1176 755 1294 782; x_wconf 83' lang='lat' dir='ltr'><strong>Joannes</strong></span> <span class='ocrx_word' id='word_1_584' title='bbox 1309 756 1359 789; x_wconf 77' lang='grc' dir='ltr'><strong>τῆς</strong></span> <span class='ocrx_word' id='word_1_585' title='bbox 1378 756 1527 782; x_wconf 72' lang='grc' dir='ltr'><strong>Μοωνέων</strong></span> <span class='ocrx_word' id='word_1_586' title='bbox 1542 755 1646 788; x_wconf 76' lang='grc' dir='ltr'>πόλεως</span> <span class='ocrx_word' id='word_1_587' title='bbox 1661 755 1759 793; x_wconf 65' lang='grc' dir='ltr'><strong>ἐπαρ-⁸</strong></span> 
     </span>
    </p>
   </div>
   <div class='ocr_carea' id='block_1_83' title="bbox 957 796 1749 834">
    <p class='ocr_par' dir='ltr' id='par_1_83' title="bbox 957 796 1749 834">
     <span class='ocr_line' id='line_1_83' title="bbox 957 796 1749 834; baseline 0.001 -12"><span class='ocrx_word' id='word_1_588' title='bbox 957 797 1019 831; x_wconf 77' lang='grc' dir='ltr'>χίας</span> <span class='ocrx_word' id='word_1_589' title='bbox 1032 796 1155 834; x_wconf 76' lang='grc' dir='ltr'>Φρυγῶν,</span> <span class='ocrx_word' id='word_1_590' title='bbox 1175 802 1253 831; x_wconf 86' lang='lat' dir='ltr'><strong>atque</strong></span> <span class='ocrx_word' id='word_1_591' title='bbox 1269 798 1331 824; x_wconf 86' lang='lat' dir='ltr'><strong>hinc</strong></span> <span class='ocrx_word' id='word_1_592' title='bbox 1347 797 1469 832; x_wconf 86' lang='lat' dir='ltr'><strong>Mossyni</strong></span> <span class='ocrx_word' id='word_1_593' title='bbox 1486 802 1636 824; x_wconf 83' lang='lat' dir='ltr'><strong>conventus</strong></span> <span class='ocrx_word' id='word_1_594' title='bbox 1649 796 1749 831; x_wconf 82' lang='lat' dir='ltr'><strong>Perga-</strong></span> 
     </span>
    </p>
   </div>
   <div class='ocr_carea' id='block_1_84' title="bbox 958 838 1748 873">
    <p class='ocr_par' dir='ltr' id='par_1_84' title="bbox 958 838 1748 873">
     <span class='ocr_line' id='line_1_84' title="bbox 958 838 1748 873; baseline 0 -9"><span class='ocrx_word' id='word_1_595' title='bbox 958 838 1031 865; x_wconf 88' lang='lat' dir='ltr'><strong>meni</strong></span> <span class='ocrx_word' id='word_1_596' title='bbox 1056 838 1125 873; x_wconf 87' lang='lat' dir='ltr'><strong>apud</strong></span> <span class='ocrx_word' id='word_1_597' title='bbox 1143 838 1258 865; x_wconf 87' lang='lat' dir='ltr'><strong>Plinium</strong></span> <span class='ocrx_word' id='word_1_598' title='bbox 1286 846 1312 870; x_wconf 82' lang='grc' dir='ltr'>ν,</span> <span class='ocrx_word' id='word_1_599' title='bbox 1328 839 1373 866; x_wconf 89' lang='grc'><strong>50.</strong></span> <span class='ocrx_word' id='word_1_600' title='bbox 1389 838 1495 865; x_wconf 85' lang='lat' dir='ltr'><strong>Numen</strong></span> <span class='ocrx_word' id='word_1_601' title='bbox 1519 838 1578 865; x_wconf 89' lang='lat' dir='ltr'><strong>urbi</strong></span> <span class='ocrx_word' id='word_1_602' title='bbox 1597 838 1631 865; x_wconf 84' lang='lat' dir='ltr'><strong>ab</strong></span> <span class='ocrx_word' id='word_1_603' title='bbox 1645 839 1748 865; x_wconf 73' lang='lat' dir='ltr'><strong>:edibus</strong></span> 
     </span>
    </p>
   </div>
   <div class='ocr_carea' id='block_1_85' title="bbox 959 878 1747 914">
    <p class='ocr_par' dir='ltr' id='par_1_85' title="bbox 959 878 1747 914">
     <span class='ocr_line' id='line_1_85' title="bbox 959 878 1747 914; baseline 0 -9"><span class='ocrx_word' id='word_1_604' title='bbox 959 879 1133 914; x_wconf 89' lang='lat' dir='ltr'><strong>turribusque</strong></span> <span class='ocrx_word' id='word_1_605' title='bbox 1153 880 1249 913; x_wconf 80' lang='lat' dir='ltr'><strong>ligneis</strong></span> <span class='ocrx_word' id='word_1_606' title='bbox 1271 881 1378 907; x_wconf 77' lang='lat' dir='ltr'><strong>vertisse</strong></span> <span class='ocrx_word' id='word_1_607' title='bbox 1395 879 1500 906; x_wconf 88' lang='lat' dir='ltr'><strong>videtur</strong></span> <span class='ocrx_word' id='word_1_608' title='bbox 1515 887 1522 906; x_wconf 93' lang='lat'>:</span> <span class='ocrx_word' id='word_1_609' title='bbox 1539 880 1642 913; x_wconf 77' lang='grc' dir='ltr'>μόσσυν</span> <span class='ocrx_word' id='word_1_610' title='bbox 1661 878 1747 914; x_wconf 74' lang='lat' dir='ltr'><strong>Hesy-</strong></span> 
     </span>
    </p>
   </div>
   <div class='ocr_carea' id='block_1_86' title="bbox 959 920 1747 956">
    <p class='ocr_par' dir='ltr' id='par_1_86' title="bbox 959 920 1747 956">
     <span class='ocr_line' id='line_1_86' title="bbox 959 920 1747 956; baseline 0 -9"><span class='ocrx_word' id='word_1_611' title='bbox 959 921 1022 948; x_wconf 82' lang='lat' dir='ltr'><strong>chio</strong></span> <span class='ocrx_word' id='word_1_612' title='bbox 1044 926 1071 948; x_wconf 88' lang='lat' dir='ltr'><strong>et</strong></span> <span class='ocrx_word' id='word_1_613' title='bbox 1091 921 1232 956; x_wconf 83' lang='lat' dir='ltr'><strong>Apollonio</strong></span> <span class='ocrx_word' id='word_1_614' title='bbox 1253 922 1358 948; x_wconf 79' lang='lat' dir='ltr'><strong>Rhodio</strong></span> <span class='ocrx_word' id='word_1_615' title='bbox 1371 929 1403 954; x_wconf 86' lang='grc' dir='ltr'><strong>ιι,</strong></span> <span class='ocrx_word' id='word_1_616' title='bbox 1420 920 1471 948; x_wconf 75' lang='grc'><strong>585</strong></span> <span class='ocrx_word' id='word_1_617' title='bbox 1486 926 1527 948; x_wconf 88' lang='lat' dir='ltr'><strong>est</strong></span> <span class='ocrx_word' id='word_1_618' title='bbox 1541 921 1655 956; x_wconf 81' lang='grc' dir='ltr'><strong>πύργος.</strong></span> <span class='ocrx_word' id='word_1_619' title='bbox 1671 921 1747 947; x_wconf 67' lang='grc' dir='ltr'><strong>Μάτ-</strong></span> 
     </span>
    </p>
   </div>
   <div class='ocr_carea' id='block_1_87' title="bbox 960 959 1745 997">
    <p class='ocr_par' dir='ltr' id='par_1_87' title="bbox 960 959 1745 997">
     <span class='ocr_line' id='line_1_87' title="bbox 960 959 1745 997; baseline 0.001 -9"><span class='ocrx_word' id='word_1_620' title='bbox 960 970 1045 995; x_wconf 76' lang='grc' dir='ltr'>συνοι,</span> <span class='ocrx_word' id='word_1_621' title='bbox 1070 963 1228 990; x_wconf 86' lang='lat' dir='ltr'><strong>scholiastes</strong></span> <span class='ocrx_word' id='word_1_622' title='bbox 1253 963 1386 997; x_wconf 83' lang='lat' dir='ltr'><strong>Apollonii</strong></span> <span class='ocrx_word' id='word_1_623' title='bbox 1416 963 1463 994; x_wconf 88' lang='lat' dir='ltr'><strong>ait,</strong></span> <span class='ocrx_word' id='word_1_624' title='bbox 1489 962 1520 988; x_wconf 86' lang='lat' dir='ltr'><strong>0i</strong></span> <span class='ocrx_word' id='word_1_625' title='bbox 1545 961 1646 995; x_wconf 80' lang='grc' dir='ltr'>ξύλινοι</span> <span class='ocrx_word' id='word_1_626' title='bbox 1665 959 1745 989; x_wconf 77' lang='grc' dir='ltr'><strong>οἶκοι.</strong></span> 
     </span>
    </p>
   </div>
   <div class='ocr_carea' id='block_1_88' title="bbox 957 1002 1746 1038">
    <p class='ocr_par' dir='ltr' id='par_1_88' title="bbox 957 1002 1746 1038">
     <span class='ocr_line' id='line_1_88' title="bbox 957 1002 1746 1038; baseline -0.003 -8"><span class='ocrx_word' id='word_1_627' title='bbox 957 1003 1035 1036; x_wconf 83' lang='lat' dir='ltr'><strong>Quod</strong></span> <span class='ocrx_word' id='word_1_628' title='bbox 1063 1005 1150 1037; x_wconf 85' lang='lat' dir='ltr'><strong>ipsum</strong></span> <span class='ocrx_word' id='word_1_629' title='bbox 1174 1004 1289 1031; x_wconf 77' lang='lat' dir='ltr'><strong>aliirmat</strong></span> <span class='ocrx_word' id='word_1_630' title='bbox 1322 1003 1469 1038; x_wconf 81' lang='lat' dir='ltr'><strong>Xenophon</strong></span> <span class='ocrx_word' id='word_1_631' title='bbox 1498 1003 1598 1037; x_wconf 70' lang='lat' dir='ltr'><strong>I&#39;ered.</strong></span> <span class='ocrx_word' id='word_1_632' title='bbox 1630 1002 1691 1038; x_wconf 84' lang='lat' dir='ltr'><strong>Cyr.</strong></span> <span class='ocrx_word' id='word_1_633' title='bbox 1719 1010 1746 1034; x_wconf 86' lang='lat' dir='ltr'><strong>v,</strong></span> 
     </span>
    </p>
   </div>
   <div class='ocr_carea' id='block_1_89' title="bbox 957 1043 1747 1080">
    <p class='ocr_par' dir='ltr' id='par_1_89' title="bbox 957 1043 1747 1080">
     <span class='ocr_line' id='line_1_89' title="bbox 957 1043 1747 1080; baseline -0.001 -9"><span class='ocrx_word' id='word_1_634' title='bbox 957 1051 983 1079; x_wconf 91' lang='lat' dir='ltr'><strong>p.</strong></span> <span class='ocrx_word' id='word_1_635' title='bbox 1007 1044 1083 1072; x_wconf 75' lang='lat'><strong>276:</strong></span> <span class='ocrx_word' id='word_1_636' title='bbox 1106 1044 1136 1071; x_wconf 89' lang='lat'><strong>&#39;0</strong></span> <span class='ocrx_word' id='word_1_637' title='bbox 1153 1045 1181 1072; x_wconf 82' lang='grc' dir='ltr'>δὲ</span> <span class='ocrx_word' id='word_1_638' title='bbox 1205 1045 1332 1080; x_wconf 78' lang='grc' dir='ltr'><strong>βασιλεὺς</strong></span> <span class='ocrx_word' id='word_1_639' title='bbox 1353 1044 1442 1071; x_wconf 78' lang='grc' dir='ltr'>αὐτῶν</span> <span class='ocrx_word' id='word_1_640' title='bbox 1463 1046 1478 1071; x_wconf 90' lang='grc' dir='ltr'><strong>ὁ</strong></span> <span class='ocrx_word' id='word_1_641' title='bbox 1498 1045 1526 1070; x_wconf 73' lang='grc' dir='ltr'>ἐν</span> <span class='ocrx_word' id='word_1_642' title='bbox 1544 1044 1583 1080; x_wconf 83' lang='grc' dir='ltr'><strong>τῷ</strong></span> <span class='ocrx_word' id='word_1_643' title='bbox 1599 1044 1694 1079; x_wconf 78' lang='grc' dir='ltr'><strong>μόσυυι</strong></span> <span class='ocrx_word' id='word_1_644' title='bbox 1707 1043 1747 1079; x_wconf 81' lang='grc' dir='ltr'><strong>τῷ</strong></span> 
     </span>
    </p>
   </div>
   <div class='ocr_carea' id='block_1_90' title="bbox 956 1085 1746 1122">
    <p class='ocr_par' dir='ltr' id='par_1_90' title="bbox 956 1085 1746 1122">
     <span class='ocr_line' id='line_1_90' title="bbox 956 1085 1746 1122; baseline 0 -10"><span class='ocrx_word' id='word_1_645' title='bbox 956 1087 999 1112; x_wconf 77' lang='grc' dir='ltr'><strong>ἐπ’</strong></span> <span class='ocrx_word' id='word_1_646' title='bbox 1011 1086 1095 1121; x_wconf 78' lang='grc' dir='ltr'>ἄκρον</span> <span class='ocrx_word' id='word_1_647' title='bbox 1109 1087 1311 1122; x_wconf 78' lang='grc' dir='ltr'><strong>ᾠκοδομημένῳ</strong></span> <span class='ocrx_word' id='word_1_648' title='bbox 1321 1087 1370 1113; x_wconf 74' lang='grc' dir='ltr'><strong>οὐκ</strong></span> <span class='ocrx_word' id='word_1_649' title='bbox 1388 1085 1484 1122; x_wconf 73' lang='grc' dir='ltr'>ἤθελεν</span> <span class='ocrx_word' id='word_1_650' title='bbox 1495 1086 1625 1119; x_wconf 78' lang='grc' dir='ltr'><strong>ἐξελθεῖν,</strong></span> <span class='ocrx_word' id='word_1_651' title='bbox 1643 1086 1705 1112; x_wconf 74' lang='grc' dir='ltr'>οὐδὲ</span> <span class='ocrx_word' id='word_1_652' title='bbox 1720 1087 1746 1112; x_wconf 85' lang='lat' dir='ltr'><strong>oi</strong></span> 
     </span>
    </p>
   </div>
   <div class='ocr_carea' id='block_1_91' title="bbox 956 1127 1746 1163">
    <p class='ocr_par' dir='ltr' id='par_1_91' title="bbox 956 1127 1746 1163">
     <span class='ocr_line' id='line_1_91' title="bbox 956 1127 1746 1163; baseline -0.001 -10"><span class='ocrx_word' id='word_1_653' title='bbox 956 1128 985 1154; x_wconf 79' lang='grc' dir='ltr'>ὲν</span> <span class='ocrx_word' id='word_1_654' title='bbox 995 1127 1034 1162; x_wconf 85' lang='grc' dir='ltr'>τῷ</span> <span class='ocrx_word' id='word_1_655' title='bbox 1046 1128 1179 1162; x_wconf 80' lang='grc' dir='ltr'>πρότερον</span> <span class='ocrx_word' id='word_1_656' title='bbox 1194 1128 1331 1163; x_wconf 80' lang='grc' dir='ltr'><strong>αἱρεθέντι</strong></span> <span class='ocrx_word' id='word_1_657' title='bbox 1343 1128 1445 1163; x_wconf 84' lang='grc' dir='ltr'>χωρίῳ,</span> <span class='ocrx_word' id='word_1_658' title='bbox 1461 1128 1519 1155; x_wconf 84' lang='grc' dir='ltr'><strong>ἀλλ’</strong></span> <span class='ocrx_word' id='word_1_659' title='bbox 1531 1127 1613 1154; x_wconf 79' lang='grc' dir='ltr'>αὑτοῦ</span> <span class='ocrx_word' id='word_1_660' title='bbox 1631 1128 1680 1154; x_wconf 85' lang='grc' dir='ltr'><strong>σὺν</strong></span> <span class='ocrx_word' id='word_1_661' title='bbox 1689 1129 1746 1158; x_wconf 69' lang='grc' dir='ltr'>τοῖς</span> 
     </span>
    </p>
   </div>
   <div class='ocr_carea' id='block_1_92' title="bbox 958 1168 1744 1205">
    <p class='ocr_par' dir='ltr' id='par_1_92' title="bbox 958 1168 1744 1205">
     <span class='ocr_line' id='line_1_92' title="bbox 958 1168 1744 1205; baseline 0.001 -10"><span class='ocrx_word' id='word_1_662' title='bbox 958 1169 1083 1204; x_wconf 81' lang='grc' dir='ltr'>μοσύνοις</span> <span class='ocrx_word' id='word_1_663' title='bbox 1096 1170 1317 1205; x_wconf 77' lang='grc' dir='ltr'>κατεκαύθησαν.</span> <span class='ocrx_word' id='word_1_664' title='bbox 1329 1169 1360 1196; x_wconf 84' lang='grc' dir='ltr'><strong>Ει</strong></span> <span class='ocrx_word' id='word_1_665' title='bbox 1374 1168 1497 1204; x_wconf 88' lang='lat' dir='ltr'><strong>Orpheus</strong></span> <span class='ocrx_word' id='word_1_666' title='bbox 1510 1169 1657 1204; x_wconf 78' lang='lat' dir='ltr'><strong>Argonant.</strong></span> <span class='ocrx_word' id='word_1_667' title='bbox 1672 1169 1724 1196; x_wconf 82' lang='grc'><strong>759</strong></span> <span class='ocrx_word' id='word_1_668' title='bbox 1737 1177 1744 1196; x_wconf 91' lang='lat'><strong>:</strong></span> 
     </span>
    </p>
   </div>
   <div class='ocr_carea' id='block_1_93' title="bbox 956 1210 1747 1247">
    <p class='ocr_par' dir='ltr' id='par_1_93' title="bbox 956 1210 1747 1247">
     <span class='ocr_line' id='line_1_93' title="bbox 956 1210 1747 1247; baseline 0 -10"><span class='ocrx_word' id='word_1_669' title='bbox 956 1211 1022 1238; x_wconf 85' lang='grc' dir='ltr'>Λαοί</span> <span class='ocrx_word' id='word_1_670' title='bbox 1035 1220 1065 1237; x_wconf 87' lang='grc' dir='ltr'>τε</span> <span class='ocrx_word' id='word_1_671' title='bbox 1082 1211 1200 1247; x_wconf 82' lang='grc' dir='ltr'>βίχειρες</span> <span class='ocrx_word' id='word_1_672' title='bbox 1235 1212 1338 1246; x_wconf 85' lang='grc' dir='ltr'>μίγδην</span> <span class='ocrx_word' id='word_1_673' title='bbox 1352 1212 1381 1237; x_wconf 79' lang='grc' dir='ltr'>ὲν</span> <span class='ocrx_word' id='word_1_674' title='bbox 1399 1210 1541 1246; x_wconf 56' lang='lat' dir='ltr'><strong>posthaec:</strong></span> <span class='ocrx_word' id='word_1_675' title='bbox 1561 1211 1641 1237; x_wconf 84' lang='grc' dir='ltr'>πέδον</span> <span class='ocrx_word' id='word_1_676' title='bbox 1668 1220 1747 1245; x_wconf 78' lang='grc' dir='ltr'>περι-</span> 
     </span>
    </p>
   </div>
   <div class='ocr_carea' id='block_1_94' title="bbox 955 1252 1747 1288">
    <p class='ocr_par' dir='ltr' id='par_1_94' title="bbox 955 1252 1747 1288">
     <span class='ocr_line' id='line_1_94' title="bbox 955 1252 1747 1288; baseline -0.001 -9"><span class='ocrx_word' id='word_1_677' title='bbox 955 1253 1122 1280; x_wconf 75' lang='grc' dir='ltr'><strong>ναιετάουσι.</strong></span> <span class='ocrx_word' id='word_1_678' title='bbox 1136 1254 1182 1281; x_wconf 87' lang='lat' dir='ltr'><strong>Sic</strong></span> <span class='ocrx_word' id='word_1_679' title='bbox 1197 1253 1267 1280; x_wconf 89' lang='lat' dir='ltr'><strong>enim</strong></span> <span class='ocrx_word' id='word_1_680' title='bbox 1280 1253 1407 1288; x_wconf 86' lang='lat' dir='ltr'><strong>scripsit:</strong></span> <span class='ocrx_word' id='word_1_681' title='bbox 1425 1260 1486 1280; x_wconf 82' lang='lat' dir='ltr'><strong>nam</strong></span> <span class='ocrx_word' id='word_1_682' title='bbox 1495 1252 1554 1279; x_wconf 86' lang='grc' dir='ltr'>λαοί</span> <span class='ocrx_word' id='word_1_683' title='bbox 1570 1252 1593 1279; x_wconf 85' lang='grc' dir='ltr'><strong>τ’</strong></span> <span class='ocrx_word' id='word_1_684' title='bbox 1608 1252 1747 1287; x_wconf 80' lang='grc' dir='ltr'>ὲπίχειρες</span> 
     </span>
    </p>
   </div>
   <div class='ocr_carea' id='block_1_95' title="bbox 956 1293 1747 1329">
    <p class='ocr_par' dir='ltr' id='par_1_95' title="bbox 956 1293 1747 1329">
     <span class='ocr_line' id='line_1_95' title="bbox 956 1293 1747 1329; baseline -0.003 -7"><span class='ocrx_word' id='word_1_685' title='bbox 956 1295 1149 1322; x_wconf 88' lang='lat' dir='ltr'><strong>obstetricante</strong></span> <span class='ocrx_word' id='word_1_686' title='bbox 1164 1294 1272 1322; x_wconf 83' lang='lat' dir='ltr'><strong>inscitia</strong></span> <span class='ocrx_word' id='word_1_687' title='bbox 1288 1295 1428 1322; x_wconf 83' lang='lat' dir='ltr'><strong>librarium</strong></span> <span class='ocrx_word' id='word_1_688' title='bbox 1441 1294 1522 1329; x_wconf 76' lang='lat' dir='ltr'><strong>geniti</strong></span> <span class='ocrx_word' id='word_1_689' title='bbox 1539 1298 1612 1325; x_wconf 86' lang='lat' dir='ltr'><strong>sunt,</strong></span> <span class='ocrx_word' id='word_1_690' title='bbox 1633 1298 1662 1320; x_wconf 92' lang='lat' dir='ltr'><strong>ut</strong></span> <span class='ocrx_word' id='word_1_691' title='bbox 1678 1293 1747 1320; x_wconf 86' lang='lat' dir='ltr'><strong>bene</strong></span> 
     </span>
    </p>
   </div>
   <div class='ocr_carea' id='block_1_96' title="bbox 957 1334 1747 1371">
    <p class='ocr_par' dir='ltr' id='par_1_96' title="bbox 957 1334 1747 1371">
     <span class='ocr_line' id='line_1_96' title="bbox 957 1334 1747 1371; baseline -0.003 -8"><span class='ocrx_word' id='word_1_692' title='bbox 957 1335 1133 1363; x_wconf 84' lang='lat' dir='ltr'><strong>Holsteinius.</strong></span> <span class='ocrx_word' id='word_1_693' title='bbox 1158 1335 1248 1371; x_wconf 79' lang='lat' dir='ltr'><strong>Longe</strong></span> <span class='ocrx_word' id='word_1_694' title='bbox 1268 1336 1375 1371; x_wconf 87' lang='lat' dir='ltr'><strong>quidem</strong></span> <span class='ocrx_word' id='word_1_695' title='bbox 1393 1335 1556 1370; x_wconf 70' lang='lat' dir='ltr'><strong>Masynoeci,</strong></span> <span class='ocrx_word' id='word_1_696' title='bbox 1577 1342 1646 1370; x_wconf 91' lang='lat' dir='ltr'><strong>quos</strong></span> <span class='ocrx_word' id='word_1_697' title='bbox 1661 1334 1747 1362; x_wconf 83' lang='lat' dir='ltr'><strong>Xeno-</strong></span> 
     </span>
    </p>
   </div>
   <div class='ocr_carea' id='block_1_97' title="bbox 956 1376 1745 1413">
    <p class='ocr_par' dir='ltr' id='par_1_97' title="bbox 956 1376 1745 1413">
     <span class='ocr_line' id='line_1_97' title="bbox 956 1376 1745 1413; baseline -0.004 -8"><span class='ocrx_word' id='word_1_698' title='bbox 956 1378 1027 1413; x_wconf 87' lang='lat' dir='ltr'><strong>phon</strong></span> <span class='ocrx_word' id='word_1_699' title='bbox 1040 1383 1067 1406; x_wconf 88' lang='lat' dir='ltr'><strong>et</strong></span> <span class='ocrx_word' id='word_1_700' title='bbox 1081 1376 1236 1413; x_wconf 70' lang='lat' dir='ltr'><strong>Ajfoilonius</strong></span> <span class='ocrx_word' id='word_1_701' title='bbox 1248 1378 1416 1410; x_wconf 87' lang='lat' dir='ltr'><strong>describunt,</strong></span> <span class='ocrx_word' id='word_1_702' title='bbox 1427 1385 1440 1403; x_wconf 82' lang='lat' dir='ltr'><strong>a</strong></span> <span class='ocrx_word' id='word_1_703' title='bbox 1453 1376 1571 1412; x_wconf 79' lang='lat' dir='ltr'><strong>Phrygia</strong></span> <span class='ocrx_word' id='word_1_704' title='bbox 1586 1376 1722 1404; x_wconf 78' lang='lat' dir='ltr'><strong>distabant</strong></span> <span class='ocrx_word' id='word_1_705' title='bbox 1736 1386 1745 1406; x_wconf 77' lang='grc' dir='ltr'>ι</span> 
     </span>
    </p>
   </div>
   <div class='ocr_carea' id='block_1_98' title="bbox 955 1418 1747 1456">
    <p class='ocr_par' dir='ltr' id='par_1_98' title="bbox 955 1418 1747 1456">
     <span class='ocr_line' id='line_1_98' title="bbox 955 1418 1747 1456; baseline -0.005 -8"><span class='ocrx_word' id='word_1_706' title='bbox 955 1421 1021 1456; x_wconf 90' lang='lat' dir='ltr'><strong>quid</strong></span> <span class='ocrx_word' id='word_1_707' title='bbox 1041 1425 1132 1448; x_wconf 88' lang='lat' dir='ltr'><strong>autem</strong></span> <span class='ocrx_word' id='word_1_708' title='bbox 1155 1421 1280 1455; x_wconf 86' lang='lat' dir='ltr'><strong>prohibet</strong></span> <span class='ocrx_word' id='word_1_709' title='bbox 1295 1420 1365 1454; x_wconf 90' lang='lat' dir='ltr'><strong>quod</strong></span> <span class='ocrx_word' id='word_1_710' title='bbox 1385 1420 1474 1446; x_wconf 87' lang='lat' dir='ltr'><strong>minus</strong></span> <span class='ocrx_word' id='word_1_711' title='bbox 1490 1419 1572 1445; x_wconf 81' lang='lat' dir='ltr'><strong>multa</strong></span> <span class='ocrx_word' id='word_1_712' title='bbox 1594 1425 1655 1446; x_wconf 90' lang='lat' dir='ltr'><strong>cum</strong></span> <span class='ocrx_word' id='word_1_713' title='bbox 1678 1418 1747 1445; x_wconf 77' lang='lat' dir='ltr'><strong>anti-</strong></span> 
     </span>
    </p>
   </div>
   <div class='ocr_carea' id='block_1_99' title="bbox 956 1461 1746 1497">
    <p class='ocr_par' dir='ltr' id='par_1_99' title="bbox 956 1461 1746 1497">
     <span class='ocr_line' id='line_1_99' title="bbox 956 1461 1746 1497; baseline -0.004 -8"><span class='ocrx_word' id='word_1_714' title='bbox 956 1462 1086 1497; x_wconf 85' lang='lat' dir='ltr'><strong>quissima</strong></span> <span class='ocrx_word' id='word_1_715' title='bbox 1116 1461 1250 1497; x_wconf 80' lang='lat' dir='ltr'><strong>Phrygum</strong></span> <span class='ocrx_word' id='word_1_716' title='bbox 1278 1466 1375 1495; x_wconf 84' lang='lat' dir='ltr'><strong>gente,</strong></span> <span class='ocrx_word' id='word_1_717' title='bbox 1403 1461 1426 1487; x_wconf 83' lang='lat' dir='ltr'><strong>si</strong></span> <span class='ocrx_word' id='word_1_718' title='bbox 1452 1466 1605 1488; x_wconf 84' lang='lat' dir='ltr'><strong>sermonem</strong></span> <span class='ocrx_word' id='word_1_719' title='bbox 1628 1465 1746 1495; x_wconf 75' lang='lat' dir='ltr'><strong>spectes,</strong></span> 
     </span>
    </p>
   </div>
   <div class='ocr_carea' id='block_1_100' title="bbox 956 1502 1419 1531">
    <p class='ocr_par' dir='ltr' id='par_1_100' title="bbox 956 1502 1419 1531">
     <span class='ocr_line' id='line_1_100' title="bbox 956 1502 1419 1531; baseline -0.006 0"><span class='ocrx_word' id='word_1_720' title='bbox 956 1504 1110 1531; x_wconf 83' lang='lat' dir='ltr'><strong>communia</strong></span> <span class='ocrx_word' id='word_1_721' title='bbox 1124 1503 1251 1531; x_wconf 86' lang='lat' dir='ltr'><strong>habuisse</strong></span> <span class='ocrx_word' id='word_1_722' title='bbox 1266 1502 1419 1530; x_wconf 72' lang='lat' dir='ltr'><strong>fateamur?</strong></span> 
     </span>
    </p>
   </div>
   <div class='ocr_carea' id='block_1_101' title="bbox 991 1543 1743 1579">
    <p class='ocr_par' dir='ltr' id='par_1_101' title="bbox 991 1543 1743 1579">
     <span class='ocr_line' id='line_1_101' title="bbox 991 1543 1743 1579; baseline -0.003 -7"><span class='ocrx_word' id='word_1_723' title='bbox 991 1545 1058 1573; x_wconf 89' lang='lat' dir='ltr'><strong>Ibid.</strong></span> <span class='ocrx_word' id='word_1_724' title='bbox 1072 1544 1220 1577; x_wconf 70' lang='grc' dir='ltr'><strong>ιἈττυὸα.</strong></span> <span class='ocrx_word' id='word_1_725' title='bbox 1240 1545 1351 1572; x_wconf 81' lang='lat' dir='ltr'><strong>Rectius</strong></span> <span class='ocrx_word' id='word_1_726' title='bbox 1365 1543 1508 1576; x_wconf 78' lang='grc' dir='ltr'>Ἃττουδα,</span> <span class='ocrx_word' id='word_1_727' title='bbox 1527 1543 1599 1571; x_wconf 88' lang='lat' dir='ltr'><strong>unde</strong></span> <span class='ocrx_word' id='word_1_728' title='bbox 1617 1543 1743 1579; x_wconf 80' lang='lat' dir='ltr'><strong>Symma-</strong></span> 
     </span>
    </p>
   </div>
   <div class='ocr_carea' id='block_1_102' title="bbox 956 1585 1744 1620">
    <p class='ocr_par' dir='ltr' id='par_1_102' title="bbox 956 1585 1744 1620">
     <span class='ocr_line' id='line_1_102' title="bbox 956 1585 1744 1620; baseline -0.001 -6"><span class='ocrx_word' id='word_1_729' title='bbox 956 1587 1034 1614; x_wconf 88' lang='lat' dir='ltr'><strong>chius</strong></span> <span class='ocrx_word' id='word_1_730' title='bbox 1056 1587 1160 1618; x_wconf 74' lang='grc' dir='ltr'><strong>πόλεως</strong></span> <span class='ocrx_word' id='word_1_731' title='bbox 1179 1585 1328 1613; x_wconf 83' lang='grc' dir='ltr'>Ἀττούδων</span> <span class='ocrx_word' id='word_1_732' title='bbox 1344 1586 1370 1612; x_wconf 88' lang='lat' dir='ltr'><strong>in</strong></span> <span class='ocrx_word' id='word_1_733' title='bbox 1393 1585 1609 1613; x_wconf 88' lang='lat' dir='ltr'><strong>Chalcedonensi</strong></span> <span class='ocrx_word' id='word_1_734' title='bbox 1633 1593 1658 1620; x_wconf 90' lang='lat' dir='ltr'><strong>p.</strong></span> <span class='ocrx_word' id='word_1_735' title='bbox 1681 1585 1744 1613; x_wconf 76' lang='grc'><strong>1574.</strong></span> 
     </span>
    </p>
   </div>
   <div class='ocr_carea' id='block_1_103' title="bbox 956 1626 1745 1662">
    <p class='ocr_par' dir='ltr' id='par_1_103' title="bbox 956 1626 1745 1662">
     <span class='ocr_line' id='line_1_103' title="bbox 956 1626 1745 1662; baseline -0.003 -8"><span class='ocrx_word' id='word_1_736' title='bbox 956 1627 989 1654; x_wconf 85' lang='lat' dir='ltr'><strong>Et</strong></span> <span class='ocrx_word' id='word_1_737' title='bbox 1005 1627 1142 1662; x_wconf 85' lang='lat' dir='ltr'><strong>Ephesino</strong></span> <span class='ocrx_word' id='word_1_738' title='bbox 1156 1635 1181 1662; x_wconf 88' lang='lat' dir='ltr'><strong>p.</strong></span> <span class='ocrx_word' id='word_1_739' title='bbox 1197 1627 1250 1655; x_wconf 86' lang='grc'><strong>555</strong></span> <span class='ocrx_word' id='word_1_740' title='bbox 1265 1627 1425 1655; x_wconf 82' lang='lat' dir='ltr'><strong>Hermolaus</strong></span> <span class='ocrx_word' id='word_1_741' title='bbox 1438 1627 1543 1658; x_wconf 78' lang='grc' dir='ltr'>πόλεως</span> <span class='ocrx_word' id='word_1_742' title='bbox 1560 1626 1745 1659; x_wconf 74' lang='grc' dir='ltr'>Σαττουδέων,</span> 
     </span>
    </p>
   </div>
   <div class='ocr_carea' id='block_1_104' title="bbox 956 1669 1747 1707">
    <p class='ocr_par' dir='ltr' id='par_1_104' title="bbox 956 1669 1747 1707">
     <span class='ocr_line' id='line_1_104' title="bbox 956 1669 1747 1707; baseline -0.003 -10"><span class='ocrx_word' id='word_1_743' title='bbox 956 1669 1045 1697; x_wconf 86' lang='lat' dir='ltr'><strong>littera</strong></span> <span class='ocrx_word' id='word_1_744' title='bbox 1073 1670 1173 1705; x_wconf 85' lang='lat' dir='ltr'><strong>prioris</strong></span> <span class='ocrx_word' id='word_1_745' title='bbox 1191 1669 1318 1697; x_wconf 87' lang='lat' dir='ltr'><strong>vocabuli</strong></span> <span class='ocrx_word' id='word_1_746' title='bbox 1341 1669 1435 1696; x_wconf 86' lang='lat' dir='ltr'><strong>ultima</strong></span> <span class='ocrx_word' id='word_1_747' title='bbox 1461 1669 1651 1707; x_wconf 78' lang='lat' dir='ltr'><strong>intempestive</strong></span> <span class='ocrx_word' id='word_1_748' title='bbox 1671 1669 1747 1696; x_wconf 81' lang='lat' dir='ltr'><strong>urbis</strong></span> 
     </span>
    </p>
   </div>
   <div class='ocr_carea' id='block_1_105' title="bbox 957 1709 1746 1746">
    <p class='ocr_par' dir='ltr' id='par_1_105' title="bbox 957 1709 1746 1746">
     <span class='ocr_line' id='line_1_105' title="bbox 957 1709 1746 1746; baseline 0 -9"><span class='ocrx_word' id='word_1_749' title='bbox 957 1711 1088 1739; x_wconf 85' lang='lat' dir='ltr'><strong>vocabulo</strong></span> <span class='ocrx_word' id='word_1_750' title='bbox 1110 1718 1231 1739; x_wconf 74' lang='lat' dir='ltr'><strong>connexa</strong></span> <span class='ocrx_word' id='word_1_751' title='bbox 1245 1731 1253 1742; x_wconf 87' lang='lat'><strong>,</strong></span> <span class='ocrx_word' id='word_1_752' title='bbox 1276 1710 1352 1746; x_wconf 85' lang='lat' dir='ltr'><strong>pejus</strong></span> <span class='ocrx_word' id='word_1_753' title='bbox 1380 1710 1406 1737; x_wconf 92' lang='lat' dir='ltr'><strong>in</strong></span> <span class='ocrx_word' id='word_1_754' title='bbox 1430 1709 1638 1744; x_wconf 84' lang='lat' dir='ltr'><strong>Constantinop.</strong></span> <span class='ocrx_word' id='word_1_755' title='bbox 1666 1710 1746 1737; x_wconf 91' lang='lat' dir='ltr'><strong>tertio</strong></span> 
     </span>
    </p>
   </div>
   <div class='ocr_carea' id='block_1_106' title="bbox 956 1752 1746 1788">
    <p class='ocr_par' dir='ltr' id='par_1_106' title="bbox 956 1752 1746 1788">
     <span class='ocr_line' id='line_1_106' title="bbox 956 1752 1746 1788; baseline -0.001 -7"><span class='ocrx_word' id='word_1_756' title='bbox 956 1760 982 1788; x_wconf 90' lang='lat' dir='ltr'><strong>p.</strong></span> <span class='ocrx_word' id='word_1_757' title='bbox 996 1753 1048 1781; x_wconf 83' lang='lat'><strong>6&#39;18</strong></span> <span class='ocrx_word' id='word_1_758' title='bbox 1060 1753 1213 1788; x_wconf 80' lang='lat' dir='ltr'><strong>Stephanus</strong></span> <span class='ocrx_word' id='word_1_759' title='bbox 1222 1753 1325 1784; x_wconf 80' lang='grc' dir='ltr'>πόλεως</span> <span class='ocrx_word' id='word_1_760' title='bbox 1337 1752 1465 1780; x_wconf 76' lang='grc' dir='ltr'>Ἀττάδου</span> <span class='ocrx_word' id='word_1_761' title='bbox 1475 1753 1589 1787; x_wconf 80' lang='grc' dir='ltr'><strong>Φρυγῶν</strong></span> <span class='ocrx_word' id='word_1_762' title='bbox 1600 1752 1746 1787; x_wconf 74' lang='grc' dir='ltr'>ἐπαρχίας.</span> 
     </span>
    </p>
   </div>
   <div class='ocr_carea' id='block_1_107' title="bbox 956 1793 1746 1828">
    <p class='ocr_par' dir='ltr' id='par_1_107' title="bbox 956 1793 1746 1828">
     <span class='ocr_line' id='line_1_107' title="bbox 956 1793 1746 1828; baseline -0.001 -7"><span class='ocrx_word' id='word_1_763' title='bbox 956 1794 1058 1822; x_wconf 79' lang='lat' dir='ltr'><strong>Numas</strong></span> <span class='ocrx_word' id='word_1_764' title='bbox 1083 1794 1256 1828; x_wconf 63' lang='grc' dir='ltr'><strong>’Δττουδέω-ι,</strong></span> <span class='ocrx_word' id='word_1_765' title='bbox 1283 1794 1367 1822; x_wconf 81' lang='lat' dir='ltr'><strong>Diana</strong></span> <span class='ocrx_word' id='word_1_766' title='bbox 1392 1793 1509 1828; x_wconf 81' lang='lat' dir='ltr'><strong>Ephesia</strong></span> <span class='ocrx_word' id='word_1_767' title='bbox 1538 1798 1565 1821; x_wconf 89' lang='lat' dir='ltr'><strong>et</strong></span> <span class='ocrx_word' id='word_1_768' title='bbox 1589 1793 1689 1828; x_wconf 86' lang='lat' dir='ltr'><strong>Cybele</strong></span> <span class='ocrx_word' id='word_1_769' title='bbox 1713 1800 1746 1820; x_wconf 80' lang='lat' dir='ltr'><strong>ac</strong></span> 
     </span>
    </p>
   </div>
   <div class='ocr_carea' id='block_1_108' title="bbox 956 1835 1746 1872">
    <p class='ocr_par' dir='ltr' id='par_1_108' title="bbox 956 1835 1746 1872">
     <span class='ocr_line' id='line_1_108' title="bbox 956 1835 1746 1872; baseline -0.003 -9"><span class='ocrx_word' id='word_1_770' title='bbox 956 1835 1061 1864; x_wconf 82' lang='lat' dir='ltr'><strong>Baccho</strong></span> <span class='ocrx_word' id='word_1_771' title='bbox 1092 1837 1256 1872; x_wconf 80' lang='lat' dir='ltr'><strong>inscriptos.</strong></span> <span class='ocrx_word' id='word_1_772' title='bbox 1290 1836 1422 1864; x_wconf 68' lang='lat' dir='ltr'><strong>Thamar.</strong></span> <span class='ocrx_word' id='word_1_773' title='bbox 1454 1835 1558 1863; x_wconf 82' lang='lat' dir='ltr'><strong>Britan.</strong></span> <span class='ocrx_word' id='word_1_774' title='bbox 1591 1840 1746 1862; x_wconf 80' lang='lat' dir='ltr'><strong>exstructor</strong></span> 
     </span>
    </p>
   </div>
   <div class='ocr_carea' id='block_1_109' title="bbox 956 1877 1746 1914">
    <p class='ocr_par' dir='ltr' id='par_1_109' title="bbox 956 1877 1746 1914">
     <span class='ocr_line' id='line_1_109' title="bbox 956 1877 1746 1914; baseline -0.001 -9"><span class='ocrx_word' id='word_1_775' title='bbox 956 1877 988 1906; x_wconf 87' lang='lat' dir='ltr'><strong>N.</strong></span> <span class='ocrx_word' id='word_1_776' title='bbox 1010 1877 1138 1914; x_wconf 83' lang='lat' dir='ltr'><strong>Haymius</strong></span> <span class='ocrx_word' id='word_1_777' title='bbox 1161 1883 1227 1905; x_wconf 87' lang='lat' dir='ltr'><strong>tom.</strong></span> <span class='ocrx_word' id='word_1_778' title='bbox 1242 1877 1276 1912; x_wconf 89' lang='lat' dir='ltr'><strong>ll,</strong></span> <span class='ocrx_word' id='word_1_779' title='bbox 1301 1886 1329 1913; x_wconf 97' lang='lat' dir='ltr'><strong>p.</strong></span> <span class='ocrx_word' id='word_1_780' title='bbox 1344 1877 1375 1906; x_wconf 82' lang='grc'><strong>91</strong></span> <span class='ocrx_word' id='word_1_781' title='bbox 1398 1877 1472 1905; x_wconf 80' lang='lat' dir='ltr'><strong>dedit</strong></span> <span class='ocrx_word' id='word_1_782' title='bbox 1490 1877 1631 1912; x_wconf 79' lang='lat' dir='ltr'><strong>egregios;</strong></span> <span class='ocrx_word' id='word_1_783' title='bbox 1657 1884 1746 1911; x_wconf 84' lang='lat' dir='ltr'><strong>neque</strong></span> 
     </span>
    </p>
   </div>
   <div class='ocr_carea' id='block_1_110' title="bbox 956 1919 1744 1954">
    <p class='ocr_par' dir='ltr' id='par_1_110' title="bbox 956 1919 1744 1954">
     <span class='ocr_line' id='line_1_110' title="bbox 956 1919 1744 1954; baseline -0.003 -7"><span class='ocrx_word' id='word_1_784' title='bbox 956 1921 1085 1954; x_wconf 68' lang='lat' dir='ltr'><strong>prmieriit</strong></span> <span class='ocrx_word' id='word_1_785' title='bbox 1096 1920 1263 1953; x_wconf 80' lang='lat' dir='ltr'><strong>IIarduinus,</strong></span> <span class='ocrx_word' id='word_1_786' title='bbox 1277 1920 1328 1949; x_wconf 89' lang='lat' dir='ltr'><strong>etsi</strong></span> <span class='ocrx_word' id='word_1_787' title='bbox 1343 1920 1413 1948; x_wconf 83' lang='lat' dir='ltr'><strong>male</strong></span> <span class='ocrx_word' id='word_1_788' title='bbox 1426 1919 1505 1947; x_wconf 87' lang='lat' dir='ltr'><strong>Plinii</strong></span> <span class='ocrx_word' id='word_1_789' title='bbox 1518 1927 1546 1951; x_wconf 77' lang='grc' dir='ltr'>ν,</span> <span class='ocrx_word' id='word_1_790' title='bbox 1561 1919 1596 1946; x_wconf 74' lang='grc'><strong>52</strong></span> <span class='ocrx_word' id='word_1_791' title='bbox 1609 1919 1744 1953; x_wconf 82' lang='lat' dir='ltr'><strong>Attusam,</strong></span> 
     </span>
    </p>
   </div>
   <div class='ocr_carea' id='block_1_111' title="bbox 955 1961 1744 1997">
    <p class='ocr_par' dir='ltr' id='par_1_111' title="bbox 955 1961 1744 1997">
     <span class='ocr_line' id='line_1_111' title="bbox 955 1961 1744 1997; baseline -0.001 -8"><span class='ocrx_word' id='word_1_792' title='bbox 955 1962 1055 1997; x_wconf 85' lang='lat' dir='ltr'><strong>quippe</strong></span> <span class='ocrx_word' id='word_1_793' title='bbox 1078 1962 1210 1997; x_wconf 76' lang='lat' dir='ltr'><strong>Bithynia:</strong></span> <span class='ocrx_word' id='word_1_794' title='bbox 1227 1963 1320 1990; x_wconf 88' lang='lat' dir='ltr'><strong>urbem</strong></span> <span class='ocrx_word' id='word_1_795' title='bbox 1336 1967 1363 1990; x_wconf 88' lang='lat' dir='ltr'><strong>et</strong></span> <span class='ocrx_word' id='word_1_796' title='bbox 1376 1961 1457 1990; x_wconf 87' lang='lat' dir='ltr'><strong>Plinii</strong></span> <span class='ocrx_word' id='word_1_797' title='bbox 1477 1966 1556 1990; x_wconf 73' lang='lat' dir='ltr'><strong>mtate</strong></span> <span class='ocrx_word' id='word_1_798' title='bbox 1571 1961 1744 1995; x_wconf 89' lang='lat' dir='ltr'><strong>subversam,</strong></span> 
     </span>
    </p>
   </div>
   <div class='ocr_carea' id='block_1_112' title="bbox 956 2004 1273 2032">
    <p class='ocr_par' dir='ltr' id='par_1_112' title="bbox 956 2004 1273 2032">
     <span class='ocr_line' id='line_1_112' title="bbox 956 2004 1273 2032; baseline 0.003 -1"><span class='ocrx_word' id='word_1_799' title='bbox 956 2011 1016 2032; x_wconf 88' lang='lat' dir='ltr'><strong>eum</strong></span> <span class='ocrx_word' id='word_1_800' title='bbox 1029 2004 1081 2031; x_wconf 84' lang='lat' dir='ltr'><strong>hac</strong></span> <span class='ocrx_word' id='word_1_801' title='bbox 1094 2004 1273 2032; x_wconf 87' lang='lat' dir='ltr'><strong>contenderit.</strong></span> 
     </span>
    </p>
   </div>
   <div class='ocr_carea' id='block_1_113' title="bbox 990 2044 1745 2081">
    <p class='ocr_par' dir='ltr' id='par_1_113' title="bbox 990 2044 1745 2081">
     <span class='ocr_line' id='line_1_113' title="bbox 990 2044 1745 2081; baseline -0.003 -8"><span class='ocrx_word' id='word_1_802' title='bbox 990 2046 1058 2073; x_wconf 90' lang='lat' dir='ltr'><strong>Ibid.</strong></span> <span class='ocrx_word' id='word_1_803' title='bbox 1090 2045 1335 2080; x_wconf 75' lang='grc' dir='ltr'><strong>Τραπεζούπολις.</strong></span> <span class='ocrx_word' id='word_1_804' title='bbox 1366 2045 1499 2073; x_wconf 80' lang='lat' dir='ltr'><strong>Memorat</strong></span> <span class='ocrx_word' id='word_1_805' title='bbox 1527 2049 1626 2081; x_wconf 67' lang='lat' dir='ltr'><strong>prtcler</strong></span> <span class='ocrx_word' id='word_1_806' title='bbox 1654 2044 1745 2072; x_wconf 88' lang='lat' dir='ltr'><strong>Ptole-</strong></span> 
     </span>
    </p>
   </div>
   <div class='ocr_carea' id='block_1_114' title="bbox 956 2087 1743 2124">
    <p class='ocr_par' dir='ltr' id='par_1_114' title="bbox 956 2087 1743 2124">
     <span class='ocr_line' id='line_1_114' title="bbox 956 2087 1743 2124; baseline -0.001 -10"><span class='ocrx_word' id='word_1_807' title='bbox 956 2094 1052 2114; x_wconf 68' lang='lat' dir='ltr'><strong>mmum</strong></span> <span class='ocrx_word' id='word_1_808' title='bbox 1066 2087 1137 2115; x_wconf 86' lang='lat' dir='ltr'><strong>hanc</strong></span> <span class='ocrx_word' id='word_1_809' title='bbox 1147 2087 1271 2124; x_wconf 68' lang='lat' dir='ltr'><strong>Phrygia:</strong></span> <span class='ocrx_word' id='word_1_810' title='bbox 1285 2089 1378 2117; x_wconf 88' lang='lat' dir='ltr'><strong>urbem</strong></span> <span class='ocrx_word' id='word_1_811' title='bbox 1394 2087 1521 2116; x_wconf 85' lang='lat' dir='ltr'><strong>Socrates</strong></span> <span class='ocrx_word' id='word_1_812' title='bbox 1538 2089 1572 2114; x_wconf 75' lang='grc' dir='ltr'><strong>Β.</strong></span> <span class='ocrx_word' id='word_1_813' title='bbox 1588 2087 1620 2114; x_wconf 84' lang='lat' dir='ltr'><strong>E.</strong></span> <span class='ocrx_word' id='word_1_814' title='bbox 1637 2095 1684 2121; x_wconf 90' lang='lat' dir='ltr'><strong>vn,</strong></span> <span class='ocrx_word' id='word_1_815' title='bbox 1697 2087 1743 2118; x_wconf 80' lang='lat'><strong>56,</strong></span> 
     </span>
    </p>
   </div>
   <div class='ocr_carea' id='block_1_115' title="bbox 956 2128 1744 2164">
    <p class='ocr_par' dir='ltr' id='par_1_115' title="bbox 956 2128 1744 2164">
     <span class='ocr_line' id='line_1_115' title="bbox 956 2128 1744 2164; baseline -0.003 -8"><span class='ocrx_word' id='word_1_816' title='bbox 956 2128 1033 2163; x_wconf 90' lang='lat' dir='ltr'><strong>cujus</strong></span> <span class='ocrx_word' id='word_1_817' title='bbox 1048 2129 1190 2164; x_wconf 87' lang='lat' dir='ltr'><strong>episcopus</strong></span> <span class='ocrx_word' id='word_1_818' title='bbox 1208 2130 1234 2156; x_wconf 92' lang='lat' dir='ltr'><strong>in</strong></span> <span class='ocrx_word' id='word_1_819' title='bbox 1251 2129 1368 2157; x_wconf 76' lang='lat' dir='ltr'><strong>consilio</strong></span> <span class='ocrx_word' id='word_1_820' title='bbox 1383 2130 1524 2157; x_wconf 85' lang='lat' dir='ltr'><strong>Constant.</strong></span> <span class='ocrx_word' id='word_1_821' title='bbox 1542 2129 1623 2155; x_wconf 87' lang='lat' dir='ltr'><strong>tertio</strong></span> <span class='ocrx_word' id='word_1_822' title='bbox 1643 2136 1669 2162; x_wconf 91' lang='lat' dir='ltr'><strong>p.</strong></span> <span class='ocrx_word' id='word_1_823' title='bbox 1690 2128 1744 2154; x_wconf 72' lang='lat' dir='ltr'><strong>6H-</strong></span> 
     </span>
    </p>
   </div>
   <div class='ocr_carea' id='block_1_116' title="bbox 956 2169 1743 2206">
    <p class='ocr_par' dir='ltr' id='par_1_116' title="bbox 956 2169 1743 2206">
     <span class='ocr_line' id='line_1_116' title="bbox 956 2169 1743 2206; baseline 0.001 -11"><span class='ocrx_word' id='word_1_824' title='bbox 956 2169 1093 2205; x_wconf 80' lang='lat' dir='ltr'><strong>Eugenius</strong></span> <span class='ocrx_word' id='word_1_825' title='bbox 1121 2171 1225 2203; x_wconf 79' lang='grc' dir='ltr'><strong>πόλεως</strong></span> <span class='ocrx_word' id='word_1_826' title='bbox 1250 2170 1402 2206; x_wconf 82' lang='grc' dir='ltr'>Τραπεζῶν</span> <span class='ocrx_word' id='word_1_827' title='bbox 1431 2170 1607 2204; x_wconf 83' lang='grc' dir='ltr'>Πακατιανῆς</span> <span class='ocrx_word' id='word_1_828' title='bbox 1633 2170 1743 2197; x_wconf 90' lang='lat' dir='ltr'><strong>dicitur.</strong></span> 
     </span>
    </p>
   </div>
   <div class='ocr_carea' id='block_1_117' title="bbox 956 2210 1744 2240">
    <p class='ocr_par' dir='ltr' id='par_1_117' title="bbox 956 2210 1744 2240">
     <span class='ocr_line' id='line_1_117' title="bbox 956 2210 1744 2240; baseline -0.001 -2"><span class='ocrx_word' id='word_1_829' title='bbox 956 2210 1112 2239; x_wconf 88' lang='lat' dir='ltr'><strong>IIarduinus</strong></span> <span class='ocrx_word' id='word_1_830' title='bbox 1130 2220 1190 2239; x_wconf 91' lang='lat' dir='ltr'><strong>cum</strong></span> <span class='ocrx_word' id='word_1_831' title='bbox 1215 2220 1274 2240; x_wconf 85' lang='lat' dir='ltr'><strong>eam</strong></span> <span class='ocrx_word' id='word_1_832' title='bbox 1294 2213 1321 2240; x_wconf 92' lang='lat' dir='ltr'><strong>in</strong></span> <span class='ocrx_word' id='word_1_833' title='bbox 1347 2213 1443 2240; x_wconf 86' lang='lat' dir='ltr'><strong>iterata</strong></span> <span class='ocrx_word' id='word_1_834' title='bbox 1462 2211 1540 2239; x_wconf 80' lang='lat' dir='ltr'><strong>Plinii</strong></span> <span class='ocrx_word' id='word_1_835' title='bbox 1568 2211 1686 2238; x_wconf 89' lang='lat' dir='ltr'><strong>editione</strong></span> <span class='ocrx_word' id='word_1_836' title='bbox 1709 2211 1744 2238; x_wconf 85' lang='lat' dir='ltr'><strong>ad</strong></span> 
     </span>
    </p>
   </div>
   <div class='ocr_carea' id='block_1_118' title="bbox 954 2252 1743 2289">
    <p class='ocr_par' dir='ltr' id='par_1_118' title="bbox 954 2252 1743 2289">
     <span class='ocr_line' id='line_1_118' title="bbox 954 2252 1743 2289; baseline -0.001 -9"><span class='ocrx_word' id='word_1_837' title='bbox 954 2255 1169 2288; x_wconf 80' lang='lat' dir='ltr'><strong>promontOrium</strong></span> <span class='ocrx_word' id='word_1_838' title='bbox 1185 2254 1332 2289; x_wconf 82' lang='lat' dir='ltr'><strong>Trapezam</strong></span> <span class='ocrx_word' id='word_1_839' title='bbox 1347 2254 1525 2289; x_wconf 68' lang='lat' dir='ltr'><strong>Hellesponti,</strong></span> <span class='ocrx_word' id='word_1_840' title='bbox 1536 2261 1591 2288; x_wconf 91' lang='lat' dir='ltr'><strong>quo</strong></span> <span class='ocrx_word' id='word_1_841' title='bbox 1602 2255 1634 2281; x_wconf 90' lang='lat' dir='ltr'><strong>de</strong></span> <span class='ocrx_word' id='word_1_842' title='bbox 1650 2252 1686 2280; x_wconf 89' lang='lat' dir='ltr'><strong>N.</strong></span> <span class='ocrx_word' id='word_1_843' title='bbox 1708 2252 1743 2280; x_wconf 82' lang='grc' dir='ltr'><strong>ίῐ.</strong></span> 
     </span>
    </p>
   </div>
   <div class='ocr_carea' id='block_1_119' title="bbox 954 2295 1743 2329">
    <p class='ocr_par' dir='ltr' id='par_1_119' title="bbox 954 2295 1743 2329">
     <span class='ocr_line' id='line_1_119' title="bbox 954 2295 1743 2329; baseline -0.001 -7"><span class='ocrx_word' id='word_1_844' title='bbox 954 2303 981 2326; x_wconf 85' lang='lat' dir='ltr'><strong>v,</strong></span> <span class='ocrx_word' id='word_1_845' title='bbox 1002 2295 1046 2327; x_wconf 79' lang='grc'><strong>50,</strong></span> <span class='ocrx_word' id='word_1_846' title='bbox 1062 2295 1154 2328; x_wconf 86' lang='lat' dir='ltr'><strong>refert,</strong></span> <span class='ocrx_word' id='word_1_847' title='bbox 1173 2301 1200 2323; x_wconf 87' lang='lat' dir='ltr'><strong>cl</strong></span> <span class='ocrx_word' id='word_1_848' title='bbox 1216 2295 1351 2323; x_wconf 80' lang='lat' dir='ltr'><strong>Ptolemaei</strong></span> <span class='ocrx_word' id='word_1_849' title='bbox 1366 2301 1393 2324; x_wconf 89' lang='lat' dir='ltr'><strong>et</strong></span> <span class='ocrx_word' id='word_1_850' title='bbox 1407 2295 1485 2323; x_wconf 88' lang='lat' dir='ltr'><strong>Plinii</strong></span> <span class='ocrx_word' id='word_1_851' title='bbox 1502 2295 1556 2328; x_wconf 86' lang='lat' dir='ltr'><strong>sui,</strong></span> <span class='ocrx_word' id='word_1_852' title='bbox 1571 2295 1743 2329; x_wconf 78' lang='lat' dir='ltr'><strong>Trapczopo-</strong></span> 
     </span>
    </p>
   </div>
   <div class='ocr_carea' id='block_1_120' title="bbox 954 2337 1610 2373">
    <p class='ocr_par' dir='ltr' id='par_1_120' title="bbox 954 2337 1610 2373">
     <span class='ocr_line' id='line_1_120' title="bbox 954 2337 1610 2373; baseline 0 -9"><span class='ocrx_word' id='word_1_853' title='bbox 954 2337 1014 2364; x_wconf 87' lang='lat' dir='ltr'><strong>Iitas</strong></span> <span class='ocrx_word' id='word_1_854' title='bbox 1029 2337 1100 2364; x_wconf 87' lang='lat' dir='ltr'><strong>haud</strong></span> <span class='ocrx_word' id='word_1_855' title='bbox 1114 2345 1181 2365; x_wconf 89' lang='lat' dir='ltr'><strong>sane</strong></span> <span class='ocrx_word' id='word_1_856' title='bbox 1195 2339 1365 2373; x_wconf 76' lang='lat' dir='ltr'><strong>negligentis,</strong></span> <span class='ocrx_word' id='word_1_857' title='bbox 1378 2338 1478 2366; x_wconf 84' lang='lat' dir='ltr'><strong>oblitus</strong></span> <span class='ocrx_word' id='word_1_858' title='bbox 1491 2338 1610 2365; x_wconf 87' lang='lat' dir='ltr'><strong>videtur.</strong></span> 
     </span>
    </p>
   </div>
   <div class='ocr_carea' id='block_1_121' title="bbox 989 2378 1743 2408">
    <p class='ocr_par' dir='ltr' id='par_1_121' title="bbox 989 2378 1743 2408">
     <span class='ocr_line' id='line_1_121' title="bbox 989 2378 1743 2408; baseline 0.001 -2"><span class='ocrx_word' id='word_1_859' title='bbox 989 2379 1058 2407; x_wconf 89' lang='lat' dir='ltr'><strong>Ibid.</strong></span> <span class='ocrx_word' id='word_1_860' title='bbox 1080 2381 1246 2408; x_wconf 71' lang='grc' dir='ltr'><strong>Κολασσαι.</strong></span> <span class='ocrx_word' id='word_1_861' title='bbox 1267 2380 1378 2408; x_wconf 80' lang='lat' dir='ltr'><strong>Rectum</strong></span> <span class='ocrx_word' id='word_1_862' title='bbox 1397 2381 1448 2407; x_wconf 89' lang='lat' dir='ltr'><strong>hoc</strong></span> <span class='ocrx_word' id='word_1_863' title='bbox 1463 2383 1505 2407; x_wconf 83' lang='lat' dir='ltr'><strong>est</strong></span> <span class='ocrx_word' id='word_1_864' title='bbox 1523 2388 1530 2407; x_wconf 90' lang='lat'>:</span> <span class='ocrx_word' id='word_1_865' title='bbox 1548 2381 1577 2405; x_wconf 88' lang='grc' dir='ltr'>ὲν</span> <span class='ocrx_word' id='word_1_866' title='bbox 1587 2378 1743 2407; x_wconf 54' lang='lat' dir='ltr'><strong>Koma-rati:</strong></span> 
     </span>
    </p>
   </div>
   <div class='ocr_carea' id='block_1_122' title="bbox 953 2419 1740 2457">
    <p class='ocr_par' dir='ltr' id='par_1_122' title="bbox 953 2419 1740 2457">
     <span class='ocr_line' id='line_1_122' title="bbox 953 2419 1740 2457; baseline -0.003 -10"><span class='ocrx_word' id='word_1_867' title='bbox 953 2421 1005 2455; x_wconf 75' lang='grc' dir='ltr'><strong>τῆς</strong></span> <span class='ocrx_word' id='word_1_868' title='bbox 1019 2422 1140 2456; x_wconf 74' lang='grc' dir='ltr'>Φρυγίας</span> <span class='ocrx_word' id='word_1_869' title='bbox 1153 2422 1295 2457; x_wconf 51' lang='lat' dir='ltr'><strong>Polyaenus</strong></span> <span class='ocrx_word' id='word_1_870' title='bbox 1308 2429 1356 2454; x_wconf 86' lang='lat' dir='ltr'><strong>vn,</strong></span> <span class='ocrx_word' id='word_1_871' title='bbox 1369 2422 1411 2449; x_wconf 80' lang='lat' dir='ltr'><strong>I6.</strong></span> <span class='ocrx_word' id='word_1_872' title='bbox 1425 2421 1610 2448; x_wconf 83' lang='lat' dir='ltr'><strong>Thcodoretus</strong></span> <span class='ocrx_word' id='word_1_873' title='bbox 1628 2420 1654 2446; x_wconf 88' lang='lat' dir='ltr'><strong>in</strong></span> <span class='ocrx_word' id='word_1_874' title='bbox 1667 2419 1740 2446; x_wconf 81' lang='lat' dir='ltr'><strong>Pauli</strong></span> 
     </span>
    </p>
   </div>
   <div class='ocr_carea' id='block_1_123' title="bbox 954 2460 1741 2498">
    <p class='ocr_par' dir='ltr' id='par_1_123' title="bbox 954 2460 1741 2498">
     <span class='ocr_line' id='line_1_123' title="bbox 954 2460 1741 2498; baseline -0.006 -8"><span class='ocrx_word' id='word_1_875' title='bbox 954 2464 987 2490; x_wconf 89' lang='lat' dir='ltr'><strong>ad</strong></span> <span class='ocrx_word' id='word_1_876' title='bbox 1006 2463 1085 2497; x_wconf 89' lang='lat' dir='ltr'><strong>hujus</strong></span> <span class='ocrx_word' id='word_1_877' title='bbox 1105 2465 1182 2491; x_wconf 89' lang='lat' dir='ltr'><strong>urbis</strong></span> <span class='ocrx_word' id='word_1_878' title='bbox 1199 2464 1299 2491; x_wconf 83' lang='lat' dir='ltr'><strong>incolas</strong></span> <span class='ocrx_word' id='word_1_879' title='bbox 1321 2463 1463 2498; x_wconf 79' lang='lat' dir='ltr'><strong>epistolam</strong></span> <span class='ocrx_word' id='word_1_880' title='bbox 1482 2471 1489 2490; x_wconf 86' lang='lat'>:</span> <span class='ocrx_word' id='word_1_881' title='bbox 1505 2462 1555 2496; x_wconf 83' lang='grc' dir='ltr'><strong>τῆς</strong></span> <span class='ocrx_word' id='word_1_882' title='bbox 1574 2462 1602 2487; x_wconf 85' lang='grc' dir='ltr'>δὲ</span> <span class='ocrx_word' id='word_1_883' title='bbox 1620 2460 1741 2496; x_wconf 75' lang='grc' dir='ltr'>Φρυγίας</span> 
     </span>
    </p>
   </div>
   <div class='ocr_carea' id='block_1_124' title="bbox 954 2502 1741 2540">
    <p class='ocr_par' dir='ltr' id='par_1_124' title="bbox 954 2502 1741 2540">
     <span class='ocr_line' id='line_1_124' title="bbox 954 2502 1741 2540; baseline -0.005 -8"><span class='ocrx_word' id='word_1_884' title='bbox 954 2505 982 2532; x_wconf 72' lang='grc' dir='ltr'>αἱ</span> <span class='ocrx_word' id='word_1_885' title='bbox 1009 2505 1166 2532; x_wconf 70' lang='grc' dir='ltr'>Κολασδαί·</span> <span class='ocrx_word' id='word_1_886' title='bbox 1193 2505 1361 2540; x_wconf 79' lang='grc' dir='ltr'>μητρόπολις</span> <span class='ocrx_word' id='word_1_887' title='bbox 1383 2505 1412 2531; x_wconf 82' lang='grc' dir='ltr'>δὲ</span> <span class='ocrx_word' id='word_1_888' title='bbox 1429 2505 1513 2539; x_wconf 77' lang='grc' dir='ltr'><strong>αὐτῆς</strong></span> <span class='ocrx_word' id='word_1_889' title='bbox 1534 2505 1582 2531; x_wconf 77' lang='grc' dir='ltr'>καὶ</span> <span class='ocrx_word' id='word_1_890' title='bbox 1600 2503 1698 2537; x_wconf 76' lang='grc' dir='ltr'>γείτων</span> <span class='ocrx_word' id='word_1_891' title='bbox 1723 2502 1741 2536; x_wconf 83' lang='grc' dir='ltr'><strong>ἡ</strong></span> 
     </span>
    </p>
   </div>
   <div class='ocr_carea' id='block_1_125' title="bbox 954 2544 1739 2582">
    <p class='ocr_par' dir='ltr' id='par_1_125' title="bbox 954 2544 1739 2582">
     <span class='ocr_line' id='line_1_125' title="bbox 954 2544 1739 2582; baseline -0.006 -9"><span class='ocrx_word' id='word_1_892' title='bbox 954 2546 1111 2574; x_wconf 82' lang='grc' dir='ltr'>Λαοδίκεια,</span> <span class='ocrx_word' id='word_1_893' title='bbox 1135 2546 1211 2574; x_wconf 84' lang='lat' dir='ltr'><strong>Unde</strong></span> <span class='ocrx_word' id='word_1_894' title='bbox 1230 2547 1301 2573; x_wconf 86' lang='lat' dir='ltr'><strong>haud</strong></span> <span class='ocrx_word' id='word_1_895' title='bbox 1322 2547 1399 2582; x_wconf 84' lang='lat' dir='ltr'><strong>longe</strong></span> <span class='ocrx_word' id='word_1_896' title='bbox 1415 2545 1549 2573; x_wconf 83' lang='lat' dir='ltr'><strong>Laodicea</strong></span> <span class='ocrx_word' id='word_1_897' title='bbox 1565 2544 1739 2572; x_wconf 86' lang='lat' dir='ltr'><strong>dissociatam</strong></span> 
     </span>
    </p>
   </div>
   <div class='ocr_carea' id='block_1_126' title="bbox 955 2586 1741 2622">
    <p class='ocr_par' dir='ltr' id='par_1_126' title="bbox 955 2586 1741 2622">
     <span class='ocr_line' id='line_1_126' title="bbox 955 2586 1741 2622; baseline -0.003 -9"><span class='ocrx_word' id='word_1_898' title='bbox 955 2587 1037 2614; x_wconf 77' lang='lat' dir='ltr'><strong>fuisse</strong></span> <span class='ocrx_word' id='word_1_899' title='bbox 1053 2593 1165 2622; x_wconf 86' lang='lat' dir='ltr'><strong>apparet</strong></span> <span class='ocrx_word' id='word_1_900' title='bbox 1180 2597 1186 2616; x_wconf 75' lang='grc' dir='ltr'><strong>ε</strong></span> <span class='ocrx_word' id='word_1_901' title='bbox 1203 2588 1354 2616; x_wconf 87' lang='lat' dir='ltr'><strong>Herodotus</strong></span> <span class='ocrx_word' id='word_1_902' title='bbox 1371 2595 1419 2621; x_wconf 85' lang='lat' dir='ltr'><strong>vn,</strong></span> <span class='ocrx_word' id='word_1_903' title='bbox 1435 2587 1469 2614; x_wconf 80' lang='grc'><strong>50</strong></span> <span class='ocrx_word' id='word_1_904' title='bbox 1485 2587 1555 2621; x_wconf 85' lang='lat' dir='ltr'><strong>Lyco</strong></span> <span class='ocrx_word' id='word_1_905' title='bbox 1573 2586 1645 2613; x_wconf 90' lang='lat' dir='ltr'><strong>amni</strong></span> <span class='ocrx_word' id='word_1_906' title='bbox 1662 2593 1741 2620; x_wconf 86' lang='lat' dir='ltr'><strong>appo-</strong></span> 
     </span>
    </p>
   </div>
   <div class='ocr_carea' id='block_1_127' title="bbox 955 2627 1739 2665">
    <p class='ocr_par' dir='ltr' id='par_1_127' title="bbox 955 2627 1739 2665">
     <span class='ocr_line' id='line_1_127' title="bbox 955 2627 1739 2665; baseline -0.005 -9"><span class='ocrx_word' id='word_1_907' title='bbox 955 2630 1003 2660; x_wconf 83' lang='lat' dir='ltr'><strong>nit,</strong></span> <span class='ocrx_word' id='word_1_908' title='bbox 1019 2635 1045 2657; x_wconf 89' lang='lat' dir='ltr'><strong>et</strong></span> <span class='ocrx_word' id='word_1_909' title='bbox 1066 2630 1143 2657; x_wconf 83' lang='grc' dir='ltr'>πόλιν</span> <span class='ocrx_word' id='word_1_910' title='bbox 1168 2630 1289 2665; x_wconf 79' lang='grc' dir='ltr'>μεγάλην</span> <span class='ocrx_word' id='word_1_911' title='bbox 1308 2630 1428 2665; x_wconf 76' lang='grc' dir='ltr'>Φρυγίας</span> <span class='ocrx_word' id='word_1_912' title='bbox 1452 2629 1579 2664; x_wconf 76' lang='lat' dir='ltr'><strong>appellat.</strong></span> <span class='ocrx_word' id='word_1_913' title='bbox 1602 2627 1739 2654; x_wconf 65' lang='lat' dir='ltr'><strong>Incolaain</strong></span> 
     </span>
    </p>
   </div>
   <div class='ocr_carea' id='block_1_128' title="bbox 955 2668 1739 2706">
    <p class='ocr_par' dir='ltr' id='par_1_128' title="bbox 955 2668 1739 2706">
     <span class='ocr_line' id='line_1_128' title="bbox 955 2668 1739 2706; baseline -0.005 -8"><span class='ocrx_word' id='word_1_914' title='bbox 955 2672 1046 2699; x_wconf 86' lang='lat' dir='ltr'><strong>multis</strong></span> <span class='ocrx_word' id='word_1_915' title='bbox 1058 2672 1175 2698; x_wconf 73' lang='lat' dir='ltr'><strong>Paullum</strong></span> <span class='ocrx_word' id='word_1_916' title='bbox 1193 2671 1321 2706; x_wconf 70' lang='lat' dir='ltr'><strong>Epistolze</strong></span> <span class='ocrx_word' id='word_1_917' title='bbox 1338 2679 1403 2698; x_wconf 90' lang='lat' dir='ltr'><strong>mss.</strong></span> <span class='ocrx_word' id='word_1_918' title='bbox 1426 2671 1579 2702; x_wconf 81' lang='grc' dir='ltr'><strong>Καλασσείς</strong></span> <span class='ocrx_word' id='word_1_919' title='bbox 1594 2675 1621 2697; x_wconf 91' lang='lat' dir='ltr'><strong>et</strong></span> <span class='ocrx_word' id='word_1_920' title='bbox 1640 2668 1739 2696; x_wconf 81' lang='lat' dir='ltr'><strong>conril.</strong></span> 
     </span>
    </p>
   </div>
   <div class='ocr_carea' id='block_1_129' title="bbox 954 2711 1741 2748">
    <p class='ocr_par' dir='ltr' id='par_1_129' title="bbox 954 2711 1741 2748">
     <span class='ocr_line' id='line_1_129' title="bbox 954 2711 1741 2748; baseline -0.005 -8"><span class='ocrx_word' id='word_1_921' title='bbox 954 2714 1025 2740; x_wconf 73' lang='lat' dir='ltr'><strong>Actis</strong></span> <span class='ocrx_word' id='word_1_922' title='bbox 1042 2713 1178 2740; x_wconf 88' lang='lat' dir='ltr'><strong>dicuntur.</strong></span> <span class='ocrx_word' id='word_1_923' title='bbox 1198 2713 1292 2740; x_wconf 89' lang='lat' dir='ltr'><strong>Serior</strong></span> <span class='ocrx_word' id='word_1_924' title='bbox 1313 2719 1380 2740; x_wconf 75' lang='lat' dir='ltr'><strong>tetas</strong></span> <span class='ocrx_word' id='word_1_925' title='bbox 1402 2713 1510 2748; x_wconf 76' lang='lat' dir='ltr'><strong>Chpnas</strong></span> <span class='ocrx_word' id='word_1_926' title='bbox 1532 2712 1647 2744; x_wconf 84' lang='lat' dir='ltr'><strong>vocavit,</strong></span> <span class='ocrx_word' id='word_1_927' title='bbox 1669 2711 1741 2737; x_wconf 83' lang='lat' dir='ltr'><strong>unde</strong></span> 
     </span>
    </p>
   </div>
   <div class='ocr_carea' id='block_1_130' title="bbox 954 2752 1741 2789">
    <p class='ocr_par' dir='ltr' id='par_1_130' title="bbox 954 2752 1741 2789">
     <span class='ocr_line' id='line_1_130' title="bbox 954 2752 1741 2789; baseline -0.004 -8"><span class='ocrx_word' id='word_1_928' title='bbox 954 2755 1097 2783; x_wconf 81' lang='lat' dir='ltr'><strong>Dositheus</strong></span> <span class='ocrx_word' id='word_1_929' title='bbox 1127 2754 1269 2789; x_wconf 83' lang='lat' dir='ltr'><strong>episcopus</strong></span> <span class='ocrx_word' id='word_1_930' title='bbox 1296 2754 1397 2781; x_wconf 80' lang='grc' dir='ltr'><strong>Χωνῶν</strong></span> <span class='ocrx_word' id='word_1_931' title='bbox 1426 2754 1452 2781; x_wconf 91' lang='lat' dir='ltr'><strong>in</strong></span> <span class='ocrx_word' id='word_1_932' title='bbox 1483 2753 1591 2781; x_wconf 74' lang='lat' dir='ltr'><strong>Nicazno</strong></span> <span class='ocrx_word' id='word_1_933' title='bbox 1619 2752 1741 2780; x_wconf 83' lang='lat' dir='ltr'><strong>secundo</strong></span> 
     </span>
    </p>
   </div>
   <div class='ocr_carea' id='block_1_131' title="bbox 953 2793 1739 2831">
    <p class='ocr_par' dir='ltr' id='par_1_131' title="bbox 953 2793 1739 2831">
     <span class='ocr_line' id='line_1_131' title="bbox 953 2793 1739 2831; baseline -0.004 -9"><span class='ocrx_word' id='word_1_934' title='bbox 953 2804 979 2831; x_wconf 90' lang='lat' dir='ltr'><strong>p.</strong></span> <span class='ocrx_word' id='word_1_935' title='bbox 995 2795 1062 2828; x_wconf 70' lang='lat'><strong>596;</strong></span> <span class='ocrx_word' id='word_1_936' title='bbox 1078 2803 1161 2829; x_wconf 86' lang='lat' dir='ltr'><strong>quare</strong></span> <span class='ocrx_word' id='word_1_937' title='bbox 1180 2803 1322 2830; x_wconf 79' lang='lat' dir='ltr'><strong>perperam</strong></span> <span class='ocrx_word' id='word_1_938' title='bbox 1337 2796 1406 2823; x_wconf 87' lang='lat' dir='ltr'><strong>idem</strong></span> <span class='ocrx_word' id='word_1_939' title='bbox 1422 2795 1519 2830; x_wconf 73' lang='lat' dir='ltr'><strong>prmsul</strong></span> <span class='ocrx_word' id='word_1_940' title='bbox 1536 2802 1563 2830; x_wconf 88' lang='lat' dir='ltr'><strong>p.</strong></span> <span class='ocrx_word' id='word_1_941' title='bbox 1579 2795 1631 2822; x_wconf 69' lang='lat'><strong>57.!</strong></span> <span class='ocrx_word' id='word_1_942' title='bbox 1641 2793 1739 2821; x_wconf 74' lang='grc' dir='ltr'>Ψόνων</span> 
     </span>
    </p>
   </div>
   <div class='ocr_carea' id='block_1_132' title="bbox 952 2835 1738 2873">
    <p class='ocr_par' dir='ltr' id='par_1_132' title="bbox 952 2835 1738 2873">
     <span class='ocr_line' id='line_1_132' title="bbox 952 2835 1738 2873; baseline -0.003 -10"><span class='ocrx_word' id='word_1_943' title='bbox 952 2838 1012 2873; x_wconf 71' lang='grc' dir='ltr'>ἦτοι</span> <span class='ocrx_word' id='word_1_944' title='bbox 1028 2837 1176 2864; x_wconf 81' lang='grc' dir='ltr'>Κολασσῶν</span> <span class='ocrx_word' id='word_1_945' title='bbox 1193 2842 1220 2864; x_wconf 86' lang='lat' dir='ltr'><strong>et</strong></span> <span class='ocrx_word' id='word_1_946' title='bbox 1233 2845 1261 2873; x_wconf 89' lang='lat' dir='ltr'><strong>p.</strong></span> <span class='ocrx_word' id='word_1_947' title='bbox 1274 2837 1324 2865; x_wconf 83' lang='grc'><strong>557</strong></span> <span class='ocrx_word' id='word_1_948' title='bbox 1342 2837 1495 2869; x_wconf 82' lang='grc' dir='ltr'>Ψονοῦντος</span> <span class='ocrx_word' id='word_1_949' title='bbox 1506 2838 1565 2872; x_wconf 75' lang='grc' dir='ltr'>ἢτοι</span> <span class='ocrx_word' id='word_1_950' title='bbox 1577 2835 1738 2864; x_wconf 79' lang='grc' dir='ltr'><strong>Κολασσέων</strong></span> 
     </span>
    </p>
   </div>
   <div class='ocr_carea' id='block_1_133' title="bbox 953 2877 1736 2917">
    <p class='ocr_par' dir='ltr' id='par_1_133' title="bbox 953 2877 1736 2917">
     <span class='ocr_line' id='line_1_133' title="bbox 953 2877 1736 2917; baseline -0.006 -9"><span class='ocrx_word' id='word_1_951' title='bbox 953 2880 1038 2909; x_wconf 84' lang='lat' dir='ltr'><strong>audit.</strong></span> <span class='ocrx_word' id='word_1_952' title='bbox 1059 2879 1127 2909; x_wconf 82' lang='lat' dir='ltr'><strong>Vide</strong></span> <span class='ocrx_word' id='word_1_953' title='bbox 1141 2885 1170 2908; x_wconf 86' lang='lat' dir='ltr'><strong>et</strong></span> <span class='ocrx_word' id='word_1_954' title='bbox 1185 2879 1317 2916; x_wconf 82' lang='lat' dir='ltr'><strong>Nicetam,</strong></span> <span class='ocrx_word' id='word_1_955' title='bbox 1330 2880 1407 2917; x_wconf 85' lang='lat' dir='ltr'><strong>cujus</strong></span> <span class='ocrx_word' id='word_1_956' title='bbox 1422 2888 1454 2909; x_wconf 79' lang='lat' dir='ltr'><strong>ea</strong></span> <span class='ocrx_word' id='word_1_957' title='bbox 1468 2880 1555 2916; x_wconf 84' lang='lat' dir='ltr'><strong>patria</strong></span> <span class='ocrx_word' id='word_1_958' title='bbox 1566 2880 1626 2913; x_wconf 87' lang='lat' dir='ltr'><strong>fuit,</strong></span> <span class='ocrx_word' id='word_1_959' title='bbox 1637 2877 1736 2906; x_wconf 77' lang='lat' dir='ltr'><strong>Annal.</strong></span> 
     </span>
    </p>
   </div>
  </div>
