1911 3071
135 124 206 157 lll5

125 185 145 211 l.
161 183 210 210 ult.
227 191 254 218 p.
271 183 325 210 ’513
340 186 366 209 ct
383 190 409 216 p.
426 182 471 216 89,
490 183 534 211 ubi
551 182 660 217 Xu'wa;,
678 184 755 210 πόλιν
767 182 913 217 εὐδαίμονα

126 225 173 251 καὶ
195 224 325 260 μεγάλην,
350 224 432 251 πάλαι
447 221 505 256 τὰς
517 224 663 257 Παλασσὰς
685 225 711 252 in
728 225 811 253 Basil.
831 224 913 256 edil.,

129 274 269 300 perperam
274 285 282 292 .

160 306 290 335 Col.l45.
308 307 664 342 Κερετᾰπα.Κερεταπὲων
672 307 745 334 nnmi
759 307 829 342 apud
847 306 915 334 Ilar-

127 349 239 375 duiuum
253 354 280 376 et
293 349 465 376 Vaillautinm
478 349 529 376 hoc.
545 349 662 377 lirmant.
675 349 779 383 Corrigi
792 356 856 383 ergo
867 348 917 376 de-

126 389 191 416 bent
204 389 360 417 Theodnlus
380 391 562 424 Χαιρετάπων
577 390 627 424 τῆς
646 391 764 425 Φρυγίας
779 390 848 424 apud
865 390 916 417 So-

125 436 228 458 cratem
242 430 319 458 (LE.
336 439 367 462 ιι,
384 430 610 466 40,Philetasque
621 432 724 463 πόλεως
735 431 917 466 Χαιρετάπων

128 473 294 500 Chalcedon.
309 481 335 508 p.
352 473 414 506 674,
433 477 459 500 ct
477 473 588 500 Michael
607 474 785 509 Χαιρετόπων
806 474 831 500 in
846 473 917 500 Actis

125 514 228 541 l‘iiezeni
245 515 355 542 secundi
369 515 500 550 concibp.
511 515 574 547 556,
587 522 667 550 atque
676 515 797 542 Andreas
811 515 916 549 cpisco-

127 563 177 590 pus
192 555 373 591 Ἀερυγαπῶν
385 557 559 592 Πακατιανῆς
573 557 599 583 in
614 556 821 591 Constantiuop.
836 556 917 583 tertio

127 606 154 632 ν,
165 597 227 625 674.

164 639 231 667 Ibid.
248 641 438 675 Θεμεσόνιος.
455 639 491 666 Ita
508 648 589 666 manu
605 639 712 667 exarati
732 639 849 670 codices,
871 639 916 672 qui

128 680 298 716 Θεμεσὼνιον
322 682 413 710 verius
428 682 589 716 probasSent
606 683 639 707 ob
656 681 800 708 Strabonis
821 680 918 707 Pausa-

129 723 180 758 niae
195 728 223 749 et
238 723 369 758 Stephani
388 724 572 750 concordiam.
590 722 762 756 Θεμισονέων
778 729 917 747 nummum

122 756 211 790 baliet
222 756 298 791 Ther.
311 764 413 792 Britan.
428 769 493 791 ιυιιι.
510 765 530 796 I,
543 772 568 799 p.
581 763 643 790 269.
659 762 840 798 Θεμισωνέων
856 761 915 795 plu-

130 812 174 832 res
190 804 359 837 Vaillantius,
379 806 400 832 si
424 812 513 833 tamen
533 805 688 832 earumdem
705 805 812 831 urbium
830 803 867 831 illi
881 803 919 830 in-

129 847 195 874 colze
211 847 323 880 fuerint,
339 856 390 882 qua
406 848 440 874 de
455 856 483 874 re.
498 848 566 875 alias
581 854 741 880 qna‘remus.

166 888 234 916 Ibid.
250 890 426 915 Οὐαλεντία.
441 889 588 915 Pantaleon
599 890 744 922 episcopus
754 887 919 917 Οὐαλεντίας

129 928 240 957 Νἰεωηο
258 931 376 958 secundo
392 939 419 964 p.
442 930 495 956 556
513 930 607 962 adluit,
626 937 804 964 poi-versoque
824 938 851 964 p.
866 929 918 956 597

130 970 263 1002 Γαλατίας
277 971 360 999 fuisse
372 972 482 998 dicitur.
494 971 626 998 I‘utnissct
639 971 751 998 Carolus
763 979 778 997 a
794 970 823 998 S.
838 970 919 998 Pattlo

130 1012 181 1039 bac
201 1013 267 1040 urbe
281 1012 429 1047 Geograph.
450 1012 527 1040 διιεῖ.
549 1013 723 1047 locupletare.

167 1055 233 1081 Ibid.
250 1056 376 1087 Σαναός.
392 1055 437 1081 Sic
448 1060 474 1081 et
491 1055 589 1081 Strabo
604 1062 653 1088 xu,
669 1063 695 1088 p.
710 1054 762 1082 576
770 1058 797 1081 et
811 1053 920 1081 Chalce-

132 1095 197 1123 don.
214 1097 312 1124 concil.
334 1104 359 1130 p.
376 1096 438 1127 iiii.
453 1096 496 1122 ubi
514 1096 662 1123 Antiochus
677 1096 779 1124 πόλεως
797 1095 917 1121 Σαναῶν.

170 1138 239 1164 Ibid.
253 1138 461 1170 Κονιούπολις.
477 1137 568 1164 Conna
595 1142 621 1163 et
643 1137 713 1170 apud
733 1136 917 1164 I'toleuueum.

133 1183 161 1206 et
175 1179 289 1205 Conium
309 1179 379 1213 inter
396 1178 519 1213 Phrygia:
536 1179 615 1205 nrbes
629 1179 655 1204 in
672 1178 758 1204 Plinio
775 1185 802 1210 v,
818 1176 920 1209 52,scd

131 1228 165 1247 ex
178 1219 305 1247 Ilarduini
324 1220 512 1248 emendatione
530 1229 537 1247 :
553 1224 615 1247 ante
631 1219 749 1247 Iconium
760 1223 827 1246 erat.
846 1218 920 1246 Situ-

137 1261 218 1296 polis,
232 1269 291 1296 quae
305 1262 438 1296 sequitur.
455 1261 572 1288 nondum
587 1262 649 1289 alibi
668 1262 747 1289 lecta.

167 1302 234 1330 Ihid.
257 1303 383 1337 Κράσος.
410 1304 532 1338 I’lu-ygirc
554 1305 647 1331 urbem
661 1303 787 1337 Crasum,
812 1302 922 1337 Κράσον

134 1345 184 1379 τῆς
198 1345 330 1379 Φρυγίας,
347 1347 380 1371 ad
398 1353 478 1379 quam
496 1345 662 1380 Nircpliorus
679 1345 827 1380 imperator
842 1352 856 1370 a
871 1344 921 1371 Sa-

131 1389 240 1416 racenis
263 1389 356 1422 prmlio
382 1388 462 1415 fuerit
487 1389 585 1422 victus,
608 1388 787 1422 Theophanes
804 1388 921 1414 Chrono—

131 1431 226 1465 graph.
248 1438 274 1465 p.
308 1430 360 1458 406
385 1431 475 1458 obiter
495 1436 640 1458 memorat.
667 1431 752 1464 Quam
778 1438 842 1458 vero
868 1430 922 1458 buc

133 1472 225 1499 retulit
243 1480 274 1499 ex
295 1471 396 1499 Galeno
411 1473 475 1508 περὶ
490 1481 568 1508 epoto.
583 1472 682 1506 δυνάμ.
698 1480 723 1506 p.
739 1472 793 1499 512
809 1471 923 1499 Crasso-

133 1513 205 1546 polin
216 1513 282 1541 Abr.
299 1513 429 1548 Ortclius,
445 1522 476 1541 ea
491 1513 678 1541 diversissima
692 1517 745 1546 est,
759 1517 787 1541 ut
800 1521 849 1541 suo
864 1513 923 1541 loco

133 1555 284 1582 ostendam.

170 1596 236 1623 Ibid.
254 1596 384 1624 Λοῢνδα.
398 1598 509 1625 Rectum
528 1599 579 1625 hoc
591 1604 652 1625 esse
681 1596 850 1631 Nicephorus
865 1597 924 1633 epi-

133 1643 148 1665 ι
165 1644 231 1671 opus
260 1637 363 1669 πόλεως
396 1637 521 1665 Λούνεων
548 1638 576 1666 iu
604 1639 675 1666 Actis
699 1638 800 1666 Nicaani
814 1639 923 1666 secundi

134 1685 162 1712 p.
179 1678 242 1710 574,
257 1679 363 1706 tametsi
379 1686 405 1712 p.
420 1679 472 1706 557
485 1679 604 1706 Λουῖδων
614 1680 719 1706 feratur
731 1679 839 1714 prtesul,
851 1685 925 1715 pate-

134 1718 210 1746 facit.
225 1719 332 1747 Nieetas
352 1720 422 1748 inter
439 1720 562 1756 Phrygia:
579 1721 650 1748 circa
668 1721 831 1748 Maeandrum
844 1721 924 1749 urbes

134 1761 168 1788 τὰ
186 1761 281 1797 Δοῦμα
305 1762 402 1789 Annal.
421 1762 538 1790 Manuel.
560 1771 598 1796 vt,
613 1770 640 1796 ι).
655 1763 689 1790 97
707 1768 844 1796 recenset;
865 1770 924 1798 qum

135 1803 157 1829 si
176 1804 233 1830 haec
248 1803 360 1835 fuerint,
377 1804 409 1830 de
433 1804 487 1831 situ
508 1812 561 1832 non
577 1804 667 1831 omnia
692 1804 806 1832 obscura
832 1809 923 1832 erunl.

135 1843 278 1878 Utcunque
288 1845 448 1876 ceciderint.
465 1853 516 1872 nou
531 1846 622 1881 utique
640 1845 777 1880 indignum
794 1846 922 1880 oppidum

133 1886 204 1919 qttod
217 1884 406 1921 Geographiam
416 1885 526 1914 Sacram
536 1886 624 1914 Caroli
637 1895 651 1913 a
665 1886 695 1915 S.
707 1886 789 1914 Paulo
799 1892 921 1920 ornaret,

134 1926 234 1954 fuerat.

170 1968 239 1996 Ibid.
258 1969 376 2002 Μόλπη.
388 1968 452 1996 Mss.
464 1969 567 2005 Μόλτη,
581 1970 652 2006 quod
665 1970 687 1997 si
701 1977 795 2004 parum
808 1970 922 2005 juvcris,

133 2010 168 2037 ad
188 2018 282 2038 verum
305 2019 354 2038 nos
370 2012 460 2038 ducet.
478 2011 576 2038 Πὲλται
593 2016 672 2044 sunt,
691 2019 759 2046 quas
774 2011 922 2046 Xenophon

134 2051 248 2087 (Ezred.
266 2053 328 2087 Cyr.
344 2052 371 2084 Ι,
391 2061 418 2087 p.
441 2053 500 2086 I96)
515 2053 548 2080 I0
565 2053 649 2081 lenne
664 2053 820 2087 parasangis
841 2053 924 2081 Celae-

134 2095 178 2121 nis
202 2099 333 2122 semovet.
355 2093 499 2128 Perperam
518 2096 609 2129 itaque
633 2094 704 2122 Pella
725 2094 752 2121 in
777 2094 878 2121 Tabula
895 2100 923 2123 et

133 2134 265 2169 Georgius
298 2135 438 2170 cpiscopus
474 2135 581 2163 Πέτλων
617 2136 713 2163 concil.
750 2136 918 2163 Chalcedon.

134 2184 161 2210 ιι.
178 2177 230 2204 574
243 2177 353 2210 rectius,
369 2185 396 2211 p.
409 2177 462 2205 556
476 2183 503 2204 et
513 2177 719 2211 Constantinnp.
734 2177 813 2205 tertio
826 2186 854 2212 p.
869 2178 922 2205 674

134 2218 254 2253 Πέμπων
269 2218 455 2253 Πακατιανῆς.

168 2260 235 2287 Ibid.
245 2259 387 2293 Εὐμενία.
401 2259 516 2294 Scriptis
523 2261 659 2288 codicibus
667 2262 823 2296 Εὐμενεια,
830 2268 919 2296 neque

132 2300 211 2327 aliter
228 2301 299 2327 Actis
319 2299 420 2327 Nica'ni
439 2301 550 2328 secundi
568 2302 686 2329 concilii.
706 2302 851 2336 Vulgatum
868 2302 922 2330 Ta-

133 2341 194 2368 bula
223 2341 384 2369 Ptolcmaaus
410 2348 437 2369 et
463 2341 561 2369 Strabo
587 2348 674 2370 ratum
699 2343 810 2370 habent.
839 2342 920 2370 Nutni

79 2416 81 2420 Α
133 2383 279 2418 Εὑμενέων
291 2380 462 2411 sacerdotum
476 2385 630 2412 nominibus
643 2384 699 2412 fere
712 2384 835 2420 inscripti
847 2391 920 2419 sunt;

132 2432 187 2458 quo
208 2424 235 2451 in
252 2432 351 2459 genere
372 2425 497 2459 cgregius
513 2429 555 2452 est
578 2425 656 2453 Tlm.
681 2425 785 2453 Britan.
803 2431 868 2454 tom.
886 2426 921 2459 Il,

132 2474 159 2500 ρ.
190 2465 252 2500 I86,
280 2466 325 2493 ubi
352 2467 495 2502 Εὐμενέων
521 2466 630 2499 Ἰούλιος
655 2467 750 2495 Κλέων
776 2469 922 2505 ἀρχιερεὺς

77 2519 81 2531 2
131 2509 237 2540 Ἄσίας.
253 2507 367 2536 Videtur
379 2507 467 2536 Julius
481 2508 577 2541 Cleon,
595 2514 625 2536 ut
637 2509 725 2538 obiter
745 2511 804 2545 ejus
825 2511 921 2546 digna-

134 2550 234 2577 tionem
251 2550 395 2582 illustrem.
409 2549 480 2577 Asia:
492 2554 519 2577 et
532 2551 626 2585 patria;
642 2551 716 2578 urbis
732 2550 743 2578 l’
745 2552 816 2579 uisse
830 2559 921 2579 sacer-

131 2592 181 2619 dos
195 2598 336 2625 summus;
354 2598 409 2626 quo
424 2594 502 2619 modo
519 2591 545 2619 in
562 2591 727 2627 Thyatirena
742 2593 920 2628 inscriptione

132 2633 226 2669 Sponii
242 2633 306 2661 Itin.
326 2638 392 2660 tom.
413 2633 435 2665 Ι,
453 2641 479 2668 p.
497 2633 549 2662 594
566 2634 601 2661 Μ.
621 2635 746 2662 Aurelius
769 2635 920 2664 Dialloclius

131 2675 278 2712 ἀρχιερεὺς
301 2675 351 2710 τῆς
367 2675 461 2708 Ἀσίας
482 2676 554 2703 ναῶν
579 2676 634 2704 τῶν
656 2677 686 2703 ὲν
709 2677 848 2713 Περγάμῳ
873 2679 920 2705 καὶ

131 2717 280 2753 αρχιτρεῦς
299 2717 369 2744 κατὰ
392 2718 438 2744 τὸν
460 2718 540 2744 αὐτὸν
561 2718 655 2754 καιρὸν
671 2719 721 2754 τῆς
740 2720 876 2754 πατρίδος,
893 2724 920 2747 et

132 2757 167 2786 II.
195 2759 290 2794 Inpius
318 2759 449 2794 Appulius
477 2760 503 2786 in
535 2761 737 2794 Apln‘odisiensi
771 2769 918 2795 marmore,

132 2800 210 2832 cujus
230 2806 334 2833 partem
348 2801 491 2834 exscripsit
515 2801 557 2829 Jo.
584 2802 689 2830 Masson
722 2801 772 2830 Vit.
793 2802 918 2830 Aristidis

134 2847 160 2866 a.
178 2847 204 2867 ν.
219 2847 243 2868 c.
259 2839 310 2868 9l8
330 2840 371 2874 I2,
392 2841 535 2876 ἀρχιερεὺς
558 2843 650 2876 Ἀσίας
669 2843 740 2872 ναῶν
759 2846 805 2871 καὶ
819 2845 873 2872 πᾶν
889 2846 917 2873 ὲν

647 126 838 157 ADDENDA.
854 137 889 143 ·-
901 124 936 156 Ρ.
957 124 1213 156 WESSELINGII

1689 126 1764 159 1H6

970 181 1081 218 Σμύρνῃ
1091 182 1122 209 τὺ
1135 183 1151 217 β
1162 183 1245 210 fuisse
1258 182 1384 211 traditur.
1401 183 1473 212 Asiae
1481 183 1662 212 saecularium
1675 185 1768 211 multo

967 228 1026 250 erat
1052 224 1251 258 amplissimum
1274 232 1306 252 ac
1332 226 1438 261 magnis
1461 225 1559 260 opibus
1581 226 1729 260 praastabat
1752 233 1763 252 :

966 264 1102 300 Στέφανος
1124 266 1152 292 δὲ
1167 263 1246 298 οὗτος
1271 267 1354 298 πολὺς
1370 267 1416 293 καὶ
1440 267 1510 301 ὑπὲρ
1528 267 1634 294 πολλῶν
1649 268 1759 304 χρημά-

966 314 1035 339 των,
1052 306 1140 341 inquit
1155 308 1181 334 iu
1196 307 1356 342 Scopeliauo
1370 308 1562 337 Philostratus.
1572 308 1666 340 Sacra.
1680 310 1758 337 ceri

967 348 1072 376 mouias
1094 349 1245 384 ludosque,
1259 351 1330 377 unde
1350 351 1376 377 in
1398 350 1601 384 Apbrmlisiensi
1621 358 1759 378 marmore

969 389 1086 422 Apulins
1105 398 1137 416 ea
1154 391 1264 418 mandat
1285 399 1345 425 qua:
1365 391 1442 419 ludos
1457 397 1590 426 spectant.
1604 392 1736 418 curabant
1749 401 1762 425 -,

967 431 1038 464 quod
1050 431 1140 465 jpsum
1168 432 1276 460 urbium
1294 440 1404 467 quoque
1427 432 1615 460 sacerdotibus
1638 438 1698 459 erat
1716 434 1757 459 in-

964 470 1102 504 junctum.
1122 472 1158 499 De
1175 472 1350 508 I‘ergamenis
1364 481 1430 500 sane
1449 482 1463 500 a
1480 473 1583 501 Galcno
1601 474 1758 502 Commcn'.

968 513 1032 547 περὶ
1043 513 1140 548 ἀγμῶν
1153 522 1194 545 ιιι,
1214 514 1302 548 p.565
1319 515 1459 547 docenmr,
1480 515 1627 550 quotannis
1643 523 1757 542 munera

968 554 1128 588 gladiatoria
1152 556 1233 583 edere
1255 556 1348 583 solitos
1370 566 1377 584 :
1400 558 1455 584 Kal.
1479 556 1596 591 μάλιστα
1617 557 1647 582 ὲν
1670 557 1762 591 Θὲρεε,

969 595 1029 621 καθ’
1042 595 1071 622 ὃν
1083 596 1178 631 καιρὸν
1187 597 1230 623 ἀεὶ
1245 597 1310 632 παρ’
1323 597 1388 633 ἡμῖν
1400 598 1429 624 ἐν
1446 597 1584 632 Περγάμῳ
1597 597 1650 623 τῶν
1662 598 1756 632 ἀρχιε-

969 636 1039 669 ρέων
1057 638 1106 668 τὰς
1124 637 1293 672 καλουμένας
1311 638 1478 674 μονομαχίας
1495 638 1757 673 ἐπιτελούντωνιίμιί

968 679 1092 711 quamvis
1108 679 1294 707 multitudinis
1315 685 1407 707 utatur
1423 688 1546 713 numero,
1568 682 1648 707 tritius
1665 687 1759 709 tamen

969 718 1129 754 Pergameni
1144 721 1237 748 eodem
1252 726 1373 754 tempore
1387 721 1484 748 summi
1504 722 1625 756 praesulis
1638 722 1760 756 disposi»

969 760 1035 787 tioni
1051 769 1128 788 sacra
1151 763 1292 790 suberant.
1312 763 1370 790 Bini
1386 763 1499 797 singulis
1511 764 1600 796 annis,
1618 764 1686 791 alter
1705 766 1762 791 sub

969 804 1101 834 autumni,
1116 804 1166 830 sub
1181 805 1253 831 veris
1267 805 1336 832 alter
1353 805 1470 836 initinun
1487 805 1660 838 creabantur,
1673 806 1757 833 sicuti

970 844 1039 870 idem
1054 844 1119 879 περὶ
1137 854 1263 880 φαρμακ.
1284 846 1354 872 κατὰ
1370 846 1437 880 γένη
1453 846 1470 873 2
1490 855 1516 881 p.
1537 847 1590 874 550
1607 847 1758 881 signiﬁcat.

969 884 1045 917 Quod
1065 894 1129 913 vero
1150 887 1222 913 va.th
1243 886 1297 913 τῶν
1317 888 1346 914 ὲν
1368 887 1480 923 Σμύρνῃ
1504 892 1531 914 et
1554 887 1625 914 ναῶν
1648 887 1702 914 τῶν
1728 890 1760 914 ἐν

970 926 1107 962 Περγάμῳ
1122 927 1175 954 illis
1194 935 1259 954 cura
1275 929 1464 961 committitur,
1480 928 1548 956 forte
1562 936 1594 956 ex
1616 937 1646 956 ea
1673 937 1761 956 causa

969 973 1022 1000 est,
1035 969 1161 1002 quoniam
1175 969 1226 996 illa:
1243 971 1314 997 mdes
1328 971 1516 998 communibus
1531 971 1690 998 Asianorum
1704 971 1759 997 iut—

970 1009 1061 1043 peusis
1074 1014 1153 1036 sarta:
1171 1016 1247 1038 tectu:
1262 1017 1347 1038 erant.
1360 1012 1427 1044 lloc,
1444 1012 1495 1038 nisi
1517 1011 1605 1042 fallor.
1622 1012 1762 1045 rigttilicat

972 1051 1019 1077 Dio
1033 1051 1242 1087 Chrysostomus
1251 1058 1319 1080 orat.
1336 1061 1417 1084 xxxv,
1436 1061 1463 1087 p.
1480 1053 1544 1086 454,
1554 1053 1598 1080 ubi
1608 1053 1757 1088 Apamieu-

969 1092 1043 1119 sibus
1056 1094 1103 1120 καὶ
1124 1093 1176 1128 μὴν
1196 1093 1248 1120 τῶν
1265 1094 1345 1128 ἱερῶν
1361 1095 1410 1129 τῆς
1423 1094 1516 1125 Ἀσίας
1541 1094 1667 1130 μέτεστιν
1691 1094 1759 1128 ὑμῖν

969 1134 1019 1168 τῆς
1034 1142 1064 1160 τε
1076 1135 1199 1170 δαπάνης
1213 1135 1341 1162 τοσοῦτον
1354 1136 1416 1163 ὅσον
1427 1135 1546 1167 ἐκείναις
1561 1137 1619 1166 ταῖς
1635 1135 1758 1168 πόλεσιν,

971 1175 1000 1201 ὲν
1019 1172 1063 1207 αἶς
1086 1176 1145 1202 ἐστι
1162 1177 1197 1203 τὰ
1222 1176 1292 1210 ἱερά.
1309 1176 1368 1204 Jam
1387 1177 1409 1204 si
1425 1177 1570 1212 ἀρχιερεὺς
1588 1177 1637 1211 τῆς
1662 1177 1759 1208 Ἀσίας

971 1216 1097 1251 princeps
1112 1218 1217 1253 collegii
1234 1217 1282 1245 I'uit
1295 1218 1500 1251 Asiarcbarum,
1513 1218 1585 1252 quod
1602 1219 1643 1244 vir
1656 1219 1759 1245 doctis-

971 1258 1055 1286 simus
1068 1260 1227 1291 autumavit.
1248 1264 1353 1294 oportet.
1375 1262 1401 1286 In
1427 1259 1563 1286 communi
1586 1259 1674 1293 gentis
1690 1266 1758 1285 cou-

971 1299 1034 1327 cilio
1047 1307 1079 1327 cx
1091 1300 1163 1328 Asia:
1176 1301 1289 1328 urbibus
1305 1309 1353 1335 pro
1370 1301 1482 1328 arbitrio
1500 1301 1651 1336 legatorum
1675 1300 1759 1328 fuerit

971 1341 1058 1369 lectus
1080 1350 1086 1368 :
1108 1343 1224 1369 vidimus
1245 1343 1316 1369 enim
1341 1342 1548 1370 Eumeniensem
1569 1348 1593 1368 et
1612 1342 1758 1378 Thyatire-

973 1390 1051 1415 num;
1076 1382 1266 1417 Scopclianum
1289 1383 1401 1418 ejusque
1426 1383 1542 1418 majores
1568 1383 1758 1410 Clazomenios

973 1422 1150 1450 Philostratus
1167 1424 1197 1451 V.
1222 1425 1305 1458 Soph.
1332 1432 1353 1457 I,
1373 1425 1418 1457 2i,
1437 1424 1466 1456 2,
1483 1424 1637 1458 Philippum
1658 1423 1758 1450 Tralli-

972 1471 1051 1491 amuu
1067 1466 1131 1491 Acta
1146 1465 1174 1493 S.
1194 1465 1333 1501 I‘olycarpi
1349 1473 1373 1493 c.
1390 1466 1422 1493 ‘2l
1437 1465 1563 1493 oll'cruut.
1582 1464 1680 1492 Verum
1700 1466 1759 1492 bare

974 1507 1092 1533 nomium
1108 1507 1141 1534 ad
1163 1508 1293 1542 liquidum
1310 1508 1442 1542 perducta
1463 1507 1651 1542 spatiosiorem
1667 1507 1758 1540 requi-

975 1552 1036 1574 runt
1050 1556 1186 1583 campum.
1211 1549 1277 1576 Vide
1291 1549 1334 1576 Io.
1349 1549 1502 1576 Massonum
1516 1553 1542 1576 et
1555 1548 1654 1575 Ezech.
1671 1549 1758 1582 Span-

974 1589 1047 1616 ltem.
1067 1589 1176 1617 Distert.
1192 1598 1228 1617 xtl
1243 1591 1274 1618 de
1291 1590 1321 1618 V.
1333 1595 1356 1618 et
1377 1589 1412 1617 Ρ.
1427 1593 1508 1616 Num.
1527 1598 1554 1624 p.
1570 1589 1632 1617 416.

1009 1631 1074 1658 Ibid.
1091 1632 1204 1658 Σιὸλία.
1218 1632 1362 1659 Ptolenimo
1377 1632 1494 1664 Σίλὸιον,
1518 1631 1588 1658 unde
1603 1630 1681 1657 Plinii
1693 1635 1758 1657 sunt

975 1674 1098 1701 Silbiaui.
1116 1674 1228 1703 Nicmno
1244 1676 1361 1703 secundo
1374 1675 1498 1706 concilio,
1519 1682 1545 1708 p.
1560 1673 1621 1701 574.
1639 1673 1758 1701 Joannes

975 1716 1088 1749 Σιὸἐως,
1111 1717 1156 1752 qui
1182 1717 1298 1744 versioni
1326 1717 1468 1752 episcopus
1487 1715 1587 1744 Silbios
1604 1721 1631 1742 et
1653 1724 1680 1750 ιι.
1694 1715 1758 1744 596.

973 1759 1103 1785 Σουΰλίου
1122 1759 1232 1791 dicitur,
1260 1766 1357 1786 nomen
1381 1758 1535 1792 adscripsit,
1554 1756 1758 1784 Chalcedonen-

974 1802 996 1828 si
1012 1809 1075 1828 vero
1093 1800 1212 1828 Eulalius
1227 1801 1330 1832 πόλεως
1346 1800 1480 1832 Iliadae,
1498 1800 1565 1831 sive,
1583 1804 1611 1826 ut
1626 1805 1702 1826 vetus
1717 1799 1757 1825 iu-

976 1848 1092 1878 terpres,
1106 1843 1226 1870 civitatis
1245 1842 1333 1874 Silbii,
1352 1850 1379 1877 p.
1396 1842 1449 1869 688
1464 1841 1595 1867 Σούδλεον
1614 1841 1695 1868 etiam
1715 1840 1758 1867 Ni-

974 1893 1047 1915 cctas
1064 1885 1150 1913 Chon.
1168 1886 1237 1912 Amr.
1251 1884 1368 1911 Manuel.
1387 1892 1422 1917 vI,
1440 1892 1467 1919 μ.
1485 1884 1529 1911 83.

1011 1928 1076 1955 Ibid.
1093 1926 1238 1957 Πέπουζα.
1256 1926 1378 1961 Phrygia:
1395 1926 1487 1953 urbem
1506 1925 1696 1958 desertamque
1708 1932 1758 1951 suo

974 1973 1094 2004 tempore
1102 1974 1130 1996 et
1145 1968 1202 1996 solo
1210 1972 1343 2003 :rquatam
1357 1967 1524 2003 Epiphanius
1535 1966 1640 1993 Ilzeres.
1658 1966 1704 1997 48,
1724 1965 1758 1992 Η

974 2011 1100 2038 allirmat.
1109 2009 1149 2037 Ab
1161 2009 1333 2044 eaEPepnzitis
1345 2016 1442 2036 nomen
1450 2009 1524 2035 venit
1537 2009 1562 2035 in
1578 2009 1594 2035 l.
1607 2016 1695 2042 ms,c.
1704 2007 1758 2037 Th.

974 2052 1007 2079 de
1021 2053 1120 2079 Haarel.
1134 2061 1141 2085 ;
1159 2058 1226 2086 quos
1237 2059 1298 2078 cum
1314 2050 1396 2086 probe
1409 2049 1467 2077 Jac.
1481 2049 1662 2077 Gothofredus
1677 2057 1758 2076 uovc-

975 2094 1020 2123 rit.
1038 2094 1135 2121 mirere
1150 2093 1242 2127 utique
1258 2093 1308 2127 τὴν
1328 2092 1466 2124 Πέτουξαν
1486 2092 1536 2126 τῆς
1549 2091 1671 2126 Φρυγίας
1686 2091 1759 2125 apud

972 2135 1180 2171 Philostorginm
1193 2134 1228 2161 II.
1242 2134 1275 2161 Ε.
1290 2141 1328 2165 ιν,
1342 2134 1360 2161 8
1373 2133 1409 2160 illi
1423 2133 1558 2167 negotium
1574 2132 1757 2172 facqssivisso.

974 2176 1093 2204 Valesius
1109 2176 1168 2204 urbi
1188 2183 1266 2203 suum
1283 2182 1381 2202 nomen
1402 2174 1529 2202 reddidit.
1553 2173 1689 2209 πολίχνιον
1708 2175 1758 2208 τῆς

971 2218 1092 2254 Φρυγίας
1103 2218 1153 2253 τὴν
1166 2217 1305 2248 Πέζουσαν
1319 2217 1487 2243 Arislaauaus
1500 2216 1645 2243 Comment.
1663 2216 1690 2242 in
1705 2215 1759 2242 Ca-

973 2267 1036 2286 non.
1057 2258 1073 2286 8
1088 2258 1194 2286 concilii
1210 2257 1356 2286 Laodiccni
1379 2258 1449 2293 apud
1465 2257 1640 2292 Bevereginm
1657 2261 1720 2284 tum.
1736 2256 1760 2289 Ι,

972 2308 999 2336 p.
1017 2300 1069 2328 456
1087 2299 1215 2334 appellat.

1008 2342 1075 2369 Ibid.
1087 2341 1208 2376 Βριάνα.
1218 2340 1378 2375 Snspiearer
1387 2339 1486 2374 gentile
1499 2339 1579 2373 hujus
1589 2338 1683 2365 Ovidio
1698 2346 1759 2366 csse

972 2383 1147 2416 reddendum,
1158 2383 1180 2409 si
1196 2382 1275 2416 paulo
1302 2381 1366 2408 mihi
1385 2381 1474 2407 notius
1484 2385 1569 2412 esset,
1582 2379 1757 2412 Metamurph.

972 2433 1029 2456 vui,
1042 2424 1092 2452 7I9
1104 2433 1110 2451 ζ
1123 2423 1233 2452 ostendit
1246 2423 1330 2449 adhuc
1345 2422 1400 2448 illic
1415 2421 1546 2456 Tyaneins
1561 2421 1647 2447 incola
1665 2421 1697 2446 de
1713 2429 1759 2454 ge-

971 2468 1043 2495 mina
1062 2468 1158 2495 uicinos
1169 2467 1262 2494 arbore
1272 2471 1390 2492 truncos.
1403 2465 1495 2499 Neque
1505 2466 1590 2495 enim.
1605 2466 1678 2499 quod
1691 2465 1758 2491 Far-

972 2510 1069 2537 nahius
1083 2509 1195 2544 pulchre
1211 2507 1338 2538 advertit,
1357 2507 1494 2542 Tyaneius
1513 2512 1690 2533 reetumesse
1708 2514 1759 2540 po-

971 2551 1044 2579 terit.
1057 2551 1147 2587 Tyana
1163 2555 1240 2577 erant
1254 2549 1280 2576 in
1298 2548 1480 2584 Cappadocia.
1502 2548 1579 2582 longe
1596 2553 1727 2574 terrarum
1742 2556 1758 2574 τι

970 2592 1086 2629 Phrygia
1103 2597 1205 2619 semota
1222 2600 1228 2616 :
1250 2591 1276 2617 iu
1296 2590 1411 2625 Phrygia
1438 2589 1620 2616 Philemonem
1643 2593 1670 2614 et
1688 2588 1759 2614 Bati-

970 2635 1056 2662 cidem
1073 2634 1099 2661 in
1113 2634 1225 2660 arbores
1244 2638 1388 2660 conversos
1402 2638 1462 2658 esse
1476 2635 1552 2665 poeta
1567 2638 1593 2657 v.
1605 2629 1657 2657 620
1675 2630 1759 2660 sigui~

972 2677 1034 2704 fleat
1050 2685 1057 2703 :
1074 2676 1137 2702 tilia:
1159 2674 1319 2702 contermina
1346 2680 1458 2708 quercus
1481 2672 1593 2699 collibus
1613 2677 1650 2698 est
1672 2671 1760 2705 Phry-

970 2718 1019 2753 giis
1034 2718 1135 2744 modico
1147 2716 1310 2743 circumdata
1323 2723 1408 2741 muro.
1423 2714 1566 2740 Brianeius
1577 2714 1598 2740 si
1612 2713 1758 2747 legeretur,

972 2767 1014 2787 res
1031 2759 1098 2786 l'oret
1121 2757 1323 2785 dilIieultatibns
1345 2759 1468 2790 exempla
1492 2759 1519 2782 et
1539 2760 1623 2790 poene
1639 2762 1687 2782 sua
1701 2754 1760 2782 laus

970 2803 1028 2830 sine
1042 2808 1136 2828 errore
1151 2802 1298 2827 constaret.

1007 2843 1065 2872 Col.
1093 2842 1153 2870 IIS.
1195 2840 1341 2874 Σεϐάστη.
1380 2839 1465 2874 Hujus
1504 2838 1646 2875 cpiscopus
1681 2836 1758 2866 Plato
