1911 3071
108 133 178 168 1119
628 133 819 165 ADDENDA.
840 144 876 150 -—
894 131 928 162 P.

108 194 135 216 et
154 189 252 216 Asceni
267 189 386 224 nomine,
400 190 473 224 quod
499 190 557 217 sine
577 189 696 217 tentorio
716 193 787 222 agat,
801 193 896 222 perpe-

110 236 156 256 ιιιο
171 231 352 259 circumactus
364 236 451 264 motu,
465 232 592 259 donatum
605 239 612 263 ;
630 239 689 264 qua:
702 230 765 257 mihi
782 230 899 263 c\plira-

111 273 147 298 tio
165 273 270 306 longius
286 273 416 300 arcessita
444 274 563 300 videtur.
589 273 682 299 Potius
702 271 819 298 arbitrer
845 277 897 297 non

109 321 168 340 esse
187 313 288 340 Cra-cae
306 314 419 348 originis
433 314 480 341 sed
499 314 621 341 barbam
642 321 748 345 vocem,
766 311 898 346 υιΜηνὺς

111 357 214 392 Κάρου.
232 357 274 384 cui
292 358 420 392 templum
442 358 527 385 fuisse
543 358 704 385 Laodiceam
723 358 791 383 inter
808 355 899 383 etCa-

112 405 174 424 ruta
189 406 203 424 e
215 398 348 425 Strabone
366 407 415 430 xtl,
437 407 463 433 p.
481 399 532 426 580
545 401 679 430 novimus.
694 403 721 426 el.
738 397 829 433 Μηνὸς
844 398 900 424 Κα-

113 439 253 474 μαρεὶτου,
277 448 356 472 quem
377 440 532 476 Nyszcorum
555 442 582 469 in
601 441 681 469 Caria
709 440 780 466 numi
805 438 900 473 praefo-

115 486 186 512 runt,
201 486 228 507 et
250 481 342 516 Μηνὸς
370 482 526 514 Φαρνάκου,
547 483 591 509 cui
614 483 685 509 circa
708 481 805 508 Cabira
830 485 898 506 tem-

113 522 256 556 plnmerat
270 523 341 557 apud
357 524 479 550 emndem
496 523 655 551 Strabonem
670 530 719 553 xu,
733 530 759 556 p.
776 521 838 552 5'57,
855 527 901 547 eo—

113 571 164 597 que
177 563 256 590 deum
268 563 372 591 Lunum
397 570 424 592 et
447 566 496 592 sub
525 565 584 598 ejus
615 565 698 599 Iigura
720 561 901 589 Adoniudesi-

113 606 188 640 gnari
204 613 211 632 :
229 613 308 640 quem
333 612 360 632 et
383 612 499 633 matrem
516 608 594 634 deum
615 614 664 633 St‘u
680 606 809 633 Venerem
834 603 899 639 Lydi

113 647 265 681 vicinzeque
277 652 372 682 gentes
388 649 510 676 barbaris
525 653 635 676 ornatos
651 647 735 674 titulis
747 646 899 674 coluerunt.

115 687 227 715 Proclus
254 689 407 716 Diadncbus
442 689 468 716 in
498 689 652 722 Tetrabybli
680 688 795 715 I’tolcm.
818 686 902 714 I’ara-

114 729 215 763 phrusi.
244 738 270 764 p.
299 731 332 758 97
353 740 360 757 :
385 731 431 757 Ἐν
451 731 564 762 ταύταις
589 731 692 765 χώραις
719 730 827 756 σέϐουσι
853 729 901 763 μὲν

114 769 152 801 ὡς
173 771 220 797 ἐπὶ
237 771 303 798 πολὺ
325 771 374 806 τὴν
390 773 551 807 ’Δφροδίτην
571 772 609 803 ὡς
624 771 693 797 οεῶν
715 771 832 805 μητέρα,
845 770 903 796 δια-

113 811 206 846 φόροις
231 813 316 848 αὐτὴν
332 813 379 839 καὶ
394 813 538 848 ἐγχωρίοις
554 813 683 848 ὀνόμασιν
711 810 899 846 ὀνομάζοντες·

113 853 214 886 ὁμοίως
252 855 299 880 καὶ
330 854 377 880 τὸν
394 855 441 880 τοῦ
474 855 600 888 Ἄρεως,
638 854 784 884 καλοῦντες
820 852 901 879 αὐτὸν

116 894 234 922 Ἀδωνιν
273 896 320 922 καὶ
353 896 443 927 mm;
468 896 539 923 τισὶν
567 896 707 931 ὀνόμασιν.
737 895 756 922 Ε
785 894 901 929 quibus,

114 944 174 971 qua:
191 937 225 964 dc
243 936 366 964 Adunide
381 938 451 967 dixi.
469 938 622 969 ﬁrmantur,
638 937 840 970 clarissimeque
854 942 902 969 ap-

114 984 190 1012 paret
206 977 307 1005 noIlatn
321 985 382 1006 esse
394 987 503 1006 causam
520 980 696 1014 quamobrem
710 978 776 1005 Livii
789 984 899 1006 “svnt.

115 1019 148 1047 15
165 1020 266 1053 vicum,
285 1028 364 1054 quem
379 1021 514 1048 Adonidos
525 1021 626 1048 Comen
641 1024 748 1051 vocant,
763 1019 812 1046 viri
828 1019 900 1046 dOt‘lI

115 1065 219 1088 mutent
234 1070 241 1087 :
259 1069 319 1088 eum
336 1062 407 1089 enim
426 1062 490 1098 Lydi
502 1061 623 1097 Phryges
647 1061 720 1096 Lycii
741 1060 901 1096 Pamphylii,

114 1103 147 1130 de
160 1103 258 1138 quibus
272 1104 397 1130 omnibus
421 1103 545 1135 [‘roclus,
568 1104 675 1130 Adonin
702 1103 837 1137 praecipuo
852 1103 900 1128 ho-

116 1151 181 1171 norc
201 1144 346 1176 coluerint,
366 1145 430 1178 quid
455 1145 582 1179 impediet
601 1145 703 1172 Comen
727 1143 900 1171 Adonidosin

114 1185 237 1221 Phrygiae
259 1186 356 1213 linibns
375 1186 469 1219 fuisse,
492 1187 514 1214 si
533 1186 620 1219 .Livio
647 1184 812 1214 credamus?
827 1189 902 1211 caete.

116 1234 186 1259 rum,
205 1231 235 1254 ut
260 1227 293 1254 ad
321 1228 458 1255 Asccnum
473 1228 593 1260 redeam,
617 1235 668 1254 non
693 1227 812 1254 dubitem
836 1226 901 1259 quin

115 1268 185 1295 idem
222 1273 303 1303 atque
332 1269 376 1296 ille
402 1270 437 1296 sit
474 1277 553 1303 quem
575 1269 726 1297 Antiochiae
750 1269 776 1295 in
800 1267 903 1294 Pisidia

118 1309 236 1336 maximo
252 1310 355 1337 honore
371 1311 616 1345 prosequebamur.
630 1310 742 1342 Strabo,
757 1310 838 1337 modo
855 1317 902 1342 pa-

114 1359 174 1378 rum
193 1350 344 1385 adjuvetur.
360 1352 436 1379 nobis
451 1359 511 1379 eum
533 1352 651 1379 ostendit
668 1353 686 1378 l.
704 1359 752 1384 III,
770 1358 797 1385 ι).
820 1351 871 1378 577
892 1359 898 1377 :

115 1390 171 1419 Ἦν
190 1393 220 1420 δὲ
246 1393 365 1420 ἐνταῦθα
378 1413 385 1425 ,
411 1393 510 1428 inquit,
528 1394 574 1419 καὶ
597 1393 730 1428 ἱερωσύνη
753 1401 794 1425 τις
811 1392 903 1427 Μηνὸς

120 1435 261 1470 Ἀρχαιου,
283 1435 386 1470 πλῆθος
409 1435 509 1470 ἔχουσα
535 1436 693 1471 ἱεροδούλων
718 1435 766 1462 καὶ
794 1434 903 1470 χωρίων

115 1476 206 1510 ιερῶν.
223 1476 269 1504 Sic
280 1481 388 1504 vertunt
403 1478 541 1511 eduntque
555 1486 561 1503 :
576 1484 642 1504 mss.
656 1477 778 1508 Ἀχαιίην,
796 1481 824 1503 ut
840 1476 857 1502 I.
874 1483 901 1508 it,

114 1525 141 1552 ιι.
161 1517 223 1549 577,
242 1518 313 1552 quod
327 1526 360 1545 ex
378 1519 515 1552 Ἀσκηνος
535 1519 591 1546 sive
608 1519 743 1549 ’Δσκανος
755 1522 848 1545 natum
866 1518 905 1544 vi-

119 1559 176 1587 deri
194 1559 316 1586 locorum
335 1559 529 1594 nominuntque
544 1559 694 1586 similitudo
706 1560 856 1586 dissuadet.

150 1601 210 1628 Col.
226 1601 287 1628 148.
305 1601 397 1627 Σίται.
417 1601 515 1628 Verum
532 1601 606 1628 urbis
618 1608 714 1628 nomen
732 1600 804 1634 quod
818 1600 899 1627 luerit

115 1643 226 1669 dubium
249 1646 300 1669 est.
319 1641 479 1669 Vaillautius
495 1649 593 1670 numos
607 1642 742 1669 CAETQN
765 1642 792 1668 in
817 1640 902 1668 (ἔναιε.

116 1685 181 1718 imp.
198 1684 294 1716 Num..
309 1691 335 1718 p.
352 1684 386 1711 56
398 1684 457 1712 .huc
474 1684 577 1716 retulit,
595 1685 642 1712 sed
657 1691 798 1718 perperam
815 1691 822 1710 ε
840 1687 905 1710 sunt

116 1727 188 1753 cnim
213 1725 456 1758 Samosatensium,
475 1730 504 1753 ut
519 1734 553 1754 ex
579 1727 670 1753 nutnis
690 1725 821 1752 Thesauri
845 1724 904 1751 Bri-

118 1768 229 1799 tannici,
246 1775 272 1801 p.
292 1767 354 1798 2H.
374 1771 438 1794 tom.
453 1767 474 1794 Il
495 1773 615 1802 apparet.
634 1767 744 1795 Itectius
762 1766 905 1794 CAITTII-

118 1809 189 1835 ΝΩΝ
204 1816 301 1836 numos
325 1809 404 1843 hujus
419 1809 493 1836 urbis
516 1809 612 1836 incolis
627 1808 782 1835 Ilarduinns
800 1808 903 1836 tribuit.

118 1851 212 1885 Itaque
226 1851 337 1877 Σαῖτται
362 1855 464 1877 rcctmn
481 1852 545 1882 erit,
563 1858 578 1878 a
595 1858 648 1885 quo
668 1858 720 1878 non
736 1850 814 1885 longe
829 1850 905 1877 abest

115 1893 252 1920 Ptoleutaai
268 1901 283 1920 e
299 1900 364 1920 mss.
379 1892 466 1919 Palat.
485 1892 653 1926 Σάτται,ι›το
670 1900 726 1927 quo
735 1892 815 1918 Σέται
827 1890 904 1919 Cois-

118 1935 237 1962 linianus
254 1936 350 1962 codex.
368 1935 396 1962 In
412 1933 488 1962 Actis
510 1934 691 1961 conciliorum
716 1934 796 1960 molo
815 1932 904 1959 Σετῶν

117 1975 205 2008 πόλις,
218 1981 247 2002 ut
259 1975 366 2003 Μοίριιο
379 1977 498 2003 secunth
511 1983 538 2008 p.
554 1975 615 2008 59I,
629 1974 707 2001 modo
723 1974 807 2000 Σιτῶν
816 1973 903 2006 πόλις,

115 2017 252 2052 ἐπαρχίας
269 2017 378 2048 Λυδίας,
398 2017 478 2044 sicuti
497 2017 640 2044 Constant.
665 2016 766 2048 Tertio,
790 2023 816 2050 p.
841 2015 903 2047 502,

118 2060 197 2086 modo
227 2059 337 2086 Σεπῖῶν
365 2059 460 2090 πόλις,
491 2066 545 2092 (μιο
577 2057 657 2086 modo
686 2058 713 2084 in
737 2057 904 2085 Chalcedon.

118 2109 144 2134 ιι.
173 2100 237 2133 666,
256 2109 304 2134 pro
322 2109 375 2135 qua
398 2109 425 2135 p.
449 2101 481 2128 97
496 2099 612 2132 Σεττῶν,
636 2107 663 2134 p.
681 2099 733 2126 5'27
758 2099 861 2126 Σέλλων
878 2103 906 2126 et

117 2143 237 2177 Σεύγων,
252 2151 280 2178 p.
296 2143 359 2170 599.

152 2184 220 2211 Ibid.
237 2185 374 2211 Mmoria.
400 2183 457 2210 Sita
483 2183 531 2210 fuit
545 2183 571 2210 in
598 2183 689 2210 radice
712 2181 817 2215 Tmoli,
836 2186 905 2209 teste

116 2225 204 2253 Plinio
225 2234 254 2258 ν,
280 2226 325 2253 29.
354 2225 564 2256 Μαιονιτόπολις
588 2225 639 2259 τῆς
660 2224 752 2251 Λυδῶν
770 2224 905 2258 ἐπαρχίας

116 2268 144 2295 in
162 2268 305 2296 Constant.
320 2266 422 2299 Tertio,
439 2274 466 2301 p.
480 2267 542 2293 668.
559 2266 660 2293 Mtovla.
675 2266 804 2293 mendose
816 2266 842 2292 in
856 2264 905 2292 Ni-

116 2317 193 2337 ca’no
209 2310 339 2341 secundo,
357 2316 385 2342 ι).
405 2307 468 2335 591.
485 2307 647 2342 Sequentem
668 2307 757 2342 legere
776 2314 829 2334 non
850 2314 907 2334 me-

117 2359 198 2379 I'IIIIII.

154 2393 224 2420 Ibid.
244 2392 390 2427 Τράλλης.
407 2391 494 2426 Δάλδη
510 2391 599 2425 potior
618 2390 681 2421 erit,
707 2390 784 2424 cujus
799 2390 906 2424 episco-

118 2443 168 2470 pus
182 2435 300 2462 Joannes
321 2433 424 2468 Δάλδης
439 2432 547 2460 Nicamo
565 2432 686 2459 secundo
705 2431 862 2464 subscribit,
879 2436 908 2459 et

118 2475 265 2510 Ephesino,
293 2483 319 2509 p.
343 2474 407 2508 535,
431 2481 585 2510 quanquun
610 2479 706 2506 prave,
736 2472 786 2506 τῆς
807 2472 906 2504 Λυδίας

116 2517 267 2553 Δαρδάνης.
287 2516 403 2544 Numtnn
424 2515 577 2543 Δαλδιανῶν
605 2514 680 2542 Thes.
699 2514 815 2548 Britatt.,
835 2520 854 2541 ι.
872 2515 906 2546 II,

119 2568 149 2594 υ.
164 2559 225 2587 164.
245 2559 277 2586 Ν.
307 2557 437 2593 IIaymius
462 2557 594 2589 inseruit;
619 2556 665 2592 qui
689 2556 752 2583 dum
778 2556 908 2584 adscribit

119 2609 255 2636 nusquam
272 2608 333 2628 eam
351 2600 401 2626 nisi
423 2599 449 2625 in
467 2598 548 2626 Suida
570 2597 694 2633 reperiri,
718 2605 767 2625 usu
785 2602 905 2624 veterum

120 2644 286 2678 scripturum
307 2649 403 2675 parum
421 2648 449 2668 se
467 2640 627 2667 instructum
650 2640 749 2674 prodit.
765 2638 880 2667 Carolus
893 2647 907 2666 a

117 2685 149 2712 ὃ.
167 2684 251 2712 Paulo
267 2684 363 2711 Dalttt's
384 2682 472 2716 inquit
487 2681 577 2709 Suidw
594 2682 620 2707 in
636 2689 695 2707 vate
712 2681 908 2712 Artemidorus,

115 2727 163 2762 qui
176 2727 244 2754 hunc
258 2727 349 2754 urbem
365 2723 502 2752 MYSSEN
517 2724 549 2750 ab
565 2723 658 2750 incolis
670 2724 769 2750 dictant
783 2723 886 2757 scripsit
898 2730 908 2754 ;

120 2769 220 2801 quibus
237 2768 344 2803 gemina
368 2766 435 2793 Abr.
453 2765 572 2793 Ortelius
589 2765 615 2791 in
636 2764 769 2792 Thesauri
791 2764 832 2791 sui
849 2765 909 2791 Dalv

119 2810 170 2835 dun
190 2813 402 2836 commentatur.
428 2806 579 2840 Utrumque
604 2805 803 2837 Artemidorus,
823 2812 910 2839 quan-

119 2854 176 2878 tum
195 2857 210 2877 α
226 2856 291 2876 vero
305 2856 336 2876 ea
350 2848 451 2880 absint,
469 2849 491 2876 si
507 2847 595 2882 patrio
610 2855 736 2876 sermone
751 2848 906 2882 loquentem

949 133 1204 166 WESSELINGII
1427 166 1430 169 .
1663 136 1749 170 I120

952 188 1047 216 audire
1074 190 1236 224 voluissent,
1260 191 1397 219 docuisset
1416 191 1560 226 Oncirocr,
1581 192 1609 225 2,
1637 201 1662 221 c.
1684 195 1742 223 ult.

948 229 1024 256 οὐδὲν
1046 230 1094 257 οὖν
1119 232 1275 267 θαυμαστὸν
1290 234 1319 260 ὲν
1333 234 1432 268 Δαλδίᾳ
1453 235 1618 267 Ἀπόλλωνα,
1631 235 1661 262 ὂν
1671 237 1744 263 ΜΥ-

949 270 1042 297 ΣΤΗΝ
1063 273 1199 308 καλοῦμεν
1221 275 1302 309 ἡμεῖς
1330 275 1449 310 πατρῴῳ
1482 275 1595 311 ὀνόματι
1605 297 1613 309 ,
1650 277 1744 304 ταῦτά

951 320 985 347 με
1017 315 1233 349 προτρέψασθαι.
1271 316 1474 344 Iutellexissent
1499 317 1650 352 Apollinem
1677 319 1742 354 My-

949 358 1009 380 sten
1025 364 1039 381 a
1053 355 1189 384 Daldianis
1205 357 1289 384 fuisse
1307 358 1408 385 cultum
1419 379 1426 390 ,
1456 366 1505 385 nec
1533 366 1651 393 unquam
1676 361 1742 387 Dal-

949 394 1021 422 diam
1033 398 1192 426 eonomine
1224 398 1319 427 fuisse.
1354 400 1418 426 Erat
1439 399 1530 427 Daldia
1564 399 1653 435 Lydiae
1687 409 1743 428 nec

951 444 1075 470 magnum
1099 447 1187 473 nequo
1210 442 1386 468 memorabile
1411 443 1540 476 oppidum
1557 451 1564 469 :
1581 442 1681 470 Δαλδία
1694 443 1741 475 δέ,

951 477 1033 503 verba
1059 478 1178 512 ejusdem
1202 481 1366 508 Artemidori
1393 481 1486 509 Oneir.
1505 483 1532 514 5,
1557 490 1582 510 c.
1596 483 1645 510 ult.
1661 488 1739 512 sunt.

951 518 1072 552 πόλισμα
1091 520 1188 552 Λυδίας
1205 522 1251 547 καὶ
1265 523 1296 548 οὑ
1321 523 1422 557 σφόδρα
1438 523 1588 558 ἐλλόγιμον.
1603 523 1668 556 Qum
1685 524 1742 551 etsi

951 559 1023 587 baud
1041 562 1110 589 male
1126 562 1263 596 disputata
1286 565 1371 592 videri
1396 569 1507 599 queant,
1523 565 1640 592 fortasse
1653 565 1743 592 tutius

951 602 1004 629 erit
1026 602 1151 638 Τράλλην
1168 605 1304 634 retinere:
1323 606 1373 633 hoc
1389 607 1460 633 enim
1483 607 1593 634 nomine
1613 608 1707 634 urbem
1723 616 1738 633 ει

952 642 1086 672 Trallibus
1099 645 1232 673 diversam
1257 651 1284 674 et
1306 646 1414 674 Notitim
1431 653 1539 674 veteres
1562 653 1589 675 ct
1607 649 1741 675 concilio.

952 692 1011 711 rum
1035 686 1100 713 Acta
1123 693 1286 722 agnoscunt.
1311 688 1349 716 Ita
1376 689 1580 725 Couslantinop.
1605 689 1741 722 secundo,

952 734 979 761 p.
994 727 1056 754 245.
1072 727 1188 756 Uranius
1201 730 1344 765 episcopus
1354 730 1539 759 Tralleuorum
1554 732 1672 758 civitatis
1686 731 1742 765 Ly-

953 768 1003 794 dire
1018 769 1178 802 proriitcize.
1193 775 1219 798 et
1236 770 1345 798 Nic-.eno
1366 772 1496 807 secundo,
1511 780 1537 807 p.
1557 773 1602 800 5i.
1624 772 1741 799 Michael

954 811 1078 846 Τράλλης
1103 812 1172 839 inter
1198 812 1288 847 Lydia:
1312 803 1471 848 episcopos:
1483 803 1545 841 cum
1566 815 1644 849 paulo
1674 819 1743 841 ante

953 852 1169 889 Thc0phylactus
1184 855 1328 889 τραλλέων
1352 858 1423 884 inter
1439 857 1555 885 Asianos
1575 864 1673 884 nomen
1693 863 1741 884 es—

952 899 993 921 set
1007 894 1153 927 professus,
1164 896 1320 924 subscribit.

988 935 1057 963 I‘iid.
1082 937 1335 971 Αὐρηλιούπολις.
1367 939 1522 967 Theodotus
1554 939 1742 974 Αὑρηλιουπό-

952 975 1020 1007 Isto,-
1053 977 1102 1011 τῆς
1133 978 1226 1005 Λυδῶν
1255 979 1388 1015 ἐπαρχίας
1411 980 1614 1015 Constantinop.
1644 981 1740 1012 tertio,

953 1027 980 1054 p.
998 1019 1050 1046 668
1066 1020 1210 1048 seribcndo
1223 1022 1318 1049 adfuit.
1332 1023 1410 1050 Adde
1425 1022 1562 1050 Nicmnum
1576 1022 1740 1054 secundum,

951 1070 977 1096 ι).
995 1061 1058 1088 591.

987 1103 1052 1130 Ibid.
1080 1104 1223 1131 Ἀτταλία.
1244 1104 1330 1132 Habet
1350 1113 1409 1132 eam
1433 1105 1587 1139 Stephanus
1602 1111 1630 1133 et
1646 1104 1740 1141 Lydiae

951 1145 1117 1176 contribuit;
1132 1145 1177 1172 ubi
1195 1151 1265 1174 recte
1284 1146 1314 1173 L.
1331 1146 1496 1174 IIolsleinius
1507 1151 1534 1174 et
1548 1147 1628 1174 aliam
1644 1154 1676 1173 eo
1689 1155 1739 1173 no-

953 1186 1025 1212 mine
1044 1186 1071 1213 in
1100 1186 1267 1222 Pamphylia,
1295 1195 1376 1222 quam
1403 1195 1452 1214 suo
1482 1189 1541 1214 loco
1570 1188 1739 1220 videbimus,

953 1227 1038 1255 fuisse
1053 1228 1189 1255 observat.
1212 1229 1268 1256 Ilnc
1285 1237 1383 1256 unmus
1405 1229 1555 1256 Ἀτταλέων
1578 1229 1653 1255 Thes.
1674 1229 1740 1255 Bri-

953 1273 1008 1295 tau.
1027 1273 1093 1296 tom.
1110 1268 1142 1301 II,
1157 1277 1183 1304 p.
1198 1270 1260 1302 229,
1275 1270 1354 1297 sicuti
1374 1270 1559 1297 ’Λτταλεατῶν
1573 1270 1606 1296 ad
1623 1269 1740 1296 alteram

953 1311 980 1337 in
996 1309 1162 1345 Pamphylia,
1178 1319 1203 1344 p.
1219 1312 1253 1338 90
1262 1312 1383 1346 ejusdem
1399 1311 1464 1338 tomi
1482 1311 1574 1338 referri
1591 1311 1738 1344 oportebit,

953 1359 1006 1386 qua
1022 1352 1054 1378 de
1073 1360 1100 1379 re
1113 1352 1145 1380 N.
1165 1352 1302 1388 Ilaymius.
1317 1352 1460 1388 Dionysius
1479 1357 1567 1379 tamen
1588 1351 1738 1379 Ἀτταλεώ-

953 1403 1002 1430 της
1021 1395 1106 1426 Λυδδς
1121 1401 1161 1422 est.
1175 1396 1200 1421 in
1218 1395 1396 1427 CbaIt-cdon.,
1418 1404 1443 1430 p.
1457 1396 1518 1423 666.

988 1436 1056 1464 Ibid.
1079 1437 1311 1471 'Epyoxaanlla.
1330 1437 1495 1472 'I‘beopistus
1514 1437 1738 1473 Ἐρμοκαπηλίας

953 1483 995 1506 cst
1009 1478 1035 1505 iu
1051 1477 1159 1505 Nico-no
1177 1479 1307 1509 secundo.
1324 1486 1350 1513 p.
1367 1479 1411 1510 5|,
1425 1479 1469 1514 qui
1484 1487 1507 1514 p.
1526 1479 1575 1506 59I
1599 1479 1738 1514 Ἐρμοκα-

954 1521 1040 1554 mihi:
1067 1521 1174 1547 dicitur.
1203 1519 1435 1555 IIermocapcIitas
1471 1521 1546 1548 novit
1570 1526 1598 1548 et
1623 1521 1737 1554 Plinius,

954 1566 980 1591 ν,
998 1559 1044 1586 50.

989 1600 1058 1627 Ibid.
1097 1600 1252 1634 Ἀκρασός.
1276 1600 1322 1628 Sic
1341 1608 1408 1628 mss.
1433 1608 1483 1628 nec
1497 1600 1578 1632 male.
1597 1607 1627 1628 ut
1638 1609 1671 1628 ex
1689 1609 1740 1628 nu-

955 1641 1007 1668 mis
1025 1642 1218 1677 Ἀκρατιωτῶν
1241 1641 1316 1669 Thes.
1338 1642 1442 1669 Britan.
1464 1647 1530 1669 tom.
1551 1642 1584 1674 II,
1602 1642 1631 1677 pl
1650 1642 1695 1671 87.
1712 1649 1739 1670 ct

955 1690 1024 1717 quos
1051 1683 1209 1711 \‘aillantius
1233 1684 1362 1718 inspexit,
1386 1688 1504 1711 constat.
1522 1683 1740 1711 Chalccdoneusi

955 1724 1071 1752 concilio
1099 1725 1234 1752 Patricius
1266 1724 1418 1760 ’Δρκασσοῡ
1457 1725 1604 1760 provincia:
1627 1725 1739 1759 Lydize,

956 1774 984 1801 p.
998 1766 1051 1793 574
1065 1765 1185 1793 adfuisse
1197 1766 1278 1801 Iegitu
1284 1775 1305 1793 r.

991 1808 1060 1835 Ibid.
1089 1808 1282 1840 ’Λπόλλωνος
1307 1809 1398 1842 lepor.
1425 1807 1495 1835 Hine
1512 1807 1660 1842 Apoliottos
1682 1809 1740 1836 hie-

956 1850 1013 1876 rita:
1028 1849 1106 1877 Plinii
1121 1857 1147 1882 ν,
1165 1849 1218 1882 29,
1241 1854 1270 1876 et
1293 1849 1390 1877 Lucius
1410 1849 1552 1884 episcopus
1573 1849 1739 1881 ’Λπόλλωνος

956 1890 1030 1925 ἱεροῦ
1052 1891 1076 1917 in
1098 1891 1273 1922 Cbalccdou.,
1292 1898 1318 1925 p.
1342 1890 1404 1918 666.
1429 1890 1550 1917 Meminit
1573 1890 1740 1922 Ἀπόλλωνος

957 1932 1030 1967 ἱεροῦ
1050 1933 1077 1960 in
1103 1937 1193 1959 monte
1209 1933 1289 1967 positi
1314 1932 1445 1959 Aristides
1468 1937 1532 1959 tom.
1551 1933 1571 1964 I,
1594 1940 1620 1967 p.
1644 1933 1696 1960 6‘15
1714 1938 1741 1959 et

955 1975 1025 2002 6‘29:
1040 1975 1109 2009 quod
1128 1975 1151 2002 si
1167 1980 1291 2002 nostrum
1318 1979 1371 2007 est;
1387 1974 1440 2001 500
1461 1975 1545 2007 [crine
1563 1975 1657 2002 stadiis
1675 1974 1739 2001 Pcr-

955 2024 1033 2051 gamo
1048 2021 1180 2044 semotum
1197 2016 1257 2043 fuit.

992 2058 1059 2086 Ibid.
1078 2057 1200 2088 Τάιῑαζα.
1219 2058 1331 2085 Τάϐαλα
1348 2063 1450 2085 rectum
1473 2062 1524 2085 est.
1548 2058 1604 2085 Non
1627 2059 1740 2086 dilIitcor

956 2101 1094 2135 plerisque
1112 2101 1137 2126 in
1154 2099 1261 2127 Notitiis
1283 2100 1330 2127 τὸν
1351 2099 1480 2126 Γαϐάλων
1504 2100 1645 2134 praesulem
1671 2101 1740 2127 iutcr

956 2143 1047 2176 Lydia:
1063 2142 1206 2176 episcopos
1226 2142 1373 2174 recenseri,
1391 2149 1480 2176 neque
1505 2142 1587 2169 etiam
1610 2142 1738 2177 Polycar-

957 2193 1018 2218 pum
1037 2183 1167 2210 Γαϐάλων
1190 2184 1307 2211 concilio
1323 2184 1500 2216 Chalcedon.,
1519 2192 1546 2219 p.
1570 2183 1603 2211 97
1619 2184 1739 2212 subscri-

956 2226 1033 2257 bere,
1057 2225 1237 2259 eamdemque
1259 2225 1284 2251 in
1300 2224 1395 2252 Latina
1416 2225 1528 2260 epistola
1541 2225 1738 2259 episcoporum

957 2267 1046 2302 Lydia:
1071 2267 1108 2294 ad.
1124 2267 1239 2294 Leonem
1259 2267 1448 2302 imperatorem
1469 2267 1630 2295 Gabalorum
1654 2267 1706 2294 dici
1729 2276 1737 2295 :

957 2310 1072 2337 necdum
1084 2313 1173 2336 tamen
1192 2309 1343 2342 permoveri
1360 2317 1469 2344 possum
1483 2313 1511 2335 ut
1526 2309 1551 2335 id
1568 2313 1668 2335 rectum
1679 2316 1739 2336 esse

956 2352 1076 2382 credam,
1101 2355 1147 2378 aut
1169 2358 1229 2377 cum
1246 2350 1383 2378 IIarduino
1402 2358 1497 2378 numos
1514 2350 1660 2376 Ταὸαλέων
1681 2351 1738 2377 vitii

956 2400 1069 2427 arguam
1083 2393 1118 2419 ob
1133 2391 1250 2419 Notitias
1262 2392 1463 2419 ecclesiasticos
1478 2400 1484 2418 :
1503 2392 1564 2424 quis
1575 2392 1647 2418 enim
1666 2391 1738 2424 igno-

956 2438 1000 2460 rat
1017 2441 1097 2466 quam
1116 2433 1316 2466 frequentatum
1333 2432 1739 2466 librariissil’I‘etI‘permisce-

957 2482 985 2501 re
998 2474 1009 2500 ?
1022 2474 1080 2501 Jam
1096 2473 1206 2500 Tai6at).at
1220 2482 1283 2501 rcro
1293 2474 1400 2501 nomine
1419 2473 1511 2500 urbem
1531 2473 1613 2500 fuisse
1627 2481 1660 2500 ex
1675 2480 1738 2499 con-

957 2517 1080 2544 cil'ornm
1101 2516 1178 2542 Actis
1194 2515 1367 2550 patefiat-iam.
1388 2515 1478 2542 Primo
1499 2514 1673 2550 Polyrarpns,
1694 2516 1737 2549 qui

956 2558 1173 2585 Clialrcdonensi
1189 2557 1284 2589 adluit,
1303 2558 1353 2585 etsi
1367 2558 1467 2592 passim
1483 2557 1612 2583 Γαὸάλων
1625 2557 1737 2590 dicatur,

957 2599 1105 2634 Τραὸάὶων
1123 2598 1291 2630 inscribitur.
1307 2607 1332 2634 p.
1345 2599 1408 2629 599,
1423 2606 1525 2632 uosque
1540 2599 1573 2625 ad
1591 2598 1738 2632 legitimum

959 2641 1033 2668 urbis
1060 2647 1156 2666 nomen
1177 2641 1309 2674 perducit.
1334 2640 1435 2667 Deinde
1461 2639 1578 2667 Joannes
1589 2639 1740 2674 {episcopus

957 2681 1089 2708 Ταϐάλων
1105 2685 1261 2708 constanter
1282 2681 1354 2707 Artis
1377 2680 1477 2708 Nicmni
1491 2681 1599 2707 secundi
1622 2680 1738 2713 appella-

959 2728 1011 2754 tur,
1034 2727 1062 2749 ut
1079 2730 1105 2756 p.
1123 2722 1167 2754 5|,
1186 2722 1249 2753 552.
1263 2723 1311 2750 5m
1332 2727 1413 2756 atque
1434 2722 1507 2749 alibi.
1525 2721 1619 2755 Itaque
1633 2721 1739 2747 Notitire

958 2771 1053 2792 omnes
1067 2769 1095 2791 et
1107 2763 1329 2791 Cltalccdonense
1351 2763 1495 2790 concilium
1519 2763 1581 2790 hinc
1597 2763 1740 2790 emenden-

959 2809 1014 2832 tur.
1041 2805 1097 2832 Sila
1117 2805 1181 2832 urbs
1206 2805 1255 2832 fuit
1277 2806 1349 2832 circa
1378 2805 1507 2832 IIcrmum
1535 2813 1541 2831 :
1570 2804 1640 2830 unde
1663 2802 1738 2829 Tim.

960 2847 1064 2874 Britan.
1082 2846 1115 2880 II,
1132 2854 1159 2882 ιτ.
1182 2846 1232 2874 I56
1246 2847 1389 2874 Ταὸαλέων
1405 2854 1503 2874 nuuius
1515 2847 1687 2873 recubantem
1697 2849 1738 2872 at-
