1911 3071
139 177 208 212 1121

137 243 192 270 que
211 243 286 263 uram
300 235 424 264 innixum
437 243 501 263 eum
524 235 635 264 lluvium
655 236 793 269 ostendat,
809 235 926 269 ascripto

139 277 255 312 Ἕρμος.
271 277 349 310 Quod
364 284 430 305 vero
441 276 475 305 N.
492 277 621 312 llaymius
638 277 754 305 similem
770 284 851 304 unum
867 276 927 303 vul-

137 323 228 352 gatum
245 323 335 354 negat,
348 319 376 346 id
392 326 473 346 secus
484 323 544 346 est:
561 318 655 346 fefellit
668 319 826 354 diligentem
840 318 926 345 virum

139 358 306 392 Ilardniuus,
321 360 368 394 qui
389 360 464 386 numi
482 359 662 395 inscriptione
675 364 807 391 correcta.
823 361 928 387 seu-de-

139 406 250 434 pravata
274 402 374 428 verius.
404 401 678 438 Fa6a7téwv_'Eppo;
701 403 728 429 in
754 401 837 429 Nam.
864 401 924 430 urb.

137 445 222 472 Nlusl.
236 446 275 472 Atl
291 445 392 472 Galiala
411 446 511 474 retulit.

172 486 232 514 Cui.
251 487 313 515 I58.
327 487 426 521 Βάτις.
443 487 508 515 Aliis
519 487 625 516 Noliliis
633 488 720 524 Βάγη,
729 488 800 516 unde
808 488 927 523 Βαγηνοὶ

138 529 167 555 in
183 528 260 556 Thes.
275 529 380 556 Britain.
403 533 468 557 tom.
484 528 515 562 li,
531 537 556 564 p.
571 529 634 557 249.
648 530 802 558 llarduinus
815 537 925 557 numuln

137 570 204 597 vidit
221 571 362 606 Βαγηνῶν,
379 571 422 598 cui
439 572 533 598 aderat
549 571 664 606 Ἕρμος.
681 572 755 600 Unde
770 573 840 600 haud
855 571 925 599 utul-

138 617 194 638 rum
209 612 270 639 inde
287 613 409 640 dissitam
428 612 511 640 fuisse
527 613 651 648 colligas.
763 652 765 654 η

172 652 239 680 lbid.
261 654 383 688 Κήρασε
400 654 481 682 Forte
506 655 630 690 Κεράση.
647 652 814 684 Menecrates
831 656 924 690 Κερα-

137 694 192 721 σὼν
213 703 240 722 et
263 696 413 731 Κερασσῶν
438 695 508 724 inter
536 696 623 732 Lydos
651 697 815 725 Chalcedon.
831 705 923 730 couc.,

136 743 162 770 p.
179 737 231 763 526
248 742 328 771 atque
342 737 406 765 alibi
429 737 586 769 subscribit,
609 743 636 765 et
657 738 767 766 Nicmno
793 739 923 772 secundo,

136 784 163 809 p.
177 777 230 804 555
240 777 352 806 Michael
366 779 523 814 Κερασέων.
541 786 591 807 ncc
601 779 681 807 aliter
694 779 721 807 Ν
723 785 759 808 οι.
771 780 828 809 Jac.
839 781 923 815 Goar,

172 859 235 886 Ibid.
250 861 495 896 Μεσοτύμελλος.
508 863 702 899 Μεσοτίμωλος
713 871 744 892 ex
756 863 820 891 .Iure
829 864 923 892 Graec

135 901 259 930 Romano
273 903 438 937 Leunciavii,
458 912 484 938 p.
508 904 539 932 9f
562 905 729 940 praestiterit.
747 905 816 934 Hinc
832 906 922 933 Meso-

136 943 258 972 timolita:
278 945 346 978 apud
362 944 478 973 Plinium
500 953 527 979 ν,
541 945 629 979 29,ex
644 946 775 975 Harduini
792 948 921 975 emenda-

134 985 219 1017 tione,
237 993 317 1020 quem
337 987 410 1014 vide.

171 1026 446 1061 lltid.'AJto.i.lcbrn(.
465 1028 629 1061 ’Δπολλωνὶς
640 1033 681 1057 est
705 1028 848 1057 Strabonis
859 1037 920 1061 xm.

133 1073 163 1100 p.
180 1066 242 1100 625,
260 1067 420 1102 Pergamum
441 1070 512 1097 inter
537 1075 565 1097 et
587 1069 699 1104 Sardls,
713 1071 852 1105 utrimque
868 1071 921 1099 500

134 1108 233 1135 stadiis
257 1114 393 1142 separata.
415 1109 545 1145 Cyriacus
562 1112 706 1146 episcopus
733 1111 920 1146 Apolloniadis

134 1149 270 1183 synodica:
287 1149 423 1185 Lydorum
445 1151 566 1186 epistolae
584 1160 680 1180 nomen
697 1153 849 1188 adscripsit.
864 1153 919 1180 Nu-

135 1197 195 1216 rnos
217 1191 467 1224 Apollonidensium
499 1192 716 1221 ’Δπολλωνιδέων
733 1195 920 1222 habeutVail-

135 1231 236 1257 lautius
253 1236 280 1258 et
303 1231 465 1260 Ilarduiuus.
485 1233 555 1262 Vide
577 1235 628 1262 Th.
651 1236 734 1263 Laur.
752 1236 918 1264 Gronovium

134 1272 161 1299 in
178 1271 240 1298 Bas.
254 1272 392 1306 Marmor.,
409 1282 433 1301 e.
454 1283 528 1302 utr.

170 1313 237 1340 Ibid.
266 1314 532 1348 'Ispoxacrtéueta.
556 1317 621 1345 Sine
644 1318 726 1346 dubio
753 1319 920 1355 Ἰεροκαισά·

134 1363 196 1390 pata
214 1360 316 1391 rectum
335 1361 385 1387 est.
409 1358 490 1392 cujus
512 1359 658 1394 episcopus
686 1360 920 1398 Ἰεροκαισαρείας

134 1396 262 1424 Cossinua
274 1396 450 1432 Cbalcedon.,
471 1407 498 1434 p.
511 1399 564 1428 665
577 1402 719 1429 scribendo
734 1403 828 1430 adfuit.
843 1396 919 1433 liaud

134 1438 212 1473 longe
232 1438 356 1474 Hypaepis
378 1440 505 1474 distabat,
530 1441 633 1469 famosa
651 1443 723 1470 cultu
742 1444 833 1473 Diana:
853 1445 921 1473 Per-

133 1480 206 1511 sicae,
222 1488 273 1514 qua
289 1481 321 1507 de
345 1480 432 1509 Tacit.
449 1483 517 1511 Ann.
534 1491 577 1518 tu,
600 1483 644 1517 65,
664 1493 678 1512 a
695 1485 824 1518 Persicis,
851 1489 918 1517 inibi

133 1519 313 1549 incolentibus
332 1523 403 1557 apud
423 1523 583 1551 Pausaniam
603 1532 634 1558 ν,
657 1526 702 1559 27,
722 1531 751 1554 ut
770 1529 818 1555 viri
844 1529 916 1557 docti

132 1566 307 1596 monuerunt,
319 1563 409 1592 diem.
421 1564 486 1597 Quae
499 1573 561 1593 cum
574 1574 626 1594 non
640 1567 777 1601 ignoraret
789 1568 831 1596 Jo.
848 1570 918 1598 Har-

132 1604 240 1636 tluiuus,
257 1612 338 1632 ausus
355 1610 444 1632 tamen
468 1612 510 1634 est
528 1607 632 1635 iteratae
649 1609 726 1637 Plinii
742 1611 856 1639 editioni
869 1614 918 1640 ad-

132 1646 253 1673 scribere
278 1653 313 1679 v,
339 1647 391 1680 29,
420 1648 508 1676 nullos
534 1649 588 1676 illic
611 1649 737 1680 PersicOS
763 1653 918 1690 nullamque

133 1686 244 1714 Dianam
270 1686 406 1716 Persicam
436 1690 541 1718 fuisse:
560 1692 713 1720 HEPCIKH
735 1696 820 1722 notari
835 1686 919 1723 mir-

130 1728 228 1755 τίνακα
254 1729 388 1756 Σεϐαστὸν
430 1730 525 1766 Ἱερεῖς
542 1733 723 1767 Καθιέρωσαν
741 1735 916 1772 Ἡρακλέους,

132 1769 298 1797 Pertinacem
314 1771 462 1805 Angustum
479 1775 628 1801 sacerdotes
644 1769 828 1805 corruerarunt
845 1769 915 1806 Her—

136 1811 215 1838 culis.
233 1810 271 1838 Eu
288 1819 335 1838 cor
348 1812 476 1839 Zenodoti
488 1835 495 1846 ,
512 1821 545 1840 eu
556 1815 632 1848 jecur
647 1816 774 1845 Cratetis.

167 1852 235 1879 Ibid.
253 1852 412 1886 Μυστήνη.
437 1854 580 1888 Μοστήνη,
604 1860 630 1882 ut
649 1864 746 1884 numus
768 1859 916 1895 Μοστηνῶν

132 1894 226 1920 Λυδῶν
258 1895 400 1928 perspicue
432 1895 520 1922 docet.
557 1895 678 1924 Julianus
706 1899 811 1932 πόλεως
843 1894 917 1929 illam

133 1935 234 1970 στήνης
257 1939 298 1962 est
311 1936 337 1962 in
360 1935 538 1969 Chalcctiou.,
556 1946 581 1972 p.
599 1938 662 1965 240.
681 1940 746 1967 Vide
763 1941 793 1968 L.
810 1943 914 1972 Thcod.

131 1976 296 2003 Cronovium
329 1976 355 2003 in
381 1976 444 2005 Bas.
470 1978 597 2005 Marmor.
621 1987 646 2006 c.
677 1988 754 2009 xxxt.
782 1983 913 2012 Caeterum

131 2025 190 2051 qua:
206 2018 300 2044 ultimo
321 2017 380 2044 loco
394 2018 491 2052 legitur
505 2019 637 2052 Μοστίνα,
660 2028 760 2050 nostra:
782 2027 915 2054 correctio

131 2064 211 2092 atque
226 2066 257 2085 ex
279 2060 401 2092 margine
423 2060 449 2085 in
468 2061 618 2095 catalognm
634 2062 818 2097 imprudenter
839 2074 914 2094 recc-

132 2106 175 2133 pta
195 2105 246 2134 est,
272 2105 300 2127 ut
321 2101 372 2128 Ch.
389 2101 520 2129 Cellarius
534 2101 566 2129 (Ξ.
580 2104 612 2130 Λ.
629 2111 669 2137 ιιι,
683 2106 711 2138 4,
723 2113 749 2141 p.
767 2107 812 2134 l5l
828 2110 914 2137 anim-

130 2142 254 2169 advertit.

166 2183 231 2210 Ibid.
251 2183 418 2211 Σαταλέων.
440 2183 537 2212 Scribo
562 2186 677 2220 Σάταλα,
693 2196 742 2223 pro
763 2197 817 2224 quo
831 2199 913 2225 prave

132 2225 290 2252 Ptolemaeus
314 2225 436 2252 Σὰτταλα
455 2229 482 2252 et
506 2225 618 2255 Nonnus
644 2230 754 2265 Dionys.
774 2240 833 2263 xm.
860 2233 913 2262 474

131 2266 264 2292 Στάτα).α.
288 2266 411 2294 Andreas
427 2267 555 2294 Σατάλων
574 2269 673 2302 Λυδίας
692 2271 813 2300 interfuit
829 2274 912 2302 Chal-

131 2307 227 2334 cedon.
241 2315 269 2342 p.
285 2307 330 2340 97,
343 2308 500 2343 vitioseque,
515 2317 540 2343 p.
558 2310 609 2342 574
623 2312 756 2348 Σαγάρων
775 2314 874 2349 Λυδίας
886 2323 912 2345 et

129 2357 154 2384 p.
172 2349 224 2376 665
239 2349 388 2381 ἐπίσκοπος
410 2350 532 2385 ’Δγαλῶν
548 2353 656 2380 dicitur.

162 2390 230 2418 Ibid.
253 2391 379 2424 Γόρὸος.
403 2391 501 2428 Γόρδος
521 2393 572 2428 τῆς
586 2394 686 2427 Λυδίας
700 2395 805 2424 Socrati
822 2398 858 2426 ll.
876 2400 910 2427 E.

129 2440 176 2464 vn,
193 2432 237 2464 56,
269 2433 344 2467 cujus
361 2434 506 2468 episcopus
522 2433 668 2470 Gregorius
683 2437 782 2473 Γόρδου
803 2440 911 2470 Nicaeno

128 2474 257 2507 secundo,
267 2482 293 2508 p.
312 2475 365 2502 555
374 2482 470 2503 nomen
481 2477 634 2512 adscripsit.
645 2478 757 2508 Carolus
766 2489 780 2509 a
789 2483 817 2510 S.
828 2482 911 2512 Paulo

127 2517 248 2543 eamdem
261 2524 321 2544 esse
333 2522 424 2545 censet
440 2525 472 2545 ac
487 2517 645 2554 Juliopoiin,
662 2529 721 2555 qua:
736 2529 799 2552 ante
817 2525 909 2554 Gordu

127 2558 218 2590 Come,
242 2559 311 2592 apud
338 2559 499 2587 Strabonem
522 2569 570 2593 xu,
585 2570 611 2596 p.
631 2563 693 2596 574,
720 2567 767 2593 sed
787 2574 883 2595 errans
901 2577 908 2595 :

126 2599 197 2626 illam
215 2599 241 2626 in
257 2599 360 2627 Galatia
378 2601 464 2635 prima
480 2602 651 2637 videbimus;
669 2606 725 2633 haec
737 2606 909 2643 Juliagordus

125 2640 267 2668 Ptolemzeo
277 2645 304 2668 et
312 2643 412 2674 numis,
423 2643 574 2677 cuiusmodi
593 2645 670 2674 Thes.
681 2647 786 2677 Britnn.
801 2640 865 2677 tom.
878 2659 908 2684 ll,

126 2688 151 2715 ρ.
171 2681 231 2713 liti,
248 2689 301 2709 uua
319 2688 396 2715 parte
410 2685 528 2712 turribus
545 2693 669 2715 ornatum
685 2695 766 2724 caput
791 2696 817 2718 et
835 2681 908 2721 circa

130 2722 331 2760 Ἰουλιαγόρδος,
355 2726 438 2754 altera
462 2728 625 2763 Ephesinam
650 2722 761 2760 Dianam
786 2739 813 2762 et
842 2735 908 2761 ’lou-

125 2764 289 2802 λιγορδηνῶν
305 2767 414 2795 titulum
432 2777 642 2804 repraesentans.

158 2807 226 2836 ibid.
244 2808 312 2836 Ὑπὸ
339 2811 572 2846 κονσουιὶὰριον.
593 2813 655 2840 Fuit
670 2818 832 2849 prazsidialis
846 2827 908 2854 pro-

125 2850 210 2878 vincia
235 2851 346 2886 Pisidia,
370 2859 399 2881 ut
417 2854 504 2883 Notit.
535 2856 599 2891 imp.
615 2857 719 2886 Orieut.
735 2867 761 2887 c.
777 2861 790 2887 l
808 2866 833 2889 et
846 2850 907 2890 ’Νο-

125 2892 189 2920 ulla
203 2893 249 2927 24,
268 2894 343 2930 cujus
366 2903 391 2924 c.
412 2896 427 2923 I
446 2897 591 2932 provincia:
611 2907 712 2934 praeses
740 2907 840 2940 praetor
860 2904 904 2933 Ju-

556 167 755 211 ’COMMENT.
773 179 814 210 iN
834 175 1043 209 HIEROCLIS
1061 167 1345 211 SYNECDEMUM.‘

1705 182 1774 215 1122!

987 234 1125 263 stinianus
1140 238 1337 272 essejubetur,
1357 238 1601 274 indicant;estque
1625 241 1684 275 eius
1704 250 1772 278 prm-

982 283 1026 303 ses
1043 277 1069 304 in
1082 278 1158 306 Artis
1171 280 1272 307 Zosimi
1288 285 1341 307 tom
1359 288 1389 307 III
1404 280 1469 312 .lul.,
1488 290 1513 317 p.
1532 283 1594 313 815.
1610 289 1663 311 etc.

1017 317 1085 345 Ibid.
1108 320 1277 355 Ἀντιόχεια.
1304 321 1452 350 Provincize
1471 329 1528 350 erat
1552 326 1724 360 metrOpolis,
1741 331 1771 354 nt

981 366 1012 386 ex
1030 361 1236 395 provincialium
1261 363 1294 389 ad
1309 362 1427 391 Leonem
1449 365 1640 399 imperatorem
1655 368 1771 402 epistola

980 406 1104 435 constat,
1131 402 1274 438 Lycaoniae
1307 405 1405 433 ﬁnibus
1430 409 1571 441 proxima;
1601 417 1663 443 qua:
1688 418 1768 438 causa

980 448 1022 471 cst
1045 452 1129 478 quare
1156 446 1256 473 Basilio
1282 446 1448 475 Seleuciensi
1479 448 1532 476 Vit.
1568 450 1597 478 S.
1630 451 1732 480 Thech
1749 461 1767 486 ι,

981 492 1008 519 p.
1031 486 1084 513 255
1097 487 1164 514 edit.
1186 487 1277 515 Paris.
1295 489 1345 523 τῆς
1367 490 1483 517 Πισιδῶν
1509 491 1560 526 τῆς
1582 493 1628 518 καὶ
1647 494 1769 527 γείτονος

979 526 1125 555 Λυκαόνων
1147 529 1265 556 dicatur.
1289 530 1441 565 Auryranaa
1456 533 1558 567 synodo
1575 526 1694 563 adfuisse
1712 526 1767 564 fer?

980 572 1025 594 tur
1039 568 1188 603 Sergianus
1213 571 1363 598 Antiochia:
1387 573 1492 600 Pisidim
1508 574 1565 601 sive
1586 575 1682 609 Cariae,
1699 585 1768 612 quo—

980 615 1040 636 rum
1055 609 1168 637 alterum
1199 612 1270 638 haud
1298 612 1378 640 dubie
1403 621 1417 640 a
1438 619 1598 644 correctore
1619 622 1672 645 est.
1703 609 1768 646 Vide

980 650 1124 678 Cellarium
1142 651 1175 680 G.
1190 653 1220 679 Α.
1240 661 1282 687 Ill,
1296 654 1323 685 4,
1343 663 1369 689 p.
1386 655 1450 682 187.

1014 692 1082 720 Ibid.
1098 694 1159 721 Νέα
1177 695 1278 728 πόλις.
1301 696 1466 732 Hesychium
1483 698 1767 734 Neapolitanumiuter

980 731 1087 762 Pisidiae
1120 737 1262 771 episcopos
1294 737 1321 764 in
1353 731 1421 767 mss.
1444 731 1631 770 vetustissimo
1666 743 1766 771 Nicami

979 775 1060 809 primi
1085 777 1189 804 invenit
1216 777 1245 806 L.
1263 778 1443 808 Holsteinius.
1471 781 1606 810 Bassonas
1622 784 1672 818 τῆς
1693 785 1766 818 Νέας

978 816 1082 849 πόλεως
1098 819 1168 846 inter
1185 820 1333 853 provincias
1344 823 1473 855 prmsules
1493 825 1519 851 in
1536 816 1764 859 Clialcetlnuensi,

977 866 1005 895 ρ.
1020 859 1073 886 670
1088 868 1187 888 nomen
1205 862 1359 896 profitetur.
1389 863 1477 892 Habet
1491 866 1573 893 etiam
1590 867 1761 896 Ptolenueus.

1013 900 1080 928 Ibid.
1103 903 1235 937 Λιμέναι.
1252 905 1435 940 Litnenopolis
1456 907 1481 933 in
1504 908 1712 942 prorincialium
1730 912 1763 939 ad

975 941 1094 970 Leonem
1121 944 1311 979 imperatorem
1335 947 1414 981 epist.
1449 941 1649 984 ρτο⁷Λιμενῶν
1672 952 1761 985 πόλις.

976 983 1048 1011 Sane
1061 983 1198 1013 Musianus
1215 986 1340 1021 Λιμενῶν
1359 987 1466 1016 Pisidia:
1479 990 1621 1025 episcopus
1638 992 1664 1019 in
1684 983 1763 1021 Chal-

975 1026 1083 1069 cedon.,
1102 1034 1128 1061 p.
1142 1026 1206 1060 670,
1220 1028 1330 1061 dicitur,
1342 1035 1370 1056 ut
1384 1030 1528 1058 Constant.
1551 1031 1652 1066 Tertio,
1671 1042 1697 1069 p.
1707 1035 1760 1062 676

974 1066 1108 1096 Patricius
1121 1069 1169 1102 τῆς
1182 1070 1329 1104 Λυμναίων
1351 1071 1456 1104 πόλεως
1477 1074 1596 1101 Πισιδῶν
1615 1066 1760 1112 ὲπαξιχίας.

975 1109 1052 1138 Unde
1065 1118 1097 1137 an
1115 1111 1226 1146 Λίμναι,
1249 1119 1308 1146 quo
1319 1113 1426 1140 nomine
1443 1115 1524 1142 urbes
1543 1109 1704 1150 Stephanus
1718 1127 1762 1146 re-

975 1156 1077 1184 censet,
1095 1153 1215 1184 potiores
1229 1153 1293 1186 sint,
1311 1155 1382 1181 haud
1402 1155 1540 1183 immerito
1555 1158 1673 1187 dubites.

1010 1193 1077 1221 Ibid.
1098 1195 1232 1223 Σαϐίναι.
1257 1195 1332 1223 lianc
1357 1201 1440 1230 atque
1461 1197 1618 1226 Armeniam
1641 1203 1760 1231 nomium

974 1235 1073 1270 reperi.
1091 1235 1239 1269 Posterior,
1265 1237 1286 1264 si
1305 1237 1406 1265 Graecae
1417 1239 1453 1265 sit
1472 1240 1584 1274 originis
1596 1261 1603 1272 .
1631 1249 1645 1269 a
1668 1251 1761 1271 servo-

974 1284 1034 1304 rum
1050 1278 1125 1312 copia
1143 1279 1169 1304 id
1189 1285 1288 1305 nomen
1306 1280 1429 1312 accipere
1448 1282 1545 1315 potuit.
1565 1281 1632 1310 Vide
1655 1285 1759 1314 scholia

973 1318 1000 1345 in
1017 1318 1144 1346 Nicandri
1156 1320 1344 1354 Alexiphnrm.
1363 1321 1424 1348 I76.

1009 1360 1077 1388 Ibid.
1097 1361 1220 1388 Πάππα.
1237 1360 1313 1388 Novit
1333 1370 1392 1389 eam
1417 1363 1597 1398 Ptolemauts,
1613 1373 1708 1402 estque
1731 1370 1759 1397 in

972 1401 1081 1429 Niraeno
1107 1403 1227 1430 secundo
1248 1402 1362 1431 Michael
1394 1405 1542 1438 ἐπίσκοπος
1573 1401 1675 1438 Πάτρων
1703 1412 1760 1439 site

973 1443 1097 1470 Πάππων
1113 1443 1320 1486 ἱιιίθνΔΡίςίἀιιε,
1338 1453 1364 1479 p.
1383 1446 1435 1474 ’548
1449 1453 1474 1473 et
1489 1447 1552 1475 575.
1567 1448 1670 1485 Negligi
1694 1460 1757 1486 ergo

972 1492 986 1510 a
1000 1484 1176 1519 Geograpbizc
1190 1484 1281 1512 Sacra:
1302 1486 1441 1515 conditore
1460 1489 1528 1516 haud
1544 1484 1687 1520 debuerat.

1007 1525 1074 1553 Ibid.
1090 1526 1439 1563 Σινήθιινδος.Σινίανδο;,
1455 1535 1484 1557 ιιι
1497 1531 1611 1567 Cyrillus
1620 1534 1757 1563 Etytdvdou

971 1568 1086 1594 concilio
1110 1567 1293 1599 Chalcedon.,
1321 1577 1348 1602 p.
1379 1570 1444 1602 670,
1475 1577 1503 1599 el
1532 1573 1625 1601 Conon
1653 1575 1757 1608 πόλεως

970 1608 1106 1635 Σινιάνδου
1121 1609 1169 1644 τῆς
1189 1609 1305 1636 Πισιδῶν
1326 1611 1460 1647 ἐπαρχίας
1487 1613 1629 1642 Constant.
1651 1615 1756 1652 Tertio,

971 1658 996 1684 p.
1014 1649 1065 1676 676
1078 1651 1235 1677 ostendunt.

1006 1691 1072 1718 Ibid.
1092 1691 1259 1719 Λαοδίκεια.
1285 1691 1342 1719 Non
1372 1693 1452 1721 aliter
1467 1695 1580 1730 Strabo,
1603 1698 1621 1726 l.
1646 1708 1708 1734 ην,
1727 1710 1755 1737 p.

969 1733 1032 1761 665.
1051 1733 1102 1759 Alii
1122 1733 1283 1760 Λαοδίκειαν
1299 1735 1349 1769 τῆς
1375 1737 1498 1769 Πισιδίας
1519 1740 1634 1774 malunt,
1659 1748 1688 1768 ut
1704 1733 1756 1770 st")-

969 1779 1058 1802 crates
1083 1774 1120 1800 Η.
1189 1782 1228 1805 vr.
1252 1776 1279 1801 8.
1303 1774 1439 1804 Padadins
1458 1780 1525 1806 satis
1549 1782 1669 1810 oratorie
1688 1783 1754 1819 (Vi'.

969 1817 1166 1851 Chrysostomi,
1190 1817 1285 1860 p._78)
1306 1818 1500 1852 συγκλωςθεὶς,
1526 1822 1622 1858 inquit,
1642 1817 1755 1860 ’Λμίμως

968 1859 1017 1892 νίῳ
1044 1857 1081 1893 τῷ
1105 1858 1264 1888 Λαοδικείας
1294 1859 1343 1894 τῆς
1376 1862 1550 1898 κεκαυμένης
1578 1866 1754 1901 κεκαυμένην

967 1900 1095 1934 ἐποίησεν
1110 1899 1159 1935 τὴν
1172 1899 1328 1934 ἐκκλησίαν.
1353 1900 1440 1928 Causa
1458 1905 1625 1938 cognominis
1648 1899 1680 1934 cx
1703 1899 1753 1936 soli

968 1943 1084 1976 ingenio,
1102 1943 1174 1976 quod
1192 1942 1261 1975 ignis
1278 1943 1313 1969 ibi
1332 1945 1455 1978 qumdam
1479 1947 1556 1980 quasi
1573 1949 1753 1984 scaturigines

966 1989 1067 2016 essent,
1082 1988 1190 2018 sumpta
1202 1984 1316 2011 videtur.
1387 2009 1389 2011 .
1413 2019 1416 2023 Δ
1447 2013 1449 2015 _

1001 2025 1069 2052 Ibid.
1095 2025 1228 2059 Τινρὰῖον.
1247 2025 1359 2052 [lectum
1377 2031 1428 2054 est.
1444 2027 1617 2057 Theotecnus
1637 2030 1751 2068 Τιραῖον

966 2067 1141 2100 Chalcedon.,
1156 2075 1182 2102 p.
1201 2067 1251 2094 40l
1276 2073 1303 2095 et
1323 2068 1470 2103 Τυρασὶου,
1484 2078 1511 2105 p.
1532 2071 1584 2099 669
1595 2073 1751 2108 subscribit,

967 2108 1035 2135 male
1051 2109 1193 2143 utrobique
1209 2117 1216 2136 :
1233 2108 1311 2136 facile
1329 2114 1418 2136 tamen
1436 2112 1529 2140 videas
1545 2114 1616 2140 unde
1639 2122 1670 2142 ea
1696 2116 1752 2143 sint

966 2150 1126 2183 depravata.
1145 2149 1266 2177 Meminit
1290 2151 1408 2185 ejusdem
1434 2153 1459 2180 in
1489 2153 1602 2190 Phrygia
1617 2176 1624 2187 ,
1653 2157 1752 2186 ﬁnibus

965 2191 1025 2223 ejus
1048 2192 1154 2226 longius
1178 2191 1299 2226 prolatis,
1316 2191 1465 2227 Xenophon
1483 2195 1583 2230 Exped.
1595 2197 1659 2231 Cyr.
1677 2206 1702 2231 ι,
1723 2207 1749 2234 p.

966 2232 1028 2266 194,
1041 2234 1088 2261 sed
1109 2234 1237 2269 Τυριαῐον
1249 2234 1404 2268 appellans;
1419 2237 1489 2271 quod
1509 2238 1594 2272 ipsum
1607 2232 1750 2274 Straboni,

965 2275 987 2302 si
1004 2283 1069 2302 mss.
1086 2275 1175 2302 valeat
1187 2276 1344 2307 auctoritas.
1359 2286 1418 2304 cum
1429 2278 1532 2306 Ortelio
1548 2282 1747 2310 restituendum

964 2317 1026 2349 erit,
1047 2316 1065 2343 l.
1084 2324 1141 2348 XIV,
1166 2324 1191 2350 p.
1209 2317 1261 2344 665
1278 2327 1284 2345 z
1302 2319 1348 2360 Eni.
1365 2318 1392 2345 δὲ
1418 2319 1447 2345 τὸ
1469 2320 1537 2355 πρὸς
1559 2323 1591 2356 τῇ
1611 2323 1751 2360 Λυκαονίᾳ

964 2358 1052 2393 πέρας
1073 2358 1124 2392 τῆς
1148 2359 1304 2393 παρωρείου
1326 2359 1356 2386 τὸ
1379 2360 1507 2395 Τυριαῖον
1525 2362 1568 2388 διὰ
1588 2358 1749 2400 Φιλομηλίοξι

965 2399 1056 2434 μικρῷ
1071 2400 1181 2431 πλείους
1196 2401 1250 2426 τῶν
1270 2403 1464 2429 πεντακοσίων.
1482 2403 1526 2430 Sic.
1541 2405 1611 2432 enim
1629 2399 1748 2440 iliipunn

963 2441 1121 2476 Τυριάριον,
1136 2446 1165 2468 ut
1180 2441 1270 2475 vulgo,
1288 2450 1337 2469 nec
1351 2444 1505 2480 Τετράδιον,
1521 2447 1590 2481 quod
1606 2455 1638 2474 ex
1657 2448 1748 2477 Ptole-

964 2491 1032 2510 ma‘o
1055 2483 1203 2510 Palmcrius
1234 2484 1403 2517 advocabat,
1430 2487 1592 2522 probantes;
1626 2494 1655 2516 ut
1682 2492 1749 2517 adeo

963 2527 1034 2554 circa
1051 2525 1194 2561 Lycaonia:
1210 2531 1339 2553 montana
1360 2535 1411 2554 nou
1430 2530 1542 2556 multum
1559 2538 1573 2557 a
1590 2530 1749 2560 Philome'io

963 2567 1079 2602 positum
1095 2567 1194 2601 fuerit;
1212 2568 1282 2601 quod
1296 2574 1322 2595 et
1340 2568 1417 2595 Plinii
1434 2569 1579 2605 Tyrienscs
1596 2580 1621 2604 v,
1638 2573 1672 2600 27
1686 2574 1747 2600 Ph?-

963 2608 1164 2636 lomeliensibus
1181 2616 1260 2643 poene
1279 2610 1416 2644 eonjuncti
1441 2613 1563 2640 suadent.
1583 2612 1683 2641 Poterit
1701 2623 1749 2641 nu-

963 2655 1016 2678 tem
1031 2650 1167 2686 Tyriarum
1186 2658 1327 2677 numerum
1342 2652 1451 2679 urbium
1465 2652 1635 2689 (ἱεοῃναρΙιὶαι
1646 2655 1747 2690 Sacra',

961 2695 986 2721 in
1001 2701 1052 2727 qua
1068 2693 1140 2719 nulla
1156 2693 1213 2727 ejus
1230 2694 1341 2725 mentio,
1354 2700 1463 2729 augere.

995 2735 1061 2762 Ibid.
1091 2734 1345 2768 ‘Adptarovrrodtc.
1368 2734 1521 2764 Florentius
1552 2737 1742 2773 'Apravourré—

958 2778 1027 2809 λεως
1041 2776 1150 2804 Pisidiae
1162 2781 1205 2804 est
1225 2777 1251 2803 in
1274 2777 1439 2805 Chalcedon.
1457 2779 1583 2812 concilio,
1599 2789 1625 2815 p.
1642 2781 1704 2814 670,
1718 2787 1746 2809 ct

959 2821 1112 2848 Thalalzeus
1132 2818 1450 2854 Iladrianopolitanorum
1469 2820 1577 2849 Pisidiae
1598 2824 1744 2858 provincia:

957 2863 1053 2892 Collat.
1070 2862 1087 2889 8
1099 2862 1305 2896 Constantinop.
1320 2869 1386 2895 sec.,
1404 2869 1431 2897 p.
1445 2862 1508 2890 QII.

995 2906 1061 2934 lbid.
1078 2904 1271 2941 Φιλομήλιον.
1286 2904 1353 2933 Nota
1371 2905 1433 2933 urbs
1450 2913 1482 2933 cx
1497 2905 1630 2936 Strabone
1641 2912 1745 2937 cicon-
