1911 3071
106 160 182 195 I125

107 221 221 249 Videtur
237 226 291 248 non
306 219 361 248 alia
383 226 415 248 ac
429 218 556 255 Δύρζηλα
571 219 718 252 Ptolemaei,
740 218 759 245 Ζ
774 222 801 246 et
816 218 846 251 Δ,
863 222 893 244 ut

102 262 219 295 assolet,
231 262 404 296 permutatis.

139 304 200 332 Col.
214 303 273 330 I48.
286 303 443 336 Τιτυσσός.
455 301 556 329 Sanum
567 302 618 329 hoc
624 306 675 335 est,
685 302 766 329 ntetti
776 301 896 327 Τιτυασ-

105 346 154 372 σοῦ
171 346 270 372 veteris
285 344 394 371 Notitia:
414 345 484 371 male
504 343 601 371 Petrus
622 343 772 370 Τοιιασσοῦ
795 344 822 370 in
846 342 895 369 Ni-

101 395 183 414 ca-no
194 387 325 418 sectho,
341 394 367 420 p.
385 386 437 413 558
452 391 479 412 et
492 385 612 417 Τυασοῦ,
630 393 656 420 p.
672 386 717 416 55,
734 393 783 412 nec
798 384 895 411 melius

107 429 268 464 Stephanus
281 428 329 462 τῆς
345 427 476 454 Τυασὲων
490 427 594 458 πόλεως
608 427 658 461 τῆς
680 426 798 453 Πισιδῶν
810 426 897 460 ἐπαρ-

104 470 168 504 χίας
187 469 397 504 Conslantinop.
418 469 510 500 tertio,
535 476 561 502 p.
578 468 641 495 676.
655 475 796 502 perperam
814 468 895 494 etiam

104 510 258 541 Πιτυασσδς
275 510 449 537 Artemidore
462 509 532 544 apud
550 509 711 536 Strabonem
726 516 776 539 xtl.
788 515 816 543 p.
831 507 895 535 570.

141 551 207 579 Ibid.
238 551 314 578 Ὑπὸ
338 550 571 584 κανσουλάριον.
598 550 631 577 Ει
654 550 712 577 lucc
735 548 896 584 praesidialis

104 592 167 625 fuit,
194 592 232 620 uti
256 592 361 619 Nomia
376 592 441 626 imp.
467 592 571 618 Urient.
597 598 624 618 c.
640 598 647 619 I
665 595 691 618 et
715 590 824 618 Novella
844 597 896 617 xxv

103 635 245 660 docemur.
261 632 386 660 Meminit
401 632 509 666 quidem
526 631 686 659 Theodorus
702 631 851 659 Icouiensis
868 631 896 658 in

103 676 185 710 epist.
200 674 233 701 de
249 675 347 710 Cyrico
368 678 395 701 et
417 673 509 701 .Iulitta
526 678 592 700 tom.
614 672 648 700 III
663 672 730 705 Joh,
749 681 775 707 ιι.
790 672 825 700 26
846 671 898 700 Do-

103 716 210 743 mitiani
232 715 342 743 comitis
361 714 516 751 Lycaoniae,
532 714 652 750 κόμητος
672 714 836 746 Λυκαονίας,
850 714 895 748 qui

103 759 170 785 mihi
184 758 220 785 rei
242 757 367 785 militaris
391 764 438 791 per
455 756 617 792 Lycaoniam
639 763 730 784 centes
747 755 831 783 fuisse
854 755 896 782 vi-

101 800 186 827 (ΙιίιΙΓ
203 807 210 826 :
225 798 326 826 Notitia
355 806 416 826 eum
439 807 493 826 non
518 798 621 826 habet:
638 803 664 825 at
686 803 783 833 praeter
804 798 894 832 praesi-

103 842 165 868 dem
181 841 206 867 in
220 841 359 876 provincia
375 841 420 875 qui
436 848 491 868 rem
505 840 652 867 militarem
666 843 787 871 curaret,
802 839 895 872 fuisse,

108 881 221 909 Nat-etin
251 889 303 909 xxv
331 882 457 909 dubitare
479 886 564 909 vetat.
584 880 753 908 Justinianns
774 880 820 908 uni
844 879 897 915 Ly«

105 925 209 952 omnia:
227 925 337 959 praetori
353 923 523 952 Iustinianeo
545 929 573 952 et
590 930 645 952 rem
664 923 769 951 civilem
783 927 810 950 ct
826 923 897 950 mili-

107 973 194 994 tareun
216 966 367 995 mandavit.

143 1007 210 1034 Ibid.
234 1007 374 1035 Ἰκόνιον.
394 1007 539 1043 Lycaoniae
563 1006 647 1035 fuisse
671 1006 832 1041 metropolin
862 1014 897 1035 ex

106 1048 288 1082 Chalcedon.,
309 1057 336 1084 p.
353 1049 405 1078 670
422 1054 539 1078 constat.
556 1049 612 1077 Sita
627 1055 687 1077 erat
704 1049 731 1076 in
744 1048 896 1076 Pisidarum

106 1097 133 1118 ct
146 1090 282 1127 Pnrygum
300 1092 410 1124 Iinihus,
428 1099 479 1119 nec
496 1091 609 1118 multutn
633 1092 666 1118 ab
689 1091 809 1118 Orientis
824 1090 896 1118 dice-

107 1134 163 1158 cvsi
179 1140 268 1167 neque
292 1132 392 1159 Asiana
410 1132 560 1166 disparata.
578 1132 695 1159 Basilius
716 1132 898 1160 Seleuciensis

112 1173 167 1201 I'it.
186 1172 214 1200 S.
228 1174 336 1201 Thecla:
349 1181 369 1206 I,
387 1181 411 1207 p.
425 1173 480 1200 252
495 1182 502 1202 :
518 1173 593 1205 πόλις
605 1173 633 1199 δὲ
649 1172 718 1208 αὓτη
734 1173 896 1206 Λυκαονίας,

109 1216 209 1250 inquit,
226 1215 276 1250 τῆς
293 1216 342 1250 μὲν
355 1215 440 1250 Ἐῲας
447 1215 478 1242 οὺ
487 1215 555 1242 πολὺ
565 1215 714 1249 ἀπέχουσα,
722 1216 755 1249 τῇ
763 1214 791 1241 δὲ
807 1215 898 1241 ’Λσια-

109 1256 162 1282 νῶν
175 1256 276 1291 μᾶλλόν
289 1265 317 1283 τι
333 1256 557 1292 προσορμιζουσα
571 1277 578 1289 ,
592 1256 640 1283 καὶ
652 1255 701 1290 τῆς
718 1255 835 1282 Πισιδῶν
850 1254 898 1282 καὶ

108 1298 222 1333 Φρυγῶν
238 1298 331 1333 χώρας
345 1299 374 1325 ὲν
393 1297 529 1334 προοιμίῳ
551 1298 678 1333 κειμένη.
703 1297 823 1324 Colonia:
837 1304 897 1324 cam

109 1340 264 1374 dignatione
276 1339 440 1367 illuminavit
454 1339 520 1374 Imp.
536 1339 685 1370 Gallienus.
697 1338 720 1366 si
735 1338 801 1364 tides
814 1338 899 1364 raris-

111 1381 191 1413 simo,
217 1386 243 1408 ct
269 1380 385 1408 fortasse
413 1381 439 1408 in
465 1381 515 1408 hoc
543 1387 642 1416 genere
667 1379 747 1406 tmico
767 1378 899 1406 Thesauri

114 1423 239 1450 Wildiani
258 1431 349 1455 numo,
376 1422 455 1457 cujus
469 1422 516 1449 uni
533 1423 637 1457 paginae
650 1421 724 1448 IMP.
738 1421 769 1448 (ἒ.
785 1420 813 1447 P.
829 1419 897 1447 LIC.

111 1463 317 1492 GALLIENUS.
332 1463 363 1490 P.
380 1463 412 1490 Ρ.
435 1464 515 1491 alteri
538 1461 684 1491 ICONIEN.
701 1461 801 1490 COLO.
817 1460 846 1489 S.
863 1460 898 1489 Β.

112 1507 233 1542 inscripti
258 1511 332 1533 sunt.
352 1506 485 1533 Craterum
504 1506 602 1533 Basilio
620 1504 683 1532 illud
703 1503 754 1539 τῆς
769 1503 859 1540 χώρας
870 1504 900 1530 ἐν

112 1548 248 1583 προοιμίῳ
272 1546 416 1574 admodum
438 1546 572 1573 familiare
597 1551 639 1574 est
656 1553 739 1575 :nam
757 1550 784 1573 et
802 1544 898 1572 Seleu-

109 1591 179 1617 ciam
208 1588 263 1616 Vit.
292 1588 392 1616 Thecla:
408 1596 442 1620 —t,
471 1596 498 1624 p.
520 1588 573 1615 275
600 1589 647 1623 τῆς
667 1587 753 1623 Ἑῲας
775 1587 856 1622 ὁρίων
871 1587 899 1614 ὲν

111 1631 244 1667 προοιμίῳ
256 1631 369 1665 positam
378 1630 425 1664 ait,
436 1635 463 1657 ct
474 1637 502 1661 ιι,
515 1630 542 1657 11
555 1630 697 1665 προοίμιον
706 1630 754 1664 τῆς
763 1627 898 1664 ἀτραποῦ,

111 1679 137 1700 t'l
150 1681 174 1700 c.
194 1673 303 1707 ιινιιτῆς
317 1672 423 1708 ἡμέρας
436 1672 590 1707 προοίμιον,
601 1671 667 1706 quin
680 1674 707 1698 et
722 1675 794 1698 orat.
811 1677 897 1702 xxvn,

112 1722 137 1749 ι).
155 1715 205 1741 I50
226 1714 276 1749 τῆς
300 1714 385 1748 ὁρτῆς
402 1714 436 1740 τὰ
454 1714 585 1749 προοίμια
612 1712 697 1745 dixit;
724 1719 805 1746 quam
832 1718 898 1738 vero

114 1761 185 1783 recte
209 1761 290 1790 atque
314 1763 346 1782 ex
376 1763 426 1782 usu
455 1756 555 1782 veteris
583 1754 706 1785 Graeciaa,
730 1761 763 1781 ex
791 1753 900 1788 egregia

114 1796 309 1826 IIcinsterhusii
326 1796 412 1823 nostri
435 1798 467 1823 ad
482 1796 598 1823 Luciani
617 1795 758 1823 Somnium
775 1794 900 1822 animad-

113 1839 237 1866 versione
252 1845 411 1871 cognosces.

149 1880 216 1906 Ihid.
233 1880 367 1913 Λύστρα.
385 1878 457 1905 Luca
483 1878 539 1905 Act.
563 1878 595 1904 A.
610 1885 667 1910 xtv,
683 1876 711 1910 6,
733 1878 783 1910 τὰς
806 1878 900 1911 πόλεις

114 1917 264 1950 Δυκειονῖας
282 1920 410 1953 Λύστραν
432 1919 480 1946 καὶ
499 1919 620 1955 Δέρϐην,
638 1924 665 1947 et
681 1927 707 1947 v.
723 1919 753 1947 21
773 1928 781 1948 :
798 1925 826 1946 at
842 1927 867 1947 v.
883 1921 900 1948 8

113 1963 142 1988 ὲν
156 1964 299 1998 Λῦστροις·
327 1962 398 1989 unde
418 1961 453 1988 τὰ
472 1960 583 1997 Λύστρα
600 1965 627 1988 et
645 1960 770 1995 Λύστραν
788 1961 814 1988 in
837 1968 901 1996 pro-

114 2003 218 2030 IuIaCIIU
235 2011 282 2030 usu
301 2003 385 2030 fuisse
406 2002 531 2035 diceres,
547 2002 597 2029 nisi
616 2002 718 2037 passim
735 2002 781 2030 alii
801 2011 900 2031 nume-

113 2053 173 2072 rum
188 2045 316 2079 pluralem
335 2044 455 2071 mallent.
483 2043 513 2070 ὐ
528 2044 660 2079 Λύστρων
677 2044 760 2071 estin
777 2044 900 2078 pluribus

116 2086 234 2119 Nulitiis,
248 2086 448 2120 SIIbSClIbIleIIe
471 2085 706 2118 Chalcedonensi,
725 2093 751 2120 p.
774 2086 819 2114 99.
838 2086 900 2113 Plu-

115 2129 222 2155 tarchus
247 2128 387 2162 Λύστρων.
411 2127 556 2155 Ptolemaeo
578 2127 695 2163 Λύσιρα,
723 2128 749 2154 in
776 2127 900 2156 I’alatino

115 2177 160 2196 ms
176 2188 184 2201 ,
198 2177 245 2204 pro
256 2177 310 2202 quo
325 2170 416 2196 verius
433 2169 552 2203 scriptus
566 2168 748 2196 Coislinianus
759 2169 879 2205 Δύστριι.

148 2209 216 2237 ιι›ι.ι.
238 2211 375 2238 IIIIo-Usta.
393 2209 440 2237 Est
456 2210 535 2244 hujus
550 2210 647 2245 prtesul
671 2210 697 2237 in
720 2210 899 2244 Cltalcedon.,

115 2260 142 2287 p.
165 2252 216 2279 671
244 2252 383 2279 Arruntius
405 2252 509 2283 πόλεως
536 2252 680 2284 Μισοείας,
709 2257 736 2280 et
764 2253 900 2287 Longinus

115 2293 271 2322 Μιστιανῶν
289 2294 391 2324 πόλεως
416 2294 570 2326 Λυκαονίας
585 2295 610 2321 in
626 2293 831 2328 Constantinop.
849 2299 903 2321 ter-
920 2323 928 2336 ἱ

116 2338 163 2370 tio,
178 2344 204 2372 p.
219 2338 282 2364 670.
297 2335 477 2370 Theophanes
493 2335 658 2371 Clironogr.,
672 2343 699 2371 p.
714 2336 767 2364 520
781 2337 902 2364 Μισοίαν

116 2383 142 2406 et
171 2378 277 2405 Mistam
300 2378 456 2410 Itavennas,
480 2377 499 2404 Ι.
524 2385 555 2410 ιι,
582 2385 608 2404 c.
632 2377 665 2404 17
691 2377 822 2412 appellat,
848 2385 900 2405 non

117 2422 195 2455 longe
210 2420 322 2447 Vasadis
336 2419 456 2446 abfuisse
484 2419 597 2453 colligas
610 2426 643 2445 ex
656 2418 746 2446 Basilii
762 2418 796 2446 Μ.
821 2419 900 2453 epist.

117 2461 168 2488 “8
198 2461 244 2487 τὸν
260 2460 345 2496 ἀγρὸν
366 2461 480 2492 ἐκεῖνον,
493 2460 598 2492 scribit,
612 2459 658 2486 τὸν
674 2460 853 2495 ὑποκείμενον
868 2462 901 2496 τῇ

115 2501 261 2536 Mne-tsi},
289 2498 312 2535 ᾧ
343 2500 520 2536 ἐπεκηρύχθη
545 2502 559 2528 ὁ
590 2501 745 2536 ἄνθρωπος,
775 2502 902 2529 κέλευσον

116 2543 261 2574 causam;
272 2543 529 2578 ὕποτελεῖν.Α9ηιιιι
542 2542 617 2570 illum
642 2542 902 2578 Mestiwsubjeclum,

116 2585 158 2611 cui
169 2585 290 2611 addictus
306 2589 344 2611 est
359 2585 502 2617 Itomoille,
517 2583 629 2611 Vnsodis
644 2585 748 2612 subesse
764 2586 838 2619 jube.
857 2584 902 2613 Sic

117 2626 265 2654 Garnerius
280 2627 361 2654 vertit
382 2626 530 2660 ediditquc.
550 2626 700 2653 admonens
719 2627 859 2661 Μηστείαν
875 2628 901 2654 in

117 2667 169 2694 Jul.
185 2672 303 2702 quatuor
313 2675 374 2695 esse
390 2675 456 2695 mss.
468 2668 572 2695 Vasoda
588 2674 651 2694 vero
665 2670 691 2694 in
702 2668 903 2702 plerisque.Ve-

119 2715 188 2737 teres
200 2710 266 2737 editi
291 2710 404 2745 Mtatita,
424 2709 566 2737 Balsamon
593 2716 619 2736 ct
639 2709 760 2738 Zonaras
789 2716 854 2739 tom.
881 2710 902 2738 II

117 2751 254 2786 Beveregii
270 2751 386 2786 Canon.,
404 2759 432 2787 p.
453 2751 486 2778 66
517 2751 646 2787 Μισθείᾳ,
669 2753 740 2786 quod
756 2752 795 2779 vir
809 2755 906 2780 doctus

118 2801 310 2829 spcrnerenon
336 2794 483 2827 debuerat,
514 2797 606 2828 utpote
640 2793 728 2821 solum
753 2802 815 2821 cum
840 2802 904 2822 vero

118 2837 304 2864 consentiens.

155 2879 223 2908 Ibid.
238 2880 386 2916 Ἀμϐλαδα
402 2879 597 2915 Philostorgins
622 2879 656 2907 11.
675 2879 709 2910 Ε.
726 2887 752 2914 v,
773 2880 790 2907 2
807 2880 900 2909 urbem

537 162 731 196 COMMENT.
748 163 789 194 IN
806 163 1013 195 HIEROCLIS
1038 165 1309 197 SYNECDEMUM.

1669 164 1739 197 1126

947 219 1023 246 arido
1039 227 1071 247 ac
1083 220 1220 255 pestilenti
1234 219 1319 247 fuisse
1331 218 1400 251 solo,
1417 217 1519 246 incolas
1530 218 1644 246 barbaro
1657 226 1739 255 atque

946 261 981 286 ab
1008 260 1178 288 humanitate
1205 260 1373 288 alienissimo
1398 260 1507 295 ingenio
1529 260 1618 287 docet.
1641 261 1738 294 υνμιυε

946 301 1091 336 episcopus
1111 302 1216 334 πόλεως
1233 302 1392 337 ’Λμσλάδων
1406 302 1433 329 in
1449 301 1616 330 Chalcedon.
1633 310 1659 336 p.
1675 303 1738 336 675,

945 348 971 369 et
981 343 1125 371 Constant.
1137 345 1216 372 tertio
1228 352 1255 379 ι).
1267 343 1329 375 675,
1342 344 1389 371 sed
1401 351 1555 378 perperam,
1571 344 1739 378 Ἀμιὶάνδων

946 384 1050 417 πόλεως
1062 386 1197 421 ἐπαρχίας
1213 386 1377 418 Λυκαονίας.
1396 386 1537 421 Vulgatmn
1556 391 1654 421 prteter
1676 386 1739 413 Stc-

947 425 1063 459 phanuui
1085 432 1112 454 et
1128 427 1338 462 I’hilostorgium
1361 427 1498 456 Ptolemaei
1515 434 1581 454 mss.
1600 426 1738 454 Palatinus

946 467 1128 496 Coisiinianus
1151 473 1178 497 ct
1203 469 1379 503 Barberinus,
1402 469 1436 497 de
1461 476 1515 504 quo
1535 468 1567 496 L.
1595 468 1681 496 Holst.
1709 469 1735 496 in

947 508 1054 543 Str-plu,
1069 512 1198 545 probant.

981 550 1018 583 Ibi
1030 552 1048 577 i.
1067 551 1220 580 οὺάσαδα.
1234 552 1395 580 Ptolemaeus
1411 552 1541 579 Οὒὰσατα
1552 552 1623 587 quod
1639 559 1732 580 emcn-

946 592 1005 620 dari
1020 593 1121 620 drbere
1137 601 1169 621 ex
1194 602 1258 622 mss.
1280 594 1392 622 Coislin.
1413 595 1597 622 certissimum
1611 598 1662 622 est.
1682 593 1736 620 Ba-

946 635 1022 662 silius
1040 634 1074 662 Μ.
1103 635 1227 663 Οὐάσοδα
1243 636 1269 663 in
1288 643 1390 670 nupera
1404 636 1532 668 editione,
1550 636 1592 662 cui
1612 635 1674 662 hinc
1697 635 1737 662 fa-

947 675 1045 703 cillime
1060 681 1088 702 et
1103 684 1134 703 ex
1145 676 1291 709 Beveregio
1305 682 1371 704 tum.
1384 685 1413 708 Il,
1429 684 1455 711 ι).
1473 677 1516 708 66,
1533 677 1639 703 tametsi
1652 676 1737 711 pessif

947 724 989 743 mc
1002 716 1036 743 ibi
1050 717 1189 744 Balsamon
1202 724 1226 744 et
1238 717 1358 746 Zonaras
1368 719 1484 745 Μάσαδα
1499 718 1601 752 legunt,
1613 719 1736 745 succurri

947 762 1082 791 potuerat.
1092 757 1184 785 Conon
1194 760 1335 793 cpiscopus
1344 760 1447 791 πόλεως
1455 760 1593 786 ’Λασοὶδων
1604 759 1737 794 ἐπαρχίας

946 799 1103 831 Λυκαονίας
1118 800 1259 827 Constant.
1274 801 1353 828 tertio
1369 810 1396 836 p.
1414 802 1467 829 675
1484 807 1511 829 et
1526 801 1665 836 Olympius
1682 803 1737 828 Οὑ-

947 840 1035 866 σάδων
1046 841 1208 868 Chalcedon.
1219 849 1246 876 p.
1256 841 1308 868 674
1317 842 1528 877 suscripserunt,
1538 843 1736 877 maleuterquc.

982 887 1050 916 Ibid.
1067 888 1238 923 Οὐμὰναδα.
1263 889 1397 924 Ὁμόναδα
1417 894 1587 924 oportuerat,
1608 896 1637 918 ut
1669 891 1738 918 belle

947 930 998 958 Ch.
1016 929 1148 958 Cellarins
1165 929 1197 957 G.
1219 932 1252 958 A.
1275 939 1316 964 III,
1330 931 1357 964 4,
1381 939 1408 966 p.
1425 931 1488 964 205,
1508 932 1569 959 licet
1595 939 1737 967 operarum

947 977 1059 1007 peccato
1081 972 1214 1006 Ὀνόμαδα
1231 972 1295 1000 inibi
1313 972 1428 1008 legatur.
1442 972 1510 1000 Ilinc
1525 981 1590 1008 gens
1602 974 1738 1002 IIonu-na-

947 1013 1009 1040 dum
1027 1014 1097 1046 apud
1113 1013 1229 1041 Plinium
1245 1022 1271 1045 v,
1284 1013 1320 1041 27
1335 1019 1362 1040 et
1379 1014 1541 1042 Strabonem
1558 1023 1608 1048 xu,
1624 1024 1650 1049 p.
1671 1015 1735 1043 569.

948 1053 1015 1082 Hinc
1029 1054 1171 1090 Tyrannus
1187 1055 1343 1091 ὐμονὰδων
1354 1056 1379 1082 ἱιι
1392 1055 1557 1083 Chalcedon.
1571 1063 1597 1091 p.
1611 1056 1675 1088 ιοί),
1689 1057 1736 1091 qui

948 1103 1028 1131 prave
1040 1104 1066 1130 p.
1075 1096 1109 1124 99
1120 1097 1265 1130 Μαινάδων,
1274 1102 1299 1124 et
1310 1097 1384 1131 pejus
1398 1098 1424 1124 iu
1441 1096 1646 1132 Constantinop.
1659 1098 1738 1125 tertio

947 1145 974 1172 ιι.
1000 1137 1052 1166 675
1075 1138 1230 1165 Alexander
1260 1138 1365 1171 πόλεως
1396 1139 1560 1174 Σουμάνδων
1589 1139 1739 1175 provinciae

947 1177 1101 1214 Lycaonio.

982 1226 1048 1254 Ibid.
1071 1228 1218 1262 Ἰλιστρα.
1238 1227 1294 1256 IIoc
1316 1227 1342 1255 in
1363 1236 1428 1256 mss.
1444 1228 1527 1256 fuisse
1547 1236 1579 1255 cx
1599 1228 1686 1256 llolst.
1711 1228 1737 1254 in

948 1267 1042 1303 Ceogr.
1067 1270 1098 1297 S.
1122 1271 1246 1297 novimus
1266 1278 1273 1297 :
1293 1271 1358 1298 editi
1381 1278 1477 1298 otnnes
1496 1271 1611 1306 Λίστρα.
1633 1269 1738 1304 Oppido

948 1309 1092 1344 episcopus
1114 1309 1259 1345 Martyrins
1285 1311 1447 1346 Ἥλιστρων,
1473 1312 1518 1345 qui
1545 1311 1646 1337 rectius
1669 1317 1737 1337 mss.

954 1350 1091 1386 Ὶλίστρων
1107 1352 1235 1387 Ephesini
1251 1352 1357 1379 concilii
1371 1360 1396 1387 p.
1416 1352 1468 1379 554
1481 1357 1508 1379 ct
1524 1352 1669 1380 Onesimus
1684 1351 1736 1378 πό-

948 1394 1024 1426 λεως
1038 1393 1188 1427 Ἰλίστρων
1199 1394 1361 1421 Chalcedon.
1377 1403 1404 1428 ιι.
1423 1393 1475 1421 676
1492 1393 1552 1420 iuit.

983 1434 1050 1461 Ihid.
1070 1433 1220 1469 Λάρανδα.
1235 1438 1334 1462 Anton.
1351 1435 1417 1462 Itin.
1435 1442 1460 1469 p.
1473 1434 1523 1461 2H
1539 1434 1610 1461 vide.

983 1481 1049 1509 Ibid.
1065 1482 1178 1517 Δέρὸαι.
1199 1483 1298 1518 Δέρὸη,
1324 1487 1354 1510 ut
1376 1486 1434 1510 Act.
1457 1483 1488 1510 Α.
1510 1490 1535 1510 c.
1559 1490 1603 1509 xiv
1618 1487 1646 1509 et
1667 1482 1739 1517 apud

950 1523 1110 1551 Strabonem
1126 1532 1174 1556 ιιιι,
1194 1531 1218 1559 p.
1240 1524 1311 1557 569;
1327 1524 1372 1551 ubi
1389 1524 1416 1552 in
1434 1524 1542 1551 Isauriae
1563 1525 1682 1551 coniinio
1696 1524 1738 1552 lo-

949 1570 1037 1593 catur.

985 1614 1053 1642 Ibid.
1070 1613 1198 1648 Βαράτη.
1212 1613 1357 1641 Ptolema-o
1381 1613 1518 1649 Βάραττι,
1538 1613 1646 1641 Tabula:
1669 1613 1739 1641 Peu-

950 1657 1048 1692 tinger.
1068 1655 1103 1682 M.
1127 1655 1156 1682 1³.
1169 1656 1205 1684 50
1217 1655 1251 1682 ab
1264 1655 1356 1683 Iconio
1369 1655 1494 1682 Barathe.
1509 1655 1623 1683 Nomine
1639 1660 1740 1683 metro-

949 1698 1039 1731 polilse
1058 1697 1098 1724 sui
1112 1697 1306 1724 Constantinus
1320 1697 1369 1731 τῆς
1384 1697 1531 1731 Βαρατέων
1545 1697 1739 1731 μητροπόλεως

949 1740 998 1773 τῆς
1014 1739 1158 1766 Λυκαόνων
1173 1738 1307 1773 ἐπαρχίας
1326 1738 1530 1771 Constantinop.
1549 1738 1628 1764 tertio
1644 1745 1670 1772 p.
1684 1738 1738 1765 526

950 1779 1169 1808 subscribit.Noli
1181 1786 1271 1807 tamen
1281 1784 1375 1814 putare
1386 1779 1545 1813 metropolin
1555 1778 1738 1814 fuisse,quam

950 1822 1106 1856 dignitatem
1123 1821 1241 1848 librariis
1256 1821 1344 1853 debet,
1362 1821 1551 1854 intempestive
1565 1825 1593 1848 et
1605 1821 1671 1848 satis
1686 1821 1740 1848 iui-

949 1870 1002 1898 quc
1014 1870 1074 1890 eam
1090 1863 1180 1890 Iconio
1201 1862 1396 1890 auferentibus.
1412 1861 1495 1889 I‘aulo
1520 1862 1614 1897 itaque
1637 1862 1738 1890 rectius

950 1912 977 1939 p.
999 1904 1051 1931 675
1071 1904 1175 1936 πόλεως
1201 1903 1322 1939 Βαρίτης
1342 1903 1452 1931 dicitur.

987 1952 1054 1980 Ibid.
1072 1952 1152 1986 Ύδη.
1170 1952 1273 1979 Plinius
1295 1951 1436 1988 Lycaonia:
1459 1952 1552 1980 urbem
1570 1952 1597 1979 in
1617 1952 1737 1979 conﬂato

951 1994 1064 2022 Gal-atina
1079 1999 1159 2028 atque
1175 1994 1352 2028 Cappadocia;
1365 1993 1449 2019 fuisse
1463 1993 1481 2020 I.
1498 2000 1524 2024 ν,
1539 2000 1565 2020 c.
1582 1992 1617 2019 27
1631 1994 1736 2021 scribit.

951 2036 1037 2063 liuius
1052 2035 1155 2067 πόλεως
1169 2035 1254 2069 Ὕδης
1276 2040 1318 2062 est
1340 2036 1367 2062 in
1389 2034 1555 2062 Chalcedon.
1569 2043 1596 2070 p.
1616 2035 1668 2063 526
1691 2037 1737 2071 qui

950 2077 1031 2113 Σίδης
1052 2081 1180 2105 mendose
1194 2085 1219 2111 p.
1234 2076 1297 2103 400.

986 2125 1054 2153 Ibid.
1071 2125 1291 2159 ’1σαυρόπολις.
1319 2125 1462 2160 Lycaonia:
1486 2129 1590 2159 partem
1612 2125 1646 2152 ad
1667 2123 1736 2152 'I‘au-

951 2176 1010 2195 rum
1034 2167 1190 2203 Ἰσαυρικὴν
1204 2166 1301 2194 Strabo
1321 2175 1369 2198 xu.
1387 2175 1414 2202 p.
1432 2166 1485 2194 568
1505 2168 1584 2200 iacit;
1604 2175 1652 2194 nec
1666 2168 1736 2195 male

951 2218 1015 2245 ergo
1040 2209 1201 2244 Isauropolis
1232 2208 1294 2235 huic
1323 2209 1466 2243 provinciae
1491 2208 1736 2236 trihuitur.Aetius

957 2251 1171 2286 Ἰταυροπόλεως
1193 2250 1410 2278 Chalcedonensi
1434 2250 1519 2277 adfuit
1540 2258 1567 2285 p.
1591 2250 1655 2278 675.
1683 2250 1736 2278 Alii

952 2294 1043 2321 ‘sanra
1068 2293 1212 2327 appellant,
1235 2292 1379 2327 Ἰσαυρέων
1401 2292 1477 2318 πόλιν
1503 2291 1635 2320 Diodorus
1658 2299 1736 2326 xvm,

952 2344 979 2370 p.
1000 2335 1064 2367 605,
1081 2335 1116 2362 de
1136 2341 1188 2368 qua
1208 2333 1292 2361 Henr.
1306 2333 1426 2362 Valesius
1442 2335 1468 2361 in
1482 2334 1617 2362 Ammian.
1631 2341 1687 2367 xiv,
1706 2334 1734 2362 8.

953 2377 1048 2404 Fuisse
1071 2376 1166 2403 urbem
1193 2375 1345 2402 latrociniis
1367 2375 1493 2403 infamem
1513 2383 1592 2403 nemo
1612 2376 1735 2411 ignorat;

952 2423 1035 2453 atque
1050 2418 1120 2445 haud
1143 2417 1200 2444 scio
1219 2425 1252 2444 an
1274 2416 1457 2452 Lmstrygonia
1475 2417 1510 2444 sit
1530 2417 1621 2445 Basilii
1643 2417 1737 2444 Seleu-

952 2459 1053 2487 ciensis
1069 2458 1121 2485 Vit.
1135 2458 1166 2486 S.
1179 2458 1280 2485 Tltech
1292 2466 1321 2491 ιι,
1339 2458 1584 2491 12,scrleratorum
1597 2459 1736 2486 hominum

953 2505 1034 2535 atque
1048 2508 1082 2528 ex
1099 2505 1177 2534 rapto
1189 2499 1335 2526 viventium
1354 2500 1563 2535 receptaculum.
1581 2499 1655 2527 Situs
1667 2501 1737 2527 haud

955 2541 1025 2569 male
1040 2541 1168 2569 convenit
1182 2549 1189 2569 :
1205 2541 1271 2568 dicit
1290 2549 1351 2567 eam
1373 2542 1398 2567 in
1423 2541 1552 2569 Seleuciae
1574 2541 1738 2575 Isauria:que

953 2583 1037 2611 fuisse
1052 2582 1182 2615 continio,
1203 2583 1249 2610 sed
1264 2590 1358 2610 versus
1373 2590 1497 2610 occasum
1513 2584 1572 2618 ejus
1592 2584 1738 2618 provincia:

954 2627 1088 2662 totiusque
1099 2626 1228 2657 Orientis.
1243 2626 1383 2653 altissimis
1403 2626 1536 2653 montibus
1556 2626 1708 2661 impositam
1728 2634 1734 2652 :

953 2669 1128 2705 διακειμένην
1141 2669 1179 2700 ὡς
1189 2669 1256 2704 πρὸς
1265 2669 1383 2705 ἑσπέραν
1398 2669 1460 2696 καθ’
1478 2669 1552 2704 ἡμᾶς
1566 2678 1595 2696 τε
1609 2672 1655 2695 καὶ
1665 2669 1738 2704 σύμ-

953 2719 1043 2738 πασαι
1061 2709 1132 2745 ἑῴαν
1149 2710 1218 2745 γῆν,
1234 2709 1341 2741 πολλοῖς
1362 2709 1389 2736 δὲ
1421 2710 1467 2736 καὶ
1489 2710 1639 2742 ἰσονεφέσιν
1661 2709 1737 2744 ὄρεσι

953 2752 1160 2788 διειλημμένην.
1196 2751 1292 2779 Incolis
1307 2757 1389 2786 atque
1407 2752 1467 2779 urbi
1483 2759 1497 2778 ιι
1513 2751 1737 2786 Lmstrigonibus,

953 2795 1024 2829 quod
1047 2801 1141 2822 eorum
1159 2798 1261 2822 sectam
1281 2798 1363 2829 atque
1383 2794 1504 2822 instituta
1526 2794 1689 2829 probarent,
1712 2794 1738 2819 id

953 2843 1052 2864 nomen
1065 2836 1148 2864 venit.
1165 2836 1238 2864 Sane
1251 2835 1358 2863 Isauros
1373 2836 1463 2864 Basilii
1475 2841 1554 2863 aetate
1570 2837 1603 2862 ab
1617 2835 1738 2870 improba

955 2878 1091 2914 praedandi
1107 2878 1254 2913 cupiditate
1269 2877 1353 2906 fuisse
1366 2878 1589 2906 instructisﬁmos
1606 2885 1638 2906 cs
1651 2878 1738 2912 Cil'y‘
