1911 3071
162 153 232 186 1127

159 210 274 238 sostomi
287 208 420 244 epistolis,
440 206 646 240 Zosimo-otque
660 206 720 232 aliis
732 205 853 240 pluribus
866 206 957 240 cogni-

161 253 296 279 tissimum
315 255 368 277 est.

198 293 259 319 Col.
278 292 340 318 H8.
358 289 620 325 myrmllaudeani
633 289 804 319 Ptolemmus.
822 296 871 314 uec
887 296 955 316 con-

159 334 254 362 cilium
268 333 476 366 Cunstantinop.
490 332 616 366 primum,
629 336 657 357 ut
676 330 790 357 Carolus
803 337 817 356 a
831 330 860 357 S.
873 330 956 359 Paulo

167 375 280 405 monuit,
298 375 411 409 ignorat.

197 417 261 443 Ibid.
281 417 428 449 Σάσατρα.
444 415 586 442 Couscutit
601 414 714 445 Tabula.
731 423 790 449 qum
811 416 901 444 Iconio
915 414 951 442 Μ.

161 457 192 485 P.
207 458 243 484 Η
259 463 392 485 selnovet.
410 457 554 484 I’tolenuuo
570 456 696 486 Σαύατρα
707 477 715 488 ,
734 457 805 485 unde
824 458 850 485 in
871 457 954 485 Chal-

159 501 256 526 cedon.
279 507 305 533 p.
324 499 376 526 675
408 499 566 525 Eustathius
583 498 686 525 πόλεως
708 499 866 535 Σαυάτρων.
890 500 954 532 Quae

160 541 313 567 dim-rentia
335 549 365 567 ex
386 547 455 567 sono
468 545 520 571 est,
540 539 578 566 uti
595 540 621 566 in
638 540 758 566 Σαυαδία
776 545 803 567 et
821 541 952 573 Σαδαδια,

161 582 308 617 Καλαυρία
336 587 363 609 et
396 581 553 617 Καλαΰρία,
579 581 721 616 καλαύροψ
742 586 769 608 et
799 583 953 618 καλάόροψ,

161 623 366 657 inmunerisque
391 623 464 650 aliis.
490 623 617 649 Straboni
637 630 687 653 xtl,
712 630 737 657 p.
763 624 814 650 568
835 625 953 659 Σόατρα,

160 672 241 698 quam
257 665 379 691 eamdem
395 671 457 691 esse
473 667 547 691 recte
562 663 612 690 Cll.
630 662 763 690 Cellarius
778 664 810 691 G.
824 666 856 691 Α.
874 665 952 697 ιιι,4,

160 713 186 740 p.
207 705 262 732 205
279 705 479 732 animadvertit.

197 746 264 773 Ibid.
279 747 407 780 ΙΙτέρνα.
422 747 514 782 Πὲρτα
537 746 671 774 Ptolemaei
689 753 740 778 est.
765 746 843 780 cuius
856 747 953 782 prtesul

159 788 252 814 Cotton
279 788 383 819 πόλεως
404 787 516 822 Περσῶν
537 788 703 815 Chalcedon.
729 789 844 816 concilio
860 797 886 823 p.
901 787 953 815 67.5

165 831 202 862 (ιιι
219 830 245 855 in
259 829 343 855 veteri
357 828 491 860 versione,
504 835 585 862 quam
602 829 632 856 l..
648 829 814 856 llolsteinius
825 830 952 858 versavit.

160 870 316 905 I'ertorum)
349 870 519 904 subscripsit,
543 875 571 897 et
595 869 705 898 Niczcuo
729 871 849 898 secundo
873 878 900 905 ρ.
918 871 954 898 55

161 911 330 945 Epiphanius
347 911 471 945 ῐιέρτων.

196 951 263 978 Ibid.
281 951 392 985 κάρνα.
408 951 465 979 Ιιιιο
492 952 598 985 Κάννα,
612 956 641 979 ιιι
655 953 723 987 apud
739 953 914 980 Ptolemamm
927 957 954 980 ct

159 993 327 1021 Chalcedon.
345 993 442 1020 concil.
462 1001 488 1027 p.
507 993 560 1021 646
573 994 630 1026 ubi,
647 994 781 1028 Erigenius
793 993 951 1022 Caunorum

159 1042 226 1071 etp.
242 1035 294 1062 526
319 1035 424 1067 πόλεως
447 1036 562 1063 Κάννων
590 1043 688 1064 nomen
718 1036 789 1064 inter
811 1035 954 1071 Lycaoniae

165 1077 298 1113 pra'sules
312 1077 435 1104 ascribit.

201 1120 269 1146 Ibid.
303 1120 461 1153 Γλαύαμα.
497 1118 628 1154 Suspicor
657 1119 727 1146 hanc
755 1119 782 1147 in
812 1119 952 1146 Ptolcmzei

160 1161 303 1196 Δαύμανα,
325 1165 354 1187 ιιι
369 1169 420 1188 ms.
438 1161 577 1188 Palatinus
591 1161 709 1195 praefert.
722 1161 892 1188 abconditam
913 1161 954 1187 la-

163 1208 236 1235 tere;
254 1210 303 1229 nec
318 1202 388 1230 forte
401 1202 452 1229 alia
466 1203 589 1230 habenda
603 1207 645 1230 est
661 1201 832 1237 ’Υδειμειυτὸν
844 1202 951 1229 concilii

159 1243 323 1272 Chalcedon.
349 1251 376 1278 ι).
404 1244 474 1276 67ι;
493 1252 647 1279 quanquam
667 1251 721 1279 quo
744 1251 808 1271 vero
842 1244 953 1271 nomine

161 1287 254 1317 fuerit,
268 1293 380 1320 prorrus
396 1285 528 1320 ignoretur.
544 1285 651 1320 Ῥίγνον
669 1285 788 1312 nondum
806 1285 905 1312 inveni.

196 1327 265 1354 Ibid.
281 1327 313 1355 (Ξ.
338 1327 412 1354 Ὑπὸ
427 1327 660 1361 κονσουλιὶριον.
684 1327 800 1362 Phrygia
817 1326 952 1353 Salutaris

161 1369 267 1403 praesidi
293 1370 394 1403 paruit,
418 1376 471 1395 non
487 1369 638 1402 consulari,
656 1374 685 1396 ut
699 1377 731 1396 ex
757 1369 860 1396 Νοιὶιία
883 1368 951 1403 imp.

161 1411 263 1437 Uricm.
279 1418 304 1437 c.
318 1418 327 1437 ι
345 1415 513 1445 compertum
532 1411 674 1438 habemus.
691 1411 839 1438 Amaehius
856 1411 948 1446 ἄρχων

159 1452 209 1487 τῆς
219 1452 351 1488 ἐπαρχίας
368 1453 417 1488 τῆς
434 1452 566 1487 Φρυγίας,
579 1453 624 1487 qui
641 1452 703 1480 dein
720 1452 831 1487 ἡγεμὼν
853 1459 954 1487 pra-ses

160 1494 265 1521 iteratis
287 1495 407 1527 vicibus,
426 1498 469 1521 est
494 1495 563 1528 apud
582 1495 720 1522 Socratem
740 1494 775 1521 II.
789 1493 822 1521 E.
848 1503 887 1528 ιιι,
907 1493 952 1522 15.

161 1534 258 1562 Suidas
277 1543 332 1562 rem
344 1536 464 1562 eamdem
480 1535 600 1562 referens
617 1536 642 1562 in
660 1535 789 1570 Ἀμάχιος
805 1538 892 1569 parm
907 1543 953 1562 ur-

161 1576 202 1603 bis
214 1577 336 1612 Phrygite
348 1577 488 1611 prmsidem
504 1576 579 1608 facit,
595 1576 715 1612 ἄρχοντα
731 1577 833 1612 μικρᾶς
849 1577 953 1608 πόλεως

159 1619 292 1654 Φρυγίας,
311 1619 378 1645 satis
395 1618 520 1652 imperite
537 1619 680 1652 exscriptis
702 1618 799 1645 Malchi
820 1624 868 1646 aut
883 1619 952 1646 alius

160 1661 280 1687 auctoris
303 1659 406 1686 verbis.
436 1658 565 1693 Suspicor
594 1659 765 1694 scriptorem,
797 1660 953 1696 quicunque

160 1701 252 1733 fuerit,
268 1701 319 1736 τῆς
344 1701 446 1736 μικρᾶς
459 1701 580 1736 Φρυγίας
596 1701 715 1732 dedisse,
735 1701 826 1736 idque,
843 1709 904 1728 cum
924 1702 951 1728 in

162 1750 243 1777 parva
260 1743 326 1770 urbe
338 1742 412 1770 Mero
427 1749 471 1769 res
486 1742 566 1769 fuerit
585 1747 657 1775 acta,
675 1742 779 1774 πόλεως
800 1743 891 1770 addito
905 1750 952 1769 vo-

161 1784 258 1811 cabulo
267 1787 386 1811 anitum.
397 1783 511 1810 Parvam
523 1787 612 1810 autem
625 1783 775 1818 Phrygiam
787 1784 856 1811 hanc
867 1784 952 1811 fuisse

160 1826 259 1852 dictam
276 1832 309 1851 ex
327 1824 465 1860 Stephano
482 1825 509 1852 in
526 1824 671 1860 Εὑκαρπία
685 1829 801 1852 constat.

196 1866 264 1894 Ibid.
280 1867 447 1900 Et‘mapzzla.
470 1866 556 1901 Pagus
577 1866 628 1893 fuit
652 1865 793 1902 Phrygiae,
818 1866 851 1893 ab
869 1866 952 1893 ubere

160 1907 267 1943 frugum
284 1907 392 1942 vinique
414 1911 545 1942 proventu
569 1907 595 1934 id
613 1906 730 1934 nominis
752 1907 875 1938 sortitus,
893 1907 950 1934 Me-

160 1950 302 1983 trophane,
326 1957 405 1984 quem
430 1948 528 1977 Suidas
552 1949 684 1984 Eucarpia
699 1956 789 1976 ortum
816 1949 949 1981 aﬂirmat.

159 1992 230 2026 apud
245 1991 412 2025 Stephanum
435 1997 563 2019 auctore.
584 1992 660 2024 Quod
684 1999 748 2019 vero
773 1992 861 2026 primo
890 1993 950 2020 loco

160 2035 280 2067 ponitur,
296 2034 321 2061 id
337 2033 496 2068 metropolin
514 2033 597 2061 fuisse
619 2033 739 2069 Phrygia:
754 2033 896 2068 Salutaris,
910 2034 948 2061 uti

159 2075 190 2103 L.
209 2075 374 2103 lIolsteinius
389 2075 415 2102 in
433 2074 582 2110 Geagmp/I.
598 2075 627 2102 S.
645 2080 778 2108 autumat,
791 2079 949 2110 argumento

160 2126 212 2144 non
227 2121 268 2144 est
284 2126 291 2144 :
306 2124 367 2144 nam
385 2121 413 2144 et
433 2117 486 2144 alia
509 2122 572 2143 sunt
592 2117 618 2143 in
638 2117 805 2152 Synecdcmo
826 2117 948 2151 exempla

160 2158 276 2190 urbium,
290 2159 336 2193 qui
353 2158 502 2193 principem
518 2158 607 2186 locmn
631 2158 657 2185 iu
676 2158 799 2192 catalogo
815 2163 949 2192 orcnpant

160 2208 212 2228 nec
226 2200 392 2234 metropolcs
409 2199 534 2231 fuerunt;
553 2205 579 2226 et
595 2200 778 2234 Synecdcmos
791 2199 877 2226 civilis
895 2205 947 2233 est,

160 2249 248 2276 neque
266 2240 299 2268 ad
315 2241 478 2276 metropoles
492 2248 598 2275 semper
613 2241 736 2268 attendit.
753 2241 878 2276 Synnada
889 2249 949 2276 pro-

159 2285 256 2313 vinciae
272 2290 353 2319 caput
371 2285 454 2312 fuisse
473 2291 523 2311 suo
541 2284 601 2310 loco
617 2284 734 2311 dicetur.

196 2326 264 2354 Ibid.
286 2326 454 2360 ἰεράπολις
467 2325 600 2352 celebri-tn
617 2325 667 2352 hoc
682 2325 792 2352 nomine
806 2326 898 2352 urbem
921 2325 947 2352 in

160 2367 305 2395 Paratiana
321 2367 455 2399 vidimus;
471 2367 630 2401 dieeresque
645 2375 676 2394 ex
700 2374 730 2394 ea
751 2367 887 2401 provincia
913 2368 948 2394 Ii-

160 2411 282 2438 brarium
298 2410 422 2438 socordia
435 2411 460 2436 in
475 2409 628 2437 Salutarem
641 2409 783 2444 Phrygiam
803 2410 946 2445 migrasse,

160 2453 212 2480 nisi
225 2452 368 2480 concilium
380 2452 517 2479 Nicznum
534 2452 681 2478 secundum
697 2451 811 2478 IIicrocli
825 2451 947 2485 adstipu.

160 2495 263 2522 laretur
279 2504 286 2522 :
303 2503 364 2522 eum
389 2494 462 2521 enim
487 2501 514 2529 p.
540 2493 593 2520 546
615 2492 741 2520 Nirolaus
774 2492 947 2527 Iliempoleos

160 2537 313 2564 Pacatiana:
331 2536 549 2571 subscripsisset,
569 2543 664 2561 nomen
684 2542 762 2562 suum
781 2533 852 2562 inter
868 2534 948 2561 Salu-

160 2579 225 2606 taris
238 2578 360 2613 Phrygia:
374 2578 501 2613 przesules
520 2584 547 2610 p.
564 2576 616 2603 567
631 2575 745 2602 Michael
770 2575 947 2610 Ίεραπόλεως

159 2620 318 2655 proﬁtetur;
335 2623 362 2647 et
381 2626 414 2646 ne
429 2620 462 2646 de
476 2618 542 2645 vitio
558 2618 671 2652 cogites,
685 2624 711 2652 p.
725 2616 776 2644 597
789 2621 870 2651 atque
881 2616 945 2643 alibi

158 2663 281 2690 eumdem
299 2661 428 2696 reperies.
439 2660 529 2695 Itaque
543 2659 610 2686 duas
622 2658 753 2693 I‘Itrygim,
768 2658 880 2685 alteram
896 2659 946 2685 Pa-

158 2707 270 2732 catiana:
281 2704 394 2731 alteram
410 2703 560 2733 Salutaris.
579 2701 741 2736 Ilierapoles
755 2708 945 2736 agnoscamus,

157 2752 184 2774 et
201 2748 250 2774 hac
267 2746 361 2781 Geogr.
378 2745 408 2774 S.
425 2751 564 2773 ornemus.

195 2789 263 2816 Ibid.
283 2789 439 2823 Ὄστρους.
466 2788 576 2822 Ὄτρος,
588 2785 665 2820 cujus
682 2785 824 2820 episcopus
841 2785 944 2817 πόλεως

159 2830 260 2865 ὐτρου
287 2831 315 2858 in
330 2831 495 2858 Chalcedon.
519 2837 545 2863 p.
562 2829 626 2860 673.
652 2829 678 2855 in
699 2827 807 2855 Niceno
825 2828 944 2855 secundo

159 2871 206 2898 τοῦ
223 2871 321 2908 Θρόνου
339 2871 458 2906 Ὀστρνιυ
472 2878 500 2905 p.
519 2871 571 2898 558
593 2870 702 2898 dicitur.
723 2869 881 2897 Plutarchus
892 2870 941 2901 τὰς

688 148 878 180 ADDENDA.
894 159 930 167 ·-
944 148 977 179 1³.
996 148 1251 180 WESSELINGII

1734 150 1810 184 1128

1007 204 1157 240 λεγομένας
1176 206 1206 233 ἐν
1217 206 1323 242 Φρυγίᾳ
1344 205 1459 242 Ὀτρύας
1474 206 1500 234 ἰιι
1512 206 1624 235 Lucullo
1638 215 1666 244 p.
1680 208 1735 237 497
1755 217 1797 245 ap

1006 249 1107 282 pellare
1125 249 1240 276 videtur.

1043 289 1108 316 Ibid.
1130 291 1300 324 zsxn'pwr.
1321 291 1388 320 Iloe.
1404 296 1497 326 utpote
1510 293 1635 327 proxime
1648 294 1681 321 ad
1698 294 1807 321 Στεκτ-

1005 331 1092 366 όριον,
1104 339 1159 366 quo
1172 340 1237 359 vero
1253 333 1362 360 nomine
1375 333 1436 365 fuit,
1451 335 1598 366 accedens,
1614 342 1629 362 e
1644 343 1711 364 mss.
1727 337 1806 363 arri-

1006 374 1124 406 puimus.
1142 373 1289 401 Ptolemaeo
1310 370 1388 409 vulgo
1409 369 1576 410 Ίστράριον,
1596 376 1644 403 sed
1666 383 1744 404 vetus
1761 379 1806 405 in-

1007 419 1112 448 terpres
1127 414 1290 442 Stectorium
1311 416 1388 450 legit.
1400 418 1471 450 quod
1486 422 1513 444 et
1529 425 1594 445 mss.
1611 418 1802 446 Coislinianus

1006 457 1034 480 et
1053 453 1228 486 Barberinns,
1243 455 1276 482 de
1291 463 1346 490 quo
1358 456 1526 483 Holsleinius
1538 457 1571 483 ad
1587 456 1743 492 Gcograph.
1758 460 1802 489 ὃ..

1006 496 1162 530 ρι’ωῐθηιιιι.
1178 496 1296 524 Joannes
1314 499 1456 533 presbyter
1467 498 1514 524 τοῦ
1527 498 1621 532 θρόνου
1643 499 1802 533 Ἐκτορείου

1005 536 1114 564 Νίσαιηο
1132 539 1253 565 secundo
1268 545 1295 574 p.
1316 538 1368 565 557
1383 547 1481 567 nomen
1502 539 1640 574 ascripsit,
1663 546 1688 567 et
1715 548 1740 575 p.
1765 542 1802 568 55

1012 578 1160 614 Ἔκτορίου.

1042 620 1108 648 Ibid.
1134 621 1279 655 Βρούξος.
1299 620 1398 649 Verum
1417 626 1461 649 est
1484 621 1612 656 Βρούξος,
1631 623 1704 650 unde
1723 625 1799 650 numi

1005 661 1168 696 Βρηυζηνῶν
1181 667 1207 690 et
1221 663 1384 698 Βρθυζίνων,
1397 667 1426 691 ιιι
1439 664 1464 690 in
1479 662 1554 690 Tim.
1568 663 1673 691 Britan.
1689 669 1756 691 tom.
1767 673 1798 696 ιι.

1005 710 1031 735 p.
1048 703 1110 735 25‘,
1126 703 1160 730 de
1177 705 1276 738 quibus
1294 706 1401 740 egregie
1421 705 1574 731 IIarduinns
1589 706 1614 732 in
1631 705 1710 732 Num.
1734 707 1797 734 urb.

1005 744 1135 771 illustrat.
1159 745 1336 778 Ptolemteus,
1357 747 1400 774 eui
1431 747 1562 782 Δροῡζην,
1588 748 1651 775 hinc
1663 748 1798 775 auxilium

1000 785 1113 820 .accipil.

1041 825 1108 853 Ibid.
1136 827 1256 862 Κλῆρος
1282 829 1413 862 Ὄρινης.
1440 828 1511 864 Lege
1534 830 1652 864 ὀρεινῆς.
1680 830 1796 866 lntelligi

1004 869 1086 895 credo
1104 868 1248 905 Phrygiam
1263 869 1419 898 Paroreiam
1435 872 1492 898 sive
1509 877 1677 903 montanam.
1694 873 1727 898 de
1739 880 1796 906 qua

1005 909 1103 937 Strabo
1117 919 1165 943 ιιι⁹
1180 919 1206 945 p.
1223 911 1274 938 577
1288 920 1295 938 :
1307 913 1324 947 ἡ
1342 913 1391 947 μὲν
1402 912 1448 939 οὖν
1463 914 1593 948 παρωρία
1609 914 1717 948 ὀρεινήν
1732 922 1797 940 τινα

1003 952 1060 985 ἔχει
1087 953 1178 986 ρᾶχιν,
1206 953 1261 979 ἀπὸ
1287 954 1336 988 τῆς
1366 953 1501 987 ἀνατολῆς
1526 955 1718 989 ἐκτεινομένην
1747 956 1797 982 ἐπὶ

1004 993 1092 1019 δύσιν.
1122 993 1229 1028 κλῆρος
1249 994 1350 1021 dicitur
1369 995 1483 1022 solemni
1512 1003 1596 1025 nrore.
1614 1004 1667 1029 quo
1688 1004 1738 1024 vox
1761 999 1796 1024 de

1003 1035 1074 1066 agris
1086 1040 1159 1062 sorte
1175 1035 1271 1062 divisis
1280 1040 1309 1062 et
1326 1035 1389 1062 dein
1403 1037 1435 1063 de
1446 1036 1506 1063 aliis
1520 1037 1660 1071 quibusvis
1675 1045 1796 1072 usurpa-

1005 1080 1058 1102 tur.
1079 1075 1144 1103 Vide
1164 1076 1206 1103 Cl.
1231 1075 1365 1104 Dukerum
1385 1077 1412 1104 in
1437 1077 1613 1112 Thucydidem
1636 1085 1682 1111 tn,
1702 1079 1748 1111 50,
1767 1085 1796 1106 et

1004 1124 1073 1151 quos
1089 1117 1133 1145 ille
1145 1118 1299 1152 appellavit.

1040 1159 1107 1186 Ibid.
1127 1159 1246 1194 κλῆρος
1260 1159 1433 1193 Πολιτικῆς.
1456 1159 1502 1188 Sic
1523 1168 1590 1188 mss.
1615 1161 1706 1193 edere,
1729 1161 1796 1188 IIui-

1003 1201 1103 1228 stcinio
1127 1202 1307 1232 aceredirnus.
1328 1203 1378 1229 etsi
1399 1210 1460 1236 quae
1477 1203 1600 1238 Phrygia:
1625 1211 1689 1238 pars
1704 1204 1751 1234 sit,
1767 1205 1794 1230 in

1003 1243 1119 1269 obscuro
1133 1247 1252 1270 maneat.
1270 1243 1298 1270 Si
1314 1244 1479 1278 coniecturis
1495 1244 1521 1271 in
1542 1253 1570 1272 re
1586 1246 1685 1272 incerta
1703 1245 1794 1272 indul-

1003 1292 1068 1318 gere
1083 1285 1172 1315 lic-cat,
1189 1285 1302 1312 dixerim
1320 1293 1366 1312 cos
1383 1285 1506 1320 Phrygias
1523 1294 1603 1321 agros
1626 1287 1728 1322 signari
1746 1287 1794 1321 (ιιί

1003 1326 1064 1352 usui
1080 1326 1187 1360 publico
1202 1327 1356 1361 reipublicae
1372 1328 1536 1358 servit-bant,
1548 1333 1628 1361 atque
1641 1335 1688 1355 ens
1697 1328 1724 1355 in
1739 1330 1797 1363 pr3~

1003 1367 1056 1394 mis
1076 1369 1101 1394 in
1123 1368 1220 1402 quibus
1242 1376 1336 1402 greges
1352 1369 1501 1395 dominieos
1519 1371 1675 1402 pascebant.
1695 1370 1795 1398 Fuisse

1004 1409 1030 1435 in
1055 1408 1170 1443 Phrygia
1201 1409 1379 1443 imperatores
1405 1409 1611 1437 Valentinianus
1640 1415 1668 1437 et
1697 1410 1795 1438 Valens

1005 1450 1082 1482 Ι.κιιι,
1104 1458 1130 1477 c.
1149 1450 1200 1477 Tit.
1221 1452 1254 1477 de
1278 1450 1442 1478 I’ra-toribns
1467 1452 1653 1484 testabantur;
1672 1457 1743 1479 talos
1761 1454 1794 1478 de

1004 1491 1138 1526 Pluyg-a3,
1157 1492 1244 1524 aiunt,
1272 1493 1390 1527 gregibus
1409 1493 1443 1519 ‘20
1460 1498 1574 1527 quatuor
1597 1501 1686 1528 equas,
1698 1494 1793 1528 subju-

1003 1534 1103 1567 gandos
1119 1535 1267 1568 quadrigis,
1286 1535 1333 1560 hoc
1348 1538 1396 1565 (sl,
1409 1534 1487 1560 simul
1503 1539 1571 1566 orto,
1583 1535 1684 1562 duobus
1702 1536 1793 1561 niaxi-

1004 1582 1106 1600 marnm
1122 1574 1268 1601 editionum
1283 1576 1441 1609 purioribus
1461 1575 1522 1601 dari
1541 1576 1684 1602 sancimus.
1702 1576 1792 1603 Simili

1004 1615 1120 1644 fortasse
1132 1623 1163 1643 ex
1182 1624 1263 1643 causa
1296 1617 1371 1652 regio
1384 1618 1560 1651 Aphrodisias
1575 1623 1653 1644 antea
1679 1617 1794 1646 Pniitire

1003 1657 1090 1692 Orgas
1105 1657 1155 1684 fuit
1175 1658 1308 1692 appellata
1331 1659 1398 1693 apud
1415 1659 1530 1686 I’Iinium
1548 1659 1584 1686 Ν.
1600 1660 1634 1686 ΙΙ.
1651 1668 1676 1692 v,
1693 1661 1737 1687 50.
1755 1660 1793 1688 De

1004 1697 1147 1726 Debalacia
1175 1699 1242 1726 nihil
1270 1700 1356 1727 habeo
1382 1707 1509 1733 monere,
1534 1705 1627 1736 utpote
1656 1709 1792 1736 nusquam

1003 1740 1083 1768 lecta.

1016 1797 1019 1799 -
1038 1781 1105 1808 Ibid.
1130 1781 1257 1814 Λυσίας.
1278 1782 1345 1810 Nota
1365 1790 1380 1810 e
1402 1782 1534 1811 Strabone
1554 1783 1641 1811 Plinio
1654 1789 1681 1811 et
1694 1784 1793 1811 I'tole-

1002 1830 1070 1850 mmo
1091 1823 1166 1855 urbs,
1186 1823 1265 1857 cujus
1289 1824 1363 1850 numi
1384 1825 1542 1851 Λυσιαδέων
1566 1833 1662 1852 nmuen
1691 1826 1792 1859 pra-fe.-

1003 1870 1076 1892 ruut.
1095 1864 1234 1899 Philippus
1248 1865 1370 1899 Lysiadis
1389 1871 1432 1893 est
1455 1867 1481 1893 in
1503 1867 1631 1894 Cttalcetl.
1648 1876 1675 1902 p.
1689 1868 1752 1895 GL6.

1038 1905 1104 1934 Ibid.
1120 1907 1270 1939 Σύνναδα,
1287 1907 1361 1934 Ilane
1381 1908 1525 1942 provincia:
1545 1910 1704 1944 metropoli»
1724 1918 1792 1937 eon-

1001 1948 1092 1975 cilium
1112 1949 1323 1976 Cliacedonense
1343 1956 1368 1984 p.
1393 1950 1445 1975 675
1462 1951 1592 1984 imponit;
1615 1954 1684 1977 mute
1701 1951 1791 1986 Syno-

1000 1989 1095 2017 dorum
1109 1991 1290 2025 metropolita,
1303 1998 1466 2025 quamquam
1481 2000 1533 2019 non
1545 1993 1603 2019 sine
1618 1993 1681 2020 vitio
1691 1993 1710 2020 Ι.
1724 2001 1790 2021 ntv

1001 2032 1071 2059 Ηίιι.
1089 2031 1199 2059 Μὶιτιίι.
1218 2031 1319 2059 Tabula
1341 2032 1375 2059 52
1399 2032 1433 2059 Μ.
1459 2033 1489 2060 P.
1513 2033 1639 2062 Doeimeo
1655 2042 1790 2063 semovet.

1003 2072 1068 2101 Vide
1084 2072 1172 2100 Vales.
1190 2073 1216 2100 in
1232 2073 1337 2100 Socrat.
1354 2072 1390 2100 II.
1405 2073 1430 2100 E
1449 2081 1507 2107 .vn,
1524 2075 1551 2102 5.

1037 2115 1103 2142 Ibid.
1117 2115 1308 2149 Πρύμνησος.
1325 2115 1481 2150 Prynmcsia
1497 2115 1640 2144 Ptolemaeo
1660 2122 1687 2144 et
1705 2117 1792 2146 Chal-

1001 2157 1060 2185 ced.
1083 2157 1180 2184 concil.
1202 2165 1228 2190 p.
1242 2156 1306 2184 673.
1325 2156 1408 2190 Vulgo
1424 2158 1531 2192 quidem
1552 2158 1733 2194 Πρυμνιάσση
1750 2161 1788 2187 ibi

1000 2198 1162 2233 appellatur,
1180 2199 1227 2225 sed
1252 2206 1343 2225 Vt'l'lltll
1367 2199 1480 2225 Latinus
1500 2199 1631 2233 interpres
1657 2203 1788 2234 servavit,

1000 2246 1027 2268 et
1045 2241 1252 2274 Constantinop.
1276 2241 1382 2268 tertium
1403 2249 1428 2274 ιι,
1450 2241 1512 2269 675.

1034 2282 1103 2309 Ihid.
1120 2283 1218 2316 'w-oc.
1244 2281 1341 2309 Urbem
1359 2283 1523 2315 nobilitavit,
1541 2285 1611 2317 quod
1631 2293 1712 2319 prope
1726 2293 1788 2312 eam

1000 2324 1181 2359 depugnatum
1205 2328 1257 2355 est,
1282 2325 1456 2351 memorabile
1478 2325 1610 2359 pra'lium,
1632 2334 1686 2360 quo
1708 2328 1788 2353 Anti-

1000 2374 1086 2401 gonus
1106 2374 1121 2392 a
1137 2366 1287 2399 coujuratis
1302 2366 1413 2393 ducibus
1430 2367 1516 2393 vietus
1534 2372 1614 2401 atque
1628 2368 1788 2396 interfectus

1000 2413 1042 2435 est
1064 2408 1133 2442 apud
1157 2408 1328 2434 Plutarchum
1359 2408 1384 2434 in
1421 2408 1525 2442 Pyrrho
1559 2417 1584 2444 p.
1611 2410 1674 2437 58L
1699 2411 1788 2446 ’Λψης

1001 2456 1140 2484 perperam
1163 2447 1272 2476 Niczeno
1287 2449 1406 2476 secundo
1422 2458 1448 2484 p.
1466 2450 1526 2477 I6I.

1035 2491 1099 2517 Ibid.
1113 2490 1299 2524 Πολύγωτος.
1311 2489 1461 2522 Πολύὸοτος
1471 2495 1638 2525 oportuerat.
1653 2491 1788 2528 Georgius

1000 2532 1140 2567 presbyter
1157 2531 1260 2562 πόλεως
1278 2531 1432 2558 Πολυῦάτου
1446 2537 1487 2559 est
1502 2532 1528 2558 in
1542 2531 1649 2560 Nicamo
1666 2536 1788 2560 secundo

1000 2582 1025 2608 p.
1043 2573 1105 2603 558,
1121 2573 1183 2600 hinc
1197 2572 1376 2608 reﬁngendus.
1397 2573 1464 2601 Vide
1483 2574 1626 2602 Cellarium
1645 2575 1678 2603 G.
1693 2576 1724 2603 A.
1743 2584 1784 2609 ιιι,

998 2615 1026 2647 ι,
1045 2622 1070 2649 ρ.
1093 2614 1152 2642 ws.

1034 2656 1101 2683 Ibid.
1117 2655 1264 2689 Δοκῖμιον.
1279 2655 1387 2683 Addunt
1402 2656 1621 2686 Srhelstratenus
1640 2658 1785 2692 etliandn-

999 2699 1055 2726 rius
1078 2698 1269 2733 μητροπόλεως
1295 2697 1415 2730 titulum;
1437 2706 1492 2732 quo
1515 2703 1640 2726 ornatum
1665 2708 1784 2734 unquam

997 2741 1082 2769 fuisse
1101 2741 1227 2774 exiguum
1248 2740 1375 2774 oppidum
1397 2745 1425 2767 et
1442 2740 1501 2768 solo
1530 2749 1665 2769 marmore
1695 2743 1785 2769 nobile

999 2783 1068 2810 haud
1082 2786 1198 2809 constat.
1217 2781 1312 2808 Verius
1334 2787 1413 2808 suum
1432 2781 1484 2808 sibi
1506 2781 1593 2809 locum
1608 2783 1785 2818 Μητρόπολις

997 2827 1024 2853 in
1048 2825 1170 2860 principe
1188 2824 1307 2852 editione
1321 2823 1464 2858 occupavit
1480 2833 1486 2851 :
1505 2824 1582 2852 binas
1594 2825 1666 2852 enim
1685 2832 1717 2852 eo
1736 2833 1785 2851 no-

998 2869 1071 2897 mine
1094 2869 1120 2896 in
1146 2866 1260 2902 Phrygia
1283 2865 1367 2894 fuisse
1385 2873 1400 2894 c
1421 2865 1557 2902 Stephano
1580 2867 1703 2897 novimus
1715 2875 1771 2902 quo
