1911 3071
115 178 188 211 1129

116 244 179 263 rum
200 234 315 262 fortasse
332 233 388 261 haec
404 233 473 269 apud
495 235 653 261 Athenarum
676 234 693 261 l.
717 241 782 266 xui,
804 241 831 268 p.
856 233 907 260 571

115 277 208 304 obvia.
222 276 378 311 Δοκῐμειον,
395 280 425 302 ιιι
440 283 472 302 eo
488 275 639 307 redeamus,
659 274 810 310 Stephano,
826 275 907 300 Δοκί-

117 326 211 353 μαιον,
247 325 301 345 non
325 318 384 345 sine
405 325 509 349 errore,
526 317 679 349 l‘tolemaro,
700 317 815 352 Δοκιμὶα
827 315 909 350 κώμη

116 359 247 387 Straboni
271 360 292 387 I.
309 367 355 393 xu,
381 367 407 394 p.
429 359 492 386 577.
514 359 653 394 Δοκίμιον,
678 358 759 393 plane
788 362 817 385 ut
844 357 907 389 hic,

115 401 254 437 ἐπαρχίας
278 401 398 436 Φρυγίας
421 400 605 435 Σαλουταρίας
632 400 768 435 Epltesino
793 399 908 427 concilio

116 450 146 477 ι).
167 442 231 470 551.
254 441 321 470 Vide
339 441 475 483 Norisium
501 441 612 468 Dissert.
633 442 645 468 I
662 441 696 469 de
710 440 809 475 Epoclt.
823 440 906 476 Syra-

116 484 224 511 .llaced.
243 491 268 518 p.
288 483 332 511 14.
445 483 447 485 ’

153 525 212 553 Coi.
229 525 290 553 148.
305 525 417 559 Μῆρος.
431 524 477 552 Est
485 525 555 559 apud
566 524 705 552 Socratem
717 524 753 552 11.
765 524 798 551 Ε.
809 532 850 557 ιιι,
863 523 906 555 i5,

115 572 146 594 et
166 566 309 594 Sozumen.
330 575 357 598 ν,
376 567 420 600 11,
438 567 483 593 ubi
503 565 640 593 Valesium
654 566 725 594 vide.
748 565 804 593 Nec
827 565 908 593 crede

116 614 208 636 tamen
229 608 381 643 posteriore
403 613 484 635 aetate
502 607 661 642 Comopolin
687 607 772 635 fuisse
789 606 908 641 appella-

116 655 192 682 tam;
221 657 308 684 neque
334 649 406 676 enim
435 649 630 677 Constantinus
654 648 801 684 imperator
827 649 847 675 I.
877 655 905 682 t,

115 691 214 719 ‘l‘iiem.
230 693 240 718 I
255 692 282 719 id
294 690 451 724 aitirmabit,
473 691 520 718 sed
534 690 637 718 Merum
650 690 734 718 fuisse
753 690 908 725 κωμόπυλιν

115 733 175 760 sive
187 734 316 767 grandem
330 732 431 765 vicum,
445 732 490 767 qui
499 732 533 759 ad
545 731 618 759 urbis
629 732 831 766 amplitudinem
846 739 908 767 pro-

115 775 191 803 xime
205 775 360 807 accederet,
375 775 413 800 uti
425 774 452 801 in
470 773 556 802 Marci
571 773 673 808 Evang.
694 781 714 806 r,
733 773 778 800 38.
793 773 908 801 Carolus

115 823 131 843 a
146 815 176 843 S.
193 816 276 843 Paulo
289 823 349 843 cum
360 815 465 850 Myrum
480 819 570 848 vocat,
585 815 619 842 ab
633 814 706 842 Actis
717 814 906 848 conciliorum,

115 863 146 884 ut
163 856 264 884 Nicia-ni
278 857 389 885 secundi
406 864 431 891 p.
445 856 508 889 357,
525 856 570 884 ubi
588 856 736 884 Damianus
749 855 862 891 Μύρων,
879 855 907 884 in

114 898 239 926 fraudem
257 898 390 934 impulsus
404 902 457 926 est.

152 940 220 967 Ibid.
236 940 381 967 Νακολια.
398 939 498 967 Urbem
515 938 647 974 Phrygiis,
671 938 713 966 cui
727 937 836 966 Nacolia
855 946 906 967 no-

115 989 191 1014 men,
205 982 283 1008 πόλιν
298 981 348 1015 τῆς
372 981 494 1016 Φρυγίας
548 980 694 1007 Νακώλεια
715 980 904 1016 προσωνυμία,

115 1024 150 1051 ad
168 1031 248 1058 quam
267 1022 368 1050 Valens
382 1022 544 1058 Procopium
564 1023 760 1057 proﬂigaverit,
779 1022 906 1051 Socrates

115 1065 154 1093 II.
171 1065 205 1092 Ε.
222 1073 258 1099 Iv,
270 1065 287 1092 5
297 1069 385 1092 vocat.
402 1064 516 1092 Basilius
524 1064 683 1096 Νακωλειας
692 1064 810 1100 Φρυγίας
824 1064 905 1091 Chal-

114 1106 210 1135 cedon.
227 1106 342 1134 concilio
359 1114 384 1141 p.
399 1100 450 1133 578
462 1106 619 1141 subcripsit.
633 1105 744 1134 Ceteris
758 1105 904 1138 Νακὸλεια,

112 1153 144 1174 nt
157 1147 300 1175 Ptolemaeo
316 1152 343 1175 et
365 1147 476 1175 Zozimo
497 1155 534 1180 tv,
554 1146 582 1174 8.
598 1146 666 1174 Vide
687 1147 738 1175 Cit.
758 1146 904 1175 Cellariutn

113 1188 149 1216 ε.
169 1189 203 1217 A.
224 1197 264 1220 ιιι,
281 1190 308 1220 4,
325 1197 351 1224 p.
367 1189 428 1218 144.

151 1230 220 1257 Ibid.
231 1231 406 1265 Δορύλλιον.
425 1229 581 1266 Δορύλαιον,
595 1229 632 1257 uti
644 1229 753 1263 Strabo;
772 1230 823 1258 nisi
836 1230 905 1258 torte

115 1271 288 1307 Δορύλλειον,
305 1272 384 1299 modo
407 1279 504 1300 sanum
527 1271 552 1298 id
572 1271 617 1304 sit,
640 1279 700 1298 cum
717 1271 857 1300 Eustathio
878 1273 904 1300 iit

116 1312 230 1349 Dionys.
246 1314 299 1341 8I5
313 1313 439 1341 voluerit.
464 1312 590 1340 Proxime
610 1313 722 1340 ﬂuvium
743 1315 834 1341 sedem
856 1315 904 1341 lia-

115 1354 186 1388 buit,
202 1356 247 1390 qui
269 1355 294 1382 in
311 1354 388 1381 Thes.
409 1354 516 1382 Brituu.
541 1360 607 1383 tom.
631 1362 661 1386 ιι,
688 1362 715 1389 p.
739 1355 792 1382 257
823 1363 905 1383 numo

116 1396 274 1432 Δορυλαέων
292 1403 366 1423 urna:
389 1396 533 1428 incumbit,
548 1404 712 1432 quamquam
729 1404 782 1432 quo
798 1399 906 1425 nomine

116 1439 198 1466 fuerit
221 1439 339 1466 nomium
363 1446 412 1473 pro
439 1444 578 1473 comperto
598 1438 722 1466 habetur.
744 1439 803 1467 Nic.
832 1438 904 1474 11η]-

116 1481 188 1508 nilus
201 1479 361 1515 Sangarium
377 1480 535 1512 arbitratur,
549 1480 591 1507 cui
607 1487 673 1507 sane
688 1480 713 1507 in
726 1480 826 1507 Tabula
836 1480 905 1508 Peu-

116 1524 257 1557 tingcrana
266 1523 389 1550 accubat.
405 1521 439 1549 At
453 1521 479 1549 id
493 1521 591 1549 liuinen
609 1522 701 1549 urbem
715 1521 825 1550 alluisse
839 1530 901 1550 cum

114 1570 192 1592 certo
206 1565 277 1592 haud
292 1568 407 1596 constet,
429 1564 520 1590 malim
538 1563 698 1590 alterutrum
713 1563 833 1591 amnium
845 1571 904 1592 cre-

116 1607 181 1634 dere
203 1607 236 1633 de
260 1607 358 1641 quibus
388 1605 538 1633 Cinnamus
561 1612 588 1637 ν,
608 1605 634 1636 1,
656 1605 699 1632 ubi
723 1606 756 1633 de
780 1604 904 1634 Manuele

114 1647 323 1681 Cotnnctt'),Ata
331 1648 377 1674 τοῦ
395 1646 595 1682 Ἑλλησπόντου
613 1646 736 1682 πορθμοῦ
750 1647 796 1674 ἐπὶ
812 1647 904 1680 Ἀσίας

115 1689 209 1721 διαϐὰς
224 1689 288 1724 ἄχρι
299 1688 445 1724 Δορυλαιου
457 1686 534 1724 ἦλθε,
549 1688 613 1723 περὶ
624 1687 708 1723 ἄμφω
722 1687 762 1715 τὼ
777 1689 902 1724 πθταμὼ,

113 1727 154 1757 ὧν
174 1731 189 1757 ὸ
223 1731 272 1766 μιν
287 1731 376 1761 Βαθὺς
396 1730 464 1765 πρὸς
485 1730 540 1756 τῶν
563 1729 705 1764 ἐγχωρίων
718 1749 726 1762 ,
750 1729 852 1765 Θύαρις
875 1730 904 1757 δὲ

116 1772 213 1807 ἅτερος
239 1771 413 1806 ὀνομάζεται.
434 1771 510 1799 Adde
531 1779 570 1803 vr,
584 1771 617 1798 ιι
636 1770 757 1799 Nicetam
778 1771 902 1800 Cboniat.

116 1813 216 1841 Annal.
231 1813 350 1840 Manuel.
365 1821 401 1846 γι,
419 1820 446 1846 p.
464 1812 508 1840 88.

153 1856 220 1883 Ibid.
244 1855 385 1882 Μέὃαιον.
401 1854 514 1881 Μίδαιον
535 1854 592 1882 sive
611 1854 738 1888 Μιδὰεον,
755 1856 825 1883 unde
848 1856 902 1883 Mt-

113 1897 200 1924 δαὲων
212 1897 285 1924 numi
300 1895 545 1932 apulearduinum
556 1900 584 1924 et
591 1895 677 1924 Ilolst.
689 1897 715 1923 in
727 1896 902 1932 Slpeltanum.

150 1939 220 1968 Ibid.
234 1939 334 1974 Δῆμου
348 1937 487 1966 Λυκαῶν.
503 1937 643 1966 Posterius
656 1944 671 1965 e
687 1945 738 1966 rus.
755 1939 823 1966 eruit
837 1938 902 1966 Hol-

114 1981 242 2014 szeinius,
262 1987 278 2008 e
301 1987 356 2015 quo
378 1979 526 2007 Λυκαόνων
546 1979 630 2015 δῆμης
649 1978 760 2007 formari
784 1985 901 2014 oportet.

115 2023 217 2059 Δῆμος,
229 2028 259 2050 ιιι
269 2030 351 2058 saepe,
368 2029 465 2057 pagum
480 2025 555 2049 notat
569 2030 576 2049 :
591 2021 748 2057 Stephanus
758 2022 902 2059 Εὑχαρπία

115 2065 201 2100 bimo;
217 2064 266 2099 τῆς
289 2065 392 2100 μικρᾶς
405 2063 536 2099 Φρυγίας,
554 2068 582 2092 et
598 2064 624 2091 in
641 2063 741 2099 Δῆμος.
763 2063 902 2100 Lycaones

117 2107 144 2134 in
165 2106 281 2141 Phrygia
305 2105 420 2137 Plinius,
435 2113 462 2137 vI
484 2104 520 2132 29
542 2105 674 2140 agnoscit,
699 2105 783 2140 probe
806 2111 901 2134 contra

116 2147 281 2174 Iiarduinum
295 2154 311 2174 ιι
324 2146 377 2175 Ch.
391 2145 508 2174 Ceilario
522 2145 557 2175 G.
577 2146 612 2174 Δ.
629 2154 671 2180 ιιι,
691 2146 719 2180 4,
741 2155 768 2182 p.
792 2147 843 2175 164
856 2148 902 2176 dc-

116 2190 216 2216 tensos.

118 2245 122 2249 -
150 2230 217 2257 Ibid.
228 2229 328 2264 Δήμου
338 2229 517 2264 Δύράκλεια.
533 2229 614 2257 Forte
625 2229 710 2266 δῆμος
716 2231 898 2268 Αὑλοκρήναι.

115 2272 217 2301 Plinius
231 2272 395 2299 Aulocrenas
412 2270 534 2306 Phrygia:
553 2272 656 2304 tribuit,
670 2281 695 2305 ν,
709 2273 756 2302 29.
766 2273 898 2309 Marsyas,

116 2314 212 2348 inquit,
230 2312 265 2340 ibi
282 2313 415 2346 redditur,
429 2314 509 2347 Lortus
529 2320 561 2339 ac
580 2315 659 2346 paulo
684 2322 746 2342 nios:
765 2316 900 2348 conditus,

116 2356 159 2382 ubi
167 2355 276 2382 certavit
292 2355 417 2382 tibiarum
428 2360 509 2381 cantu
522 2362 579 2382 cum
592 2354 722 2389 Apolline,
733 2355 899 2385 Aulocrenis:

116 2399 151 2425 ita
165 2403 271 2425 uocatur
287 2397 412 2424 convallis
432 2399 519 2424 decem
543 2397 610 2424 mill.
629 2406 755 2432 passuum
778 2400 810 2426 ab
830 2400 900 2435 Apa-

117 2440 169 2466 mia
185 2439 328 2474 Phrygiam
346 2439 502 2472 petentibus.
519 2438 552 2466 Et
568 2446 624 2477 xvr.
648 2438 694 2472 65,
719 2439 790 2467 I'avet
809 2441 898 2476 suspi-

116 2481 184 2508 cioni
201 2481 312 2515 Aquilae
326 2481 470 2515 episcopus
482 2479 642 2515 Δύλοκρῶν,
663 2480 708 2515 qui
728 2481 798 2508 inter
812 2481 898 2518 Phry-

115 2523 164 2556 gia:
185 2521 318 2548 Salutaris
341 2522 470 2556 praasules
490 2522 654 2550 Chalcedon.
681 2530 708 2557 p.
725 2523 777 2551 400
799 2531 897 2552 nomen

116 2571 191 2590 ιιιιιιιι
222 2562 373 2597 proﬁtetur.
393 2563 461 2596 Quia
499 2567 590 2590 tamen
616 2564 777 2599 Λύροκλέων
798 2573 825 2601 p.
845 2565 899 2594 246

116 2604 233 2637 dicitur,
258 2604 325 2631 nihil
360 2604 538 2632 decreverim.
573 2604 602 2633 Id
643 2606 752 2639 addant,
778 2607 805 2634 in
828 2605 898 2635 Geo-

116 2646 208 2681 graplr.
225 2645 308 2672 Sacra
325 2645 458 2681 praeteriri
473 2645 544 2674 haud
562 2646 697 2675 debuisse.

150 2688 214 2714 Ibid.
231 2686 330 2722 Δήμου
358 2687 560 2722 Ἀλαμασσοῦ.
577 2687 606 2715 In
620 2689 735 2717 concilio
751 2689 898 2719 Chalcedo-

116 2729 189 2756 ncnsi
205 2729 264 2763 ejus
284 2729 426 2764 episcopus
449 2735 626 2762 memoratur.
651 2731 802 2766 diciturque
820 2732 897 2766 πόλις

121 2769 276 2806 ’Λμαδάσση
289 2779 315 2804 p.
336 2771 398 2804 673,
413 2776 441 2798 et
460 2771 486 2798 in
509 2771 716 2808 Constantinop.
735 2775 854 2801 secumio
869 2782 896 2809 p.

115 2813 165 2841 911
178 2814 275 2841 civitas
291 2814 551 2842 Amadasseuorum.
577 2813 686 2843 Rectius
707 2815 798 2850 itaque
812 2815 898 2851 δῆμος

121 2855 148 2883 Ἀ
153 2855 301 2890 μαδάασης.

149 2897 213 2928 Ibid.
224 2896 323 2933 Δήμου
333 2897 520 2932 Προπνίασα.
538 2897 619 2926 Forte
631 2898 716 2936 δῆμος
731 2899 894 2929 Ποαιπένισ-

268 2945 403 2977 Puncta
427 2945 485 2977 Gn.
510 2946 611 2978 CXIII.

543 177 740 208 COMMENT.
764 177 804 207 IN
825 175 1033 207 lliEl‘tOCLlS
1055 177 1328 209 SYNECDEMUM.

1676 176 1743 206 illi

963 241 1019 265 σος.
1057 234 1240 269 Prtepcnissus
1270 239 1313 262 est
1336 234 1406 262 inter
1429 233 1551 268 Phrygiae
1573 233 1653 259 urbes
1674 234 1744 268 apud

961 273 1152 308 Ptolemaeum,
1168 276 1367 311 subscribitque
1387 275 1519 302 Auxanon
1539 274 1645 306 πόλεως
1661 275 1748 310 Πραι-

960 316 1088 343 πενίσσου
1106 317 1320 345 Chalcedoncnsi
1333 325 1360 352 p.
1372 316 1433 345 673.
1445 317 1523 350 Quod
1537 323 1600 344 vero
1616 317 1659 344 his
1672 317 1746 352 pagis

959 359 1078 393 episcopi
1101 359 1200 387 fuerint
1218 359 1352 394 impositi,
1371 359 1397 386 id
1416 363 1576 393 argumento
1599 363 1639 386 est
1661 358 1747 386 fuisse

959 401 1130 436 κωμοπόλεις
1148 401 1204 429 sive
1220 401 1324 436 amplos
1343 406 1371 429 et
1388 401 1486 428 civium
1506 400 1657 436 frequentia
1675 401 1746 428 cele-

959 442 1021 470 bres
1039 450 1130 478 pagos,
1147 444 1217 471 unde
1233 449 1262 471 et
1280 443 1372 474 πόλεις
1391 442 1604 471 Chalcedonensi
1629 443 1745 470 concilio

958 483 1096 511 dicuntur.
1119 484 1264 519 Ceteroqui
1284 491 1401 512 canones
1417 492 1486 520 pago
1509 489 1555 511 aut
1570 493 1660 520 parvae
1674 486 1744 517 urbi,

959 525 1002 552 cui
1020 525 1060 552 vel
1079 534 1148 553 nntts
1163 527 1305 561 presbyter
1323 527 1469 560 sulliceret,
1487 527 1642 561 episcopum
1663 534 1746 561 nega-

960 568 1041 600 bant,
1056 572 1084 594 ut
1099 568 1195 603 synodi
1219 568 1391 595 Sardiccnsis
1419 568 1460 596 6:
1487 569 1533 604 Μὴ
1556 569 1656 601 ἐξεῖναι
1679 569 1747 596 καο-

961 608 1038 635 ιστᾶν
1050 608 1199 635 ἐπίσκοπον
1210 608 1302 636 Εν-τινι
1314 609 1394 644 κώμῃ
1405 610 1421 645 ἢ
1438 610 1552 645 βραχείᾳ.
1564 610 1651 642 πόλει,
1691 611 1746 637 τινὶ

959 649 1007 676 καὶ
1019 647 1059 681 εἷς
1073 649 1261 686 πρεσϐύτερος
1275 651 1409 686 ἐπαρκεῖ·
1433 656 1460 678 et
1476 651 1571 686 synodi
1587 651 1746 679 Laodicena:

958 691 1004 723 56,
1024 692 1072 726 qui
1102 692 1280 727 περιοδευτὰς
1298 693 1356 720 sive
1376 692 1542 725 visitatores,
1556 697 1586 719 ut
1604 693 1747 728 Dionysius

959 731 1079 767 Exiguus
1089 734 1181 765 vertit,
1195 733 1229 760 de
1241 734 1339 768 quibus
1355 735 1518 769 Bevercgius
1532 734 1622 769 plura,
1641 734 1666 760 in
1677 735 1747 769 ejus-

959 773 1029 800 modi
1041 781 1123 808 pagos
1135 773 1280 807 atnandat;
1293 782 1457 810 quamquam
1469 780 1497 802 et
1511 775 1536 802 id
1552 775 1620 802 citra
1633 775 1746 803 dubium

957 819 1011 847 εει,
1028 815 1099 842 haud
1117 822 1179 842 raro
1192 816 1338 850 praesuium
1353 816 1501 844 ambitione
1516 817 1618 851 optime
1637 817 1746 844 decreta

957 855 1042 883 fuisse
1059 861 1184 892 proterve
1201 857 1370 891 conculcata,
1386 862 1414 885 et
1435 865 1488 893 quo
1509 858 1600 893 plures
1615 857 1746 893 suifraga-

959 904 1035 930 neos,
1051 905 1118 932 quos
1131 903 1236 931 vocant,
1248 898 1414 933 acciperent,
1429 899 1505 934 pagis
1515 904 1597 934 atque
1611 900 1745 934 oppidnlis

956 939 1099 974 episcopos
1117 939 1205 968 datos.
1227 940 1257 967 In
1281 939 1372 967 Africa
1393 946 1467 968 certe
1485 948 1533 975 per
1558 942 1746 969 contentiones

957 979 1139 1009 Donatisticas
1159 981 1344 1009 incredibilem
1359 981 1386 1009 in
1407 982 1514 1009 ntodutn
1535 982 1676 1021 praesidum
1692 991 1744 1009 nn-

957 1029 1049 1050 merns
1066 1022 1193 1056 increvit,
1210 1023 1394 1057 paulatimque
1406 1022 1474 1049 vilia:
1489 1023 1563 1050 fundi
1579 1028 1607 1050 et
1617 1024 1668 1051 vici
1680 1032 1745 1052 suos

956 1064 1006 1091 sibi
1022 1063 1179 1099 praepositos
1195 1065 1329 1097 viderunt,
1341 1064 1412 1091 sicut
1423 1071 1456 1091 ex
1473 1062 1572 1092 Collat.
1586 1063 1742 1100 Carthagin.

957 1112 981 1132 c.
1003 1105 1052 1132 tst
1079 1105 1200 1141 colligas.
1219 1105 1275 1134 Sed
1299 1105 1357 1133 haec
1378 1105 1412 1133 ab
1434 1106 1556 1134 instituto
1576 1113 1625 1133 nos
1647 1113 1745 1135 avoca-

956 1149 1016 1173 rent
1030 1145 1145 1180 longius.

992 1187 1059 1215 Ibid.
1081 1187 1155 1215 Ὑπὸ
1175 1187 1406 1222 κονσουλάριον.
1428 1187 1498 1216 Olim
1520 1187 1599 1224 Lycia
1620 1194 1648 1217 et
1665 1189 1744 1218 Parii-

957 1229 1047 1265 phylia
1068 1229 1113 1256 uni
1135 1229 1290 1264 proconsuli
1309 1235 1471 1264 paruerunt;
1493 1231 1563 1258 unde
1579 1231 1611 1259 C.
1631 1230 1745 1258 Porcius

956 1278 1052 1306 procos
1064 1271 1152 1307 Lycia:
1165 1275 1193 1299 et
1208 1270 1372 1306 Pamphyliis
1389 1271 1415 1298 in
1428 1270 1510 1299 Thes.
1523 1279 1550 1307 p.
1564 1271 1744 1306 CCCCLVIII,

956 1313 984 1340 6.
1006 1312 1063 1340 Sub
1079 1313 1256 1340 Constantino
1269 1313 1408 1346 przesidem
1431 1312 1595 1347 habuerunt,
1612 1315 1645 1341 ad
1662 1322 1743 1349 quem

956 1354 975 1381 l.
986 1354 1013 1387 2,
1028 1362 1053 1382 c.
1065 1354 1117 1382 Th.
1131 1354 1165 1381 de
1180 1360 1263 1381 censu
1274 1353 1336 1380 data
1347 1358 1398 1381 est.
1414 1353 1522 1382 Diceres
1537 1354 1610 1382 Decii
1624 1360 1745 1391 tempore

956 1406 970 1423 ιι
990 1396 1071 1431 Lycia
1083 1396 1139 1431 jam
1163 1395 1246 1423 fuisse
1265 1395 1423 1422 distractam
1439 1396 1474 1423 ob
1489 1395 1655 1432 Pamphyliae
1674 1405 1745 1432 prat-

956 1437 1089 1465 fccluram
1106 1437 1240 1464 Martiano
1257 1436 1292 1463 ab
1305 1443 1338 1464 eo
1352 1437 1515 1471 imperatore
1535 1439 1700 1472 mandatam,
1717 1439 1744 1466 in
1792 1471 1794 1474 ν

956 1479 1031 1507 Actis
1047 1478 1076 1506 S.
1095 1478 1201 1506 Acbatii
1213 1479 1282 1513 apud
1299 1477 1425 1505 lluinart.
1442 1486 1467 1512 p.
1482 1478 1542 1510 I55,
1556 1479 1578 1506 si
1594 1480 1671 1508 bona:
1683 1480 1743 1509 lldei

955 1528 1062 1555 semper
1074 1528 1106 1548 ea
1121 1524 1212 1548 essent
1228 1524 1413 1548 monumenta.
1428 1520 1508 1548 Forte
1522 1520 1691 1550 Theodosius
1704 1531 1745 1550 se.

955 1564 1059 1590 candus
1071 1562 1161 1598 Lycia;
1177 1569 1254 1589 suum
1270 1561 1412 1597 praesidem
1434 1562 1571 1597 impasuit,
1590 1570 1642 1598 qua
1658 1565 1691 1592 de
1715 1572 1744 1592 re

955 1605 1033 1632 alias.
1050 1605 1145 1632 FuiSSe
1157 1611 1222 1632 vero
1237 1604 1409 1631 consularem
1432 1603 1617 1641 Pamphyliam
1640 1604 1744 1635 Notilia

954 1647 1017 1680 imp.
1032 1646 1060 1673 in
1074 1645 1176 1673 Orienl.
1197 1653 1222 1673 ο.
1237 1645 1250 1672 1
1266 1646 1354 1673 docet.

989 1688 1058 1715 Ibid.
1071 1687 1180 1722 ιΙέργη.
1196 1686 1266 1714 Editi
1285 1694 1380 1715 omnes
1391 1686 1659 1724 Erinatov'jnngunt,
1679 1697 1711 1717 ac
1719 1691 1742 1718 si

954 1730 1048 1757 eadem
1063 1730 1128 1756 urbs
1139 1733 1221 1760 esset,
1234 1735 1346 1763 prorsus
1357 1733 1452 1756 contra
1467 1737 1560 1757 verum
1573 1738 1581 1757 :
1593 1731 1743 1759 distinctis-

954 1771 1030 1798 sinite
1044 1770 1118 1798 enim
1141 1771 1260 1801 luerunt,
1278 1768 1392 1804 singulis
1406 1770 1552 1804 episcopis,
1568 1775 1598 1798 ut
1616 1779 1649 1798 ex
1663 1772 1744 1799 Chal-

954 1811 1100 1839 cedonensi
1121 1811 1236 1838 concilio
1257 1811 1391 1842 novimus,
1408 1812 1534 1839 subditae.
1557 1812 1666 1841 Seriore
1685 1815 1746 1850 qui~

955 1854 1015 1882 dem
1036 1860 1095 1881 azvo
1117 1853 1234 1888 dignitas
1255 1852 1461 1887 mctropolitana
1482 1853 1599 1889 Sylacum
1623 1859 1742 1890 ornavit,

955 1903 1043 1930 eaque
1068 1902 1149 1922 causa
1185 1898 1238 1927 est,
1259 1901 1308 1921 cur
1330 1893 1360 1921 in
1383 1893 1444 1922 aliis
1467 1894 1578 1923 Notitiis
1599 1897 1614 1922 ὁ
1633 1898 1742 1934 Πέργης

954 1937 1015 1973 ἦτοι
1038 1936 1152 1964 Συλαίοιι
1178 1936 1323 1971 episcopus
1346 1941 1523 1964 metnoretur.
1550 1938 1586 1965 At
1606 1941 1740 1972 nondum.

953 1988 1015 2008 cum
1026 1979 1164 2007 Hierocles
1178 1986 1253 2006 suam
1267 1978 1411 2013 digereret,
1429 1985 1462 2006 eo
1486 1987 1530 2007 res
1551 1981 1667 2009 redierat
1679 1991 1687 2010 :
1699 1984 1741 2011 di-

953 2022 1129 2057 stinguuntur
1137 2020 1209 2048 enim
1222 2019 1365 2053 utriusque
1372 2019 1490 2054 episcopi
1498 2020 1525 2048 in
1534 2021 1729 2060 Constantinop
1735 2044 1743 2053 .

954 2063 1043 2091 tertio.
1061 2061 1125 2089 Erat
1140 2061 1224 2095 Perge
1243 2060 1387 2095 Provinciae
1400 2063 1654 2097 tnetropoiis,sit~uti
1669 2073 1739 2099 prte-

953 2110 994 2132 ter
1004 2103 1228 2132 Chalcedonenee
1239 2104 1382 2131 concilium
1399 2112 1425 2139 p.
1438 2104 1491 2131 656
1504 2105 1666 2134 scholiastes
1679 2107 1740 2134 Cal—

953 2146 1046 2174 iimalti
1064 2147 1157 2182 hytnn.
1174 2145 1201 2172 in
1218 2145 1297 2173 Dian.
1313 2153 1339 2172 ν.
1353 2145 1402 2173 187
1414 2151 1441 2173 et
1452 2147 1578 2182 egregius
1591 2156 1690 2176 numus
1706 2150 1740 2176 ab

956 2187 1056 2215 Ezech.
1072 2187 1239 2222 Spanhemio
1261 2187 1451 2222 (dissert.9de
1463 2188 1494 2216 ν.
1517 2193 1544 2217 et
1559 2188 1591 2218 P.
1613 2189 1694 2218 Num.
1712 2199 1738 2226 p.

952 2229 1014 2266 591)
1036 2231 1184 2265 productus
1197 2229 1353 2257 ostendunt.
1366 2229 1446 2257 Secta
1459 2227 1561 2260 dein'in
1577 2233 1643 2260 duas
1660 2232 1739 2260 Parn-

950 2272 1054 2309 phyiia,
1065 2278 1126 2306 qua:
1143 2275 1231 2298 tamen
1245 2271 1340 2298 divisio
1350 2269 1484 2307 Hierorie,
1492 2273 1656 2310 quod-supra
1667 2280 1739 2310 pate-

954 2315 1079 2347 fecimus,
1098 2312 1234 2348 posterior
1248 2317 1300 2345 est.
1318 2313 1405 2349 Pergo
1420 2312 1587 2351 Pamphylia:
1599 2319 1736 2351 secundae,

951 2357 1046 2392 prima:
1061 2362 1124 2382 vero
1135 2354 1199 2382 Side
1213 2355 1372 2390 metropolis
1388 2364 1448 2385 esse
1468 2358 1562 2392 etrapit.

987 2397 1054 2425 Ibid.
1066 2397 1228 2424 Σύλλαιον.
1243 2396 1358 2425 Σύλαιον
1372 2397 1551 2429 Constantino
1569 2400 1587 2428 Ι.
1600 2401 1626 2434 1,
1639 2401 1737 2433 Tltem.

952 2441 996 2474 H,
1030 2445 1058 2467 et
1080 2439 1288 2474 Constantinop.
1317 2440 1398 2468 tertio
1419 2450 1446 2477 p.
1471 2442 1534 2476 677,
1570 2444 1616 2471 ubi
1638 2443 1738 2474 Paulus

951 2483 1056 2514 πόλεως
1069 2481 1183 2508 Συλαίου
1203 2481 1252 2518 τῆς
1268 2482 1436 2518 Παμφυλίων
1454 2484 1601 2520 ἐπαρχίας,
1625 2493 1675 2513 nec
1688 2487 1737 2514 ali-

951 2529 992 2552 ter
1002 2524 1074 2551 Actis
1091 2523 1122 2551 S.
1135 2522 1263 2557 Stephani
1277 2523 1409 2558 Junioris,
1424 2534 1440 2553 a
1455 2525 1633 2554 Benedicliuis
1645 2527 1736 2564 rulga-

950 2568 994 2595 lis.
1012 2574 1038 2601 p.
1051 2567 1115 2599 452,
1136 2573 1195 2601 qu:e
1215 2565 1325 2601 Lyciam
1348 2567 1413 2596 hinc
1435 2569 1590 2602 ordiuntur,
1615 2571 1666 2598 etsi
1687 2572 1736 2606 ipsi

951 2609 1048 2636 Σύλεον
1063 2608 1217 2636 maluerint.
1233 2606 1350 2636 Putares
1368 2609 1458 2644 itaque
1482 2615 1586 2638 rectum
1608 2611 1633 2638 id
1655 2619 1715 2640 esse
1727 2623 1736 2640 :

951 2656 979 2678 at
994 2651 1083 2678 obstat
1095 2649 1205 2676 Σύλειον
1222 2649 1351 2684 Stephani
1363 2655 1390 2677 et
1407 2651 1516 2686 Syleum
1535 2652 1614 2680 Livii.
1631 2653 1737 2681 Saluta-

951 2693 1008 2720 sius
1019 2692 1046 2719 in
1063 2690 1151 2718 Solin.
1166 2698 1193 2726 p.
1216 2690 1269 2718 519
1290 2691 1404 2725 Σίλλιον,
1427 2693 1478 2720 nisi
1499 2700 1577 2721 error
1595 2695 1630 2721 ibi
1651 2695 1685 2723 sit
1702 2697 1736 2722 ab

950 2734 1041 2769 aperis
1059 2733 1233 2766 commissus,
1256 2734 1350 2760 verum
1371 2741 1432 2761 esse
1455 2735 1600 2769 pertendit.
1621 2736 1737 2764 IIolstei-

951 2776 1012 2803 nius
1022 2775 1136 2802 Σύλαιον
1148 2774 1256 2810 pra-fert
1275 2776 1308 2802 ad
1326 2776 1504 2811 Stephanum,
1529 2782 1610 2813 atque
1627 2779 1725 2806 Arrian

951 2817 1053 2852 [ξι-νεά.
1071 2817 1200 2844 Αιεπαιιά.
1220 2817 1247 2848 I,
1266 2817 1300 2843 27
1310 2817 1432 2850 Σύλλιον,
1462 2819 1569 2854 χωρίων
1589 2820 1688 2856 ὀχυρὸν
1703 2821 1738 2848 ad

951 2860 1024 2886 hanc
1041 2865 1164 2886 normam
1183 2858 1306 2893 corrigit.
1323 2857 1380 2894 Ego
1397 2860 1423 2887 in
1436 2860 1553 2887 Arriano
1569 2862 1637 2888 nihil
1651 2867 1735 2894 muto,

951 2895 1101 2930 Σύλὶιιονέι
1115 2899 1240 2928 Σύλλειον
1253 2901 1357 2930 cat-teris
1369 2906 1495 2930 ormstare
1511 2903 1670 2931 arbitratus.
1682 2903 1737 2930 Ila-

1525 2948 1562 2980 36
