1911 3071
163 201 207 228 bet
228 201 253 227 id
272 199 398 234 Polybius
414 198 480 234 Leg.
503 199 546 231 50,
569 203 606 231 et,
632 205 712 232 quam
733 197 949 224 conformatione

162 242 314 269 litterarqu
336 242 357 268 A
376 245 403 268 ct
420 242 441 267 Δ
460 242 599 276 dccrptani
624 248 703 267 ncmo
723 240 828 270 dixerit,
847 238 948 264 Tabula

161 284 373 320 Peuliugcraua.
392 283 537 318 Perperam
562 290 625 316 ergo
644 281 805 309 Ptolemaeus
821 280 950 311 Σύλουον,

160 332 189 355 et
215 326 437 354 Chalcedonense
465 333 492 360 p.
513 324 567 352 40:2
590 323 694 351 Σζλυον.
716 323 850 359 Oppidum
879 320 950 349 haud

160 368 275 396 mullum
290 366 375 401 Perga
391 367 520 394 distabat.

195 410 257 438 Col.
276 409 326 436 148
351 408 501 443 Μιὶγνυόος.
514 408 559 435 Sic
575 413 601 435 et
613 408 698 435 Palat.
713 410 739 433 ct
756 405 869 433 Coisliu.
885 412 950 432 mss.

159 451 210 479 Pto
221 451 295 478 emaci
307 459 355 486 pro
365 451 471 485 vulgato
479 450 613 481 Μάτυλος.
623 449 701 476 Numi
710 448 860 482 Μαγυδὲων
869 447 950 474 Thes.

160 493 264 520 Britan.
284 499 350 520 tom.
368 491 401 525 II,
419 500 445 526 p.
459 491 522 525 I89,
536 492 561 519 id
578 492 702 526 probam.
713 492 802 524 Quare
816 498 867 517 non
879 495 951 516 recte

161 535 228 563 satis
258 534 469 569 Naga'fdensium
495 534 593 561 civitas
616 533 780 568 Pamphylize
792 531 951 559 Constanti-

161 585 225 611 nop.
245 578 365 604 sccttndo
379 584 404 611 p.
419 576 484 607 2U.
504 583 552 603 nec
569 575 699 608 Μαγιδων
726 574 802 605 πόλις
816 574 951 602 Constan-

162 621 247 653 tinop.
260 619 340 646 tertio
355 626 381 653 p.
393 617 456 649 502,
468 617 564 644 nedum
577 617 654 648 πόλις
666 616 774 647 Mutatio;
785 615 950 643 Chalcedom

160 670 187 696 p.
206 660 269 688 ὅτε.
293 659 390 687 Verius
410 659 614 694 Magydensium
637 658 733 685 civitas
747 665 774 692 p.
795 656 846 684 646
867 656 950 683 veteri

160 701 313 736 interpreti.

198 743 265 771 Ibid.
288 742 438 770 Ἀτταλία.
460 741 527 768 Nota
549 740 613 768 urbs
629 747 645 768 e
665 739 799 767 Strabone
817 743 857 766 est
878 739 949 766 circa

161 786 294 820 Corycum
308 785 405 820 pesita.
419 782 518 810 Suidas
534 783 560 810 in
576 783 740 817 Κωρυκαῖος
758 781 837 808 sitam
858 780 897 807 ait
916 779 949 806 ad

160 828 295 861 Corycum
308 825 535 858 promontorium,
546 824 617 851 haud
631 824 748 851 obscure
762 823 894 858 Corycum
905 821 951 848 Ci-

161 868 230 896 licia:
238 875 298 895 cum
312 867 474 902 cognomine
486 865 652 901 Pamphyliae
663 864 762 900 oppido
771 863 948 896 contundens;

161 917 242 944 quem
261 909 385 936 eumdem
399 914 520 935 errorem
532 906 683 934 Salmasius
697 907 725 933 in
741 905 827 934 Solin.
841 913 866 941 p.
885 904 948 936 545,

162 951 337 985 reprehendit
349 949 376 977 in
393 948 541 981 Demetrio,
556 955 610 982 quo
628 947 784 982 Stephanus
801 952 869 974 teste
886 953 950 973 usus

161 993 221 1020 fuit.
236 986 356 1019 ἰἱῖάλων
370 991 523 1025 episcopus,
541 989 587 1024 qui
604 989 741 1023 Ephesino
752 988 949 1016 interfuitcon-

161 1035 225 1062 cilio
239 1042 265 1069 p.
283 1033 345 1064 555.
364 1032 427 1060 hinc
444 1031 504 1063 fuit,
520 1030 704 1066 appellarique
726 1029 876 1057 ’Λτταλέιον
896 1029 949 1056 de—

161 1077 268 1103 bucrat.
285 1075 419 1103 Caeterum
433 1074 538 1101 seriore
553 1077 632 1100 aetate
656 1072 720 1100 urbs
742 1072 775 1099 ab
791 1072 887 1099 Alexio
901 1071 951 1098 itit-

161 1124 288 1154 peratore
308 1116 517 1150 metrOpOIitana
531 1114 603 1148 jura,
623 1114 851 1149 quemadmodum
873 1111 949 1139 Noti-

161 1162 197 1188 tia
214 1159 271 1187 Iac.
290 1158 372 1186 Goari
394 1159 534 1188 docemur,
555 1155 720 1190 impetravit.
745 1155 813 1182 Ilinc
832 1154 951 1188 explica,

160 1202 233 1237 quod
261 1198 407 1233 czcleroqui
425 1198 575 1225 absurdum
594 1197 678 1224 videri
705 1201 806 1231 posset,
827 1195 949 1223 scholiou

160 1242 334 1272 Balsatuonis
360 1246 388 1268 et
415 1238 539 1266 Zonarae
561 1244 626 1266 tom.
651 1238 661 1266 I
683 1238 787 1265 Canou.
812 1237 948 1270 Beveregii

160 1295 187 1322 p.
205 1284 256 1313 1οἹ
273 1293 279 1312 :
298 1282 444 1318 Παμφυλία
459 1281 563 1316 ἐστὶνὴ
581 1281 631 1315 τῆς
661 1280 802 1312 ’Δτταλίας
820 1279 949 1314 ἐπαρχία.

159 1328 228 1355 Vide
239 1333 347 1361 quoque
361 1323 478 1351 Tzetzeu
494 1322 599 1350 Chiliad
627 1330 665 1355 VI,
679 1322 722 1349 72.

195 1370 263 1397 Ibid.
282 1367 382 1402 Δήμου
403 1365 580 1400 οὑλιάμεος.
600 1365 642 1392 Ab
660 1364 720 1392 aliis
740 1369 769 1391 ut
790 1363 852 1391 huic
873 1363 951 1390 nobis

160 1419 247 1448 pagus
272 1410 424 1445 explicetur
448 1412 589 1442 exspecto,
618 1407 735 1442 gratiam
765 1406 901 1448 relaturus
926 1405 950 1432 si

161 1454 256 1482 eadem
275 1459 357 1487 opera
373 1450 446 1478 binis
462 1449 652 1483 sequentibus,
668 1447 713 1482 qui
739 1455 826 1474 meam
850 1447 950 1474 frustra

162 1486 353 1530 implorat-unt,
386 1498 548 1520 succurrere
576 1490 720 1517 voluerint.
747 1486 869 1516 Meminit
884 1495 951 1515 sane

162 1537 270 1565 Notitia
302 1534 361 1562 Jac.
393 1533 473 1561 Goari
509 1531 741 1566 Δικιοτανάὁρων,
773 1531 951 1565 videnturque

162 1580 259 1606 eadem
285 1585 316 1603 ac
335 1575 478 1609 Κάναυρα.
494 1581 546 1600 nec
564 1573 646 1600 hilum
672 1579 761 1600 tamen
777 1572 882 1607 juvant.
898 1571 950 1598 Ca-

162 1620 237 1648 rolus
251 1626 266 1645 a
276 1618 305 1645 S.
318 1617 404 1644 Paulo
415 1623 468 1643 non
483 1615 564 1642 aliam
575 1621 635 1642 esse
649 1622 680 1642 ac
692 1613 849 1648 Zenopolim
865 1612 951 1640 fiden-

162 1669 205 1690 ter
231 1661 358 1692 affirmat,
374 1666 454 1694 quam
464 1665 517 1686 nos
532 1657 642 1685 Isnuriae
652 1656 735 1684 fuisse
752 1663 801 1692 pro
812 1659 951 1690 comperto

161 1705 304 1732 habemus.

198 1745 267 1773 Ibid.
284 1743 384 1771 Zoé‘la.
404 1741 475 1777 Lege
497 1740 578 1768 Ἰοίία
592 1745 619 1768 et
634 1748 696 1768 mox
712 1739 951 1775 Τερμεσσός.Ττὶ-

162 1789 213 1816 bus
236 1787 279 1815 bis
308 1785 416 1820 oppidis
445 1789 566 1818 tempore
586 1783 681 1818 synodi
701 1781 951 1816 Constantinopoli-

163 1836 234 1856 tame
251 1829 301 1856 sub
320 1826 538 1860 Flaviano;unus
564 1825 709 1859 cpiscopus
739 1823 790 1850 fuit
808 1823 852 1857 qui
881 1823 951 1850 inter

162 1873 229 1900 Acta
251 1869 415 1898 Chalcedon.
443 1875 469 1901 p.
485 1867 546 1902 239'
560 1866 609 1901 τῆς
635 1866 706 1892 κατὰ
727 1865 880 1900 Τερμισσὺν
903 1864 950 1891 καὶ

162 1912 312 1941 Εὺδοχιάδσ.
336 1911 383 1938 καὶ
406 1909 504 1936 Ἰοῦιαν
532 1908 612 1942 ἁγίας
637 1907 705 1934 Θεοῦ
727 1906 875 1941 ἐκκλησίας
907 1905 949 1933 di-

163 1956 245 1983 citur.
261 1953 404 1989 Ephesium
423 1951 525 1986 synodo
545 1957 572 1984 p.
669 1948 828 1977 Timotheus
844 1948 949 1979 πόλεως

162 1995 327 2033 Τερμησσοῦ
353 1995 400 2021 καὶ
422 1990 779 2033 Εὺδοκιὰδοςῗδυὶιεειίρεὶι,
808 1990 878 2017 unde
904 1990 949 2017 alii

161 2039 266 2066 Ioviani
285 2036 407 2072 paruisse
431 2034 571 2069 conjicias.
587 2032 678 2061 Leone
697 2039 762 2059 vero
776 2032 949 2066 imperatore,

163 2079 234 2115 quod
244 2078 375 2114 synodica
394 2075 598 2112 provincialium
616 2073 730 2108 epistola
761 2073 900 2106 docemur,
923 2078 950 2100 et

163 2122 296 2149 Eudocias
313 2124 340 2146 et
359 2118 522 2146 Termessus
546 2117 661 2151 singulis
686 2115 846 2150 prmsulibus
878 2115 950 2142 dicto

162 2164 304 2191 audientes
320 2161 404 2188 fuere.
422 2159 556 2187 Montibus
570 2156 731 2185 Termessus
747 2165 827 2192 supra
845 2155 949 2184 Phase-

162 2206 244 2233 lidem
265 2204 337 2231 circa
354 2201 504 2237 angustias,
524 2208 571 2235 per
585 2207 653 2235 quas
664 2199 691 2226 in
701 2198 843 2234 Milyadetu
858 2201 950 2226 trans-

162 2247 226 2279 itus,
258 2249 317 2273 erat
346 2243 480 2279 apposita.
507 2241 573 2270 Vide
602 2241 746 2269 Cellariutu
771 2239 852 2268 G.A.
869 2240 950 2273 nt,4,

171 2298 188 2316 ι.
204 2288 266 2316 196.

285 2329 385 2364 Δήμου
397 2327 563 2356 Μενδενέω.
588 2326 644 2354 Nisi
666 2333 710 2353 me
725 2324 815 2353 omnia
843 2324 948 2356 fallunt,

162 2378 206 2400 est
220 2373 270 2400 hoc
292 2370 429 2400 Ptolemzei
444 2368 623 2404 Μενεδήμιον.
639 2369 732 2402 Itaque
753 2366 846 2402 Δῆμος
861 2366 948 2393 Μενε-

161 2415 193 2450 δή
199 2423 258 2449 μων
272 2413 446 2447 remigamus.

197 2456 264 2484 Ibid.
286 2453 386 2488 Δήμου
413 2453 516 2480 mam
533 2451 587 2478 into
606 2450 715 2485 Πὼγλα,
735 2455 764 2477 ιιι
786 2450 856 2477 idem
883 2457 949 2484 geo-

161 2499 291 2535 graphus.
306 2496 407 2524 Paulus
422 2495 527 2526 πόλεως
545 2492 676 2528 Πούγλων
694 2494 765 2520 inter
781 2491 948 2527 Pamphilius

161 2548 259 2570 nomen
281 2540 307 2567 iu
322 2538 487 2566 Chalcedon.
499 2544 527 2572 p.
541 2536 593 2563 6'12
602 2535 755 2571 profitetur.

196 2583 264 2612 Ibid.
280 2581 385 2610 Σίνδα.
397 2579 502 2607 Ἰσινδα
517 2581 687 2613 oportuerat,
704 2576 776 2611 quod
787 2575 818 2603 L.
834 2575 949 2603 Holstei-

161 2627 224 2655 nius
241 2625 275 2652 ad
291 2623 386 2659 Cet-gr.
412 2622 442 2650 S.
469 2629 580 2649 monere
595 2620 666 2647 haud
692 2619 837 2654 praeteriit,
860 2619 949 2646 simile

161 2668 289 2696 mendum
305 2674 320 2694 e
330 2665 463 2693 Strabone
473 2667 500 2690 et
515 2662 653 2698 Stephano
663 2662 695 2688 ad
709 2661 789 2696 hujus
805 2660 948 2695 Ἀμϐλαδα

159 2710 264 2738 eluens.
289 2706 411 2735 Concilio
440 2703 576 2740 Ephesino
592 2711 618 2738 p.
645 2702 697 2730 585
720 2703 798 2734 πόλις
823 2702 949 2729 Ἶσιωδῶν

161 2756 302 2786 perperam
314 2748 475 2784 appellatur,
493 2746 596 2784 rectius
613 2743 828 2772 Chalcedoneusi
847 2751 874 2778 p.
885 2743 947 2771 672.

196 2792 263 2821 Ibid.
280 2791 386 2825 Βέρση.
398 2789 444 2817 Sic
457 2796 524 2817 mss.
536 2787 631 2823 Μρὸη
645 2787 704 2815 aliis
718 2787 834 2814 notitiis.
852 2786 947 2814 Utrum
967 2796 970 2798 ν

161 2837 282 2867 ιιττεειει,
297 2832 324 2858 in
341 2836 395 2858 tam
405 2831 536 2864 pertinaci
550 2835 671 2858 veterum
685 2829 717 2857 de
730 2828 829 2864 oppido
839 2828 947 2856 silentio

161 2874 234 2902 haud
252 2877 355 2900 temere
371 2871 493 2898 tiuivero.

691 142 886 172 ADDENDA.
906 154 934 159 -
964 142 993 171 l’.
1015 140 1269 171 WESSELINGII

1725 140 1803 173 ῙῙὩ

1041 196 1108 223 Ibid.
1133 196 1312 224 ΣΙνδιιύνδα.
1342 196 1373 224 Et
1389 197 1439 224 huc
1457 204 1472 224 e
1490 204 1554 224 mss.
1581 196 1715 224 Crederes
1741 199 1813 224 hinc

1007 238 1091 266 fuisse
1107 239 1224 267 Ncouem
1252 241 1408 274 episcopum
1431 239 1534 271 πόλεως
1557 239 1698 266 Σιλιάνδου
1720 241 1814 275 Παμ-

1007 281 1103 314 φυλίας
1124 283 1150 308 in
1175 282 1289 309 (‘oncilio
1315 281 1481 309 Chalcedon.
1500 289 1526 316 p.
1547 281 1612 314 556,
1630 282 1680 309 nisi
1692 282 1816 309 aliunde

1006 322 1122 357 liqueret
1138 322 1213 358 Sylbi
1235 323 1268 350 de
1292 331 1344 358 quo
1360 331 1452 357 supra,
1469 324 1612 358 praesulem
1624 323 1718 352 fuisse.
1737 323 1813 351 Vi-lc

1007 371 1034 398 p.
1047 363 1099 391 672
1112 366 1243 391 Actorum
1257 372 1362 391 comm.
1376 365 1469 400 Itaque
1493 366 1527 392 de
1543 366 1593 393 hac
1618 371 1644 392 et
1670 367 1808 400 sequenti

1007 404 1112 439 Myodia
1133 406 1199 432 nihil
1228 406 1376 440 profitebor
1404 406 1476 433 aliud
1491 414 1571 440 quam
1589 406 1809 434 obscurissimas

1007 447 1103 474 videri.
1121 447 1211 474 Inveni
1226 448 1334 482 quidem
1362 448 1388 474 in
1409 447 1513 475 Notitia
1529 447 1587 475 .Iac.
1612 447 1693 476 Gaari
1709 448 1809 475 Μυλὸο

1009 496 1063 522 μην
1091 489 1150 523 ἤτοι
1176 488 1396 521 Ὶουστινόπολιν,
1419 497 1469 524 pro
1489 498 1541 523 qua
1569 488 1805 524 Justinianopolin

1007 529 1038 557 Ν.
1053 530 1232 557 Aletnannum
1246 531 1273 557 in
1287 530 1411 565 Procopii
1427 531 1497 559 Hist.
1518 532 1580 558 Arc.
1604 539 1630 558 c.
1648 531 1678 559 II
1700 532 1805 566 legisse

1005 576 1112 598 constat
1128 580 1135 598 :
1151 572 1198 598 sed
1213 579 1244 599 ca
1258 571 1291 598 ab
1308 572 1411 600 auxilio
1424 573 1535 600 ferendo
1557 578 1660 600 tantum
1674 573 1754 600 abest
1773 576 1804 598 ut

1005 613 1095 639 omnia
1110 613 1264 640 conturbet.

1041 653 1108 681 Ibid.
1120 655 1384 689 Χωριομυλιαδικά.
1401 656 1519 691 Iungere
1535 655 1594 684 haec
1606 664 1687 684 manu
1700 651 1802 684 exara-

1006 700 1047 723 tos
1057 696 1165 724 codices
1179 696 1328 724 Holsteinio
1343 698 1526 730 accreditnus,
1536 706 1586 725 nec
1597 703 1687 726 tamen
1700 699 1800 725 urbem

1005 745 1037 764 eo
1054 738 1163 766 nomine
1179 738 1346 774 Pamphylia:
1358 740 1452 772 fuisse,
1470 748 1529 775 qua:
1551 740 1672 775 ejusdem
1690 741 1717 767 in
1732 741 1799 768 Ste-

1004 779 1086 814 phani
1111 780 1212 807 Μιλύαι
1237 781 1356 816 suspicio
1388 787 1460 809 erat.
1491 781 1586 816 Milyas
1602 789 1616 808 a
1650 781 1801 809 Pto‘emmo

1004 821 1170 857 Pamphylia:
1190 823 1390 850 contribuitur:
1404 824 1466 850 hinc
1486 823 1536 858 τὴν
1559 823 1684 851 Μιλυάδα
1700 824 1800 859 χώραν

1005 862 1031 889 in
1047 861 1136 897 Lyciae
1153 862 1278 899 Phrygiae
1293 869 1319 891 et
1332 864 1496 900 Pamphylia:
1506 865 1602 892 finibus
1617 865 1687 899 apud
1699 865 1800 891 Arria-

977 905 987 914 ’
1005 911 1069 930 num
1082 903 1183 939 Emped.
1193 905 1340 933 Alexandr.
1351 914 1369 938 I,
1387 906 1422 934 25
1435 911 1461 932 et
1471 905 1632 933 Strabonem
1647 914 1684 933 ιιι
1700 914 1727 940 p.
1742 906 1801 933 570

1005 946 1184 981 appellarunt.
1208 947 1305 976 Verum
1330 956 1396 984 ergo
1414 948 1496 975 fuerit
1517 949 1606 984 χωρία
1626 949 1799 982 Μιλυαδικὰ,

1005 994 1034 1016 ut
1047 989 1107 1023 pagi
1119 989 1178 1023 eius
1191 990 1309 1024 regionis
1328 991 1526 1026 intelligantur.

1039 1031 1106 1058 Ibid.
1116 1032 1258 1059 '016acra.
1269 1031 1381 1060 .Iurares
1394 1032 1503 1059 Ὀλόίαν
1514 1040 1584 1065 esse,
1594 1040 1674 1067 quam
1685 1040 1799 1066 omnes,

1004 1073 1025 1101 si
1043 1073 1212 1108 Stephanum
1227 1073 1378 1108 exceperis,
1396 1075 1521 1102 meritum
1535 1079 1680 1109 propterea
1691 1074 1799 1102 Casau-

1004 1115 1079 1148 boni,
1103 1116 1229 1144 Salmasii
1257 1122 1338 1150 atque
1367 1117 1484 1144 aliorum
1516 1118 1798 1149 animadversionem,

1005 1156 1171 1192 Pamphyliae
1190 1159 1386 1186 transcribunt.
1401 1158 1439 1185 Ne
1455 1159 1520 1193 quid
1545 1164 1634 1187 tamen
1659 1164 1798 1190 mutetur,

1005 1198 1164 1226 Ptolemaeus
1189 1204 1285 1227 auctor
1312 1200 1374 1233 erit,
1391 1199 1512 1232 ’06aca,
1539 1201 1607 1231 sive,
1629 1204 1658 1227 ut
1681 1200 1797 1233 Coislio,

1005 1249 1068 1273 nis.,
1083 1240 1205 1267 Ὄλὸασα
1220 1241 1316 1268 Psidia‘.
1334 1241 1405 1268 haud
1423 1241 1536 1268 multum
1554 1249 1568 1268 a
1584 1241 1715 1274 Comana,
1740 1249 1798 1276 quo

1003 1282 1037 1309 de
1071 1282 1169 1317 oppido
1197 1289 1269 1314 mox,
1298 1281 1485 1309 contribuens.
1511 1281 1566 1310 Nec
1584 1282 1799 1310 Psidizementio

1005 1324 1043 1351 illi
1061 1331 1160 1351 nocere
1177 1324 1268 1355 debet,
1285 1331 1345 1350 cum
1370 1323 1501 1351 ﬁnitimas
1515 1331 1577 1351 esse
1597 1324 1752 1358 provincias
1769 1330 1798 1351 et

1004 1365 1080 1400 plura
1095 1364 1154 1398 eius
1167 1365 1266 1400 oppida
1281 1364 1434 1392 IIieroclem
1450 1363 1616 1400 Pamphyliae
1631 1373 1688 1393 sua:
1704 1365 1796 1392 vindi-

1003 1414 1067 1434 care
1079 1407 1281 1442 apertissimum
1295 1407 1344 1433 sit.

1039 1447 1106 1476 Ibid.
1120 1448 1296 1482 Λυσήναρα.
1309 1448 1439 1475 Λυσινιαν
1453 1447 1591 1475 ΡιοΙειῐιαὶί
1602 1455 1662 1475 esse
1679 1456 1732 1476 non
1748 1448 1797 1474 do-

1005 1490 1079 1517 hito:
1095 1498 1156 1516 nam
1169 1495 1198 1517 et
1212 1490 1323 1524 reliquae
1341 1489 1453 1516 Notitist
1472 1490 1565 1517 urbem
1581 1494 1750 1522 agnoscunt,
1767 1494 1796 1515 et

1005 1531 1160 1559 Theodotus
1177 1532 1316 1558 Λυσινέων
1332 1532 1358 1558 in
1378 1531 1508 1558 Chalced.
1537 1532 1652 1558 concilio
1675 1539 1702 1566 p.
1728 1532 1796 1563 40$.

1004 1573 1061 1600 sive
1076 1573 1253 1609 Lysinieusis,
1267 1579 1296 1600 ut
1309 1573 1335 1600 in
1360 1573 1488 1608 synodica
1506 1573 1540 1600 ad
1558 1572 1678 1600 Leonem
1701 1574 1792 1609 impe-

1004 1620 1120 1642 ratorem
1136 1614 1263 1649 epistola,
1278 1619 1458 1642 memoratur.

1039 1655 1108 1683 Ibid.
1123 1656 1254 1691 Κόμωνα.
1270 1655 1329 1683 Νοη
1349 1656 1430 1684 aliter
1445 1656 1618 1690 Ptolemaeus,
1635 1657 1679 1684 cui
1702 1657 1794 1691 Ephe-

1005 1698 1073 1726 stius
1088 1697 1259 1726 Comanenus
1273 1698 1300 1725 in
1316 1699 1445 1733 synodica
1468 1699 1582 1733 cpistola
1605 1699 1770 1733 astipulatur
1785 1710 1793 1729 ς

1005 1748 1066 1768 nam
1081 1747 1191 1774 operam
1206 1739 1320 1767 Carolus
1339 1747 1353 1765 a
1366 1738 1397 1766 S.
1417 1738 1502 1766 Paulo
1518 1741 1649 1771 abutitur,
1665 1748 1726 1767 cum
1742 1741 1796 1768 Co-

1005 1789 1146 1810 ntacenum
1163 1789 1224 1808 eum
1252 1789 1312 1808 esse
1324 1781 1411 1815 jubet.
1436 1781 1494 1808 IInc
1524 1782 1608 1809 refert
1634 1782 1794 1810 Harduinus

1004 1832 1115 1851 numum
1160 1823 1380 1852 IEPOKAICAI’.
1420 1825 1625 1858 ΚΟΜΑΝΕΩΝ,
1660 1826 1794 1860 probabili

1001 1867 1160 1904 eonjectura
1174 1874 1182 1892 :
1199 1866 1310 1900 propius
1331 1866 1404 1894 enim
1419 1867 1482 1894 hinc
1497 1866 1698 1895 Hierocaesarea
1709 1875 1794 1902 quam

1004 1908 1038 1936 ab
1053 1908 1152 1942 oppido
1169 1907 1282 1935 Pontico
1302 1908 1524 1942 Cappadocicove
1537 1909 1632 1936 distat.

1039 1949 1106 1976 Ibid.
1120 1950 1274 1976 Κόλόασα.
1293 1949 1435 1984 Κόρῦασα,
1461 1950 1688 1984 quemadmodum
1702 1949 1795 1978 Ptole-

1006 1999 1098 2023 ma-lts,
1124 1991 1194 2017 ttnde
1210 1990 1362 2026 Corbascus
1389 1992 1542 2026 episcopus,
1571 1996 1600 2018 ut
1632 1991 1746 2019 Carolus
1777 1999 1794 2018 ι

1005 2033 1033 2060 S.
1050 2032 1133 2060 Paulo
1149 2032 1299 2065 admonuit,
1316 2033 1343 2060 in
1370 2033 1487 2061 concilio
1509 2033 1720 2068 Coustantiuop.
1741 2033 1793 2061 sub

1004 2075 1116 2102 Menna.

1039 2117 1106 2145 Ibid.
1123 2116 1249 2151 Κρέμγα.
1269 2117 1397 2152 Κρῆμνα,
1409 2124 1488 2152 quam
1504 2116 1638 2144 coloniam
1654 2116 1794 2145 Romanos

1005 2159 1150 2186 deduxisse
1165 2159 1263 2186 Strabo
1275 2165 1302 2186 et
1320 2159 1482 2187 Ptolemzeus
1496 2163 1642 2186 testantur.
1660 2158 1718 2186 Sita
1730 2165 1792 2187 erat

1006 2203 1031 2229 in
1048 2201 1108 2229 loco
1123 2203 1343 2236 praerupto,'qu:e
1361 2201 1478 2230 fortasse
1499 2201 1617 2229 nominis
1635 2209 1728 2233 causa.
1743 2210 1794 2229 uu-

1004 2244 1084 2277 tlique
1100 2243 1179 2270 fossis
1194 2244 1408 2278 depressissimis
1419 2245 1522 2271 munita
1534 2245 1604 2279 apud
1614 2244 1753 2271 Zosimum
1771 2252 1790 2277 t,

1005 2285 1051 2317 69,
1066 2286 1111 2312 ubi
1129 2290 1218 2313 tamen
1236 2285 1305 2312 male
1316 2285 1405 2321 Lycia:
1416 2286 1558 2313 tribuitur.

1041 2328 1108 2355 Ibid.
1134 2327 1272 2362 Παμένου
1305 2327 1412 2361 τεῖχος.
1449 2328 1638 2362 ’Λνεμοτεῖχος
1661 2327 1793 2356 mendose

1003 2369 1181 2397 Constantino
1205 2368 1263 2402 ι.,ι
1294 2369 1390 2397 Tltetu.
1422 2369 1467 2402 II,
1490 2375 1519 2397 ut
1543 2369 1794 2404 Πανεμοτιιχειτῶν

1005 2411 1079 2438 numi
1095 2415 1257 2438 monstrant.
1270 2411 1365 2445 Τεῖχος
1379 2417 1468 2439 autem
1487 2412 1513 2438 in
1530 2411 1581 2439 hac
1595 2412 1795 2445 compositione

1005 2460 1094 2480 mecm
1111 2456 1201 2486 notat;
1222 2460 1304 2487 quant
1324 2461 1380 2479 rem
1396 2461 1456 2480 cuttt
1475 2453 1597 2488 pluribus
1613 2453 1745 2487 exetnplis
1761 2453 1793 2482 L.

1005 2494 1171 2522 IIolsteinius
1199 2494 1232 2522 ad
1253 2494 1421 2530 Stephanum
1453 2495 1576 2523 stabilire
1607 2495 1794 2528 constituerit,

1004 2543 1090 2571 eaque
1101 2536 1191 2563 absint
1206 2535 1240 2563 ab
1255 2536 1314 2572 ejus
1335 2539 1416 2571 notis,
1432 2543 1464 2564 on
1486 2537 1533 2564 tibi
1558 2544 1589 2564 ea
1614 2543 1647 2564 ex
1673 2537 1794 2570 scltedis,

1005 2585 1117 2611 quarum
1141 2577 1204 2604 mihi
1233 2579 1339 2612 copiam
1361 2578 1425 2606 fecit
1450 2579 1492 2605 vir
1511 2578 1681 2606 clarissimus
1700 2577 1723 2606 l.
1744 2579 1794 2607 Ph.

1006 2617 1149 2647 D‘Orville.
1172 2619 1268 2654 Τεῖχος
1282 2620 1375 2647 multis
1387 2621 1413 2647 in
1434 2620 1498 2647 locis
1508 2625 1622 2647 veterum
1642 2627 1696 2648 non
1711 2622 1795 2648 solum

1004 2668 1108 2687 murum
1125 2661 1170 2688 sed
1193 2666 1218 2688 et
1248 2662 1386 2689 castellum
1408 2662 1560 2692 vertendum
1587 2667 1646 2689 est:
1663 2663 1794 2698 signiﬁcat

1003 2702 1071 2730 enim
1084 2703 1170 2729 locum
1187 2703 1328 2730 munitum.
1341 2702 1388 2730 Ita
1399 2704 1587 2739 fermesemper
1610 2705 1684 2738 apud
1700 2704 1795 2739 Scyla-

1003 2753 1057 2773 cem
1071 2751 1094 2772 et
1112 2744 1282 2773 Herodotum.
1298 2745 1385 2774 Sic..l.
1398 2754 1448 2780 I,(‘.
1460 2747 1494 2774 85
1510 2746 1612 2774 Sardes
1623 2748 1795 2781 νοεαιτείχος

1003 2787 1056 2814 τῶν
1066 2787 1171 2820 Λυδῶν,
1187 2787 1232 2815 ubi
1245 2789 1331 2823 inepte
1345 2789 1471 2823 interpres
1487 2797 1594 2816 murum
1610 2788 1754 2824 Lydorum,
1771 2794 1795 2814 et

1003 2829 1023 2856 I.
1042 2837 1078 2856 vn
1093 2837 1117 2856 c.
1131 2829 1176 2862 59,
1188 2837 1264 2864 quem
1280 2829 1364 2856 locum
1373 2831 1462 2857 notaui
1475 2831 1509 2857 ad
1523 2830 1698 2866 Stephanum.
1710 2829 1796 2855 Justi-

1005 2879 1055 2898 nus
1085 2870 1194 2899 Caltart.
1221 2871 1256 2898 ad
1279 2870 1385 2899 arma:
1405 2878 1414 2898 .'
1440 2872 1486 2899 ὲπὶ
1505 2874 1620 2904 τούτους
1643 2871 1698 2906 γὰρ
1715 2871 1792 2906 (τὼς
