  <div class='ocr_page' id='page_1' title='image "/cluster/home/n/w/nwhite01/storage/ocr_20150623/113/njp.32101077772968/624.png"; bbox 0 0 1911 3071; ppageno 0'>
   <div class='ocr_carea' id='block_1_1' title="bbox 114 139 190 172">
    <p class='ocr_par' dir='ltr' id='par_1_1' title="bbox 114 139 190 172">
     <span class='ocr_line' id='line_1_1' title="bbox 114 139 190 172; baseline 0.013 -1"><span class='ocrx_word' id='word_1_1' title='bbox 114 139 190 172; x_wconf 82' lang='lat'><strong>1138</strong></span> 
     </span>
    </p>
   </div>
   <div class='ocr_carea' id='block_1_2' title="bbox 108 194 907 235">
    <p class='ocr_par' dir='ltr' id='par_1_2' title="bbox 108 194 907 235">
     <span class='ocr_line' id='line_1_2' title="bbox 108 194 907 235; baseline -0.006 -9"><span class='ocrx_word' id='word_1_2' title='bbox 108 197 291 235; x_wconf 69' lang='grc' dir='ltr'>φιλοαόφους)</span> <span class='ocrx_word' id='word_1_3' title='bbox 308 197 404 233; x_wconf 81' lang='grc' dir='ltr'>ὥσπερ</span> <span class='ocrx_word' id='word_1_4' title='bbox 432 196 479 224; x_wconf 70' lang='grc' dir='ltr'><strong><em>ἐπὶ</em></strong></span> <span class='ocrx_word' id='word_1_5' title='bbox 504 198 592 232; x_wconf 77' lang='grc' dir='ltr'><strong><em>τεῖχος</em></strong></span> <span class='ocrx_word' id='word_1_6' title='bbox 608 196 707 232; x_wconf 75' lang='grc' dir='ltr'>ὀχυρὸν</span> <span class='ocrx_word' id='word_1_7' title='bbox 723 194 907 229; x_wconf 81' lang='grc' dir='ltr'><strong><em>καταφεύγειν</em></strong></span> 
     </span>
    </p>
   </div>
   <div class='ocr_carea' id='block_1_3' title="bbox 107 237 907 267">
    <p class='ocr_par' dir='ltr' id='par_1_3' title="bbox 107 237 907 267">
     <span class='ocr_line' id='line_1_3' title="bbox 107 237 907 267; baseline -0.004 -1"><span class='ocrx_word' id='word_1_8' title='bbox 107 240 254 267; x_wconf 66' lang='grc' dir='ltr'>εἰώθασιν.</span> <span class='ocrx_word' id='word_1_9' title='bbox 278 238 310 265; x_wconf 84' lang='lat' dir='ltr'><strong><em>Et</em></strong></span> <span class='ocrx_word' id='word_1_10' title='bbox 332 238 409 266; x_wconf 91' lang='lat' dir='ltr'><strong><em>Orat.</em></strong></span> <span class='ocrx_word' id='word_1_11' title='bbox 427 239 461 264; x_wconf 85' lang='lat' dir='ltr'><strong><em>ad</em></strong></span> <span class='ocrx_word' id='word_1_12' title='bbox 477 237 583 265; x_wconf 71' lang='grc' dir='ltr'><strong><em>σταται</em></strong></span> <span class='ocrx_word' id='word_1_13' title='bbox 608 237 734 264; x_wconf 74' lang='lat' dir='ltr'><strong><em>Hercules</em></strong></span> <span class='ocrx_word' id='word_1_14' title='bbox 756 237 825 264; x_wconf 80' lang='lat' dir='ltr'><strong><em>inter</em></strong></span> <span class='ocrx_word' id='word_1_15' title='bbox 839 237 907 263; x_wconf 79' lang='lat' dir='ltr'><strong><em>alios</em></strong></span> 
     </span>
    </p>
   </div>
   <div class='ocr_carea' id='block_1_4' title="bbox 109 278 909 315">
    <p class='ocr_par' dir='ltr' id='par_1_4' title="bbox 109 278 909 315">
     <span class='ocr_line' id='line_1_4' title="bbox 109 278 909 315; baseline -0.006 -7"><span class='ocrx_word' id='word_1_16' title='bbox 109 283 219 308; x_wconf 75' lang='lat' dir='ltr'><strong><em>laboret</em></strong></span> <span class='ocrx_word' id='word_1_17' title='bbox 236 281 328 314; x_wconf 77' lang='lat' dir='ltr'><strong><em>Augite</em></strong></span> <span class='ocrx_word' id='word_1_18' title='bbox 345 279 443 315; x_wconf 72' lang='grc' dir='ltr'>ὀχυρὸν</span> <span class='ocrx_word' id='word_1_19' title='bbox 456 281 546 314; x_wconf 71' lang='grc' dir='ltr'><strong>τεῖχος</strong></span> <span class='ocrx_word' id='word_1_20' title='bbox 561 288 576 306; x_wconf 83' lang='grc' dir='ltr'><strong><em>α</em></strong></span> <span class='ocrx_word' id='word_1_21' title='bbox 588 280 709 306; x_wconf 70' lang='lat' dir='ltr'><strong><em>sordibus</em></strong></span> <span class='ocrx_word' id='word_1_22' title='bbox 723 286 851 314; x_wconf 74' lang='lat' dir='ltr'><strong><em>purgasse</em></strong></span> <span class='ocrx_word' id='word_1_23' title='bbox 866 278 909 304; x_wconf 85' lang='lat' dir='ltr'><strong><em>di-</em></strong></span> 
     </span>
    </p>
   </div>
   <div class='ocr_carea' id='block_1_5' title="bbox 107 319 909 355">
    <p class='ocr_par' dir='ltr' id='par_1_5' title="bbox 107 319 909 355">
     <span class='ocr_line' id='line_1_5' title="bbox 107 319 909 355; baseline -0.004 -6"><span class='ocrx_word' id='word_1_24' title='bbox 107 325 185 349; x_wconf 80' lang='lat' dir='ltr'><strong><em>citur</em></strong></span> <span class='ocrx_word' id='word_1_25' title='bbox 193 330 203 349; x_wconf 90' lang='lat'><strong><em>:</em></strong></span> <span class='ocrx_word' id='word_1_26' title='bbox 214 321 349 355; x_wconf 77' lang='lat' dir='ltr'><strong><em>utrobique</em></strong></span> <span class='ocrx_word' id='word_1_27' title='bbox 358 321 584 348; x_wconf 72' lang='lat' dir='ltr'><strong><em>vnlidumnturnm</em></strong></span> <span class='ocrx_word' id='word_1_28' title='bbox 594 321 706 347; x_wconf 73' lang='lat' dir='ltr'><strong><em>reddunt</em></strong></span> <span class='ocrx_word' id='word_1_29' title='bbox 724 327 850 354; x_wconf 73' lang='lat' dir='ltr'><strong><em>perverse.</em></strong></span> <span class='ocrx_word' id='word_1_30' title='bbox 870 319 909 346; x_wconf 84' lang='lat' dir='ltr'><strong><em>lla</em></strong></span> 
     </span>
    </p>
   </div>
   <div class='ocr_carea' id='block_1_6' title="bbox 108 360 909 398">
    <p class='ocr_par' dir='ltr' id='par_1_6' title="bbox 108 360 909 398">
     <span class='ocr_line' id='line_1_6' title="bbox 108 360 909 398; baseline -0.005 -8"><span class='ocrx_word' id='word_1_31' title='bbox 108 365 175 390; x_wconf 79' lang='grc' dir='ltr'>νέον</span> <span class='ocrx_word' id='word_1_32' title='bbox 183 365 282 398; x_wconf 82' lang='grc' dir='ltr'><strong><em>τεῖχος,</em></strong></span> <span class='ocrx_word' id='word_1_33' title='bbox 293 362 517 398; x_wconf 75' lang='grc' dir='ltr'><strong><em>’Λδώνουτεῖχος,</em></strong></span> <span class='ocrx_word' id='word_1_34' title='bbox 533 362 642 397; x_wconf 78' lang='grc' dir='ltr'>Ἡραῖον</span> <span class='ocrx_word' id='word_1_35' title='bbox 655 362 744 397; x_wconf 76' lang='grc' dir='ltr'><strong><em>τεῖχος</em></strong></span> <span class='ocrx_word' id='word_1_36' title='bbox 760 365 786 388; x_wconf 89' lang='lat' dir='ltr'><strong><em>et</em></strong></span> <span class='ocrx_word' id='word_1_37' title='bbox 795 360 909 387; x_wconf 69' lang='grc' dir='ltr'>παλαιὸν</span> 
     </span>
    </p>
   </div>
   <div class='ocr_carea' id='block_1_7' title="bbox 108 402 908 441">
    <p class='ocr_par' dir='ltr' id='par_1_7' title="bbox 108 402 908 441">
     <span class='ocr_line' id='line_1_7' title="bbox 108 402 908 441; baseline -0.005 -9"><span class='ocrx_word' id='word_1_38' title='bbox 108 407 204 441; x_wconf 74' lang='grc' dir='ltr'><strong><em>τεῖχος</em></strong></span> <span class='ocrx_word' id='word_1_39' title='bbox 223 406 250 432; x_wconf 86' lang='lat' dir='ltr'><strong><em>in</em></strong></span> <span class='ocrx_word' id='word_1_40' title='bbox 266 404 356 440; x_wconf 75' lang='lat' dir='ltr'><strong><em>Steph.</em></strong></span> <span class='ocrx_word' id='word_1_41' title='bbox 370 404 469 438; x_wconf 84' lang='grc' dir='ltr'>Γάγαι.</span> <span class='ocrx_word' id='word_1_42' title='bbox 489 404 575 438; x_wconf 79' lang='lat' dir='ltr'><strong><em>Atque</em></strong></span> <span class='ocrx_word' id='word_1_43' title='bbox 594 404 632 430; x_wconf 83' lang='lat' dir='ltr'><strong><em>ita</em></strong></span> <span class='ocrx_word' id='word_1_44' title='bbox 651 404 739 437; x_wconf 77' lang='lat' dir='ltr'><strong><em>accipe</em></strong></span> <span class='ocrx_word' id='word_1_45' title='bbox 758 403 785 429; x_wconf 83' lang='lat' dir='ltr'><strong><em>in</em></strong></span> <span class='ocrx_word' id='word_1_46' title='bbox 801 402 908 429; x_wconf 78' lang='lat' dir='ltr'><strong><em>oraculo</em></strong></span> 
     </span>
    </p>
   </div>
   <div class='ocr_carea' id='block_1_8' title="bbox 108 443 909 481">
    <p class='ocr_par' dir='ltr' id='par_1_8' title="bbox 108 443 909 481">
     <span class='ocr_line' id='line_1_8' title="bbox 108 443 909 481; baseline -0.004 -8"><span class='ocrx_word' id='word_1_47' title='bbox 108 447 246 481; x_wconf 73' lang='lat' dir='ltr'><strong><em>Apollini:</em></strong></span> <span class='ocrx_word' id='word_1_48' title='bbox 262 446 462 473; x_wconf 64' lang='lat' dir='ltr'><strong><em>Atheniensibus</em></strong></span> <span class='ocrx_word' id='word_1_49' title='bbox 480 445 542 472; x_wconf 82' lang='lat' dir='ltr'><strong><em>dato</em></strong></span> <span class='ocrx_word' id='word_1_50' title='bbox 559 445 664 478; x_wconf 78' lang='grc' dir='ltr'>ξύλινον</span> <span class='ocrx_word' id='word_1_51' title='bbox 682 446 781 479; x_wconf 78' lang='grc' dir='ltr'><strong><em>τεῖχος,</em></strong></span> <span class='ocrx_word' id='word_1_52' title='bbox 806 449 831 471; x_wconf 85' lang='lat' dir='ltr'><strong><em>et</em></strong></span> <span class='ocrx_word' id='word_1_53' title='bbox 850 443 909 470; x_wconf 71' lang='lat' dir='ltr'><strong><em>vide.</em></strong></span> 
     </span>
    </p>
   </div>
   <div class='ocr_carea' id='block_1_9' title="bbox 108 486 907 523">
    <p class='ocr_par' dir='ltr' id='par_1_9' title="bbox 108 486 907 523">
     <span class='ocr_line' id='line_1_9' title="bbox 108 486 907 523; baseline -0.004 -8"><span class='ocrx_word' id='word_1_54' title='bbox 108 489 201 523; x_wconf 77' lang='lat' dir='ltr'><strong><em>ipsum</em></strong></span> <span class='ocrx_word' id='word_1_55' title='bbox 216 487 381 521; x_wconf 67' lang='lat' dir='ltr'><strong><em>Stephanum</em></strong></span> <span class='ocrx_word' id='word_1_56' title='bbox 396 488 425 514; x_wconf 79' lang='lat' dir='ltr'><strong><em>in</em></strong></span> <span class='ocrx_word' id='word_1_57' title='bbox 449 487 550 521; x_wconf 79' lang='grc' dir='ltr'><strong><em>τεῖχος,</em></strong></span> <span class='ocrx_word' id='word_1_58' title='bbox 573 487 616 513; x_wconf 78' lang='lat' dir='ltr'><strong><em>ubi</em></strong></span> <span class='ocrx_word' id='word_1_59' title='bbox 635 486 765 521; x_wconf 83' lang='grc' dir='ltr'>φρούριον</span> <span class='ocrx_word' id='word_1_60' title='bbox 789 486 907 519; x_wconf 55' lang='lat' dir='ltr'><strong><em>exponit.</em></strong></span> 
     </span>
    </p>
   </div>
   <div class='ocr_carea' id='block_1_10' title="bbox 111 526 908 563">
    <p class='ocr_par' dir='ltr' id='par_1_10' title="bbox 111 526 908 563">
     <span class='ocr_line' id='line_1_10' title="bbox 111 526 908 563; baseline -0.004 -8"><span class='ocrx_word' id='word_1_61' title='bbox 111 529 192 556; x_wconf 82' lang='lat' dir='ltr'><strong><em>Idem</em></strong></span> <span class='ocrx_word' id='word_1_62' title='bbox 203 528 327 555; x_wconf 69' lang='lat' dir='ltr'><strong><em>Justinus</em></strong></span> <span class='ocrx_word' id='word_1_63' title='bbox 338 529 443 563; x_wconf 75' lang='lat' dir='ltr'><strong><em>dialogo</em></strong></span> <span class='ocrx_word' id='word_1_64' title='bbox 449 536 510 555; x_wconf 83' lang='lat' dir='ltr'><strong><em>cum</em></strong></span> <span class='ocrx_word' id='word_1_65' title='bbox 522 527 658 563; x_wconf 82' lang='lat' dir='ltr'><strong><em>Tryp/tone</em></strong></span> <span class='ocrx_word' id='word_1_66' title='bbox 670 526 808 554; x_wconf 82' lang='lat' dir='ltr'><strong><em>Platonem</em></strong></span> <span class='ocrx_word' id='word_1_67' title='bbox 818 526 908 553; x_wconf 83' lang='lat' dir='ltr'><strong><em>scribit</em></strong></span> 
     </span>
    </p>
   </div>
   <div class='ocr_carea' id='block_1_11' title="bbox 108 568 908 606">
    <p class='ocr_par' dir='ltr' id='par_1_11' title="bbox 108 568 908 606">
     <span class='ocr_line' id='line_1_11' title="bbox 108 568 908 606; baseline -0.005 -8"><span class='ocrx_word' id='word_1_68' title='bbox 108 577 136 598; x_wconf 76' lang='lat' dir='ltr'><strong><em>et</em></strong></span> <span class='ocrx_word' id='word_1_69' title='bbox 151 570 332 606; x_wconf 79' lang='lat' dir='ltr'><strong><em>Pythagoram</em></strong></span> <span class='ocrx_word' id='word_1_70' title='bbox 345 578 400 597; x_wconf 83' lang='lat' dir='ltr'><strong><em>este</em></strong></span> <span class='ocrx_word' id='word_1_71' title='bbox 424 570 519 605; x_wconf 79' lang='grc' dir='ltr'>ὥσπερ</span> <span class='ocrx_word' id='word_1_72' title='bbox 542 571 632 604; x_wconf 75' lang='grc' dir='ltr'>τεῖχος</span> <span class='ocrx_word' id='word_1_73' title='bbox 655 570 703 596; x_wconf 76' lang='grc' dir='ltr'><strong><em>καὶ</em></strong></span> <span class='ocrx_word' id='word_1_74' title='bbox 722 568 838 603; x_wconf 77' lang='grc' dir='ltr'><strong><em>ἔρεισμα</em></strong></span> <span class='ocrx_word' id='word_1_75' title='bbox 858 570 908 603; x_wconf 81' lang='grc' dir='ltr'><strong><em>τῆς</em></strong></span> 
     </span>
    </p>
   </div>
   <div class='ocr_carea' id='block_1_12' title="bbox 111 611 905 646">
    <p class='ocr_par' dir='ltr' id='par_1_12' title="bbox 111 611 905 646">
     <span class='ocr_line' id='line_1_12' title="bbox 111 611 905 646; baseline -0.004 -8"><span class='ocrx_word' id='word_1_76' title='bbox 111 613 277 646; x_wconf 71' lang='grc' dir='ltr'>φιλοσοφίας</span> <span class='ocrx_word' id='word_1_77' title='bbox 292 620 299 627; x_wconf 90' lang='grc'><strong>·</strong></span> <span class='ocrx_word' id='word_1_78' title='bbox 317 611 391 638; x_wconf 84' lang='lat' dir='ltr'><strong><em>Velut</em></strong></span> <span class='ocrx_word' id='word_1_79' title='bbox 411 619 516 638; x_wconf 82' lang='lat' dir='ltr'><strong><em>murum</em></strong></span> <span class='ocrx_word' id='word_1_80' title='bbox 531 616 554 637; x_wconf 86' lang='lat' dir='ltr'><strong><em>et</em></strong></span> <span class='ocrx_word' id='word_1_81' title='bbox 573 612 693 637; x_wconf 78' lang='lat' dir='ltr'><strong><em>columen</em></strong></span> <span class='ocrx_word' id='word_1_82' title='bbox 710 611 748 636; x_wconf 89' lang='lat' dir='ltr'><strong><em>ait</em></strong></span> <span class='ocrx_word' id='word_1_83' title='bbox 770 611 905 644; x_wconf 72' lang='lat' dir='ltr'><strong><em>interpres,</em></strong></span> 
     </span>
    </p>
   </div>
   <div class='ocr_carea' id='block_1_13' title="bbox 109 651 906 688">
    <p class='ocr_par' dir='ltr' id='par_1_13' title="bbox 109 651 906 688">
     <span class='ocr_line' id='line_1_13' title="bbox 109 651 906 688; baseline -0.001 -9"><span class='ocrx_word' id='word_1_84' title='bbox 109 662 162 688; x_wconf 77' lang='lat' dir='ltr'><strong><em>ego</em></strong></span> <span class='ocrx_word' id='word_1_85' title='bbox 174 655 260 688; x_wconf 75' lang='lat' dir='ltr'><strong><em>potius</em></strong></span> <span class='ocrx_word' id='word_1_86' title='bbox 274 661 360 680; x_wconf 82' lang='lat' dir='ltr'><strong><em>arcem</em></strong></span> <span class='ocrx_word' id='word_1_87' title='bbox 375 657 400 679; x_wconf 85' lang='lat' dir='ltr'><strong><em>et</em></strong></span> <span class='ocrx_word' id='word_1_88' title='bbox 415 653 605 680; x_wconf 81' lang='lat' dir='ltr'><strong><em>munimentum</em></strong></span> <span class='ocrx_word' id='word_1_89' title='bbox 622 659 631 678; x_wconf 88' lang='lat'><strong><em>:</em></strong></span> <span class='ocrx_word' id='word_1_90' title='bbox 649 660 711 679; x_wconf 86' lang='lat' dir='ltr'><strong><em>nam</em></strong></span> <span class='ocrx_word' id='word_1_91' title='bbox 732 657 757 678; x_wconf 89' lang='lat' dir='ltr'><strong><em>et</em></strong></span> <span class='ocrx_word' id='word_1_92' title='bbox 779 651 906 678; x_wconf 78' lang='lat' dir='ltr'><strong><em>Homerus</em></strong></span> 
     </span>
    </p>
   </div>
   <div class='ocr_carea' id='block_1_14' title="bbox 113 693 904 730">
    <p class='ocr_par' dir='ltr' id='par_1_14' title="bbox 113 693 904 730">
     <span class='ocr_line' id='line_1_14' title="bbox 113 693 904 730; baseline -0.003 -8"><span class='ocrx_word' id='word_1_93' title='bbox 113 694 199 722; x_wconf 70' lang='lat' dir='ltr'><strong><em>Iliad.</em></strong></span> <span class='ocrx_word' id='word_1_94' title='bbox 212 695 234 721; x_wconf 79' lang='grc' dir='ltr'>Α</span> <span class='ocrx_word' id='word_1_95' title='bbox 249 694 300 722; x_wconf 74' lang='grc'><strong><em>407</em></strong></span> <span class='ocrx_word' id='word_1_96' title='bbox 317 696 406 730; x_wconf 80' lang='grc' dir='ltr'><strong><em>τεῖχος</em></strong></span> <span class='ocrx_word' id='word_1_97' title='bbox 431 695 540 729; x_wconf 80' lang='grc' dir='ltr'>Ἀρειον</span> <span class='ocrx_word' id='word_1_98' title='bbox 552 698 629 721; x_wconf 80' lang='lat' dir='ltr'><strong><em>vocat</em></strong></span> <span class='ocrx_word' id='word_1_99' title='bbox 649 693 761 725; x_wconf 76' lang='lat' dir='ltr'><strong><em>Thebas,</em></strong></span> <span class='ocrx_word' id='word_1_100' title='bbox 776 693 852 728; x_wconf 82' lang='lat' dir='ltr'><strong><em>quasi</em></strong></span> <span class='ocrx_word' id='word_1_101' title='bbox 864 693 904 720; x_wconf 81' lang='lat' dir='ltr'><strong><em>la-</em></strong></span> 
     </span>
    </p>
   </div>
   <div class='ocr_carea' id='block_1_15' title="bbox 112 734 905 770">
    <p class='ocr_par' dir='ltr' id='par_1_15' title="bbox 112 734 905 770">
     <span class='ocr_line' id='line_1_15' title="bbox 112 734 905 770; baseline -0.003 -8"><span class='ocrx_word' id='word_1_102' title='bbox 112 743 177 762; x_wconf 78' lang='lat' dir='ltr'><strong><em>cum</em></strong></span> <span class='ocrx_word' id='word_1_103' title='bbox 190 735 222 762; x_wconf 82' lang='lat' dir='ltr'><strong><em>ab</em></strong></span> <span class='ocrx_word' id='word_1_104' title='bbox 235 736 289 770; x_wconf 71' lang='lat' dir='ltr'><strong><em>ipsa</em></strong></span> <span class='ocrx_word' id='word_1_105' title='bbox 304 735 390 763; x_wconf 79' lang='lat' dir='ltr'><strong><em>Marte</em></strong></span> <span class='ocrx_word' id='word_1_106' title='bbox 402 736 544 768; x_wconf 82' lang='lat' dir='ltr'><strong><em>munitum,</em></strong></span> <span class='ocrx_word' id='word_1_107' title='bbox 563 735 655 762; x_wconf 75' lang='lat' dir='ltr'><strong><em>Martis</em></strong></span> <span class='ocrx_word' id='word_1_108' title='bbox 667 734 905 769; x_wconf 78' lang='lat' dir='ltr'><strong><em>propugnaculum.</em></strong></span> 
     </span>
    </p>
   </div>
   <div class='ocr_carea' id='block_1_16' title="bbox 111 777 904 813">
    <p class='ocr_par' dir='ltr' id='par_1_16' title="bbox 111 777 904 813">
     <span class='ocr_line' id='line_1_16' title="bbox 111 777 904 813; baseline -0.004 -8"><span class='ocrx_word' id='word_1_109' title='bbox 111 777 181 805; x_wconf 69' lang='lat' dir='ltr'><strong><em>“ccc</em></strong></span> <span class='ocrx_word' id='word_1_110' title='bbox 196 778 237 805; x_wconf 78' lang='lat' dir='ltr'><strong><em>vir</em></strong></span> <span class='ocrx_word' id='word_1_111' title='bbox 251 778 443 811; x_wconf 81' lang='lat' dir='ltr'><strong><em>doctissimus;</em></strong></span> <span class='ocrx_word' id='word_1_112' title='bbox 458 786 518 813; x_wconf 70' lang='lat' dir='ltr'><strong><em>qua:</em></strong></span> <span class='ocrx_word' id='word_1_113' title='bbox 533 778 585 805; x_wconf 91' lang='lat' dir='ltr'><strong><em>etsi</em></strong></span> <span class='ocrx_word' id='word_1_114' title='bbox 598 777 740 805; x_wconf 87' lang='lat' dir='ltr'><strong><em>verissime</em></strong></span> <span class='ocrx_word' id='word_1_115' title='bbox 763 777 904 804; x_wconf 82' lang='lat' dir='ltr'><strong><em>observata</em></strong></span> 
     </span>
    </p>
   </div>
   <div class='ocr_carea' id='block_1_17' title="bbox 113 818 906 853">
    <p class='ocr_par' dir='ltr' id='par_1_17' title="bbox 113 818 906 853">
     <span class='ocr_line' id='line_1_17' title="bbox 113 818 906 853; baseline -0.003 -6"><span class='ocrx_word' id='word_1_116' title='bbox 113 821 182 853; x_wconf 81' lang='lat' dir='ltr'><strong><em>sint,</em></strong></span> <span class='ocrx_word' id='word_1_117' title='bbox 198 828 250 847; x_wconf 92' lang='lat' dir='ltr'><strong><em>non</em></strong></span> <span class='ocrx_word' id='word_1_118' title='bbox 263 820 337 847; x_wconf 83' lang='lat' dir='ltr'><strong><em>ivero</em></strong></span> <span class='ocrx_word' id='word_1_119' title='bbox 350 825 440 847; x_wconf 85' lang='lat' dir='ltr'><strong><em>tamen</em></strong></span> <span class='ocrx_word' id='word_1_120' title='bbox 456 820 568 851; x_wconf 81' lang='lat' dir='ltr'><strong><em>inﬁtias.</em></strong></span> <span class='ocrx_word' id='word_1_121' title='bbox 586 827 692 846; x_wconf 76' lang='lat' dir='ltr'><strong><em>riturum</em></strong></span> <span class='ocrx_word' id='word_1_122' title='bbox 706 818 776 853; x_wconf 86' lang='lat' dir='ltr'><strong><em>apud</em></strong></span> <span class='ocrx_word' id='word_1_123' title='bbox 795 818 906 845; x_wconf 85' lang='lat' dir='ltr'><strong><em>Latinos</em></strong></span> 
     </span>
    </p>
   </div>
   <div class='ocr_carea' id='block_1_18' title="bbox 109 860 905 897">
    <p class='ocr_par' dir='ltr' id='par_1_18' title="bbox 109 860 905 897">
     <span class='ocr_line' id='line_1_18' title="bbox 109 860 905 897; baseline -0.004 -7"><span class='ocrx_word' id='word_1_124' title='bbox 109 864 242 890; x_wconf 74' lang='lat' dir='ltr'><strong><em>catndem</em></strong></span> <span class='ocrx_word' id='word_1_125' title='bbox 257 862 328 889; x_wconf 83' lang='lat' dir='ltr'><strong>haud</strong></span> <span class='ocrx_word' id='word_1_126' title='bbox 345 869 407 889; x_wconf 86' lang='lat' dir='ltr'><strong><em>raro</em></strong></span> <span class='ocrx_word' id='word_1_127' title='bbox 426 861 649 897; x_wconf 81' lang='lat' dir='ltr'><strong><em>signiﬁcationem</em></strong></span> <span class='ocrx_word' id='word_1_128' title='bbox 666 861 813 896; x_wconf 86' lang='lat' dir='ltr'><strong><em>possidere.</em></strong></span> <span class='ocrx_word' id='word_1_129' title='bbox 839 860 905 888; x_wconf 85' lang='lat' dir='ltr'><strong><em>Vide</em></strong></span> 
     </span>
    </p>
   </div>
   <div class='ocr_carea' id='block_1_19' title="bbox 114 901 911 939">
    <p class='ocr_par' dir='ltr' id='par_1_19' title="bbox 114 901 911 939">
     <span class='ocr_line' id='line_1_19' title="bbox 114 901 911 939; baseline -0.004 -8"><span class='ocrx_word' id='word_1_130' title='bbox 114 905 223 931; x_wconf 79' lang='lat' dir='ltr'><strong><em>Anton.</em></strong></span> <span class='ocrx_word' id='word_1_131' title='bbox 241 904 338 931; x_wconf 75' lang='lat' dir='ltr'><strong><em>ltiner.</em></strong></span> <span class='ocrx_word' id='word_1_132' title='bbox 355 911 383 939; x_wconf 90' lang='lat' dir='ltr'><strong><em>p.</em></strong></span> <span class='ocrx_word' id='word_1_133' title='bbox 398 903 451 932; x_wconf 69' lang='lat' dir='ltr'><strong><em>6M</em></strong></span> <span class='ocrx_word' id='word_1_134' title='bbox 467 907 495 931; x_wconf 91' lang='lat' dir='ltr'><strong><em>et</em></strong></span> <span class='ocrx_word' id='word_1_135' title='bbox 519 902 657 930; x_wconf 82' lang='lat' dir='ltr'><strong><em>Wassium</em></strong></span> <span class='ocrx_word' id='word_1_136' title='bbox 670 902 705 930; x_wconf 89' lang='lat' dir='ltr'><strong><em>ad</em></strong></span> <span class='ocrx_word' id='word_1_137' title='bbox 719 902 830 930; x_wconf 75' lang='lat' dir='ltr'><strong><em>Sallust.</em></strong></span> <span class='ocrx_word' id='word_1_138' title='bbox 853 901 911 936; x_wconf 66' lang='lat' dir='ltr'><strong><em>Ca;</em></strong></span> 
     </span>
    </p>
   </div>
   <div class='ocr_carea' id='block_1_20' title="bbox 116 946 286 974">
    <p class='ocr_par' dir='ltr' id='par_1_20' title="bbox 116 946 286 974">
     <span class='ocr_line' id='line_1_20' title="bbox 116 946 286 974; baseline 0.006 -2"><span class='ocrx_word' id='word_1_139' title='bbox 116 946 188 973; x_wconf 87' lang='lat' dir='ltr'><strong><em>tiliu.</em></strong></span> <span class='ocrx_word' id='word_1_140' title='bbox 205 946 286 974; x_wconf 68' lang='lat'><strong><em>6.6!.</em></strong></span> 
     </span>
    </p>
   </div>
   <div class='ocr_carea' id='block_1_21' title="bbox 120 985 905 1022">
    <p class='ocr_par' dir='ltr' id='par_1_21' title="bbox 120 985 905 1022">
     <span class='ocr_line' id='line_1_21' title="bbox 120 985 905 1022; baseline 0 -9"><span class='ocrx_word' id='word_1_141' title='bbox 120 985 394 1022; x_wconf 69' lang='grc' dir='ltr'><strong><em>(ὶοῖ.148.“Αριασός.</em></strong></span> <span class='ocrx_word' id='word_1_142' title='bbox 409 987 524 1016; x_wconf 83' lang='lat' dir='ltr'><strong><em>Gemina</em></strong></span> <span class='ocrx_word' id='word_1_143' title='bbox 548 986 675 1014; x_wconf 80' lang='lat' dir='ltr'><strong><em>sibilante</em></strong></span> <span class='ocrx_word' id='word_1_144' title='bbox 695 985 859 1013; x_wconf 76' lang='lat' dir='ltr'><strong><em>Ptolemaeus</em></strong></span> <span class='ocrx_word' id='word_1_145' title='bbox 878 989 905 1013; x_wconf 86' lang='lat' dir='ltr'><strong><em>et</em></strong></span> 
     </span>
    </p>
   </div>
   <div class='ocr_carea' id='block_1_22' title="bbox 115 1026 903 1063">
    <p class='ocr_par' dir='ltr' id='par_1_22' title="bbox 115 1026 903 1063">
     <span class='ocr_line' id='line_1_22' title="bbox 115 1026 903 1063; baseline -0.004 -7"><span class='ocrx_word' id='word_1_146' title='bbox 115 1036 171 1056; x_wconf 77' lang='lat' dir='ltr'><strong><em>ms.</em></strong></span> <span class='ocrx_word' id='word_1_147' title='bbox 188 1028 277 1062; x_wconf 86' lang='lat' dir='ltr'><strong><em>Leid.,</em></strong></span> <span class='ocrx_word' id='word_1_148' title='bbox 293 1037 341 1057; x_wconf 85' lang='lat' dir='ltr'><strong><em>nec</em></strong></span> <span class='ocrx_word' id='word_1_149' title='bbox 352 1029 526 1057; x_wconf 74' lang='lat' dir='ltr'><strong><em>discordante</em></strong></span> <span class='ocrx_word' id='word_1_150' title='bbox 535 1027 685 1062; x_wconf 86' lang='lat' dir='ltr'><strong><em>Theophilo</em></strong></span> <span class='ocrx_word' id='word_1_151' title='bbox 695 1027 744 1063; x_wconf 77' lang='grc' dir='ltr'><strong><em>τῆς</em></strong></span> <span class='ocrx_word' id='word_1_152' title='bbox 758 1026 903 1063; x_wconf 79' lang='grc' dir='ltr'><strong><em>Ἀριασσοῦ</em></strong></span> 
     </span>
    </p>
   </div>
   <div class='ocr_carea' id='block_1_23' title="bbox 117 1069 905 1106">
    <p class='ocr_par' dir='ltr' id='par_1_23' title="bbox 117 1069 905 1106">
     <span class='ocr_line' id='line_1_23' title="bbox 117 1069 905 1106; baseline 0 -10"><span class='ocrx_word' id='word_1_153' title='bbox 117 1070 145 1096; x_wconf 89' lang='lat' dir='ltr'><strong><em>in</em></strong></span> <span class='ocrx_word' id='word_1_154' title='bbox 154 1070 280 1098; x_wconf 84' lang='lat' dir='ltr'><strong><em>Cbalced.</em></strong></span> <span class='ocrx_word' id='word_1_155' title='bbox 298 1079 323 1106; x_wconf 93' lang='lat' dir='ltr'><strong><em>p.</em></strong></span> <span class='ocrx_word' id='word_1_156' title='bbox 337 1071 400 1104; x_wconf 74' lang='grc'>672,</span> <span class='ocrx_word' id='word_1_157' title='bbox 420 1071 526 1098; x_wconf 83' lang='lat' dir='ltr'><strong><em>tametsi</em></strong></span> <span class='ocrx_word' id='word_1_158' title='bbox 539 1077 680 1105; x_wconf 84' lang='lat' dir='ltr'><strong><em>perperam</em></strong></span> <span class='ocrx_word' id='word_1_159' title='bbox 697 1069 785 1105; x_wconf 80' lang='lat' dir='ltr'><strong><em>p.556</em></strong></span> <span class='ocrx_word' id='word_1_160' title='bbox 802 1069 905 1100; x_wconf 80' lang='grc' dir='ltr'><strong><em>πόλεως</em></strong></span> 
     </span>
    </p>
   </div>
   <div class='ocr_carea' id='block_1_24' title="bbox 113 1110 464 1149">
    <p class='ocr_par' dir='ltr' id='par_1_24' title="bbox 113 1110 464 1149">
     <span class='ocr_line' id='line_1_24' title="bbox 113 1110 464 1149; baseline 0.006 -11"><span class='ocrx_word' id='word_1_161' title='bbox 113 1110 265 1147; x_wconf 73' lang='grc' dir='ltr'><strong><em>Ἄρκισσοῦ</em></strong></span> <span class='ocrx_word' id='word_1_162' title='bbox 292 1113 464 1149; x_wconf 79' lang='grc' dir='ltr'>Παμφυλίας.</span> 
     </span>
    </p>
   </div>
   <div class='ocr_carea' id='block_1_25' title="bbox 155 1153 903 1191">
    <p class='ocr_par' dir='ltr' id='par_1_25' title="bbox 155 1153 903 1191">
     <span class='ocr_line' id='line_1_25' title="bbox 155 1153 903 1191; baseline -0.001 -10"><span class='ocrx_word' id='word_1_163' title='bbox 155 1154 222 1182; x_wconf 91' lang='lat' dir='ltr'><strong><em>Ibid.</em></strong></span> <span class='ocrx_word' id='word_1_164' title='bbox 237 1155 524 1191; x_wconf 73' lang='grc' dir='ltr'><strong><em>Μαξιμιανούπολις.</em></strong></span> <span class='ocrx_word' id='word_1_165' title='bbox 540 1154 631 1183; x_wconf 82' lang='lat' dir='ltr'><strong><em>EsLin</em></strong></span> <span class='ocrx_word' id='word_1_166' title='bbox 646 1153 757 1181; x_wconf 80' lang='lat' dir='ltr'><strong><em>Notitir&#39;s</em></strong></span> <span class='ocrx_word' id='word_1_167' title='bbox 769 1158 796 1181; x_wconf 89' lang='lat' dir='ltr'><strong><em>et</em></strong></span> <span class='ocrx_word' id='word_1_168' title='bbox 809 1153 903 1181; x_wconf 87' lang='lat' dir='ltr'><strong><em>conci-</em></strong></span> 
     </span>
    </p>
   </div>
   <div class='ocr_carea' id='block_1_26' title="bbox 114 1194 905 1231">
    <p class='ocr_par' dir='ltr' id='par_1_26' title="bbox 114 1194 905 1231">
     <span class='ocr_line' id='line_1_26' title="bbox 114 1194 905 1231; baseline 0 -9"><span class='ocrx_word' id='word_1_169' title='bbox 114 1194 216 1223; x_wconf 79' lang='lat' dir='ltr'><strong><em>liorum</em></strong></span> <span class='ocrx_word' id='word_1_170' title='bbox 234 1197 316 1228; x_wconf 71' lang='lat' dir='ltr'><strong><em>Actia.</em></strong></span> <span class='ocrx_word' id='word_1_171' title='bbox 330 1197 377 1224; x_wconf 86' lang='lat' dir='ltr'><strong><em>sed</em></strong></span> <span class='ocrx_word' id='word_1_172' title='bbox 387 1197 465 1230; x_wconf 88' lang='lat' dir='ltr'><strong><em>situs,</em></strong></span> <span class='ocrx_word' id='word_1_173' title='bbox 493 1202 522 1224; x_wconf 90' lang='lat' dir='ltr'><strong><em>ut</em></strong></span> <span class='ocrx_word' id='word_1_174' title='bbox 542 1197 678 1231; x_wconf 64' lang='lat' dir='ltr'><strong><em>pleraeque</em></strong></span> <span class='ocrx_word' id='word_1_175' title='bbox 693 1195 773 1230; x_wconf 85' lang='lat' dir='ltr'><strong><em>hujus</em></strong></span> <span class='ocrx_word' id='word_1_176' title='bbox 795 1196 905 1229; x_wconf 86' lang='lat' dir='ltr'><strong><em>provin-</em></strong></span> 
     </span>
    </p>
   </div>
   <div class='ocr_carea' id='block_1_27' title="bbox 112 1237 904 1274">
    <p class='ocr_par' dir='ltr' id='par_1_27' title="bbox 112 1237 904 1274">
     <span class='ocr_line' id='line_1_27' title="bbox 112 1237 904 1274; baseline 0 -10"><span class='ocrx_word' id='word_1_177' title='bbox 112 1237 177 1271; x_wconf 66' lang='lat' dir='ltr'><strong><em>ciae,</em></strong></span> <span class='ocrx_word' id='word_1_178' title='bbox 196 1237 382 1266; x_wconf 85' lang='lat' dir='ltr'><strong><em>incertissimi.</em></strong></span> <span class='ocrx_word' id='word_1_179' title='bbox 399 1239 510 1274; x_wconf 78' lang='grc' dir='ltr'><strong><em>κτῆμα,</em></strong></span> <span class='ocrx_word' id='word_1_180' title='bbox 528 1239 599 1273; x_wconf 84' lang='lat' dir='ltr'><strong><em>quod</em></strong></span> <span class='ocrx_word' id='word_1_181' title='bbox 616 1238 749 1273; x_wconf 85' lang='lat' dir='ltr'><strong><em>sequitur,</em></strong></span> <span class='ocrx_word' id='word_1_182' title='bbox 766 1237 904 1272; x_wconf 84' lang='lat' dir='ltr'><strong><em>publicum</em></strong></span> 
     </span>
    </p>
   </div>
   <div class='ocr_carea' id='block_1_28' title="bbox 115 1278 905 1314">
    <p class='ocr_par' dir='ltr' id='par_1_28' title="bbox 115 1278 905 1314">
     <span class='ocr_line' id='line_1_28' title="bbox 115 1278 905 1314; baseline 0.001 -9"><span class='ocrx_word' id='word_1_183' title='bbox 115 1279 195 1305; x_wconf 87' lang='lat' dir='ltr'><strong><em>urbis</em></strong></span> <span class='ocrx_word' id='word_1_184' title='bbox 206 1286 298 1313; x_wconf 93' lang='lat' dir='ltr'><strong><em>agrum</em></strong></span> <span class='ocrx_word' id='word_1_185' title='bbox 311 1279 368 1307; x_wconf 85' lang='lat' dir='ltr'><strong><em>sive</em></strong></span> <span class='ocrx_word' id='word_1_186' title='bbox 377 1280 477 1313; x_wconf 73' lang='lat' dir='ltr'><strong><em>prmdia</em></strong></span> <span class='ocrx_word' id='word_1_187' title='bbox 488 1280 591 1306; x_wconf 85' lang='lat' dir='ltr'><strong><em>indicat</em></strong></span> <span class='ocrx_word' id='word_1_188' title='bbox 602 1288 609 1311; x_wconf 89' lang='lat'><strong>;</strong></span> <span class='ocrx_word' id='word_1_189' title='bbox 619 1287 673 1314; x_wconf 90' lang='lat' dir='ltr'><strong><em>quo</em></strong></span> <span class='ocrx_word' id='word_1_190' title='bbox 683 1279 763 1306; x_wconf 91' lang='lat' dir='ltr'><strong><em>modo</em></strong></span> <span class='ocrx_word' id='word_1_191' title='bbox 776 1278 905 1313; x_wconf 79' lang='grc' dir='ltr'>βασιλικὰ</span> 
     </span>
    </p>
   </div>
   <div class='ocr_carea' id='block_1_29' title="bbox 114 1320 905 1355">
    <p class='ocr_par' dir='ltr' id='par_1_29' title="bbox 114 1320 905 1355">
     <span class='ocr_line' id='line_1_29' title="bbox 114 1320 905 1355; baseline 0.001 -9"><span class='ocrx_word' id='word_1_192' title='bbox 114 1321 247 1355; x_wconf 72' lang='grc' dir='ltr'>κτήματα</span> <span class='ocrx_word' id='word_1_193' title='bbox 268 1321 294 1348; x_wconf 91' lang='lat' dir='ltr'><strong><em>in</em></strong></span> <span class='ocrx_word' id='word_1_194' title='bbox 310 1320 457 1348; x_wconf 84' lang='lat' dir='ltr'><strong><em>Ilerodiani</em></strong></span> <span class='ocrx_word' id='word_1_195' title='bbox 472 1321 490 1348; x_wconf 88' lang='grc' dir='ltr'>Ι.</span> <span class='ocrx_word' id='word_1_196' title='bbox 508 1329 529 1353; x_wconf 85' lang='grc' dir='ltr'><strong><em>ι,</em></strong></span> <span class='ocrx_word' id='word_1_197' title='bbox 542 1328 568 1348; x_wconf 90' lang='lat' dir='ltr'><strong><em>c.</em></strong></span> <span class='ocrx_word' id='word_1_198' title='bbox 591 1320 635 1354; x_wconf 75' lang='lat' dir='ltr'><strong><em>il,</em></strong></span> <span class='ocrx_word' id='word_1_199' title='bbox 658 1324 720 1348; x_wconf 88' lang='lat' dir='ltr'><strong><em>sunt</em></strong></span> <span class='ocrx_word' id='word_1_200' title='bbox 743 1320 812 1348; x_wconf 68' lang='lat' dir='ltr'><strong><em>villae</em></strong></span> <span class='ocrx_word' id='word_1_201' title='bbox 828 1320 905 1355; x_wconf 90' lang='lat' dir='ltr'><strong><em>prin-</em></strong></span> 
     </span>
    </p>
   </div>
   <div class='ocr_carea' id='block_1_30' title="bbox 113 1362 904 1399">
    <p class='ocr_par' dir='ltr' id='par_1_30' title="bbox 113 1362 904 1399">
     <span class='ocr_line' id='line_1_30' title="bbox 113 1362 904 1399; baseline 0 -10"><span class='ocrx_word' id='word_1_202' title='bbox 113 1363 195 1397; x_wconf 76' lang='lat' dir='ltr'><strong><em>cipis,</em></strong></span> <span class='ocrx_word' id='word_1_203' title='bbox 206 1369 233 1390; x_wconf 86' lang='lat' dir='ltr'><strong><em>et</em></strong></span> <span class='ocrx_word' id='word_1_204' title='bbox 245 1362 263 1389; x_wconf 93' lang='grc'>1.</span> <span class='ocrx_word' id='word_1_205' title='bbox 272 1370 304 1396; x_wconf 72' lang='grc' dir='ltr'>ιιι,</span> <span class='ocrx_word' id='word_1_206' title='bbox 314 1364 363 1399; x_wconf 66' lang='grc' dir='ltr'><strong><em>αζϐ</em></strong></span> <span class='ocrx_word' id='word_1_207' title='bbox 373 1363 408 1390; x_wconf 81' lang='grc' dir='ltr'><strong><em>τὰ</em></strong></span> <span class='ocrx_word' id='word_1_208' title='bbox 420 1364 584 1399; x_wconf 56' lang='lat' dir='ltr'><strong><em>“oppilare-ra</em></strong></span> <span class='ocrx_word' id='word_1_209' title='bbox 592 1363 642 1398; x_wconf 79' lang='grc' dir='ltr'><strong><em>τῆς</em></strong></span> <span class='ocrx_word' id='word_1_210' title='bbox 655 1362 759 1395; x_wconf 70' lang='grc' dir='ltr'>πόλεακ</span> <span class='ocrx_word' id='word_1_211' title='bbox 767 1363 904 1398; x_wconf 79' lang='grc' dir='ltr'>κτήματα,</span> 
     </span>
    </p>
   </div>
   <div class='ocr_carea' id='block_1_31' title="bbox 116 1404 565 1439">
    <p class='ocr_par' dir='ltr' id='par_1_31' title="bbox 116 1404 565 1439">
     <span class='ocr_line' id='line_1_31' title="bbox 116 1404 565 1439; baseline 0.002 -9"><span class='ocrx_word' id='word_1_212' title='bbox 116 1405 220 1439; x_wconf 69' lang='lat' dir='ltr'><strong><em>praedia</em></strong></span> <span class='ocrx_word' id='word_1_213' title='bbox 233 1404 267 1432; x_wconf 89' lang='lat' dir='ltr'><strong><em>ab</em></strong></span> <span class='ocrx_word' id='word_1_214' title='bbox 282 1406 349 1432; x_wconf 87' lang='lat' dir='ltr'><strong><em>urbe</em></strong></span> <span class='ocrx_word' id='word_1_215' title='bbox 365 1405 524 1432; x_wconf 80' lang='lat' dir='ltr'><strong><em>remotiora.</em></strong></span> <span class='ocrx_word' id='word_1_216' title='bbox 558 1414 565 1423; x_wconf 72' lang='grc' dir='ltr'><strong><em>υ</em></strong></span> 
     </span>
    </p>
   </div>
   <div class='ocr_carea' id='block_1_32' title="bbox 151 1451 904 1488">
    <p class='ocr_par' dir='ltr' id='par_1_32' title="bbox 151 1451 904 1488">
     <span class='ocr_line' id='line_1_32' title="bbox 151 1451 904 1488; baseline 0 -10"><span class='ocrx_word' id='word_1_217' title='bbox 151 1451 220 1480; x_wconf 78' lang='lat' dir='ltr'><strong><em>ibid.</em></strong></span> <span class='ocrx_word' id='word_1_218' title='bbox 239 1452 498 1488; x_wconf 69' lang='grc' dir='ltr'><strong><em>Ῥεγησαλάμαρα.</em></strong></span> <span class='ocrx_word' id='word_1_219' title='bbox 520 1451 609 1480; x_wconf 88' lang='lat' dir='ltr'><strong><em>Credo</em></strong></span> <span class='ocrx_word' id='word_1_220' title='bbox 630 1452 692 1488; x_wconf 85' lang='lat' dir='ltr'><strong><em>pagi</em></strong></span> <span class='ocrx_word' id='word_1_221' title='bbox 717 1456 763 1479; x_wconf 87' lang='lat' dir='ltr'><strong><em>aut</em></strong></span> <span class='ocrx_word' id='word_1_222' title='bbox 784 1452 904 1487; x_wconf 85' lang='lat' dir='ltr'><strong><em>oppiduli</em></strong></span> 
     </span>
    </p>
   </div>
   <div class='ocr_carea' id='block_1_33' title="bbox 115 1493 905 1530">
    <p class='ocr_par' dir='ltr' id='par_1_33' title="bbox 115 1493 905 1530">
     <span class='ocr_line' id='line_1_33' title="bbox 115 1493 905 1530; baseline 0 -10"><span class='ocrx_word' id='word_1_223' title='bbox 115 1499 178 1521; x_wconf 84' lang='lat' dir='ltr'><strong><em>esse</em></strong></span> <span class='ocrx_word' id='word_1_224' title='bbox 194 1501 290 1522; x_wconf 85' lang='lat' dir='ltr'><strong><em>nomen</em></strong></span> <span class='ocrx_word' id='word_1_225' title='bbox 307 1503 315 1522; x_wconf 90' lang='lat'><strong>:</strong></span> <span class='ocrx_word' id='word_1_226' title='bbox 333 1495 402 1522; x_wconf 89' lang='lat' dir='ltr'><strong><em>solet</em></strong></span> <span class='ocrx_word' id='word_1_227' title='bbox 414 1495 486 1522; x_wconf 90' lang='lat' dir='ltr'><strong><em>enim</em></strong></span> <span class='ocrx_word' id='word_1_228' title='bbox 506 1493 644 1522; x_wconf 73' lang='lat' dir='ltr'><strong><em>Ilieroules</em></strong></span> <span class='ocrx_word' id='word_1_229' title='bbox 662 1495 695 1522; x_wconf 77' lang='grc' dir='ltr'><strong><em>τὰ</em></strong></span> <span class='ocrx_word' id='word_1_230' title='bbox 711 1494 785 1530; x_wconf 76' lang='grc' dir='ltr'><strong>ῥεγὲ,</strong></span> <span class='ocrx_word' id='word_1_231' title='bbox 809 1502 842 1522; x_wconf 87' lang='lat' dir='ltr'><strong><em>ex</em></strong></span> <span class='ocrx_word' id='word_1_232' title='bbox 859 1495 905 1529; x_wconf 84' lang='grc' dir='ltr'><strong><em>ρε-</em></strong></span> 
     </span>
    </p>
   </div>
   <div class='ocr_carea' id='block_1_34' title="bbox 116 1534 904 1571">
    <p class='ocr_par' dir='ltr' id='par_1_34' title="bbox 116 1534 904 1571">
     <span class='ocr_line' id='line_1_34' title="bbox 116 1534 904 1571; baseline 0.005 -11"><span class='ocrx_word' id='word_1_233' title='bbox 116 1534 189 1568; x_wconf 73' lang='grc' dir='ltr'><strong><em>γεὼν</em></strong></span> <span class='ocrx_word' id='word_1_234' title='bbox 203 1535 334 1568; x_wconf 83' lang='lat' dir='ltr'><strong><em>accisutn.</em></strong></span> <span class='ocrx_word' id='word_1_235' title='bbox 350 1536 402 1563; x_wconf 77' lang='lat' dir='ltr'><strong><em>illis</em></strong></span> <span class='ocrx_word' id='word_1_236' title='bbox 415 1543 591 1571; x_wconf 75' lang='lat' dir='ltr'><strong><em>praeponere;</em></strong></span> <span class='ocrx_word' id='word_1_237' title='bbox 607 1544 660 1571; x_wconf 88' lang='lat' dir='ltr'><strong><em>qua</em></strong></span> <span class='ocrx_word' id='word_1_238' title='bbox 676 1537 708 1564; x_wconf 90' lang='lat' dir='ltr'><strong><em>de</em></strong></span> <span class='ocrx_word' id='word_1_239' title='bbox 720 1544 749 1564; x_wconf 86' lang='lat' dir='ltr'><strong><em>re</em></strong></span> <span class='ocrx_word' id='word_1_240' title='bbox 762 1536 831 1564; x_wconf 78' lang='lat' dir='ltr'><strong><em>infra</em></strong></span> <span class='ocrx_word' id='word_1_241' title='bbox 842 1544 904 1564; x_wconf 90' lang='lat' dir='ltr'><strong><em>cum</em></strong></span> 
     </span>
    </p>
   </div>
   <div class='ocr_carea' id='block_1_35' title="bbox 119 1576 904 1614">
    <p class='ocr_par' dir='ltr' id='par_1_35' title="bbox 119 1576 904 1614">
     <span class='ocr_line' id='line_1_35' title="bbox 119 1576 904 1614; baseline 0.005 -12"><span class='ocrx_word' id='word_1_242' title='bbox 119 1577 144 1602; x_wconf 90' lang='lat' dir='ltr'><strong><em>in</em></strong></span> <span class='ocrx_word' id='word_1_243' title='bbox 160 1576 312 1612; x_wconf 81' lang='lat' dir='ltr'><strong><em>Bithyniam</em></strong></span> <span class='ocrx_word' id='word_1_244' title='bbox 336 1577 536 1605; x_wconf 85' lang='lat' dir='ltr'><strong><em>devenerimus.</em></strong></span> <span class='ocrx_word' id='word_1_245' title='bbox 560 1577 650 1614; x_wconf 78' lang='lat' dir='ltr'><strong><em>Pagus</em></strong></span> <span class='ocrx_word' id='word_1_246' title='bbox 672 1578 740 1614; x_wconf 86' lang='lat' dir='ltr'><strong><em>ipse,</em></strong></span> <span class='ocrx_word' id='word_1_247' title='bbox 755 1578 857 1614; x_wconf 86' lang='lat' dir='ltr'><strong><em>pariter</em></strong></span> <span class='ocrx_word' id='word_1_248' title='bbox 871 1585 904 1606; x_wconf 91' lang='lat' dir='ltr'><strong><em>ac</em></strong></span> 
     </span>
    </p>
   </div>
   <div class='ocr_carea' id='block_1_36' title="bbox 116 1617 677 1655">
    <p class='ocr_par' dir='ltr' id='par_1_36' title="bbox 116 1617 677 1655">
     <span class='ocr_line' id='line_1_36' title="bbox 116 1617 677 1655; baseline 0.005 -10"><span class='ocrx_word' id='word_1_249' title='bbox 116 1617 301 1652; x_wconf 79' lang='lat' dir='ltr'><strong><em>Limobrama.</em></strong></span> <span class='ocrx_word' id='word_1_250' title='bbox 317 1619 382 1647; x_wconf 89' lang='lat' dir='ltr'><strong><em>mihi</em></strong></span> <span class='ocrx_word' id='word_1_251' title='bbox 399 1628 530 1655; x_wconf 81' lang='lat' dir='ltr'><strong><em>nusquam</em></strong></span> <span class='ocrx_word' id='word_1_252' title='bbox 548 1621 677 1649; x_wconf 84' lang='lat' dir='ltr'><strong><em>occurrit.</em></strong></span> 
     </span>
    </p>
   </div>
   <div class='ocr_carea' id='block_1_37' title="bbox 152 1667 901 1706">
    <p class='ocr_par' dir='ltr' id='par_1_37' title="bbox 152 1667 901 1706">
     <span class='ocr_line' id='line_1_37' title="bbox 152 1667 901 1706; baseline 0.005 -12"><span class='ocrx_word' id='word_1_253' title='bbox 152 1667 220 1696; x_wconf 89' lang='lat' dir='ltr'><strong><em>Ibid.</em></strong></span> <span class='ocrx_word' id='word_1_254' title='bbox 246 1669 413 1703; x_wconf 78' lang='grc' dir='ltr'><strong><em>Κόδροιιλα.</em></strong></span> <span class='ocrx_word' id='word_1_255' title='bbox 439 1669 524 1698; x_wconf 78' lang='lat' dir='ltr'><strong><em>Forte</em></strong></span> <span class='ocrx_word' id='word_1_256' title='bbox 551 1670 693 1705; x_wconf 82' lang='grc' dir='ltr'>Κόρδουλα</span> <span class='ocrx_word' id='word_1_257' title='bbox 719 1670 901 1706; x_wconf 73' lang='lat' dir='ltr'><strong><em>praestiterit:</em></strong></span> 
     </span>
    </p>
   </div>
   <div class='ocr_carea' id='block_1_38' title="bbox 114 1709 903 1746">
    <p class='ocr_par' dir='ltr' id='par_1_38' title="bbox 114 1709 903 1746">
     <span class='ocr_line' id='line_1_38' title="bbox 114 1709 903 1746; baseline 0.005 -10"><span class='ocrx_word' id='word_1_258' title='bbox 114 1715 191 1737; x_wconf 83' lang='lat' dir='ltr'><strong><em>certe</em></strong></span> <span class='ocrx_word' id='word_1_259' title='bbox 203 1709 294 1737; x_wconf 83' lang='lat' dir='ltr'><strong><em>Maras</em></strong></span> <span class='ocrx_word' id='word_1_260' title='bbox 306 1711 380 1738; x_wconf 86' lang='lat' dir='ltr'><strong><em>urbis</em></strong></span> <span class='ocrx_word' id='word_1_261' title='bbox 398 1710 542 1746; x_wconf 85' lang='lat' dir='ltr'><strong><em>episcopus</em></strong></span> <span class='ocrx_word' id='word_1_262' title='bbox 569 1711 595 1738; x_wconf 91' lang='lat' dir='ltr'><strong><em>in</em></strong></span> <span class='ocrx_word' id='word_1_263' title='bbox 625 1712 709 1740; x_wconf 86' lang='lat' dir='ltr'><strong><em>veteri</em></strong></span> <span class='ocrx_word' id='word_1_264' title='bbox 733 1711 829 1740; x_wconf 88' lang='lat' dir='ltr'><strong><em>Latina</em></strong></span> <span class='ocrx_word' id='word_1_265' title='bbox 844 1719 903 1740; x_wconf 83' lang='lat' dir='ltr'><strong><em>ver-</em></strong></span> 
     </span>
    </p>
   </div>
   <div class='ocr_carea' id='block_1_39' title="bbox 114 1752 901 1788">
    <p class='ocr_par' dir='ltr' id='par_1_39' title="bbox 114 1752 901 1788">
     <span class='ocr_line' id='line_1_39' title="bbox 114 1752 901 1788; baseline 0.003 -9"><span class='ocrx_word' id='word_1_266' title='bbox 114 1753 192 1779; x_wconf 77' lang='lat' dir='ltr'><strong><em>sione</em></strong></span> <span class='ocrx_word' id='word_1_267' title='bbox 207 1752 314 1779; x_wconf 83' lang='lat' dir='ltr'><strong><em>concilii</em></strong></span> <span class='ocrx_word' id='word_1_268' title='bbox 329 1752 495 1780; x_wconf 80' lang='lat' dir='ltr'><strong><em>Chalcedon.</em></strong></span> <span class='ocrx_word' id='word_1_269' title='bbox 511 1760 537 1787; x_wconf 92' lang='lat' dir='ltr'><strong><em>p.</em></strong></span> <span class='ocrx_word' id='word_1_270' title='bbox 556 1753 608 1780; x_wconf 87' lang='lat' dir='ltr'><strong><em>I00</em></strong></span> <span class='ocrx_word' id='word_1_271' title='bbox 621 1753 797 1788; x_wconf 87' lang='lat' dir='ltr'><strong><em>Cordylorum</em></strong></span> <span class='ocrx_word' id='word_1_272' title='bbox 813 1758 840 1781; x_wconf 88' lang='lat' dir='ltr'><strong><em>et</em></strong></span> <span class='ocrx_word' id='word_1_273' title='bbox 850 1762 901 1781; x_wconf 87' lang='lat' dir='ltr'><strong><em>ms.</em></strong></span> 
     </span>
    </p>
   </div>
   <div class='ocr_carea' id='block_1_40' title="bbox 116 1793 903 1829">
    <p class='ocr_par' dir='ltr' id='par_1_40' title="bbox 116 1793 903 1829">
     <span class='ocr_line' id='line_1_40' title="bbox 116 1793 903 1829; baseline 0.004 -10"><span class='ocrx_word' id='word_1_274' title='bbox 116 1793 272 1828; x_wconf 81' lang='grc' dir='ltr'><strong><em>Κορδύλων,</em></strong></span> <span class='ocrx_word' id='word_1_275' title='bbox 296 1794 345 1820; x_wconf 89' lang='lat' dir='ltr'><strong><em>etsi</em></strong></span> <span class='ocrx_word' id='word_1_276' title='bbox 371 1793 452 1829; x_wconf 81' lang='lat' dir='ltr'><strong><em>vulgo</em></strong></span> <span class='ocrx_word' id='word_1_277' title='bbox 467 1801 539 1820; x_wconf 85' lang='lat' dir='ltr'><strong><em>nunc</em></strong></span> <span class='ocrx_word' id='word_1_278' title='bbox 556 1794 709 1829; x_wconf 82' lang='grc' dir='ltr'><strong><em>Κοδρύλων,</em></strong></span> <span class='ocrx_word' id='word_1_279' title='bbox 736 1800 763 1822; x_wconf 89' lang='lat' dir='ltr'><strong><em>et</em></strong></span> <span class='ocrx_word' id='word_1_280' title='bbox 786 1795 903 1829; x_wconf 89' lang='lat' dir='ltr'><strong><em>pessime</em></strong></span> 
     </span>
    </p>
   </div>
   <div class='ocr_carea' id='block_1_41' title="bbox 116 1833 900 1870">
    <p class='ocr_par' dir='ltr' id='par_1_41' title="bbox 116 1833 900 1870">
     <span class='ocr_line' id='line_1_41' title="bbox 116 1833 900 1870; baseline 0.004 -10"><span class='ocrx_word' id='word_1_281' title='bbox 116 1842 143 1868; x_wconf 71' lang='grc' dir='ltr'>ρ.</span> <span class='ocrx_word' id='word_1_282' title='bbox 160 1834 212 1861; x_wconf 78' lang='lat'><strong>557</strong></span> <span class='ocrx_word' id='word_1_283' title='bbox 226 1833 408 1867; x_wconf 84' lang='grc' dir='ltr'>Κοδραλαίων,</span> <span class='ocrx_word' id='word_1_284' title='bbox 422 1838 502 1868; x_wconf 77' lang='lat' dir='ltr'><strong><em>atque</em></strong></span> <span class='ocrx_word' id='word_1_285' title='bbox 518 1835 544 1861; x_wconf 93' lang='lat' dir='ltr'><strong><em>in</em></strong></span> <span class='ocrx_word' id='word_1_286' title='bbox 566 1836 678 1870; x_wconf 86' lang='lat' dir='ltr'><strong><em>epistola</em></strong></span> <span class='ocrx_word' id='word_1_287' title='bbox 694 1835 900 1870; x_wconf 79' lang='lat' dir='ltr'><strong><em>provincialium</em></strong></span> 
     </span>
    </p>
   </div>
   <div class='ocr_carea' id='block_1_42' title="bbox 115 1875 900 1912">
    <p class='ocr_par' dir='ltr' id='par_1_42' title="bbox 115 1875 900 1912">
     <span class='ocr_line' id='line_1_42' title="bbox 115 1875 900 1912; baseline 0.004 -11"><span class='ocrx_word' id='word_1_288' title='bbox 115 1875 246 1910; x_wconf 69' lang='lat' dir='ltr'><strong><em>synodica</em></strong></span> <span class='ocrx_word' id='word_1_289' title='bbox 279 1875 373 1907; x_wconf 87' lang='lat' dir='ltr'><strong><em>Codri,</em></strong></span> <span class='ocrx_word' id='word_1_290' title='bbox 395 1875 554 1910; x_wconf 86' lang='lat' dir='ltr'><strong><em>appellatur.</em></strong></span> <span class='ocrx_word' id='word_1_291' title='bbox 588 1876 701 1904; x_wconf 81' lang='lat' dir='ltr'><strong><em>Accedit</em></strong></span> <span class='ocrx_word' id='word_1_292' title='bbox 734 1876 900 1912; x_wconf 84' lang='lat' dir='ltr'><strong><em>Stephanus,</em></strong></span> 
     </span>
    </p>
   </div>
   <div class='ocr_carea' id='block_1_43' title="bbox 116 1916 902 1953">
    <p class='ocr_par' dir='ltr' id='par_1_43' title="bbox 116 1916 902 1953">
     <span class='ocr_line' id='line_1_43' title="bbox 116 1916 902 1953; baseline 0.005 -10"><span class='ocrx_word' id='word_1_293' title='bbox 116 1916 263 1952; x_wconf 81' lang='grc' dir='ltr'>Κόδρυλος,</span> <span class='ocrx_word' id='word_1_294' title='bbox 284 1916 362 1949; x_wconf 79' lang='grc' dir='ltr'>πόλις</span> <span class='ocrx_word' id='word_1_295' title='bbox 384 1917 560 1953; x_wconf 76' lang='grc' dir='ltr'><strong><em>Παμφυλίας.</em></strong></span> <span class='ocrx_word' id='word_1_296' title='bbox 575 1916 651 1945; x_wconf 86' lang='lat' dir='ltr'><strong><em>Haud</em></strong></span> <span class='ocrx_word' id='word_1_297' title='bbox 663 1917 787 1952; x_wconf 80' lang='lat' dir='ltr'><strong><em>equidem</em></strong></span> <span class='ocrx_word' id='word_1_298' title='bbox 807 1919 902 1953; x_wconf 79' lang='lat' dir='ltr'><strong><em>ignoro</em></strong></span> 
     </span>
    </p>
   </div>
   <div class='ocr_carea' id='block_1_44' title="bbox 118 1958 901 1995">
    <p class='ocr_par' dir='ltr' id='par_1_44' title="bbox 118 1958 901 1995">
     <span class='ocr_line' id='line_1_44' title="bbox 118 1958 901 1995; baseline 0.004 -10"><span class='ocrx_word' id='word_1_299' title='bbox 118 1959 181 1993; x_wconf 89' lang='lat' dir='ltr'><strong><em>quid</em></strong></span> <span class='ocrx_word' id='word_1_300' title='bbox 200 1959 262 1986; x_wconf 74' lang='lat' dir='ltr'><strong><em>Abr.</em></strong></span> <span class='ocrx_word' id='word_1_301' title='bbox 280 1958 420 1986; x_wconf 76' lang='lat' dir='ltr'><strong><em>Berltelius</em></strong></span> <span class='ocrx_word' id='word_1_302' title='bbox 434 1967 466 1987; x_wconf 81' lang='lat' dir='ltr'><strong><em>ex</em></strong></span> <span class='ocrx_word' id='word_1_303' title='bbox 483 1966 515 1987; x_wconf 88' lang='lat' dir='ltr'><strong><em>eo</em></strong></span> <span class='ocrx_word' id='word_1_304' title='bbox 531 1958 613 1986; x_wconf 84' lang='lat' dir='ltr'><strong><em>fuerit</em></strong></span> <span class='ocrx_word' id='word_1_305' title='bbox 628 1959 834 1995; x_wconf 80' lang='lat' dir='ltr'><strong><em>architectatus,</em></strong></span> <span class='ocrx_word' id='word_1_306' title='bbox 847 1968 901 1995; x_wconf 84' lang='lat' dir='ltr'><strong><em>quo</em></strong></span> 
     </span>
    </p>
   </div>
   <div class='ocr_carea' id='block_1_45' title="bbox 115 2000 828 2035">
    <p class='ocr_par' dir='ltr' id='par_1_45' title="bbox 115 2000 828 2035">
     <span class='ocr_line' id='line_1_45' title="bbox 115 2000 828 2035; baseline 0.006 -9"><span class='ocrx_word' id='word_1_307' title='bbox 115 2001 209 2035; x_wconf 75' lang='lat' dir='ltr'><strong><em>utique</em></strong></span> <span class='ocrx_word' id='word_1_308' title='bbox 224 2001 283 2029; x_wconf 86' lang='lat' dir='ltr'><strong><em>sine</em></strong></span> <span class='ocrx_word' id='word_1_309' title='bbox 293 2000 464 2029; x_wconf 90' lang='lat' dir='ltr'><strong><em>incommodo</em></strong></span> <span class='ocrx_word' id='word_1_310' title='bbox 477 2008 549 2028; x_wconf 82' lang='lat' dir='ltr'><strong><em>nunc</em></strong></span> <span class='ocrx_word' id='word_1_311' title='bbox 568 2001 649 2029; x_wconf 79' lang='lat' dir='ltr'><strong><em>facile</em></strong></span> <span class='ocrx_word' id='word_1_312' title='bbox 664 2001 828 2030; x_wconf 80' lang='lat' dir='ltr'><strong><em>carebimus.</em></strong></span> 
     </span>
    </p>
   </div>
   <div class='ocr_carea' id='block_1_46' title="bbox 150 2049 899 2084">
    <p class='ocr_par' dir='ltr' id='par_1_46' title="bbox 150 2049 899 2084">
     <span class='ocr_line' id='line_1_46' title="bbox 150 2049 899 2084; baseline 0.003 -8"><span class='ocrx_word' id='word_1_313' title='bbox 150 2049 218 2077; x_wconf 86' lang='lat' dir='ltr'><strong><em>Ibid.</em></strong></span> <span class='ocrx_word' id='word_1_314' title='bbox 236 2049 401 2084; x_wconf 83' lang='grc' dir='ltr'>Δημουσία.</span> <span class='ocrx_word' id='word_1_315' title='bbox 417 2050 555 2078; x_wconf 87' lang='lat' dir='ltr'><strong><em>Sanumne</em></strong></span> <span class='ocrx_word' id='word_1_316' title='bbox 567 2051 621 2078; x_wconf 90' lang='lat' dir='ltr'><strong><em>hoc</em></strong></span> <span class='ocrx_word' id='word_1_317' title='bbox 633 2050 712 2078; x_wconf 82' lang='lat' dir='ltr'><strong><em>sitan</em></strong></span> <span class='ocrx_word' id='word_1_318' title='bbox 729 2051 899 2084; x_wconf 83' lang='lat' dir='ltr'><strong><em>mendosum,</em></strong></span> 
     </span>
    </p>
   </div>
   <div class='ocr_carea' id='block_1_47' title="bbox 116 2091 900 2127">
    <p class='ocr_par' dir='ltr' id='par_1_47' title="bbox 116 2091 900 2127">
     <span class='ocr_line' id='line_1_47' title="bbox 116 2091 900 2127; baseline 0.006 -11"><span class='ocrx_word' id='word_1_319' title='bbox 116 2097 230 2125; x_wconf 85' lang='lat' dir='ltr'><strong><em>quemve</em></strong></span> <span class='ocrx_word' id='word_1_320' title='bbox 240 2091 332 2119; x_wconf 87' lang='lat' dir='ltr'><strong><em>locum</em></strong></span> <span class='ocrx_word' id='word_1_321' title='bbox 349 2099 409 2119; x_wconf 91' lang='lat' dir='ltr'><strong><em>cum</em></strong></span> <span class='ocrx_word' id='word_1_322' title='bbox 429 2092 588 2127; x_wconf 82' lang='lat' dir='ltr'><strong><em>insequente</em></strong></span> <span class='ocrx_word' id='word_1_323' title='bbox 603 2091 746 2127; x_wconf 83' lang='lat' dir='ltr'><strong><em>insederit,</em></strong></span> <span class='ocrx_word' id='word_1_324' title='bbox 759 2097 788 2120; x_wconf 92' lang='lat' dir='ltr'><strong><em>ut</em></strong></span> <span class='ocrx_word' id='word_1_325' title='bbox 802 2093 900 2121; x_wconf 85' lang='lat' dir='ltr'><strong><em>docea-</em></strong></span> 
     </span>
    </p>
   </div>
   <div class='ocr_carea' id='block_1_48' title="bbox 117 2133 510 2168">
    <p class='ocr_par' dir='ltr' id='par_1_48' title="bbox 117 2133 510 2168">
     <span class='ocr_line' id='line_1_48' title="bbox 117 2133 510 2168; baseline 0.01 -10"><span class='ocrx_word' id='word_1_326' title='bbox 117 2136 172 2163; x_wconf 84' lang='lat' dir='ltr'><strong><em>tur,</em></strong></span> <span class='ocrx_word' id='word_1_327' title='bbox 190 2133 298 2160; x_wconf 81' lang='lat' dir='ltr'><strong><em>aliunde</em></strong></span> <span class='ocrx_word' id='word_1_328' title='bbox 312 2139 510 2168; x_wconf 85' lang='lat' dir='ltr'><strong><em>exspectamus.</em></strong></span> 
     </span>
    </p>
   </div>
   <div class='ocr_carea' id='block_1_49' title="bbox 152 2180 900 2220">
    <p class='ocr_par' dir='ltr' id='par_1_49' title="bbox 152 2180 900 2220">
     <span class='ocr_line' id='line_1_49' title="bbox 152 2180 900 2220; baseline 0.007 -13"><span class='ocrx_word' id='word_1_329' title='bbox 152 2180 217 2208; x_wconf 88' lang='lat' dir='ltr'><strong><em>Ibid.</em></strong></span> <span class='ocrx_word' id='word_1_330' title='bbox 231 2182 491 2217; x_wconf 76' lang='grc' dir='ltr'><strong><em>Παστοληρισσός.</em></strong></span> <span class='ocrx_word' id='word_1_331' title='bbox 504 2183 532 2210; x_wconf 92' lang='lat' dir='ltr'><strong><em>Si</em></strong></span> <span class='ocrx_word' id='word_1_332' title='bbox 547 2191 613 2212; x_wconf 83' lang='lat' dir='ltr'><strong><em>mss.</em></strong></span> <span class='ocrx_word' id='word_1_333' title='bbox 627 2183 793 2217; x_wconf 81' lang='lat' dir='ltr'><strong><em>addicerent,</em></strong></span> <span class='ocrx_word' id='word_1_334' title='bbox 802 2183 900 2220; x_wconf 70' lang='grc' dir='ltr'>Πεδνη-</span> 
     </span>
    </p>
   </div>
   <div class='ocr_carea' id='block_1_50' title="bbox 118 2221 777 2260">
    <p class='ocr_par' dir='ltr' id='par_1_50' title="bbox 118 2221 777 2260">
     <span class='ocr_line' id='line_1_50' title="bbox 118 2221 777 2260; baseline 0.009 -13"><span class='ocrx_word' id='word_1_335' title='bbox 118 2221 208 2248; x_wconf 75' lang='grc' dir='ltr'>λισσὸν</span> <span class='ocrx_word' id='word_1_336' title='bbox 225 2222 362 2250; x_wconf 68' lang='grc' dir='ltr'><strong><em>ΡιοΙθηιαί</em></strong></span> <span class='ocrx_word' id='word_1_337' title='bbox 376 2228 403 2251; x_wconf 88' lang='lat' dir='ltr'><strong><em>et</em></strong></span> <span class='ocrx_word' id='word_1_338' title='bbox 416 2224 593 2252; x_wconf 86' lang='lat' dir='ltr'><strong><em>conciliorum</em></strong></span> <span class='ocrx_word' id='word_1_339' title='bbox 609 2224 777 2260; x_wconf 66' lang='lat' dir='ltr'><strong><em>praeferrem.</em></strong></span> 
     </span>
    </p>
   </div>
   <div class='ocr_carea' id='block_1_51' title="bbox 152 2271 900 2309">
    <p class='ocr_par' dir='ltr' id='par_1_51' title="bbox 152 2271 900 2309">
     <span class='ocr_line' id='line_1_51' title="bbox 152 2271 900 2309; baseline 0.005 -11"><span class='ocrx_word' id='word_1_340' title='bbox 152 2271 336 2306; x_wconf 61' lang='lat' dir='ltr'><strong><em>Ibidzuxn.</em></strong></span> <span class='ocrx_word' id='word_1_341' title='bbox 347 2271 432 2307; x_wconf 78' lang='grc' dir='ltr'>Σέλγη</span> <span class='ocrx_word' id='word_1_342' title='bbox 443 2272 513 2299; x_wconf 87' lang='lat' dir='ltr'><strong><em>haud</em></strong></span> <span class='ocrx_word' id='word_1_343' title='bbox 528 2273 609 2301; x_wconf 88' lang='lat' dir='ltr'><strong><em>dubie</em></strong></span> <span class='ocrx_word' id='word_1_344' title='bbox 622 2275 756 2309; x_wconf 87' lang='lat' dir='ltr'><strong><em>est,quod</em></strong></span> <span class='ocrx_word' id='word_1_345' title='bbox 771 2275 798 2301; x_wconf 93' lang='lat' dir='ltr'><strong><em>in</em></strong></span> <span class='ocrx_word' id='word_1_346' title='bbox 812 2274 900 2302; x_wconf 86' lang='lat' dir='ltr'><strong><em>anim-</em></strong></span> 
     </span>
    </p>
   </div>
   <div class='ocr_carea' id='block_1_52' title="bbox 118 2314 900 2351">
    <p class='ocr_par' dir='ltr' id='par_1_52' title="bbox 118 2314 900 2351">
     <span class='ocr_line' id='line_1_52' title="bbox 118 2314 900 2351; baseline 0.004 -11"><span class='ocrx_word' id='word_1_347' title='bbox 118 2314 257 2340; x_wconf 78' lang='lat' dir='ltr'><strong><em>adversum</em></strong></span> <span class='ocrx_word' id='word_1_348' title='bbox 285 2321 300 2340; x_wconf 89' lang='lat' dir='ltr'><strong><em>a</em></strong></span> <span class='ocrx_word' id='word_1_349' title='bbox 315 2314 365 2342; x_wconf 91' lang='lat' dir='ltr'><strong><em>Cb.</em></strong></span> <span class='ocrx_word' id='word_1_350' title='bbox 391 2314 508 2343; x_wconf 81' lang='lat' dir='ltr'><strong><em>Cellario</em></strong></span> <span class='ocrx_word' id='word_1_351' title='bbox 525 2314 558 2343; x_wconf 74' lang='grc' dir='ltr'><strong><em>α.</em></strong></span> <span class='ocrx_word' id='word_1_352' title='bbox 575 2316 607 2343; x_wconf 80' lang='grc' dir='ltr'>Δ.</span> <span class='ocrx_word' id='word_1_353' title='bbox 624 2323 667 2349; x_wconf 87' lang='lat' dir='ltr'><strong><em>ttt,</em></strong></span> <span class='ocrx_word' id='word_1_354' title='bbox 687 2317 704 2344; x_wconf 75' lang='grc'><strong>4</strong></span> <span class='ocrx_word' id='word_1_355' title='bbox 717 2325 742 2351; x_wconf 90' lang='lat' dir='ltr'><strong><em>p.</em></strong></span> <span class='ocrx_word' id='word_1_356' title='bbox 759 2316 810 2344; x_wconf 74' lang='lat'><strong><em>198</em></strong></span> <span class='ocrx_word' id='word_1_357' title='bbox 828 2317 900 2344; x_wconf 83' lang='lat' dir='ltr'><strong><em>vide-</em></strong></span> 
     </span>
    </p>
   </div>
   <div class='ocr_carea' id='block_1_53' title="bbox 119 2355 899 2394">
    <p class='ocr_par' dir='ltr' id='par_1_53' title="bbox 119 2355 899 2394">
     <span class='ocr_line' id='line_1_53' title="bbox 119 2355 899 2394; baseline 0.005 -12"><span class='ocrx_word' id='word_1_358' title='bbox 119 2356 167 2383; x_wconf 86' lang='lat' dir='ltr'><strong><em>bis.</em></strong></span> <span class='ocrx_word' id='word_1_359' title='bbox 183 2355 265 2383; x_wconf 78' lang='lat' dir='ltr'><strong><em>Menti</em></strong></span> <span class='ocrx_word' id='word_1_360' title='bbox 279 2361 339 2383; x_wconf 85' lang='lat' dir='ltr'><strong><em>erat</em></strong></span> <span class='ocrx_word' id='word_1_361' title='bbox 355 2356 492 2391; x_wconf 83' lang='lat' dir='ltr'><strong><em>imposita.</em></strong></span> <span class='ocrx_word' id='word_1_362' title='bbox 517 2357 633 2393; x_wconf 83' lang='grc' dir='ltr'><strong><em>Πολίχνη</em></strong></span> <span class='ocrx_word' id='word_1_363' title='bbox 650 2358 672 2385; x_wconf 85' lang='grc' dir='ltr'><strong><em>δ’</em></strong></span> <span class='ocrx_word' id='word_1_364' title='bbox 689 2358 757 2394; x_wconf 82' lang='grc' dir='ltr'><strong><em>αὕτη</em></strong></span> <span class='ocrx_word' id='word_1_365' title='bbox 781 2359 899 2394; x_wconf 78' lang='grc' dir='ltr'>Παμφυ-</span> 
     </span>
    </p>
   </div>
   <div class='ocr_carea' id='block_1_54' title="bbox 118 2397 829 2439">
    <p class='ocr_par' dir='ltr' id='par_1_54' title="bbox 118 2397 829 2439">
     <span class='ocr_line' id='line_1_54' title="bbox 118 2397 829 2439; baseline 0.007 -16"><span class='ocrx_word' id='word_1_366' title='bbox 118 2397 173 2430; x_wconf 82' lang='grc' dir='ltr'>λίας</span> <span class='ocrx_word' id='word_1_367' title='bbox 186 2398 270 2430; x_wconf 76' lang='grc' dir='ltr'><strong><em>ἐστὶν,</em></strong></span> <span class='ocrx_word' id='word_1_368' title='bbox 287 2398 335 2424; x_wconf 71' lang='grc' dir='ltr'>ἐπὶ</span> <span class='ocrx_word' id='word_1_369' title='bbox 346 2397 428 2433; x_wconf 84' lang='grc' dir='ltr'>λόφου</span> <span class='ocrx_word' id='word_1_370' title='bbox 443 2399 556 2434; x_wconf 77' lang='grc' dir='ltr'><strong><em>κειμένη</em></strong></span> <span class='ocrx_word' id='word_1_371' title='bbox 574 2400 675 2427; x_wconf 79' lang='lat' dir='ltr'><strong><em>Zosim.</em></strong></span> <span class='ocrx_word' id='word_1_372' title='bbox 692 2408 717 2434; x_wconf 91' lang='lat' dir='ltr'><strong><em>v,</em></strong></span> <span class='ocrx_word' id='word_1_373' title='bbox 733 2401 775 2428; x_wconf 85' lang='lat' dir='ltr'><strong><em>I5.</em></strong></span> <span class='ocrx_word' id='word_1_374' title='bbox 822 2433 829 2439; x_wconf 83' lang='lat'>_</span> 
     </span>
    </p>
   </div>
   <div class='ocr_carea' id='block_1_55' title="bbox 153 2448 900 2487">
    <p class='ocr_par' dir='ltr' id='par_1_55' title="bbox 153 2448 900 2487">
     <span class='ocr_line' id='line_1_55' title="bbox 153 2448 900 2487; baseline 0.007 -13"><span class='ocrx_word' id='word_1_375' title='bbox 153 2448 217 2474; x_wconf 76' lang='lat' dir='ltr'><strong><em>Ibid.</em></strong></span> <span class='ocrx_word' id='word_1_376' title='bbox 245 2449 448 2482; x_wconf 77' lang='grc' dir='ltr'><strong><em>Τριμούπολις.</em></strong></span> <span class='ocrx_word' id='word_1_377' title='bbox 477 2450 547 2477; x_wconf 88' lang='lat' dir='ltr'><strong><em>Vero</em></strong></span> <span class='ocrx_word' id='word_1_378' title='bbox 575 2451 683 2478; x_wconf 88' lang='lat' dir='ltr'><strong><em>nomine</em></strong></span> <span class='ocrx_word' id='word_1_379' title='bbox 712 2451 900 2487; x_wconf 69' lang='grc' dir='ltr'>Πριμούπολις</span> 
     </span>
    </p>
   </div>
   <div class='ocr_carea' id='block_1_56' title="bbox 117 2489 900 2529">
    <p class='ocr_par' dir='ltr' id='par_1_56' title="bbox 117 2489 900 2529">
     <span class='ocr_line' id='line_1_56' title="bbox 117 2489 900 2529; baseline 0.009 -14"><span class='ocrx_word' id='word_1_380' title='bbox 117 2494 183 2516; x_wconf 81' lang='lat' dir='ltr'><strong><em>crat.</em></strong></span> <span class='ocrx_word' id='word_1_381' title='bbox 197 2489 265 2516; x_wconf 71' lang='lat' dir='ltr'><strong><em>l-liuc</em></strong></span> <span class='ocrx_word' id='word_1_382' title='bbox 277 2490 435 2518; x_wconf 85' lang='lat' dir='ltr'><strong><em>Timotheus</em></strong></span> <span class='ocrx_word' id='word_1_383' title='bbox 448 2491 552 2526; x_wconf 77' lang='grc' dir='ltr'>Πριμου</span> <span class='ocrx_word' id='word_1_384' title='bbox 559 2492 657 2524; x_wconf 79' lang='grc' dir='ltr'><strong><em>πόλεως</em></strong></span> <span class='ocrx_word' id='word_1_385' title='bbox 670 2493 720 2528; x_wconf 85' lang='grc' dir='ltr'><strong><em>τῆς</em></strong></span> <span class='ocrx_word' id='word_1_386' title='bbox 735 2495 900 2529; x_wconf 80' lang='grc' dir='ltr'>Παμφυλίας</span> 
     </span>
    </p>
   </div>
   <div class='ocr_carea' id='block_1_57' title="bbox 119 2531 898 2570">
    <p class='ocr_par' dir='ltr' id='par_1_57' title="bbox 119 2531 898 2570">
     <span class='ocr_line' id='line_1_57' title="bbox 119 2531 898 2570; baseline 0.006 -12"><span class='ocrx_word' id='word_1_387' title='bbox 119 2531 144 2558; x_wconf 84' lang='lat' dir='ltr'><strong><em>in</em></strong></span> <span class='ocrx_word' id='word_1_388' title='bbox 159 2531 324 2560; x_wconf 84' lang='lat' dir='ltr'><strong><em>Chalcedon.</em></strong></span> <span class='ocrx_word' id='word_1_389' title='bbox 344 2540 369 2567; x_wconf 85' lang='lat' dir='ltr'><strong><em>p.</em></strong></span> <span class='ocrx_word' id='word_1_390' title='bbox 389 2532 440 2559; x_wconf 71' lang='lat' dir='ltr'><strong><em>I27</em></strong></span> <span class='ocrx_word' id='word_1_391' title='bbox 457 2538 484 2560; x_wconf 89' lang='lat' dir='ltr'><strong><em>et</em></strong></span> <span class='ocrx_word' id='word_1_392' title='bbox 499 2541 525 2568; x_wconf 85' lang='lat' dir='ltr'><strong><em>p.</em></strong></span> <span class='ocrx_word' id='word_1_393' title='bbox 542 2533 594 2561; x_wconf 65' lang='lat'><strong><em>250</em></strong></span> <span class='ocrx_word' id='word_1_394' title='bbox 609 2534 679 2561; x_wconf 84' lang='lat' dir='ltr'><strong><em>male</em></strong></span> <span class='ocrx_word' id='word_1_395' title='bbox 693 2536 898 2570; x_wconf 82' lang='grc' dir='ltr'>Πριαμούπολις</span> 
     </span>
    </p>
   </div>
   <div class='ocr_carea' id='block_1_58' title="bbox 117 2572 896 2613">
    <p class='ocr_par' dir='ltr' id='par_1_58' title="bbox 117 2572 896 2613">
     <span class='ocr_line' id='line_1_58' title="bbox 117 2572 896 2613; baseline 0.009 -14"><span class='ocrx_word' id='word_1_396' title='bbox 117 2573 143 2600; x_wconf 84' lang='lat' dir='ltr'><strong><em>in</em></strong></span> <span class='ocrx_word' id='word_1_397' title='bbox 162 2572 297 2607; x_wconf 81' lang='lat' dir='ltr'><strong><em>Ephesiae</em></strong></span> <span class='ocrx_word' id='word_1_398' title='bbox 312 2581 338 2608; x_wconf 79' lang='grc' dir='ltr'>ρ.</span> <span class='ocrx_word' id='word_1_399' title='bbox 357 2573 420 2601; x_wconf 70' lang='lat'><strong><em>528.</em></strong></span> <span class='ocrx_word' id='word_1_400' title='bbox 438 2573 466 2600; x_wconf 89' lang='lat' dir='ltr'><strong><em>Id</em></strong></span> <span class='ocrx_word' id='word_1_401' title='bbox 484 2575 624 2602; x_wconf 85' lang='lat' dir='ltr'><strong><em>enimvero</em></strong></span> <span class='ocrx_word' id='word_1_402' title='bbox 639 2576 736 2612; x_wconf 82' lang='lat' dir='ltr'><strong><em>negligi</em></strong></span> <span class='ocrx_word' id='word_1_403' title='bbox 750 2584 804 2604; x_wconf 86' lang='lat' dir='ltr'><strong><em>non</em></strong></span> <span class='ocrx_word' id='word_1_404' title='bbox 815 2585 896 2613; x_wconf 89' lang='lat' dir='ltr'><strong><em>opor-</em></strong></span> 
     </span>
    </p>
   </div>
   <div class='ocr_carea' id='block_1_59' title="bbox 117 2615 897 2655">
    <p class='ocr_par' dir='ltr' id='par_1_59' title="bbox 117 2615 897 2655">
     <span class='ocr_line' id='line_1_59' title="bbox 117 2615 897 2655; baseline 0.006 -13"><span class='ocrx_word' id='word_1_405' title='bbox 117 2615 364 2649; x_wconf 78' lang='lat' dir='ltr'><strong><em>tet,Tribonianum</em></strong></span> <span class='ocrx_word' id='word_1_406' title='bbox 380 2615 568 2650; x_wconf 84' lang='lat' dir='ltr'><strong><em>Primupoleos</em></strong></span> <span class='ocrx_word' id='word_1_407' title='bbox 583 2618 735 2651; x_wconf 70' lang='lat' dir='ltr'><strong><em>praesulem,</em></strong></span> <span class='ocrx_word' id='word_1_408' title='bbox 745 2619 789 2652; x_wconf 85' lang='lat' dir='ltr'><strong><em>qui</em></strong></span> <span class='ocrx_word' id='word_1_409' title='bbox 807 2619 897 2655; x_wconf 87' lang='lat' dir='ltr'><strong><em>Ephe-</em></strong></span> 
     </span>
    </p>
   </div>
   <div class='ocr_carea' id='block_1_60' title="bbox 116 2656 897 2698">
    <p class='ocr_par' dir='ltr' id='par_1_60' title="bbox 116 2656 897 2698">
     <span class='ocr_line' id='line_1_60' title="bbox 116 2656 897 2698; baseline 0.004 -14"><span class='ocrx_word' id='word_1_410' title='bbox 116 2657 172 2684; x_wconf 84' lang='lat' dir='ltr'><strong><em>aino</em></strong></span> <span class='ocrx_word' id='word_1_411' title='bbox 184 2656 299 2684; x_wconf 84' lang='lat' dir='ltr'><strong><em>coucilio</em></strong></span> <span class='ocrx_word' id='word_1_412' title='bbox 309 2657 452 2684; x_wconf 85' lang='lat' dir='ltr'><strong><em>scribendo</em></strong></span> <span class='ocrx_word' id='word_1_413' title='bbox 461 2657 548 2685; x_wconf 82' lang='lat' dir='ltr'><strong><em>adfuit</em></strong></span> <span class='ocrx_word' id='word_1_414' title='bbox 559 2666 585 2693; x_wconf 91' lang='lat' dir='ltr'><strong><em>p.</em></strong></span> <span class='ocrx_word' id='word_1_415' title='bbox 601 2659 662 2692; x_wconf 73' lang='grc'><strong><em>458,</em></strong></span> <span class='ocrx_word' id='word_1_416' title='bbox 671 2658 821 2687; x_wconf 78' lang='grc' dir='ltr'><strong><em>Ἀσπένδου</em></strong></span> <span class='ocrx_word' id='word_1_417' title='bbox 847 2662 897 2698; x_wconf 74' lang='grc' dir='ltr'><strong><em>τῆς</em></strong></span> 
     </span>
    </p>
   </div>
   <div class='ocr_carea' id='block_1_61' title="bbox 117 2698 898 2736">
    <p class='ocr_par' dir='ltr' id='par_1_61' title="bbox 117 2698 898 2736">
     <span class='ocr_line' id='line_1_61' title="bbox 117 2698 898 2736; baseline 0.008 -12"><span class='ocrx_word' id='word_1_418' title='bbox 117 2698 276 2733; x_wconf 70' lang='grc' dir='ltr'><strong><em>Παμφυλίας</em></strong></span> <span class='ocrx_word' id='word_1_419' title='bbox 297 2699 361 2729; x_wconf 86' lang='lat' dir='ltr'><strong><em>dici.</em></strong></span> <span class='ocrx_word' id='word_1_420' title='bbox 387 2706 437 2726; x_wconf 90' lang='lat' dir='ltr'><strong><em>nec</em></strong></span> <span class='ocrx_word' id='word_1_421' title='bbox 455 2707 569 2734; x_wconf 80' lang='lat' dir='ltr'><strong><em>usquam</em></strong></span> <span class='ocrx_word' id='word_1_422' title='bbox 584 2700 771 2736; x_wconf 85' lang='lat' dir='ltr'><strong><em>Primupoleos</em></strong></span> <span class='ocrx_word' id='word_1_423' title='bbox 795 2703 898 2736; x_wconf 87' lang='lat' dir='ltr'><strong><em>episco-</em></strong></span> 
     </span>
    </p>
   </div>
   <div class='ocr_carea' id='block_1_62' title="bbox 118 2740 896 2775">
    <p class='ocr_par' dir='ltr' id='par_1_62' title="bbox 118 2740 896 2775">
     <span class='ocr_line' id='line_1_62' title="bbox 118 2740 896 2775; baseline 0.009 -10"><span class='ocrx_word' id='word_1_424' title='bbox 118 2747 174 2774; x_wconf 89' lang='lat' dir='ltr'><strong><em>pum</em></strong></span> <span class='ocrx_word' id='word_1_425' title='bbox 188 2740 220 2766; x_wconf 84' lang='lat' dir='ltr'><strong><em>ab</em></strong></span> <span class='ocrx_word' id='word_1_426' title='bbox 233 2747 265 2767; x_wconf 86' lang='lat' dir='ltr'><strong><em>eo</em></strong></span> <span class='ocrx_word' id='word_1_427' title='bbox 280 2740 425 2775; x_wconf 73' lang='lat' dir='ltr'><strong><em>distingui;</em></strong></span> <span class='ocrx_word' id='word_1_428' title='bbox 440 2746 572 2774; x_wconf 80' lang='lat' dir='ltr'><strong><em>praeterea</em></strong></span> <span class='ocrx_word' id='word_1_429' title='bbox 589 2741 616 2769; x_wconf 93' lang='lat' dir='ltr'><strong><em>in</em></strong></span> <span class='ocrx_word' id='word_1_430' title='bbox 632 2742 771 2770; x_wconf 88' lang='lat' dir='ltr'><strong><em>veteribus</em></strong></span> <span class='ocrx_word' id='word_1_431' title='bbox 786 2742 896 2773; x_wconf 79' lang='lat' dir='ltr'><strong><em>Notitiis</em></strong></span> 
     </span>
    </p>
   </div>
   <div class='ocr_carea' id='block_1_63' title="bbox 117 2782 896 2820">
    <p class='ocr_par' dir='ltr' id='par_1_63' title="bbox 117 2782 896 2820">
     <span class='ocr_line' id='line_1_63' title="bbox 117 2782 896 2820; baseline 0.006 -12"><span class='ocrx_word' id='word_1_432' title='bbox 117 2782 228 2815; x_wconf 79' lang='lat' dir='ltr'><strong><em>Aspeudi</em></strong></span> <span class='ocrx_word' id='word_1_433' title='bbox 246 2782 386 2817; x_wconf 72' lang='lat' dir='ltr'><strong><em>praesrrlem</em></strong></span> <span class='ocrx_word' id='word_1_434' title='bbox 402 2790 472 2817; x_wconf 59' lang='lat' dir='ltr'><strong><em>saepe</em></strong></span> <span class='ocrx_word' id='word_1_435' title='bbox 492 2784 649 2817; x_wconf 83' lang='lat' dir='ltr'><strong><em>memorari,</em></strong></span> <span class='ocrx_word' id='word_1_436' title='bbox 662 2788 690 2811; x_wconf 90' lang='lat' dir='ltr'><strong><em>et</em></strong></span> <span class='ocrx_word' id='word_1_437' title='bbox 713 2785 896 2820; x_wconf 89' lang='lat' dir='ltr'><strong><em>primupoleos</em></strong></span> 
     </span>
    </p>
   </div>
   <div class='ocr_carea' id='block_1_64' title="bbox 117 2824 895 2862">
    <p class='ocr_par' dir='ltr' id='par_1_64' title="bbox 117 2824 895 2862">
     <span class='ocr_line' id='line_1_64' title="bbox 117 2824 895 2862; baseline 0.006 -11"><span class='ocrx_word' id='word_1_438' title='bbox 117 2824 212 2851; x_wconf 79' lang='lat' dir='ltr'><strong><em>nullam</em></strong></span> <span class='ocrx_word' id='word_1_439' title='bbox 229 2831 289 2852; x_wconf 86' lang='lat' dir='ltr'><strong><em>esse</em></strong></span> <span class='ocrx_word' id='word_1_440' title='bbox 315 2826 489 2854; x_wconf 85' lang='lat' dir='ltr'><strong><em>mentionem.</em></strong></span> <span class='ocrx_word' id='word_1_441' title='bbox 503 2826 568 2860; x_wconf 66' lang='lat' dir='ltr'><strong><em>Quae</em></strong></span> <span class='ocrx_word' id='word_1_442' title='bbox 585 2827 652 2854; x_wconf 90' lang='lat' dir='ltr'><strong><em>mihi</em></strong></span> <span class='ocrx_word' id='word_1_443' title='bbox 677 2834 721 2855; x_wconf 90' lang='lat' dir='ltr'><strong><em>res</em></strong></span> <span class='ocrx_word' id='word_1_444' title='bbox 734 2833 895 2862; x_wconf 75' lang='lat' dir='ltr'><strong><em>argumento</em></strong></span> 
     </span>
    </p>
   </div>
   <div class='ocr_carea' id='block_1_65' title="bbox 117 2866 892 2905">
    <p class='ocr_par' dir='ltr' id='par_1_65' title="bbox 117 2866 892 2905">
     <span class='ocr_line' id='line_1_65' title="bbox 117 2866 892 2905; baseline 0.008 -13"><span class='ocrx_word' id='word_1_445' title='bbox 117 2866 321 2902; x_wconf 68' lang='lat' dir='ltr'><strong><em>cstAspendum</em></strong></span> <span class='ocrx_word' id='word_1_446' title='bbox 345 2867 412 2897; x_wconf 88' lang='lat' dir='ltr'><strong><em>nihil</em></strong></span> <span class='ocrx_word' id='word_1_447' title='bbox 431 2876 546 2904; x_wconf 84' lang='lat' dir='ltr'><strong><em>prorsus</em></strong></span> <span class='ocrx_word' id='word_1_448' title='bbox 572 2877 586 2897; x_wconf 85' lang='lat' dir='ltr'><strong><em>a</em></strong></span> <span class='ocrx_word' id='word_1_449' title='bbox 612 2869 762 2905; x_wconf 85' lang='lat' dir='ltr'><strong><em>Primupoli</em></strong></span> <span class='ocrx_word' id='word_1_450' title='bbox 791 2869 892 2899; x_wconf 83' lang='lat' dir='ltr'><strong><em>discre-</em></strong></span> 
     </span>
    </p>
   </div>
   <div class='ocr_carea' id='block_1_66' title="bbox 554 136 1333 170">
    <p class='ocr_par' dir='ltr' id='par_1_66' title="bbox 554 136 1333 170">
     <span class='ocr_line' id='line_1_66' title="bbox 554 136 1333 170; baseline -0.003 0"><span class='ocrx_word' id='word_1_451' title='bbox 554 139 751 170; x_wconf 76' lang='lat' dir='ltr'><strong><em>COMMENT.</em></strong></span> <span class='ocrx_word' id='word_1_452' title='bbox 772 138 813 168; x_wconf 86' lang='lat' dir='ltr'><strong><em>IN</em></strong></span> <span class='ocrx_word' id='word_1_453' title='bbox 832 137 1039 168; x_wconf 75' lang='lat' dir='ltr'><strong><em>HIEROCLIS</em></strong></span> <span class='ocrx_word' id='word_1_454' title='bbox 1061 136 1333 168; x_wconf 82' lang='lat' dir='ltr'><strong><em>SYNECDEMUM.</em></strong></span> 
     </span>
    </p>
   </div>
   <div class='ocr_carea' id='block_1_67' title="bbox 1675 135 1745 168">
    <p class='ocr_par' dir='ltr' id='par_1_67' title="bbox 1675 135 1745 168">
     <span class='ocr_line' id='line_1_67' title="bbox 1675 135 1745 168; baseline -0.014 -1"><span class='ocrx_word' id='word_1_455' title='bbox 1675 135 1745 168; x_wconf 73' lang='lat' dir='ltr'><strong><em>113i</em></strong></span> 
     </span>
    </p>
   </div>
   <div class='ocr_carea' id='block_1_68' title="bbox 964 194 1744 231">
    <p class='ocr_par' dir='ltr' id='par_1_68' title="bbox 964 194 1744 231">
     <span class='ocr_line' id='line_1_68' title="bbox 964 194 1744 231; baseline 0.003 -9"><span class='ocrx_word' id='word_1_456' title='bbox 964 202 1055 229; x_wconf 84' lang='lat' dir='ltr'><strong><em>passe,</em></strong></span> <span class='ocrx_word' id='word_1_457' title='bbox 1090 199 1172 230; x_wconf 83' lang='lat' dir='ltr'><strong><em>atque</em></strong></span> <span class='ocrx_word' id='word_1_458' title='bbox 1197 195 1264 223; x_wconf 86' lang='lat' dir='ltr'><strong><em>adeo</em></strong></span> <span class='ocrx_word' id='word_1_459' title='bbox 1296 201 1434 230; x_wconf 82' lang='lat' dir='ltr'><strong><em>perperam</em></strong></span> <span class='ocrx_word' id='word_1_460' title='bbox 1465 194 1492 222; x_wconf 89' lang='lat' dir='ltr'><strong><em>in</em></strong></span> <span class='ocrx_word' id='word_1_461' title='bbox 1523 194 1690 231; x_wconf 72' lang='lat' dir='ltr'><strong><em>Geographie</em></strong></span> <span class='ocrx_word' id='word_1_462' title='bbox 1713 196 1744 224; x_wconf 89' lang='lat' dir='ltr'><strong><em>S.</em></strong></span> 
     </span>
    </p>
   </div>
   <div class='ocr_carea' id='block_1_69' title="bbox 961 236 1102 271">
    <p class='ocr_par' dir='ltr' id='par_1_69' title="bbox 961 236 1102 271">
     <span class='ocr_line' id='line_1_69' title="bbox 961 236 1102 271; baseline -0.007 -8"><span class='ocrx_word' id='word_1_463' title='bbox 961 236 1102 271; x_wconf 81' lang='lat' dir='ltr'><strong><em>distingui.</em></strong></span> 
     </span>
    </p>
   </div>
   <div class='ocr_carea' id='block_1_70' title="bbox 996 277 1746 314">
    <p class='ocr_par' dir='ltr' id='par_1_70' title="bbox 996 277 1746 314">
     <span class='ocr_line' id='line_1_70' title="bbox 996 277 1746 314; baseline 0.003 -10"><span class='ocrx_word' id='word_1_464' title='bbox 996 277 1062 305; x_wconf 78' lang='lat' dir='ltr'><strong><em>Ibid.</em></strong></span> <span class='ocrx_word' id='word_1_465' title='bbox 1080 277 1166 305; x_wconf 80' lang='grc' dir='ltr'>Σώδι.</span> <span class='ocrx_word' id='word_1_466' title='bbox 1188 277 1262 312; x_wconf 82' lang='lat' dir='ltr'><strong><em>Lege</em></strong></span> <span class='ocrx_word' id='word_1_467' title='bbox 1273 277 1347 314; x_wconf 83' lang='grc' dir='ltr'>Σίδη,</span> <span class='ocrx_word' id='word_1_468' title='bbox 1369 285 1429 312; x_wconf 59' lang='lat' dir='ltr'><strong><em>quae</em></strong></span> <span class='ocrx_word' id='word_1_469' title='bbox 1443 277 1570 313; x_wconf 80' lang='lat' dir='ltr'><strong><em>deinceps</em></strong></span> <span class='ocrx_word' id='word_1_470' title='bbox 1585 279 1746 314; x_wconf 78' lang='lat' dir='ltr'><strong><em>metropolis</em></strong></span> 
     </span>
    </p>
   </div>
   <div class='ocr_carea' id='block_1_71' title="bbox 959 318 1745 355">
    <p class='ocr_par' dir='ltr' id='par_1_71' title="bbox 959 318 1745 355">
     <span class='ocr_line' id='line_1_71' title="bbox 959 318 1745 355; baseline 0.005 -10"><span class='ocrx_word' id='word_1_471' title='bbox 959 318 1117 354; x_wconf 79' lang='lat' dir='ltr'><strong><em>Pamphiliae</em></strong></span> <span class='ocrx_word' id='word_1_472' title='bbox 1133 319 1227 354; x_wconf 66' lang='lat' dir='ltr'><strong><em>prima:</em></strong></span> <span class='ocrx_word' id='word_1_473' title='bbox 1254 319 1315 348; x_wconf 81' lang='lat' dir='ltr'><strong><em>fuit.</em></strong></span> <span class='ocrx_word' id='word_1_474' title='bbox 1345 318 1465 348; x_wconf 83' lang='lat' dir='ltr'><strong><em>Primum</em></strong></span> <span class='ocrx_word' id='word_1_475' title='bbox 1492 327 1523 348; x_wconf 86' lang='lat' dir='ltr'><strong><em>ea</em></strong></span> <span class='ocrx_word' id='word_1_476' title='bbox 1555 319 1688 355; x_wconf 79' lang='lat' dir='ltr'><strong><em>dignitate</em></strong></span> <span class='ocrx_word' id='word_1_477' title='bbox 1716 321 1745 349; x_wconf 86' lang='lat' dir='ltr'><strong><em>in</em></strong></span> 
     </span>
    </p>
   </div>
   <div class='ocr_carea' id='block_1_72' title="bbox 959 359 1745 397">
    <p class='ocr_par' dir='ltr' id='par_1_72' title="bbox 959 359 1745 397">
     <span class='ocr_line' id='line_1_72' title="bbox 959 359 1745 397; baseline 0.003 -9"><span class='ocrx_word' id='word_1_478' title='bbox 959 359 1081 389; x_wconf 80' lang='lat' dir='ltr'><strong><em>Concilio</em></strong></span> <span class='ocrx_word' id='word_1_479' title='bbox 1107 361 1315 395; x_wconf 81' lang='lat' dir='ltr'><strong><em>Constantinop.</em></strong></span> <span class='ocrx_word' id='word_1_480' title='bbox 1341 362 1460 390; x_wconf 86' lang='lat' dir='ltr'><strong><em>secundo</em></strong></span> <span class='ocrx_word' id='word_1_481' title='bbox 1479 369 1507 397; x_wconf 75' lang='grc' dir='ltr'>ῃ.</span> <span class='ocrx_word' id='word_1_482' title='bbox 1530 361 1584 390; x_wconf 73' lang='lat' dir='ltr'><strong><em>2w</em></strong></span> <span class='ocrx_word' id='word_1_483' title='bbox 1610 362 1745 390; x_wconf 86' lang='lat' dir='ltr'><strong><em>illustrata</em></strong></span> 
     </span>
    </p>
   </div>
   <div class='ocr_carea' id='block_1_73' title="bbox 961 403 1748 439">
    <p class='ocr_par' dir='ltr' id='par_1_73' title="bbox 961 403 1748 439">
     <span class='ocr_line' id='line_1_73' title="bbox 961 403 1748 439; baseline 0.005 -11"><span class='ocrx_word' id='word_1_484' title='bbox 961 403 1137 438; x_wconf 81' lang='lat' dir='ltr'><strong><em>conspicitur,</em></strong></span> <span class='ocrx_word' id='word_1_485' title='bbox 1157 403 1208 431; x_wconf 78' lang='lat' dir='ltr'><strong><em>etsi</em></strong></span> <span class='ocrx_word' id='word_1_486' title='bbox 1224 403 1251 430; x_wconf 93' lang='lat' dir='ltr'><strong><em>in</em></strong></span> <span class='ocrx_word' id='word_1_487' title='bbox 1263 403 1478 431; x_wconf 88' lang='lat' dir='ltr'><strong><em>Chalcedonensi</em></strong></span> <span class='ocrx_word' id='word_1_488' title='bbox 1491 411 1517 438; x_wconf 89' lang='lat' dir='ltr'><strong><em>p.</em></strong></span> <span class='ocrx_word' id='word_1_489' title='bbox 1537 403 1590 432; x_wconf 73' lang='grc'><strong><em>437</em></strong></span> <span class='ocrx_word' id='word_1_490' title='bbox 1605 404 1748 439; x_wconf 79' lang='lat' dir='ltr'><strong><em>Amphilo-</em></strong></span> 
     </span>
    </p>
   </div>
   <div class='ocr_carea' id='block_1_74' title="bbox 959 442 1747 481">
    <p class='ocr_par' dir='ltr' id='par_1_74' title="bbox 959 442 1747 481">
     <span class='ocr_line' id='line_1_74' title="bbox 959 442 1747 481; baseline 0.004 -11"><span class='ocrx_word' id='word_1_491' title='bbox 959 442 1037 470; x_wconf 81' lang='lat' dir='ltr'><strong><em>chius</em></strong></span> <span class='ocrx_word' id='word_1_492' title='bbox 1049 444 1109 478; x_wconf 83' lang='lat' dir='ltr'><strong><em>ejus</em></strong></span> <span class='ocrx_word' id='word_1_493' title='bbox 1120 444 1265 480; x_wconf 86' lang='lat' dir='ltr'><strong><em>episcopus</em></strong></span> <span class='ocrx_word' id='word_1_494' title='bbox 1280 445 1352 472; x_wconf 90' lang='lat' dir='ltr'><strong><em>inter</em></strong></span> <span class='ocrx_word' id='word_1_495' title='bbox 1370 445 1607 480; x_wconf 80' lang='lat' dir='ltr'><strong><em>metropolitanos,</em></strong></span> <span class='ocrx_word' id='word_1_496' title='bbox 1620 453 1689 481; x_wconf 88' lang='lat' dir='ltr'><strong><em>quos</em></strong></span> <span class='ocrx_word' id='word_1_497' title='bbox 1700 453 1747 473; x_wconf 90' lang='lat' dir='ltr'><strong><em>vo-</em></strong></span> 
     </span>
    </p>
   </div>
   <div class='ocr_carea' id='block_1_75' title="bbox 959 486 1746 523">
    <p class='ocr_par' dir='ltr' id='par_1_75' title="bbox 959 486 1746 523">
     <span class='ocr_line' id='line_1_75' title="bbox 959 486 1746 523; baseline 0.006 -13"><span class='ocrx_word' id='word_1_498' title='bbox 959 489 1032 516; x_wconf 87' lang='lat' dir='ltr'><strong><em>cant,</em></strong></span> <span class='ocrx_word' id='word_1_499' title='bbox 1045 492 1141 513; x_wconf 85' lang='lat' dir='ltr'><strong><em>nomen</em></strong></span> <span class='ocrx_word' id='word_1_500' title='bbox 1155 486 1325 520; x_wconf 82' lang='lat' dir='ltr'><strong><em>ascripserit.</em></strong></span> <span class='ocrx_word' id='word_1_501' title='bbox 1351 486 1467 514; x_wconf 88' lang='lat' dir='ltr'><strong><em>Nutnum</em></strong></span> <span class='ocrx_word' id='word_1_502' title='bbox 1498 486 1619 522; x_wconf 78' lang='grc' dir='ltr'>Σιδητῶν</span> <span class='ocrx_word' id='word_1_503' title='bbox 1647 487 1746 523; x_wconf 80' lang='grc' dir='ltr'>πρῶτα</span> 
     </span>
    </p>
   </div>
   <div class='ocr_carea' id='block_1_76' title="bbox 960 529 1746 566">
    <p class='ocr_par' dir='ltr' id='par_1_76' title="bbox 960 529 1746 566">
     <span class='ocr_line' id='line_1_76' title="bbox 960 529 1746 566; baseline 0.005 -12"><span class='ocrx_word' id='word_1_504' title='bbox 960 529 1118 563; x_wconf 74' lang='grc' dir='ltr'>Παμφύλων</span> <span class='ocrx_word' id='word_1_505' title='bbox 1131 534 1158 557; x_wconf 85' lang='lat' dir='ltr'><strong><em>et</em></strong></span> <span class='ocrx_word' id='word_1_506' title='bbox 1169 531 1285 558; x_wconf 85' lang='lat' dir='ltr'><strong><em>alterum</em></strong></span> <span class='ocrx_word' id='word_1_507' title='bbox 1300 530 1420 566; x_wconf 82' lang='grc' dir='ltr'>Σιδητῶν</span> <span class='ocrx_word' id='word_1_508' title='bbox 1431 530 1629 566; x_wconf 82' lang='grc' dir='ltr'><strong><em>λαμπροτάτης</em></strong></span> <span class='ocrx_word' id='word_1_509' title='bbox 1640 531 1746 565; x_wconf 68' lang='grc' dir='ltr'>ἐνδόξου</span> 
     </span>
    </p>
   </div>
   <div class='ocr_carea' id='block_1_77' title="bbox 952 570 1746 606">
    <p class='ocr_par' dir='ltr' id='par_1_77' title="bbox 952 570 1746 606">
     <span class='ocr_line' id='line_1_77' title="bbox 952 570 1746 606; baseline 0.005 -10"><span class='ocrx_word' id='word_1_510' title='bbox 952 571 1089 604; x_wconf 80' lang='lat' dir='ltr'><strong><em>explicuit</em></strong></span> <span class='ocrx_word' id='word_1_511' title='bbox 1107 570 1291 606; x_wconf 87' lang='lat' dir='ltr'><strong><em>Spanbemius</em></strong></span> <span class='ocrx_word' id='word_1_512' title='bbox 1308 573 1418 600; x_wconf 86' lang='lat' dir='ltr'><strong><em>dissert.</em></strong></span> <span class='ocrx_word' id='word_1_513' title='bbox 1436 571 1453 599; x_wconf 85' lang='lat'><strong>6</strong></span> <span class='ocrx_word' id='word_1_514' title='bbox 1469 572 1503 600; x_wconf 84' lang='lat' dir='ltr'><strong><em>de</em></strong></span> <span class='ocrx_word' id='word_1_515' title='bbox 1525 571 1558 599; x_wconf 84' lang='lat' dir='ltr'><strong><em>V.</em></strong></span> <span class='ocrx_word' id='word_1_516' title='bbox 1573 577 1601 600; x_wconf 87' lang='lat' dir='ltr'><strong><em>et</em></strong></span> <span class='ocrx_word' id='word_1_517' title='bbox 1618 572 1649 600; x_wconf 86' lang='lat' dir='ltr'><strong><em>P.</em></strong></span> <span class='ocrx_word' id='word_1_518' title='bbox 1665 573 1746 601; x_wconf 86' lang='lat' dir='ltr'><strong><em>Num.</em></strong></span> 
     </span>
    </p>
   </div>
   <div class='ocr_carea' id='block_1_78' title="bbox 959 612 1582 648">
    <p class='ocr_par' dir='ltr' id='par_1_78' title="bbox 959 612 1582 648">
     <span class='ocr_line' id='line_1_78' title="bbox 959 612 1582 648; baseline 0.003 -9"><span class='ocrx_word' id='word_1_519' title='bbox 959 619 985 645; x_wconf 91' lang='lat' dir='ltr'><strong><em>p.</em></strong></span> <span class='ocrx_word' id='word_1_520' title='bbox 1004 612 1065 639; x_wconf 71' lang='lat'><strong><em>591.</em></strong></span> <span class='ocrx_word' id='word_1_521' title='bbox 1579 645 1582 648; x_wconf 39' lang='grc'><strong><em>,</em></strong></span> 
     </span>
    </p>
   </div>
   <div class='ocr_carea' id='block_1_79' title="bbox 992 653 1747 689">
    <p class='ocr_par' dir='ltr' id='par_1_79' title="bbox 992 653 1747 689">
     <span class='ocr_line' id='line_1_79' title="bbox 992 653 1747 689; baseline 0.005 -9"><span class='ocrx_word' id='word_1_522' title='bbox 992 653 1052 681; x_wconf 88' lang='lat' dir='ltr'><strong><em>Col.</em></strong></span> <span class='ocrx_word' id='word_1_523' title='bbox 1069 654 1130 682; x_wconf 68' lang='lat' dir='ltr'><strong><em>I48.</em></strong></span> <span class='ocrx_word' id='word_1_524' title='bbox 1147 655 1252 689; x_wconf 75' lang='grc' dir='ltr'><strong><em>Σέρνα.</em></strong></span> <span class='ocrx_word' id='word_1_525' title='bbox 1264 655 1407 683; x_wconf 82' lang='lat' dir='ltr'><strong><em>Assentior</em></strong></span> <span class='ocrx_word' id='word_1_526' title='bbox 1418 654 1568 683; x_wconf 84' lang='lat' dir='ltr'><strong><em>IIoIsteinio</em></strong></span> <span class='ocrx_word' id='word_1_527' title='bbox 1577 655 1747 684; x_wconf 85' lang='lat' dir='ltr'><strong><em>Sennensem</em></strong></span> 
     </span>
    </p>
   </div>
   <div class='ocr_carea' id='block_1_80' title="bbox 960 692 1744 733">
    <p class='ocr_par' dir='ltr' id='par_1_80' title="bbox 960 692 1744 733">
     <span class='ocr_line' id='line_1_80' title="bbox 960 692 1744 733; baseline 0.005 -12"><span class='ocrx_word' id='word_1_528' title='bbox 960 694 985 721; x_wconf 91' lang='lat' dir='ltr'><strong><em>in</em></strong></span> <span class='ocrx_word' id='word_1_529' title='bbox 998 695 1113 723; x_wconf 91' lang='lat' dir='ltr'><strong><em>concilio</em></strong></span> <span class='ocrx_word' id='word_1_530' title='bbox 1123 697 1259 730; x_wconf 87' lang='lat' dir='ltr'><strong><em>Ephesino</em></strong></span> <span class='ocrx_word' id='word_1_531' title='bbox 1270 697 1424 732; x_wconf 86' lang='lat' dir='ltr'><strong><em>episcopum</em></strong></span> <span class='ocrx_word' id='word_1_532' title='bbox 1437 692 1569 731; x_wconf 75' lang='lat' dir='ltr'><strong><em>huicurbi</em></strong></span> <span class='ocrx_word' id='word_1_533' title='bbox 1580 698 1744 733; x_wconf 87' lang='lat' dir='ltr'><strong><em>imponenti:</em></strong></span> 
     </span>
    </p>
   </div>
   <div class='ocr_carea' id='block_1_81' title="bbox 959 737 1745 773">
    <p class='ocr_par' dir='ltr' id='par_1_81' title="bbox 959 737 1745 773">
     <span class='ocr_line' id='line_1_81' title="bbox 959 737 1745 773; baseline 0.006 -11"><span class='ocrx_word' id='word_1_534' title='bbox 959 737 1065 764; x_wconf 82' lang='lat' dir='ltr'><strong><em>tametsi</em></strong></span> <span class='ocrx_word' id='word_1_535' title='bbox 1096 738 1168 765; x_wconf 87' lang='lat' dir='ltr'><strong><em>enim</em></strong></span> <span class='ocrx_word' id='word_1_536' title='bbox 1185 738 1330 766; x_wconf 80' lang='lat' dir='ltr'><strong><em>Nectarius</em></strong></span> <span class='ocrx_word' id='word_1_537' title='bbox 1353 738 1460 766; x_wconf 82' lang='grc' dir='ltr'>Συνέων</span> <span class='ocrx_word' id='word_1_538' title='bbox 1485 746 1511 773; x_wconf 91' lang='lat' dir='ltr'><strong><em>p.</em></strong></span> <span class='ocrx_word' id='word_1_539' title='bbox 1530 739 1583 767; x_wconf 68' lang='lat'><strong><em>459</em></strong></span> <span class='ocrx_word' id='word_1_540' title='bbox 1599 739 1745 773; x_wconf 83' lang='lat' dir='ltr'><strong><em>scribatur,</em></strong></span> 
     </span>
    </p>
   </div>
   <div class='ocr_carea' id='block_1_82' title="bbox 958 777 1746 816">
    <p class='ocr_par' dir='ltr' id='par_1_82' title="bbox 958 777 1746 816">
     <span class='ocr_line' id='line_1_82' title="bbox 958 777 1746 816; baseline 0.008 -13"><span class='ocrx_word' id='word_1_541' title='bbox 958 777 1022 804; x_wconf 80' lang='lat' dir='ltr'><strong><em>alibi</em></strong></span> <span class='ocrx_word' id='word_1_542' title='bbox 1041 778 1092 813; x_wconf 81' lang='grc' dir='ltr'><strong><em>τῆς</em></strong></span> <span class='ocrx_word' id='word_1_543' title='bbox 1116 780 1145 806; x_wconf 79' lang='grc' dir='ltr'>ὲν</span> <span class='ocrx_word' id='word_1_544' title='bbox 1164 780 1248 816; x_wconf 74' lang='grc' dir='ltr'>Σενέᾳ</span> <span class='ocrx_word' id='word_1_545' title='bbox 1273 780 1422 816; x_wconf 82' lang='grc' dir='ltr'>καθολικῆς</span> <span class='ocrx_word' id='word_1_546' title='bbox 1436 779 1601 815; x_wconf 68' lang='grc' dir='ltr'>Ἑκκλησίας</span> <span class='ocrx_word' id='word_1_547' title='bbox 1618 780 1746 809; x_wconf 80' lang='lat' dir='ltr'><strong><em>nomina-</em></strong></span> 
     </span>
    </p>
   </div>
   <div class='ocr_carea' id='block_1_83' title="bbox 958 819 1226 856">
    <p class='ocr_par' dir='ltr' id='par_1_83' title="bbox 958 819 1226 856">
     <span class='ocr_line' id='line_1_83' title="bbox 958 819 1226 856; baseline 0.019 -12"><span class='ocrx_word' id='word_1_548' title='bbox 958 822 1011 845; x_wconf 87' lang='lat' dir='ltr'><strong><em>tur.</em></strong></span> <span class='ocrx_word' id='word_1_549' title='bbox 1031 819 1097 848; x_wconf 85' lang='lat' dir='ltr'><strong><em>Vide</em></strong></span> <span class='ocrx_word' id='word_1_550' title='bbox 1117 829 1142 856; x_wconf 90' lang='lat' dir='ltr'><strong><em>p.</em></strong></span> <span class='ocrx_word' id='word_1_551' title='bbox 1164 821 1226 850; x_wconf 72' lang='lat'><strong><em>529.</em></strong></span> 
     </span>
    </p>
   </div>
   <div class='ocr_carea' id='block_1_84' title="bbox 993 862 1743 899">
    <p class='ocr_par' dir='ltr' id='par_1_84' title="bbox 993 862 1743 899">
     <span class='ocr_line' id='line_1_84' title="bbox 993 862 1743 899; baseline 0.005 -11"><span class='ocrx_word' id='word_1_552' title='bbox 993 862 1105 896; x_wconf 75' lang='grc' dir='ltr'>Λύϐρη.</span> <span class='ocrx_word' id='word_1_553' title='bbox 1121 863 1167 890; x_wconf 89' lang='lat' dir='ltr'><strong><em>Sic</em></strong></span> <span class='ocrx_word' id='word_1_554' title='bbox 1186 868 1214 890; x_wconf 89' lang='lat' dir='ltr'><strong><em>et</em></strong></span> <span class='ocrx_word' id='word_1_555' title='bbox 1237 863 1380 898; x_wconf 79' lang='lat' dir='ltr'><strong><em>Dionysius</em></strong></span> <span class='ocrx_word' id='word_1_556' title='bbox 1405 863 1537 899; x_wconf 76' lang='lat' dir='ltr'><strong><em>Perieqes.</em></strong></span> <span class='ocrx_word' id='word_1_557' title='bbox 1562 863 1614 892; x_wconf 80' lang='lat'><strong><em>859</em></strong></span> <span class='ocrx_word' id='word_1_558' title='bbox 1635 865 1662 892; x_wconf 89' lang='lat' dir='ltr'><strong><em>iu</em></strong></span> <span class='ocrx_word' id='word_1_559' title='bbox 1675 865 1743 893; x_wconf 77' lang='lat' dir='ltr'><strong><em>&#39;edi-</em></strong></span> 
     </span>
    </p>
   </div>
   <div class='ocr_carea' id='block_1_85' title="bbox 958 901 1742 942">
    <p class='ocr_par' dir='ltr' id='par_1_85' title="bbox 958 901 1742 942">
     <span class='ocr_line' id='line_1_85' title="bbox 958 901 1742 942; baseline 0.009 -14"><span class='ocrx_word' id='word_1_560' title='bbox 958 901 1031 929; x_wconf 89' lang='lat' dir='ltr'><strong><em>tione</em></strong></span> <span class='ocrx_word' id='word_1_561' title='bbox 1058 903 1129 930; x_wconf 88' lang='lat' dir='ltr'><strong><em>Cuil.</em></strong></span> <span class='ocrx_word' id='word_1_562' title='bbox 1155 903 1230 937; x_wconf 86' lang='lat' dir='ltr'><strong><em>Ililli,</em></strong></span> <span class='ocrx_word' id='word_1_563' title='bbox 1255 905 1327 939; x_wconf 86' lang='lat' dir='ltr'><strong><em>quod</em></strong></span> <span class='ocrx_word' id='word_1_564' title='bbox 1353 906 1475 940; x_wconf 81' lang='lat' dir='ltr'><strong><em>sphalma</em></strong></span> <span class='ocrx_word' id='word_1_565' title='bbox 1504 907 1663 942; x_wconf 77' lang='lat' dir='ltr'><strong><em>typograplii</em></strong></span> <span class='ocrx_word' id='word_1_566' title='bbox 1689 907 1742 935; x_wconf 89' lang='lat' dir='ltr'><strong><em>Ch.</em></strong></span> 
     </span>
    </p>
   </div>
   <div class='ocr_carea' id='block_1_86' title="bbox 954 943 1744 981">
    <p class='ocr_par' dir='ltr' id='par_1_86' title="bbox 954 943 1744 981">
     <span class='ocr_line' id='line_1_86' title="bbox 954 943 1744 981; baseline 0.008 -11"><span class='ocrx_word' id='word_1_567' title='bbox 954 943 1087 972; x_wconf 75' lang='lat' dir='ltr'><strong><em>Ccllarius</em></strong></span> <span class='ocrx_word' id='word_1_568' title='bbox 1103 945 1136 973; x_wconf 71' lang='grc' dir='ltr'><strong><em>(ἶ.</em></strong></span> <span class='ocrx_word' id='word_1_569' title='bbox 1152 947 1183 974; x_wconf 74' lang='grc' dir='ltr'>Α.</span> <span class='ocrx_word' id='word_1_570' title='bbox 1197 954 1239 979; x_wconf 81' lang='lat' dir='ltr'><strong><em>tu,</em></strong></span> <span class='ocrx_word' id='word_1_571' title='bbox 1255 947 1272 974; x_wconf 76' lang='grc'><strong>4</strong></span> <span class='ocrx_word' id='word_1_572' title='bbox 1289 955 1316 981; x_wconf 92' lang='lat' dir='ltr'><strong><em>p.</em></strong></span> <span class='ocrx_word' id='word_1_573' title='bbox 1332 947 1383 975; x_wconf 78' lang='lat' dir='ltr'><strong><em>I99</em></strong></span> <span class='ocrx_word' id='word_1_574' title='bbox 1401 952 1519 981; x_wconf 86' lang='lat' dir='ltr'><strong><em>putaret,</em></strong></span> <span class='ocrx_word' id='word_1_575' title='bbox 1535 948 1587 975; x_wconf 89' lang='lat' dir='ltr'><strong><em>nisi</em></strong></span> <span class='ocrx_word' id='word_1_576' title='bbox 1606 949 1632 975; x_wconf 93' lang='lat' dir='ltr'><strong><em>in</em></strong></span> <span class='ocrx_word' id='word_1_577' title='bbox 1647 948 1744 976; x_wconf 85' lang='lat' dir='ltr'><strong><em>Iliero—</em></strong></span> 
     </span>
    </p>
   </div>
   <div class='ocr_carea' id='block_1_87' title="bbox 955 985 1743 1025">
    <p class='ocr_par' dir='ltr' id='par_1_87' title="bbox 955 985 1743 1025">
     <span class='ocr_line' id='line_1_87' title="bbox 955 985 1743 1025; baseline 0.008 -13"><span class='ocrx_word' id='word_1_578' title='bbox 955 985 1004 1013; x_wconf 86' lang='lat' dir='ltr'><strong><em>clis</em></strong></span> <span class='ocrx_word' id='word_1_579' title='bbox 1019 988 1114 1014; x_wconf 84' lang='lat' dir='ltr'><strong><em>notitia</em></strong></span> <span class='ocrx_word' id='word_1_580' title='bbox 1129 987 1295 1025; x_wconf 80' lang='lat' dir='ltr'><strong><em>Pamphylia:</em></strong></span> <span class='ocrx_word' id='word_1_581' title='bbox 1309 989 1391 1016; x_wconf 85' lang='lat' dir='ltr'><strong><em>etiam</em></strong></span> <span class='ocrx_word' id='word_1_582' title='bbox 1412 988 1507 1024; x_wconf 79' lang='grc' dir='ltr'><strong><em>Λύσρη</em></strong></span> <span class='ocrx_word' id='word_1_583' title='bbox 1521 989 1652 1024; x_wconf 87' lang='lat' dir='ltr'><strong><em>scriptum</em></strong></span> <span class='ocrx_word' id='word_1_584' title='bbox 1667 990 1743 1018; x_wconf 83' lang='lat' dir='ltr'><strong><em>inve-</em></strong></span> 
     </span>
    </p>
   </div>
   <div class='ocr_carea' id='block_1_88' title="bbox 957 1029 1743 1066">
    <p class='ocr_par' dir='ltr' id='par_1_88' title="bbox 957 1029 1743 1066">
     <span class='ocr_line' id='line_1_88' title="bbox 957 1029 1743 1066; baseline 0.008 -11"><span class='ocrx_word' id='word_1_585' title='bbox 957 1029 1072 1057; x_wconf 82' lang='lat' dir='ltr'><strong><em>niretur.</em></strong></span> <span class='ocrx_word' id='word_1_586' title='bbox 1086 1030 1141 1064; x_wconf 78' lang='lat' dir='ltr'><strong><em>Ego</em></strong></span> <span class='ocrx_word' id='word_1_587' title='bbox 1155 1037 1251 1060; x_wconf 85' lang='lat' dir='ltr'><strong><em>contra</em></strong></span> <span class='ocrx_word' id='word_1_588' title='bbox 1261 1033 1361 1060; x_wconf 87' lang='lat' dir='ltr'><strong><em>sentio.</em></strong></span> <span class='ocrx_word' id='word_1_589' title='bbox 1372 1031 1491 1066; x_wconf 80' lang='lat' dir='ltr'><strong><em>Dionysii</em></strong></span> <span class='ocrx_word' id='word_1_590' title='bbox 1503 1031 1638 1066; x_wconf 68' lang='lat' dir='ltr'><strong><em>pleraeque</em></strong></span> <span class='ocrx_word' id='word_1_591' title='bbox 1648 1040 1743 1061; x_wconf 83' lang='lat' dir='ltr'><strong><em>omnes</em></strong></span> 
     </span>
    </p>
   </div>
   <div class='ocr_carea' id='block_1_89' title="bbox 955 1071 1743 1109">
    <p class='ocr_par' dir='ltr' id='par_1_89' title="bbox 955 1071 1743 1109">
     <span class='ocr_line' id='line_1_89' title="bbox 955 1071 1743 1109; baseline 0.005 -11"><span class='ocrx_word' id='word_1_592' title='bbox 955 1071 1087 1099; x_wconf 86' lang='lat' dir='ltr'><strong><em>editiones</em></strong></span> <span class='ocrx_word' id='word_1_593' title='bbox 1100 1072 1223 1108; x_wconf 79' lang='grc' dir='ltr'><strong><em>Λύρΰην,</em></strong></span> <span class='ocrx_word' id='word_1_594' title='bbox 1239 1074 1321 1100; x_wconf 89' lang='lat' dir='ltr'><strong><em>etiam</em></strong></span> <span class='ocrx_word' id='word_1_595' title='bbox 1340 1073 1526 1100; x_wconf 81' lang='lat' dir='ltr'><strong><em>Ferrariensis</em></strong></span> <span class='ocrx_word' id='word_1_596' title='bbox 1542 1080 1567 1101; x_wconf 66' lang='grc' dir='ltr'><strong><em>τι,</em></strong></span> <span class='ocrx_word' id='word_1_597' title='bbox 1585 1073 1665 1106; x_wconf 75' lang='grc'>1512,</span> <span class='ocrx_word' id='word_1_598' title='bbox 1687 1082 1743 1109; x_wconf 75' lang='lat' dir='ltr'><strong><em>prae</em></strong></span> 
     </span>
    </p>
   </div>
   <div class='ocr_carea' id='block_1_90' title="bbox 955 1111 1743 1150">
    <p class='ocr_par' dir='ltr' id='par_1_90' title="bbox 955 1111 1743 1150">
     <span class='ocr_line' id='line_1_90' title="bbox 955 1111 1743 1150; baseline 0.004 -11"><span class='ocrx_word' id='word_1_599' title='bbox 955 1118 984 1139; x_wconf 89' lang='lat' dir='ltr'><strong><em>se</em></strong></span> <span class='ocrx_word' id='word_1_600' title='bbox 994 1111 1086 1140; x_wconf 78' lang='lat' dir='ltr'><strong><em>ferunt</em></strong></span> <span class='ocrx_word' id='word_1_601' title='bbox 1103 1120 1111 1140; x_wconf 88' lang='lat'><strong>:</strong></span> <span class='ocrx_word' id='word_1_602' title='bbox 1126 1119 1248 1141; x_wconf 87' lang='lat' dir='ltr'><strong><em>nostrum</em></strong></span> <span class='ocrx_word' id='word_1_603' title='bbox 1263 1122 1328 1141; x_wconf 89' lang='lat' dir='ltr'><strong><em>vero</em></strong></span> <span class='ocrx_word' id='word_1_604' title='bbox 1347 1123 1361 1141; x_wconf 87' lang='lat' dir='ltr'><strong><em>a</em></strong></span> <span class='ocrx_word' id='word_1_605' title='bbox 1372 1114 1485 1142; x_wconf 86' lang='lat' dir='ltr'><strong><em>librario</em></strong></span> <span class='ocrx_word' id='word_1_606' title='bbox 1498 1121 1594 1149; x_wconf 88' lang='lat' dir='ltr'><strong><em>parutn</em></strong></span> <span class='ocrx_word' id='word_1_607' title='bbox 1611 1115 1743 1150; x_wconf 79' lang='lat' dir='ltr'><strong><em>diligente</em></strong></span> 
     </span>
    </p>
   </div>
   <div class='ocr_carea' id='block_1_91' title="bbox 955 1156 1742 1192">
    <p class='ocr_par' dir='ltr' id='par_1_91' title="bbox 955 1156 1742 1192">
     <span class='ocr_line' id='line_1_91' title="bbox 955 1156 1742 1192; baseline 0.005 -12"><span class='ocrx_word' id='word_1_608' title='bbox 955 1159 996 1180; x_wconf 86' lang='lat' dir='ltr'><strong><em>cst</em></strong></span> <span class='ocrx_word' id='word_1_609' title='bbox 1013 1163 1020 1181; x_wconf 93' lang='lat'>:</span> <span class='ocrx_word' id='word_1_610' title='bbox 1036 1162 1097 1182; x_wconf 88' lang='lat' dir='ltr'><strong><em>nam</em></strong></span> <span class='ocrx_word' id='word_1_611' title='bbox 1111 1156 1201 1183; x_wconf 77' lang='lat' dir='ltr'><strong><em>caeteri</em></strong></span> <span class='ocrx_word' id='word_1_612' title='bbox 1219 1156 1365 1190; x_wconf 80' lang='lat' dir='ltr'><strong><em>scriptores</em></strong></span> <span class='ocrx_word' id='word_1_613' title='bbox 1381 1156 1558 1184; x_wconf 85' lang='lat' dir='ltr'><strong><em>consentiunt</em></strong></span> <span class='ocrx_word' id='word_1_614' title='bbox 1583 1157 1742 1192; x_wconf 75' lang='grc' dir='ltr'>Λνρὸιιτῶν</span> 
     </span>
    </p>
   </div>
   <div class='ocr_carea' id='block_1_92' title="bbox 956 1203 1133 1223">
    <p class='ocr_par' dir='ltr' id='par_1_92' title="bbox 956 1203 1133 1223">
     <span class='ocr_line' id='line_1_92' title="bbox 956 1203 1133 1223; baseline -0.006 -1"><span class='ocrx_word' id='word_1_615' title='bbox 956 1203 1055 1223; x_wconf 83' lang='lat' dir='ltr'><strong><em>numis.</em></strong></span> <span class='ocrx_word' id='word_1_616' title='bbox 1123 1210 1133 1221; x_wconf 80' lang='grc' dir='ltr'>ι</span> 
     </span>
    </p>
   </div>
   <div class='ocr_carea' id='block_1_93' title="bbox 991 1237 1741 1276">
    <p class='ocr_par' dir='ltr' id='par_1_93' title="bbox 991 1237 1741 1276">
     <span class='ocr_line' id='line_1_93' title="bbox 991 1237 1741 1276; baseline 0.007 -12"><span class='ocrx_word' id='word_1_617' title='bbox 991 1237 1190 1266; x_wconf 58' lang='grc' dir='ltr'><strong><em>ἰωὰΚάσσα.</em></strong></span> <span class='ocrx_word' id='word_1_618' title='bbox 1213 1238 1271 1266; x_wconf 81' lang='lat' dir='ltr'><strong><em>Non</em></strong></span> <span class='ocrx_word' id='word_1_619' title='bbox 1293 1239 1345 1266; x_wconf 84' lang='lat' dir='ltr'><strong><em>alia</em></strong></span> <span class='ocrx_word' id='word_1_620' title='bbox 1371 1244 1414 1267; x_wconf 78' lang='lat' dir='ltr'><strong><em>est</em></strong></span> <span class='ocrx_word' id='word_1_621' title='bbox 1429 1247 1460 1268; x_wconf 87' lang='lat' dir='ltr'><strong><em>ac</em></strong></span> <span class='ocrx_word' id='word_1_622' title='bbox 1484 1240 1621 1270; x_wconf 73' lang='lat' dir='ltr'><strong><em>Ptolemaei</em></strong></span> <span class='ocrx_word' id='word_1_623' title='bbox 1637 1242 1741 1276; x_wconf 81' lang='grc' dir='ltr'>Κάσαι,</span> 
     </span>
    </p>
   </div>
   <div class='ocr_carea' id='block_1_94' title="bbox 956 1279 1501 1317">
    <p class='ocr_par' dir='ltr' id='par_1_94' title="bbox 956 1279 1501 1317">
     <span class='ocr_line' id='line_1_94' title="bbox 956 1279 1501 1317; baseline 0.007 -11"><span class='ocrx_word' id='word_1_624' title='bbox 956 1286 1005 1313; x_wconf 89' lang='lat' dir='ltr'><strong><em>pro</em></strong></span> <span class='ocrx_word' id='word_1_625' title='bbox 1021 1286 1074 1314; x_wconf 86' lang='lat' dir='ltr'><strong><em>quo</em></strong></span> <span class='ocrx_word' id='word_1_626' title='bbox 1091 1279 1183 1308; x_wconf 65' lang='lat' dir='ltr'><strong><em>Cassa!</em></strong></span> <span class='ocrx_word' id='word_1_627' title='bbox 1192 1286 1268 1308; x_wconf 87' lang='lat' dir='ltr'><strong><em>vetus</em></strong></span> <span class='ocrx_word' id='word_1_628' title='bbox 1281 1281 1340 1315; x_wconf 84' lang='lat' dir='ltr'><strong><em>ejus</em></strong></span> <span class='ocrx_word' id='word_1_629' title='bbox 1356 1282 1501 1317; x_wconf 86' lang='lat' dir='ltr'><strong><em>interpres.</em></strong></span> 
     </span>
    </p>
   </div>
   <div class='ocr_carea' id='block_1_95' title="bbox 991 1321 1742 1359">
    <p class='ocr_par' dir='ltr' id='par_1_95' title="bbox 991 1321 1742 1359">
     <span class='ocr_line' id='line_1_95' title="bbox 991 1321 1742 1359; baseline 0.005 -10"><span class='ocrx_word' id='word_1_630' title='bbox 991 1321 1062 1350; x_wconf 86' lang='lat' dir='ltr'><strong><em>Ibid.</em></strong></span> <span class='ocrx_word' id='word_1_631' title='bbox 1077 1323 1204 1350; x_wconf 84' lang='grc' dir='ltr'>Κότανα.</span> <span class='ocrx_word' id='word_1_632' title='bbox 1218 1322 1248 1350; x_wconf 81' lang='lat' dir='ltr'><strong><em>Si</em></strong></span> <span class='ocrx_word' id='word_1_633' title='bbox 1264 1323 1328 1350; x_wconf 80' lang='lat' dir='ltr'><strong><em>Acta</em></strong></span> <span class='ocrx_word' id='word_1_634' title='bbox 1339 1323 1468 1359; x_wconf 87' lang='lat' dir='ltr'><strong><em>Ephesiui</em></strong></span> <span class='ocrx_word' id='word_1_635' title='bbox 1481 1325 1591 1353; x_wconf 79' lang='lat' dir='ltr'><strong><em>concilii</em></strong></span> <span class='ocrx_word' id='word_1_636' title='bbox 1608 1325 1679 1354; x_wconf 87' lang='lat' dir='ltr'><strong><em>haud</em></strong></span> <span class='ocrx_word' id='word_1_637' title='bbox 1690 1325 1742 1353; x_wconf 68' lang='lat' dir='ltr'><strong><em>[alo</em></strong></span> 
     </span>
    </p>
   </div>
   <div class='ocr_carea' id='block_1_96' title="bbox 956 1361 1742 1402">
    <p class='ocr_par' dir='ltr' id='par_1_96' title="bbox 956 1361 1742 1402">
     <span class='ocr_line' id='line_1_96' title="bbox 956 1361 1742 1402; baseline 0.008 -12"><span class='ocrx_word' id='word_1_638' title='bbox 956 1362 1024 1396; x_wconf 88' lang='lat' dir='ltr'><strong><em>Iunt,</em></strong></span> <span class='ocrx_word' id='word_1_639' title='bbox 1042 1364 1146 1391; x_wconf 82' lang='grc' dir='ltr'><strong><em>Κότενα</em></strong></span> <span class='ocrx_word' id='word_1_640' title='bbox 1171 1365 1346 1400; x_wconf 72' lang='grc' dir='ltr'><strong><em>ριέςιίιειὶιιι</em></strong></span> <span class='ocrx_word' id='word_1_641' title='bbox 1360 1373 1370 1392; x_wconf 88' lang='grc'><em>;</em></span> <span class='ocrx_word' id='word_1_642' title='bbox 1391 1367 1539 1394; x_wconf 81' lang='lat' dir='ltr'><strong><em>subscribit</em></strong></span> <span class='ocrx_word' id='word_1_643' title='bbox 1551 1367 1627 1395; x_wconf 84' lang='lat' dir='ltr'><strong><em>enim</em></strong></span> <span class='ocrx_word' id='word_1_644' title='bbox 1640 1375 1668 1402; x_wconf 89' lang='lat' dir='ltr'><strong><em>p.</em></strong></span> <span class='ocrx_word' id='word_1_645' title='bbox 1688 1361 1742 1396; x_wconf 66' lang='grc'><strong><em>549</em></strong></span> 
     </span>
    </p>
   </div>
   <div class='ocr_carea' id='block_1_97' title="bbox 954 1405 1741 1445">
    <p class='ocr_par' dir='ltr' id='par_1_97' title="bbox 954 1405 1741 1445">
     <span class='ocr_line' id='line_1_97' title="bbox 954 1405 1741 1445; baseline 0.006 -13"><span class='ocrx_word' id='word_1_646' title='bbox 954 1405 1068 1434; x_wconf 80' lang='lat' dir='ltr'><strong><em>Acasius</em></strong></span> <span class='ocrx_word' id='word_1_647' title='bbox 1082 1407 1206 1433; x_wconf 76' lang='grc' dir='ltr'><strong><em>Κοτένων</em></strong></span> <span class='ocrx_word' id='word_1_648' title='bbox 1223 1407 1273 1442; x_wconf 80' lang='grc' dir='ltr'><strong><em>τῆς</em></strong></span> <span class='ocrx_word' id='word_1_649' title='bbox 1287 1407 1462 1442; x_wconf 78' lang='grc' dir='ltr'>Παμφυλίας,</span> <span class='ocrx_word' id='word_1_650' title='bbox 1478 1414 1505 1436; x_wconf 90' lang='lat' dir='ltr'><strong><em>et</em></strong></span> <span class='ocrx_word' id='word_1_651' title='bbox 1521 1416 1544 1443; x_wconf 90' lang='lat' dir='ltr'><strong><em>p.</em></strong></span> <span class='ocrx_word' id='word_1_652' title='bbox 1563 1409 1626 1442; x_wconf 67' lang='lat'><strong><em>529,</em></strong></span> <span class='ocrx_word' id='word_1_653' title='bbox 1643 1417 1741 1445; x_wconf 83' lang='lat' dir='ltr'><strong><em>qnam-</em></strong></span> 
     </span>
    </p>
   </div>
   <div class='ocr_carea' id='block_1_98' title="bbox 955 1447 1738 1486">
    <p class='ocr_par' dir='ltr' id='par_1_98' title="bbox 955 1447 1738 1486">
     <span class='ocr_line' id='line_1_98' title="bbox 955 1447 1738 1486; baseline 0.008 -13"><span class='ocrx_word' id='word_1_654' title='bbox 955 1447 997 1474; x_wconf 86' lang='lat' dir='ltr'><strong><em>vis</em></strong></span> <span class='ocrx_word' id='word_1_655' title='bbox 1015 1455 1067 1475; x_wconf 92' lang='lat' dir='ltr'><strong><em>non</em></strong></span> <span class='ocrx_word' id='word_1_656' title='bbox 1085 1448 1144 1476; x_wconf 90' lang='lat' dir='ltr'><strong><em>sine</em></strong></span> <span class='ocrx_word' id='word_1_657' title='bbox 1168 1448 1220 1476; x_wconf 77' lang='lat' dir='ltr'><strong><em>levi</em></strong></span> <span class='ocrx_word' id='word_1_658' title='bbox 1244 1451 1351 1484; x_wconf 84' lang='lat' dir='ltr'><strong><em>tuendo,</em></strong></span> <span class='ocrx_word' id='word_1_659' title='bbox 1367 1450 1416 1486; x_wconf 81' lang='grc' dir='ltr'><strong><em>τῆς</em></strong></span> <span class='ocrx_word' id='word_1_660' title='bbox 1429 1451 1458 1478; x_wconf 77' lang='grc' dir='ltr'>ὲν</span> <span class='ocrx_word' id='word_1_661' title='bbox 1478 1451 1611 1483; x_wconf 74' lang='grc' dir='ltr'><strong><em>Κοπένοις</em></strong></span> <span class='ocrx_word' id='word_1_662' title='bbox 1634 1451 1738 1486; x_wconf 67' lang='grc' dir='ltr'>ἑκκληυ</span> 
     </span>
    </p>
   </div>
   <div class='ocr_carea' id='block_1_99' title="bbox 944 1488 1028 1520">
    <p class='ocr_par' dir='ltr' id='par_1_99' title="bbox 944 1488 1028 1520">
     <span class='ocr_line' id='line_1_99' title="bbox 944 1488 1028 1520; baseline 0.024 -6"><span class='ocrx_word' id='word_1_663' title='bbox 944 1488 1028 1520; x_wconf 81' lang='grc' dir='ltr'>·σίας.</span> 
     </span>
    </p>
   </div>
   <div class='ocr_carea' id='block_1_100' title="bbox 989 1527 1742 1575">
    <p class='ocr_par' dir='ltr' id='par_1_100' title="bbox 989 1527 1742 1575">
     <span class='ocr_line' id='line_1_100' title="bbox 989 1527 1742 1575; baseline 0.009 -18"><span class='ocrx_word' id='word_1_664' title='bbox 989 1530 1056 1575; x_wconf 63' lang='grc' dir='ltr'><strong><em>Ιί)ί‹ίἶ</em></strong></span> <span class='ocrx_word' id='word_1_665' title='bbox 1067 1527 1214 1575; x_wconf 55' lang='grc' dir='ltr'><strong><em>’νρρυιενᾳ</em></strong></span> <span class='ocrx_word' id='word_1_666' title='bbox 1227 1532 1282 1560; x_wconf 89' lang='lat' dir='ltr'><strong><em>IIoc</em></strong></span> <span class='ocrx_word' id='word_1_667' title='bbox 1292 1540 1356 1561; x_wconf 75' lang='lat' dir='ltr'><strong><em>mss.</em></strong></span> <span class='ocrx_word' id='word_1_668' title='bbox 1373 1535 1534 1569; x_wconf 83' lang='lat' dir='ltr'><strong><em>approbant.</em></strong></span> <span class='ocrx_word' id='word_1_669' title='bbox 1551 1534 1619 1564; x_wconf 87' lang='lat' dir='ltr'><strong><em>lluic</em></strong></span> <span class='ocrx_word' id='word_1_670' title='bbox 1633 1535 1742 1572; x_wconf 80' lang='lat' dir='ltr'><strong><em>episco-</em></strong></span> 
     </span>
    </p>
   </div>
   <div class='ocr_carea' id='block_1_101' title="bbox 955 1573 1740 1615">
    <p class='ocr_par' dir='ltr' id='par_1_101' title="bbox 955 1573 1740 1615">
     <span class='ocr_line' id='line_1_101' title="bbox 955 1573 1740 1615; baseline 0.01 -16"><span class='ocrx_word' id='word_1_671' title='bbox 955 1579 1005 1615; x_wconf 74' lang='lat' dir='ltr'><strong><em>pus</em></strong></span> <span class='ocrx_word' id='word_1_672' title='bbox 1020 1573 1070 1615; x_wconf 83' lang='lat' dir='ltr'><strong><em>fuit</em></strong></span> <span class='ocrx_word' id='word_1_673' title='bbox 1083 1573 1181 1601; x_wconf 82' lang='lat' dir='ltr'><strong><em>Paulus</em></strong></span> <span class='ocrx_word' id='word_1_674' title='bbox 1189 1574 1371 1615; x_wconf 73' lang='lat' dir='ltr'><strong><em>Orymnorum</em></strong></span> <span class='ocrx_word' id='word_1_675' title='bbox 1383 1575 1514 1611; x_wconf 81' lang='lat' dir='ltr'><strong><em>Ephesio.</em></strong></span> <span class='ocrx_word' id='word_1_676' title='bbox 1525 1578 1624 1605; x_wconf 87' lang='lat' dir='ltr'><strong><em>concil.</em></strong></span> <span class='ocrx_word' id='word_1_677' title='bbox 1640 1585 1666 1613; x_wconf 88' lang='lat' dir='ltr'><strong><em>p.</em></strong></span> <span class='ocrx_word' id='word_1_678' title='bbox 1676 1579 1740 1611; x_wconf 65' lang='lat'><strong>674.</strong></span> 
     </span>
    </p>
   </div>
   <div class='ocr_carea' id='block_1_102' title="bbox 953 1613 1742 1654">
    <p class='ocr_par' dir='ltr' id='par_1_102' title="bbox 953 1613 1742 1654">
     <span class='ocr_line' id='line_1_102' title="bbox 953 1613 1742 1654; baseline 0.011 -14"><span class='ocrx_word' id='word_1_679' title='bbox 953 1613 999 1648; x_wconf 87' lang='lat' dir='ltr'><strong><em>qui</em></strong></span> <span class='ocrx_word' id='word_1_680' title='bbox 1012 1614 1109 1642; x_wconf 86' lang='lat' dir='ltr'><strong><em>vitiose</em></strong></span> <span class='ocrx_word' id='word_1_681' title='bbox 1124 1616 1175 1652; x_wconf 77' lang='grc' dir='ltr'><strong><em>τῆς</em></strong></span> <span class='ocrx_word' id='word_1_682' title='bbox 1191 1617 1221 1642; x_wconf 83' lang='grc' dir='ltr'>ὲν</span> <span class='ocrx_word' id='word_1_683' title='bbox 1238 1613 1377 1652; x_wconf 67' lang='grc' dir='ltr'><strong><em>οὸρύμνοις</em></strong></span> <span class='ocrx_word' id='word_1_684' title='bbox 1389 1618 1538 1654; x_wconf 73' lang='grc' dir='ltr'>ἐκκλησίας</span> <span class='ocrx_word' id='word_1_685' title='bbox 1553 1627 1580 1654; x_wconf 88' lang='lat' dir='ltr'><strong><em>p.</em></strong></span> <span class='ocrx_word' id='word_1_686' title='bbox 1593 1619 1658 1647; x_wconf 76' lang='lat'><strong><em>535.</em></strong></span> <span class='ocrx_word' id='word_1_687' title='bbox 1673 1619 1742 1649; x_wconf 72' lang='lat' dir='ltr'><strong><em>Vide</em></strong></span> 
     </span>
    </p>
   </div>
   <div class='ocr_carea' id='block_1_103' title="bbox 953 1654 1258 1692">
    <p class='ocr_par' dir='ltr' id='par_1_103' title="bbox 953 1654 1258 1692">
     <span class='ocr_line' id='line_1_103' title="bbox 953 1654 1258 1692; baseline 0.013 -11"><span class='ocrx_word' id='word_1_688' title='bbox 953 1654 1054 1683; x_wconf 61' lang='grc' dir='ltr'>Μυκη.</span> <span class='ocrx_word' id='word_1_689' title='bbox 1078 1663 1134 1684; x_wconf 82' lang='lat' dir='ltr'><strong><em>sec.</em></strong></span> <span class='ocrx_word' id='word_1_690' title='bbox 1148 1664 1174 1692; x_wconf 94' lang='lat' dir='ltr'><strong><em>p.</em></strong></span> <span class='ocrx_word' id='word_1_691' title='bbox 1193 1657 1258 1685; x_wconf 83' lang='lat'><strong><em>598.</em></strong></span> 
     </span>
    </p>
   </div>
   <div class='ocr_carea' id='block_1_104' title="bbox 989 1696 1739 1739">
    <p class='ocr_par' dir='ltr' id='par_1_104' title="bbox 989 1696 1739 1739">
     <span class='ocr_line' id='line_1_104' title="bbox 989 1696 1739 1739; baseline 0.012 -16"><span class='ocrx_word' id='word_1_692' title='bbox 989 1696 1056 1739; x_wconf 81' lang='lat' dir='ltr'><strong><em>Ibid.</em></strong></span> <span class='ocrx_word' id='word_1_693' title='bbox 1070 1699 1271 1732; x_wconf 76' lang='grc' dir='ltr'><strong><em>Κορακήσιον.</em></strong></span> <span class='ocrx_word' id='word_1_694' title='bbox 1289 1699 1376 1728; x_wconf 82' lang='lat' dir='ltr'><strong><em>Situm</em></strong></span> <span class='ocrx_word' id='word_1_695' title='bbox 1392 1705 1454 1729; x_wconf 85' lang='lat' dir='ltr'><strong><em>erat</em></strong></span> <span class='ocrx_word' id='word_1_696' title='bbox 1469 1701 1495 1729; x_wconf 85' lang='lat' dir='ltr'><strong><em>in</em></strong></span> <span class='ocrx_word' id='word_1_697' title='bbox 1509 1709 1575 1730; x_wconf 77' lang='lat' dir='ltr'><strong><em>saxo</em></strong></span> <span class='ocrx_word' id='word_1_698' title='bbox 1592 1708 1739 1739; x_wconf 72' lang='lat' dir='ltr'><strong><em>prmrupto,</em></strong></span> 
     </span>
    </p>
   </div>
   <div class='ocr_carea' id='block_1_105' title="bbox 953 1737 1739 1781">
    <p class='ocr_par' dir='ltr' id='par_1_105' title="bbox 953 1737 1739 1781">
     <span class='ocr_line' id='line_1_105' title="bbox 953 1737 1739 1781; baseline 0.013 -17"><span class='ocrx_word' id='word_1_699' title='bbox 953 1737 1016 1781; x_wconf 75' lang='lat' dir='ltr'><strong><em>olim</em></strong></span> <span class='ocrx_word' id='word_1_700' title='bbox 1028 1738 1129 1781; x_wconf 67' lang='lat' dir='ltr'><strong><em>Cilicia?</em></strong></span> <span class='ocrx_word' id='word_1_701' title='bbox 1144 1748 1247 1775; x_wconf 70' lang='lat' dir='ltr'><strong><em>aspera:</em></strong></span> <span class='ocrx_word' id='word_1_702' title='bbox 1269 1741 1375 1768; x_wconf 90' lang='lat' dir='ltr'><strong><em>initium</em></strong></span> <span class='ocrx_word' id='word_1_703' title='bbox 1391 1743 1462 1777; x_wconf 86' lang='lat' dir='ltr'><strong><em>apud</em></strong></span> <span class='ocrx_word' id='word_1_704' title='bbox 1477 1743 1637 1771; x_wconf 80' lang='lat' dir='ltr'><strong><em>Strabonem</em></strong></span> <span class='ocrx_word' id='word_1_705' title='bbox 1663 1737 1696 1773; x_wconf 70' lang='grc' dir='ltr'>η</span> <span class='ocrx_word' id='word_1_706' title='bbox 1712 1754 1739 1781; x_wconf 90' lang='lat' dir='ltr'><strong><em>p.</em></strong></span> 
     </span>
    </p>
   </div>
   <div class='ocr_carea' id='block_1_106' title="bbox 953 1779 1737 1821">
    <p class='ocr_par' dir='ltr' id='par_1_106' title="bbox 953 1779 1737 1821">
     <span class='ocr_line' id='line_1_106' title="bbox 953 1779 1737 1821; baseline 0.01 -15"><span class='ocrx_word' id='word_1_707' title='bbox 953 1779 1014 1821; x_wconf 72' lang='lat'><strong><em>668.</em></strong></span> <span class='ocrx_word' id='word_1_708' title='bbox 1041 1780 1205 1808; x_wconf 83' lang='lat' dir='ltr'><strong><em>Matidianus</em></strong></span> <span class='ocrx_word' id='word_1_709' title='bbox 1231 1783 1406 1817; x_wconf 76' lang='grc' dir='ltr'>Κορακισίων</span> <span class='ocrx_word' id='word_1_710' title='bbox 1421 1789 1462 1811; x_wconf 85' lang='lat' dir='ltr'><strong><em>est</em></strong></span> <span class='ocrx_word' id='word_1_711' title='bbox 1490 1784 1516 1811; x_wconf 93' lang='lat' dir='ltr'><strong><em>in</em></strong></span> <span class='ocrx_word' id='word_1_712' title='bbox 1548 1784 1684 1817; x_wconf 85' lang='lat' dir='ltr'><strong><em>Epltesino</em></strong></span> 
     </span>
    </p>
   </div>
   <div class='ocr_carea' id='block_1_107' title="bbox 952 1820 1740 1862">
    <p class='ocr_par' dir='ltr' id='par_1_107' title="bbox 952 1820 1740 1862">
     <span class='ocr_line' id='line_1_107' title="bbox 952 1820 1740 1862; baseline 0.01 -15"><span class='ocrx_word' id='word_1_713' title='bbox 952 1820 1014 1853; x_wconf 68' lang='grc'><strong><em>458,</em></strong></span> <span class='ocrx_word' id='word_1_714' title='bbox 1030 1823 1141 1856; x_wconf 82' lang='lat' dir='ltr'><strong><em>quicum</em></strong></span> <span class='ocrx_word' id='word_1_715' title='bbox 1167 1831 1242 1857; x_wconf 70' lang='lat' dir='ltr'><strong><em>paene</em></strong></span> <span class='ocrx_word' id='word_1_716' title='bbox 1265 1825 1403 1860; x_wconf 87' lang='lat' dir='ltr'><strong><em>conspirat</em></strong></span> <span class='ocrx_word' id='word_1_717' title='bbox 1428 1826 1610 1862; x_wconf 82' lang='grc' dir='ltr'>Κορακησίων</span> <span class='ocrx_word' id='word_1_718' title='bbox 1640 1820 1740 1858; x_wconf 66' lang='lat' dir='ltr'><strong><em>namus</em></strong></span> 
     </span>
    </p>
   </div>
   <div class='ocr_carea' id='block_1_108' title="bbox 953 1862 1404 1901">
    <p class='ocr_par' dir='ltr' id='par_1_108' title="bbox 953 1862 1404 1901">
     <span class='ocr_line' id='line_1_108' title="bbox 953 1862 1404 1901; baseline 0.013 -13"><span class='ocrx_word' id='word_1_719' title='bbox 953 1862 1030 1890; x_wconf 75' lang='lat' dir='ltr'><strong><em>Ther.</em></strong></span> <span class='ocrx_word' id='word_1_720' title='bbox 1046 1863 1152 1892; x_wconf 83' lang='lat' dir='ltr'><strong><em>Britan.</em></strong></span> <span class='ocrx_word' id='word_1_721' title='bbox 1171 1870 1236 1893; x_wconf 88' lang='lat' dir='ltr'><strong><em>tom.</em></strong></span> <span class='ocrx_word' id='word_1_722' title='bbox 1251 1873 1279 1898; x_wconf 86' lang='lat' dir='ltr'><strong><em>Il,</em></strong></span> <span class='ocrx_word' id='word_1_723' title='bbox 1295 1874 1322 1901; x_wconf 89' lang='lat' dir='ltr'><strong><em>p.</em></strong></span> <span class='ocrx_word' id='word_1_724' title='bbox 1340 1866 1404 1894; x_wconf 72' lang='lat'><strong><em>282.</em></strong></span> 
     </span>
    </p>
   </div>
   <div class='ocr_carea' id='block_1_109' title="bbox 988 1905 1738 1944">
    <p class='ocr_par' dir='ltr' id='par_1_109' title="bbox 988 1905 1738 1944">
     <span class='ocr_line' id='line_1_109' title="bbox 988 1905 1738 1944; baseline 0.012 -13"><span class='ocrx_word' id='word_1_725' title='bbox 988 1905 1055 1932; x_wconf 91' lang='lat' dir='ltr'><strong><em>Ibid.</em></strong></span> <span class='ocrx_word' id='word_1_726' title='bbox 1072 1906 1195 1940; x_wconf 78' lang='grc' dir='ltr'>Σύεδρα.</span> <span class='ocrx_word' id='word_1_727' title='bbox 1211 1907 1355 1935; x_wconf 80' lang='lat' dir='ltr'><strong><em>Desertum</em></strong></span> <span class='ocrx_word' id='word_1_728' title='bbox 1368 1907 1470 1936; x_wconf 61' lang='lat' dir='ltr'><strong><em>Cilicia</em></strong></span> <span class='ocrx_word' id='word_1_729' title='bbox 1480 1910 1619 1944; x_wconf 84' lang='lat' dir='ltr'><strong><em>scopulum</em></strong></span> <span class='ocrx_word' id='word_1_730' title='bbox 1641 1910 1738 1940; x_wconf 74' lang='lat' dir='ltr'><strong><em>Florus</em></strong></span> 
     </span>
    </p>
   </div>
   <div class='ocr_carea' id='block_1_110' title="bbox 951 1946 1738 1986">
    <p class='ocr_par' dir='ltr' id='par_1_110' title="bbox 951 1946 1738 1986">
     <span class='ocr_line' id='line_1_110' title="bbox 951 1946 1738 1986; baseline 0.011 -13"><span class='ocrx_word' id='word_1_731' title='bbox 951 1953 966 1973; x_wconf 90' lang='lat' dir='ltr'><strong><em>a</em></strong></span> <span class='ocrx_word' id='word_1_732' title='bbox 982 1946 1114 1975; x_wconf 85' lang='lat' dir='ltr'><strong><em>Salmasio</em></strong></span> <span class='ocrx_word' id='word_1_733' title='bbox 1129 1949 1289 1977; x_wconf 78' lang='lat' dir='ltr'><strong><em>emendatus</em></strong></span> <span class='ocrx_word' id='word_1_734' title='bbox 1297 1957 1333 1983; x_wconf 82' lang='lat' dir='ltr'><strong><em>tv,</em></strong></span> <span class='ocrx_word' id='word_1_735' title='bbox 1352 1950 1380 1983; x_wconf 62' lang='grc' dir='ltr'>ἓ,</span> <span class='ocrx_word' id='word_1_736' title='bbox 1393 1950 1519 1979; x_wconf 85' lang='lat' dir='ltr'><strong><em>Lucanus</em></strong></span> <span class='ocrx_word' id='word_1_737' title='bbox 1535 1960 1618 1986; x_wconf 88' lang='lat' dir='ltr'><strong><em>parva</em></strong></span> <span class='ocrx_word' id='word_1_738' title='bbox 1633 1953 1738 1982; x_wconf 84' lang='lat' dir='ltr'><strong><em>Suedra</em></strong></span> 
     </span>
    </p>
   </div>
   <div class='ocr_carea' id='block_1_111' title="bbox 951 1989 1737 2029">
    <p class='ocr_par' dir='ltr' id='par_1_111' title="bbox 951 1989 1737 2029">
     <span class='ocr_line' id='line_1_111' title="bbox 951 1989 1737 2029; baseline 0.011 -15"><span class='ocrx_word' id='word_1_739' title='bbox 951 1995 1010 2021; x_wconf 86' lang='lat' dir='ltr'><strong><em>vm,</em></strong></span> <span class='ocrx_word' id='word_1_740' title='bbox 1024 1989 1088 2020; x_wconf 71' lang='lat'><strong><em>259.</em></strong></span> <span class='ocrx_word' id='word_1_741' title='bbox 1111 1991 1145 2017; x_wconf 87' lang='lat' dir='ltr'><strong><em>ab</em></strong></span> <span class='ocrx_word' id='word_1_742' title='bbox 1162 1991 1257 2018; x_wconf 86' lang='lat' dir='ltr'><strong><em>eodem</em></strong></span> <span class='ocrx_word' id='word_1_743' title='bbox 1280 1992 1391 2019; x_wconf 80' lang='lat' dir='ltr'><strong><em>sanitati</em></strong></span> <span class='ocrx_word' id='word_1_744' title='bbox 1420 1992 1572 2026; x_wconf 83' lang='lat' dir='ltr'><strong><em>restitutus,</em></strong></span> <span class='ocrx_word' id='word_1_745' title='bbox 1601 1995 1737 2029; x_wconf 86' lang='lat' dir='ltr'><strong><em>appellat:</em></strong></span> 
     </span>
    </p>
   </div>
   <div class='ocr_carea' id='block_1_112' title="bbox 942 2030 1735 2068">
    <p class='ocr_par' dir='ltr' id='par_1_112' title="bbox 942 2030 1735 2068">
     <span class='ocr_line' id='line_1_112' title="bbox 942 2030 1735 2068; baseline 0.014 -13"><span class='ocrx_word' id='word_1_746' title='bbox 942 2030 1016 2057; x_wconf 67' lang='lat' dir='ltr'><strong><em>‘olim</em></strong></span> <span class='ocrx_word' id='word_1_747' title='bbox 1031 2030 1160 2066; x_wconf 87' lang='lat' dir='ltr'><strong><em>Synedris</em></strong></span> <span class='ocrx_word' id='word_1_748' title='bbox 1184 2031 1334 2066; x_wconf 76' lang='lat' dir='ltr'><strong><em>legebatur,</em></strong></span> <span class='ocrx_word' id='word_1_749' title='bbox 1359 2040 1473 2068; x_wconf 87' lang='lat' dir='ltr'><strong><em>prorsus</em></strong></span> <span class='ocrx_word' id='word_1_750' title='bbox 1491 2039 1520 2061; x_wconf 93' lang='lat' dir='ltr'><strong><em>ut</em></strong></span> <span class='ocrx_word' id='word_1_751' title='bbox 1537 2035 1652 2064; x_wconf 72' lang='lat' dir='ltr'><strong><em>Coislin.</em></strong></span> <span class='ocrx_word' id='word_1_752' title='bbox 1669 2045 1735 2066; x_wconf 74' lang='lat' dir='ltr'><strong><em>mss.</em></strong></span> 
     </span>
    </p>
   </div>
   <div class='ocr_carea' id='block_1_113' title="bbox 949 2071 1737 2108">
    <p class='ocr_par' dir='ltr' id='par_1_113' title="bbox 949 2071 1737 2108">
     <span class='ocr_line' id='line_1_113' title="bbox 949 2071 1737 2108; baseline 0.011 -10"><span class='ocrx_word' id='word_1_753' title='bbox 949 2079 982 2098; x_wconf 84' lang='lat' dir='ltr'><strong><em>ex</em></strong></span> <span class='ocrx_word' id='word_1_754' title='bbox 1002 2071 1104 2100; x_wconf 86' lang='lat' dir='ltr'><strong><em>Suedra</em></strong></span> <span class='ocrx_word' id='word_1_755' title='bbox 1128 2072 1265 2100; x_wconf 62' lang='lat' dir='ltr'><strong><em>Ptolemaei</em></strong></span> <span class='ocrx_word' id='word_1_756' title='bbox 1292 2074 1425 2105; x_wconf 78' lang='grc' dir='ltr'>Συνέδραν</span> <span class='ocrx_word' id='word_1_757' title='bbox 1449 2083 1477 2107; x_wconf 83' lang='lat' dir='ltr'><strong><em>v.</em></strong></span> <span class='ocrx_word' id='word_1_758' title='bbox 1492 2075 1509 2102; x_wconf 86' lang='lat'><strong>8</strong></span> <span class='ocrx_word' id='word_1_759' title='bbox 1533 2075 1606 2104; x_wconf 80' lang='lat' dir='ltr'><strong><em>fecit.</em></strong></span> <span class='ocrx_word' id='word_1_760' title='bbox 1624 2077 1691 2106; x_wconf 84' lang='lat' dir='ltr'><strong><em>Vide</em></strong></span> <span class='ocrx_word' id='word_1_761' title='bbox 1709 2080 1737 2108; x_wconf 90' lang='lat' dir='ltr'><strong><em>in</em></strong></span> 
     </span>
    </p>
   </div>
   <div class='ocr_carea' id='block_1_114' title="bbox 952 2113 1637 2151">
    <p class='ocr_par' dir='ltr' id='par_1_114' title="bbox 952 2113 1637 2151">
     <span class='ocr_line' id='line_1_114' title="bbox 952 2113 1637 2151; baseline 0.01 -12"><span class='ocrx_word' id='word_1_762' title='bbox 952 2113 1038 2140; x_wconf 86' lang='lat' dir='ltr'><strong><em>Solin.</em></strong></span> <span class='ocrx_word' id='word_1_763' title='bbox 1055 2122 1083 2148; x_wconf 77' lang='grc' dir='ltr'><strong><em>ιι.</em></strong></span> <span class='ocrx_word' id='word_1_764' title='bbox 1097 2114 1161 2147; x_wconf 72' lang='grc'>542,</span> <span class='ocrx_word' id='word_1_765' title='bbox 1176 2120 1203 2142; x_wconf 87' lang='lat' dir='ltr'><strong><em>et</em></strong></span> <span class='ocrx_word' id='word_1_766' title='bbox 1219 2114 1329 2143; x_wconf 82' lang='lat' dir='ltr'><strong><em>Kuster.</em></strong></span> <span class='ocrx_word' id='word_1_767' title='bbox 1346 2116 1379 2144; x_wconf 88' lang='lat' dir='ltr'><strong><em>ad</em></strong></span> <span class='ocrx_word' id='word_1_768' title='bbox 1393 2116 1483 2144; x_wconf 71' lang='lat' dir='ltr'><strong><em>Suida:</em></strong></span> <span class='ocrx_word' id='word_1_769' title='bbox 1500 2117 1637 2151; x_wconf 77' lang='grc' dir='ltr'>Λίλιανός.</span> 
     </span>
    </p>
   </div>
   <div class='ocr_carea' id='block_1_115' title="bbox 924 2154 1735 2195">
    <p class='ocr_par' dir='ltr' id='par_1_115' title="bbox 924 2154 1735 2195">
     <span class='ocr_line' id='line_1_115' title="bbox 924 2154 1735 2195; baseline 0.012 -15"><span class='ocrx_word' id='word_1_770' title='bbox 924 2161 932 2168; x_wconf 92' lang='grc'>·</span> <span class='ocrx_word' id='word_1_771' title='bbox 985 2154 1052 2182; x_wconf 88' lang='lat' dir='ltr'><strong><em>Ibid.</em></strong></span> <span class='ocrx_word' id='word_1_772' title='bbox 1069 2157 1212 2190; x_wconf 76' lang='grc' dir='ltr'>Καραλία.</span> <span class='ocrx_word' id='word_1_773' title='bbox 1230 2157 1368 2192; x_wconf 86' lang='grc' dir='ltr'>Κάραλλις</span> <span class='ocrx_word' id='word_1_774' title='bbox 1382 2157 1398 2193; x_wconf 81' lang='grc' dir='ltr'>ἢ</span> <span class='ocrx_word' id='word_1_775' title='bbox 1412 2158 1567 2193; x_wconf 80' lang='grc' dir='ltr'>Καράλλεια</span> <span class='ocrx_word' id='word_1_776' title='bbox 1587 2160 1735 2195; x_wconf 85' lang='lat' dir='ltr'><strong><em>Stephano.</em></strong></span> 
     </span>
    </p>
   </div>
   <div class='ocr_carea' id='block_1_116' title="bbox 949 2196 1734 2238">
    <p class='ocr_par' dir='ltr' id='par_1_116' title="bbox 949 2196 1734 2238">
     <span class='ocr_line' id='line_1_116' title="bbox 949 2196 1734 2238; baseline 0.008 -14"><span class='ocrx_word' id='word_1_777' title='bbox 949 2196 1063 2225; x_wconf 88' lang='lat' dir='ltr'><strong><em>Concilii</em></strong></span> <span class='ocrx_word' id='word_1_778' title='bbox 1092 2199 1219 2234; x_wconf 88' lang='lat' dir='ltr'><strong><em>Ephesini</em></strong></span> <span class='ocrx_word' id='word_1_779' title='bbox 1245 2199 1317 2227; x_wconf 70' lang='lat' dir='ltr'><strong><em>Actia</em></strong></span> <span class='ocrx_word' id='word_1_780' title='bbox 1337 2199 1423 2228; x_wconf 78' lang='lat' dir='ltr'><strong><em>adfuit</em></strong></span> <span class='ocrx_word' id='word_1_781' title='bbox 1450 2201 1532 2229; x_wconf 93' lang='lat' dir='ltr'><strong><em>Solon</em></strong></span> <span class='ocrx_word' id='word_1_782' title='bbox 1564 2203 1734 2238; x_wconf 84' lang='grc' dir='ltr'>Καραλλίας,</span> 
     </span>
    </p>
   </div>
   <div class='ocr_carea' id='block_1_117' title="bbox 949 2239 1736 2278">
    <p class='ocr_par' dir='ltr' id='par_1_117' title="bbox 949 2239 1736 2278">
     <span class='ocr_line' id='line_1_117' title="bbox 949 2239 1736 2278; baseline 0.009 -12"><span class='ocrx_word' id='word_1_783' title='bbox 949 2239 1054 2273; x_wconf 74' lang='grc' dir='ltr'>ι).438,</span> <span class='ocrx_word' id='word_1_784' title='bbox 1082 2246 1108 2268; x_wconf 82' lang='lat' dir='ltr'><strong><em>et</em></strong></span> <span class='ocrx_word' id='word_1_785' title='bbox 1133 2240 1298 2269; x_wconf 71' lang='lat' dir='ltr'><strong><em>Chalcedon.</em></strong></span> <span class='ocrx_word' id='word_1_786' title='bbox 1321 2250 1347 2277; x_wconf 91' lang='lat' dir='ltr'><strong><em>p.</em></strong></span> <span class='ocrx_word' id='word_1_787' title='bbox 1376 2242 1429 2270; x_wconf 73' lang='lat'><strong><em>672</em></strong></span> <span class='ocrx_word' id='word_1_788' title='bbox 1451 2243 1605 2271; x_wconf 82' lang='lat' dir='ltr'><strong><em>Marcianus</em></strong></span> <span class='ocrx_word' id='word_1_789' title='bbox 1631 2246 1736 2278; x_wconf 83' lang='grc' dir='ltr'>πόλεω;</span> 
     </span>
    </p>
   </div>
   <div class='ocr_carea' id='block_1_118' title="bbox 951 2281 1736 2323">
    <p class='ocr_par' dir='ltr' id='par_1_118' title="bbox 951 2281 1736 2323">
     <span class='ocr_line' id='line_1_118' title="bbox 951 2281 1736 2323; baseline 0.01 -16"><span class='ocrx_word' id='word_1_790' title='bbox 951 2281 1109 2323; x_wconf 67' lang='grc' dir='ltr'>Καραλλίας</span> <span class='ocrx_word' id='word_1_791' title='bbox 1124 2283 1223 2310; x_wconf 85' lang='lat' dir='ltr'><strong><em>rectius</em></strong></span> <span class='ocrx_word' id='word_1_792' title='bbox 1234 2283 1441 2320; x_wconf 83' lang='lat' dir='ltr'><strong><em>Constantinop.</em></strong></span> <span class='ocrx_word' id='word_1_793' title='bbox 1472 2286 1553 2313; x_wconf 90' lang='lat' dir='ltr'><strong><em>tertio</em></strong></span> <span class='ocrx_word' id='word_1_794' title='bbox 1565 2286 1614 2322; x_wconf 80' lang='grc' dir='ltr'><strong><em>τῆς</em></strong></span> <span class='ocrx_word' id='word_1_795' title='bbox 1623 2287 1736 2323; x_wconf 57' lang='lat' dir='ltr'><strong><em>Rapa)-</em></strong></span> 
     </span>
    </p>
   </div>
   <div class='ocr_carea' id='block_1_119' title="bbox 950 2322 1737 2363">
    <p class='ocr_par' dir='ltr' id='par_1_119' title="bbox 950 2322 1737 2363">
     <span class='ocr_line' id='line_1_119' title="bbox 950 2322 1737 2363; baseline 0.009 -14"><span class='ocrx_word' id='word_1_796' title='bbox 950 2322 1018 2349; x_wconf 86' lang='grc' dir='ltr'>λέων</span> <span class='ocrx_word' id='word_1_797' title='bbox 1037 2324 1140 2355; x_wconf 80' lang='grc' dir='ltr'>πόλεως</span> <span class='ocrx_word' id='word_1_798' title='bbox 1156 2324 1203 2360; x_wconf 83' lang='grc' dir='ltr'><strong><em>τῆς</em></strong></span> <span class='ocrx_word' id='word_1_799' title='bbox 1217 2325 1385 2360; x_wconf 80' lang='grc' dir='ltr'>Παμφυλίων</span> <span class='ocrx_word' id='word_1_800' title='bbox 1397 2326 1542 2362; x_wconf 71' lang='grc' dir='ltr'>ἐπαρχίας,</span> <span class='ocrx_word' id='word_1_801' title='bbox 1560 2335 1586 2363; x_wconf 89' lang='lat' dir='ltr'><strong><em>p.</em></strong></span> <span class='ocrx_word' id='word_1_802' title='bbox 1602 2322 1737 2357; x_wconf 75' lang='lat' dir='ltr'><strong><em>505.Vide</em></strong></span> 
     </span>
    </p>
   </div>
   <div class='ocr_carea' id='block_1_120' title="bbox 951 2363 1736 2404">
    <p class='ocr_par' dir='ltr' id='par_1_120' title="bbox 951 2363 1736 2404">
     <span class='ocr_line' id='line_1_120' title="bbox 951 2363 1736 2404; baseline 0.008 -13"><span class='ocrx_word' id='word_1_803' title='bbox 951 2363 1038 2392; x_wconf 83' lang='lat' dir='ltr'><strong><em>Ilolst.</em></strong></span> <span class='ocrx_word' id='word_1_804' title='bbox 1057 2365 1082 2392; x_wconf 92' lang='lat' dir='ltr'><strong><em>in</em></strong></span> <span class='ocrx_word' id='word_1_805' title='bbox 1098 2365 1277 2401; x_wconf 83' lang='lat' dir='ltr'><strong><em>Stephanum,</em></strong></span> <span class='ocrx_word' id='word_1_806' title='bbox 1302 2372 1329 2394; x_wconf 85' lang='lat' dir='ltr'><strong><em>et</em></strong></span> <span class='ocrx_word' id='word_1_807' title='bbox 1352 2368 1451 2402; x_wconf 85' lang='lat' dir='ltr'><strong><em>gentile</em></strong></span> <span class='ocrx_word' id='word_1_808' title='bbox 1479 2369 1531 2396; x_wconf 92' lang='lat' dir='ltr'><strong><em>hoc</em></strong></span> <span class='ocrx_word' id='word_1_809' title='bbox 1557 2377 1571 2396; x_wconf 84' lang='lat' dir='ltr'><strong><em>a</em></strong></span> <span class='ocrx_word' id='word_1_810' title='bbox 1596 2369 1736 2404; x_wconf 79' lang='grc' dir='ltr'>Κάραλλις</span> 
     </span>
    </p>
   </div>
   <div class='ocr_carea' id='block_1_121' title="bbox 950 2407 1734 2448">
    <p class='ocr_par' dir='ltr' id='par_1_121' title="bbox 950 2407 1734 2448">
     <span class='ocr_line' id='line_1_121' title="bbox 950 2407 1734 2448; baseline 0.009 -15"><span class='ocrx_word' id='word_1_811' title='bbox 950 2407 1100 2435; x_wconf 84' lang='lat' dir='ltr'><strong><em>derivatum</em></strong></span> <span class='ocrx_word' id='word_1_812' title='bbox 1127 2412 1208 2443; x_wconf 88' lang='lat' dir='ltr'><strong><em>atque</em></strong></span> <span class='ocrx_word' id='word_1_813' title='bbox 1246 2409 1280 2436; x_wconf 88' lang='lat' dir='ltr'><strong><em>ab</em></strong></span> <span class='ocrx_word' id='word_1_814' title='bbox 1322 2409 1543 2446; x_wconf 79' lang='lat' dir='ltr'><strong><em>Ethnicographo</em></strong></span> <span class='ocrx_word' id='word_1_815' title='bbox 1583 2412 1734 2448; x_wconf 87' lang='lat' dir='ltr'><strong><em>neglectum</em></strong></span> 
     </span>
    </p>
   </div>
   <div class='ocr_carea' id='block_1_122' title="bbox 940 2449 1399 2477">
    <p class='ocr_par' dir='ltr' id='par_1_122' title="bbox 940 2449 1399 2477">
     <span class='ocr_line' id='line_1_122' title="bbox 940 2449 1399 2477; baseline 0.004 -1"><span class='ocrx_word' id='word_1_816' title='bbox 940 2449 1075 2477; x_wconf 77' lang='lat' dir='ltr'><strong><em>observa.</em></strong></span> <span class='ocrx_word' id='word_1_817' title='bbox 1385 2462 1399 2466; x_wconf 70' lang='grc' dir='ltr'>ι-</span> 
     </span>
    </p>
   </div>
   <div class='ocr_carea' id='block_1_123' title="bbox 985 2491 1735 2530">
    <p class='ocr_par' dir='ltr' id='par_1_123' title="bbox 985 2491 1735 2530">
     <span class='ocr_line' id='line_1_123' title="bbox 985 2491 1735 2530; baseline 0.007 -12"><span class='ocrx_word' id='word_1_818' title='bbox 985 2491 1052 2519; x_wconf 90' lang='lat' dir='ltr'><strong><em>Ibid.</em></strong></span> <span class='ocrx_word' id='word_1_819' title='bbox 1086 2492 1280 2526; x_wconf 75' lang='grc' dir='ltr'><strong><em>Ὄλύὄρασος.</em></strong></span> <span class='ocrx_word' id='word_1_820' title='bbox 1308 2493 1505 2530; x_wconf 73' lang='grc' dir='ltr'><strong><em>Κορυϐρασσδς</em></strong></span> <span class='ocrx_word' id='word_1_821' title='bbox 1528 2502 1591 2523; x_wconf 86' lang='lat' dir='ltr'><strong><em>vere</em></strong></span> <span class='ocrx_word' id='word_1_822' title='bbox 1618 2494 1735 2526; x_wconf 71' lang='lat' dir='ltr'><strong><em>Holslci~</em></strong></span> 
     </span>
    </p>
   </div>
   <div class='ocr_carea' id='block_1_124' title="bbox 949 2533 1734 2571">
    <p class='ocr_par' dir='ltr' id='par_1_124' title="bbox 949 2533 1734 2571">
     <span class='ocr_line' id='line_1_124' title="bbox 949 2533 1734 2571; baseline 0.006 -12"><span class='ocrx_word' id='word_1_823' title='bbox 949 2533 1022 2565; x_wconf 84' lang='lat' dir='ltr'><strong><em>nius,</em></strong></span> <span class='ocrx_word' id='word_1_824' title='bbox 1039 2533 1116 2567; x_wconf 83' lang='lat' dir='ltr'><strong><em>cujus</em></strong></span> <span class='ocrx_word' id='word_1_825' title='bbox 1131 2534 1238 2568; x_wconf 79' lang='lat' dir='ltr'><strong><em>praesul,</em></strong></span> <span class='ocrx_word' id='word_1_826' title='bbox 1267 2535 1301 2562; x_wconf 90' lang='lat' dir='ltr'><strong><em>ab</em></strong></span> <span class='ocrx_word' id='word_1_827' title='bbox 1328 2535 1423 2563; x_wconf 85' lang='lat' dir='ltr'><strong><em>eodem</em></strong></span> <span class='ocrx_word' id='word_1_828' title='bbox 1445 2536 1596 2571; x_wconf 79' lang='lat' dir='ltr'><strong><em>appellatus</em></strong></span> <span class='ocrx_word' id='word_1_829' title='bbox 1611 2537 1637 2564; x_wconf 88' lang='lat' dir='ltr'><strong><em>in</em></strong></span> <span class='ocrx_word' id='word_1_830' title='bbox 1662 2538 1734 2565; x_wconf 81' lang='lat' dir='ltr'><strong><em>litum</em></strong></span> 
     </span>
    </p>
   </div>
   <div class='ocr_carea' id='block_1_125' title="bbox 949 2574 1733 2613">
    <p class='ocr_par' dir='ltr' id='par_1_125' title="bbox 949 2574 1733 2613">
     <span class='ocr_line' id='line_1_125' title="bbox 949 2574 1733 2613; baseline 0.008 -11"><span class='ocrx_word' id='word_1_831' title='bbox 949 2583 1017 2606; x_wconf 84' lang='lat' dir='ltr'><strong><em>rem.</em></strong></span> <span class='ocrx_word' id='word_1_832' title='bbox 1038 2574 1135 2602; x_wconf 79' lang='lat' dir='ltr'><strong><em>Nesius</em></strong></span> <span class='ocrx_word' id='word_1_833' title='bbox 1157 2576 1352 2611; x_wconf 76' lang='grc' dir='ltr'><strong><em>Κορυϐρασσοῦ</em></strong></span> <span class='ocrx_word' id='word_1_834' title='bbox 1377 2578 1476 2613; x_wconf 87' lang='lat' dir='ltr'><strong><em>Ephes.</em></strong></span> <span class='ocrx_word' id='word_1_835' title='bbox 1504 2577 1603 2606; x_wconf 89' lang='lat' dir='ltr'><strong><em>concil.</em></strong></span> <span class='ocrx_word' id='word_1_836' title='bbox 1620 2586 1647 2613; x_wconf 82' lang='grc' dir='ltr'>ι).</span> <span class='ocrx_word' id='word_1_837' title='bbox 1669 2579 1733 2613; x_wconf 68' lang='grc'><strong><em>438,</em></strong></span> 
     </span>
    </p>
   </div>
   <div class='ocr_carea' id='block_1_126' title="bbox 948 2617 1732 2657">
    <p class='ocr_par' dir='ltr' id='par_1_126' title="bbox 948 2617 1732 2657">
     <span class='ocr_line' id='line_1_126' title="bbox 948 2617 1732 2657; baseline 0.006 -13"><span class='ocrx_word' id='word_1_838' title='bbox 948 2623 1091 2652; x_wconf 86' lang='lat' dir='ltr'><strong><em>perperam</em></strong></span> <span class='ocrx_word' id='word_1_839' title='bbox 1107 2624 1170 2645; x_wconf 83' lang='lat' dir='ltr'><strong><em>vero</em></strong></span> <span class='ocrx_word' id='word_1_840' title='bbox 1183 2617 1233 2652; x_wconf 81' lang='grc' dir='ltr'><strong><em>τῆς</em></strong></span> <span class='ocrx_word' id='word_1_841' title='bbox 1260 2618 1332 2646; x_wconf 85' lang='grc' dir='ltr'>κατὰ</span> <span class='ocrx_word' id='word_1_842' title='bbox 1348 2619 1542 2656; x_wconf 77' lang='grc' dir='ltr'>Κορυσοσὺνην</span> <span class='ocrx_word' id='word_1_843' title='bbox 1570 2621 1732 2657; x_wconf 71' lang='grc' dir='ltr'>ἰκκλησίας.</span> 
     </span>
    </p>
   </div>
   <div class='ocr_carea' id='block_1_127' title="bbox 983 2701 1732 2740">
    <p class='ocr_par' dir='ltr' id='par_1_127' title="bbox 983 2701 1732 2740">
     <span class='ocr_line' id='line_1_127' title="bbox 983 2701 1732 2740; baseline 0.007 -12"><span class='ocrx_word' id='word_1_844' title='bbox 983 2701 1051 2729; x_wconf 90' lang='lat' dir='ltr'><strong><em>Ibid.</em></strong></span> <span class='ocrx_word' id='word_1_845' title='bbox 1069 2702 1138 2729; x_wconf 80' lang='grc' dir='ltr'><strong><em>Ὑπὸ</em></strong></span> <span class='ocrx_word' id='word_1_846' title='bbox 1162 2702 1393 2737; x_wconf 73' lang='grc' dir='ltr'><strong><em>κονσουλάριον.</em></strong></span> <span class='ocrx_word' id='word_1_847' title='bbox 1412 2702 1523 2731; x_wconf 70' lang='grc' dir='ltr'><strong><em>Ρτκδίιίί</em></strong></span> <span class='ocrx_word' id='word_1_848' title='bbox 1542 2704 1652 2740; x_wconf 82' lang='lat' dir='ltr'><strong><em>Lyciam</em></strong></span> <span class='ocrx_word' id='word_1_849' title='bbox 1668 2704 1732 2733; x_wconf 86' lang='grc' dir='ltr'><strong><em>Νο-</em></strong></span> 
     </span>
    </p>
   </div>
   <div class='ocr_carea' id='block_1_128' title="bbox 948 2743 1732 2780">
    <p class='ocr_par' dir='ltr' id='par_1_128' title="bbox 948 2743 1732 2780">
     <span class='ocr_line' id='line_1_128' title="bbox 948 2743 1732 2780; baseline 0.005 -10"><span class='ocrx_word' id='word_1_850' title='bbox 948 2743 1007 2770; x_wconf 84' lang='lat' dir='ltr'><strong><em>titia</em></strong></span> <span class='ocrx_word' id='word_1_851' title='bbox 1038 2745 1100 2778; x_wconf 82' lang='lat' dir='ltr'><strong><em>imp.</em></strong></span> <span class='ocrx_word' id='word_1_852' title='bbox 1121 2743 1223 2772; x_wconf 81' lang='lat' dir='ltr'><strong><em>Orient.</em></strong></span> <span class='ocrx_word' id='word_1_853' title='bbox 1248 2753 1272 2772; x_wconf 92' lang='lat' dir='ltr'><strong><em>c.</em></strong></span> <span class='ocrx_word' id='word_1_854' title='bbox 1301 2753 1309 2772; x_wconf 79' lang='grc' dir='ltr'><strong><em>ι</em></strong></span> <span class='ocrx_word' id='word_1_855' title='bbox 1332 2745 1450 2780; x_wconf 85' lang='lat' dir='ltr'><strong><em>subjicit,</em></strong></span> <span class='ocrx_word' id='word_1_856' title='bbox 1479 2751 1574 2780; x_wconf 85' lang='lat' dir='ltr'><strong><em>estque</em></strong></span> <span class='ocrx_word' id='word_1_857' title='bbox 1607 2747 1633 2773; x_wconf 95' lang='lat' dir='ltr'><strong><em>in</em></strong></span> <span class='ocrx_word' id='word_1_858' title='bbox 1658 2747 1732 2775; x_wconf 76' lang='lat' dir='ltr'><strong><em>Actis</em></strong></span> 
     </span>
    </p>
   </div>
   <div class='ocr_carea' id='block_1_129' title="bbox 947 2785 1732 2824">
    <p class='ocr_par' dir='ltr' id='par_1_129' title="bbox 947 2785 1732 2824">
     <span class='ocr_line' id='line_1_129' title="bbox 947 2785 1732 2824; baseline 0.005 -12"><span class='ocrx_word' id='word_1_859' title='bbox 947 2785 977 2813; x_wconf 88' lang='lat' dir='ltr'><strong><em>S.</em></strong></span> <span class='ocrx_word' id='word_1_860' title='bbox 996 2785 1102 2813; x_wconf 81' lang='lat' dir='ltr'><strong><em>Claudii</em></strong></span> <span class='ocrx_word' id='word_1_861' title='bbox 1129 2787 1199 2821; x_wconf 90' lang='lat' dir='ltr'><strong><em>apud</em></strong></span> <span class='ocrx_word' id='word_1_862' title='bbox 1227 2786 1352 2814; x_wconf 79' lang='lat' dir='ltr'><strong><em>Ruinart.</em></strong></span> <span class='ocrx_word' id='word_1_863' title='bbox 1382 2796 1408 2823; x_wconf 92' lang='lat' dir='ltr'><strong><em>p.</em></strong></span> <span class='ocrx_word' id='word_1_864' title='bbox 1433 2787 1485 2815; x_wconf 87' lang='lat'><strong><em>866</em></strong></span> <span class='ocrx_word' id='word_1_865' title='bbox 1510 2787 1604 2824; x_wconf 77' lang='lat' dir='ltr'><strong><em>Lysias</em></strong></span> <span class='ocrx_word' id='word_1_866' title='bbox 1632 2796 1732 2823; x_wconf 72' lang='lat' dir='ltr'><strong><em>praeses</em></strong></span> 
     </span>
    </p>
   </div>
   <div class='ocr_carea' id='block_1_130' title="bbox 947 2828 1730 2864">
    <p class='ocr_par' dir='ltr' id='par_1_130' title="bbox 947 2828 1730 2864">
     <span class='ocr_line' id='line_1_130' title="bbox 947 2828 1730 2864; baseline 0.004 -8"><span class='ocrx_word' id='word_1_867' title='bbox 947 2829 1094 2862; x_wconf 65' lang='lat' dir='ltr'><strong><em>provinciae</em></strong></span> <span class='ocrx_word' id='word_1_868' title='bbox 1110 2828 1208 2864; x_wconf 70' lang='lat' dir='ltr'><strong><em>Lycite;</em></strong></span> <span class='ocrx_word' id='word_1_869' title='bbox 1226 2829 1269 2864; x_wconf 88' lang='lat' dir='ltr'><strong><em>qui</em></strong></span> <span class='ocrx_word' id='word_1_870' title='bbox 1291 2834 1380 2857; x_wconf 88' lang='lat' dir='ltr'><strong><em>tamen</em></strong></span> <span class='ocrx_word' id='word_1_871' title='bbox 1402 2837 1455 2857; x_wconf 91' lang='lat' dir='ltr'><strong><em>non</em></strong></span> <span class='ocrx_word' id='word_1_872' title='bbox 1475 2830 1536 2858; x_wconf 91' lang='lat' dir='ltr'><strong><em>huic</em></strong></span> <span class='ocrx_word' id='word_1_873' title='bbox 1555 2831 1601 2858; x_wconf 88' lang='lat' dir='ltr'><strong><em>sed</em></strong></span> <span class='ocrx_word' id='word_1_874' title='bbox 1616 2830 1730 2864; x_wconf 73' lang='lat' dir='ltr'><strong><em>Cilicite.</em></strong></span> 
     </span>
    </p>
   </div>
   <div class='ocr_carea' id='block_1_131' title="bbox 946 2871 1729 2908">
    <p class='ocr_par' dir='ltr' id='par_1_131' title="bbox 946 2871 1729 2908">
     <span class='ocr_line' id='line_1_131' title="bbox 946 2871 1729 2908; baseline 0.003 -11"><span class='ocrx_word' id='word_1_875' title='bbox 946 2871 1075 2906; x_wconf 81' lang='lat' dir='ltr'><strong><em>quoniam</em></strong></span> <span class='ocrx_word' id='word_1_876' title='bbox 1101 2872 1128 2900; x_wconf 92' lang='lat' dir='ltr'><strong><em>in</em></strong></span> <span class='ocrx_word' id='word_1_877' title='bbox 1156 2871 1267 2900; x_wconf 84' lang='lat' dir='ltr'><strong><em>civitate</em></strong></span> <span class='ocrx_word' id='word_1_878' title='bbox 1292 2871 1377 2908; x_wconf 67' lang='lat' dir='ltr'><strong><em>.Egea</em></strong></span> <span class='ocrx_word' id='word_1_879' title='bbox 1400 2876 1590 2901; x_wconf 78' lang='lat' dir='ltr'><strong><em>commoratus</em></strong></span> <span class='ocrx_word' id='word_1_880' title='bbox 1621 2873 1729 2906; x_wconf 75' lang='lat' dir='ltr'><strong><em>dicitur,</em></strong></span> 
     </span>
    </p>
   </div>
  </div>
