1911 3071
175 125 195 160 ’1
202 124 252 159 ΐ35

179 181 322 216 praefuisse
344 179 461 212 videtur.
487 183 517 207 ut
542 179 614 207 bene
640 178 681 206 vir
708 178 815 206 doctus.
838 179 963 205 .Innctam

178 222 342 257 Pamphylia.-
353 221 433 256 paulo
444 226 507 249 ante
514 220 731 248 observavimus.
744 219 840 247 Malala
852 225 918 247 tom.
932 219 964 251 ΙΙ,

177 263 252 299 p.69
268 263 410 299 Lycaonia:
425 262 489 290 olittt
514 269 680 292 connexam.
704 262 751 289 sed
778 268 793 288 a
811 260 965 288 Theodosio

176 305 297 334 secundo
314 306 377 333 inde
393 304 527 332 divulsam
542 311 574 331 ac
589 303 758 338 provinciam
778 309 838 330 esse
853 302 965 334 factam,

133 365 140 376 ~.
177 348 294 384 Myrensi
316 347 383 374 urbe
406 346 439 373 ad
458 345 638 380 metropoleos
657 344 815 378 dignitatem
828 348 965 377 provecta,

176 390 302 421 ailirmat;
309 388 380 424 quod
389 387 411 414 si
419 393 513 414 verum
523 391 576 417 est.
585 386 699 414 fortasse
708 386 810 413 ultimis
819 383 966 412 Theodosii

176 431 255 466 primi
269 429 441 466 imperatoris
453 427 531 455 annis
548 427 690 464 Lycaoniae
702 431 744 455 est
759 427 863 460 adjecta
881 434 887 452 :
909 430 965 452 tum

174 473 248 500 enim
269 471 357 507 Lycia:
368 470 458 505 gravis
469 469 558 496 inusta
570 473 635 496 nota
644 473 696 501 est,
709 468 925 503 permissumque
938 470 967 493 ut

174 513 354 550 provinciales
362 511 558 540 contutuelioso
566 511 675 538 nomine
683 511 900 537 vulnerarentur.
911 507 967 535 Nec

167 563 236 583 cum
245 555 360 582 veritate
374 559 465 581 tamett
478 552 639 585 consentiet,
658 559 673 579 a
699 549 967 584 Tlteodosiojuuiore

173 597 284 632 Lyciam
301 595 413 631 pristina
421 594 483 628 jura
496 594 676 628 reciperasse.
693 592 825 627 siquidem
846 592 964 626 priorem

174 641 211 668 illi
229 640 328 667 tamam
344 639 528 673 meritumque
542 637 613 664 inter
629 641 743 663 caeteras
755 635 881 662 renovari
897 641 965 662 cen-

167 685 288 709 suerunt
302 680 484 714 imperatores
497 677 632 705 Arcadius
643 681 670 705 et
689 676 824 704 Honorius
843 676 869 703 iu
884 675 902 702 l.
925 682 964 708 ts,

173 731 199 751 c.
214 722 267 750 'I‘lt.
283 722 315 749 de
347 721 494 757 indulgent.
519 720 628 747 crimin.
653 719 736 747 Forte
759 726 816 746 rem
840 718 963 745 eamdem

173 764 289 800 repetita
315 763 374 798 lege
388 761 559 790 Theodosius
570 760 704 789 secundus
714 759 807 794 jussit.
817 765 965 794 eorumque

173 805 379 835 scribendorum
391 804 495 831 Malalaa
508 803 678 830 occasionem
692 801 817 836 praebuit.

208 848 268 876 Col.
281 846 342 875 148.
355 845 463 878 Πόλεις
476 843 534 872 16'.
544 843 648 871 Plinius
660 842 741 878 N.|H.
754 842 825 875 v,27
835 848 884 869 suo
895 845 965 868 tem—

173 898 239 926 pore
256 889 354 924 oppida
375 887 409 914 56
426 886 535 922 Lyciam
554 885 665 917 habere,
680 885 780 912 Strabo
796 891 841 912 xtv
863 882 964 926 p.766}

173 924 316 959 commune
331 929 474 964 Lyciacum
489 927 519 953 τὸ
534 926 670 954 Δυκιακδν
685 926 812 961 σύστημα
823 933 855 952 ex
871 925 906 952 23
924 924 964 952 ci-

175 972 303 999 vitatibus
335 971 418 998 fuisse
446 969 637 1003 compositum,
664 968 690 995 in
717 974 771 1002 quo
788 966 963 1002 Lyciarcltes,

174 1014 275 1048 aliique
298 1013 474 1047 magistratus
498 1014 669 1042 crearentur,
701 1008 794 1036 refert.
827 1007 883 1035 Iloc
903 1008 964 1035 loco

175 1061 304 1083 mttuerus
326 1052 459 1087 catalogo,
475 1052 521 1087 qui
552 1058 613 1078 mox
647 1054 790 1085 sequeturI
809 1049 894 1084 tuajor
909 1053 963 1076 est.

209 1096 276 1124 Ibid.
295 1093 447 1128 Φασύδης.
472 1093 528 1120 Ιιιιο
548 1091 676 1128 Φασηλίς,
709 1091 736 1119 in
764 1091 861 1118 ﬁnibus
875 1089 963 1126 Lycia

174 1145 202 1166 et
218 1137 382 1172 Pamphyliae
398 1135 483 1170 posita
498 1134 568 1168 apud
578 1133 740 1161 Strabonem
750 1140 793 1160 xtv
809 1140 836 1167 p.
849 1131 911 1158 667.
925 1131 963 1159 De

174 1181 300 1216 tlylabra,
333 1185 413 1213 quem
456 1181 584 1210 tanquam
613 1175 724 1202 heroem
753 1174 962 1216 venerabantur,

173 1215 319 1251 Athenaeus
335 1228 382 1252 ιιι.
400 1219 445 1247 15.
465 1219 504 1246 Es
528 1217 652 1253 sequenti
669 1216 747 1250 nihil,
761 1217 832 1252 quod
846 1215 961 1252 placeat,

174 1264 298 1299 etucrgit.
315 1262 384 1289 Vide
401 1261 526 1288 Ciceron.
546 1258 624 1288 Verr.
637 1267 674 1291 tv,
687 1258 731 1285 10.

211 1305 278 1334 Ibid.
299 1303 392 1337 Γὰγα.
409 1302 561 1329 Holsteinio
582 1301 608 1328 in
630 1299 797 1335 Stephanum
822 1299 898 1333 Γάγα
911 1299 963 1326 hoc

174 1354 300 1376 neutrum
320 1346 427 1373 Videllll'
447 1342 562 1378 plurale,
583 1343 627 1370 cui
647 1342 669 1369 si
693 1341 765 1377 quod
784 1341 871 1369 simile
890 1345 964 1369 esset

174 1389 338 1423 exeuntium,
349 1394 398 1414 nec
410 1390 448 1412 tot
461 1385 525 1412 vitia
541 1384 602 1412 Itnic
613 1383 716 1411 notitiae
726 1384 857 1414 inessent,
868 1390 962 1409 assen-

174 1432 253 1458 tirer.
268 1430 309 1457 Ab
322 1429 389 1456 urbe
405 1434 431 1455 et
446 1427 536 1454 vicino
546 1433 635 1458 amne,
650 1432 730 1460 quem
741 1431 830 1451 tamen
845 1423 963 1451 Galenus

173 1473 240 1501 ἀπλ.
253 1479 379 1506 (pugnax.
392 1477 430 1502 tr,
440 1478 465 1504 p.
486 1469 548 1500 l23,
565 1468 615 1495 etsi
631 1466 719 1502 Lyciae
731 1474 805 1494 oram
817 1473 900 1499 parva
914 1473 962 1492 na-

173 1514 261 1542 vicula
274 1514 386 1548 legeret,
403 1511 524 1538 invenire
536 1509 657 1544 potuisse
671 1513 761 1544 negat,
779 1507 892 1542 lapidein
909 1507 962 1535 Ga-

174 1561 264 1591 gatcm
280 1553 441 1589 appellatum
458 1551 569 1584 volunt,
592 1558 646 1585 qua
663 1550 696 1577 de
716 1557 745 1577 re
763 1549 917 1591 Saracenos
936 1549 962 1575 in

174 1589 324 1625 Dioscorid.
348 1603 382 1626 ν.
407 1593 458 1620 146
475 1599 501 1620 et
523 1592 644 1619 Rhodius
674 1591 702 1618 in
723 1590 859 1617 Scribouii
881 1589 961 1625 Larg.

173 1638 322 1674 Coutposit.
337 1635 407 1668 2‘25,
427 1634 503 1670 cujus
523 1638 614 1660 tamen
637 1632 727 1660 omnia
745 1637 810 1667 puto
825 1640 878 1659 tton
898 1639 962 1667 pro-

174 1681 262 1710 babis.
281 1679 348 1707 Vide
368 1685 432 1705 vero
444 1683 513 1712 qttas
536 1674 630 1702 turbas
656 1674 707 1702 ltoc
725 1674 852 1709 oppidum
867 1674 963 1701 leviter

175 1724 202 1751 iu
224 1721 338 1750 Eusebio
352 1720 385 1747 de
405 1718 515 1754 Martyr.
535 1716 671 1744 Palat-stin.
689 1723 716 1743 c.
745 1723 771 1743 tv
786 1716 961 1750 depravatum

173 1764 281 1793 dederit
296 1771 303 1791 :
321 1761 355 1788 Εἴ
365 1769 408 1792 τις
424 1759 478 1795 ἄρα
499 1758 593 1793 Πάγας
612 1758 773 1790 ἐπίσταται,
793 1757 843 1792 τῆς
858 1757 961 1789 Λυκίας

174 1807 224 1833 οὐκ
237 1805 342 1840 ἄσημον
356 1802 444 1829 πόλιν.
463 1799 494 1828 Si
510 1801 579 1835 quis,
598 1799 698 1834 inquit.
712 1797 895 1838 Pages/novit,
914 1806 962 1825 ιιι-ο

174 1849 230 1876 lmn
258 1846 346 1882 Lyciae
368 1852 420 1871 non
440 1843 588 1870 obiturum.
613 1840 737 1869 Valesius
759 1841 865 1873 Araxa,
889 1841 962 1876 quod

175 1897 240 1917 mss.
261 1887 410 1922 ἁραπαγάς
430 1889 477 1912 aut
496 1883 603 1919 ἁραγάς
624 1882 764 1914 οΙῙειι-ειιι,
780 1889 833 1917 quo
852 1882 962 1910 nomine

173 1936 308 1965 nusquam
320 1928 385 1956 urbs
397 1927 422 1954 itt
435 1925 529 1962 Lycia,
540 1924 647 1965 videtur
660 1923 787 1952 maluisse
800 1932 808 1951 :
821 1922 962 1965 ﬂettscbe-

175 1964 243 2000 nius
253 1975 319 1998 tom.
333 1969 355 1996 1.
369 1967 456 2003 April.
472 1974 498 2001 p.
512 1965 557 1997 59,
572 1964 666 1992 Patara
680 1968 826 2000 praeoptat;
845 1964 962 1990 ltuinar-

175 2020 219 2042 tus
231 2013 305 2041 Actis
319 2011 426 2040 Sincer.
441 2009 477 2037 Μ.
493 2016 521 2043 p.
538 2007 602 2040 520,
620 2007 645 2034 iu
661 2006 744 2034 dubio
758 2011 800 2034 est
817 2006 868 2034 utri
883 2013 962 2034 acce-

174 2058 230 2083 dat.
253 2054 292 2082 Tu
311 2060 415 2081 mecutu
438 2049 528 2085 Γατὰς
548 2048 651 2081 scribe.
675 2052 703 2076 et
723 2048 888 2082 compositos
909 2047 960 2075 hos

172 2097 271 2125 ﬂuctus
290 2100 432 2129 agnosces.

209 2138 277 2166 Ibid.
309 2133 501 2166 Ἀκαλισσός.
519 2131 547 2160 Si
563 2131 633 2159 ltauc
651 2134 679 2158 et
695 2130 762 2159 alias
781 2129 896 2158 Notitias
911 2136 961 2157 ex-

172 2179 287 2215 cept-ris,
305 2178 415 2205 inventu
433 2174 548 2215 diliicilis
563 2174 625 2201 erit.

210 2220 278 2248 ibid.
311 2216 481 2250 Ἑλεσεσός.
513 2214 667 2251 Legendum
698 2214 769 2242 haud
803 2213 885 2242 dubie
919 2217 961 2242 est

172 2259 349 2296 Ἐδεδησσός,
365 2266 445 2294 quam
466 2258 560 2284 urbem
579 2263 595 2284 ο
619 2264 686 2284 mss.
701 2256 838 2290 Stephano
849 2255 881 2283 ιι.
896 2253 961 2282 Hol-

172 2305 287 2333 steinius
304 2307 330 2329 et
344 2301 410 2328 Ahr.
423 2298 562 2327 Berkelius
582 2298 769 2325 restituerunt.
787 2296 958 2331 Ἐδεδησσὺς,

172 2348 221 2380 ait,
235 2345 312 2376 πόλις
323 2342 437 2374 Δυκίας,
451 2340 488 2373 ὡς
498 2339 627 2367 Καπίτων
638 2338 798 2374 Ἰσαυρικῶν
810 2341 844 2365 α’.
856 2337 960 2380 Nollem

173 2397 239 2417 vero
251 2395 267 2414 a
283 2384 405 2414 Ilerkelio
418 2383 526 2418 probari
547 2381 729 2416 conjecturam
746 2380 882 2408 Hertnolai
893 2379 961 2407 Bar-

173 2430 233 2458 bari
249 2429 275 2456 in
292 2425 380 2455 Pliuio
398 2433 425 2457 ν,
441 2424 476 2451 27
495 2422 645 2451 llabessutu
666 2422 693 2449 itt
711 2421 878 2449 Etlcbcssum
898 2429 960 2448 mu-

173 2471 268 2501 tatttis.
284 2468 405 2504 Oppida,
427 2466 532 2501 inquit,
554 2465 640 2500 Apyre
661 2468 687 2491 et
705 2462 882 2498 Antiphellos,
901 2471 961 2499 quin

171 2513 304 2549 quandam
323 2510 473 2542 Hebenus,
490 2512 568 2543 atque
586 2508 613 2533 itt
634 2514 735 2534 recessu
755 2505 871 2549 Phenus.
891 2505 959 2549 Nam

169 2547 418 2591 compertissimum
433 2551 497 2579 hinc
510 2554 553 2578 est
566 2550 673 2577 diversa
688 2548 784 2584 oppida
801 2547 890 2591 Lycia:
904 2547 960 2591 An-

173 2590 311 2632 tiphelluut
331 2599 358 2623 et
378 2593 544 2621 Edebessutn
560 2591 655 2623 fuisse,
675 2595 766 2626 utpote
783 2590 910 2617 distincte
925 2590 958 2616 ab

171 2638 297 2668 Ilierocle
313 2640 474 2664 memorata.

208 2681 269 2709 Col.
285 2678 348 2707 H9.
362 2677 488 2711 Λιιιυρα.
504 2674 560 2703 iloc
581 2681 596 2702 e
620 2681 686 2702 mss.
707 2672 957 2709 vulgatopuipupa]

175 2722 382 2758 praeferendum.
401 2718 457 2746 Sita
474 2718 540 2746 urbs
553 2722 612 2745 erat
629 2717 662 2743 ad
684 2715 803 2750 ejusdem
820 2716 959 2758 cognomi-

172 2756 214 2793 nis
237 2770 344 2792 amnem
365 2761 435 2796 apud
462 2760 590 2788 Strabou.
615 2759 665 2792 M,
687 2767 712 2794 p.
739 2757 800 2785 666.
827 2756 959 2786 Videntur

171 2812 262 2832 autem
278 2804 314 2830 τὰ
325 2804 436 2837 Λιμυρα
448 2807 476 2830 et
488 2802 537 2838 τὴν
554 2800 678 2836 Λιμύριν
697 2799 814 2832 dixisse;
831 2806 896 2826 sane
913 2800 958 2826 τὸν

169 2846 198 2883 εν
211 2844 321 2880 Διμύρᾳ
334 2844 462 2878 Διάτιμον
478 2843 594 2872 Basilius
610 2840 643 2870 Μ.
657 2842 736 2877 epist.
746 2841 800 2870 218
815 2840 915 2874 laudat,
929 2846 957 2869 et

705 122 893 154 ADDENDA.
909 135 942 141 —
957 122 988 154 P.
1011 121 1267 154 WESSELINGII

1739 121 1814 153 1235

1020 186 1052 205 ex
1070 178 1166 206 Ovidio
1186 177 1360 211 Metamorph.
1378 185 1415 209 tx,
1432 185 1457 204 ι’.
1475 177 1528 205 (illi
1545 177 1615 205 haud
1633 177 1742 213 ignotus
1755 187 1813 206 est:

1021 219 1083 246 lam
1098 219 1200 254 Cragon
1218 224 1242 246 et
1254 218 1374 253 Lymt‘ren
1391 219 1541 254 Xanthique
1554 219 1694 254 reliquerat
1710 222 1813 247 undas.

1053 261 1121 288 Ibid.
1138 261 1310 295 Ἀρύκανδα.
1324 260 1393 288 Nota
1409 262 1477 289 satis
1494 262 1561 289 urbs
1574 268 1614 290 est
1626 270 1660 289 ex
1673 262 1814 289 Strabone

1017 302 1155 338 Stephano
1171 309 1198 329 et
1212 303 1282 334 aliis,
1297 302 1367 330 forte
1384 303 1507 338 apposita
1523 304 1556 330 ad
1569 304 1743 340 Arycandutn
1757 303 1814 330 ﬂu-

1016 344 1090 371 vium
1106 344 1184 371 Plinii
1200 352 1226 376 v.
1242 344 1288 371 Ξῖ.
1306 345 1374 372 Male
1385 344 1480 372 Petrus
1495 345 1630 372 Diaeonus
1643 344 1814 380 Ὀρικάνδων

1017 384 1126 412 Nicaano
1140 385 1261 413 secundo
1277 386 1392 413 concilio
1407 393 1434 420 p.
1450 385 1495 413 52.

1051 426 1119 453 Ibid.
1137 427 1281 454 Ποδαλία.
1295 427 1449 462 Stephanus
1461 427 1593 455 Ποδάλεια
1607 427 1684 460 πόλις
1695 427 1812 460 Λυδίας,

1017 468 1088 501 quod
1099 468 1162 504 jure
1177 469 1226 496 viri
1244 469 1316 496 docti
1331 477 1363 496 ex
1382 468 1528 505 Ptolemaeo
1545 475 1571 497 et
1589 470 1698 497 Notitit‘s
1717 478 1815 497 mutn-

1017 514 1081 536 ruttt
1099 518 1106 536 :
1125 509 1212 545 Lyciae
1232 510 1305 538 enim
1331 510 1392 537 l'uit.
1414 511 1480 538 Vide
1500 511 1580 545 epist.
1599 512 1812 545 provincialium

1016 552 1172 587 synodicant
1190 556 1255 580 tom.
1271 551 1305 578 lx
1321 552 1419 579 concil.
1433 552 1532 580 Labbei
1548 560 1574 587 p.
1588 553 1652 580 339.

1053 592 1119 620 una.
1142 593 1241 628 Χῶμα.
1264 592 1340 621 llaud
1362 594 1441 621 aliter
1463 587 1565 622 Plinius
1586 601 1612 622 et
1634 595 1810 622 Ptolemaeus.

1016 633 1156 661 Eudoxius
1180 635 1286 666 πόλεως
1323 634 1457 670 Χώματος
1484 636 1620 670 ἐπαρχίας
1646 636 1752 667 Λυκίας
1781 637 1810 663 in

1017 675 1153 709 Ephesino
1176 683 1204 710 p.
1230 675 1283 704 556
1308 681 1485 704 memoratur.
1510 678 1574 711 Quae
1599 678 1669 705 hanc
1693 678 1810 713 excipit,

1017 717 1082 744 milti
1100 717 1220 745 inaudita
1243 723 1296 749 est,
1321 726 1471 754 vereorque
1494 724 1524 746 ut
1552 720 1611 747 sine
1638 721 1737 747 mendo
1759 726 1809 748 stt.

1015 758 1176 787 Arbitrabar
1202 759 1378 795 Κορύδαλλα,
1401 761 1473 788 unde
1494 760 1688 795 Κορυδαλλέων
1707 770 1811 789 numus

1017 799 1093 828 Thes.
1107 800 1213 829 Britan.
1227 805 1293 829 tom.
1309 802 1344 836 II,
1355 810 1382 836 p.
1396 802 1461 834 262.
1474 808 1501 830 et
1515 804 1545 829 ὲν
1557 803 1724 838 Κορυδᾶλοις
1738 805 1810 837 (sive

1015 842 1106 877 potius
1127 843 1331 879 Κορυδάλλοις)
1356 843 1530 880 ’Δλέξανδρος
1556 845 1612 872 ἀπὸ
1635 845 1811 880 μοναςὸντων

994 884 1166 920 ,ἑπισκοπος
1181 885 1283 913 Basilio
1298 885 1334 914 Il.
1350 887 1431 920 epist.
1448 886 1512 920 2i8,
1531 886 1582 922 legi
1599 893 1680 922 posse
1694 895 1701 913 :
1718 887 1766 914 sed
1783 888 1811 913 id

1014 926 1142 961 Oppidum
1167 926 1273 961 longius
1297 935 1312 954 a
1338 928 1447 963 vulgato
1470 928 1565 961 distat,
1590 932 1618 955 et
1639 927 1757 956 fortasse
1780 929 1809 955 in

1014 967 1217 1004 Κομιστάραος,
1236 976 1290 1004 quo
1305 969 1396 1006 Lyciae
1413 970 1521 998 urbium
1542 970 1622 998 index
1636 969 1741 1002 linitur.
1760 969 1812 998 αι·-

1014 1008 1126 1037 litescit.

1053 1051 1122 1080 Ibid.
1138 1052 1235 1088 Μῦρα.
1252 1053 1325 1081 Bene
1346 1061 1399 1081 ms.
1421 1053 1582 1089 metropoIin
1606 1053 1690 1081 fuisse
1706 1057 1811 1087 praeter

1013 1091 1137 1121 Malalam
1149 1094 1295 1122 concilium
1308 1095 1439 1122 Chalced.
1453 1099 1482 1131 et
1497 1095 1632 1130 Synodica
1651 1094 1809 1129 provincia-

1014 1133 1079 1162 lium
1097 1136 1131 1162 ad
1149 1135 1266 1163 Leonem
1287 1136 1401 1170 epistola
1422 1136 1546 1163 dubitare
1563 1141 1664 1163 vetant.
1688 1135 1809 1162 Basilius

1014 1176 1194 1206 Seleuciensis
1203 1177 1256 1206 Vit.
1265 1177 1294 1205 S.
1304 1178 1412 1205 Thecla!
1422 1178 1448 1211 l,
1461 1186 1488 1212 p.
1499 1177 1569 1205 272:
1589 1177 1740 1212 ’Δπαγγὲλὶ
1746 1185 1810 1203 stat.

1012 1215 1083 1245 εἶναι
1098 1219 1168 1246 κατὰ
1182 1219 1217 1246 τὰ
1231 1219 1313 1254 Μῦρα
1327 1219 1342 1245 ὁ
1361 1219 1484 1250 Παῦλοςθ
1500 1219 1556 1254 τῆς·
1571 1220 1674 1251 Λυκίας
1688 1219 1715 1245 δέ
1731 1220 1809 1245 ἐστιν

1013 1260 1082 1295 αὕτη
1095 1260 1221 1296 βελτίστη
1238 1261 1286 1287 καὶ
1302 1261 1467 1296 φαιδροτάτη
1482 1260 1570 1292 πόλις.
1586 1260 1685 1287 Vetera
1697 1259 1809 1286 Thecla

1013 1303 1078 1329 Acta
1095 1310 1109 1329 a
1126 1301 1229 1330 Gabrio
1242 1303 1369 1338 Specileg.
1388 1301 1410 1335 I,
1428 1310 1456 1337 ρ.
1480 1303 1532 1330 114
1546 1303 1683 1338 publicata
1704 1301 1808 1336 Μύρων

1012 1344 1061 1378 τῆς
1072 1343 1176 1375 Λυκίας
1186 1344 1332 1378 appellant,
1343 1343 1423 1377 male,
1435 1351 1465 1371 ac
1473 1348 1616 1379 propterea
1625 1343 1789 1379 corrigenda
1797 1351 1808 1371 :

1012 1385 1093 1419 paulo
1106 1385 1178 1412 enim
1194 1391 1258 1412 aute
1273 1385 1302 1412 tv
1314 1384 1430 1420 ωροις.

1048 1425 1114 1453 Ibid.
1131 1425 1244 1461 Ἄρνέα.
1258 1426 1380 1461 ’Δρνεαι,
1391 1426 1463 1454 unde
1478 1425 1504 1453 in
1519 1426 1644 1462 pluribus
1663 1425 1773 1453 Notitiis
1792 1425 1809 1452 ὀ

1019 1466 1148 1502 Ἀρνεῶν.
1179 1466 1333 1503 Stephanus
1353 1467 1463 1503 ’Δρνεαὶ
1480 1468 1558 1501 πόλις
1567 1467 1682 1501 ,Δυκίας
1704 1468 1807 1503 μικρά.

1013 1508 1127 1544 Cyaneae
1140 1515 1203 1536 sunt
1214 1512 1281 1543 apud
1297 1509 1413 1537 Pliniuut
1424 1517 1453 1543 v,
1462 1509 1508 1537 27.

1049 1551 1118 1578 ibid.
1136 1551 1290 1585 Ἀπερλαι.
1308 1551 1346 1578 ita
1361 1559 1441 1579 manu
1453 1551 1556 1580 exarati
1572 1550 1645 1579 libri.
1657 1550 1806 1579 Ptoleutmo

1013 1591 1156 1628 Ἀπερραί,
1175 1592 1283 1620 Νοιιίὶὶιι
1299 1591 1357 1620 Jac.
1374 1592 1455 1621 Goari
1467 1594 1481 1620 ὁ
1501 1593 1638 1629 ’Δπρίλων
1649 1593 1805 1628 episcopus,

1012 1640 1164 1668 perperam.

1048 1675 1115 1702 Ibid.
1135 1676 1261 1709 Φελλός,
1277 1675 1352 1703 lianc
1364 1679 1390 1703 et
1403 1675 1440 1703 illi
1453 1675 1602 1711 oppOsitam
1617 1675 1805 1711 Antiphellnm

1012 1716 1110 1744 Strabo
1125 1724 1169 1744 ην
1183 1725 1208 1752 p.
1235 1717 1287 1745 666
1309 1722 1391 1752 atque
1412 1717 1457 1744 alii
1479 1717 1643 1745 describunt.
1665 1717 1710 1744 Ἐν
1727 1717 1806 1752 “Rep

1012 1758 1160 1786 Δολλιανὸν
1181 1758 1332 1785 ἐπίσκοπον
1355 1758 1472 1786 Basilius
1493 1758 1529 1786 Μ.
1551 1758 1632 1793 epist.
1653 1759 1706 1786 218
1724 1766 1804 1787 cotu-

1013 1801 1137 1833 mcndat;
1161 1799 1206 1828 ubi
1229 1807 1263 1827 es
1288 1799 1421 1828 Vaticano
1435 1807 1502 1828 mss.
1526 1800 1555 1827 ιν
1580 1800 1672 1836 Ψελλῷ
1695 1801 1805 1828 admitti

1011 1845 1179 1876 oportuerat.

1048 1883 1115 1909 Ibid.
1126 1882 1277 1911 Kdreuea.
1292 1883 1395 1911 Plinius
1407 1889 1435 1912 et
1448 1883 1603 1920 Stephanus
1613 1885 1663 1912 hoc
1673 1884 1804 1920 probant,

1011 1923 1135 1951 K6v6u6ai
1174 1923 1358 1957 Ptolemaeus,
1393 1925 1464 1953 haud
1498 1927 1576 1953 bene.
1605 1925 1805 1953 Constantinus

1011 1965 1116 1998 πόλεως
1131 1966 1279 2002 Κανδή6ων
1292 1965 1516 2002 Νἰεωιιὶξειιωιιιιί
1529 1976 1556 2003 ρ.
1572 1967 1607 1995 52
1619 1971 1647 1995 et
1658 1968 1806 1995 Κινδῑκων

1011 2014 1038 2042 p.
1059 2007 1112 2035 555
1128 2008 1191 2035 hinc
1206 2007 1275 2037 fuit:
1295 2009 1433 2044 inserique
1449 2009 1517 2037 adeo
1535 2010 1600 2037 urbs
1614 2009 1672 2037 haec
1682 2009 1805 2045 Geogra-

1010 2049 1080 2084 phie:
1094 2048 1124 2077 S.
1140 2048 1281 2078 debuerat.

1047 2091 1113 2119 Ibid.
1126 2091 1287 2126 Εῠδοκιιις.
1304 2092 1413 2121 Notitite
1427 2093 1498 2121 haud
1513 2093 1703 2129 praeterierunt
1713 2114 1721 2125 .
1743 2098 1804 2122 est-

1011 2141 1076 2168 que,
1086 2134 1158 2169 quod
1169 2138 1196 2161 et
1204 2133 1381 2168 Holsteiuius,
1400 2135 1504 2162 monuit
1516 2135 1629 2163 Pbotius
1644 2135 1803 2164 Eudoxato-

1011 2182 1072 2202 rum
1096 2175 1242 2210 provinciae
1257 2175 1404 2210 Lyciorum
1426 2176 1453 2204 itt
1469 2176 1587 2205 concilio
1604 2176 1803 2206 Constantino-

1009 2216 1129 2251 politano
1139 2217 1189 2244 sub
1203 2215 1311 2245 Meum.

1045 2257 1112 2285 Ibid.
1126 2257 1258 2293 Πάταρα.
1270 2258 1346 2287 Hanc
1357 2259 1475 2287 nobilem
1487 2259 1552 2288 fecit
1566 2260 1703 2288 delubrum
1716 2260 1802 2294 Apol-

1011 2298 1084 2332 linis,
1096 2300 1229 2334 quamlam
1244 2299 1336 2334 opibus
1349 2304 1379 2336 et
1385 2301 1488 2328 oraculi
1498 2301 1551 2335 ﬁds
1563 2301 1688 2336 Delphico
1703 2302 1800 2329 simile.

1012 2338 1088 2367 Ultra
1100 2345 1137 2368 est
1149 2339 1273 2368 Xanthus
1283 2334 1381 2375 ﬂumen
1392 2346 1415 2368 et
1428 2334 1553 2370 Xanthus
1565 2334 1699 2377 oppidum,
1712 2344 1803 2379 inquit

1010 2380 1078 2408 Mela
1091 2389 1112 2415 ι,
1128 2381 1172 2409 15.
1190 2381 1266 2410 Adde
1278 2381 1439 2410 Strabonem
1453 2391 1509 2416 xiv,
1524 2391 1551 2419 p.
1564 2384 1627 2412 665.

1046 2423 1112 2451 Ibid.
1130 2423 1242 2458 Κόμεη,
1265 2422 1412 2452 Ptolenueo
1432 2424 1541 2460 Κόμὸα,
1561 2430 1589 2452 et
1604 2425 1674 2452 forte
1686 2425 1778 2452 verius
1793 2435 1800 2452 :

1009 2471 1072 2491 nam
1083 2466 1096 2491 ὁ
1110 2464 1229 2500 Κόμϐων
1241 2472 1294 2493 non
1307 2470 1412 2493 tantum
1425 2471 1467 2493 est
1480 2467 1506 2493 in
1517 2465 1691 2494 Notitiislac.
1703 2466 1801 2500 Gonri,

1010 2507 1058 2535 sed
1073 2511 1100 2534 et
1109 2506 1306 2535 Constantinus
1318 2507 1422 2540 πόλιως
1433 2507 1553 2543 Κόμϐων
1561 2507 1670 2536 Nicaeno
1680 2510 1801 2536 secundo

1009 2557 1036 2583 p.
1053 2548 1105 2576 556
1116 2548 1276 2584 subscripsit
1289 2557 1296 2576 :
1314 2550 1384 2578 unde
1398 2549 1499 2578 mirere
1515 2555 1542 2578 et
1556 2549 1627 2578 hanc
1641 2549 1669 2577 in
1679 2549 1801 2585 Geogra-

1009 2590 1070 2625 pltia
1085 2589 1114 2618 S.
1128 2597 1188 2617 esse
1200 2590 1359 2626 neglectam.

1044 2633 1147 2661 Μίσαι.
1161 2631 1260 2660 Verunt
1275 2638 1317 2660 est
1330 2633 1413 2665 Νίσα,
1429 2632 1487 2660 sive
1503 2633 1593 2666 Νύσα,
1607 2638 1636 2661 ιιι
1649 2632 1733 2661 Coisl.
1746 2641 1800 2661 ms.

1009 2680 1024 2700 e
1038 2672 1193 2701 Ptolemaeo.
1212 2673 1242 2700 '0
1259 2673 1357 2701 Νύσων
1371 2679 1413 2702 est
1430 2674 1457 2702 in
1473 2675 1595 2702 Notitt‘is.
1608 2674 1719 2702 Prtel’nit
1735 2674 1800 2702 huic

1009 2715 1068 2743 urbi
1084 2716 1225 2750 episcopus
1244 2715 1387 2750 Georgius.
1402 2717 1448 2751 qui
1470 2716 1574 2748 πόλεως
1589 2717 1678 2744 Numa
1693 2715 1797 2744 Nicazni

1008 2757 1117 2784 secundi
1128 2757 1225 2784 cottcil.
1243 2765 1269 2791 p.
1283 2757 1318 2784 52
1328 2762 1355 2784 ct
1369 2758 1463 2790 Νάσας
1475 2765 1502 2792 p.
1515 2758 1569 2785 555
1579 2759 1690 2786 dicitur.

1044 2798 1110 2825 lltid.
1124 2799 1247 2832 Πίναρα,
1267 2800 1325 2826 Sita
1345 2800 1410 2826 urbs
1430 2798 1480 2826 fuit
1496 2799 1564 2826 ultra
1586 2798 1723 2826 Xanthum
1746 2798 1797 2826 lin—

1011 2847 1083 2875 men,
1106 2847 1172 2873 non,
1197 2840 1235 2869 uti
1261 2841 1340 2876 tulgo
1363 2840 1469 2876 locant,
1491 2841 1531 2869 cis
1549 2848 1611 2870 eum
1633 2840 1756 2874 ﬂuvium,
1773 2839 1797 2868 si
