1911 3071
90 188 163 235 alii

88 267 188 287 verum
212 258 322 286 tradidit
347 258 477 286 Arrianus
502 258 602 292 Exped.
626 259 757 286 Alexand.
785 266 813 290 ι.
833 258 880 285 25.

90 301 245 336 Episcopus
265 300 321 327 τῶν
349 300 492 336 Πιννάρων
512 300 672 329 Theodorus
693 309 754 329 cum
776 300 883 329 Nicaeno

89 343 214 369 secundo
228 349 255 376 p.
269 342 304 369 5'2
314 342 387 369 inter
398 341 496 377 Lycios
510 350 606 370 nomen
619 342 789 377 proﬁteatur,
803 343 883 377 digna

88 383 188 417 utique
202 384 267 411 urbs
281 382 371 411 fuerat
385 384 429 411 cui
447 384 474 411 in
489 382 655 420 Geographie
672 383 702 412 S.
720 384 796 412 locus
813 383 882 412 assi-

89 429 233 460 gnaretur.

125 471 185 499 Ccl.
202 472 262 499 M9.
273 473 398 511 Σίδυμα.
409 473 499 502 ltams.
511 479 539 501 et
549 476 700 507 verissime,
711 480 740 502 ut
751 482 784 502 ex
794 475 884 503 Ptole-

90 521 162 539 mmo
183 518 211 541 et
233 513 318 541 Plinio
343 519 462 542 constat.
478 515 556 543 Addo
577 517 755 544 Zemarohum
779 517 884 548 πόλεως

89 553 219 588 Σιδύμων
238 555 288 589 τῆς
309 556 412 588 Λυκίας
433 557 550 585 concilio
570 558 778 593 Constantinop.
804 559 884 586 tertio

91 603 120 630 p.
136 596 192 623 505
210 600 237 623 et
253 596 428 625 Nicodamum
451 598 555 631 πόλεως
570 600 696 635 Σιδύμων
717 600 826 627 Nicaano
840 607 884 628 se-

89 638 182 666 cundo
193 646 219 673 p.
236 639 271 666 52
283 639 488 673 subscripsisse.
508 640 687 675 Theophanes
703 642 735 670 de
746 642 884 670 Marciano

87 679 222 713 Cltonogr.
239 688 266 714 p.
281 680 315 708 89
328 689 335 708 :
351 682 405 708 Καὶ
426 682 570 716 γενόμενος
584 684 614 710 ὲν
627 684 728 719 Λυκίᾳ,
743 684 884 721 ἀρρωστίᾳ

90 721 252 757 περιπεσὼν
273 723 320 749 καὶ
341 723 533 759 καταλειφθεὶς
551 725 580 752 ὲν
601 725 676 753 πόλει
696 725 819 762 Σύδημα,
838 727 882 755 ubi

88 762 152 789 sine
176 763 258 790 dubio
279 763 382 799 Σίδνμα
402 770 521 800 oportet,
543 773 599 802 quo
612 771 640 794 et
662 775 726 795 mss.
741 768 883 802 Barberini

87 803 198 839 Σίδημα
217 804 302 832 ducit.
326 799 494 835 IIoIsteiulus
512 807 539 835 in
554 799 645 836 .dubio
669 814 759 836 utrum
780 799 884 844 Σίδυμα

89 852 125 872 an
150 845 254 882 Δίδυμα
281 847 409 881 probaret
429 847 576 885 l'uithide
602 850 636 878 ad
662 849 830 886 Stephanum
855 851 883 879 in

89 886 206 922 Δῖδυμον
220 893 247 914 et
258 888 372 924 Σίδυμα.

128 934 197 962 Ibid.
214 935 286 963 Τλῶ.
304 935 360 965 [loc
371 944 387 965 e
407 945 472 966 mss.
491 945 586 966 verum
604 938 698 972 fuerit,
711 940 792 968 modo
806 940 883 973 Τλῶς

90 977 210 1011 Ιυειξῐίιε,
238 985 320 1013 quam
345 979 439 1007 urbem
465 979 539 1007 inter
565 987 612 1008 sex
639 982 771 1009 maximas
794 982 884 1018 Lycia

93 1019 195 1046 Strabo
207 1027 262 1052 nv,
279 1027 305 1054 ιι,
322 1021 387 1054 665,
401 1021 494 1049 refert.
512 1022 634 1050 Andreas
647 1023 750 1055 πόλεως
762 1024 884 1052 Τλοαίων

88 1060 259 1090 Chalcedon.
274 1070 299 1096 p.
312 1063 346 1091 97
356 1069 384 1090 et
394 1063 521 1099 Τρόγλων
533 1073 559 1100 p.
573 1065 636 1099 399,
649 1075 681 1093 ac
689 1067 884 1095 Constantinus

91 1102 179 1134 Τλῶν,
203 1105 247 1137 qui
269 1104 385 1132 Τλωέων
403 1106 457 1134 dici
472 1107 619 1141 debuerat,
637 1107 746 1136 Nictcno
763 1110 883 1137 secundo

91 1150 119 1178 p.
137 1143 173 1170 5?.
187 1145 344 1175 adfuerunt.

128 1192 195 1220 Ibid.
214 1195 368 1229 Τελμισός.
382 1195 659 1225 Praestatsibilantcm
673 1199 817 1234 geminari,
831 1200 882 1228 etsi

91 1233 242 1270 Hesychius
252 1236 396 1272 Τελμισεῖς
409 1238 485 1271 ἔθνος
500 1239 565 1275 περὶ
580 1233 694 1274 Λυκίαν,
711 1246 737 1269 et
756 1242 882 1271 Clemens

91 1276 294 1320 ilexandrinus
307 1279 438 1307 Stromat.
457 1289 476 1313 ι,
492 1288 519 1315 p.
537 1282 586 1309 36I
601 1282 668 1310 edit.
685 1282 775 1311 Oxon.
788 1283 883 1320 ὥσπερ

91 1317 236 1353 Τελμισεῐς
262 1319 312 1355 τὴν
338 1319 372 1347 δι’
395 1322 507 1356 ὀνείρων
536 1324 689 1359 μαντικήν,
714 1329 741 1352 et.
767 1317 884 1354 Basilius

91 1359 131 1386 M.
146 1360 226 1394 epist.
240 1360 293 1389 2l8
306 1362 335 1388 ὲν
351 1362 481 1398 Τελμεσῷ
502 1362 616 1401 ἰλάριος
633 1365 799 1398 ἑπίσκοποςε
814 1367 882 1395 alte-

93 1408 152 1427 rum
163 1402 237 1444 enim
252 1403 374 1438 plerique
386 1409 506 1432 veterum
524 1408 638 1441 probare
650 1408 747 1442 solent,
759 1408 883 1444 interque

92 1451 140 1471 eos
154 1443 282 1472 Clemens
300 1446 357 1480 ipse
377 1445 510 1482 Protrept.
530 1456 557 1483 p.
574 1449 619 1476 ιο.
639 1449 729 1478 Posita
744 1451 808 1478 urbs
824 1443 883 1479 erat

93 1485 120 1511 iu
140 1485 207 1512 rolle
225 1492 359 1521 prmrupto
377 1489 448 1516 circa
468 1497 542 1517 mare
561 1491 631 1525 apud
648 1491 792 1519 Arrianum
812 1491 880 1527 Exp.

92 1527 212 1553 A'exand
232 1535 251 1560 ι,
262 1528 319 1561 28.,
336 1528 568 1564 sinuiqneuomen
588 1532 662 1560 fecit.
678 1533 805 1567 Lucanus
821 1542 880 1567 \‘Ill,

91 1568 166 1595 “2.58:
188 1569 350 1609 Magnosqne
364 1572 438 1598 sinus
455 1572 624 1601 Telmiuidos
639 1575 718 1602 unde
731 1582 880 1610 compensat

93 1611 289 1646 met/iojpclagi.
312 1613 357 1640 Sic
379 1613 493 1641 malim:
519 1623 580 1642 nam
593 1621 620 1643 et
643 1615 829 1646 Themissidos
853 1619 880 1646 in

92 1659 173 1695 manu
194 1659 318 1695 Aesaran
352 1654 420 1682 libro
449 1654 496 1682 Fr.
529 1655 735 1692 Oudendorpius
763 1659 879 1695 invenit.

93 1691 160 1720 Vide
186 1693 283 1722 Cellar.
306 1695 340 1723 G.
363 1696 396 1724 Α.
414 1704 456 1730 ιιι,
480 1697 515 1732 3,
540 1705 567 1733 p.
593 1698 642 1726 m7
664 1691 691 1728 ei
707 1691 828 1729 ﬂuis-tein
853 1702 880 1729 in

93 1734 273 1769 Stephanum.

129 1791 193 1818 Ibid.
215 1792 343 1826 Καῦνος,
370 1793 458 1821 Carize
486 1794 557 1822 hanc
582 1795 677 1824 urbem
703 1799 791 1826 serior
815 1807 882 1829 tetas

93 1831 182 1867 Lycia:
199 1834 357 1861 contribuit.
375 1835 460 1863 Arces
474 1837 533 1871 ejus
556 1836 715 1867 Heracleum
739 1845 766 1867 et
790 1831 882 1869 I’rrsi-

93 1883 154 1901 cnni
177 1874 309 1903 Diodorus
333 1876 440 1904 Siculus
465 1886 511 1911 xx,
526 1886 552 1913 p.
578 1879 640 1912 766.
664 1889 717 1908 non
736 1883 879 1916 praeteriit.

93 1918 163 1951 Ager
177 1917 248 1944 circa
264 1917 358 1945 urbem
376 1919 444 1946 satis
458 1919 524 1947 uber
537 1924 564 1948 et
580 1921 675 1950 fertilis
688 1928 757 1957 erat,
772 1926 819 1952 sed
834 1933 881 1956 aer

94 1967 142 1993 per
153 1963 275 1986 aestatem
289 1963 317 1986 et
330 1966 490 1987 autumnum
506 1962 756 1998 pestilentiSSimus,
769 1973 881 1997 auctore

94 2000 226 2043 Strabone
241 2008 296 2034 ην,
312 2009 340 2036 p.
357 2001 420 2034 65I,
436 2003 507 2030 unde
521 2004 674 2033 valetudine
691 2006 879 2043 habitantium,

93 2043 164 2076 quod
177 2041 243 2070 Mela
257 2043 305 2076 ait,
322 2043 450 2078 oppidqu
467 2049 526 2072 erat
543 2046 665 2075 infame:
684 2049 786 2083 passim
806 2041 880 2079 cives

94 2083 298 2118 l‘cbricitabant,
316 2086 469 2120 pallidoqne
482 2088 555 2114 vultu
573 2089 696 2117 morbum
717 2091 879 2126 prodebant,

93 2134 174 2161 quam
195 2126 221 2153 in
240 2134 295 2154 rem
315 2133 412 2162 praeter
429 2126 590 2157 Strabonem
610 2131 717 2166 egregia
734 2132 816 2161 habet
831 2135 880 2163 Dio

95 2168 303 2209 tllnysostomus
313 2171 382 2194 orat.
394 2167 439 2201 52,
456 2176 482 2204 p.
495 2169 558 2199 590.
572 2169 722 2206 Hesychius
734 2174 761 2201 in
773 2174 881 2209 Καῦνος

94 2208 274 2252 ᾳίοἰι-Ῥόᾷου
294 2217 359 2252 esse
373 2209 462 2242 πόλιν,
480 2212 608 2244 quoniam
631 2213 744 2242 Iihodiis
757 2208 878 2252 subjecta

96 2251 155 2278 I'nit.
166 2250 422 2293 Descivereqnidem
433 2252 515 2280 abhis
523 2253 618 2282 Caunii
626 2256 696 2289 apud
705 2250 879 2293 Liviannv,

94 2292 142 2325 25,
162 2292 254 2319 sedet
278 2292 306 2319 in
328 2293 451 2321 ordinem
471 2299 535 2321 sunt
556 2296 658 2324 redacti
676 2301 704 2324 et
717 2305 732 2325 a
749 2292 880 2329 Romanis

94 2334 219 2377 deinceps
234 2333 460 2377 iisdemaddicti,
477 2335 566 2364 indice
583 2337 735 2372 Strabone;
749 2347 803 2374 quo
815 2341 880 2377 jugo

95 2376 207 2403 necdum
229 2375 342 2403 exsoluti
358 2381 451 2419 erant,
466 2384 526 2404 cum
547 2377 712 2408 Rhodiacam
729 2381 778 2409 Dio
792 2375 880 2419 Chri-

94 2421 230 2445 sostomus
252 2418 386 2445 recitaret.
411 2417 459 2450 Τίς
474 2419 527 2455 γὰρ
542 2420 618 2455 παρὰ
633 2421 776 2455 Καυνίοις,
792 2417 881 2458 inquit

94 2467 120 2494 p.
133 2459 196 2491 3L9.
209 2460 306 2494 γέγονε
316 2460 439 2494 γενναῖος
451 2460 538 2496 ἀνήρ;
552 2461 568 2496 ἢ
580 2461 621 2493 τίς
637 2462 746 2491 πώποτε
757 2465 879 2498 ἐκείνους

94 2501 194 2534 ἀγαθόν
214 2509 241 2527 τι
264 2501 431 2537 πεποίηκεν;
455 2502 482 2529 οἵ
499 2510 529 2536 γε
551 2503 722 2531 δουλεύουσιν
745 2506 793 2542 οὐχ
815 2507 880 2542 ὑμῖν

96 2543 193 2578 μόνοις,
206 2543 275 2570 ἀλλὰ
286 2544 333 2570 καὶ
350 2544 505 2580 Ῥωμαίοις,
517 2545 551 2571 δι’
567 2545 720 2582 ὑπερϐολὴν
730 2548 823 2580 ἀνοίας
833 2550 880 2579 καὶ

96 2584 243 2620 μοχθηρίας
254 2585 350 2620 διπλῆν
362 2585 453 2618 αὐτοῖς
465 2586 513 2621 τὴν
525 2586 647 2615 δουλείαν
659 2591 880 2622 κατασκευάσαν.

94 2635 146 2658 τες.
160 2627 250 2660 Quare
265 2634 326 2654 cum
343 2634 374 2654 ea
390 2627 492 2655 fuerint
508 2628 607 2656 misera
622 2631 778 2659 conditione
791 2638 819 2660 et
834 2633 878 2660 in-

95 2668 263 2695 considerata
282 2669 449 2701 temeritate,
465 2676 498 2696 ne
512 2671 641 2699 miremur
653 2673 686 2700 ab
701 2673 796 2701 eodem
815 2682 880 2702 ora-

96 2715 151 2736 tore
176 2718 203 2744 p.
222 2710 291 2742 526,
317 2710 381 2742 τοὺς
404 2711 586 2745 κακοϐούλους
607 2713 719 2747 τούτους
742 2716 878 2750 Καυνίους

94 2752 201 2786 pessime
213 2752 263 2779 sibi
276 2752 438 2780 consulentes
454 2753 569 2782 Caunios
584 2756 723 2790 appellari.

131 2799 253 2834 'ApaEa.
272 2800 377 2828 Habent
389 2801 482 2829 urbctn
497 2801 650 2838 Stephanus
664 2810 692 2832 et
705 2804 875 2836 Ptolemaeus.

97 2840 254 2868 Theodorus
270 2842 412 2876 episcopus
425 2842 528 2876 πόλεως
547 2844 668 2883 Ἀράξων
681 2846 815 2882 ἐπαρχίας
825 2849 878 2875 Au-

97 2883 173 2915 χίας,
193 2884 250 2912 sive
279 2884 416 2921 ’Δρὰζων,
438 2891 467 2913 ιιι
484 2895 624 2921 perperam
641 2898 666 2924 p.
684 2890 747 2921 675,
765 2891 878 2920 concilio

98 2924 301 2964 Constantinop.
336 2927 439 2964 tertio,
473 2929 549 2965 prjus
584 2931 738 2967 Stephanus
774 2933 877 2967 πόλεως

535 204 731 235 COMMENT.
751 203 793 234 IN
812 202 1022 234 HIEROCLIS
1040 204 1313 236 SYNECDEMUM.

1656 200 1741 235 I138-

938 259 1066 295 ‘Adeou.
1084 259 1194 288 Nicteno
1209 259 1329 288 secundo
1345 267 1374 294 p.
1390 258 1454 292 556,
1472 258 1665 294 subscripsisse
1685 259 1727 286 ιιίς

937 302 1020 329 citur.
1030 302 1122 329 Bubon
1133 310 1167 330 cx
1186 302 1272 329 Plinio
1287 306 1349 329 nota
1364 306 1417 329 est.

972 343 1039 371 Ibid.
1057 343 1211 371 Ἡνόανδα.
1229 343 1359 370 Οινόανδα
1372 349 1405 370 ex
1424 341 1512 370 Plinio
1525 346 1554 368 ct
1569 341 1731 376 Stepoano:

937 393 999 412 nam
1010 385 1148 413 Ptolemaei
1158 385 1289 413 Οἱνέανδα
1299 389 1372 412 recta
1384 392 1437 412 non
1447 388 1520 412 sunt.
1530 383 1616 411 Prave
1627 382 1726 410 concil.

936 425 1142 461 Constantiuop.
1149 427 1230 455 tertio
1241 434 1268 462 p.
1276 427 1329 455 675
1337 426 1468 460 Georgius
1475 425 1573 460 praesul
1585 422 1726 451 ’Υνιανδοῠ

936 468 1072 503 ἐπαρχίας
1087 469 1205 502 Δυκίας,
1220 473 1248 496 et
1264 475 1291 503 p.
1309 469 1373 500 555,
1391 467 1553 500 Οἰνιὰνδων,
1569 474 1601 494 ac
1616 466 1727 493 Nicamo

937 509 1058 537 secundo
1076 517 1104 544 p.
1119 509 1171 537 526
1188 510 1322 545 Georgius
1339 509 1479 537 Οίνιάνδου
1496 508 1635 536 scribitur.

971 552 1040 579 Ibid.
1061 553 1210 587 Βιιλούρα.
1226 552 1385 587 Βάλὸουρα,
1408 557 1438 578 ut
1458 552 1484 578 in
1498 551 1583 578 I‘linio
1596 554 1623 577 et
1637 549 1727 576 Pluin-

936 601 1022 627 maio,
1041 594 1118 627 cujus
1135 594 1227 629 oppidi
1248 595 1391 628 episcopus
1411 592 1579 620 Chalcedon.
1603 591 1727 618 Concilio

937 643 964 670 p.
992 635 1046 663 δξι
1069 635 1209 670 Philippus
1231 635 1427 670 Βαρὸουρέων,
1451 638 1478 661 et
1498 641 1525 668 p.
1550 632 1603 660 666
1620 632 1727 664 πόλεως

936 678 1137 714 Βαλϐουραίων,
1151 677 1250 712 optime
1265 677 1444 712 Βαλόουρὲων
1456 684 1484 711 ρ.
1500 675 1535 703 97
1549 680 1673 703 vocatur.

972 720 1041 748 lhid.
1055 719 1271 755 Κομιστάραος.
1287 719 1364 753 Mihi,
1381 719 1432 747 nisi
1443 717 1599 754 Corydalla,
1611 717 1645 745 sit
1661 716 1729 744 nihil

936 761 970 790 de
986 769 1018 790 ea
1037 761 1166 789 innotuit.

973 803 1040 832 Ibid.
1061 803 1130 830 ’Υπό
1146 803 1289 837 ἡγεμόνα.
1302 804 1357 830 sub
1380 802 1540 837 Vespasiano
1556 801 1673 836 principe
1687 800 1729 827 iu-
1748 826 1759 831 ν

937 845 1057 873 solarum
1072 844 1209 879 prouincia
1228 844 1302 878 facta
1320 848 1372 879 est,
1388 843 1488 871 Sextus
1503 843 1588 870 Itnl’us
1606 842 1643 870 ait
1661 842 1728 869 Bre-

926 887 1004 915 miar.
1033 894 1059 914 c.
1088 886 1141 919 Io,
1166 885 1339 921 prasidisque
1364 885 1472 918 imperio
1498 884 1633 919 subjecta:
1654 884 1729 911 unde

902 929 907 933 ’
938 928 1120 957 Diocletianus
1153 928 1303 963 imperator
1331 928 1364 955 ad
1397 926 1544 962 Diogenem
1576 925 1727 953 insularum

936 970 1078 1005 praesidem
1095 969 1191 997 scribit
1201 969 1219 996 I.
1233 976 1248 996 v
1264 976 1290 996 c.
1303 969 1348 996 ubi
1362 975 1440 996 caus.
1458 971 1535 1000 stat.,
1550 967 1728 1001 ejusdemque

937 1011 1120 1039 meminerunt
1146 1010 1325 1045 imperatores
1350 1009 1488 1037 Honorius
1509 1013 1536 1036 et
1557 1008 1731 1035 Theodosius

937 1053 964 1080 in
981 1053 998 1080 Ι.
1013 1052 1050 1081 52
1063 1060 1090 1080 c.
1107 1051 1159 1080 'I'h.
1177 1052 1212 1080 de
1226 1051 1360 1085 Navicul.,
1381 1051 1426 1079 ubi
1441 1051 1517 1085 plura
1534 1048 1727 1078 Gothofredus.

935 1097 1024 1131 Agere
1047 1102 1148 1130 praises
1174 1094 1333 1129 plerumque
1355 1092 1442 1121 Rhodi
1461 1092 1577 1123 solebat.
1596 1099 1727 1127 quorsum

936 1144 999 1164 cum
1014 1137 1102 1165 hieme
1119 1135 1288 1171 periculosus
1302 1139 1331 1163 et
1346 1142 1419 1171 serpe
1437 1134 1558 1162 incertus
1577 1138 1650 1161 esset
1662 1131 1739 1160 cur?

936 1181 998 1212 sns’,
1018 1179 1118 1207 frustra
1132 1178 1244 1207 Rhodiis
1265 1178 1443 1213 querentibus
1455 1196 1463 1209 ,
1483 1178 1660 1211 imperatores
1676 1174 1732 1206 νοτε

936 1222 993 1250 lens
1005 1222 1149 1249 Gratianus
1163 1226 1191 1249 et
1202 1220 1371 1248 Theodosius
1385 1220 1458 1247 aliud
1474 1218 1617 1246 edixerunt
1632 1217 1651 1245 ι.
1667 1217 1688 1244 6
1698 1224 1725 1243 c.
1741 1247 1745 1250 ἢ

936 1265 969 1291 dc
985 1263 1060 1291 Ollio.
1080 1267 1179 1291 rector.
1195 1261 1429 1298 provinc.Civitas
1447 1260 1622 1292 Rhodiarum,
1638 1259 1727 1292 aiunt,
1745 1291 1748 1294 ,

935 1305 1065 1339 injuriam
1087 1312 1165 1332 suout
1190 1311 1242 1330 non
1269 1308 1323 1330 tam
1348 1302 1468 1330 decenter
1485 1310 1564 1336 quam
1585 1309 1643 1331 sero
1665 1309 1729 1330 oon-

935 1351 1026 1379 σκοτία
1049 1350 1097 1373 est.
1126 1344 1201 1372 Unde
1220 1344 1369 1372 inviolabill
1388 1343 1568 1371 observatione
1590 1342 1746 1373 sancimus.

937 1394 979 1420 ut,
997 1388 1121 1423 quoniam
1137 1392 1250 1422 tempore
1271 1386 1363 1414 hiemis
1381 1385 1514 1421 navigatio
1531 1392 1600 1420 sa'po
1620 1385 1726 1419 pericu-

936 1431 992 1458 lasa
1009 1436 1046 1458 est
1062 1435 1084 1457 et
1104 1437 1204 1463 semper
1221 1429 1340 1462 incerta,
1358 1428 1386 1456 in
1404 1427 1457 1456 illis
1474 1427 1587 1466 quinque
1606 1426 1727 1460 urbibus,
1746 1463 1748 1465 ἱ

935 1481 993 1508 ᾳιιιε
1016 1474 1129 1507 potiores
1149 1479 1204 1499 esse
1224 1471 1325 1498 ceteris
1345 1475 1516 1503 “seruulus,
1536 1466 1650 1496 uicissim
1671 1469 1729 1495 loic-

936 1515 1062 1542 mantlum
1077 1514 1127 1541 sibi
1141 1513 1245 1548 juditu
1260 1516 1459 1548 recognoscant.
1476 1511 1568 1546 Neque
1582 1511 1654 1538 enim
1672 1510 1731 1545 du-u

935 1556 1074 1584 bitandum
1087 1556 1196 1583 videtur
1204 1555 1269 1590 quin
1280 1555 1331 1582 sub
1338 1553 1460 1588 judicum
1470 1553 1582 1580 nomine
1595 1552 1727 1588 praesides

935 1597 1162 1632 complectantur,
1178 1600 1308 1631 tantoque
1321 1595 1410 1623 minus
1422 1594 1494 1635 quod
1507 1599 1534 1623 et
1543 1594 1610 1621 alias
1620 1593 1727 1627 judice:

936 1640 963 1667 in
988 1639 1105 1667 Ictorum
1127 1637 1287 1673 fragmentls
1307 1637 1436 1671 praesules
1463 1636 1669 1671 assignillcent.
1696 1640 1727 1662 ut

935 1681 1066 1715 exetuplis
1089 1681 1173 1708 Corn.
1196 1678 1261 1707 Van.
1280 1678 1466 1706 Binkershmk
1491 1678 1630 1706 Observat.
1657 1686 1684 1711 ι,
1707 1678 1726 1706 2

936 1723 1027 1751 docuit
1037 1722 1168 1758 pluribus.
1180 1721 1253 1751 Cave
1269 1728 1334 1749 vero
1345 1720 1466 1756 quinque
1476 1720 1570 1753 urbes,
1583 1720 1609 1747 in
1625 1720 1726 1756 quibus

936 1765 1057 1792 vicissim
1083 1764 1200 1791 hiemem
1218 1762 1368 1797 transigere
1391 1761 1539 1796 jubentur,
1569 1762 1602 1788 de
1630 1761 1735 1794 insula,

936 1806 1023 1834 Rhodi
1042 1805 1155 1832 urbibus
1165 1811 1226 1831 cum
1246 1803 1328 1831 Guid.
1346 1802 1490 1830 Pancirolo
1508 1803 1534 1830 in
1551 1801 1640 1830 Notit.
1658 1803 1728 1836 imp.

936 1847 1037 1874 Orient.
1048 1854 1072 1874 ο.
1087 1844 1354 1880 ιοῦίιιιθῖρτειετῑιε
1372 1848 1411 1872 tot
1421 1843 1465 1871 illa
1479 1851 1531 1871 non
1546 1844 1622 1876 vidit,
1637 1843 1737 1871 tribu.

934 1890 998 1916 olim
1014 1889 1140 1925 superba,
1157 1887 1228 1915 unde
1244 1886 1369 1922 τρίπολις
1383 1886 1464 1918 νᾶσος
1478 1885 1598 1913 Pindaro
1616 1885 1724 1921 Olympi.

934 1931 979 1959 od.
994 1931 1022 1964 7,
1040 1930 1087 1958 sed
1101 1936 1161 1965 qua:
1176 1929 1203 1957 in
1217 1936 1298 1956 unam
1313 1927 1449 1961 Rhodum,
1464 1928 1588 1962 ejusdem
1604 1935 1665 1954 cum
1683 1927 1725 1954 in-

935 1972 993 2000 snla
1002 1970 1261 2006 uominis,deinceps
1272 1970 1443 2003 coaluerunt,
1456 1969 1590 1997 Strabone
1598 1972 1667 1997 teste
1678 1968 1724 2002 II,

935 2022 962 2050 p.
980 2013 1043 2042 655.
1055 2012 1181 2047 Quinque
1195 2011 1286 2045 urbes,
1302 2011 1355 2039 nisi
1366 2011 1454 2044 fallor,
1471 2011 1566 2038 insulae
1580 2014 1643 2038 sunt
1659 2011 1723 2037 toti-

935 2057 1012 2088 dem,
1034 2055 1061 2082 in
1079 2055 1130 2082 hac
1148 2053 1288 2088 provincia
1307 2053 1414 2080 caeteris
1428 2053 1547 2088 potiores
1563 2061 1570 2080 :
1592 2052 1645 2080 hoc
1665 2053 1723 2086 ipsa

935 2098 1128 2132 imperatorum
1145 2094 1312 2127 constitutio,
1325 2099 1354 2121 ut
1370 2095 1510 2127 admittas,
1526 2094 1649 2130 requirit.
1665 2093 1737 2126 Nec,

934 2140 1013 2168 obest
1026 2137 1160 2166 sermonis
1173 2144 1237 2165 usus
1250 2144 1258 2164 :
1273 2143 1335 2164 nam
1352 2141 1379 2163 et
1392 2135 1521 2172 Virgilius
1534 2136 1627 2163 Delum
1639 2135 1724 2171 Apol.

935 2182 997 2211 linis
1012 2182 1104 2209 urbem
1116 2184 1194 2207 vocat
1207 2187 1213 2206 :
1231 2186 1318 2214 neque
1330 2178 1433 2206 Graecis
1443 2179 1590 2214 quidquam
1607 2178 1724 2212 familiag

935 2225 991 2252 rius
1015 2230 1095 2258 quam
1117 2221 1232 2250 insulani
1258 2221 1336 2248 πόλιν
1357 2220 1503 2257 appellare.
1530 2217 1595 2249 Vide
1619 2221 1741 2256 Anton.‘

934 2267 999 2294 Itin.
1020 2273 1046 2300 p.
1067 2264 1131 2292 525.

975 2307 1088 2339 Ῥόδος.
1111 2305 1262 2333 In5ularum
1286 2303 1428 2339 pmvinciaa
1450 2304 1608 2340 metropolis
1631 2305 1722 2339 Ephe-

933 2350 994 2378 sino
1016 2348 1131 2376 concilio
1155 2355 1182 2383 p.
1206 2347 1259 2375 455
1280 2345 1547 2379 dicitur;Jornandi
1572 2347 1608 2375 de
1636 2347 1720 2383 Regn.

934 2391 1039 2419 Succes.
1057 2390 1165 2417 Rhodus
1184 2389 1369 2423 opinatissima
1386 2388 1474 2416 insula
1491 2394 1515 2416 et
1535 2390 1615 2416 totius
1632 2390 1722 2416 Attrita

933 2434 1080 2461 insularum
1105 2431 1270 2465 metropolis,
1292 2431 1337 2466 qui
1361 2432 1462 2459 rectius
1474 2430 1563 2467 Ιίρωὶ
1580 2432 1662 2459 maris
1674 2436 1723 2459 aut

933 2477 1005 2504 Asia:
1016 2475 1181 2509 scripsisset.
1197 2473 1334 2502 Libertate
1348 2481 1363 2500 a
1380 2473 1546 2508 Vespasiano
1559 2474 1662 2508 privata
1678 2480 1722 2502 est

933 2517 1002 2552 apud
1023 2516 1137 2544 Sueten.
1161 2523 1185 2543 c.
1201 2516 1235 2548 8;
1250 2515 1321 2542 unde
1342 2515 1411 2543 citra
1434 2515 1544 2543 dubium
1562 2520 1605 2543 est
1629 2516 1721 2544 Dionis

932 2559 1119 2595 Chrysnstomi
1135 2557 1300 2585 Rhodiacam
1312 2562 1376 2585 ante
1386 2557 1468 2586 fuisse
1482 2558 1622 2585 rccitatam
1637 2566 1720 2593 quam

935 2601 1048 2629 Rhodiis
1066 2600 1176 2627 libertas
1197 2598 1368 2631 auferretur,
1393 2599 1419 2626 in
1441 2599 1587 2634 provincia:
1605 2600 1721 2629 formam

933 2642 1070 2670 redactis:
1087 2641 1188 2669 salvam
1209 2640 1261 2668 illis
1276 2640 1428 2668 libertatem
1443 2648 1469 2676 p.
1484 2641 1537 2668 5M
1553 2641 1585 2674 Ι),
1599 2641 1722 2669 beatam-

933 2692 985 2719 que
999 2683 1067 2711 satis
1082 2682 1178 2711 insula
1187 2682 1384 2714 conditionem,
1396 2682 1439 2709 cui
1457 2682 1482 2709 in
1497 2682 1578 2710 Caria
1593 2687 1621 2711 et
1638 2683 1720 2719 Lycia

933 2726 1057 2754 civitates
1070 2724 1222 2753 tributariae
1231 2729 1325 2752 essent
1339 2724 1430 2758 plures
1442 2731 1471 2759 ρ.
1480 2725 1530 2752 541
1546 2725 1586 2757 C;
1600 2725 1722 2753 adl'nism

934 2768 986 2795 illis
1008 2771 1138 2801 pr:cl.erea
1156 2766 1186 2793 τὸ
1199 2765 1304 2793 ἑαυτῶν
1326 2766 1492 2801 προεστάναι
1511 2768 1557 2794 καὶ
1580 2767 1629 2802 τὴν
1643 2767 1739 2799 πόλ.ντ

932 2809 1043 2836 διοικεῖν
1058 2809 1104 2836 καὶ
1118 2808 1148 2834 τὸ
1162 2807 1358 2843 βουλεύσασθαι
1373 2809 1420 2835 καὶ
1436 2808 1466 2834 τὸ
1474 2808 1584 2835 δικάσαι
1595 2816 1622 2843 p.
1637 2809 1728 2837 359-"

933 2850 1083 2884 signiﬁcat;
1102 2857 1161 2884 quae
1178 2850 1269 2877 omnia
1291 2850 1361 2877 inter
1377 2849 1532 2884 provincias
1551 2852 1723 2885 transcripta:

933 2891 1003 2920 haud
1017 2899 1082 2918 sane
1094 2891 1267 2918 conveniunt.
1318 2907 1321 2910 -

971 2933 1037 2961 ibid.
1062 2932 1135 2967 Κῶς.
1155 2932 1191 2961 Dc
1210 2934 1259 2961 huc
1283 2938 1309 2963 ct
1333 2934 1513 2970 sequentibus
1529 2933 1634 2962 Amen.
1654 2931 1721 2963 hin.
