1911 3071
176 187 244 218 1ἷ39

173 253 201 280 p.
221 245 284 273 522.
309 245 414 273 Addam
434 246 537 281 justam
560 247 692 282 Sopingio
712 255 822 275 causam
838 247 966 289 .deIuisse

172 298 221 318 cur
232 290 290 318 haec
303 290 428 326 Ilcsychii
443 292 476 318 de
490 291 572 318 Samo
595 291 691 324 Φυλλὶς
701 292 718 327 ή
731 291 822 326 Σάμος
830 291 860 317 τδ
871 291 966 323 πάλαι,

173 336 291 361 mutaret
302 337 328 360 et
340 332 444 365 Φυλλάς
459 334 562 361 mallet.
576 333 690 368 Vulgata
704 333 884 368 patrocinium
898 341 967 360 nun-

172 381 255 408 quam
278 373 414 402 Nicander
439 374 581 409 negaverit
605 375 794 410 Alexipbarm.
823 374 893 407 149,
922 374 967 401 ubi

171 415 332 443 scholiastes
346 416 442 448 Φυλλὶς
458 417 473 452 ἡ
490 416 590 451 Σάμος.

207 454 267 482 Col.
279 455 341 483 149.
349 456 503 491 Μέθυμνα.
515 456 560 484 Sic
570 460 597 483 et
607 456 717 491 Scylax,
727 462 806 489 quem
816 455 868 482 CII.
876 454 967 482 Cella-

173 496 230 524 rius
244 496 276 524 G.
292 497 325 524 A.
341 496 421 530 III,2,
433 505 460 532 p.
471 497 504 525 I5
520 502 548 524 ut
561 498 621 525 sine
634 498 698 524 vitio
715 497 750 524 sit
765 501 883 528 veretur,
898 504 968 531 quo-

173 538 248 565 niam
278 537 406 566 Straboui
449 544 476 566 et
507 538 659 574 Thucydidi
685 538 825 573 Μήθυμνα
851 538 966 572 placeat.

173 578 232 615 Ego
247 580 319 608 haud
336 581 520 608 damnaverim
534 590 540 608 :
558 588 620 607 nam
636 585 663 608 et
672 581 807 616 Μέθυμνα
822 579 847 606 in
859 578 968 606 Nicmuo

173 622 294 649 secundo
305 629 331 656 p.
343 623 396 650 549
408 622 516 657 legitur,
526 627 553 649 et
564 621 748 656 Μεθυμναίων
761 629 871 648 ιιιιιιιιιιιι
883 619 966 647 Thes.

174 663 356 691 Friderician.
372 671 397 690 c.
414 671 446 696 v,
464 663 499 690 29
513 667 642 691 ostentat.
664 663 778 690 Videtur
797 667 823 690 et
842 662 966 689 assentiri

174 705 293 732 Galenus
314 704 434 732 Heuwd.
454 703 566 739 Therap.
586 713 640 736 ιιι,
662 713 691 739 p.
705 705 758 732 I66
778 713 784 732 :
807 703 897 739 Τριῶν
914 703 968 738 γὰρ

174 746 263 773 οὐσῶν
291 746 321 773 ὲν
347 746 442 782 Λέσϐῳ
473 747 588 781 πόλεων,
610 744 691 783 ἦττον
720 746 769 781 μὲν
796 745 900 780 εὐώδης
922 744 969 771 καὶ

174 787 277 820 γλυκὺς
308 785 402 823 (οἶνος)
433 789 462 814 ὲν
482 788 623 824 Μιτυλήνῃ
654 789 796 822 γεννᾶται,
825 787 925 822 μᾶλλον
946 786 969 812 δ’

174 829 278 866 εὐώδης
290 830 337 857 καὶ
354 830 455 865 γλυκὺς
466 831 495 857 ὲν
513 831 644 866 Ἐρέσσῳ,
655 830 773 857 κᾶπειτα
785 831 813 857 ἐν
826 828 968 864 Μεθύμνῃ.

174 872 227 906 Qui
245 877 336 900 tamen
353 880 414 900 cum
431 873 464 900 de
482 873 605 901 Antidot.
622 881 641 906 I,
657 881 684 908 p.
702 872 766 904 127,
784 873 813 898 ὲν
829 871 969 906 Μηθύμνῃ

173 914 316 949 prtel'erat,
330 915 466 942 incertum
481 915 612 950 relinquit
626 920 717 942 utrum
732 914 897 950 probaverit.
915 913 968 940 Ita-

174 963 228 991 que
241 958 370 984 succedat
383 957 561 993 Μεθυμναῖος
576 956 647 992 apud
662 957 821 984 Athenteum
835 955 854 983 Ι.
869 963 927 987 VIII,
942 962 966 982 c.

175 998 226 1026 ult.
241 1002 269 1025 et
279 996 426 1026 Maximum
440 998 630 1033 philosophum
647 999 712 1033 περὶ
727 997 883 1033 Καταρχῶν
897 997 967 1024 459ε

176 1038 212 1066 Ἣ
222 1039 318 1075 γύροις
328 1039 367 1066 ενι
376 1039 468 1075 κλῆμα
475 1039 652 1075 Μεθυμναιου
660 1039 784 1074 λελίησαι
793 1038 969 1073 κατθέμεναι.

175 1080 236 1109 lam
251 1082 273 1110 si
290 1081 359 1117 μέθυ
374 1082 507 1117 originem
528 1082 633 1109 dederit
647 1080 829 1116 Μεθυμναίῳ,
844 1085 873 1108 ιιι
887 1080 971 1107 Athe-

176 1130 253 1150 Iueus
277 1123 381 1156 voluit,
407 1128 456 1151 aut
482 1123 617 1159 Μέουμνα
641 1123 746 1158 potius,
768 1123 863 1157 utique
885 1129 915 1148 ea
940 1128 970 1148 se

176 1165 245 1192 tueri
261 1166 372 1200 poterit.

213 1207 282 1235 Ibid.
305 1207 447 1241 Πάτελος.
471 1207 527 1235 Hoc
547 1208 656 1236 nomine
672 1214 735 1235 eum
756 1207 870 1235 insulam
891 1213 971 1234 nemo

176 1249 294 1282 noverit,
308 1249 423 1277 Carolus
436 1256 452 1277 a
470 1249 499 1278 S.
515 1249 598 1278 Paulo
613 1249 698 1284 Δῆλος
716 1248 871 1280 substituit,
889 1256 970 1283 quam

176 1298 260 1326 supra
287 1291 339 1319 sub
368 1292 479 1319 Achaite
511 1291 684 1327 proconsulis
709 1291 812 1319 ditione
840 1290 969 1318 vidimus.

177 1332 243 1360 Mihi
254 1333 351 1368 Τῆλος,
367 1333 401 1361 de
412 1341 464 1368 qua
485 1333 583 1361 Strabo
595 1341 623 1366 ι,
639 1339 666 1367 p.
677 1332 741 1364 488,
756 1339 789 1360 ex
803 1336 879 1367 parte
890 1338 971 1359 voca-

178 1375 234 1403 buli
250 1375 320 1403 baud
345 1375 416 1404 male
433 1375 536 1403 exstrui
557 1382 637 1409 posse
656 1375 780 1406 videtur,
797 1373 848 1402 etsi
862 1373 971 1409 gravius

177 1416 264 1444 latere
284 1417 361 1444 ulcus
375 1417 518 1445 arbitrato.
541 1417 645 1445 Auctor
664 1416 789 1451 catalogo
804 1416 972 1451 pra-scripsit

176 1457 260 1486 urbes
275 1465 306 1486 se
323 1458 363 1485 20
379 1465 573 1490 recensurum,
596 1463 624 1485 et
640 1457 672 1486 I9
689 1461 793 1485 tantum
816 1463 970 1485 memoran-

178 1504 244 1527 tur:
268 1499 334 1527 dcﬁt
357 1505 491 1535 praeterea
513 1500 665 1534 Carpathus
689 1499 789 1527 celebri
811 1499 879 1526 satis
894 1498 971 1526 I‘ama

177 1541 206 1569 In
227 1541 279 1569 hac
300 1542 458 1576 provincia;
481 1542 572 1577 itaque
589 1550 670 1578 opem
687 1549 702 1570 e
720 1549 786 1570 mss.
803 1540 971 1569 ﬁdelioribus

176 1587 316 1618 optamus.

214 1624 282 1652 Ibld.
300 1625 493 1659 Προσελήνη.
509 1624 598 1652 Insula
618 1625 806 1660 Πορδοσελήνη
822 1629 875 1656 est,
887 1632 970 1660 quam

179 1665 304 1694 vocabuli
333 1665 446 1694 fetorem
474 1667 591 1694 vitantes
618 1666 809 1702 Ποροσελήνην
834 1666 901 1699 alii,
926 1665 970 1693 alii

179 1707 359 1744 Προσελήνην
372 1712 503 1736 vocarunt
518 1716 524 1735 :
541 1708 616 1742 prius
627 1712 669 1736 est
684 1708 753 1742 apud
767 1707 933 1742 Stephanum
945 1711 972 1735 et

179 1751 272 1785 plures
295 1750 379 1783 alios,
402 1750 538 1785 posterius
560 1750 586 1776 in
610 1749 775 1777 Chalcedon.
805 1750 909 1785 synodo
927 1749 971 1777 cui

178 1800 206 1826 p.
218 1792 271 1820 550
279 1796 306 1820 et
315 1797 381 1819 tom.
390 1791 437 1824 IX,
447 1799 474 1826 p.
484 1791 547 1822 173,
556 1790 712 1819 Florentius
720 1791 844 1824 Τενέδου,
854 1791 969 1824 Λέσϐου,

178 1834 353 1869 Προσελήνης
370 1833 418 1862 καὶ
435 1832 489 1860 τῶν
505 1833 643 1867 Αἰγιαλῶν
663 1833 831 1865 subscribit;
842 1833 970 1860 testiﬁca-

177 1880 277 1910 turque
299 1882 329 1902 se
355 1874 408 1902 illis
428 1875 524 1902 insulis
545 1875 704 1909 episcOpum
729 1874 829 1908 fuisse;
853 1881 920 1908 quas
944 1877 972 1900 et

178 1916 338 1951 eonjunetas
353 1920 435 1951 atque
459 1917 503 1944 nui
522 1917 628 1951 praesuli
648 1916 771 1944 subditas
785 1923 819 1943 ex
834 1915 972 1948 Ephesino

178 1966 207 1993 p.
240 1958 290 1985 671
317 1958 452 1993 colligas:
477 1958 583 1986 videbis
609 1958 682 1986 enim
711 1957 970 1985 Lesboseienensem

177 2000 309 2029 Joannem
319 2020 330 2033 ν
343 1993 416 2028 haud
435 2000 517 2028 dubie
531 2000 620 2028 Lesbo
631 2006 659 2027 et
677 1999 867 2028 Pordoselenae
883 2000 971 2034 impo-

179 2043 272 2070 situm.
292 2041 359 2076 Quae
374 2049 438 2070 vero
457 2041 512 2069 τῶν
527 2041 665 2076 Αἰγιαλῶν
683 2042 795 2069 nomine
812 2042 839 2069 in
857 2041 971 2069 Chalce-

178 2085 294 2113 doneusi
304 2084 461 2120 signantur?
474 2083 747 2119 ηονίιιιιιδΔὶγιάλην,
760 2083 817 2110 sive
827 2083 969 2118 Αιγίαλον,

178 2132 210 2154 ιιι
225 2126 324 2154 Suidas
337 2127 443 2159 maluit,
455 2127 549 2154 insula:
562 2126 672 2161 Amorgi
684 2128 789 2159 urbem,
803 2127 848 2155 sed
864 2127 970 2161 longius

178 2170 208 2196 in
223 2168 399 2204 Carpathium
414 2176 489 2196 mare
502 2169 649 2204 proiectam
665 2176 747 2204 quam
765 2173 794 2196 ut
807 2168 886 2197 Lesbi
910 2169 969 2203 epi-

179 2218 264 2246 scopo
283 2211 418 2239 subditam
431 2210 607 2238 arbitremur.
619 2210 725 2246 Ergone
743 2218 758 2238 a
775 2218 840 2238 vero
855 2211 968 2238 multum

179 2254 384 2286 aberrabimus,
404 2253 428 2281 si
451 2253 498 2280 καὶ
518 2253 650 2280 Αἰολίδων
669 2253 841 2281 scribamus?
863 2257 969 2281 constat

179 2295 252 2323 enim
264 2295 380 2323 Lesbum
394 2302 486 2322 earum
498 2295 646 2323 insularum
661 2296 810 2331 principem
824 2300 851 2323 et
866 2301 968 2323 metro-

179 2337 252 2372 poliu
265 2337 351 2364 fuisse
362 2344 396 2364 ex
409 2337 553 2364 Eustathio
570 2337 596 2364 in
612 2337 731 2372 Dionysii
747 2336 885 2376 Perieges.
905 2337 967 2366 556.

181 2395 185 2398 -
216 2380 283 2408 Ibid.
298 2380 429 2414 Σύφνος.
442 2379 549 2413 Σίφνος.
568 2378 604 2406 Ut
619 2386 687 2406 mss.
699 2378 788 2412 Leid.;
806 2387 887 2414 quam
906 2388 967 2407 cum

180 2422 320 2457 Stephano
348 2421 418 2449 male
453 2421 586 2457 Μερόπην
609 2425 716 2448 vetusto
742 2421 851 2448 nomine
866 2421 920 2449 dici
942 2426 969 2450 et.

180 2464 292 2500 Μερόην
312 2463 529 2492 substituendam
546 2462 708 2496 fsuspicatur
725 2461 792 2490 Abr.
816 2462 967 2497 Berltelius,

180 2507 254 2534 haud
267 2513 335 2533 sane
351 2505 468 2533 attendit
482 2504 515 2532 ad
527 2503 609 2532 Plinii
623 2511 684 2532 cum
700 2503 840 2540 Stephano
851 2512 969 2533 consen-

179 2556 237 2577 sum
253 2555 290 2581 Iv,
307 2546 353 2575 22.

214 2589 283 2617 Ibid.
298 2589 468 2624 'Apavprdc.
481 2587 539 2617 Non
553 2589 632 2616 aliter
648 2588 818 2622 Plolemmus,
835 2591 969 2627 Ἀμοργός

180 2631 237 2659 alii.
253 2631 332 2664 Quod
346 2635 439 2658 autem
457 2638 473 2658 e
493 2638 559 2658 mss.
579 2629 717 2666 profertur
731 2631 875 2667 ’Δμολγός,
892 2633 917 2660 id
934 2640 968 2660 ex

178 2674 333 2708 posteriore
343 2677 439 2701 natum
453 2678 504 2706 est,
516 2680 629 2709 prorsus
642 2677 672 2701 ut
683 2674 875 2708 rempublicam
888 2676 970 2710 depe-

179 2716 305 2744 culantes
326 2715 409 2742 Attiei
429 2721 516 2752 poetae
528 2715 666 2750 ἀμολγούς
681 2720 709 2743 et
722 2717 860 2752 ἀμοργούς
876 2718 968 2752 appel-

179 2755 303 2785 litabant.
323 2756 390 2785 Vide
405 2757 550 2785 Kusterum
566 2758 600 2784 ad
615 2757 704 2785 Suidaa
721 2758 881 2793 ’Δμολγούς,
898 2765 925 2788 et
935 2760 968 2788 de

179 2799 266 2827 insula
283 2800 448 2828 Bocharlum
464 2801 498 2828 de
513 2800 609 2828 Colon.
625 2799 749 2828 Phaznic.
767 2809 787 2833 I.
805 2802 848 2830 14.

215 2841 284 2868 Ibid.
311 2841 524 2870 Ἀστυπάλαια.
550 2842 700 2870 Notissima
726 2843 814 2871 insula
840 2848 898 2878 est,
923 2845 967 2873 cui

180 2880 369 2920 cognominem
381 2881 408 2907 in
420 2882 501 2908 Samo
514 2883 606 2910 urbem
620 2883 761 2918 Polymnus
771 2884 888 2919 Smuag.
900 2894 919 2920 I,
932 2886 968 2913 ‘25

180 2919 278 2957 habet,
301 2920 399 2955 sitam,
426 2927 454 2951 ut
481 2923 655 2960 Etvtuologus
682 2924 781 2960 docet,
817 2927 892 2962 παρᾶ
921 2928 965 2957 τὸν

698 190 889 221 ADDENDA.
909 203 934 208 -
960 191 995 220 P.
1011 191 1267 223 WESSELINGII

1741 192 1829 225 1146

1021 249 1145 283 ποταμὸν
1173 251 1306 286 Σχήσιον.
1335 251 1381 285 qui
1408 250 1478 278 forte
1510 251 1609 284 Χόσιος
1631 259 1694 280 esse
1722 253 1827 282 debet.

1020 290 1123 326 Χήσιον
1143 291 1202 326 ejus
1217 292 1311 320 insulae
1327 294 1542 328 promontorium
1562 295 1750 329 Alexipharm.
1769 294 1826 322 1⁵51

1020 333 1149 361 Nicandri
1170 334 1331 362 scholiastes
1346 335 1435 367 novit,
1452 336 1523 362 unde
1535 334 1671 371 Χησιάδες
1686 337 1828 371 nymphae

1022 375 1067 402 isti
1089 380 1185 410 poetae.
1218 381 1245 403 et
1261 376 1345 404 Diana
1365 377 1471 412 Χησιὰς
1489 377 1658 405 Callimacho
1674 379 1773 413 hymn.
1796 378 1827 404 in

1021 417 1101 445 Dion.
1129 417 1193 445 228.

1063 460 1130 487 Ὑπὸ
1156 461 1394 494 κονσουλάριον.
1421 462 1450 489 In
1475 461 1581 488 Notilia
1610 462 1674 496 Imp.
1706 461 1824 489 Orienl.

1021 509 1046 530 c.
1068 502 1081 529 I
1101 503 1241 537 praesidem
1256 502 1335 530 Caria
1349 503 1440 534 habet,
1451 504 1520 538 apud
1534 502 1715 531 Sozomcnnm
1730 503 1770 530 ll.
1784 503 1822 530 Ε.

1021 551 1046 576 v,
1060 543 1092 571 2|
1111 553 1118 572 :
1142 545 1238 572 scribit
1252 544 1324 572 enim
1351 545 1391 579 τῷ
1405 546 1518 580 ἡγεμόνι
1543 545 1593 580 τῆς
1608 545 1717 580 Καρίας
1733 545 1824 572 Iulia-

1019 594 1081 614 ιιιις.

1056 628 1122 655 Ibid.
1151 629 1297 663 Μήλιτος.
1327 630 1448 664 Μίλητος
1472 634 1525 662 est,
1542 636 1609 656 urus
1631 628 1820 661 nobilissima,

1021 670 1054 697 de
1074 678 1125 705 qua
1141 670 1240 698 Strabo
1254 671 1288 699 II
1299 679 1326 705 p.
1343 671 1407 699 655.

1056 711 1122 739 Ibid.
1161 712 1334 746 Ἡρακλείας
1360 713 1479 748 Ὀτ-μοῦ.
1498 712 1618 748 Iungunt
1649 713 1707 740 hac
1731 720 1820 740 ιλιαδ

1019 761 1114 781 verum
1144 759 1186 782 est
1214 755 1362 791 Ἡράκλεια
1392 757 1516 791 nemon,
1546 756 1595 788 ita,
1624 755 1695 790 quod
1715 754 1820 782 Latmo

1022 795 1105 823 monti
1120 797 1264 829 assideret,
1278 798 1359 825 dicta.
1377 797 1446 830 Quin
1466 802 1493 824 et
1512 797 1623 832 Δάτμος
1636 796 1694 824 urbi
1711 804 1820 823 nomen

1023 837 1081 871 fuit,
1096 838 1141 865 ulIi
1157 838 1265 866 Strabo.
1282 847 1338 870 xtv,
1356 847 1372 873 p
1384 858 1393 866 .
1420 838 1472 866 635
1491 844 1518 866 et
1535 839 1669 873 Apollonii
1695 838 1821 865 scholia-

1021 883 1076 906 stes
1091 887 1129 912 Iv,
1147 880 1190 907 57.
1207 880 1376 910 Mouueruut.
1394 888 1451 915 quo
1470 880 1584 916 insignis
1610 881 1691 907 etiam
1718 884 1764 907 est
1790 881 1820 907 in

1021 920 1138 956 Polyazui
1154 921 1276 958 Stratag.
1290 930 1339 956 vn,
1359 922 1394 949 23
1407 927 1435 950 et
1450 922 1579 950 Chalced.
1596 922 1694 950 concil.
1707 929 1735 955 p.
1748 921 1818 952 581.

1023 963 1067 990 ubi
1086 963 1230 998 Dionysius
1255 964 1370 999 Λάγμου
1394 964 1513 998 Καρίας,
1545 971 1595 998 pro
1612 965 1737 999 Λάτμον,
1767 963 1821 998 qui

1023 1012 1049 1039 p.
1065 1005 1128 1040 667,
1155 1006 1321 1042 Ἡρακλείας
1336 1006 1474 1041 Ἀτάλμου
1488 1007 1613 1039 graviore
1630 1011 1744 1041 peccato
1772 1007 1819 1032 di-

1022 1047 1102 1074 citur.
1137 1046 1166 1074 In
1198 1047 1308 1075 Nicteno
1332 1049 1451 1075 secundo
1472 1048 1622 1083 Ἡράκλεια
1647 1047 1695 1074 τοῦ
1726 1048 1821 1074 Λα.τὸ-

1022 1098 1074 1125 μου
1089 1097 1116 1124 ρ.
1131 1089 1194 1117 556.
1213 1089 1308 1117 Melius
1325 1089 1531 1124 Constantiuop.
1549 1090 1629 1117 tertio
1651 1097 1678 1125 p.
1693 1088 1747 1117 673
1771 1089 1820 1116 Ἦ-

1022 1131 1137 1166 ράκλεια
1161 1131 1272 1167 Αάτμου
1285 1131 1419 1166 ἐπαρχίας
1434 1132 1552 1166 Καρίας.

1058 1173 1125 1202 Ibid.
1143 1173 1291 1208 Ἀμυνόὸς
1303 1173 1420 1205 Μὺνδος,
1435 1174 1468 1201 de
1481 1181 1532 1206 qua
1548 1173 1647 1202 Strabo
1660 1181 1706 1200 IIV
1720 1181 1747 1209 p.
1761 1173 1817 1200 658

1021 1222 1047 1243 et
1071 1216 1221 1244 Pausanias
1249 1224 1289 1249 II,
1307 1217 1352 1244 30.
1382 1216 1526 1251 Perporam
1555 1216 1665 1243 Nicmno
1692 1216 1819 1243 secundo

1021 1265 1047 1292 p.
1065 1258 1117 1286 556
1137 1257 1227 1291 ζπόλις
1235 1258 1353 1290 Μύὸδος.
1366 1257 1575 1286 Halicarnassus
1600 1262 1627 1284 et
1639 1257 1742 1284 Cnidus
1763 1265 1816 1284 no-

1021 1300 1133 1328 bilitata:
1150 1305 1214 1328 sunt
1235 1305 1263 1327 et
1278 1300 1340 1328 stilo
1360 1300 1450 1328 minus
1479 1305 1557 1335 egent
1575 1308 1582 1332 ;
1601 1300 1651 1327 etsi
1669 1300 1721 1327 hoc
1748 1299 1816 1327 addi

1022 1342 1131 1378 poterit,
1146 1342 1324 1377 posteriorem
1341 1342 1468 1376 deinceps
1491 1342 1614 1369 Stadiam
1631 1349 1692 1369 esse
1710 1342 1814 1376 appel—

1022 1385 1102 1412 latam
1130 1392 1216 1419 eoque
1240 1385 1349 1412 nomine
1374 1384 1497 1419 insigniri
1515 1385 1542 1412 in
1566 1383 1676 1412 Niceno
1692 1384 1817 1412 secundo

1055 1467 1122 1496 Ibid.
1152 1468 1295 1503 κέραμος.
1309 1467 1403 1504 Neque
1424 1468 1587 1496 maritimam
1606 1467 1675 1496 hanc
1703 1468 1814 1500 urbem,

1022 1510 1093 1537 unde
1109 1510 1179 1537 sinui
1203 1518 1300 1537 nomen
1316 1510 1431 1542 venerit,
1449 1509 1548 1538 Strabo
1565 1517 1609 1536 xtv
1626 1517 1653 1544 p.
1671 1508 1726 1536 656
1741 1515 1815 1544 pr:-

1022 1552 1104 1580 teriit.
1127 1551 1248 1579 Meminit
1263 1553 1343 1580 etiam
1364 1552 1483 1580 Galenus
1511 1551 1576 1587 περὶ
1602 1560 1683 1587 τροφ.
1709 1551 1813 1586 δυναμ.

1022 1601 1049 1628 p.
1070 1594 1133 1621 5l'l.
1153 1593 1320 1630 Hesychius:
1337 1595 1468 1630 Κέραμος
1484 1595 1564 1626 πίθος
1573 1595 1625 1621 ’καὶ
1641 1594 1696 1621 πᾶν
1709 1593 1812 1629 δστρα-

1022 1645 1070 1663 κον
1080 1658 1087 1669 ,
1104 1637 1151 1663 καὶ
1167 1636 1364 1672 δεσμωτήριον,
1383 1637 1430 1663 καὶ
1442 1636 1584 1672 ὀχύρωμα,
1596 1635 1644 1663 καὶ
1659 1636 1738 1668 πόλις
1751 1636 1812 1662 Κα-

1023 1678 1094 1714 ρίας·
1109 1679 1125 1714 ἡ
1140 1679 1173 1714 δὴ
1191 1678 1219 1704 δὲ
1240 1678 1288 1705 ἐπὶ
1303 1678 1494 1714 ὀχυρώματος.
1514 1677 1559 1706 Sic
1576 1678 1645 1706 forte
1668 1677 1764 1704 ultima
1779 1685 1811 1704 ea

1023 1720 1133 1755 legenda
1152 1725 1225 1748 sunt.
1248 1720 1342 1747 Putem
1360 1721 1567 1756 grammaticum
1584 1719 1628 1746 illa
1648 1727 1681 1746 ex
1701 1719 1812 1746 critico-

1024 1769 1083 1789 rum
1099 1762 1209 1790 scholiis
1233 1762 1258 1788 in
1279 1762 1424 1789 Homerum
1443 1768 1504 1789 esse
1530 1765 1682 1788 mutuatum
1700 1769 1707 1787 :
1738 1760 1811 1787 soliti

1022 1804 1094 1830 enim
1126 1804 1200 1830 fuere
1223 1803 1305 1830 Iliad.
1323 1813 1346 1835 ε,
1372 1803 1423 1831 587
1454 1803 1561 1838 χαλκέῳ
1583 1802 1606 1828 δ’
1628 1803 1659 1828 ὲν
1686 1802 1812 1837 κεράμου

1021 1845 1111 1872 δέδετο
1138 1845 1252 1872 diversis
1267 1845 1403 1880 explicare
1426 1845 1514 1872 modis
1529 1849 1610 1879 atque
1634 1848 1680 1871 aut
1704 1845 1736 1870 de
1752 1850 1812 1870 car-

1022 1894 1084 1914 cere
1093 1892 1139 1914 aut
1154 1887 1185 1914 de
1196 1886 1282 1914 Carie
1296 1888 1362 1914 urbe
1377 1886 1500 1919 Ceramo,
1516 1886 1574 1913 loco
1591 1887 1693 1913 munito
1709 1886 1809 1919 posita,

1022 1928 1322 1963 aecipere.Eu5thatius
1342 1928 1370 1955 in
1390 1935 1451 1955 eum
1469 1933 1553 1962 poetae
1580 1935 1688 1954 versum
1704 1927 1810 1961 p.425:

1023 1970 1116 1997 ⁸’Δλλοι
1128 1970 1156 1996 δέ
1173 1978 1239 2005 φασι
1261 1969 1439 2004 δεσμωτηρίῳ
1461 1969 1565 2005 στερρῷ
1578 1989 1585 2001 ,
1601 1969 1727 2003 λέγοντες
1755 1969 1811 1995 Κιμ

1022 2012 1118 2047 ποίους
1133 2012 1256 2047 κέραμον
1272 2011 1364 2038 καλεῖν
1379 2012 1408 2038 τὸ
1427 2011 1623 2047 δεσμωτήριον.
1646 2011 1716 2037 οιδξ
1734 2011 1811 2037 πόλιν

1021 2054 1129 2089 Καρίας
1141 2055 1207 2087 φασὶ
1222 2054 1268 2080 τὸν
1280 2053 1419 2089 Κέραμον,
1430 2053 1545 2089 χάλκεον
1557 2049 1612 2079 οἷον
1622 2052 1755 2079 δοκοῦσαν
1764 2054 1810 2079 καὶ

1021 2095 1161 2131 τροπικῶς
1184 2095 1324 2131 λεχθεῖσαν
1347 2095 1391 2122 διὰ
1415 2095 1446 2122 τὸ
1463 2096 1575 2130 περρδν
1591 2094 1638 2122 τοῦ
1663 2095 1809 2130 τειχίσμα-

1021 2139 1076 2162 τος.

1055 2172 1124 2200 Ibid.
1138 2173 1279 2200 Μύλασα.
1294 2172 1338 2200 Sic
1355 2176 1381 2199 et
1396 2171 1524 2207 Polybius
1543 2171 1608 2206 Leg.
1624 2171 1658 2198 95
1673 2176 1699 2199 et
1717 2171 1808 2199 I’tole—

1022 2215 1081 2242 πιειεὶ
1098 2223 1150 2242 ms.
1163 2214 1284 2242 Coislin.
1311 2218 1338 2241 et
1382 2213 1532 2240 Μυλασέων
1560 2213 1645 2242 nnnti.
1676 2213 1810 2240 Μύλαςσα

1020 2257 1165 2285 Atheumus
1182 2264 1241 2289 vuI,
1260 2256 1304 2289 I8,
1328 2255 1377 2283 Dio
1395 2263 1478 2282 XLVIII
1509 2263 1535 2289 p.
1559 2255 1622 2285 625.
1640 2259 1721 2289 atque
1742 2255 1786 2282 alii
1800 2275 1808 2287 ,

1021 2307 1088 2334 quos
1118 2292 1204 2326 testes
1228 2298 1372 2334 appellavit
1390 2297 1440 2324 Ch.
1455 2297 1587 2325 Cellarius
1613 2297 1645 2324 G.
1663 2297 1694 2323 Α.
1712 2305 1753 2329 III,
1781 2298 1807 2331 3,

1022 2349 1049 2376 p.
1068 2341 1127 2369 104.
1144 2341 1190 2368 Est
1208 2345 1233 2367 et
1252 2342 1277 2367 in
1305 2337 1570 2367 Tlter.l"ridericiano
1586 2346 1610 2366 c.
1629 2337 1676 2365 XII
1693 2338 1726 2365 I7
1752 2346 1808 2366 IIu-

1024 2392 1085 2411 mus
1099 2383 1284 2410 Μυλλασσέων
1299 2389 1396 2410 nomen
1410 2381 1568 2416 praeferens,
1583 2381 1628 2416 qui
1643 2381 1665 2408 si
1679 2382 1732 2408 huc
1747 2389 1808 2416 per-

1024 2426 1133 2458 tineret,
1150 2430 1179 2452 tIt
1198 2425 1257 2452 viro
1269 2425 1347 2452 docto
1361 2423 1447 2450 visqu
1463 2427 1514 2454 est,
1526 2423 1608 2450 multa
1623 2424 1807 2451 conturbaret.

1020 2468 1073 2495 Sed
1089 2475 1154 2494 cave
1169 2467 1206 2494 illi
1225 2466 1302 2499 ﬁdas,
1315 2471 1433 2493 autvera
1450 2465 1571 2499 opineris
1585 2472 1644 2500 quae
1664 2465 1697 2491 de
1711 2473 1806 2493 novem

1019 2509 1105 2537 Caria:
1118 2509 1240 2544 dynastis
1256 2508 1288 2535 ad
1303 2515 1365 2535 eum
1378 2507 1510 2542 disputata
1526 2511 1599 2534 sunt.
1616 2505 1694 2533 Numi
1711 2506 1808 2534 inscri-

1020 2551 1077 2586 ptio
1091 2550 1144 2577 alia
1152 2550 1242 2577 omnia
1253 2549 1371 2581 docebit,
1380 2549 1402 2577 si
1414 2554 1594 2583 componatur
1604 2556 1665 2576 cum
1681 2548 1735 2576 illis
1742 2556 1808 2584 quos

1020 2592 1061 2620 Jo.
1089 2591 1230 2619 Massonus
1243 2595 1376 2618 memorat
1403 2589 1467 2618 Viue
1494 2590 1606 2618 Aristid.
1634 2597 1665 2623 II,
1688 2590 1704 2616 7
1723 2599 1730 2618 :
1748 2591 1808 2618 inde

1019 2635 1091 2662 enim
1118 2633 1322 2661 ΛΑΛΑΣΣΕΩΝ
1350 2633 1401 2667 legi
1426 2638 1553 2667 oportere
1587 2632 1740 2667 apparebit,
1781 2638 1806 2661 et

1020 2676 1046 2704 in
1059 2676 1194 2711 corruptis
1203 2675 1282 2708 Tim.
1296 2675 1401 2702 Frider.
1417 2674 1515 2702 litteris
1529 2674 1694 2701 OABHNDN
1710 2682 1805 2701 nomen

1019 2719 1176 2746 delitescere
1192 2727 1202 2752 -,
1219 2723 1348 2753 praeterea
1365 2717 1425 2744 ΚΑΙ
1451 2717 1607 2744 ΚΕΝΝΑΤ.
1623 2716 1806 2744 ΔΥΝΔΣΤΟΥ

1018 2767 1114 2787 sanum
1128 2767 1198 2792 esse,
1223 2767 1311 2794 neque
1338 2759 1401 2787 inde
1428 2757 1488 2785 ΚΑΙ
1513 2758 1678 2786 ΕΝΝΔΤυΝ
1703 2759 1807 2787 ΔΥΝΑ-

1019 2803 1112 2830 ΣἹῊΝ
1121 2802 1192 2830 efﬁci
1202 2809 1291 2837 posse.
1304 2801 1407 2829 Caetera
1416 2801 1536 2836 expediri
1553 2801 1670 2828 nondum
1684 2807 1804 2835 possunt,

1018 2853 1079 2873 cum
1093 2845 1174 2872 laceri
1186 2849 1214 2872 et
1226 2843 1318 2871 detriti
1330 2842 1387 2871 fere
1401 2843 1451 2870 hoc
1464 2849 1549 2877 genus
1559 2843 1614 2869 sint
1630 2843 1718 2870 ιιιιιιιί.
1729 2843 1806 2870 Erant

1020 2886 1120 2922 Mylasa
1146 2886 1306 2920 templorum
1324 2884 1495 2912 multitudine
1509 2884 1609 2911 referta
1626 2885 1714 2920 magis
1727 2893 1803 2920 quam

1019 2929 1179 2958 hominum:
1196 2935 1255 2964 qua:
1269 2935 1351 2958 causa
1373 2927 1516 2958 Iuitouare
1540 2926 1726 2963 Stratonicus,
1746 2935 1803 2956 cum
