1911 3071
111 169 184 202 lilii

109 226 212 252 urbem
232 225 368 260 ingressus
398 229 471 253 esset
485 233 572 260 caque
592 225 832 258 animadverteret,
846 233 905 252 mu-

111 272 172 293 tata
191 267 293 294 solenni
309 267 435 299 formula,
464 267 589 300 ἀκούετε,
602 267 661 293 ναοὶ
680 267 821 294 clamaret.
842 267 908 295 Vide

111 309 234 335 Casaub.
252 309 277 334 in
295 309 395 335 Athcn.
406 316 465 340 VIII,
480 308 508 335 8.

153 350 212 377 Cnl.
229 350 289 377 H9.
303 351 524 384 ΣτρατονΙκεια.
543 350 591 377 Dio
598 349 633 376 48
644 357 670 384 p.
682 349 735 377 425
743 349 907 382 Labienum,

113 391 276 420 Parthicum
293 393 495 426 imperatorem,
516 391 638 418 Ciciliam
664 400 811 426 occupasse
829 397 909 427 alque

114 434 191 460 Asiae
205 434 285 461 urbes
298 434 324 462 in
336 434 491 461 continente
503 434 569 460 sitas
581 437 678 467 praeter
692 434 907 467 Stratoniceam;

115 476 165 508 qui
179 477 201 503 si
214 476 321 503 Cariam
339 483 388 510 pro
404 475 469 503 Asia
496 475 625 509 scriptam
652 475 816 509 reliquisset,
833 475 909 508 cujus

114 525 186 544 sane
204 518 284 544 nrbes
300 516 401 553 lllylasa
417 521 442 543 et
459 516 599 544 Alabanda
615 522 642 544 et
667 516 866 544 Stratoniceam
882 517 908 544 in

115 559 216 593 primis
243 559 365 586 nominat
379 578 387 591 ,
415 566 471 585 rem
490 558 578 590 nobis,
595 566 656 593 quae
672 559 728 585 veri
745 558 823 585 [idem
840 558 909 585 haud

115 601 274 631 excederet.
289 600 459 634 prodidisSI-t.
473 600 708 633 Corruptissimam
721 600 794 626 urbis
810 607 909 626 nomen

117 645 162 668 cst
175 641 272 668 concil.
282 641 488 674 Constantiuop.
499 641 577 666 tertio
588 648 613 674 p.
628 640 689 672 675,
700 640 744 667 ubi
758 641 908 675 TIIt-opcm-

116 687 184 716 ptas
200 683 304 714 πόλεως
332 681 530 718 Τροτολυκειὰς
552 682 687 717 ἐπαρχίας
712 682 819 718 Καρίας
845 682 910 709 sub-

118 723 228 750 scribit.

159 765 227 793 lbid.
248 765 387 800 ‘Apvféir.
405 766 459 799 Sic,
481 767 518 793 nti
539 766 609 801 apud
631 766 791 794 Strabonem
807 770 834 792 et
847 767 910 793 Pto-

118 807 256 839 Iemmnm,
272 815 321 834 ms.
339 807 490 835 Leidensis.
507 807 574 835 llinc
588 807 706 835 Joannes
722 806 867 842 ’Λμυζόνος
884 807 909 833 in

119 847 281 874 Chalcedon.
302 856 328 881 p.
347 848 410 881 400,
430 854 458 875 et
473 848 764 883 ΡΙιιὶθιιιεἊμαζόνος,
778 849 828 875 levi
846 855 910 883 pec-

119 895 194 920 cato,
212 889 236 915 in
252 889 378 924 Ephesin.
401 898 427 924 p.
446 890 508 916 457.
527 890 624 917 Alinda
649 897 682 918 ex
712 890 855 917 Ptolemaeo
884 894 911 917 et

121 930 275 965 Stephano,
285 939 298 958 a
309 932 372 959 viris
385 932 550 959 doctissimis
564 937 698 965 corrccto,
710 937 790 966 atque
803 932 910 959 aliunde

120 978 266 999 IIOIISSIIIIII
279 978 352 1000 διιιιι.

158 1014 225 1040 Ibid.
248 1014 418 1042 Ἀλιίπανδα
445 1015 484 1043 Ita
508 1015 579 1050 vulg.
602 1023 652 1042 ms.
681 1014 756 1042 Leid.
783 1014 912 1042 Ἀλάϐαν-

119 1054 166 1087 δα,
176 1055 309 1088 quomodo
322 1061 419 1090 praeter
429 1057 556 1093 alioslbio
567 1064 663 1089 xLVIII,
680 1064 706 1090 p.
715 1056 779 1084 425.
790 1056 912 1083 Tumulis

122 1095 181 1122 fere
207 1096 324 1123 incincta
350 1103 391 1124 est
410 1097 479 1132 apud
509 1098 669 1125 Strabonem
686 1105 741 1129 Iuv,
763 1105 790 1132 p.
804 1097 866 1129 660,
884 1101 912 1124 ut

122 1137 259 1172 plcrazque
275 1139 301 1164 in
317 1137 368 1165 hac
385 1139 521 1173 provincia
532 1139 622 1171 urbes,
639 1139 752 1166 collibus
767 1139 910 1173 impositze.

122 1179 319 1213 Aristophanes
336 1179 411 1206 Avib.
424 1179 477 1207 295
491 1189 498 1207 :
521 1181 627 1215 ’Ὠσπερ
649 1181 673 1206 ol
687 1181 778 1215 Κᾶρες
793 1180 843 1214 μὲν
865 1177 912 1207 οὖν

122 1220 171 1246 ἐπὶ
186 1219 276 1255 λόφων
290 1221 422 1254 οἰκοῦσιν,
438 1218 460 1248 ὦ
482 1222 549 1256 ’γάθ’
563 1222 714 1256 ἀσφαλείας
731 1222 839 1249 οὔνεκα.

161 1261 228 1288 Ibid.
262 1262 417 1295 Ὀρθοσιάς
443 1263 598 1298 ’οροωςία,
628 1264 761 1298 quomodo
785 1263 917 1299 Polybius

122 1302 188 1338 Lrg.
206 1303 239 1330 95
255 1309 281 1330 ct
297 1312 348 1330 ms.
365 1304 499 1332 Ptolemaei
512 1305 636 1337 Coislin.,
650 1304 749 1332 Strabo
762 1310 843 1340 atque
854 1305 910 1332 alii.

125 1346 258 1379 Diogenes
272 1346 452 1382 Ὀροοσιαίων
474 1353 516 1375 est
532 1349 557 1374 in
573 1347 739 1375 Chalcedon.
759 1355 785 1382 p.
798 1348 843 1375 98.

158 1387 228 1415 Ibid.
264 1387 408 1422 Ἅρπασα.
426 1388 483 1415 Sita
501 1388 609 1416 fuerunt
634 1389 667 1416 ad
681 1397 787 1416 amnem
804 1388 910 1423 Ilarpa-

123 1435 184 1455 sum
199 1429 269 1463 apud
280 1429 396 1456 Plinium
411 1438 438 1462 v,
451 1429 496 1457 29.
515 1429 632 1458 Phanias
646 1431 749 1462 πόλεως
767 1430 912 1466 Ἀρπάσων

124 1469 173 1504 τῆς
199 1470 306 1506 Καρίας
329 1471 414 1499 adluit
428 1471 562 1506 Ephesino
585 1472 700 1500 concilio
714 1480 739 1505 p.
759 1471 822 1499 526.

162 1511 228 1538 Ibid.
251 1513 411 1546 Νεάπολις.
437 1513 559 1540 IllenIinit
583 1513 642 1548 ejus
662 1513 834 1541 Ptolcnueus.
852 1513 911 1541 Fuit

125 1553 188 1580 hinc
206 1554 355 1581 Dorotheus
383 1554 558 1587 Νεαπόλεως,
587 1555 633 1590 qui
662 1554 771 1583 Nicaeno
795 1554 913 1582 secundo

124 1603 150 1630 p.
180 1595 229 1622 I59
245 1596 420 1630 subscripsit.
448 1598 583 1624 Bassonas
609 1598 682 1625 enim
704 1598 753 1632 τῆς
773 1597 845 1629 Νέας
863 1597 912 1624 πό-

124 1636 193 1669 λεως
209 1636 373 1666 Chalcedon.
387 1638 483 1666 concil.
501 1647 527 1674 p.
543 1639 589 1672 99,
603 1647 682 1674 quem
710 1640 771 1667 huic
789 1641 848 1667 urbi
865 1641 914 1667 im-

127 1679 215 1712 posuit
232 1678 345 1707 Carolus
359 1687 373 1705 a
387 1679 416 1706 S.
432 1679 527 1712 Paulo,
542 1679 650 1708 Pisidia:
664 1681 784 1717 ejusdem
797 1681 914 1709 nominis

126 1721 200 1747 nubis
220 1721 315 1755 praesul
329 1720 390 1753 fuit,
404 1727 432 1748 ut
446 1728 508 1760 ante
521 1722 645 1749 diximus.

161 1761 226 1788 Ibid.
261 1761 420 1796 Ύλιίρημα.
439 1762 577 1798 Stephano
608 1763 760 1801 ’Υλλάριμα
778 1764 914 1799 πολίχνιον

126 1803 232 1837 Καρίας
263 1802 363 1838 ὕπερθε
390 1804 609 1839 Στρατονικείας,
634 1806 862 1839 quemadmodttm
882 1813 913 1833 ea

126 1845 205 1870 Verba
223 1843 256 1871 Is.
277 1843 385 1871 Vossius
399 1845 432 1871 ad
450 1844 546 1871 Melum
563 1853 583 1877 I,
603 1845 642 1872 ~16
656 1846 783 1873 correxit.
806 1846 914 1881 ’Υλάρι-

128 1893 165 1919 μα
177 1885 352 1912 conciliorum
375 1885 441 1912 Acta
456 1886 580 1920 probant,
596 1891 625 1914 ut
650 1887 782 1922 Georgius
810 1887 914 1919 πόλεως

133 1926 288 1961 Ὺλαρίμων
302 1926 436 1961 ἐπαρχίας
448 1927 554 1962 Καρίας
570 1927 711 1956 Constant.
733 1929 812 1955 tertio
824 1936 850 1963 p.
862 1928 914 1956 675

127 1974 152 1995 et
173 1968 317 1996 AIItIIimus
335 1969 477 2004 episcopus
503 1969 607 2001 πόλεως
640 1970 796 2006 ’Υλαρίμων
811 1971 911 1998 Νἱρωιι.

129 2010 246 2050 secundo
259 2017 284 2045 p.
302 2010 345 2037 52.
359 2010 409 2043 Qui
423 2011 552 2046 praesules
566 2012 647 2040 etiam
661 2012 732 2039 haud
747 2012 828 2039 dubie
841 2012 914 2049 indli-

129 2056 285 2087 gnarentur,
300 2051 322 2079 si
341 2052 442 2079 nullum
461 2053 512 2080 sibi
537 2053 563 2080 in
591 2053 759 2089 Gcographia
777 2053 860 2082 Sacra
876 2053 915 2082 Io-

127 2102 159 2120 t-u
172 2103 186 2119 ιι
204 2094 325 2121 viderent
343 2094 479 2122 relictum.

164 2135 230 2161 Ibid.
244 2135 414 2170 Ἀντιόχεια.
431 2136 598 2164 Sozomenus
612 2137 648 2165 11.
669 2136 703 2165 E.
723 2139 799 2170 vu,2
812 2137 916 2165 Ἀντιᾶ-

129 2187 201 2213 χειαν
218 2178 267 2214 τῆς
295 2179 400 2213 Καρίας
423 2183 519 2212 vocat,
537 2179 656 2215 Phlegon
682 2179 743 2209 Rer.
773 2180 871 2207 Mirab.
888 2188 914 2208 vt

127 2217 291 2255 Ἀντιόχειαν
305 2219 354 2256 τὴν
371 2220 437 2255 πρὸς
451 2220 598 2257 Μαιάνδρῳ
611 2221 726 2258 ποταμῷ
742 2230 748 2248 :
765 2223 828 2250 huic
842 2223 913 2250 enim

129 2263 191 2289 urbs
202 2262 346 2293 aSslllt‘bIIl,
368 2262 483 2289 mirandi
500 2263 590 2297 operis
608 2268 690 2298 ponte
704 2263 817 2298 juncto;
835 2271 914 2297 quem

130 2304 223 2330 horqu
249 2303 408 2338 Ἀντιοχέων
424 2311 521 2331 nunIus
537 2303 571 2332 ob
589 2303 682 2332 oculos
696 2305 771 2339 ponit
787 2305 813 2332 in
832 2303 914 2331 Thes.

128 2344 228 2384 BIitan'.
243 2349 308 2384 t_om.
327 2344 381 2378 ll,p
404 2343 466 2371 269.

161 2379 226 2413 ΙὺίιΙξ
247 2379 427 2420 Ἆφροδισία.
447 2385 606 2422 Metropolin
624 2386 707 2415 fuisse
723 2387 811 2416 Caria:
828 2390 913 2426 impe-

130 2434 204 2454 rator
230 2427 286 2455 Leo
313 2429 448 2463 signiﬁcat
479 2429 505 2456 iu
539 2429 653 2463 cpistola
684 2434 747 2457 tom.
786 2431 820 2458 IX
850 2441 914 2461 con.

129 2470 171 2497 cil.
198 2469 294 2497 Labbei
323 2478 350 2505 p.
374 2470 436 2502 267,
465 2476 492 2498 et
512 2471 677 2498 Chalcedon.
703 2473 913 2507 concil.p.656.

134 2510 162 2537 'Il
176 2511 253 2542 πόλις
262 2511 310 2546 τῆς
321 2512 481 2547 Ἀφροδίτης
495 2513 636 2540 Damascio
648 2513 747 2540 dicitur
762 2515 831 2548 apud
852 2515 914 2542 Sui-

130 2554 186 2580 dain
209 2554 233 2579 in
246 2553 470 2588 ’Λσκληπιόδοτος
487 2562 494 2581 :
509 2562 570 2581 natn
586 2560 705 2581 nostram
717 2562 778 2582 esse
789 2555 914 2585 dubitare

131 2598 199 2621 v--t:u
218 2594 330 2621 Photius
355 2595 414 2621 cod.
433 2594 486 2621 242
515 2602 541 2629 p.
560 2595 640 2628 I050,
664 2603 680 2623 e
701 2603 755 2630 quo
783 2603 914 2632 praeterea

129 2634 257 2663 discimus
270 2636 340 2663 haud
365 2636 479 2663 multum
492 2636 612 2664 abfuisse
632 2645 647 2664 a
674 2637 810 2667 Μαιδιιύιο
821 2639 913 2668 ﬂuvio.

130 2677 201 2704 Adde
216 2677 346 2712 Stcpnan.
365 2677 450 2712 Νινόη
466 2683 493 2705 et
508 2678 620 2714 Μεγάλη
638 2678 723 2712 πόλις.

163 2718 229 2746 Ibid.
248 2719 425 2752 Ἡρακλείας
440 2719 651 2753 Ἀλαϐοκόνος.
668 2720 713 2748 Sic
724 2729 775 2749 ms.
788 2721 913 2756 Furtim,

131 2767 178 2787 nec
192 2760 251 2787 sine
267 2760 332 2787 vitio
357 2765 471 2793 tamen;
498 2761 569 2794 quod
589 2761 635 2795 qui
662 2761 718 2789 tolli
743 2762 850 2795 debeat,
874 2764 916 2791 di-

132 2801 311 2829 scordantium
327 2802 468 2836 opiniones
487 2801 552 2830 satis
567 2802 677 2830 dubium
704 2803 836 2831 fecerunt.
851 2804 914 2832 Ilol-

131 2843 236 2876 Sicinio,
266 2845 394 2879 quoniam
409 2844 547 2879 Stephano
562 2844 751 2872 IIcraclearum
768 2846 913 2874 undevice-

132 2883 197 2914 sima
228 2890 270 2914 est
303 2885 407 2923 Καρίας
435 2887 452 2922 ἡ
485 2886 621 2923 λεγομένη
653 2886 799 2923 ’Λλμάκιος
821 2888 944 2933 μεσόχ-

563 171 758 201 COMMENT.
781 171 820 200 ΙΝ
842 170 1049 203 HIEROCLIS
1069 171 1344 202 SYNECDEMUM.

1683 168 1752 202 1142

959 234 1042 260 γειος.
1050 232 1076 254 et
1090 226 1124 254 ab
1134 225 1390 261 ει)ι16ιιι’Σαλμακὶς
1402 225 1466 253 urbs
1478 225 1565 254 Caria:
1579 229 1751 259 recensetur,

965 268 1113 304 Ἡρακλεία
1141 269 1282 304 Σαλμακὶς
1307 276 1371 296 vero
1388 268 1498 296 nomine
1524 267 1610 294 fuisse
1633 267 1757 300 videturF

961 311 1111 344 praesertim
1135 318 1195 338 cum
1215 310 1249 338 ab
1277 311 1395 342 Arriano
1424 310 1546 344 neglecta
1568 316 1621 336 non
1635 309 1681 336 sit.
1703 309 1752 337 Cui

961 352 1102 384 accedere,
1119 352 1226 380 etiamsi
1244 351 1392 379 Menander
1417 352 1561 386 episcopus
1577 350 1696 385 opinioni
1712 350 1752 377 la-

961 401 1025 420 vere
1038 394 1151 426 videtur,
1166 402 1225 421 cum
1238 394 1384 429 Σαλμάκης
1404 393 1569 428 Ἡρακλείας
1585 393 1751 420 Chalcedon.

961 435 1058 462 concil.
1081 444 1106 469 ι),
1124 436 1176 463 667
1187 435 1296 468 dicitur,
1310 443 1362 463 non
1377 443 1497 470 possum.
1515 435 1639 469 Agnosco
1656 435 1757 461 urbem

963 477 1113 504 Salmacida
1127 486 1185 506 esse
1202 478 1229 505 in
1248 478 1398 512 Stephano,
1415 478 1461 505 sed
1489 477 1647 505 Heracleam
1667 476 1751 504 fuisse

963 526 1041 546 nemo
1059 519 1137 547 dixit.
1154 520 1191 547 De
1204 519 1320 546 Arriano
1335 519 1388 546 alia
1404 526 1447 546 res
1462 523 1514 550 est,
1529 519 1574 554 qui
1592 519 1751 554 Σαλμακίδα

962 561 1070 595 quidem
1087 567 1219 588 memorat
1236 560 1339 595 Exped.
1353 561 1483 588 Alexand.
1502 561 1515 587 1
1536 568 1562 595 p.
1578 560 1622 593 26,
1638 564 1665 586 at
1680 560 1752 587 llali-

963 603 1083 629 caruassi
1099 609 1190 629 arcem
1206 610 1213 634 ;
1242 602 1314 630 unde
1338 601 1496 629 Heracleam
1514 602 1585 629 hanc
1603 609 1664 629 esse
1680 602 1750 628 haud

963 650 1041 678 posse
1060 643 1259 678 apertissimum
1280 648 1338 671 est.
1363 643 1495 670 Prmterea
1528 643 1586 670 haec
1603 642 1751 671 Heraclea.

965 684 1102 718 Stephano
1119 689 1199 718 teste,
1221 684 1271 712 fuit
1295 684 1492 712 mediterranea
1514 692 1521 717 ;
1541 684 1704 718 cujusmodi,
1730 684 1752 710 si

963 730 1073 761 propter
1089 726 1224 754 S-Ilmacin
1238 727 1337 754 fontem
1345 726 1528 754 Halicarnassi
1544 726 1692 762 positafuit
1706 747 1713 758 ,
1726 731 1756 753 ut

964 767 1006 794 vir
1025 767 1148 801 egregius
1168 768 1327 799 arbitratur.
1347 768 1436 796 minus
1462 771 1536 796 recte
1563 768 1754 803 appellabitur,

964 809 1034 843 quod
1051 809 1256 836 Halicarnassus
1267 809 1334 836 mari
1351 816 1418 843 pene
1433 815 1506 837 esset
1527 809 1655 836 incincta.
1671 809 1756 844 Ergo-

965 858 998 877 ne
1018 859 1078 878 CIIIII
1102 851 1224 878 Berkelio
1241 851 1268 878 in
1284 851 1423 886 Stephano
1440 851 1656 886 amplexabimur
1671 852 1687 886 ἡ
1710 853 1754 878 λε-

965 893 1068 928 γομένη
1100 893 1235 928 Ἀλκμᾶνι
1272 893 1408 928 Λάτμοςε
1437 893 1566 928 Equidem
1596 893 1754 921 Heracleam

964 937 1090 964 Latmum
1107 935 1193 962 Caria:
1206 935 1320 962 urbibus
1334 935 1422 962 libens
1437 935 1615 967 asseruerim,
1632 943 1681 962 nec
1694 943 1756 969 pro.

965 979 1064 1005 bavcro
1089 981 1178 1004 tamen
1204 977 1254 1004 viri
1277 976 1482 1008 conﬁdentiam,
1507 985 1558 1012 qua
1588 977 1754 1012 conjectura,

965 1027 1051 1053 eaque
1079 1018 1269 1049 incertissima,
1296 1018 1426 1053 Stephani
1445 1019 1561 1046 orationi
1588 1018 1756 1053 inculcatur;

965 1069 999 1088 ne
1012 1068 1082 1087 nunc
1098 1061 1194 1087 addam
1212 1060 1357 1092 plurimum
1372 1067 1404 1087 ea
1418 1061 1587 1088 correctione
1603 1067 1616 1086 a
1634 1060 1756 1094 vestigiis

966 1109 1031 1128 mss.
1047 1102 1147 1129 recedi.
1168 1101 1236 1134 Quid
1252 1101 1360 1135 itaque?
1374 1101 1459 1129 dices.
1483 1101 1575 1128 Putem
1589 1102 1606 1136 ὴ
1620 1100 1755 1136 λεγομένη

972 1143 1114 1174 ’Λλϐάκιος
1125 1151 1139 1170 a
1152 1144 1284 1177 scriptore
1295 1143 1412 1173 venisse.
1422 1144 1598 1176 eamdemque
1608 1150 1668 1169 esse
1680 1150 1754 1177 pror—

965 1193 1013 1213 sus
1021 1193 1080 1220 qua:
1096 1185 1241 1213 Ptolemaeo
1251 1185 1277 1212 in
1290 1185 1370 1212 Caria
1387 1185 1537 1220 Ἡράκλεια
1555 1185 1623 1220 πρδς
1633 1184 1755 1219 Ἀλόέινῳ

965 1235 1014 1262 pro
1036 1227 1161 1262 Ἀλὸάκῳ
1177 1227 1337 1261 appellatur.
1355 1227 1486 1254 Auctores
1499 1227 1585 1254 habeo
1600 1227 1712 1254 Suidam
1728 1227 1757 1253 in

966 1269 1159 1304 Διογενειανός,
1175 1269 1218 1296 ubi
1237 1269 1250 1295 ὁ
1264 1269 1296 1295 ἐκ
1311 1269 1359 1304 τῆς
1376 1268 1509 1303 Ἀλὸάκης
1528 1268 1691 1304 Ἡρακλείας
1705 1268 1757 1302 τῆς

965 1312 995 1338 ὲν
1009 1311 1100 1347 Καρίᾳ.
1121 1310 1234 1346 Ἰατρός,
1252 1315 1279 1338 et
1304 1315 1410 1338 veteres
1438 1309 1568 1344 Notitias,
1594 1318 1655 1345 qua:
1671 1310 1756 1345 Ἦρα-

965 1353 1058 1385 κλείοις
1074 1352 1234 1387 Συαλῦάκης
1249 1358 1275 1379 et
1293 1352 1436 1387 Σαλϐάκης
1451 1359 1523 1387 saepe
1551 1353 1732 1379 mcmincruut
1747 1360 1755 1383 ;

965 1395 1032 1422 Acta
1051 1401 1161 1429 quoque
1180 1393 1288 1421 cont-itii
1306 1393 1553 1425 Chalcedonensis,
1579 1394 1677 1428 quibus
1699 1393 1756 1421 Me-

967 1437 1070 1465 nander
1108 1435 1270 1471 Ἡρακλείας
1299 1435 1443 1470 Σαλϐἀκης
1459 1435 1566 1470 Καρίας
1581 1444 1607 1471 p.
1626 1435 1675 1463 581
1697 1435 1757 1463 sub—

966 1478 1070 1506 scribit.
1087 1478 1144 1505 Non
1157 1477 1289 1505 dillitebor
1303 1484 1364 1505 eum
1380 1477 1527 1513 Σαλμάκης
1544 1486 1570 1513 p.
1588 1477 1639 1505 667
1651 1486 1756 1506 nuncu-

965 1520 1047 1555 pari;
1073 1519 1144 1553 quod
1168 1527 1229 1547 eum
1256 1526 1288 1546 ex
1310 1519 1395 1554 priori
1430 1519 1557 1546 facillime
1577 1520 1650 1546 nasci
1677 1527 1756 1554 posse

966 1565 1082 1592 constet,
1096 1560 1162 1588 nihil
1178 1560 1301 1593 nocebit;
1322 1564 1450 1595 tantoque
1468 1560 1567 1592 minus,
1584 1560 1646 1595 fluia
1662 1560 1757 1588 SallIa-

967 1609 1015 1630 t‘en
1034 1607 1111 1629 I‘ctus
1125 1602 1259 1637 interpres
1274 1601 1373 1628 ibidem
1396 1601 1469 1637 legit.
1487 1601 1579 1637 Itaque
1590 1601 1684 1629 eadem
1703 1602 1757 1629 lle-

967 1643 1055 1670 raclea
1069 1643 1222 1676 Ἀλὸάκιος,
1242 1643 1364 1678 Ἀλόάκη
1376 1648 1403 1670 et
1419 1643 1546 1678 Σαλὸάκη
1563 1643 1636 1671 dicta
1651 1644 1757 1670 videtur

967 1685 1001 1710 ab
1015 1684 1115 1711 Alhaco
1130 1684 1265 1711 Ptolemth
1283 1684 1340 1712 sive
1356 1689 1448 1712 monte
1463 1692 1510 1712 seu
1525 1685 1651 1712 ﬂumine:
1669 1693 1757 1720 neque

966 1726 1040 1752 eIIinI
1057 1731 1158 1752 temere
1170 1725 1315 1752 linivcrim.
1340 1726 1396 1753 Nec
1420 1733 1582 1760 quemquam
1605 1727 1757 1756 morabitur

968 1767 1081 1793 sibilans
1093 1766 1180 1793 littera
1194 1766 1268 1794 urbis
1279 1767 1433 1801 cognomini
1446 1768 1524 1794 modo
1537 1774 1659 1794 connexa
1677 1768 1756 1794 modo

968 1807 1138 1839 detruncata,
1161 1808 1182 1834 si
1199 1807 1352 1835 meminerit
1365 1815 1423 1842 quae
1434 1808 1467 1835 ad
1482 1808 1583 1836 Anton.
1598 1808 1659 1835 Itin.
1669 1809 1756 1842 p.206

968 1854 995 1876 et
1008 1849 1060 1876 479
1075 1849 1207 1882 disputata
1223 1849 1343 1876 luerunt.

1004 1890 1070 1918 Ibid.
1102 1889 1199 1917 Τάϐαι.
1220 1889 1266 1917 Sic
1283 1890 1367 1917 codex
1388 1889 1579 1925 Lugdunensis
1599 1895 1628 1917 ct
1640 1890 1755 1926 Stepha-

969 1939 1029 1959 nus.
1050 1931 1164 1958 Basilius
1189 1931 1286 1957 Ταϐών
1299 1936 1340 1958 est
1358 1931 1383 1958 in
1406 1931 1515 1958 Nicaeno
1541 1932 1659 1958 secundo
1678 1940 1704 1966 p.
1722 1933 1771 1959 5*}

969 1972 1070 1999 Numos
1089 1971 1219 2007 Ταὸηνῶν
1234 1972 1309 2000 dabit
1322 1972 1398 1999 Thes.
1417 1972 1520 1999 Britan.
1534 1978 1599 1999 tom.
1615 1980 1633 1999 II
1655 1980 1681 2007 p.
1694 1973 1767 2001 l50..

1005 2015 1072 2042 Ibid.
1086 2014 1301 2047 Ἀπολλωνίας.
1311 2014 1400 2042 Credo
1411 2021 1463 2041 non
1473 2015 1553 2042 aliam
1566 2021 1626 2042 esse
1635 2022 1668 2042 ac
1679 2015 1758 2049 Apol-

969 2056 1067 2084 loniam
1080 2056 1112 2083 ad
1127 2055 1304 2088 Lambanum,
1326 2055 1507 2087 Ἀπολλωνίας
1522 2055 1591 2091 πρὸς
1605 2056 1755 2092 Λαμϐάνῳ,

969 2106 1018 2133 pro
1035 2105 1088 2132 quo
1105 2097 1228 2132 Ἀλὸάκῳ
1242 2097 1331 2124 malim
1348 2106 1355 2124 τ
1377 2102 1449 2124 certe
1468 2097 1589 2133 Ἀλὸάνῳ
1603 2103 1643 2125 est
1661 2097 1687 2124 in
1704 2106 1755 2126 ms.

968 2139 1144 2171 Coisliniano,
1168 2139 1194 2166 in
1211 2146 1263 2173 quo
1275 2139 1297 2166 si
1309 2144 1336 2165 et
1352 2139 1536 2170 Ἀπολλωνίας
1558 2140 1667 2172 inesset,
1685 2141 1757 2174 quod

970 2180 1035 2207 mihi
1066 2179 1237 2207 verissimum
1258 2180 1383 2212 videtur,
1414 2179 1483 2206 bene
1511 2181 1601 2207 omnia
1614 2180 1756 2208 haberent.

969 2221 1146 2256 Tynchanius
1160 2221 1264 2253 πόλεως
1281 2221 1494 2254 ’Λπολλωνιάδος
1508 2221 1596 2249 Cariae
1611 2222 1757 2257 provincia:

969 2263 1055 2290 estin
1079 2262 1296 2290 Chalcedonensi
1317 2270 1394 2289 conc.
1418 2270 1444 2297 p.
1472 2262 1534 2290 667.
1566 2263 1756 2297 Sebastopolin

969 2305 997 2332 in
1013 2305 1104 2337 Caria,
1127 2305 1178 2332 nisi
1201 2304 1289 2337 l'allor,
1307 2304 1483 2339 Theophanes
1494 2305 1645 2340 Chronogr.
1664 2314 1690 2340 p.
1705 2305 1762 2332 503.

970 2348 1002 2374 ad
1023 2354 1098 2378 mare
1112 2346 1204 2374 habet.

1005 2388 1072 2416 Ibid.
1099 2389 1208 2421 Ἴασος.
1227 2388 1273 2416 Sic
1289 2393 1316 2416 et
1330 2389 1532 2422 Archestratus,
1546 2388 1618 2424 quod
1632 2387 1758 2416 Ilolstei—

970 2432 1042 2457 nium
1061 2438 1113 2456 non
1126 2430 1204 2464 fugit,
1214 2431 1284 2464 apud
1293 2430 1451 2458 Athenaeum
1468 2431 1651 2465 Deipuosoph.
1663 2429 1755 2462 III,25:

971 2473 1022 2498 Ἢν
1036 2471 1064 2498 δέ
1073 2472 1131 2498 ποτ’
1142 2472 1181 2503 εἰς
1190 2471 1281 2499 Ἴασον
1289 2472 1389 2508 Καρῶν
1398 2473 1474 2500 πόλιν
1481 2473 1651 2508 εἰσαφίκηαι.
1660 2473 1757 2500 Caetct'i

971 2514 1078 2539 Ἲασσον
1094 2513 1208 2545 malunt,
1228 2521 1310 2548 quam
1335 2515 1361 2541 in
1377 2514 1463 2541 insula
1490 2514 1610 2549 ejusdem
1639 2514 1756 2540 nominis

969 2555 1084 2590 pthilalll
1111 2555 1229 2582 ostendit
1243 2555 1340 2583 Strabo
1355 2563 1399 2582 λιν
1416 2564 1442 2590 p.
1473 2555 1535 2583 658.
1565 2555 1756 2582 Diodorusxnt

968 2604 994 2632 p.
1011 2596 1064 2623 225
1089 2596 1175 2624 Θάσον
1192 2596 1241 2631 τῆς
1262 2597 1368 2632 Καρίας
1385 2597 1474 2630 habet,
1499 2605 1579 2632 quam
1606 2596 1757 2624 Palmerius

970 2639 1078 2665 Ἰασσον
1095 2638 1168 2670 lacit,
1185 2638 1316 2672 probabili
1343 2638 1498 2673 conjectura
1515 2647 1523 2666 :
1541 2637 1689 2673 Xenophon
1714 2644 1756 2666 ta-

969 2688 1031 2708 men
1044 2680 1167 2707 eamdem
1184 2687 1240 2707 rem
1251 2679 1448 2707 describensll.
1458 2680 1490 2708 G.
1505 2681 1521 2708 Ξ
1532 2688 1559 2715 p.
1573 2681 1624 2708 555
1639 2681 1756 2709 Cedreas

969 2722 1002 2750 ad
1028 2721 1188 2750 Cerameum
1211 2721 1300 2749 sinum
1324 2729 1339 2748 a
1356 2721 1498 2757 Lysandro
1522 2727 1668 2757 occupatas
1685 2722 1756 2750 atlir‘

970 2767 1036 2791 litat.

1005 2805 1072 2831 Ibid.
1098 2802 1227 2839 Ἐρεζος.
1244 2803 1353 2832 Notitize
1368 2804 1557 2832 ecclesiastica:
1574 2805 1673 2840 Ἕριζα
1693 2812 1755 2839 pro-

968 2847 1044 2879 bant,
1065 2847 1135 2874 unde
1150 2847 1245 2881 Papias
1277 2846 1391 2881 Ἐρὶζων
1417 2847 1442 2874 in
1459 2847 1622 2875 Chalcidou.
1642 2855 1668 2882 p.
1691 2847 1753 2874 599.

971 2887 1037 2916 Vide
1052 2887 1100 2916 CII.
1120 2888 1217 2917 Ccllar.
1244 2888 1276 2917 G.
1298 2889 1331 2917 A.
1345 2889 1380 2926 ᾗ,
1394 2889 1409 2915 ,1
1427 2897 1453 2924 p.
1475 2888 1533 2920 I64.
1547 2889 1755 2923 lliatcianupoli:
