1911 3071
151 137 220 169 2H3

149 203 203 230 quo
218 195 281 224 olim
295 204 403 224 nomine
415 197 506 230 inierit,
522 205 583 225 eum
603 199 721 227 nondum
734 200 798 228 mihi
808 208 856 235 pro
867 208 937 230 com-

149 241 226 272 perto
243 237 288 271 sit,
305 238 339 265 de
355 238 408 265 situ
435 239 574 274 quidpiam
592 240 672 268 linire
684 241 777 269 nolitn.
804 241 876 269 idem
904 245 937 270 de

148 279 359 314 Anastasiopoli,
371 280 447 314 cujus
467 281 567 317 aliqua,
584 286 613 310 ut
627 289 642 310 e
663 281 762 311 Carolo
776 290 791 310 a
805 283 834 310 S.
853 283 938 311 Paulo

147 320 264 354 videbis,
286 321 312 349 in
326 322 505 350 conciliorum
525 323 599 350 Actis
625 324 753 352 memoria
768 329 821 358 est,
834 324 936 352 dictum

148 367 219 390 esto.

183 425 241 454 Col.
258 426 320 455 149.
337 426 418 462 χώρα
425 427 612 463 “amatoria.
626 427 715 456 Credo
726 428 860 464 regionem
872 428 938 456 indi-

149 469 206 497 cari
219 476 278 504 quae
290 469 421 504 principis
436 470 600 505 patrimonio
612 471 843 498 eratcontributa.
857 470 936 498 Coni-

152 510 310 538 modissime
326 515 416 539 autem
432 512 633 548 Anastasiopoli
648 512 783 547 jungitur,
800 512 935 545 siquidem

148 552 186 578 rci
196 552 453 587 anctorlperhibetur
460 552 524 588 imp.
533 553 694 581 Anastasius
703 553 728 580 in
739 551 937 580 Gloss.Nomir.

151 593 378 628 Πατριμονιάλια,
392 594 442 621 ὅσα
452 595 568 627 ἕκαστος
584 594 709 630 βασιλεὺς
727 594 820 629 ἐαυτῷ
837 595 938 622 κτᾶται

148 633 203 661 ἀπὸ
225 634 272 661 τοῦ
294 635 425 670 βασιλέως
440 635 629 663 ’Δναστασίοω
657 636 743 667 Αὐτὸς
762 635 817 671 γάρ
828 636 900 663 ἐστιν
921 638 936 663 ὁ

148 676 269 712 ἐξευρὼν
283 676 331 703 καὶ
346 676 395 712 τὴν
407 678 593 713 προεηγορὶαν
609 678 712 713 ταύτην
726 678 773 705 καὶ
785 678 835 712 τὴν
849 678 937 714 ἀρχὴν

148 717 196 744 τοῦ
214 718 334 753 κόμητος
342 718 389 745 τοῦ
400 719 588 754 πατριμονίου.
606 720 670 753 Qua
683 726 771 748 tamen
787 727 821 747 an
838 720 865 748 in
878 728 937 747 om-

149 759 228 786 nibus
243 760 319 787 bouae
337 760 398 787 lidei
415 761 478 791 sint.
497 761 556 788 sine
570 761 684 789 crimine
699 761 815 789 dubitari
826 766 913 796 potest
928 769 935 788 :

149 808 211 827 nam
229 809 290 827 cum
304 801 393 828 coloni
410 802 614 835 patrimoniales
626 803 670 830 diu
690 807 751 830 ante
762 803 935 830 Anastasinm

149 843 353 876 imperatorem,
366 849 395 870 ut
414 843 433 871 Ι.
450 844 462 870 l
488 848 515 871 et
532 844 549 870 2
565 852 593 872 c.
605 845 637 872 de
652 843 767 879 Fugitiv.
794 849 822 872 et
839 843 935 871 Colon.

148 885 288 918 docemur,
306 885 406 913 fuerint
429 887 484 914 noli
499 891 526 914 et
549 895 564 914 ει
579 883 751 923 patrimonio
775 895 872 915 nomen
888 888 936 914 ha-

148 928 247 959 beant,
267 928 379 954 omnino
406 935 449 955 res
471 929 527 962 ipsa
546 929 688 957 Anastasio
710 930 817 957 videtur
839 929 935 963 prior.

147 970 236 1003 Atque
249 969 276 996 in
293 969 336 996 his
367 976 401 997 ne
419 971 606 1004 ambigamus,
627 971 812 1006 possessiones
833 970 936 997 iaciunt

148 1010 352 1042 patrimoniales
363 1018 411 1046 per
425 1012 553 1040 Asianam
567 1018 594 1040 et
608 1012 746 1040 Ponticam
762 1012 891 1040 direcesin
910 1017 937 1038 et

149 1052 223 1079 fundi
237 1052 442 1087 patrimoniales
457 1061 505 1089 per
531 1053 754 1089 Mesopotamiam
766 1058 794 1081 et
815 1053 936 1081 Osdroe-

148 1101 211 1121 nam
227 1094 392 1128 provincias,
403 1103 518 1130 quorum
540 1096 720 1131 imperatores
736 1095 868 1124 Arcadius
883 1095 935 1124 Va-

148 1135 314 1163 lentinianus
330 1140 357 1164 et
371 1135 539 1165 Theodosius
554 1137 581 1165 in
597 1138 624 1165 l.
649 1138 666 1166 6
684 1142 711 1166 et
724 1137 740 1165 8
760 1145 785 1165 c.
801 1137 834 1165 de
848 1135 935 1165 Fund.

148 1175 298 1205 I‘atrimon.
313 1178 506 1212 meminerunt,
521 1183 548 1206 et
572 1178 685 1207 Sacrum
701 1178 893 1215 patrimonium
909 1179 935 1206 l.

149 1219 184 1246 13
199 1219 232 1247 de
254 1218 402 1255 Vectigal.;
417 1221 489 1255 quod
501 1221 636 1254 ultimum,
654 1221 759 1249 tametsi
775 1220 825 1248 Th.
839 1220 936 1249 Reine-

149 1261 205 1288 sius
217 1260 286 1296 App.
302 1260 426 1296 Inscripl.
440 1261 490 1290 XX
505 1262 542 1290 ita
554 1263 707 1296 censuerit,
725 1263 850 1290 comitem
866 1262 935 1290 sacri

149 1303 306 1337 patrimonii
322 1304 461 1339 requirere
475 1304 572 1333 merito
589 1305 743 1337 addubites,
758 1305 936 1340 eumdemque

149 1344 217 1372 adeo
229 1345 373 1372 Anastasio
393 1346 508 1380 priorem
527 1351 554 1374 et
568 1347 618 1374 sub
637 1346 781 1375 Theodosii
794 1351 822 1374 et
839 1346 937 1375 Valen-

151 1385 249 1413 tiniani
272 1386 426 1422 principatu
450 1387 505 1422 jam
529 1387 612 1416 fuisse
627 1394 719 1416 natum
738 1397 745 1416 :
765 1389 839 1417 nulla
863 1389 935 1424 enim

149 1427 207 1462 ejus
218 1428 244 1455 in
266 1427 369 1456 Notitia
388 1429 451 1464 imp.
468 1428 570 1458 Orient.
585 1449 594 1463 ,
613 1431 685 1465 quod
699 1431 794 1464 sciam,
810 1431 911 1459 mentio
927 1438 935 1464 ;

149 1478 178 1496 in
195 1477 250 1504 qua-
265 1470 317 1497 sub
344 1471 521 1506 dispositione
537 1472 644 1500 comitis
665 1479 753 1500 rerum
769 1472 935 1508 privatarum

148 1511 287 1545 praepositi
310 1519 422 1546 gregum
450 1517 478 1540 et
503 1513 670 1541 stabulorum
694 1519 937 1549 procuratoresque

149 1552 268 1580 saltuum
283 1553 380 1581 fundos
394 1553 598 1589 patrimoniales
619 1562 645 1583 c.
662 1555 696 1583 88
711 1560 817 1584 curant.
837 1555 937 1584 Fateor

149 1593 192 1621 Fl.
210 1587 570 1629 PeregrinumVSaturniu'm
594 1596 778 1624 moderantem
805 1597 935 1625 illustrem

149 1636 217 1663 sacri
245 1636 399 1671 patrimonii
422 1638 576 1666 comitivam
601 1645 661 1666 esse
689 1638 716 1666 in
733 1634 935 1674 veteri'lapide.

149 1677 262 1711 Largior
273 1679 356 1706 etiam
367 1678 492 1706 eumdem
508 1679 603 1712 videri,
623 1680 668 1715 qui
689 1687 781 1708 comes
795 1685 822 1708 et
837 1687 936 1716 procu-

141 1724 227 1750 ,rator
240 1720 266 1747 in
285 1719 306 1747 l.
325 1727 369 1748 xvt
381 1728 407 1748 c.
425 1720 478 1748 Th.
496 1721 530 1749 de
543 1720 610 1749 Bon.
628 1721 899 1757 Proscripl.Arcadio
908 1727 936 1750 et

148 1761 268 1789 llonorio
275 1762 441 1797 principibus
447 1762 553 1790 dicitur.
560 1763 634 1797 Atis,
644 1769 670 1791 ut
677 1763 742 1799 legis
750 1768 936 1798 argumentum

148 1804 260 1836 indicat,
279 1804 435 1838 patrimonii
450 1803 601 1833 Gildoniaci
618 1813 721 1838 eomes;
736 1813 816 1841 quem
832 1805 936 1833 Notitia

147 1846 212 1880 imp.
230 1845 322 1873 Occid.
336 1846 398 1874 (λάε
415 1851 548 1875 memorat
559 1868 567 1879 .
581 1852 608 1875 et
623 1853 784 1883 procurator
799 1847 860 1876 fuit.
876 1848 935 1876 lam

148 1888 220 1920 quod
237 1887 323 1914 forma
342 1887 423 1923 hujus
439 1889 572 1917 comitivaz
597 1890 634 1917 sit
655 1890 725 1924 apud
744 1890 934 1918 Cassiodorum

148 1937 192 1964 ep.
210 1937 248 1961 νι,
260 1929 287 1961 9,
307 1929 344 1962 id,
360 1935 390 1957 ut
407 1937 498 1959 comes
521 1931 676 1966 patrimonii
689 1937 751 1959 ante
761 1932 934 1960 Anastasium

148 1970 242 2002 fuerit.
257 1971 366 1999 efﬁcere
378 1979 430 1999 non
443 1973 553 2007 poterit,
563 1980 624 2000 cum
636 1973 671 2001 ab
685 1973 830 2002 Anastasio
843 1972 934 2009 Theo-

148 2012 259 2040 dorieus
269 2012 328 2046 ejus
342 2013 381 2040 rei
396 2014 549 2048 exemplum
565 2021 672 2042 sumere
692 2015 821 2049 potuerit.
835 2013 934 2042 Verum

148 2053 200 2082 hoc
228 2054 326 2082 obiter.
349 2054 414 2082 Mss.
428 2055 518 2090 χωρία
544 2056 719 2092 πατριμόνια,
744 2063 760 2084 e
787 2056 887 2092 quibus
911 2056 933 2084 sl

148 2096 363 2132 πατριμονιάλια
387 2096 570 2132 tormaveris,
599 2098 698 2127 fundos
732 2097 934 2134 patrimoniales

150 2138 273 2166 habebis.

182 2201 250 2229 ibid.
265 2201 388 2237 Kl6vpa.
406 2201 502 2238 Magna
516 2203 576 2230 haec
589 2207 631 2231 est
643 2203 753 2239 Cibyra,
766 2210 780 2231 a
798 2210 850 2239 qua
866 2211 933 2232 con-

146 2247 243 2272 ventus
259 2243 428 2279 Cibyraticus
447 2244 518 2279 apud
537 2244 653 2273 Plinium
669 2254 696 2278 v,
708 2245 753 2277 29,
771 2246 797 2272 in
810 2245 934 2281 Phrygiae

147 2285 288 2320 Caria-que
304 2285 403 2313 ﬁnibus
421 2287 519 2320 posita.
534 2294 583 2314 nec
594 2287 672 2322 longe
685 2286 719 2314 ab
732 2286 875 2314 Antiochia
900 2287 933 2314 ad

147 2326 313 2354 Maeandrum
328 2331 396 2354 teste
407 2327 540 2355 Strabone
555 2335 603 2355 sin
621 2335 647 2362 p.
669 2328 731 2356 650.
748 2328 839 2362 Itaque
853 2328 934 2356 falsus

146 2373 188 2395 est
204 2368 364 2396 scholiastes
380 2368 484 2396 lloratii
505 2368 677 2404 Croquianus
689 2369 714 2396 in
731 2369 781 2404 Ep.
800 2369 827 2402 1,
845 2369 872 2402 ϐ,
898 2370 934 2397 55

145 2410 268 2438 scribens
279 2409 393 2446 :jCibyra
407 2411 478 2438 vicus
488 2411 637 2438 maritimus
649 2411 675 2438 in
692 2410 875 2447 Paphlagonia
885 2416 934 2439 aut

145 2451 241 2487 Lydia.
257 2451 318 2479 Fuit
333 2452 442 2487 quidem
459 2452 542 2480 altera
558 2452 651 2480 eodem
666 2452 775 2480 nomine
788 2453 834 2480 sed
847 2453 934 2480 minor

145 2493 173 2520 in
196 2492 352 2529 Pamphylia
371 2494 440 2528 apud
456 2494 581 2522 eumdem
603 2493 763 2522 Strabonem
777 2502 821 2522 xtv
836 2494 933 2530 p.667,

145 2543 226 2569 quam
243 2535 265 2563 si
283 2535 434 2568 intellexit,
455 2543 576 2563 errorem
594 2543 728 2564 excusare
742 2544 850 2572 quoque
880 2545 933 2565 non

144 2577 254 2611 poterit.
274 2578 294 2605 Α
315 2578 420 2605 minore
445 2578 498 2605 hac
515 2577 614 2613 Cibyra
631 2577 732 2605 Thema
758 2578 935 2614 Cyhyrrlnco-

146 2625 235 2647 tarum
248 2619 393 2656 appellavit
405 2619 600 2647 Constantinus
616 2618 637 2647 1.
656 2628 664 2648 ι
685 2620 779 2648 Them.
795 2621 845 2652 ll;
862 2621 933 2656 quod

145 2668 206 2687 cum
236 2655 322 2696 patria
347 2661 484 2688 AnaSIasii
508 2661 703 2696 Thaumaturgi
730 2661 757 2689 in
785 2661 934 2697 Synasario

144 2702 299 2731 Divioncnsi
310 2703 422 2736 feratur,
431 2703 522 2739 χώρας
534 2703 583 2739 μὲν
594 2701 627 2740 ἦν
640 2704 865 2740 Κιὸυρῤαιωτῶν,
878 2712 935 2731 mc-

148 2745 202 2772 rito
229 2745 336 2773 mireris
362 2745 395 2773 D.
425 2745 621 2780 Papebrocium
647 2751 713 2774 tom.
730 2746 742 2774 l
762 2745 824 2774 Jun.
842 2747 934 2782 p.526

145 2786 307 2813 scribentem
318 2796 325 2814 :
339 2786 430 2814 Nihilo
446 2787 550 2820 facilius
561 2787 731 2822 explicuerint
742 2796 801 2823 qua:
811 2788 840 2815 S.
850 2788 933 2815 Allia-

147 2827 222 2853 mxsio
237 2828 340 2858 patria:
355 2828 653 2861 nuntKibyrr/tollarum
663 2829 690 2857 in
701 2829 784 2865 elogio
796 2831 933 2858 nominata

148 2869 219 2904 regio
235 2870 309 2899 nulla
320 2869 392 2899 nobis
404 2871 529 2906 innotuit,

676 142 868 175 ADDENDA.
886 156 920 161 -
936 145 968 176 Ρ,
986 144 1243 174 WESSELINGEI

1716 142 1806 175 ut:

1031 200 1100 229 ibid.
1124 202 1356 236 Κοκτημαλικαῐ.
1391 201 1452 228 Alio
1476 201 1521 229 tibi
1546 201 1726 236 conjectare,
1746 199 1806 237 qui

992 250 1085 269 verum
1097 243 1210 275 divinet,
1227 250 1295 277 opus
1305 248 1347 270 est
1361 251 1368 270 :
1387 250 1437 277 ego
1454 243 1520 269 nihil
1542 243 1606 270 hinc
1621 243 1758 276 expedio.

1028 283 1095 311 Ibid.
1106 284 1234 318 ἐπαρχία
1247 283 1397 317 Ποντικῆς
1408 283 1434 310 α’
1446 306 1452 311 .
1469 283 1514 311 Sic
1523 291 1603 316 niss.;
1619 292 1680 318 qua
1696 284 1803 311 lacera

992 333 1055 353 esse
1065 330 1185 360 apparet.
1199 325 1287 352 Credo
1294 326 1327 352 ab
1342 325 1475 352 llierorlis
1487 334 1569 353 manu
1582 327 1689 353 venisse
1699 327 1803 360 ἐπαρ-

992 366 1039 402 χία
1050 366 1184 401 Ποντικῆς
1196 367 1355 402 διοικήσεως
1365 370 1389 393 α’
1401 367 1524 399 Βιθυνία,
1539 368 1674 401 provincia
1694 367 1802 394 Ponti-

991 418 1028 436 ειιι
1041 410 1180 437 dicaturos
1196 411 1280 444 prima
1292 410 1426 446 Bithynia.
1437 410 1548 437 Orditur
1561 411 1799 438 liinedimreseos

991 450 1111 479 Ponticae
1126 452 1288 486 provincias,
1307 459 1376 486 quas
1391 451 1420 478 ll
1440 452 1533 483 fuisse,
1552 451 1714 487 Bithyniam,
1733 452 1799 479 llo-

993 493 1145 525 noriadem,
1162 492 1371 527 Paphlagoniam
1385 513 1393 525 ,
1412 492 1546 520 Galatiam
1563 493 1676 528 primam
1692 498 1722 520 et
1742 501 1795 520 se-

990 535 1119 567 cundam,
1129 534 1313 569 Cappadocias
1330 535 1406 567 duas,
1420 535 1530 562 totidem
1541 535 1693 567 Armenias,
1702 535 1797 562 Hele-

992 581 1138 611 nopontnm
1156 580 1184 603 et
1194 580 1305 610 pontum
1320 575 1551 609 Polemoniacum,
1566 584 1600 603 ex
1615 576 1704 604 Notit.
1716 577 1791 610 inp.

992 616 1041 644 0r.
1056 624 1081 645 c.
1092 617 1119 650 l,
1130 624 1189 651 qua:
1199 621 1226 645 et
1241 616 1394 653 Bithyniam
1408 617 1545 645 consulari
1559 617 1678 649 mandat,
1690 618 1794 653 explo-

992 663 1052 686 rate
1069 659 1205 686 novimus.

1027 700 1100 747 Ibid:
1124 700 1301 735 Χαλκηδών.
1320 700 1378 728 Etsi
1390 699 1494 747 primo"
1506 700 1566 747 loco
1593 700 1665 747 inter
1688 699 1793 747 Bithy-

992 740 1044 768 nia;
1059 740 1141 769 itrbes
1155 747 1271 776 ponatur
1285 746 1312 769 et
1335 742 1453 769 concilio
1475 741 1683 776 Constantinop.
1702 743 1792 769 tertio

992 789 1018 814 [ι.
1036 782 1089 809 495
1104 781 1220 823 Joannes
1233 783 1282 818 τῆς
1297 782 1493 818 Καλχηδονέων
1516 783 1712 818 μητροπόλεως
1729 783 1790 817 τῆς

991 825 1112 852 Βιθυνῶν
1131 827 1263 862 ιπαρχεας
1287 826 1451 859 subscribat,
1470 833 1525 854 non
1547 830 1638 853 tamen
1664 826 1718 853 nisi
1733 834 1791 853 no-

991 868 1064 896 mine
1091 873 1169 896 lenus
1186 869 1345 903 metropolis
1360 869 1420 900 fuit,
1443 869 1526 896 salvis
1550 868 1714 896 Nicomedia
1728 877 1791 898 suo

989 909 1051 943 jure
1074 913 1102 937 et
1116 910 1276 946 privilegiis,
1294 915 1323 937 ut
1350 911 1516 943 Marcianus,
1534 911 1577 938 cui
1603 911 1787 939 honorarium

991 953 1063 980 hunc
1095 953 1201 981 titulum
1226 954 1316 986 debet,
1333 954 1359 981 in
1379 953 1545 982 Chalcedon.
1572 961 1650 982 conc.
1671 963 1699 990 p.
1724 955 1782 982 68!

990 997 1091 1024 sciscit.
1115 997 1171 1032 Τὴν
1187 997 1380 1033 Καλχηδονέων
1404 998 1491 1031 πόλιν,
1507 998 1607 1032 inquit,
1631 999 1661 1024 ἐν
1730 999 1790 1033 τῆς

990 1040 1070 1075 ἁγίας
1097 1041 1214 1073 πίστεως
1239 1041 1348 1072 σύνοδος
1369 1041 1531 1076 διεκροτήθη
1546 1061 1553 1073 ,
1586 1041 1789 1077 μητροπόλεως

989 1084 1062 1120 ἔχειν
1075 1084 1212 1120 πρεσϐεῖα
1234 1083 1430 1119 ὲθέσπίσαμεν,
1453 1085 1565 1119 ὀνόματι
1583 1085 1656 1119 μόνῳ
1670 1085 1787 1119 ’ταύτην

991 1126 1168 1161 τιμήσει-ηις,
1192 1125 1348 1161 σωζομένου
1367 1125 1468 1161 δηλαδὴ
1485 1127 1519 1162 τῇ
1534 1126 1712 1161 Νικομηδέων
1724 1135 1787 1160 μη-

989 1167 1115 1202 τροπόλει
1127 1166 1175 1194 τοῦ
1192 1167 1257 1194 ἰδίου
1272 1167 1439 1203 ἀξιώματος.
1452 1167 1503 1200 Qui
1521 1175 1582 1194 cum
1617 1167 1783 1202 Καλχηδόνα

989 1209 1083 1236 urbem
1098 1209 1226 1244 appellat,
1247 1209 1317 1236 haud
1334 1209 1447 1236 multum
1471 1209 1547 1236 abest
1558 1216 1572 1235 a
1586 1207 1787 1244 Καλχαξονῑων

990 1250 1081 1278 numis
1095 1259 1102 1278 :
1121 1250 1185 1278 olim
1198 1250 1270 1278 enim
1287 1249 1440 1285 Καλχηδὼν
1458 1251 1675 1285 nuncupabatur.
1702 1249 1785 1283 Quod

990 1298 1088 1318 nomen
1105 1296 1188 1326 atque
1216 1290 1368 1327 Καρχηδὼν
1386 1299 1446 1319 cum
1463 1298 1531 1318 sono
1546 1298 1640 1326 parum
1666 1292 1786 1325 distent,

990 1333 1102 1368 praebita
1117 1340 1188 1367 sa'pe
1209 1332 1329 1360 librariis
1344 1337 1386 1360 est
1412 1332 1521 1360 occasio
1539 1333 1615 1360 urbis
1638 1333 1785 1366 utriusque

989 1374 1191 1406 confundendac,
1204 1374 1285 1402 veluti
1299 1382 1359 1401 cum
1371 1374 1489 1409 Apsyrlo
1502 1373 1635 1408 Hippiatr.
1645 1381 1669 1401 c.
1682 1382 1784 1407 uxr",

989 1424 1016 1451 p.
1036 1416 1088 1444 H5
1108 1416 1242 1449 tribuunt,
1259 1416 1306 1442 καὶ
1327 1415 1406 1442 τοῦτο
1427 1415 1456 1442 δὲ
1486 1416 1517 1441 ὲκ
1542 1415 1598 1442 τῶν
1616 1415 1784 1450 Γεωργικῶν

989 1458 1123 1492 Μάγωνος
1155 1457 1202 1484 τοῦ
1229 1457 1415 1492 Χαλκηδονίου
1446 1457 1559 1492 εὕρηται
1575 1478 1584 1489 ,
1610 1461 1637 1484 et
1661 1456 1784 1485 Hierocli

989 1507 1017 1534 p.
1043 1499 1094 1527 “6
1104 1498 1207 1533 Μάγων
1221 1499 1249 1526 δὲ
1264 1498 1466 1533 ὸΧαλκηδὸνιος
1488 1499 1516 1524 ὲν
1526 1499 1581 1530 τοῖς
1601 1498 1781 1534 Γεωργικοῖς.

990 1539 1084 1575 Neque
1099 1541 1172 1568 enim
1199 1540 1275 1576 Mago
1295 1539 1535 1572 Chalcedonensis,
1564 1539 1610 1567 sed
1635 1539 1782 1575 Carthagi-

990 1582 1091 1610 niensis
1113 1582 1174 1615 fuit,
1187 1582 1265 1617 cujus
1281 1582 1314 1609 de
1329 1581 1362 1608 Β.
1376 1581 1410 1608 R.
1427 1580 1522 1613 libros,
1538 1580 1640 1608 Punico
1653 1588 1781 1608 sermone

990 1623 1118 1658 scriptos,
1138 1623 1249 1651 Cassius
1266 1623 1408 1659 Dionysius
1431 1621 1567 1650 Uticensis
1578 1621 1670 1649 Greca
1687 1621 1779 1656 lingua

989 1665 1070 1692 vertit
1084 1665 1154 1701 apud
1173 1663 1321 1692 Varronem
1339 1664 1371 1691 ll.
1391 1663 1423 1690 Β.
1444 1672 1465 1697 ι,
1482 1664 1508 1691 l.
1530 1664 1618 1698 Atque
1635 1663 1704 1690 baud
1720 1663 1780 1691 scio

989 1714 1024 1733 an
1041 1706 1121 1740 hujus
1134 1706 1254 1741 Magonis
1270 1714 1366 1734 nomen
1383 1706 1408 1733 in
1430 1706 1471 1733 his
1483 1705 1612 1739 Stephani
1629 1705 1728 1732 lateat:
1747 1704 1780 1732 Ὀ

990 1748 1103 1783 πολίτης
1128 1748 1313 1783 Καρχηδόνιος
1329 1756 1337 1764 ⁸
1346 1746 1531 1783 Καρχηδόνιος
1545 1744 1579 1782 ἦν
1593 1746 1674 1781 σοφὸς
1690 1746 1779 1781 μέγας

989 1790 1037 1817 καὶ
1046 1789 1253 1825 Κλειτόμαχοςῤ
1265 1789 1422 1825 Διογνήτου.
1436 1788 1603 1816 Siclacerum
1614 1793 1677 1815 ante
1689 1788 1779 1814 locum

990 1831 1128 1865 Menagius
1143 1831 1169 1858 in
1182 1831 1326 1867 Diogenem
1337 1830 1427 1858 Laert.
1436 1838 1473 1862 tv,
1484 1829 1518 1856 6'l
1529 1834 1555 1856 ct
1567 1829 1613 1856 Bci
1621 1828 1705 1856 kclius
1713 1836 1780 1856 con-

989 1874 1146 1905 stituerunt,
1160 1877 1234 1901 recte
1246 1893 1253 1906 ,
1280 1873 1302 1900 si
1318 1873 1381 1908 quid
1392 1879 1443 1907 ego
1458 1871 1536 1899 video
1549 1880 1556 1905 ;
1575 1871 1621 1906 qui
1638 1871 1661 1898 si
1677 1876 1776 1906 praetc-

990 1923 1035 1943 rea
1051 1915 1133 1949 σοφὸς
1155 1915 1259 1949 Μάγων
1274 1914 1284 1950 (
1297 1923 1358 1941 natn
1374 1913 1488 1941 alterum
1503 1912 1642 1940 tolerabile
1660 1919 1711 1939 non
1723 1912 1777 1944 est)

989 1956 1182 1988 cori-exissent,
1195 1955 1282 1983 locum
1293 1963 1335 1982 me
1345 1955 1436 1990 judice
1451 1957 1651 1990 persanasseut.
1660 1951 1700 1980 Nc
1712 1961 1777 1980 vero

988 2005 1003 2025 a
1019 1997 1159 2032 proposito
1170 1996 1275 2032 longius
1288 1997 1457 2028 aberremus,
1474 1995 1544 2023 idem
1563 1995 1628 2022 mihi
1643 1995 1737 2022 vitium
1748 1995 1775 2021 in

990 2039 1031 2068 his
1050 2039 1193 2067 Strabonis
1207 2039 1314 2066 videtur
1324 2038 1471 2065 admissum
1489 2045 1551 2070 xui,
1569 2044 1596 2072 p.
1611 2036 1674 2070 609,
1689 2036 1732 2063 ubi
1742 2036 1776 2063 de

987 2081 1141 2109 Metrodoro
1152 2080 1276 2115 Scepsio,
1289 2079 1333 2107 διὰ
1357 2080 1386 2106 δὲ
1407 2079 1457 2115 τὴν
1470 2079 1549 2112 δόξαν
1570 2079 1599 2106 ὲν
1620 2077 1775 2114 Καρχηδόνι

988 2122 1078 2158 γάμου
1092 2121 1219 2157 λαμπροῦ
1235 2121 1318 2156 πένης
1328 2120 1367 2148 ὥν
1379 2121 1458 2156 ἔτυχε
1467 2121 1513 2148 καὶ
1519 2120 1687 2157 ἐχρημάτιζε
1698 2120 1775 2154 Καρο

987 2164 1122 2199 χηδόνιυς.
1146 2163 1183 2191 De
1203 2163 1367 2198 Carthagine
1387 2163 1459 2190 enim
1485 2170 1549 2189 vera
1565 2169 1617 2189 non
1636 2161 1772 2194 videntur,

988 2205 1120 2240 siquidem
1133 2204 1279 2232 Metrodori
1294 2209 1374 2232 aetate
1391 2204 1463 2231 nulla
1479 2203 1539 2237 fuit,
1560 2203 1662 2231 dudum
1676 2210 1691 2230 a
1712 2201 1773 2230 Sci-

988 2248 1067 2282 pione
1080 2246 1138 2275 solo
1151 2251 1266 2281 aequata.
1280 2246 1376 2274 Dicere
1387 2253 1481 2281 posses
1494 2245 1674 2273 Metrodorum
1687 2251 1770 2271 arvum

988 2289 1143 2316 extendisse
1160 2288 1316 2323 vixisseque
1332 2288 1419 2315 donec
1430 2295 1445 2314 a
1465 2287 1572 2315 Czsare
1587 2287 1652 2314 urbs
1670 2286 1772 2313 instau-

987 2336 1104 2362 raretur,
1126 2329 1293 2364 ex_Plinio,{a
1307 2328 1446 2362 Scaligero
1460 2328 1614 2359 emendato,
1627 2334 1722 2359 snvl,
1735 2327 1770 2354 ϐε

988 2372 1040 2400 Hic
1058 2380 1167 2407 namque
1178 2376 1217 2398 est
1233 2371 1372 2399 Mamurra
1387 2370 1486 2398 Catulli
1501 2369 1656 2397 Veronensis
1677 2369 1772 2396 carmi-

989 2414 1064 2441 nibus
1075 2413 1234 2447 promissus,
1250 2420 1327 2447 quem
1347 2412 1517 2439 Metrodorus
1533 2411 1656 2444 Scepsius
1673 2410 1771 2437 clarius

987 2463 1065 2491 quam
1080 2453 1200 2481 Catullus
1212 2453 1281 2480 dixit
1307 2454 1412 2485 habere,
1429 2453 1556 2488 quidquid
1573 2452 1704 2479 habuisset
1720 2451 1770 2478 Co-

987 2501 1061 2524 mata
1086 2495 1184 2523 Gallia.
1202 2495 1237 2523 At
1262 2495 1350 2523 obstat
1372 2495 1492 2526 'Strabo,
1517 2494 1563 2529 qui
1589 2493 1769 2522 Metrodorum

987 2538 1105 2566 nondmn
1120 2537 1193 2565 victo
1208 2536 1324 2572 Tigrane
1333 2535 1585 2570 Mithridatisjnssu
1603 2540 1769 2570 peremptum

988 2579 1120 2614 prodidit,
1137 2586 1186 2606 nec
1195 2578 1322 2606 dissentit
1347 2578 1507 2605 Plutarchus
1517 2578 1543 2605 in
1553 2577 1695 2611 Lucullop.
1710 2576 1770 2604 580.

987 2622 1080 2655 itaque
1091 2629 1151 2648 cum
1168 2620 1202 2648 ls.
1212 2621 1323 2648 Vossius
1333 2620 1359 2647 in
1372 2627 1438 2647 mss.
1450 2619 1581 2646 Plinianis
1595 2620 1628 2646 ad
1638 2618 1768 2646 Catullum

988 2672 1015 2699 p.
1029 2663 1059 2690 Ἡ
1077 2663 1220 2696 invenerit,
1234 2668 1263 2690 et
1282 2667 1338 2697 post
1353 2669 1414 2689 eum
1425 2661 1592 2692 Harduinus.
1602 2669 1678 2696 quem
1692 2665 1717 2688 et
1732 2669 1769 2688 res

987 2711 1011 2734 et
1040 2707 1133 2732 domus
1147 2705 1230 2740 ipsius
1255 2704 1354 2731 clarius
1375 2712 1453 2738 quam
1470 2703 1604 2737 Catullus,
1623 2703 1648 2731 id
1674 2707 1701 2730 ct
1722 2711 1770 2738 ego

988 2748 1148 2783 probavero,
1168 2754 1207 2779 re,
1232 2750 1260 2773 ut
1281 2753 1364 2780 sarpe,
1384 2753 1440 2772 rem
1470 2745 1631 2773 familiarem
1648 2750 1767 2773 notante.

1023 2790 1091 2817 lbid.
1107 2788 1295 2824 Νικομήδεια.
1315 2788 1352 2816 De
1366 2788 1531 2816 nobilissima
1552 2788 1693 2823 metropoli
1709 2794 1768 2816 tan.

990 2837 1043 2859 tum
1058 2831 1160 2863 diram,
1176 2831 1248 2858 amni
1266 2831 1350 2858 fuisse
1374 2830 1535 2865 appositam,
1549 2837 1628 2866 quem
1641 2830 1767 2867 Phrygem

991 2874 1157 2904 Themistius
1175 2873 1251 2902 Orat.
1268 2881 1341 2908 xxiv,
1356 2879 1384 2909 ιθ.
1399 2873 1452 2902 ’505
1469 2876 1547 2901 vocat
1563 2880 1570 2900 :
1585 2871 1767 2902 Nicomedien-
