1911 3071
113 179 189 212 1145

108 248 158 267 ses
170 239 242 267 enim
254 243 339 273 rogat,
347 238 549 266 arhitrenturne
564 245 594 264 se
603 237 725 272 ποταμοῦ
740 238 787 265 τοῦ
797 237 904 273 Φρυγὸς

109 284 150 318 τῇ
163 281 354 317 φιλανθρωπίᾳ
368 281 401 308 ad
419 281 492 315 ipsos
502 280 719 314 complectendus
736 287 797 308 esse
809 287 904 306 accen<

107 323 196 352 sum!
216 331 266 351 nec
295 330 390 350 verum
408 327 499 349 tamen
513 322 538 348 id
552 321 613 356 cjus
627 321 713 350 luisse
731 329 841 353 nomen,
857 320 904 348 sed

106 365 231 392 Gallum.
257 365 283 392 id
306 372 338 391 ex
369 364 498 391 Passtoue
525 363 666 397 Cypriani.
692 370 774 397 quam
802 367 867 389 tom.
888 362 905 389 5

108 407 245 434 Thesauri
258 406 386 432 Anecdot.
423 412 484 439 pag.
500 403 570 431 1018
587 405 631 432 ed.
646 405 769 432 Martcne
782 403 903 437 comple-

108 456 166 476 xus
180 451 232 479 est,
250 443 381 474 discimus
397 454 404 473 :
422 446 500 472 Ducti
513 450 601 473 autem
618 446 652 472 ad
667 446 786 480 ﬂuvium,
797 446 843 479 qui
859 453 904 472 vo-

108 496 191 517 catur
208 487 350 520 Callua,iu
368 487 551 514 Nicomediam
578 488 720 520 civitatem,
743 491 770 512 ut
787 486 905 513 decolla-

109 538 216 559 rentur.
235 530 329 558 Gallus
353 535 445 556 autem
463 537 512 556 cur
541 528 674 564 Phrygius
698 529 815 561 dicatur,
842 536 903 556 ειιῖη

109 574 199 602 simili
220 572 381 607 cognomine
408 571 529 606 Phryges
541 570 654 598 ﬂuvium
678 570 833 603 habuerim,
849 578 903 598 non

108 620 174 651 cgct
187 614 333 642 verborum
348 613 462 640 ambitu.

147 657 208 685 Col.
218 657 280 685 M9.
290 657 438 690 Πρινετος.
451 654 583 690 Πρένετος
596 654 701 683 Socrati
714 654 750 682 Η.
764 654 797 682 Ε.
810 662 848 688 VI,
860 654 904 686 16,

110 699 162 727 ubi
185 700 337 735 emporium
351 706 383 725 ex
399 697 515 724 adverso
536 695 701 724 Nicomediae
712 696 794 723 situm
810 697 904 731 perhi—

111 742 216 772 betur;
245 746 327 775 alque
342 739 379 766 ibi
398 739 425 766 in
446 738 546 765 Tabula
561 737 721 773 Peutingera
746 737 781 765 bl.
793 737 823 765 Ρ.
839 738 874 775 28
889 745 905 764 a

112 781 206 809 Nicaea
223 781 403 816 conspicitur.
422 778 488 806 Vide
501 778 638 807 Valesium
655 779 682 806 in
698 786 761 806 eum
785 777 905 806 Sor-Fatis

112 823 217 851 locum.
240 822 281 849 Τὰ
305 822 375 848 κατὰ
401 821 555 856 Πραίνητον
579 821 629 856 τῆς
654 819 781 852 Βιθυνίας
794 820 906 856 ἁγρίδια

113 864 255 892 Palladius
285 863 340 891 Vit.
377 863 566 899 Chrysostomi
598 870 625 896 p.
653 862 698 889 75.
725 862 907 889 Continuator

113 905 303 940 Theophanis,
319 904 397 939 cujus
425 905 506 931 verba
529 903 676 939 exscripsit
702 904 734 931 Α.
756 903 853 938 Pagius
878 903 905 930 in

114 947 215 975 Critic.
240 947 291 974 Au.
306 946 370 980 960,
384 946 411 979 5,
427 946 522 973 urbem
541 953 640 973 nomen
664 946 689 972 id
711 944 848 979 indcptam
864 945 899 972 ai-

115 992 209 1018 Iirmat
229 998 245 1017 a
271 989 395 1018 Prienato
425 989 604 1023 Bithynorum
634 987 771 1024 quondam
797 987 905 1015 tutelari

115 1033 180 1060 deo.

155 1073 221 1102 Ibid.
240 1074 442 1107 Ἑλενόπολις.
471 1072 586 1101 Preneto
611 1072 726 1099 vicinam
751 1070 907 1105 Stephanus

117 1115 146 1143 in
163 1117 316 1152 Πρόνεκτος
331 1117 395 1144 facit
412 1125 419 1144 :
440 1123 528 1151 neque
545 1115 616 1143 enim
633 1114 685 1141 alia
709 1118 750 1141 est
763 1113 823 1149 ejus
838 1113 906 1139 Dre-

117 1166 200 1192 pane,
217 1163 246 1185 ut
262 1167 293 1186 ex
307 1158 420 1186 Socrate
441 1157 476 1184 Η.
492 1156 526 1183 Ε.
546 1164 567 1189 t,
583 1156 616 1183 I8
631 1159 751 1183 constat.
776 1154 906 1190 Apposita

118 1200 172 1228 fuit
192 1200 273 1228 ﬂuvio
299 1199 417 1227 Draconi
432 1207 446 1226 a
460 1199 640 1227 Constantino
656 1197 690 1224 M.
704 1204 774 1224 novo
796 1197 905 1223 nomine

118 1243 247 1270 decorata
262 1242 290 1268 in
311 1241 406 1269 matris
428 1241 568 1273 honorem,
581 1247 641 1273 qua:
664 1239 701 1266 ibi
717 1244 781 1265 nata
798 1237 909 1265 fereba-

120 1289 166 1311 tur
185 1285 254 1319 apud
266 1283 427 1317 Procopium
447 1281 530 1309 Fabr.
545 1282 648 1310 Jiutin.
666 1288 694 1313 v,
705 1280 732 1307 2.
749 1279 856 1307 Helena:
868 1279 909 1306 in-

119 1326 317 1354 staurationem
336 1325 457 1352 tribuunt
471 1325 536 1352 Acta
551 1325 580 1351 S.
595 1323 707 1350 Luciani
719 1330 745 1349 e.
760 1322 794 1349 5:
813 1322 909 1348 Postea

120 1374 218 1400 autem,
234 1367 370 1401 inquiunt,
391 1374 450 1401 qua:
467 1366 540 1392 nobis
553 1366 695 1392 salutarem
715 1363 821 1390 Domini
834 1364 910 1389 resti-

121 1412 172 1437 tuit
191 1418 293 1437 erucem
313 1415 337 1437 et
353 1417 477 1444 magnum
494 1409 562 1435 inter
578 1408 664 1434 claras
679 1408 847 1442 imperatores
863 1414 910 1441 ge-

122 1453 178 1479 nuit
193 1451 407 1484 Constantinum,
425 1451 574 1478 ueneranda
582 1451 693 1480 Helena,
708 1449 814 1483 quando
828 1456 912 1475 reuer-

126 1494 230 1520 tebalur
241 1492 442 1527 Hierosolymis,
454 1493 538 1519 locum
554 1492 688 1517 honorum
703 1490 730 1516 in
745 1498 775 1517 eo
790 1489 909 1516 condidit

121 1536 262 1567 ciuitatem.
286 1534 483 1568 convocatisque
510 1533 703 1560 habitatoribus
729 1540 762 1558 ex
790 1532 823 1558 iis
852 1540 911 1563 ante

122 1577 293 1604 circumcirca
328 1581 402 1603 erant
430 1576 588 1610 regionibus,
612 1579 637 1601 et
661 1574 760 1608 effectis
791 1573 911 1608 operibus

123 1619 246 1653 publicis,
275 1617 370 1645 validis
401 1624 460 1644 eam
489 1616 573 1643 cinxit
591 1615 718 1642 manibus
744 1619 767 1642 et
788 1614 911 1648 templum

124 1660 235 1696 martyri
259 1659 432 1694 exrcdiﬁcavit
460 1658 619 1685 maximum.
654 1656 759 1683 Similia
790 1656 862 1691 leges
884 1655 910 1682 in

125 1701 301 1736 Philostm-gii
316 1700 350 1728 II.
372 1699 406 1727 E.
419 1700 509 1733 I515;
525 1699 571 1734 qui
591 1705 657 1726 sane
676 1702 818 1732 propterea
833 1704 913 1724 coer-

125 1744 253 1771 citionem
279 1741 441 1770 Gotlrol‘redi
472 1749 525 1768 non
551 1744 712 1768 meruerat:
730 1746 819 1774 neque
840 1738 911 1766 enim

125 1786 197 1812 aliud
206 1785 297 1813 dicere
310 1784 395 1811 voluit
409 1790 489 1818 quam
504 1782 604 1810 Helena
615 1786 727 1808 auclore
740 1788 771 1808 ac
780 1779 913 1808 suadente

129 1827 280 1861 Drepanem
298 1832 314 1852 a
329 1824 510 1851 Constantino
534 1823 618 1850 fuisse
641 1829 675 1849 ex
690 1822 751 1849 vico
771 1823 797 1848 in
818 1822 912 1848 urbem

125 1871 332 1895 commutatam.
346 1865 460 1900 Propter
470 1864 564 1892 urbem
575 1868 653 1890 erant
662 1863 811 1891 calidarum
828 1870 913 1897 aqua-

127 1917 186 1937 rutn
213 1907 320 1941 balnea,
343 1908 376 1934 ad
400 1914 460 1941 quae
491 1905 684 1934 Constantinus
709 1905 761 1932 sub
790 1909 913 1932 extrema

127 1952 188 1978 vitat
201 1956 361 1985 properasse
376 1949 475 1975 dicitur
490 1955 505 1974 ι
521 1947 636 1975 Socrate
654 1947 690 1975 Η,
707 1946 740 1974 Ε.
752 1954 770 1978 ι,
788 1946 805 1973 4
818 1951 844 1973 et
861 1945 914 1973 So-

129 1996 243 2021 zomeno
258 2000 287 2023 ιι.
299 1991 343 2019 54.
362 1991 506 2018 Eusebium
519 1989 595 2023 paria
602 1989 764 2017 scribentem
777 1988 829 2016 Vit.
841 1988 914 2016 Cou-

128 2039 212 2062 stant.
232 2042 269 2067 tv,
281 2034 313 2061 6I
332 2033 469 2067 interpres
484 2031 558 2059 aliud
584 2031 674 2058 dicere
690 2031 788 2064 coegit.
804 2030 915 2058 Serioro

129 2085 198 2111 aevo,
211 2081 240 2103 ut
255 2076 279 2103 id
294 2076 402 2105 addam.
416 2073 586 2108 llelenopolis
598 2072 745 2100 miserabili
757 2071 915 2100 conditione

131 2119 216 2146 inisse
232 2118 340 2145 videtur
359 2125 366 2144 :
383 2116 467 2144 refert
490 2115 562 2142 cuitu
579 2114 680 2150 Glycas
696 2114 794 2142 Annal.
810 2122 837 2142 tv
853 2121 913 2149 pag.

130 2161 180 2188 527
189 2159 338 2187 Mauuelem
348 2157 517 2185 Comnenttm
529 2157 666 2191 appulisse
679 2157 729 2183 οὐκ
740 2156 769 2183 ἐν
777 2165 829 2183 τινι
840 2157 915 2191 τόπῳ

130 2202 256 2238 διαφανεῖ
300 2200 468 2227 Ἐλενοπύλει
496 2199 525 2226 δέ
542 2207 605 2232 τινι,
629 2201 662 2234 ἢν
683 2199 708 2225 οἱ
727 2198 916 2235 ἀγροικότεροι

135 2243 268 2272 Ἐλεεινοῢ
286 2243 362 2270 πόλιν
386 2241 526 2272 καλοῦσιν,
555 2241 692 2276 appulisse
726 2240 915 2276 Helenopolin,

132 2294 211 2322 quam
230 2285 388 2313 rusticiores
402 2283 690 2318 Eleeinupolin.quasi
705 2283 779 2310 dicas
788 2283 915 2318 oppidum

132 2327 296 2359 miserabile,
312 2331 431 2354 vocant:
446 2329 521 2352 recte
542 2325 615 2352 enim
643 2324 822 2352 Leunclavius
847 2326 917 2352 hanc

133 2369 244 2397 iudicari
258 2367 460 2400 animadvertit,
472 2372 500 2394 et
513 2365 640 2394 vocabuli
654 2366 843 2400 paronomasia
856 2365 916 2400 ejus

132 2411 286 2446 opinionem
305 2409 412 2442 ﬁrmat;
432 2413 460 2435 ut
478 2415 592 2444 prorsus
609 2408 670 2436 sine
685 2407 790 2436 ratione
802 2407 839 2435 illi
864 2407 914 2435 Ph.

133 2452 255 2480 Lahbeus
274 2452 310 2479 sit
321 2451 476 2478 oblocntus.

170 2493 234 2520 Ibid.
251 2493 368 2520 Νίκαια.
381 2491 515 2527 Bithynia:
527 2491 687 2526 metropolin
699 2497 760 2518 esse
777 2490 816 2518 ait
841 2489 918 2518 Stra-

135 2539 167 2564 bo
189 2545 238 2570 xn,
255 2544 280 2570 p.
296 2535 359 2568 565.
380 2535 586 2569 notissimazque
596 2533 653 2568 ejus
661 2540 688 2561 et
705 2533 869 2562 Nicomediae
885 2535 920 2562 de

135 2581 249 2614 primatu
271 2582 333 2606 sunt
358 2578 570 2610 contentiones;
589 2576 615 2604 in
646 2576 745 2611 quibus
775 2577 824 2603 etsi
847 2576 919 2604 victa

135 2621 302 2653 discesserit,
332 2619 486 2647 Nicomedia
514 2619 547 2645 ad
575 2618 732 2653 Metropolis
757 2618 917 2652 dignitatem

135 2665 214 2697 cl.-ta,
233 2670 322 2691 tamen
349 2664 433 2698 iinpp.
463 2662 668 2690 Valentinianus
685 2668 710 2690 et
726 2661 836 2695 Valens,
850 2670 920 2697 quo-

136 2707 206 2734 niam
221 2713 254 2733 ea
275 2707 299 2733 in
314 2706 380 2733 urbe
394 2706 508 2741 Augusti
519 2710 598 2732 erant
615 2705 711 2737 creati,
736 2706 859 2732 eamdem
872 2705 919 2732 sed

136 2748 246 2776 secundi
261 2747 313 2775 loci
328 2747 488 2782 tnetropolin
511 2753 571 2774 esse
581 2746 731 2782 jusserunt.
752 2745 838 2774 Verba
853 2747 921 2782 legis

136 2789 208 2816 Actis
225 2788 332 2817 concilii
348 2787 513 2815 Chalcedon.
526 2792 591 2815 tom.
614 2787 660 2819 IX.
677 2795 705 2822 ι).
738 2788 787 2816 101
818 2789 919 2816 inserta

137 2835 220 2864 sunt;
239 2831 309 2858 unde
326 2834 416 2858 natam
435 2830 577 2858 credidero
596 2830 743 2857 multorum
765 2831 919 2865 persuasio-

138 2881 208 2905 nem,
225 2880 277 2908 qua
290 2872 521 2903 Chalcedonensis
533 2872 641 2900 concilii
668 2876 789 2907 tempore
800 2871 918 2901 Nicmam

138 2915 185 2944 Izac
196 2915 351 2952 dignatione
366 2920 472 2944 numam
486 2914 610 2943 arbitrati
626 2919 698 2944 sunt.
719 2915 764 2942 Διὸ
778 2915 809 2951 δὴ
825 2916 919 2952 ἐπειδὴ

544 178 735 208 (ΣΟΜΜΕΝΓ.
755 178 797 207 1N.
816 176 1026 209 IIIEROCLIS
1043 181 1314 214 SYNECDEMUM.

1675 184 1745 217 11-16

960 238 1138 284 uqrpbuoltc,
1156 241 1280 284 inquiunt
1296 241 1421 284 Augusti,
1445 241 1528 284 πάλᾳι
1541 242 1688 278 ὠνομάσοη
1699 243 1746 270 καὶ

958 281 1036 306 τοῦτο
1052 281 1130 316 νόμοι
1159 283 1270 309 παλαιοὶ
1292 283 1463 318 περιέχουσι,
1479 283 1512 309 τὰ
1524 284 1594 310 αὐτὰ
1608 285 1680 319 ἅπερ
1695 285 1747 310 Νι-

957 322 1107 356 κομηδεῦσι
1122 324 1338 359 νομοθετούντων
1361 325 1442 360 ἡμῶν
1468 325 1603 360 ὑπῆρξεν,
1618 326 1746 361 οὐδεμίαν

956 364 1123 399 ἀμφισολίαν
1138 366 1211 401 ἔχειν
1233 367 1344 394 libuerat
1359 367 1390 393 τὸ
1413 368 1550 394 ἁσάλευτα
1564 368 1612 394 καὶ
1647 368 1747 404 ἰσχυρὰ

957 406 1058 440 μένειν,
1083 408 1131 434 καὶ
1155 409 1195 440 εὶς
1209 411 1240 435 τὸ
1259 409 1356 436 ἔπειτα
1373 409 1592 444 αὑξηθησόμενα.
1627 409 1672 436 Sic
1695 410 1745 442 illi,

956 450 1100 477 verborum
1128 451 1225 478 ordine
1248 452 1317 479 satis
1345 459 1452 487 aspero,
1477 460 1558 487 quem
1576 460 1638 480 cum
1665 454 1745 486 paulo

956 489 1037 517 aliter
1051 497 1128 519 vetus
1142 493 1276 528 interpres
1301 495 1478 528 expresserit,
1506 502 1567 522 eum
1588 495 1743 522 audiamus.

957 530 1102 572 Propterea
1124 534 1184 561 licet
1211 535 1413 569 metrapolilana
1429 536 1490 563 olim
1506 541 1545 563 est
1569 542 1705 564 nominata
1720 542 1745 564 et

955 573 1004 601 hoc
1019 574 1087 609 lege:
1113 576 1228 610 antiqua
1243 578 1386 609 continent.
1400 583 1487 605 tamen
1501 578 1581 613 legem
1597 579 1672 606 nobis
1684 587 1747 613 pro-

956 615 1097 649 fcreutibus
1117 617 1190 644 nulla
1204 618 1334 645 dubitatio
1346 627 1402 646 esse
1429 620 1535 654 poteril,
1550 628 1579 647 eo
1592 622 1660 655 quod
1689 620 1745 647 lure

956 656 1065 685 immota
1078 663 1103 685 et
1115 659 1194 692 ﬁrma
1209 664 1382 693 permaneant
1402 665 1426 687 et
1455 661 1618 694 temporibus
1646 661 1747 694 futuris

956 700 1089 734 augenda.
1123 699 1257 728 I‘rmteriit
1274 701 1346 736 ᾇπερ
1367 702 1554 737 Νικομηδεῦσι
1569 702 1701 738 ὑπῆρξεν,
1718 707 1747 730 et

958 741 1026 768 bene
1044 748 1086 768 me
1099 741 1224 769 arbitro:
1239 750 1292 769 non
1318 743 1392 770 enim
1411 742 1500 770 Nicaea
1530 751 1642 778 prorsus
1667 743 1748 771 Nico-

957 782 1052 810 mediae
1066 783 1117 810 iuit
1128 788 1248 818 aequata,
1263 784 1309 812 sed
1324 784 1436 812 secundi
1448 784 1499 812 loci
1517 784 1685 819 metropolis,
1694 785 1748 812 sal-

957 823 997 851 vis
1017 825 1143 853 omnibus
1154 833 1224 853 vera:
1235 827 1386 860 metropoli,
1404 831 1506 854 creata.
1524 827 1560 853 'H
1578 827 1608 854 ὲν
1619 826 1748 861 ,δευτέρῳ

956 865 1032 901 τόπῳ
1055 864 1123 893 οὖσα
1145 867 1340 902 μητροπόλεως
1372 867 1485 902 ὀνόματι
1511 867 1650 900 ultimi...
1667 868 1748 895 iidem

956 907 1074 942 Augusti
1095 908 1172 935 aiunt
1197 909 1224 936 in
1245 909 1331 943 Epist.
1347 910 1380 937 ad
1398 909 1617 937 Nicomedienscs
1640 918 1665 945 p.
1685 909 1746 937 103.

958 948 1102 976 Adduntur
1123 949 1150 976 in
1166 950 1261 977 eadem
1277 950 1480 982 constitutione.
1501 958 1555 985 qua
1575 950 1665 978 Niczea
1690 958 1749 978 me-

958 990 1070 1024 tropolis
1089 990 1128 1022 Iit,
1150 991 1275 1026 quaedam
1293 992 1327 1019 de
1348 991 1533 1027 Bithynarcha
1558 991 1671 1026 ejusque
1700 999 1748 1018 so-

958 1031 1042 1058 lemni
1061 1031 1087 1058 in
1103 1033 1244 1068 metropoli
1261 1040 1401 1068 processu,
1422 1033 1538 1068 προόδῳ,
1551 1041 1611 1070 qua:
1626 1033 1669 1060 vix
1683 1031 1750 1060 alibi

959 1081 1088 1108 repertas.

994 1115 1060 1143 Ibid.
1075 1116 1354 1150 Βασιλεινούπολις.
1371 1117 1469 1145 Gravis
1484 1117 1536 1144 hac
1550 1117 1583 1144 dc
1595 1117 1662 1144 urbe
1673 1123 1743 1144 eou-

961 1157 1046 1184 tcnlio
1061 1157 1131 1184 inter
1143 1156 1304 1184 Eunominm
1322 1158 1559 1187 Ni-romcdiensem
1583 1163 1609 1186 et
1632 1160 1750 1185 Anasta-

958 1198 1028 1225 sinm
1042 1197 1180 1225 Nicncnum
1197 1199 1222 1226 iu
1244 1199 1456 1227 Chalcedoncnsi
1476 1200 1526 1226 fuit
1547 1199 1664 1234 Synodo,
1678 1202 1751 1225 utro-

959 1247 1011 1274 que
1034 1240 1127 1267 urbem
1144 1241 1194 1267 sibi
1217 1246 1366 1269 asserente.
1384 1241 1486 1268 Prarter
1505 1241 1556 1268 alia
1586 1240 1752 1267 Anastasius

961 1285 1027 1307 tom.
1038 1280 1072 1308 IX
1088 1288 1115 1316 p.
1126 1280 1171 1309 98:
1182 1281 1255 1315 Ὲτὼ
1264 1282 1292 1309 δὲ
1304 1282 1439 1317 δείκνυμι,
1452 1283 1548 1316 inquit,
1558 1281 1750 1308 Βισιὶ-ινούπο-

959 1322 1000 1349 λιν
1015 1323 1060 1350 ἀεὶ
1083 1323 1136 1350 ὕπο
1159 1324 1277 1351 Νίκαιαν
1300 1324 1451 1359 γενομένην
1465 1331 1473 1339 ·
1489 1323 1537 1351 καὶ
1565 1323 1619 1359 γὰρ
1647 1322 1755 1359 ρεγεῶν

959 1361 993 1399 ἦν
1014 1364 1109 1399 αὐτῆς.
1132 1365 1225 1392 Ταῦτα
1246 1365 1279 1392 τὰ
1298 1365 1476 1400 βουλευτήρια
1497 1363 1551 1392 οἶδε
1568 1373 1576 1380 ·
1595 1365 1642 1391 καὶ
1665 1364 1750 1397 εἴποι,

960 1406 1013 1434 ὑπὸ
1034 1406 1094 1433 τινα
1113 1404 1147 1442 ἦν
1170 1406 1400 1439 Eudamo-31:07.1;
1419 1407 1442 1433 εἰ
1471 1407 1509 1442 μὴ
1526 1406 1628 1442 ῥεγεὼν
1653 1404 1687 1442 ἦν
1699 1405 1752 1433 Νι-

961 1448 1053 1480 καίας.
1073 1448 1129 1483 Ego
1144 1449 1279 1476 ostendant
1295 1447 1498 1483 Basilitwpalim
1516 1450 1563 1475 sub
1576 1447 1669 1475 Νίσαια
1685 1455 1752 1474 serm-

960 1498 1006 1523 per
1019 1490 1100 1524 fuisse
1116 1497 1125 1517 .'
1146 1499 1206 1517 nam
1223 1491 1293 1525 regio
1308 1490 1360 1524 fuit
1384 1490 1462 1525 ejus:
1481 1491 1507 1517 iil
1528 1491 1602 1517 curia
1626 1490 1705 1522 novit,
1725 1494 1751 1516 et

961 1532 1032 1559 dicat
1057 1533 1142 1565 curia,
1157 1532 1204 1560 sub
1219 1542 1270 1568 quo
1285 1533 1335 1566 fuit
1359 1532 1560 1566 Basilinupolia.
1588 1532 1611 1559 si
1631 1540 1683 1559 non
1698 1531 1752 1566 fuit

962 1574 1032 1608 regio
1045 1573 1155 1602 Nicrea'.
1182 1575 1227 1601 Sic
1242 1580 1318 1602 retus
1333 1574 1480 1608 interpres.
1498 1573 1564 1601 l’ost
1591 1574 1653 1600 dein
1676 1573 1753 1606 :Ilura

962 1614 989 1642 in
1005 1615 1075 1642 hanc
1092 1623 1148 1642 rem
1166 1615 1251 1647 addit,
1268 1620 1295 1643 et
1309 1615 1448 1642 Juliannm
1465 1619 1513 1642 aut
1538 1615 1623 1641 alium
1637 1621 1670 1641 eo
1679 1613 1752 1641 auti-

961 1656 1083 1690 quioretn
1096 1657 1298 1692 Basilinopol‘im
1313 1658 1387 1684 urbis
1399 1657 1529 1692 dignitate
1540 1663 1653 1684 ornasse
1663 1655 1755 1692 (βαπ-

961 1697 1025 1730 λεύς
1041 1707 1083 1730 τις
1095 1699 1251 1731 Ἰουλιανὸς,
1266 1699 1284 1734 ἢ
1298 1699 1348 1726 οὒκ
1358 1697 1416 1725 οἶδα
1434 1698 1475 1730 τίς
1487 1698 1540 1734 πρὸ
1550 1697 1645 1731 αὑτοῦ,
1659 1697 1754 1733 ἐποίη-

964 1748 1009 1766 σεν
1023 1740 1108 1775 αὐτὴν
1123 1740 1223 1774 πόλιν),
1240 1748 1357 1775 eumque
1367 1747 1398 1767 ex
1416 1739 1506 1767 Niema
1520 1740 1671 1773 suiupsisse
1687 1739 1753 1771 τοὺς

963 1782 1243 1816 πραγματευομένους
1253 1802 1260 1813 ,
1275 1782 1404 1813 curiales,
1419 1786 1444 1808 et
1461 1780 1631 1815 Basilinupoli
1648 1781 1754 1808 consli-

964 1822 1060 1856 tuisse,
1078 1823 1249 1858 valuisscque
1264 1823 1392 1857 deinceps
1402 1823 1629 1850 consuetudinem
1646 1826 1673 1848 ut
1685 1829 1754 1856 quo»

965 1864 1016 1891 lies
1034 1863 1210 1899 Basilinopoli
1234 1864 1354 1892 curiales
1368 1865 1505 1897 det-ssent,
1519 1863 1608 1890 Nicma
1627 1871 1752 1890 arcesse.

965 1912 1069 1935 rentur.
1089 1907 1110 1935 Ε
1124 1907 1222 1943 quibus
1238 1907 1385 1934 manifesto
1400 1910 1514 1941 apparet
1531 1906 1595 1933 olim
1614 1905 1752 1933 Basilino-

965 1949 1038 1984 polin
1053 1949 1136 1977 fuisse
1146 1949 1244 1980 vicum,
1262 1953 1344 1983 atque
1355 1949 1432 1976 urbis
1445 1949 1552 1975 demum
1565 1947 1703 1983 privilegia
1718 1947 1753 1975 ab

964 1991 1071 2019 Jnliano
1083 1996 1129 2019 aut
1140 1991 1194 2019 alio
1213 1991 1310 2026 quovis
1325 1991 1487 2025 impetrasse
1500 1998 1507 2017 :
1522 1997 1688 2024 quamquam
1701 1996 1753 2024 ego

967 2034 1105 2062 lulianum
1124 2033 1207 2061 fuisse
1219 2037 1323 2068 putent,
1346 2032 1391 2066 qui
1409 2032 1487 2059 matri
1504 2031 1630 2058 Basilina:
1642 2031 1754 2064 ejusque

966 2075 1103 2103 memoriae
1125 2075 1151 2102 id
1178 2074 1294 2102 dederit.
1321 2074 1354 2100 Ἦ
1368 2073 1488 2100 Βιθυνῶν
1503 2073 1619 2099 Βασίνου
1634 2072 1712 2104 πόλις
1726 2072 1753 2099 in

966 2116 1052 2152 Epist.
1068 2116 1173 2152 Synesii
1188 2115 1222 2144 66
1239 2123 1292 2142 non
1308 2115 1360 2142 alia
1375 2119 1428 2147 est,
1444 2119 1475 2142 ut
1487 2113 1682 2142 Ahr.0rtelius
1693 2114 1757 2148 jure

966 2159 1120 2194 suspicatus
1134 2163 1187 2191 est,
1201 2157 1272 2186 forte
1283 2158 1364 2185 etiam
1381 2164 1414 2185 ex
1441 2156 1637 2184 animadversis
1660 2163 1755 2183 cmen-

967 2201 1054 2229 danda
1073 2209 1080 2228 :
1099 2199 1304 2234 Basilinopolim
1328 2199 1399 2226 enim
1421 2203 1579 2226 constanter
1607 2197 1753 2233 appellant,

967 2242 1111 2271 Liberatus
1126 2242 1208 2272 etiam
1227 2241 1361 2268 Diaconos
1377 2239 1498 2268 Breviar.
1519 2247 1545 2268 c.
1563 2240 1607 2267 15.

1003 2283 1071 2312 Ibid.
1095 2284 1177 2316 Κίος.
1203 2283 1332 2310 Eamdem
1356 2289 1388 2309 ac
1406 2281 1562 2309 Prusiadem
1588 2287 1649 2308 esse
1675 2287 1755 2307 nemo

969 2327 1095 2361 ignorat;
1121 2325 1172 2353 etsi
1194 2325 1267 2352 enim
1294 2324 1359 2352 Cius
1382 2331 1453 2351 novo
1479 2330 1512 2350 eo
1540 2323 1650 2350 nomine
1675 2321 1756 2349 fuerit

969 2370 1079 2401 donata,
1090 2367 1200 2403 pristini
1211 2374 1277 2394 usus
1290 2371 1422 2401 perpetuo
1435 2364 1546 2398 mansit,
1555 2371 1608 2399 qua
1620 2363 1654 2391 de
1668 2371 1696 2390 re
1703 2363 1755 2390 Ch.

967 2411 1101 2440 Cellarius
1118 2409 1150 2437 ϐ.
1162 2409 1195 2437 A.
1212 2416 1254 2442 III,
1266 2408 1282 2436 8
1297 2416 1323 2442 p.
1338 2407 1402 2435 285.

1006 2452 1072 2480 Ibid.
1092 2451 1240 2486 Ἆπάμειιι.
1256 2450 1326 2478 Olim
1344 2449 1458 2485 Myrlca,
1473 2453 1504 2476 ut
1522 2451 1622 2483 printer
1643 2450 1758 2474 caeteros

970 2494 1069 2522 Suidas
1081 2494 1108 2520 in
1126 2492 1328 2527 Ἀσκληπιάδης
1344 2491 1432 2518 docet.
1457 2490 1598 2517 Coloniam
1623 2488 1708 2515 fuisse
1721 2494 1757 2514 ex

970 2536 1057 2564 Plinio
1075 2535 1124 2569 Ep.
1146 2543 1173 2567 κ,
1199 2535 1233 2562 56
1257 2539 1284 2561 et
1302 2541 1334 2559 cx
1356 2533 1440 2559 Dione
1454 2532 1648 2566 Chrysostomo
1679 2528 1755 2556 Orat.

971 2586 1026 2612 XLI,
1038 2586 1065 2613 p.
1085 2577 1134 2605 501
1156 2584 1292 2612 nnmoque
1303 2575 1384 2602 Thes.
1402 2574 1502 2601 Britan.
1519 2578 1584 2600 tom.
1602 2571 1635 2603 ll.
1651 2578 1677 2605 p.
1692 2570 1755 2613 204.

971 2612 1054 2655 atque
1068 2619 1141 2647 haud
1154 2618 1265 2646 multum
1279 2617 1367 2644 Prusa
1382 2616 1415 2643 ad
1429 2615 1586 2651 Olympum.
1597 2621 1656 2648 qua:
1663 2617 1690 2655 et
1699 2612 1758 2655 ejus

970 2654 1092 2696 portu,si
1102 2659 1211 2695 quidem
1227 2658 1298 2686 nullo
1308 2658 1363 2686 alio
1376 2662 1479 2692 posset,
1497 2656 1534 2683 uti
1548 2655 1663 2688 solebat,
1675 2654 1760 2681 fuisse

971 2703 1134 2737 disjunctam
1157 2709 1190 2728 ex
1206 2700 1324 2734 ejusdem
1343 2698 1533 2735 Cbrysostomi
1565 2696 1642 2724 Orat.
1668 2703 1711 2727 ac.
1728 2703 1756 2728 ι».

970 2745 1026 2773 ‘295
1046 2743 1184 2772 novimus.
1212 2743 1287 2771 Adde
1307 2750 1334 2778 p.
1363 2741 1416 2769 492
1444 2744 1471 2769 et
1500 2746 1561 2775 quae
1585 2738 1622 2766 ibi
1652 2737 1759 2765 Casau-

971 2788 1068 2815 bonus.

1007 2828 1075 2856 Ibid.
1092 2827 1224 2862 Προῦσα.
1246 2825 1350 2853 Plinius
1365 2825 1414 2852 Iib.
1433 2824 1452 2852 I.
1469 2832 1496 2857 v,
1515 2831 1540 2851 c.
1558 2822 1621 2854 ult.,
1643 2821 1760 2849 Prusam

973 2873 1023 2900 sub
1035 2871 1151 2907 Olympo
1166 2871 1201 2898 ab
1215 2869 1347 2897 Annibale
1362 2868 1498 2896 conditam
1514 2866 1654 2907 professus
1665 2871 1760 2907 repre-

975 2906 1135 2944 Iicnsionctu
1152 2911 1280 2942 Salmasii
1295 2911 1322 2940 in
1338 2911 1460 2940 Solinum
1474 2916 1501 2946 ι).
1517 2908 1579 2941 616,
1601 2906 1711 2935 Ccllarii
1722 2906 1754 2934 ὃ.
