1911 3071
167 131 236 164 illi

165 191 198 217 Λ.
213 190 277 222 ιιι,8
288 199 312 224 p.
323 190 376 217 585
392 190 567 218 conum-ritus
583 195 634 223 est,
648 191 828 218 handscioan
846 191 956 226 injuria;

167 233 216 258 nisi
231 232 302 257 cnim
318 232 406 263 fallor,
427 231 474 258 Dio
491 232 528 258 illi
551 233 769 266 patrocinabitur
787 232 863 259 Orat.
891 241 956 260 xt.ttt

166 282 191 307 ιι.
210 274 271 300 511.
287 272 322 300 Εὖ
337 275 390 309 γὰρ
405 274 472 306 ἴστε,
486 275 520 300 ait
538 275 728 306 Prttsensibns,
741 275 783 302 ὅτι
800 277 830 302 οὺ
841 276 956 311 μεγίστη

165 316 219 341 τῶν
244 316 349 342 πόλεων
378 316 456 349 οὖσα,
466 315 526 342 οὐδὲ
543 316 668 342 πλεῖστον
687 317 782 352 χρόνον
796 318 957 352 οἰκουμένη,

165 357 271 383 mliti»;
301 359 499 393 γνωριμωτέρα
520 359 589 388 ἐστί.
621 358 650 386 Si
665 360 739 386 enim
756 359 840 386 l’rusa
867 359 959 386 lliouis

165 405 246 426 mtate
278 400 467 434 longissimum
503 406 610 435 tempus
634 409 686 428 tton
715 401 800 428 fuerit
824 401 956 432 habitata,

166 442 261 474 utique
277 442 370 468 verius
386 442 445 476 ejus
461 442 537 476 origo
557 442 690 470 referetur
709 444 741 469 ad
757 442 879 469 Prusiam
903 442 959 469 Au-

166 483 263 510 nibtlis
280 484 411 515 amicum,
427 492 508 518 quant
525 485 558 510 ad
582 484 765 519 antiquiorem
784 484 887 511 alium:
910 484 958 511 Dio

165 530 240 552 certe
267 525 288 551 si
310 525 372 560 Cyri
399 530 479 552 mtale
511 530 677 552 etStructaut
705 529 885 557 autuutasset.
903 533 957 552 non

166 567 269 594 infitias
298 568 390 593 ivisset
420 567 546 593 πλεῖστον
575 567 672 602 χρὸνον
698 567 781 594 fuisse
806 566 905 593 cultant
931 572 958 594 et

164 609 272 635 civibus
302 608 512 642 frequentatatn.
534 609 597 635 Abit
617 608 714 635 Strabo
745 615 796 639 ιιι,
821 615 847 642 p.
863 607 914 635 565
931 608 956 634 in

166 650 217 676 alia
236 650 327 676 omnia
349 654 376 675 et
392 656 407 675 ιι
431 649 546 682 Prusia,
568 650 610 676 cui
635 650 737 676 bellum
768 657 830 676 cum
862 649 958 676 Crwso

166 692 226 721 fuit,
244 696 300 724 aut,
316 692 353 717 uti
371 690 609 725 Stcpltanuslegit,
623 699 684 717 cutn
701 691 782 726 Cyro,
810 691 956 718 excitatam

164 735 279 761 a'tirm-u
296 743 302 760 :
330 734 400 767 quod
416 737 519 760 tantum
537 734 637 760 indicio
652 738 694 760 est
712 734 745 760 de
765 733 840 760 urbis
853 734 957 767 origine

165 778 297 803 Variaiutu
317 775 401 802 fuisse
414 775 566 802 sententiis.
582 774 651 807 Quin
673 775 694 801 si
709 773 837 801 Palntcrii
853 776 958 809 opinio-

165 826 225 844 ιινιιιι
237 818 358 851 sequaris
368 822 449 851 atque
463 816 488 843 itt
499 816 631 843 Strabone
644 820 670 842 et,
681 816 819 850 Stephano
832 816 879 842 τοῦ
888 817 957 852 πρὸς

165 860 265 894 Κὲερον
286 858 492 892 πολεμήσαντος
512 857 595 892 legas,
618 856 746 885 Straboni
761 862 788 885 et
800 857 884 885 Plinio
908 866 957 892 op-

166 901 231 928 time
251 899 393 928 conveniet
409 908 416 929 :
432 899 542 926 Prusias
557 899 629 926 cuitu
645 898 773 931 Claudus.
799 906 879 934 quem
895 899 956 926 Cie-

165 951 224 970 rutn
243 948 389 976 occupasse
415 945 442 968 et
467 940 626 967 Prusiadetn
657 940 806 974 appellasse
832 940 955 968 Memnon

165 993 190 1012 c.
206 992 269 1011 ut:
283 982 410 1018 prodidit,
427 981 604 1009 [lannibalcttt
617 982 734 1017 hospitio
744 981 862 1016 excepit.
891 981 918 1008 ΙιΙ
933 982 955 1008 si

165 1028 246 1059 nolis,
260 1032 289 1054 ut
300 1033 349 1060 ego
365 1033 431 1053 sane
446 1032 574 1059 sprevcro
590 1034 597 1052 :
615 1033 703 1058 neque
717 1025 790 1051 enim
821 1024 956 1052 credibile

164 1075 207 1097 est
224 1068 407 1104 geographutu
422 1067 546 1094 Prusiam
565 1066 673 1102 signare
685 1071 712 1093 et
725 1066 758 1092 ab
773 1066 833 1093 aliis
848 1066 954 1094 discer-

166 1120 230 1139 nere
245 1119 277 1138 ex
292 1110 361 1138 bello
380 1117 440 1137 cum
459 1108 569 1143 ignobili
584 1107 693 1142 oppido,
711 1109 822 1142 etquod
841 1108 867 1135 itt
887 1108 956 1136 alte-

165 1155 223 1180 rius
236 1153 338 1180 ditionc
355 1155 426 1182 erat,
447 1150 580 1184 cujusque
593 1157 727 1184 nusquam
746 1153 875 1183 prmterea
897 1157 956 1177 me-

166 1195 255 1226 minit,
271 1199 356 1229 gesto,
372 1192 499 1220 voluisse.
513 1190 570 1218 lluc
580 1191 648 1218 adde
659 1198 674 1217 a
688 1191 822 1219 Strabone
832 1191 954 1219 Prusiam

164 1238 212 1272 qui
229 1237 297 1264 bello
309 1235 434 1263 Croesum
455 1233 629 1268 oppugnavit,
642 1233 810 1267 apertissime
824 1234 956 1269 distingui

164 1280 243 1306 abeo
259 1277 353 1305 Prusia
370 1276 416 1312 qui
446 1274 623 1302 Hannibalem
653 1274 771 1301 amicitia
798 1275 957 1309 complexus

166 1328 208 1350 est
225 1330 232 1354 ;
260 1329 275 1348 a
291 1327 345 1355 quo
363 1319 487 1347 diversus
503 1324 556 1344 non
573 1317 635 1349 erit.
668 1317 690 1344 si
709 1317 759 1344 viri
778 1317 848 1344 docti
864 1317 956 1352 conje-

166 1369 245 1393 ctura
263 1363 360 1389 valeat.
377 1362 412 1388 At
426 1360 491 1387 nulli
505 1367 582 1394 reges
598 1358 733 1394 Bithyniae
747 1359 835 1387 Croesi
848 1359 957 1388 luerunt

166 1410 309 1440 tempore:
330 1407 419 1431 tacent
453 1402 526 1429 enim
561 1400 713 1428 llerodoltts
736 1404 763 1428 et
792 1400 955 1437 Xenophon.

165 1449 286 1482 Quorum
309 1445 449 1474 silentium
470 1444 521 1471 etsi
541 1450 670 1477 agnosco,
688 1449 785 1470 vereor
810 1447 899 1471 tamen
926 1449 956 1472 ut

168 1495 241 1517 recte
260 1488 321 1516 inde
334 1492 445 1522 cogatur
457 1485 546 1513 nullos
560 1484 684 1519 Bithynis
697 1484 780 1512 fuisse
793 1489 849 1512 tttm
861 1493 954 1520 reges:

165 1540 228 1560 nam
244 1538 303 1566 quze
317 1530 443 1556 Memnon
457 1535 535 1555 c.xttt
548 1526 581 1554 de
599 1525 714 1561 Dydalso
724 1526 849 1554 etBotira
861 1527 955 1560 refert.

165 1582 196 1600 ea
219 1573 284 1599 mihi
307 1571 339 1598 ad
367 1567 556 1603 Xenophontis
582 1571 690 1595 :etatem
717 1568 864 1595 escendere
878 1576 956 1603 posse

167 1615 312 1645 videntur;
334 1616 361 1639 et
389 1618 451 1638 cum
480 1609 583 1642 primos
609 1609 698 1643 gentis
711 1615 759 1636 eos
775 1616 853 1644 reges
872 1609 956 1638 fuisse

167 1664 220 1682 non
234 1657 349 1685 constet,
368 1652 431 1686 quid
443 1655 515 1678 vetat
525 1650 593 1677 alios
608 1651 660 1677 illis
673 1650 777 1684 priores
793 1650 957 1680 admittere?

166 1698 256 1731 Atque
283 1695 327 1723 his
354 1693 492 1722 ﬁrmandis
505 1692 657 1726 Appianum
683 1691 836 1719 Mithridat.
853 1700 880 1728 p.
903 1693 956 1721 297

166 1741 340 1770 advocaretn,
361 1735 413 1762 nisi
433 1734 592 1767 ampliorem
610 1735 644 1766 is,
663 1733 696 1760 ab
713 1733 806 1760 eodem
822 1733 957 1763 Palmerio

166 1779 286 1810 Exercit.
305 1786 333 1814 p.
349 1776 399 1805 i56
413 1776 438 1803 in
451 1776 532 1802 aliam
549 1775 662 1802 formam
684 1779 813 1808 mutatus,
831 1783 956 1811 campum

166 1821 327 1858 postularet.
345 1819 436 1852 itaque
450 1816 608 1852 praestiterit
629 1816 816 1851 discrepantes
827 1817 905 1845 Plinii
929 1823 957 1846 ct

166 1857 310 1892 Strabonis
325 1862 358 1889 de
373 1860 465 1888 Prusae
489 1858 567 1886 initio
580 1857 723 1892 opiniones
738 1863 765 1885 ct
780 1859 831 1886 sibi
847 1864 956 1888 contra-

166 1906 220 1934 rias
233 1905 316 1932 fuisse
332 1902 463 1938 proﬁteri.

200 1947 261 1975 Col.
274 1945 333 1973 M9.
343 1943 514 1978 Καισάρεια.
524 1943 554 1970 In
565 1941 624 1969 Vita
636 1941 735 1969 Nicetze
747 1942 893 1978 llegumeni
904 1952 930 1972 c.
942 1946 954 1973 ι

166 1989 320 2023 Καισάρεια
337 1987 387 2021 τῆς
400 1984 537 2016 Βιθυνίας.
554 1983 624 2011 Urbs
638 1983 708 2011 haud
733 1992 829 2019 magna
854 1991 913 2013 erat
929 1987 956 2014 ιιι

166 2031 258 2059 Prusae
270 2029 379 2056 vicinia.
391 2028 438 2054 Dio
449 2028 663 2061 Cltrysostomus
675 2025 753 2054 Orat.
767 2035 840 2054 uvtt
858 2035 885 2062 p.
904 2029 956 2056 5‘26

166 2077 307 2107 p0stquam
323 2071 357 2098 de
372 2068 630 2096 Nicomediensibus
647 2072 674 2094 et
691 2067 807 2094 Nicmnis
823 2077 876 2095 non
887 2071 956 2096 tntil-

168 2120 225 2141 Iutn
242 2113 324 2140 l’rttsa
333 2110 604 2145 disjttnetisdixisset,
613 2110 677 2139 τοὺς
686 2110 846 2145 Καιταρεῖς,
859 2111 955 2146 inquit,

165 2155 276 2186 τούτους
287 2154 408 2187 εὐγενεῖς
424 2153 473 2188 μὲν
486 2151 646 2186 ἀνθρώπους
664 2151 711 2177 καὶ
734 2151 836 2187 σφόδρα
856 2153 957 2188 Ἕλλη..

167 2206 226 2230 νας,
241 2196 308 2223 πολὺ
322 2196 350 2222 δὲ
363 2194 529 2230 μικροτέραν
544 2193 684 2224 οἰνιῦντας
696 2192 782 2220 πόλιν.

204 2237 272 2265 Ibid.
295 2236 507 2269 Ἆπολλωνιάς.
526 2234 620 2262 Scribe
636 2235 813 2262 Ἀπολλωνία.
830 2234 957 2271 Ititelligi-

168 2287 211 2309 tur
225 2281 304 2315 hujus
328 2279 445 2307 nominis
471 2278 536 2305 urbs
549 2280 580 2305 ad
594 2276 783 2312 Bltyttdacutn,
796 2285 855 2312 qua:
869 2279 894 2305 itt
917 2281 957 2305 la-

165 2324 228 2359 pide
243 2322 332 2354 LVIII,
348 2329 426 2357 quem
444 2320 558 2355 Prwfat.
581 2319 699 2354 Appcud.
716 2319 885 2352 Inscriptio".
899 2320 956 2348 Gtt-

166 2367 240 2394 dian.
252 2365 299 2393 Fr.
316 2363 454 2392 Hesselius
470 2363 600 2397 vulgavit,
614 2362 630 2396 ἡ
651 2360 873 2388 Ἀπολλωνιατῶν
889 2363 957 2398 πρὸς

165 2409 213 2436 τὸν
234 2406 380 2434 Ῥυνδακὸν
405 2405 482 2436 πόλις
508 2404 616 2431 dicitur.
645 2402 720 2430 Adde
737 2402 912 2431 Plutarchum
930 2406 956 2432 in

165 2443 277 2479 Lucullo
292 2457 318 2484 p.
330 2448 381 2476 498
393 2452 421 2475 et
431 2445 594 2474 Tournel'ort
611 2443 698 2479 Epist.
717 2452 772 2472 ult
784 2453 808 2479 ιι.
825 2445 886 2473 192.
903 2445 953 2473 Est

166 2494 193 2520 in
212 2491 329 2520 concilio
350 2489 556 2522 Constantiuop.
584 2487 665 2514 tertio
680 2493 705 2520 p.
724 2485 778 2513 502
796 2486 956 2516 Anastasius

165 2535 310 2570 cpiscopus
336 2530 521 2559 Θεοτοκιανῶν
537 2529 642 2560 πόλεως
662 2528 722 2564 ἤτοι
741 2528 956 2561 ’Λπολλωνιάδος

164 2579 217 2613 τῆς
230 2576 351 2604 Βιθυνῶν
378 2574 523 2610 ἐπαρχίας,
539 2574 583 2606 qui
601 2571 739 2606 vulgatum
754 2572 836 2599 etiam
859 2572 885 2599 iu
906 2580 955 2600 usu

166 2620 251 2647 fuisse
268 2622 391 2646 testatur.
419 2616 496 2643 Adde
523 2614 659 2641 Nicrenutn
679 2614 825 2641 secuttdutn
848 2622 874 2649 p.
891 2614 955 2642 553.

201 2660 270 2688 Ibid.
297 2658 480 2686 Δασκύλιον.
506 2656 635 2691 Dascylos
653 2655 728 2682 Melus
744 2663 763 2688 t,
785 2654 829 2688 18,
850 2656 957 2684 caeteris

166 2710 228 2730 cum
243 2706 338 2730 uestro
355 2699 411 2727 fere
426 2698 673 2727 consentientibus.
690 2697 709 2723 A
731 2697 843 2732 Dascyle
857 2697 957 2725 dictam

166 2744 259 2772 volunt
274 2743 405 2778 plerique.
418 2749 432 2768 a
443 2741 494 2768 loci
507 2739 614 2775 ingenio
629 2740 665 2766 Is.
682 2739 792 2766 Vossius
801 2739 834 2766 ad
846 2739 954 2772 Mcl-am,

166 2793 247 2820 quem
256 2785 327 2811 vide.
344 2783 464 2819 Dascylae
475 2787 581 2809 servata
597 2781 726 2808 memoria
741 2785 794 2813 est,
806 2786 834 2807 ut
846 2779 959 2807 llolstei-

168 2827 229 2853 nius
249 2824 401 2856 admonuit,
429 2824 456 2851 in
479 2823 566 2858 epigr.
595 2822 742 2850 Alexandri
766 2821 862 2854 Aitoli,
887 2823 958 2856 quod

169 2866 254 2894 multo
282 2866 430 2899 correctius
457 2871 538 2898 quant
552 2865 621 2898 apud
640 2863 814 2891 Plutarchum
841 2863 956 2898 legitur,

696 135 887 166 ADDENDA.
911 148 944 153 —-
963 136 996 166 Ρ.
1016 135 1273 166 \VESSELINGII

1755 138 1842 169 1H3

1016 190 1165 218 Salinasius
1186 191 1212 218 in
1233 191 1355 218 8ι1ἱιιιιιιι
1373 200 1398 226 p.
1417 192 1470 220 580
1495 193 1623 227 vulgavit.
1653 193 1701 220 Sic
1747 195 1839 221 enim

1013 232 1154 260 Alcutan.:
1169 233 1222 259 Καὶ
1237 233 1347 264 Μούσας
1366 234 1447 267 ἐδάην
1470 234 1653 266 Ἑλικωνίδας,
1672 236 1704 262 αἶ
1718 245 1766 271 με
1780 245 1840 263 τυ·

1014 275 1118 309 ράννων
1137 274 1225 308 Θῆκαν
1241 275 1386 302 Δασκύλεω
1413 276 1526 310 μείζονα
1545 278 1591 303 καὶ
1613 277 1727 311 Γύγεω.
1766 278 1840 304 Erit

1014 321 1101 343 tamen
1133 316 1252 351 Dascylte
1280 318 1381 344 mentio
1399 318 1441 344 ltic
1455 319 1635 351 incommoda,
1657 319 1680 346 si
1715 319 1833 346 valeat

1013 358 1192 385 eruditissimi
1207 358 1319 385 Bentleii
1332 359 1532 387 animadversio
1550 361 1576 386 itt
1589 359 1693 387 Horatii
1708 362 1776 387 0d.
1795 369 1833 392 ιι,

1011 399 1046 426 47
1062 407 1069 425 :
1089 406 1176 433 neque
1189 399 1260 426 enim
1274 405 1418 435 tyrannum
1433 401 1576 436 Dascylen,
1593 401 1676 436 Gygis
1686 407 1830 436 patre-ti,

1012 440 1106 474 fuisse,
1135 441 1183 468 sed
1207 442 1354 476 privatum,
1386 448 1591 478 proptereaque.
1620 444 1670 470 nisi
1699 445 1829 470 auctori

1012 482 1101 516 potius
1115 490 1236 510 errorem
1247 491 1327 518 quam
1340 484 1459 511 librariis
1471 485 1615 520 impingas,
1636 485 1828 512 Κανδαύλεω

1011 524 1163 559 scripsisse,
1181 530 1254 553 certe
1281 525 1404 553 scribere
1420 525 1557 553 debuisse.
1573 528 1607 553 At
1624 527 1689 560 quid
1706 527 1731 553 si
1749 527 1827 553 Ale-

1012 567 1116 593 xander
1130 575 1182 594 non
1198 567 1279 594 fuerit
1294 572 1404 594 secutus
1416 567 1545 594 llerodotl
1570 568 1603 594 de
1618 568 1695 602 Gyge
1708 574 1825 593 narra-

1013 608 1123 640 tiouem,
1149 609 1195 636 sed
1226 608 1361 636 Plutarchi
1379 609 1406 636 in
1425 608 1614 644 Ἑλληνικοῖςῗ
1629 617 1690 643 qua:
1712 610 1823 644 utique

1013 653 1142 686 majorem
1158 653 1213 680 veri
1227 654 1350 680 tttnbratn
1367 662 1422 688 ιιι-ιιι
1441 661 1471 682 se
1490 654 1552 682 fert.
1578 655 1648 688 Quid
1677 655 1701 681 si
1719 655 1818 681 etiam

1011 694 1094 731 aliput
1112 695 1250 729 Dascyletn
1273 703 1304 722 ac
1320 695 1403 731 Gygis
1419 701 1523 730 patrem
1542 695 1733 726 spectaverit?
1761 695 1821 721 Da-

1012 735 1104 771 Slylell
1124 735 1262 767 Periaudi,
1279 744 1292 762 a
1304 744 1358 771 quo
1368 736 1520 772 Dasrylium
1535 736 1615 763 fuerit
1627 737 1819 770 appellatum,

1013 783 1142 804 ntetnorat
1163 777 1328 812 Stephanus,
1350 782 1431 811 atque
1453 778 1574 812 ejusdem
1596 778 1715 804 nominis
1733 777 1819 804 Tan-

1013 818 1057 845 tall
1071 819 1154 846 ﬁlium
1165 820 1324 846 scholiastes
1339 820 1470 854 Apollonii
1490 828 1519 851 ιι,
1539 820 1591 846 725
1607 825 1632 847 et
1647 820 1714 846 75L

1046 860 1113 888 Ibid.
1139 860 1364 895 Νεοκαισάρεια.
1390 860 1454 895 Ejus
1480 861 1577 895 praesul
1593 861 1816 894 Coustautinop.

1013 902 1092 928 tertio
1112 909 1138 936 p.
1155 902 1206 929 668
1222 902 1435 937 Νεοκαισαρέων
1454 903 1503 936 τῆς
1518 902 1646 933 Βιθυνίας
1674 906 1814 928 vacatur.

1011 942 1103 971 Atisle
1119 944 1247 978 deinceps
1264 945 1337 972 dicta
1359 949 1412 978 est,
1428 948 1456 971 ut
1478 944 1545 971 Acta
1571 943 1672 971 Μοῖριιί
1687 943 1816 971 secundi

1012 993 1039 1020 p.
1054 985 1107 1012 355
1121 985 1245 1012 iunuunt.

1046 1026 1112 1054 Ibid.
1134 1026 1292 1060 Ἀδριανοί.
1314 1025 1420 1053 Nummi
1435 1026 1584 1061 Ἀδριανῶν
1603 1026 1672 1061 πρὸς
1690 1026 1814 1060 Ὄλυμ-

1011 1072 1060 1094 πδν
1090 1067 1184 1095 urbem
1214 1068 1327 1103 Olympo
1356 1069 1440 1094 monti
1463 1068 1599 1095 assedisse
1630 1069 1809 1099 ostendunt;

1011 1117 1090 1144 quam
1113 1109 1241 1137 Aristidis
1266 1110 1381 1145 patriam
1416 1117 1513 1145 magna
1538 1110 1675 1144 diligentia
1696 1111 1811 1136 exami-

1010 1151 1095 1182 navit,
1122 1157 1244 1179 veterum
1271 1152 1433 1186 scriptorum
1447 1152 1514 1179 loris
1529 1153 1554 1178 itt
1574 1152 1720 1180 consilium
1739 1153 1811 1179 tuis-

1009 1192 1058 1224 sis,
1073 1191 1115 1219 Jo.
1133 1191 1252 1226 Masson.
1272 1192 1325 1219 Vit.
1344 1192 1470 1220 Aristidis
1487 1201 1528 1225 ttt,
1539 1194 1556 1220 3
1567 1200 1618 1220 etc.
1629 1193 1729 1228 Oppidi
1745 1194 1808 1227 epi-

1010 1241 1108 1268 scopus
1123 1234 1289 1269 Nicephorus
1305 1242 1375 1268 strpe
1393 1235 1417 1261 ιιι
1437 1234 1547 1262 Niraeno
1559 1236 1680 1262 secundo
1694 1235 1807 1267 πόλεως

1010 1275 1167 1310 Ἀδρανοῦς,
1186 1281 1214 1302 ιιι
1228 1283 1254 1310 p.
1267 1276 1297 1302 5i
1313 1282 1341 1303 et
1364 1276 1428 1310 572,
1455 1277 1563 1308 dicitur,
1596 1277 1696 1304 rictius
1717 1277 1805 1303 Davtd

1009 1316 1157 1351 Ἀδριανῶν
1173 1317 1299 1344 Chalced.
1314 1322 1378 1344 tom.
1399 1317 1444 1349 IX,
1461 1326 1490 1353 p.
1505 1318 1566 1345 176.

1045 1358 1111 1385 Ibid.
1134 1358 1346 1393 Ῥεγετιιτάϊος.
1364 1359 1438 1386 llanc
1447 1365 1474 1386 et
1484 1368 1545 1394 qua:
1555 1361 1682 1395 sequitur
1703 1361 1802 1396 Ῥεγέ-

1010 1400 1092 1436 δωρις
1107 1400 1146 1436 (id
1163 1401 1235 1427 enitn
1252 1408 1343 1428 verum
1360 1408 1457 1428 nomen
1473 1402 1579 1436 opiner)
1593 1403 1626 1428 ad
1652 1402 1717 1430 Itin.
1733 1403 1802 1430 Ηίε-

1010 1451 1063 1470 ros.
1093 1450 1120 1477 p.
1137 1442 1189 1470 5'15
1204 1443 1309 1470 abunde
1328 1443 1532 1470 illustravimus.
1560 1443 1655 1471 Restat
1685 1450 1714 1471 ut
1734 1446 1802 1479 quid

1012 1485 1075 1520 ρεγέ
1087 1485 1152 1512 velit
1166 1492 1330 1519 quaratnus.
1349 1484 1470 1519 Utraque
1485 1486 1588 1512 utamio
1602 1486 1628 1512 iit
1643 1486 1661 1513 l.
1682 1487 1731 1514 ll9
1747 1487 1799 1514 Th.

1010 1527 1043 1554 de
1059 1526 1217 1558 Decuriou.,
1232 1526 1316 1554 altera
1329 1528 1439 1554 mutatio
1463 1528 1600 1555 itinerario
1620 1528 1656 1556 Η.
1674 1528 1775 1556 dicitur
1791 1539 1799 1556 :

1011 1570 1082 1596 unde
1096 1568 1208 1603 colligas
1231 1569 1346 1596 nominis
1363 1570 1620 1604 utriusqueinitium
1630 1571 1799 1598 mansionem

1010 1611 1134 1638 vicumve
1149 1615 1253 1638 notare.
1286 1610 1362 1644 Quod
1386 1611 1485 1639 clarius
1512 1612 1623 1646 patebit,
1640 1612 1661 1639 si
1685 1620 1744 1640 eam
1764 1621 1798 1640 ex

1012 1653 1117 1689 ρεγεών
1128 1653 1316 1680 detruttcatam
1330 1653 1565 1685 animadverteris,
1579 1662 1630 1689 qua
1649 1662 1714 1682 voce
1724 1655 1798 1682 vicos

1010 1700 1038 1722 et
1054 1694 1195 1729 loca,qua:
1210 1694 1276 1721 urbe
1289 1699 1352 1723 sunt
1368 1695 1472 1721 tuinora
1489 1699 1571 1729 atque
1595 1695 1724 1722 inferiora
1743 1695 1796 1723 No-

1011 1736 1087 1769 titizc,
1104 1741 1132 1763 tit
1143 1736 1187 1762 illa
1202 1735 1260 1763 Jac.
1274 1735 1354 1763 Goari
1373 1743 1399 1770 p.
1415 1735 1478 1768 565,
1490 1737 1597 1770 signare
1610 1737 1707 1764 solent.
1723 1737 1795 1765 Idem

1011 1779 1078 1806 citra
1094 1778 1204 1804 dubium
1228 1776 1306 1804 faciet
1324 1778 1484 1805 Anastasius
1505 1779 1601 1811 prmsul
1616 1779 1750 1810 Nicmnus,
1768 1779 1795 1806 in

1011 1819 1173 1847 Chalcedon.
1199 1818 1313 1846 concilio
1330 1823 1395 1846 tom.
1417 1817 1463 1851 lX‘,
1492 1819 1567 1852 p.98
1590 1819 1624 1846 de
1643 1819 1749 1847 Tattaio
1767 1825 1796 1847 et

1011 1861 1109 1888 Doride
1121 1861 1177 1887 haec
1190 1861 1311 1894 profatus
1322 1870 1329 1888 :
1346 1860 1431 1887 Ὦσπε
1436 1869 1451 1894 ρ
1461 1861 1593 1892 Tot-nitu;
1602 1862 1648 1887 καὶ
1658 1861 1744 1897 Δωρὶς
1752 1863 1795 1895 ρε-

1011 1903 1114 1937 γεῶνές
1131 1902 1200 1928 εἰσιν
1216 1901 1267 1928 ὑπὸ
1281 1901 1330 1936 τὴν
1346 1901 1475 1933 Νίκαιαν,
1496 1902 1581 1933 οὕτως
1591 1900 1624 1938 ἦν
1639 1902 1692 1936 πρὸ
1702 1902 1793 1929 τούτου

1011 1945 1058 1971 καὶ
1087 1943 1307 1974 Βασιλινούπολις
1341 1943 1394 1969 ὑπὸ
1421 1943 1470 1978 τὴν
1497 1943 1624 1972 Νίκαιαν.
1649 1943 1794 1978 Utramque

1012 1985 1133 2022 ρεγεῶνα
1149 1986 1206 2013 sive
1218 1985 1306 2012 vicum
1322 1990 1479 2019 nuncupat;
1496 1990 1523 2013 et
1538 1993 1598 2013 cum
1620 1986 1712 2020 paullo
1736 1992 1794 2021 post

1012 2029 1044 2056 de
1060 2027 1231 2060 Basilinopoli
1256 2027 1303 2053 καὶ
1317 2027 1334 2062 ἠ
1354 2026 1489 2062 πρότερον
1523 2027 1592 2053 οὖσα.
1610 2027 1724 2063 ρεγεὼν,
1745 2029 1791 2060 ait,

1011 2069 1092 2096 πάλιν
1121 2068 1189 2104 μετὰ
1203 2068 1290 2095 ταῦτα
1304 2068 1414 2102 ἐγένετο
1427 2069 1517 2102 πόλις,
1531 2070 1701 2104 apertissime
1713 2071 1793 2105 signi-

1011 2112 1074 2139 ﬁcat
1087 2118 1118 2137 eo
1131 2118 1161 2138 se
1184 2109 1316 2137 vocabulo
1330 2110 1418 2137 locutn
1435 2111 1509 2137 urbis
1524 2111 1700 2146 amplitudine
1711 2117 1738 2139 et
1752 2113 1791 2139 di—

1011 2154 1113 2189 gnitate
1129 2152 1213 2179 multo
1229 2152 1361 2179 ntinorent
1382 2152 1543 2187 intelligere.
1560 2152 1640 2180 Dicta:
1652 2160 1739 2180 autent
1755 2162 1791 2181 re-

1011 2197 1105 2230 giones
1131 2194 1227 2222 Nicaea:
1248 2194 1383 2226 videntur,
1411 2193 1483 2228 quo‘d
1513 2194 1571 2228 ejus
1595 2195 1790 2229 magistratibus

1012 2238 1098 2271 ibijus
1112 2238 1216 2264 dicendi
1230 2242 1256 2264 et
1269 2237 1410 2264 coercendi
1422 2241 1494 2264 esset
1512 2237 1626 2264 facultas
1639 2246 1646 2264 :
1667 2236 1789 2271 Regiones

1011 2280 1134 2310 dicimus,
1149 2278 1258 2305 Siculus
1282 2277 1395 2305 Flaccus
1423 2279 1456 2305 de
1482 2279 1547 2312 Agr.
1565 2279 1712 2305 condition.
1731 2286 1754 2312 p.
1775 2279 1785 2305 l

1012 2321 1107 2355 inquit,
1131 2320 1203 2347 intra
1218 2327 1331 2354 quorum
1353 2319 1418 2352 [inet
1443 2319 1608 2354 singularum
1633 2319 1787 2345 coloniarum

1011 2367 1056 2389 aut
1071 2356 1274 2396 municipiorum
1291 2361 1491 2395 magistratibus
1519 2362 1565 2395 jus
1580 2362 1694 2388 ldicemli
1722 2370 1788 2388 τοιγ-

1011 2405 1137 2439 cendique
1151 2409 1190 2430 est
1203 2403 1284 2429 libera
1301 2407 1415 2436 potestas

1047 2446 1114 2473 lbid.
1147 2445 1294 2478 Ἐπαρχια
1314 2444 1503 2478 Ὀνωριάὸος.
1533 2443 1614 2471 Facta
1645 2445 1700 2471 haec
1727 2450 1751 2471 et
1772 2453 1785 2471 a

1012 2486 1135 2522 Bithynia
1149 2486 1268 2513 abscissa
1279 2490 1321 2512 est
1339 2487 1476 2520 provincia
1490 2494 1503 2512 a
1521 2485 1670 2512 Theodosio
1679 2487 1786 2514 secundo

1011 2528 1224 2563 coguomiueque
1242 2527 1330 2561 patrui
1350 2527 1408 2561 ejus
1423 2527 1533 2555 donata.
1551 2526 1593 2554 Jo.
1610 2527 1704 2553 Malala
1728 2534 1784 2554 tom.

1011 2569 1043 2601 ΙΙ,
1056 2578 1081 2603 p.
1097 2569 1131 2597 69
1149 2578 1156 2596 :
1180 2569 1308 2603 Ἐποίησε
1331 2568 1418 2595 δὲκαὶ
1439 2568 1522 2604 ἄλλην
1534 2569 1680 2604 ἐπαρχίαν,
1693 2571 1786 2603 ἀπομε-

1013 2612 1089 2647 ρίσας
1105 2611 1158 2638 ἀπὸ
1168 2612 1217 2646 τῆς
1230 2610 1366 2642 Βιθυνίας,
1380 2610 1476 2645 ἥντινα
1490 2610 1619 2637 ἐκάλεσεν
1637 2610 1784 2646 Ὀνιωρι-πὶδα,

1012 2654 1051 2684 εἰς
1066 2653 1151 2688 ὄνομα.
1175 2653 1222 2679 τοῦ
1243 2651 1326 2679 αὐτοῦ
1353 2651 1427 2678 οείιιυ
1441 2651 1584 2687 Ὀνωριου,
1610 2651 1672 2683 δοὺς
1695 2653 1785 2679 δίκαιον

1013 2695 1207 2730 μητροπόλεως
1232 2693 1279 2720 καὶ
1307 2693 1426 2728 ἄρχοντα
1458 2692 1617 2729 Ἡρακλείᾳ,
1646 2694 1722 2720 πόλει
1743 2695 1785 2729 τῆς

1012 2737 1126 2763 Πόντου.
1148 2735 1198 2769 Qui
1218 2741 1306 2762 tamen
1336 2733 1448 2767 fallitur,
1470 2741 1531 2761 cum
1563 2734 1718 2762 Heracleam
1737 2743 1785 2762 tuc-

1013 2778 1129 2813 tropolin
1144 2783 1262 2805 creatam
1276 2777 1393 2804 attirmat
1411 2785 1418 2804 :
1438 2783 1470 2803 ca
1486 2777 1558 2803 enim
1573 2776 1705 2811 dignitate
1715 2776 1784 2804 Clan-

1013 2821 1128 2856 diopolis
1142 2820 1255 2855 insignis
1273 2819 1333 2850 l'uit,
1349 2819 1386 2845 uti
1404 2817 1459 2845 Leo
1487 2818 1635 2853 imperator
1658 2819 1684 2845 in
1711 2818 1783 2852 Epist.

1016 2868 1079 2891 toni.
1097 2862 1131 2890 lx
1146 2862 1248 2892 Conril.
1267 2870 1292 2897 p.
1305 2861 1356 2889 εισι
1383 2865 1409 2888 et
1426 2859 1596 2890 Justittiattus
1621 2860 1728 2916 Nlotclla
1744 2861 1782 2895 29,
