1911 3071
150 168 221 198 Illi.)

147 233 203 260 qua
217 223 379 252 Ilonoriadis
401 223 502 252 abolito
516 224 624 252 nomine
651 224 793 252 Provincia
814 224 870 252 haec
883 224 934 252 Pa-

147 268 300 303 phlagoniae
315 267 455 295 actissime
471 268 652 301 connectitur,
669 268 832 295 docuerunt.

183 309 242 337 Col.
259 309 320 336 N9.
344 309 578 342 Κλαυδιόπολις.
592 309 722 346 Bithyniae
730 309 829 344 passim
840 309 941 337 contri-

146 351 241 378 buitur
262 359 276 378 a
294 351 438 378 Ptolcmteo
454 350 556 378 Galeno
575 357 657 383 atque
671 351 752 384 aliis;
767 352 838 386 quod
855 359 940 386 quare

147 393 250 420 Itctum
262 393 309 426 sil,
323 392 401 420 facile
415 392 588 427 perspicitur.
604 392 671 420 Vide
686 393 749 420 Ant.
765 393 826 420 Itin.
838 401 864 427 p.
875 392 938 419 200.

147 433 226 461 Ilaud
245 434 358 462 multum
369 434 403 461 ab
416 434 465 461 hac
478 436 543 462 urbe
553 435 714 462 Matttinium
727 435 857 467 distabat;
868 433 940 468 quod

146 476 277 511 quoniam
295 476 385 510 magni
411 476 572 503 Sanctorum
594 477 684 510 operis
698 476 855 503 conditores
875 483 939 502 nus-

147 525 231 552 quam
246 518 365 551 rcperire
373 525 402 545 se
415 518 537 553 potuisse
549 518 664 552 professi
681 523 755 548 sunt.
774 525 806 544 ex
821 515 939 544 Historia

148 558 279 594 martyris
292 558 407 586 Titiouis
420 560 488 593 apud
502 559 676 586 Latnbecium
693 559 819 586 Bibliolh.
839 558 938 585 Cmar.

149 608 213 634 Vin,
230 608 256 635 p.
272 601 325 627 2|!
337 601 505 628 Iirmabimus
519 610 526 628 :
549 601 578 628 '0
590 602 666 634 ἆγιος
680 600 784 636 μάρτυς
792 600 890 627 Τιτίων
906 598 941 635 ἦν

148 643 184 669 ὲκ
220 642 268 668 τοῦ
300 643 452 669 Μαντινίῡυ
489 642 536 669 τοῦ
571 643 623 669 ὑπὸ
655 642 855 670 Κλαυδιόπηλιν
891 642 940 676 τὴν

151 684 321 719 μητρόπολιν
359 684 511 717 τελοῢντος.
549 685 626 713 Adde
660 685 800 712 Socratem
835 684 872 712 II.
905 683 938 712 Ε.

149 733 182 758 ιι,
197 727 243 754 58.

188 767 253 796 Ibid.
271 767 431 802 Προυσιάᾳ
446 767 529 796 Recte
539 776 603 796 mss.
617 773 658 796 est
670 768 781 797 Prusias
797 768 874 803 juxta
886 768 942 803 Hy-

150 811 225 845 piuttt
241 810 353 843 ﬂumen,
369 810 447 844 cujus
475 810 547 838 cives
573 811 598 838 in
616 810 738 838 Doniana
765 810 941 844 inscriptione

150 852 240 880 Class.
257 852 290 883 V,
309 851 358 878 I77
373 851 555 878 ΠΡΟΥΣΙΕΙΣ
584 852 655 879 ΑΠΟ
683 852 767 879 ΥΠΙΟ
803 852 939 878 dicuntur.

151 894 277 921 Memnon
291 901 317 921 c.
335 893 369 921 49
389 894 451 922 olim
467 893 575 921 Cierum
594 901 609 921 a
633 893 832 928 prmteriluentc
850 900 940 925 amne,

152 936 239 964 {uisse
251 936 414 971 appellatam
430 936 532 963 indicat
550 945 556 962 :
575 936 711 963 assentior
721 937 793 963 enint
807 935 941 962 Palmetio

150 983 178 1005 et
197 977 350 1005 Holsteinio
364 978 435 1005 hanc
454 985 516 1005 eum
533 977 703 1010 Prusiadcm,
719 985 771 1005 nou
792 977 866 1005 illam
882 984 943 1012 quas

151 1025 181 1048 et
199 1019 275 1051 Cius.
298 1020 431 1047 immisse.
455 1019 537 1047 Πόλιν
566 1019 765 1055 Ἡρακλεωτῶν
794 1019 896 1054 pariter
911 1026 943 1046 ac

152 1060 232 1088 Tium
245 1069 270 1089 c.
285 1060 321 1090 29
333 1066 481 1095 nuncupat,
501 1066 593 1096 atque,
610 1067 725 1096 utraque
740 1061 766 1088 in
780 1065 941 1095 potestatem

153 1103 275 1132 redacta.
284 1110 373 1138 regem
383 1102 507 1130 Prusiam
514 1104 545 1130 ὲκ
553 1103 688 1138 θαλάττης
698 1103 737 1134 εἰς
747 1103 885 1129 θάλασσαν
893 1101 943 1137 τὴν

156 1144 324 1180 Ἡράκλειαν
335 1144 515 1180 περιγράψαι,
528 1144 687 1172 lleracleam
698 1143 816 1178 undique
825 1144 858 1170 ad
869 1151 943 1171 mare

151 1185 366 1213 circumdedisse
379 1194 386 1219 ;
402 1193 462 1220 qua:
474 1186 506 1213 de
521 1185 652 1214 Prusiade
672 1186 705 1213 ad
719 1185 808 1213 sinutn
828 1185 941 1212 Cianum

152 1235 215 1256 vera
235 1235 296 1255 eSse
308 1227 377 1255 haud
394 1232 518 1262 possunt,
541 1229 569 1256 in
583 1229 654 1255 hanc
672 1235 736 1256 vero
751 1227 858 1262 egregie
873 1235 942 1263 qua-

150 1270 243 1297 drant.
266 1269 322 1296 Sita
338 1270 396 1297 Itzec
409 1270 518 1297 eratad
538 1269 676 1297 Heracleae
704 1269 887 1301 occidentem.
909 1269 943 1296 ad

151 1313 286 1340 orientem
305 1311 390 1345 Tius;
418 1312 488 1340 unde
501 1318 616 1347 utraque
628 1312 729 1347 potitus
742 1311 851 1339 Prusias
870 1319 944 1346 pror-

151 1364 199 1384 sus
215 1356 347 1384 incinctos
366 1355 475 1384 videbat
498 1356 703 1384 Ileracleeuses.
730 1356 796 1389 Quae
810 1355 860 1383 etsi
876 1356 944 1383 bene

152 1399 254 1427 habere
270 1399 425 1431 videantur,
437 1405 491 1425 non
507 1405 642 1432 negavero
668 1403 758 1425 tanien
772 1398 942 1425 Memnonem

152 1445 298 1476 utramque
315 1440 472 1468 Prusiadem
488 1439 643 1468 confudisse
661 1449 669 1467 :
691 1447 751 1467 nam
772 1447 831 1475 qua:
844 1439 878 1466 de
892 1439 944 1466 Ar-

152 1483 277 1518 gonautis
287 1489 312 1510 c.
328 1489 393 1510 mn
406 1481 498 1515 refert,
515 1483 568 1509 acsi
580 1482 617 1510 illi
627 1481 659 1509 ad
669 1482 776 1509 Cicrum
792 1481 945 1516 appulerint

153 1529 236 1560 atque
264 1525 292 1552 in
321 1524 381 1560 ejus
404 1524 503 1551 vicinia
533 1524 631 1559 Hylam
662 1523 814 1555 amiserint,
837 1531 869 1550 ea
898 1523 944 1550 alii

155 1567 227 1594 circa
244 1566 321 1594 Cium
342 1566 490 1600 contigisse
521 1566 659 1593 al'lirmant
682 1570 847 1592 constanter.
879 1563 945 1592 Vide

153 1607 326 1643 Apollonium
352 1615 373 1639 ι,
400 1607 491 1641 1178,
509 1606 650 1642 Orpheum
679 1606 732 1634 655
749 1610 776 1634 et
807 1606 943 1634 Valerium

153 1649 291 1682 Flaccum,
303 1656 345 1681 tu,
359 1647 422 1675 481.

187 1691 256 1719 Ibid.
275 1691 446 1725 Ἡράκλεια.
477 1689 590 1718 Colonia
617 1689 814 1726 Megarensium
834 1690 867 1718 ad
884 1698 945 1717 atu~

154 1740 214 1760 netu
230 1732 387 1760 Soonanten
402 1732 461 1764 l'uil,
479 1732 593 1759 testibus
605 1732 708 1759 criticis
729 1732 756 1759 in
774 1732 899 1766 Apollon.
910 1740 942 1765 tt,

155 1774 225 1807 7‘8;
241 1782 301 1809 quae
317 1782 376 1801 eum
394 1781 519 1808 magnam
542 1773 593 1801 sibi
611 1773 763 1808 potentiam
791 1773 944 1808 multasque

154 1824 221 1852 opes
239 1816 397 1850 peperisset,
427 1815 590 1850 gravissima
625 1815 780 1842 calamitate
794 1822 809 1842 a
825 1814 942 1846 Triario,

155 1857 330 1885 Mithridatici
354 1856 415 1885 belli
430 1861 562 1891 tempore,
583 1861 624 1883 est
637 1863 767 1891 oppressa
782 1856 852 1891 apud
864 1855 945 1883 Meto-

154 1908 253 1928 nonem
269 1908 293 1927 c.
306 1900 350 1927 55.

190 1942 258 1969 Ibid.
278 1941 355 1975 Τίος.
372 1941 462 1969 Posita
482 1940 547 1968 urbs
565 1939 670 1967 eratad
684 1939 784 1966 ﬂumen
812 1939 943 1973 Billteum,

155 1989 185 2012 ut
199 1984 302 2012 scholia
330 1983 477 2017 Apollonii,
494 1983 528 2010 ab
553 1981 704 2010 IIoIsteiuio
720 1982 746 2008 in
777 1981 944 2016 Stephanum

157 2030 288 2057 eorrecta,
305 2034 322 2053 ιι
343 2025 394 2052 791
410 2025 567 2052 cstcndttnt.
592 2024 668 2051 Adde
692 2023 791 2051 Ezech.
821 2023 944 2058 Spanheo

159 2068 243 2095 mium
257 2068 342 2101 Epist.
357 2067 390 2094 ad
403 2066 566 2094 Morelliutn.

191 2108 260 2136 Ibid.
276 2108 394 2142 Kparla.
410 2107 446 2134 De
458 2108 509 2134 hac
523 2108 586 2135 Ant.
604 2107 668 2134 Itin.
686 2114 711 2142 p.
727 2107 795 2135 200.
809 2106 946 2141 Corrupto

158 2151 263 2178 videtur
279 2152 304 2177 in
329 2151 371 2177 bis
390 2149 483 2178 Galeui
500 2151 564 2185 περὶ
586 2159 666 2186 τροφ.
690 2150 779 2185 δυναμ
800 2157 819 2181 ι,
837 2157 864 2184 p.
881 2149 944 2182 5l2,

155 2200 217 2221 cum
248 2193 276 2219 in
304 2191 470 2226 gelitlissimo
499 2191 631 2227 Bithynia:
660 2196 746 2219 tractu
775 2191 945 2218 collocantur

156 2235 258 2262 Νικιια
275 2234 321 2260 καὶ
337 2232 446 2268 Προῠσα
462 2233 509 2259 καὶ
526 2233 654 2268 Κράσσου
672 2233 720 2260 καὶ
731 2232 945 2265 Κλαυδιούπολις

157 2277 204 2304 καὶ
227 2274 432 2308 Ἰουλιρύπολις,
449 2274 517 2301 ἀλλὰ
540 2275 587 2300 καὶ
610 2274 764 2310 Δορύλαιον,
783 2275 799 2310 ἢ
822 2275 879 2301 ἔστι
896 2275 945 2309 μὲν

157 2319 257 2354 ἐσχάτη
281 2318 330 2352 τῆς
352 2316 480 2352 ’Λαιανῆς
498 2316 634 2351 Φρυγίαςι
651 2325 713 2344 nam
734 2317 873 2351 Κράσσου,
894 2317 944 2344 etsi

157 2369 249 2389 vocem
266 2361 344 2387 πόλιν
368 2367 401 2387 ex
424 2360 601 2393 sequentibus
621 2359 714 2388 addas.
731 2359 796 2386 nihil
820 2365 861 2386 est
875 2367 883 2386 :
899 2359 945 2387 ubi

157 2403 227 2430 enim
240 2401 410 2436 Crassopolis
426 2400 492 2427 lecta
507 2401 661 2435 scriptave?
673 2400 764 2428 Nihilo
778 2401 863 2436 magis
882 2409 946 2436 pro-

158 2444 240 2475 ﬁcies,
259 2446 281 2471 si
298 2452 360 2471 ctttn
376 2443 440 2469 Abr.
455 2442 557 2470 Ortelio
575 2443 685 2476 Κράσου
702 2442 774 2476 legas
789 2447 816 2470 et
831 2443 944 2471 Crasum

157 2486 280 2521 Phrygia:
294 2486 389 2512 urbem
406 2484 552 2517 intelligas,
569 2484 696 2518 quoniam
712 2489 787 2512 extra
804 2485 945 2519 Bithynia:

158 2527 200 2554 illa
227 2527 304 2554 lines.
327 2526 388 2557 Sitt,
408 2529 436 2552 ut
461 2533 511 2559 ego
534 2530 637 2559 putem,
652 2526 776 2560 Κράτεια
798 2526 944 2560 scribatur,

157 2569 234 2604 plana
249 2575 293 2596 res
304 2566 356 2594 erit
370 2576 377 2594 :
390 2574 421 2593 ea
435 2566 462 2593 in
480 2566 605 2602 Bithynia
622 2573 648 2594 et
661 2566 828 2602 Claudiopoli
846 2568 944 2601 vicina,

158 2618 206 2638 nec
223 2610 302 2646 longe
321 2610 356 2637 ab
374 2608 514 2644 Juliopoli,
528 2614 556 2637 et
579 2613 652 2637 recte
668 2614 795 2645 proptera
812 2610 867 2638 illis
883 2610 947 2646 jun-

157 2657 243 2687 getur.

191 2693 257 2721 Ibid.
281 2693 531 2727 Ἀδριανούπολις.
543 2693 666 2721 Meminit
679 2693 737 2726 eius
750 2693 815 2729 Imp.
834 2693 947 2722 Novella

156 2737 190 2764 29
205 2741 232 2763 et
254 2735 391 2763 Nicaauum
416 2736 564 2763 secundum
588 2743 614 2771 ιι.
635 2735 681 2764 52.
700 2735 778 2764 Unde
800 2736 887 2764 locum
909 2737 947 2765 illi

158 2778 183 2805 in
199 2777 363 2812 Geographie
378 2776 406 2804 S.
422 2784 482 2804 esse
496 2781 665 2810 oportuerat.

192 2818 262 2846 Ibid.
294 2818 363 2845 Ὑπὸ
391 2819 560 2853 κορίκτορα.
590 2819 779 2847 COI'reclorem
808 2819 946 2856 intelligit,

157 2861 198 2888 cui
211 2865 237 2888 et
252 2860 358 2887 Notitia
375 2861 435 2895 imp.
457 2859 560 2887 Orieit.
576 2869 599 2888 c.
616 2861 626 2888 1
644 2860 853 2896 Paphlagoniam
871 2870 948 2889 man-

163 2903 216 2932 dat.
236 2902 303 2931 Erat
322 2902 346 2931 is
360 2902 450 2932 medio
463 2903 522 2932 loco
538 2903 706 2932 consularem
728 2905 797 2932 inter
813 2909 838 2932 et
856 2904 947 2939 praesi-

577 166 770 197 COMMENT.
794 167 834 197 IN
854 166 1065 198 HIEROCLIS
1083 169 1357 202 SYNECDEMUM.

1718 171 1785 203 11.30

993 226 1066 259 dem,
1081 227 1104 253 si
1119 227 1279 262 dignitatem
1299 232 1380 262 atque
1396 227 1604 263 amplitudinem
1620 235 1737 262 spectes,
1755 234 1784 255 ut

990 274 1022 294 ex
1040 266 1059 294 Ι.
1078 267 1133 295 VIII
1145 269 1174 296 (2.
1191 269 1241 297 Th.
1258 271 1291 296 de
1301 269 1412 297 Cohort.
1427 277 1584 304 cognosces.
1595 269 1622 296 In
1637 269 1712 297 Italia
1724 278 1785 297 cor-

992 314 1143 342 rectorum,
1169 311 1202 337 de
1225 312 1326 346 quibus
1353 309 1469 338 Ursatus
1497 311 1531 338 de
1558 310 1646 338 Nam.
1672 311 1783 338 lloman.

991 357 1018 385 ρ.
1033 350 1083 378 641
1100 352 1164 379 edit.
1183 352 1280 379 Grtevii
1292 373 1299 385 ,
1312 352 1497 386 antiquissima
1512 354 1613 380 mentio
1628 357 1671 379 est
1684 361 1690 380 :
1709 357 1785 380 extra

991 399 1051 419 eam
1065 394 1154 420 rarius
1169 399 1328 427 occurrunt,
1341 399 1365 421 et
1379 394 1451 421 binis
1469 398 1572 421 tantum
1587 394 1613 420 Ill
1626 394 1783 428 provinciis,

992 434 1177 469 Paphlagonia
1199 440 1227 463 et
1249 436 1471 471 Augustamnica.
1488 436 1532 463 cui
1557 436 1667 470 utrique
1688 441 1786 470 praeter

992 477 1145 504 Ilieroclem
1162 477 1228 504 Νυι.
1243 477 1306 508 imp.
1321 477 1424 504 Orient.
1443 477 1517 505 Itttuc
1532 477 1718 512 magistratum
1734 477 1785 503 im-

992 519 1077 554 ponit.
1097 519 1226 554 Synesius
1248 519 1327 553 hujus
1343 520 1492 554 provincia:
1509 521 1692 546 correcturem
1711 518 1786 545 Mar-

991 562 1099 588 cianum
1113 562 1300 597 philosophum
1312 561 1356 588 τδν
1369 561 1489 596 ἄρξαντα
1502 561 1689 595 Παφλαγόνων
1701 568 1784 595 gene-

993 604 1042 631 rali
1061 604 1194 631 vocabulo
1211 604 1329 639 appellat
1344 605 1425 637 epist.
1444 603 1505 632 109.
1519 604 1596 631 Adde
1611 603 1784 630 Panciroltuu

992 645 1078 673 Nulil.
1097 646 1161 680 imp.
1179 645 1281 673 Orienl.
1296 653 1321 673 c.
1339 646 1401 674 I56.

1027 687 1096 715 Ibid.
1127 687 1258 722 Γάγγρα.
1290 687 1378 714 1ἰοιιθ
1407 694 1473 716 mss.
1503 687 1621 715 cottcilio
1650 686 1787 721 Ephesino

991 737 1019 764 p.
1035 729 1088 757 552
1110 729 1277 763 Bosphorius
1300 729 1448 756 subscribit
1464 729 1599 764 Γάγγρων
1618 729 1666 763 τῆς
1690 736 1788 762 μητρο-

991 773 1097 804 πόλεως
1112 772 1249 807 ἐπαρχίας
1264 771 1438 807 Παμφυλίας,
1456 779 1598 806 perperam
1610 779 1658 806 pro
1676 771 1787 804 Παφλα-

991 814 1094 849 γονίας,
1117 819 1145 841 ιιι
1161 813 1312 841 Sozomeno
1331 813 1367 840 Η.
1385 812 1417 840 Ε.
1433 820 1474 846 ιιι,
1492 813 1525 840 14
1539 813 1662 847 Γάγγραι
1683 812 1786 847 μητρό-

992 856 1071 886 πολις
1087 855 1281 890 Παφλαγόνων.
1300 854 1408 881 Dixisse
1423 859 1530 881 veteres
1549 852 1583 879 τὰ
1596 853 1722 887 Γάγγρα,
1736 853 1787 883 τὰς

992 898 1122 933 Γάγγροις
1134 901 1161 924 et
1174 896 1223 932 τὴν
1237 896 1366 931 Γάγγραν
1378 903 1409 923 ex
1428 894 1566 931 Stephano
1582 895 1726 922 notiSsitna
1745 902 1787 922 res

993 945 1042 968 est.
1057 940 1130 966 Adde
1143 939 1194 966 Ch.
1207 938 1352 965 Cellarium
1371 937 1402 965 ϐ.
1416 937 1448 964 Α.
1462 945 1505 969 ιιι,
1525 937 1551 969 8,
1568 944 1594 971 p.
1611 936 1674 963 518.

1029 981 1095 1009 Ibid.
1113 981 1373 1016 Πομπηῖούπολις.
1403 979 1519 1007 Condita
1550 985 1566 1005 a
1593 977 1722 1018 Pompeio
1745 981 1788 1004 est

993 1024 1062 1058 apud
1076 1023 1238 1050 Strabonem
1255 1029 1304 1053 ut,
1316 1029 1343 1056 p.
1360 1020 1423 1048 562.
1435 1019 1516 1048 Ludit
1529 1027 1594 1054 ergo
1606 1019 1632 1046 in
1642 1027 1707 1046 voce
1721 1020 1786 1053 imp.

992 1065 1187 1093 Constantinus
1203 1064 1221 1091 l.
1247 1072 1266 1096 ι,
1282 1062 1379 1090 Them.
1404 1062 1430 1093 7,
1451 1069 1512 1089 cum
1535 1061 1633 1096 πομπὴ
1658 1061 1714 1094 γάρ
1733 1061 1787 1086 εἱσι

993 1108 1031 1135 ait
1060 1107 1106 1134 καὶ
1137 1106 1238 1138 ὄνειδος
1268 1106 1316 1132 καὶ
1341 1103 1510 1140 ὲξουθένημα
1537 1103 1584 1131 τοῦ
1615 1101 1786 1138 ἀνθρωπείηυ

993 1149 1099 1184 γένους,
1114 1147 1193 1176 simul
1207 1147 1328 1175 iudicans
1346 1146 1440 1174 urbem
1455 1153 1505 1174 suo
1523 1150 1643 1181 tempore
1657 1143 1788 1172 vilissima

995 1191 1078 1218 fuisse
1094 1189 1259 1218 conditione.

1030 1232 1096 1259 Ibid.
1113 1231 1202 1266 Σύρα.
1215 1231 1262 1258 Sic
1277 1229 1417 1258 Nicmnum
1433 1229 1582 1258 secundum
1600 1235 1628 1263 p.
1646 1227 1691 1256 52.
1707 1226 1788 1254 Chal-

993 1275 1145 1304 cedoucuse
1161 1281 1185 1308 ιι.
1205 1272 1257 1300 661
1272 1271 1374 1307 Σοῦρα,
1398 1271 1595 1299 Constantinus
1616 1270 1713 1305 Σώραν
1730 1269 1748 1295 l.
1767 1276 1786 1300 I.

995 1317 1091 1345 Thcm.
1110 1316 1136 1348 7,
1153 1314 1232 1350 Σωρὰ
1246 1313 1416 1341 Justinianus
1435 1313 1546 1340 Novella
1562 1312 1609 1344 29,
1629 1312 1674 1338 ubi
1690 1317 1787 1338 cumu—

994 1357 1033 1386 los
1042 1356 1222 1386 sivetumulos
1232 1355 1302 1383 male
1316 1355 1382 1382 verti
1399 1354 1533 1382 Probabil.
1549 1363 1574 1381 ιι.
1589 1361 1638 1380 snt
1667 1352 1787 1383 ostendi.

994 1407 1112 1431 tnecum,
1134 1399 1204 1432 quod
1229 1397 1358 1431 deinceps
1381 1396 1494 1423 edoctus
1508 1403 1579 1427 sutn,
1602 1394 1790 1421 consentiente

995 1441 1027 1469 L.
1051 1439 1200 1468 I-Iolsteiuio
1216 1439 1242 1467 in
1267 1438 1360 1466 Ortelii
1388 1437 1468 1465 Sora.
1493 1436 1624 1472 Superest
1646 1436 1673 1462 in
1691 1434 1788 1462 iisdem

995 1483 1116 1511 Novellw
1131 1482 1222 1509 verbis
1245 1481 1318 1508 aliud
1335 1480 1406 1515 quod
1430 1478 1531 1507 morari
1553 1477 1653 1512 possit;
1674 1476 1746 1503 unde
1762 1480 1791 1502 et

995 1526 1039 1553 hic
1061 1525 1113 1552 illis
1136 1523 1212 1551 locus
1233 1522 1349 1550 dandtts.
1366 1520 1459 1556 Φαμὲν
1483 1519 1512 1547 δὲ
1528 1516 1790 1554 Γερμανιχοπόλεώς

993 1576 1024 1595 τε
1047 1567 1093 1593 καὶ
1118 1567 1173 1592 τῶν
1196 1564 1266 1600 πρὸς
1282 1564 1416 1597 Γάγγραν
1432 1562 1480 1589 καὶ
1505 1560 1649 1596 Πομπῃΐου
1673 1558 1790 1586 πολιτῶν

994 1609 1042 1636 καὶ
1071 1607 1219 1643 Διδύϐρων
1239 1606 1286 1633 καὶ
1315 1604 1416 1640 Σωρῶν
1452 1603 1634 1639 ’Ᾱμαστρίδος
1661 1602 1709 1629 καὶ
1722 1601 1790 1636 πρός

994 1659 1027 1685 γε
1049 1648 1251 1677 Ἶωνοπολιτῶν.
1273 1647 1319 1674 Sic
1345 1646 1500 1674 Iloloander
1524 1644 1654 1680 vulgavit,
1679 1643 1791 1678 natique

995 1693 1058 1720 hinc
1076 1696 1139 1718 suut
1159 1689 1252 1717 tutnnli
1272 1687 1454 1715 Amastridos.
1472 1685 1653 1721 Hombergius
1670 1685 1696 1711 in
1719 1685 1791 1712 uotis

995 1742 1010 1761 e
1026 1741 1077 1761 ms.
1093 1737 1158 1767 pulo
1171 1752 1179 1764 ,
1206 1730 1285 1758 aﬂerl
1308 1729 1397 1764 φαμὲν
1423 1728 1452 1756 δὲ
1477 1725 1739 1763 Γερμανικοπόλεὼς
1759 1734 1790 1751 τε

994 1776 1045 1811 τῆς
1059 1775 1130 1810 πρὸς
1143 1774 1282 1808 Γάγγραν,
1297 1771 1442 1807 Πομπηΐου
1460 1770 1574 1802 πόλεως,
1586 1768 1730 1811 Δαδύὸρφν
1743 1768 1791 1796 καὶ

995 1809 1095 1852 mpm
1113 1815 1159 1842 καὶ
1185 1813 1364 1850 Ἀμαστρίδος
1383 1812 1430 1840 καὶ
1451 1812 1520 1846 πρός
1541 1819 1572 1845 γε
1599 1809 1790 1852 ’ἰωνοπόλεωςγ

995 1858 1091 1890 multo,
1115 1865 1157 1884 me
1171 1856 1263 1891 judice
1288 1855 1399 1882 rectius.
1427 1853 1539 1880 Diilieile
1561 1857 1652 1879 autem
1669 1855 1722 1884 est,
1740 1851 1789 1885 qui

995 1908 1044 1929 sex
1058 1900 1207 1935 imperator
1222 1896 1412 1932 Paphlagoniae
1428 1896 1477 1923 has
1495 1895 1576 1921 urbes
1597 1892 1708 1925 dixerit,
1727 1899 1790 1935 cum

996 1942 1074 1977 plane
1090 1934 1191 1975 septem
1220 1945 1364 1966 recensere
1383 1937 1517 1968 videatur,
1540 1934 1790 1977 Germanicopoliu,

996 1975 1142 2018 Cangram,
1160 1979 1380 2016 Pompeiopoliu,
1399 1977 1535 2013 Dadybra,
1553 1975 1633 2009 Sora,
1650 1975 1789 2018 Amastrin

996 2030 1024 2053 et
1036 2017 1201 2058 Jonopolin;
1229 2029 1316 2056 neque
1340 2019 1459 2054 suspicio
1485 2018 1519 2046 de
1545 2018 1666 2045 numeris
1686 2017 1790 2044 vitiatis

997 2068 1120 2096 incidere
1148 2068 1248 2100 potest,
1275 2062 1409 2097 siquidem
1436 2061 1537 2088 diserte
1565 2060 1591 2087 in
1614 2059 1792 2094 sequentibus

997 2109 1032 2137 12
1046 2109 1127 2136 urbes
1147 2105 1272 2142 praetoris
1297 2103 1488 2139 Paphlagonia:
1510 2102 1615 2135 ditioni,
1630 2110 1677 2130 sex
1699 2100 1791 2128 Hono-

998 2150 1082 2178 riadis
1108 2153 1135 2177 et
1152 2147 1263 2176 totidem
1284 2145 1486 2181 Paphlagoniae.
1507 2144 1628 2178 subjicit.
1656 2143 1734 2176 Mihi,
1762 2147 1791 2169 ut

996 2191 1115 2220 Novella!
1132 2189 1265 2218 sententia
1283 2193 1400 2220 constet,
1421 2186 1655 2222 Germanicopolis
1675 2186 1791 2218 Gangra:

997 2235 1105 2262 videtur
1125 2231 1280 2260 contributa
1306 2231 1341 2257 ob
1365 2229 1494 2257 viciniam
1518 2236 1550 2256 ac
1576 2232 1718 2263 propterea
1742 2235 1792 2262 pro

997 2283 1052 2303 una
1075 2274 1157 2302 sumi.
1184 2271 1340 2306 Metropolis
1362 2271 1510 2306 provinciae
1531 2270 1637 2306 Gangra
1659 2268 1792 2304 praeteriri

997 2317 1068 2344 haud
1084 2315 1182 2351 potuit,
1200 2314 1300 2348 quippe
1314 2312 1424 2340 caeteris
1441 2311 1573 2347 dignitate
1586 2316 1738 2347 praestans;
1753 2309 1792 2337 illi

997 2358 1115 2387 vicinam
1146 2355 1387 2389 Germanicopolin
1416 2353 1483 2382 facit
1509 2357 1602 2389 aperte
1632 2353 1794 2387 imperator,

997 2397 1230 2436 Γερμανικόπολιν
1244 2397 1294 2432 τὴν
1306 2396 1375 2431 πρὸς
1391 2396 1520 2431 Γάγγραν
1536 2395 1684 2431 appellans.
1704 2394 1794 2429 Atque

999 2442 1063 2469 hinc
1078 2441 1186 2468 videtur
1199 2439 1292 2474 Letiam
1308 2438 1500 2468 derivandum.
1517 2445 1566 2465 cur
1579 2436 1797 2470 Germanicopo-

997 2485 1034 2516 tiu
1051 2482 1188 2510 Hierocles
1205 2485 1364 2514 czetermque
1379 2479 1493 2507 Notitiw
1512 2479 1673 2514 spreverint.
1690 2484 1794 2512 curque

998 2527 1057 2561 ejus
1072 2525 1099 2552 in
1117 2524 1295 2552 conciliorum
1312 2523 1385 2550 Actis
1401 2522 1505 2549 mentio
1522 2522 1606 2549 nulla.

1033 2569 1101 2596 Ibid.
1125 2566 1314 2602 Ἀμάστρίον.
1334 2565 1488 2600 Ἀμαστρις
1503 2563 1623 2591 Lttciano
1637 2562 1794 2598 passimque

997 2610 1059 2638 aliis
1075 2613 1101 2636 et
1117 2607 1234 2636 concilio
1260 2607 1426 2635 Chalcedon.
1449 2613 1476 2641 p.
1491 2605 1535 2632 96.
1549 2605 1659 2632 Nicaeae
1674 2603 1793 2631 secundo

1005 2651 1158 2687 'Apaictpa,
1175 2649 1356 2677 Constantino
1374 2648 1542 2683 imperatori,
1558 2647 1677 2680 itemque
1693 2644 1792 2687 Hicetas

998 2685 1164 2729 Papltlagoni
1176 2695 1246 2720 orat.
1261 2691 1289 2718 in
1303 2690 1333 2718 S.
1348 2690 1529 2726 Hyacinthum
1543 2688 1614 2716 XVII
1625 2687 1688 2715 Julii
1701 2685 1791 2721 magni

1000 2735 1162 2763 Sanctorum
1177 2730 1342 2769 operisfqui
1360 2739 1419 2759 eam
1443 2730 1636 2766 Paphlagonia:
1654 2733 1700 2756 aut
1716 2729 1794 2756 orbis

999 2777 1090 2813 potius
1108 2776 1234 2808 ocellum,
1258 2775 1283 2802 in
1307 2773 1385 2808 cujus
1402 2778 1509 2808 portutn
1531 2771 1629 2800 Euxini
1655 2770 1731 2798 Pomi
1746 2778 1795 2797 ac-

999 2819 1065 2846 coite
1077 2823 1206 2853 tanquam
1220 2823 1391 2844 communem
1401 2815 1544 2850 quemdam
1558 2817 1705 2841 mercatum
1717 2819 1795 2839 eom-

982 2865 1107 2896 ,meent,
1132 2859 1249 2896 appellat
1269 2868 1276 2887 :
1302 2858 1446 2893 Ἀμάστρα
1471 2858 1486 2884 ό
1509 2857 1559 2892 τῆς
1587 2854 1792 2896 Παφλειγονίας,

1003 2903 1102 2938 μᾶλλον
1125 2902 1153 2929 δὲ
1179 2901 1229 2937 τῆς
1254 2900 1414 2936 οἰκουμὲνης
1440 2898 1530 2935 ὀλίγου
1558 2899 1614 2927 δεῖν
1639 2895 1793 2930 ὀφθαλμὸς,

1766 2994 1784 3012 Α
