1911 3071
139 142 209 175 1153

559 142 757 173 COMMENT.
780 141 820 172 IN
838 140 1048 172 HIEROCLIS
1066 122 1340 174 SYNECDEMUM.

1695 143 1766 176 ilbi

138 200 306 228 llolstcinius
327 200 353 228 iu
377 199 523 234 Oeagrium.
544 199 574 227 S.
591 207 672 226 manu
690 203 830 226 exaratum
853 198 930 225 codi-
985 203 1105 226 veterem
1131 199 1312 233 dignationem
1339 201 1469 229 Czesareze
1491 201 1636 229 stabilitam
1664 202 1774 233 Firmus

136 242 344 271 cemTrocnada
360 243 416 268 sive
436 241 648 276 Ῥεγετρόκναδα
674 240 803 275 pra-ferre
827 245 927 272 tnouet,

135 284 209 319 quod
223 284 282 311 sine
295 283 377 311 dubio
391 283 491 311 rectius
505 287 547 310 est
564 291 571 310 :
585 290 645 308 nam
662 287 691 309 et
702 282 833 317 Cyriacus
860 281 929 316 Τρο-

136 326 242 354 κνάδων
259 325 459 358 (Σιιιιιιτεᾱοηψ.
474 324 537 354 665,
547 329 574 352 et
589 324 749 351 Theodorus
766 323 929 358 Τροκνάδων

136 369 186 403 τῆς
197 367 328 402 δευτέρας
343 365 471 393 Γαλατῶν
483 366 618 400 ἐπαρχίας
628 364 837 398 Constantinop.
850 364 929 390 tertio

137 416 165 443 p.
182 408 246 440 672,
260 412 287 435 et
303 408 386 435 Leon.
405 407 566 442 Τροκνάδων
584 407 692 433 Nica-no
709 407 861 439 secundop.
877 404 929 432 555

137 449 296 477 subscribit.
312 449 446 482 Quoniam
469 455 532 475 vero
549 447 691 482 Cyriacus,
713 447 790 481 cujus
807 445 927 477 mctuini,

137 490 306 526 Τροκμάδων
324 490 350 517 ἰιι
365 489 494 517 Cltalced.
512 497 540 524 p.
557 489 608 516 125
622 494 650 516 et
664 488 717 516 509
730 488 840 520 dicitur,
861 487 929 514 forte

137 533 286 569 Τρόκμαδα
301 532 477 567 pra-stiterit".
486 536 516 559 ut
530 540 544 558 a
557 530 690 562 Troctuis,
704 535 782 566 gente
796 529 928 562 Galatica,

138 582 236 601 nomen
252 574 408 602 descendat.

173 616 232 644 Col.
242 616 302 643 ηθ.
313 614 551 647 Εὺδοξιάς.11ιιυά
561 613 838 646 multumdisjunctam
847 613 929 640 fuisse

137 665 153 685 ι
168 658 339 685 Germiormn
355 658 474 689 civitate,
499 664 532 684 ex
559 655 617 683 Vita
642 655 775 683 Theodori
807 655 928 690 Syceota:

137 707 217 728 c.vtu
232 704 352 733 apparet.
363 698 429 732 Ejus
441 698 584 733 episcopus
598 697 711 732 Aquilas
721 701 763 724 est
776 697 802 723 in
814 695 928 723 Chalce-

138 742 201 767 don.
227 749 254 775 p.
278 740 341 772 665,
367 745 396 766 ut
419 747 560 774 perperam
586 739 659 766 nulla
683 738 742 772 ejus
765 737 800 765 sit
814 738 884 764 ratio
901 737 928 764 in

138 781 303 816 Geographie
321 780 351 809 S.
370 781 472 809 habita.

175 824 241 851 Ibid.
259 822 421 858 Μυρικιῶν.
448 822 504 850 Hoc
525 830 592 850 mss.
614 821 697 854 dant;
717 828 766 848 nec
781 820 928 855 quidquam

138 865 205 893 milii
223 866 256 892 de
280 866 347 893 urbe
369 865 498 896 innotuit,
515 871 597 898 quam
617 862 675 891 Jac.
691 862 772 890 Goari
796 862 928 889 Nott'iam

137 914 192 934 non
207 914 319 941 prorsus
328 914 388 934 eam
400 906 539 933 damnare.

174 948 241 976 Ibid.
270 949 391 984 Γερμία.
421 946 644 983 Γερμοκολώνεια
672 945 781 974 Νοιειὶιε
800 945 828 973 1.
846 945 928 973 Goari

138 998 167 1026 p.
183 991 247 1024 5-H,
265 999 316 1018 nec
337 990 417 1023 male,
435 995 464 1016 ut
485 991 518 1016 ad
535 989 602 1016 Itin.
619 990 683 1017 Ant.
706 997 733 1023 p.
750 989 800 1015 201
814 987 928 1015 videbis.

137 1032 231 1060 Etate
245 1033 348 1060 acriore
361 1031 590 1067 Myriangelorum
613 1031 722 1058 nomine
746 1031 803 1058 haec
821 1030 928 1058 colonia

138 1075 254 1103 celebris
269 1075 330 1102 fuit.
353 1074 532 1110 Theophanes
544 1081 570 1109 p.
582 1075 636 1103 205
651 1083 659 1102 :
678 1075 811 1110 ’Δπῆλοεν
825 1075 839 1103 ὸ
854 1075 929 1110 βασι-

138 1118 201 1150 λεὺς
222 1117 411 1148 Ἰουστινιανὺς
427 1117 507 1152 χάριν
521 1117 603 1153 εὐχῆς
618 1118 646 1144 ὲν
659 1118 715 1148 τοῖς
727 1117 928 1152 Μυριαγγέλοις

139 1161 223 1196 ἡγουν
244 1162 272 1187 ὲν
292 1159 430 1195 Γερμίοις,
446 1160 523 1186 πόλει
538 1159 587 1194 τῆς
604 1159 747 1192 Γαλατίας.
763 1159 841 1186 Fallit
855 1160 927 1186 enim

139 1203 166 1229 .l.
180 1203 263 1235 Guar,
278 1209 338 1229 cum
353 1201 456 1236 Pythia:
472 1201 603 1234 thermas,
615 1201 648 1229 de
666 1202 764 1236 quibus
780 1201 928 1236 Procopius

140 1244 222 1272 Fabr.
236 1244 335 1271 Justin.
348 1251 374 1274 v.
392 1244 420 1273 5,
432 1243 623 1277 intelligendas
639 1247 733 1270 eensrt
749 1251 756 1269 :
771 1242 822 1270 illa:
843 1243 870 1270 in
882 1242 928 1269 Bi-

140 1286 233 1322 thynia
246 1285 365 1318 fuerunt,
382 1283 490 1312 Germia
506 1284 538 1311 16
549 1284 582 1311 Μ.
597 1280 654 1312 P.a
671 1284 841 1312 Pessinunte.

176 1327 242 1355 Ibid.
274 1327 336 1354 Υπύ
352 1327 581 1361 κοννευλάριον.
596 1326 778 1361 Vespasianus
788 1325 929 1361 Cappado-

139 1370 191 1397 ci:e
205 1374 315 1405 propter
323 1369 450 1396 assiduos
467 1369 646 1396 barbarorum
663 1369 788 1397 incursus
810 1368 929 1401 legiones

141 1411 261 1444 addidit,
296 1409 524 1445 consularemque
557 1416 690 1437 rectorem
722 1410 851 1445 imposuit
881 1417 929 1444 pro

139 1453 232 1488 equite
249 1452 383 1484 Romano,
398 1452 469 1486 apud
482 1451 593 1479 Sueton.
607 1458 632 1480 c.
651 1458 709 1479 vin.
726 1451 782 1479 Sub
796 1451 930 1478 Constan-

142 1495 199 1521 tino
225 1493 345 1528 prasidi,
372 1493 450 1528 cujus
474 1493 500 1520 in
527 1492 546 1520 l.
566 1492 617 1526 41,
636 1500 662 1520 c.
681 1493 713 1520 de
738 1492 827 1520 libral.
853 1499 928 1520 caus.

141 1537 244 1564 mentio
258 1541 310 1568 est,
325 1535 431 1571 paruit;
444 1543 531 1570 neque
541 1536 622 1563 alium
636 1536 726 1563 Basilii
741 1535 776 1563 Μ.
786 1540 831 1562 aut
843 1535 930 1569 Chry-

141 1577 252 1606 sostomi
263 1583 388 1612 tempore
404 1578 590 1612 magistratum
607 1578 736 1605 habuisse
749 1577 866 1604 videtur.
885 1576 931 1603 llle

142 1619 223 1654 epist.
239 1618 274 1645 78
290 1623 318 1645 et
338 1618 372 1647 94
392 1618 510 1654 ἄρχοντα
524 1619 573 1653 τῆς
596 1619 729 1655 ἐπαρχίας
746 1623 773 1645 et
796 1618 876 1653 epist.
896 1618 931 1645 86

141 1661 276 1696 ἡγεμόνα.
296 1660 340 1688 hic
359 1660 481 1696 ἡγεμόνα
505 1661 587 1695 epist.
602 1668 649 1688 xtv
668 1668 695 1696 p.
713 1659 764 1688 596
783 1667 845 1687 nov.
863 1659 929 1687 edit.

89 1700 96 1705 ’
141 1706 291 1736 nuncupat.
304 1702 396 1730 Denuo
412 1702 549 1730 consulari
565 1703 689 1729 mandata
701 1706 743 1730 est
753 1709 767 1728 a
779 1701 931 1729 Theodosio

140 1745 273 1776 secundo,
292 1744 371 1779 cujus
388 1744 454 1771 ntihi
479 1745 517 1772 rei
536 1749 632 1772 auctor
651 1749 692 1772 est
711 1743 818 1770 Firmus
837 1744 930 1770 Caesa-

143 1785 241 1812 iiensis
259 1786 412 1819 epismpus,
428 1785 455 1812 in
471 1785 593 1820 epistolis
609 1805 617 1817 ,
637 1793 705 1820 quas
719 1785 752 1812 A.
771 1784 932 1812 Muratorius

142 1827 170 1854 in
185 1827 310 1855 Anudol.
335 1828 420 1854 Gra'c.
437 1827 566 1861 vulgavit.
586 1827 634 1855 Sic
647 1828 717 1854 enim
733 1827 812 1862 epist.
825 1834 878 1854 χιιι
898 1826 931 1853 ad

143 1868 340 1896 Suterichum:
365 1869 502 1903 Ποιήσατε
524 1868 554 1895 δὲ
580 1869 647 1903 ἡμῖν
671 1869 719 1896 καὶ
746 1867 793 1894 τὸν
815 1868 932 1903 ἄρχοντα

144 1910 256 1946 μείζονα
273 1909 310 1945 μὴ
325 1909 364 1945 τῷ
378 1910 490 1945 ὀνόματι
505 1909 596 1945 μόνον,
607 1909 675 1936 ἀλλὰ
690 1910 737 1936 καὶ
753 1911 785 1946 τῇ
799 1909 931 1944 δυνάμεις

143 1960 206 1979 naut
222 1952 244 1979 si
260 1951 406 1986 provincias
421 1951 592 1986 praepositus,
610 1957 690 1985 quem
703 1951 846 1985 przesidcm
863 1950 932 1977 vidi-

144 2002 216 2026 mus,
235 1994 314 2021 titulo
332 1993 524 2021 excellentiore
546 1992 627 2020 fuerit
642 1993 767 2026 donatus,
791 1993 884 2028 utique
899 1992 932 2019 ad

144 2035 299 2063 consularis
312 2035 470 2070 dignitatem
482 2039 594 2062 evectus
605 2035 657 2062 erit
669 2035 831 2062 censendus.
846 2036 934 2068 Atque

145 2077 196 2104 hoc
220 2077 299 2111 epist.
319 2083 363 2103 xvi
385 2076 417 2103 ad
436 2075 607 2104 Thalassium
622 2076 724 2104 clarius
748 2077 834 2103 innuit
855 2076 934 2104 :Kal.

143 2119 189 2145 τδν
203 2119 333 2153 ἄρχοντα,
347 2118 376 2145 ὃν
400 2118 612 2154 ἑπιφανέστερον
630 2119 696 2154 ἡμῖν
718 2120 872 2155 πεποίηκας
900 2120 933 2154 σῇ

145 2160 260 2195 σπουδῇ,
285 2160 397 2195 χάρισαι
422 2161 479 2192 τοῖς
499 2160 671 2195 πράγμασιν,
695 2160 732 2193 ὡς
763 2161 934 2196 προσήκοντά

144 2210 200 2236 σοι,
221 2201 413 2237 γνωρίζεσθαι.
436 2202 556 2229 Postulat
579 2201 686 2230 Firmus
709 2207 738 2230 ut
759 2203 934 2238 Cappadocia:

144 2244 240 2279 prima:
260 2244 410 2272 consularis
431 2244 556 2271 latiorem
571 2250 707 2280 campum,
723 2244 769 2272 tibi
789 2252 934 2273 excurrere

145 2285 206 2320 ejus
225 2286 312 2312 virtus
330 2290 358 2312 et
383 2285 524 2320 prudentia
541 2285 641 2319 possit,
657 2286 783 2320 accipiat,
801 2291 882 2321 atque
902 2287 934 2314 ad

145 2334 207 2354 eum
220 2327 330 2354 redeant
342 2327 422 2354 urbes
432 2334 492 2361 quae
503 2334 518 2354 a
530 2325 644 2354 Valente
654 2326 816 2362 imperatore
828 2327 935 2355 fuerant

145 2368 283 2396 distractte
299 2373 327 2395 et
341 2368 449 2404 pra:sidi
470 2368 646 2403 Cappadociae
658 2369 782 2396 secunda-
795 2368 934 2403 subjecta.

146 2411 183 2438 Ea
199 2415 240 2439 est
255 2411 390 2438 sententia
415 2411 570 2443 verborum,
587 2411 620 2438 ad
634 2418 693 2446 quae
709 2411 749 2438 vir
764 2411 936 2439 doctissimus

146 2452 294 2480 olIendisse
307 2452 415 2480 videtur
427 2461 434 2479 :
447 2452 496 2484 Δὸς
510 2452 537 2479 δὲ
550 2453 597 2480 καὶ
612 2453 717 2480 πόλεων
731 2452 875 2488 προσθήκῃ
886 2454 935 2488 τὴν

147 2494 234 2530 ἀρχὴν
251 2494 434 2528 εὐθηνείσθαι,
460 2494 503 2521 ἵνα
518 2503 558 2521 σοι
575 2494 755 2529 περίϐλεπτος
768 2495 812 2522 διὰ
827 2495 936 2522 πάντων

147 2536 165 2571 ὴ
179 2534 279 2570 πατρὶς
291 2535 416 2570 γένηται.
431 2535 517 2563 Recte
530 2544 595 2571 ergo
613 2537 782 2564 consularem
798 2536 936 2565 Hierocles

148 2577 213 2604 huic
227 2576 403 2611 Cappadociae
425 2576 518 2611 dedit;
546 2585 596 2605 nec
614 2578 762 2613 quidquam
779 2578 816 2605 illi
839 2578 938 2606 oﬂiciet

149 2617 238 2645 Notit.
254 2619 320 2652 imp.
339 2616 442 2646 Orienl.
459 2625 485 2646 c.
508 2619 535 2652 l,
551 2619 594 2646 ubi
617 2620 723 2654 prazsidi
745 2621 935 2654 committitur,

149 2660 229 2687 modo
246 2666 305 2686 eam
333 2657 486 2687 Theodosio
505 2661 625 2688 secundo
647 2666 673 2689 et
695 2660 788 2690 Firmo
809 2663 936 2697 episcopo

148 2709 210 2730 csse
224 2702 342 2736 prioretn
358 2702 526 2730 ntemineris.

185 2743 252 2770 Ibid.
267 2742 438 2777 Καισάρεια.
454 2743 524 2771 Olim
538 2745 620 2772 totius
634 2744 808 2780 Cappadocia:
822 2745 871 2773 l‘uit
883 2753 938 2773 mc-

150 2785 273 2821 tropolis,
285 2787 332 2813 sed
346 2785 483 2820 provincia
500 2787 605 2815 induas
617 2795 631 2814 a
648 2787 759 2816 Valente
775 2788 937 2823 imperatore

150 2833 224 2854 secta
241 2827 310 2855 hanc
321 2827 357 2855 illi
371 2827 530 2861 dignitatem
545 2829 674 2857 invidisse
691 2829 783 2865 Tyana
801 2830 936 2858 videntur.

151 2868 238 2897 Litetu
263 2869 314 2898 sub
344 2868 498 2900 Theodosio
525 2871 784 2909 secundosopitatn
812 2872 894 2901 fuisse
911 2878 938 2902 et

981 240 1061 274 epist.
1082 240 1114 267 Π
1135 241 1245 269 ind.cat.
1264 241 1283 269 S
1296 248 1348 269 tam
1370 242 1453 270 fuisse
1465 243 1497 269 ad
1513 243 1636 276 Argntum
1653 250 1771 271 montem

982 286 1082 310 norunt
1101 290 1206 315 omnes,
1223 292 1276 311 non
1301 285 1364 311 item
1387 289 1496 319 propter
1520 285 1716 318 amplissimum
1734 287 1773 311 la-

983 330 1056 355 cum,
1072 324 1118 359 qui
1136 325 1161 351 in
1179 325 1262 360 llalyn
1280 325 1425 358 inﬂuebat;
1443 332 1533 359 operte
1550 326 1639 360 itaque
1656 327 1771 360 pretium

983 363 1064 390 fuerit
1089 366 1199 399 paulum
1216 367 1277 393 huic
1290 367 1326 393 rei
1341 367 1489 399 immorari,
1502 371 1528 393 et
1542 375 1601 401 qua:
1620 367 1676 394 lora
1693 367 1774 403 llalys

981 405 1104 439 przrﬂuat
1130 406 1280 442 inquirere.
1307 408 1392 436 Lacus
1418 409 1547 436 distincta
1576 409 1679 436 mentio
1702 409 1773 443 apml

982 447 1141 475 Strabonem
1165 457 1215 481 xu,
1239 457 1266 484 p.
1284 450 1336 477 558
1357 455 1408 482 est,
1435 455 1462 478 et
1478 451 1610 477 incertum
1634 456 1772 478 auctorem

981 488 1104 520 epistola:
1130 497 1191 524 quae
1212 490 1284 519 inter
1305 491 1456 519 Basiliauas
1479 492 1632 519 novissima:
1648 493 1774 520 editionis

982 530 1045 557 565.
1073 531 1098 558 ls
1122 539 1183 558 cum
1215 533 1360 560 immanem
1390 534 1460 561 nivis
1497 538 1524 560 et
1549 534 1646 568 pluvia:
1667 535 1772 568 copiam

982 571 1084 598 incum
1103 574 1239 607 depluisse
1257 580 1406 607 narrasset,
1428 575 1529 610 ὰοῴας
1550 573 1596 602 οὖν
1611 578 1771 610 γενομένης,

983 613 1131 649 ἰηιιιιίι,τῆς
1142 615 1246 650 τήξεως
1254 616 1401 643 ἀνείκαστα
1409 617 1519 652 ἐκινήθη
1529 619 1661 652 ῥεύματα,
1669 618 1774 652 ἀεννάῳ

982 657 1099 692 ποταμῷ
1117 658 1370 693 συνεπιμιγνὺμενα
1382 659 1421 694 τῷ
1436 659 1517 685 "Aloi
1529 660 1633 693 ὲναύλῳ
1647 669 1677 685 τε
1690 659 1746 685 livet
1765 668 1772 685 :

981 706 1033 732 qna
1047 700 1102 725 nive
1117 700 1202 726 subito
1219 699 1386 734 liquesceme,
1405 701 1501 735 ﬂuctus
1521 700 1698 731 incredibiles,
1715 700 1774 735 jugi

981 741 1061 775 ﬂuuio
1078 745 1155 775 alque
1172 747 1230 768 arto
1251 742 1322 768 alveo
1342 743 1427 768 ruenti
1453 741 1533 776 lla/gi
1553 742 1698 773 commixti,
1715 749 1774 768 sur-

981 788 1114 810 rexerunt.
1128 784 1193 816 Qua
1211 783 1318 816 Halym,
1339 784 1401 811 licet
1422 784 1573 812 Cutelerius
1590 788 1656 811 tom.
1683 790 1701 811 η
1717 784 1773 810 Μο-

982 832 1057 852 num.
1075 824 1160 852 Grtec.
1186 833 1211 860 p.
1230 826 1263 853 9⁵1
1285 832 1313 853 et
1339 834 1458 861 nuperus
1479 827 1568 853 editor
1593 834 1654 853 eum
1681 826 1773 853 videre

982 865 1128 897 noluerint.
1155 868 1225 894 haud
1252 868 1365 895 multmn
1390 867 1513 895 Ca'sarea
1541 873 1691 895 remOvent.
1718 867 1773 895 Nec

981 906 1062 937 alius.
1089 913 1163 948 puto,
1195 913 1237 936 est
1265 910 1364 943 γείτων
1398 909 1531 944 ποταμός.
1558 909 1634 944 cujus
1664 909 1772 936 Firmus

981 949 1061 982 epist.
1087 949 1132 977 55.
1158 951 1303 983 meminit;
1322 952 1372 978 nisi
1399 956 1426 978 tu
1444 951 1573 978 Melanem
1598 959 1659 978 esse
1682 951 1772 983 malis,

982 998 1061 1025 quem
1074 991 1172 1019 Strabo
1187 1000 1237 1026 xu,
1250 1002 1275 1028 p.
1289 993 1340 1021 558
1353 994 1449 1021 stadiis
1464 994 1498 1021 40
1513 994 1547 1021 ab
1561 994 1626 1020 urbe
1638 993 1772 1020 scaturrire

981 1033 1110 1068 prodidit.
1126 1034 1202 1067 Quod
1219 1040 1357 1070 utcunque
1371 1036 1509 1068 ceciderit,
1525 1036 1617 1072 Halym
1634 1043 1698 1069 agro
1711 1043 1771 1067 suo,

980 1075 1032 1102 etsi
1052 1083 1124 1110 s:epe
1142 1077 1406 1111 perincommodmn,
1430 1078 1610 1105 C:esarienses
1631 1077 1696 1111 eripi
1717 1084 1771 1103 non

981 1117 1128 1151 patientur.
1141 1118 1198 1146 Huc
1215 1127 1230 1146 a
1244 1119 1367 1146 Sebastia
1381 1119 1524 1152 deﬂuebat,
1539 1119 1565 1146 in
1582 1119 1771 1146 Armeniorum

981 1159 1083 1186 ditioue
1095 1165 1171 1188 ortus
1186 1170 1193 1189 :
1209 1158 1286 1193 οὗτος
1297 1163 1310 1189 ὁ
1328 1161 1414 1197 λοχῶν
1429 1162 1478 1195 (sic
1493 1169 1552 1188 ctnn
1570 1160 1773 1188 Hemstcrltusm

981 1205 1076 1228 nostro
1094 1201 1153 1237 lege
1171 1210 1180 1230 :
1202 1210 1265 1230 nam
1283 1203 1373 1238 λαχὼν
1389 1203 1473 1230 multo
1496 1202 1693 1235 ineptissimum
1707 1202 1770 1235 est),

981 1239 1059 1272 οὗτος
1073 1243 1088 1269 ό
1101 1243 1188 1278 λοχῶν
1206 1245 1284 1278 ἡμῖν,
1302 1243 1517 1278 inquitcpistola:
1534 1243 1660 1276 Scriptor,
1675 1243 1773 1276 γείτων

982 1284 1116 1320 ποταμὸς,
1124 1285 1263 1317 ὲκόλύζων
1274 1286 1322 1321 μὲν
1334 1287 1365 1313 ὲκ
1375 1286 1422 1321 τῆς
1430 1285 1484 1312 τῶν
1492 1283 1654 1320 ’Δρμενίων,
1664 1283 1774 1317 ἐμϐιϐα-

981 1324 1095 1360 (diuvo;
1106 1327 1134 1354 δὲ
1145 1327 1174 1354 ὲν
1182 1328 1216 1363 τῇ
1226 1327 1362 1363 ἱερωτάτῃ
1371 1328 1453 1364 λίμνῃ
1461 1327 1514 1353 τῶν
1525 1325 1701 1361 Σεϐαστηνῶν
1710 1334 1736 1352 κ.
1746 1325 1772 1353 λ.

981 1367 1068 1402 Atque
1081 1369 1132 1396 hoc
1149 1377 1210 1396 cum
1226 1369 1360 1397 Strabone
1374 1377 1423 1402 sit,
1441 1368 1525 1403 p.546
1543 1369 1610 1395 bene
1626 1367 1692 1394 satis
1706 1374 1774 1394 con-

984 1410 1059 1436 Venit
1082 1409 1204 1446 :Halym
1229 1412 1301 1438 enim
1326 1419 1358 1438 ex
1385 1418 1482 1445 magna
1507 1409 1675 1444 Cappadocia
1701 1409 1773 1436 circa

983 1450 1189 1486 Cambysencm.
1206 1452 1342 1480 Armeniae
1362 1452 1544 1479 contributam
1556 1471 1564 1484 ,
1585 1451 1699 1478 derivat.
1720 1450 1774 1477 Nec

983 1492 1062 1527 longe
1075 1493 1164 1520 aberit
1181 1492 1334 1521 Herodotus
1349 1502 1369 1526 t,
1386 1493 1431 1525 72,
1449 1493 1472 1520 si
1489 1500 1537 1530 per
1552 1491 1695 1527 Ἀρμένιον
1711 1491 1776 1526 ὅρος

983 1539 1102 1561 montem
1126 1535 1262 1562 Armeniae
1288 1535 1466 1562 intellexerit.
1494 1534 1600 1569 Optime
1626 1541 1690 1561 vero
1712 1541 1774 1561 cum

983 1575 1115 1611 Gregorio
1144 1576 1268 1611 Nysseno
1296 1577 1418 1610 epistolze
1443 1581 1537 1604 auctor
1557 1575 1704 1608 consentit,
1729 1576 1777 1610 qtti

983 1621 1055 1644 orat.
1076 1617 1088 1644 l
1117 1618 1143 1644 in
1159 1617 1194 1644 40
1213 1617 1324 1653 Martyr.
1349 1618 1514 1646 Sebastcuos
1529 1625 1556 1652 p.
1578 1617 1626 1645 501
1650 1625 1656 1643 :
1675 1616 1776 1644 Τοῦτον

983 1657 1057 1693 λέγω
1080 1659 1125 1686 τδν
1142 1659 1250 1693 γείτονα
1267 1659 1399 1694 ποταμὸν,
1419 1659 1449 1691 ὃς
1476 1659 1520 1685 διὰ
1541 1659 1572 1686 τὸ
1590 1658 1705 1693 μέγεθος
1719 1659 1776 1690 τοῖς

983 1700 1143 1735 ὁνομαστοίς
1157 1701 1212 1728 τῶν
1226 1701 1298 1728 κατὰ
1314 1702 1362 1736 τὴν
1379 1701 1544 1737 οἰκουμένην
1572 1700 1707 1735 παταμῶν
1726 1701 1777 1726 ιν-

986 1743 1116 1778 αρίϐμιος
1130 1743 1179 1773 ὦν,
1195 1743 1251 1770 ἀπὸ
1264 1744 1313 1778 τῆς
1332 1744 1470 1778 ἡμετέρας
1488 1743 1639 1778 ἀρχόμενος
1649 1743 1677 1769 ὲν
1688 1742 1778 1776 χρονῳ

984 1784 1153 1818 παραμείϐει
1173 1785 1223 1819 τὴν
1248 1784 1335 1812 πόλιν,
1351 1784 1411 1812 Non
1429 1785 1472 1811 ille
1486 1784 1595 1819 quidem
1615 1783 1709 1818 Halym
1728 1791 1775 1809 tto-

986 1826 1092 1859 minat;
1108 1828 1155 1854 sed
1173 1834 1223 1853 nec
1238 1827 1263 1853 in
1277 1825 1331 1854 Irin
1352 1834 1439 1861 neque
1454 1827 1554 1861 Lycum
1569 1825 1703 1860 quadrant
1715 1832 1775 1858 qme

985 1868 1019 1895 de
1031 1867 1113 1895 ﬂuvio
1124 1867 1254 1902 prmdicat
1269 1876 1276 1895 :
1294 1872 1390 1896 neuter
1399 1868 1471 1895 enirn
1490 1872 1544 1894 tam
1560 1867 1632 1902 large
1649 1870 1676 1894 et
1687 1867 1776 1899 ample

985 1909 1064 1937 ﬂuxit
1088 1915 1117 1936 ut
1142 1917 1204 1937 cum
1225 1909 1400 1937 nobilissimis
1428 1908 1503 1937 orbis
1526 1914 1657 1936 terrarum
1688 1907 1778 1934 ﬂuviis

985 1951 1111 1984 comendi
1126 1951 1221 1986 possit.
1241 1950 1270 1978 In
1287 1950 1382 1987 Halym
1401 1950 1549 1979 convenire
1563 1957 1644 1977 nemo
1659 1952 1775 1985 negave-

986 1993 1033 2020 rit.
1047 1992 1093 2020 Ne'
1103 1993 1192 2020 dicant
1210 1992 1313 2020 nullius
1333 1993 1494 2020 auctoritate
1509 1992 1612 2027 liquere
1625 1991 1775 2019 Sebastiani

986 2037 1061 2072 Lyco
1085 2036 1171 2064 fuisse
1197 2036 1366 2072 appositam;
1393 2036 1470 2070 cujus
1495 2035 1617 2063 fontibus
1641 2035 1778 2062 assidebat

987 2077 1182 2112 Sebastopolis,
1207 2079 1233 2105 ui
1252 2077 1327 2105 fallat
1346 2077 1517 2110 Ptoleuiagus,
1533 2085 1549 2104 a
1563 2085 1615 2112 qua
1629 2083 1725 2104 verens
1737 2076 1778 2103 in-

988 2120 1116 2147 teriorem
1138 2119 1293 2147 Armeniam
1313 2119 1374 2153 plus
1393 2119 1428 2146 40
1450 2119 1484 2148 Μ,
1502 2119 1533 2147 Ρ.
1549 2119 1672 2146 Sebastia
1694 2117 1779 2145 dista-

987 2162 1044 2189 bat.
1062 2160 1158 2196 Itaque
1184 2161 1206 2188 si
1227 2165 1301 2188 recte
1327 2162 1384 2188 haec
1398 2160 1604 2196 disputavimus.
1629 2167 1684 2187 non
1700 2159 1779 2187 rideo

987 2204 1033 2238 qui
1049 2202 1173 2230 excusari
1190 2201 1294 2230 Plinius
1310 2203 1396 2237 possit
1412 2210 1448 2234 vt,
1464 2202 1482 2229 2
1496 2209 1603 2230 amnem
1617 2201 1712 2237 Halym
1731 2209 1778 2236 per

987 2244 1145 2272 Cataoniam
1173 2244 1201 2271 in
1216 2243 1420 2278 .Cappadociam
1443 2244 1592 2271 immitlens
1614 2242 1780 2271 :deﬂuxcrit

988 2286 1061 2313 enim
1076 2290 1182 2320 oportet
1199 2292 1231 2312 ex
1249 2285 1404 2319 regionibus
1417 2285 1496 2320 longe
1511 2285 1580 2312 ultra
1591 2284 1710 2312 Taurum
1727 2292 1778 2319 po-

988 2328 1058 2360 sitis,
1071 2328 1204 2363 siquidcm
1218 2327 1348 2354 Cataonia
1363 2327 1552 2361 Commagentc
1567 2327 1616 2355 fuit
1636 2333 1778 2363 praetenta.

989 2370 1073 2397 llulto
1090 2370 1180 2396 minus
1196 2375 1257 2396 sese
1277 2369 1425 2396 tuebuntur
1438 2368 1604 2396 recentiores
1620 2369 1776 2404 geographi,

989 2413 1089 2447 passim
1113 2411 1165 2438 hoc
1185 2410 1285 2438 ﬂumen
1303 2417 1336 2437 ex
1351 2410 1444 2437 intima
1468 2410 1543 2443 Asia,
1562 2411 1700 2438 meridiem
1715 2417 1779 2443 spe-

989 2459 1093 2487 ctante,
1109 2454 1263 2481 emittente:
1274 2457 1368 2480 contra
1386 2453 1494 2480 Arriani
1514 2453 1615 2480 monita
1633 2452 1659 2480 in
1677 2450 1779 2485 Peripl.

990 2495 1071 2523 Pout.
1091 2495 1188 2523 Ευπίη.
1206 2503 1234 2530 p.
1255 2493 1289 2522 10
1306 2494 1349 2522 ed.
1364 2493 1464 2527 Oxum,
1488 2502 1576 2529 neque
1596 2495 1688 2526 urbes.
1712 2501 1780 2528 quas

990 2538 1056 2570 dixi,
1077 2538 1113 2565 illi
1130 2538 1312 2565 adstrueutea.
1325 2536 1470 2569 Cancrum,
1489 2537 1559 2572 quod
1581 2531 1776 2572 propemodum

991 2579 1172 2613 neglexeram,
1185 2580 1210 2606 in
1220 2578 1343 2614 Gregorii
1355 2579 1468 2614 Nysseni
1481 2579 1571 2606 verbis
1581 2586 1634 2606 non
1649 2579 1677 2604 ὲν
1690 2579 1779 2613 χρίνῳ

990 2623 1037 2649 sed
1053 2621 1082 2648 ἐν
1097 2620 1154 2656 χρῷ
1169 2620 1335 2656 παραμείῦει
1349 2620 1430 2648 scribi
1445 2621 1534 2652 debet,
1547 2625 1575 2647 ut
1589 2620 1699 2654 pulchre
1715 2620 1782 2648 alni-

991 2671 1038 2691 CUS
1051 2667 1153 2690 ηοειεγ.

1026 2705 1092 2733 Ibid.
1109 2705 1230 2732 Νύσσα.
1248 2704 1325 2732 Hanc
1340 2705 1513 2739 metropolin,
1529 2704 1575 2732 sed
1593 2703 1671 2732 titulo
1699 2709 1778 2732 tenus

992 2748 1052 2775 sine
1070 2746 1154 2787 re'ls.
1171 2747 1349 2775 Casaubonus
1371 2747 1399 2774 in
1412 2747 1493 2782 epist.
1518 2743 1641 2781 Gregorii
1663 2746 1778 2782 Nysseni

992 2791 1025 2818 ad
1045 2789 1213 2817 Eustatltiam
1229 2797 1254 2824 p.
1270 2789 1331 2816 “6.
1344 2789 1431 2816 fuisse
1441 2790 1611 2821 autumabat,
1627 2790 1699 2824 quod
1709 2790 1780 2816 haud

993 2831 1091 2867 injuria
1110 2831 1218 2865 negavit
1238 2831 1421 2866 Spanhemins
1451 2832 1565 2858 Dissert.
1583 2833 1599 2859 9
1622 2832 1656 2858 de
1682 2831 1735 2859 Usu
1750 2837 1780 2859 et

993 2873 1090 2902 Prtest.
1107 2872 1186 2901 Num.
1204 2881 1231 2909 ιι.
1245 2873 1308 2908 599,
1317 2873 1425 2902 tametsi
1445 2878 1518 2902 erret
1531 2873 1780 2911 virnobilissitmts,
