1911 3071
168 111 238 146 1155

163 182 225 201 cum
245 173 433 200 Casaubonum
464 173 501 201 ibi
528 173 634 209 fugisse
655 175 783 209 opinatur
807 174 954 202 Mocissum

163 215 249 242 1011110
262 214 442 249 Cappadociae
454 214 537 243 fuisse
549 217 713 249 metropolin
733 227 739 244 :
759 217 863 244 diserta
876 217 952 244 ettim

163 256 222 290 ejus
236 255 300 282 inibi
320 256 423 283 mentio
439 261 496 289 est;
515 264 565 284 nec
583 265 703 292 unquam
723 258 749 285 in
766 259 861 285 iisdem
880 257 953 285 notis

162 304 179 325 Β
193 297 250 324 viro
264 305 373 332 magno,
394 297 456 325 licet
472 306 487 325 a
501 293 667 334 Spanhemio
683 300 843 333 aliirmetur,
858 300 950 327 tertia

163 339 340 373 Cappadocia:
369 341 531 374 tnetropolin
562 340 678 376 Nyssam
710 341 795 370 fuisse
821 342 953 375 scriptum

162 381 274 408 11101111111
294 389 300 408 :
324 385 429 408 tantum
447 383 593 410 honorario
619 383 801 418 metropoleos
826 383 904 410 titulo
927 383 954 410 in

162 430 241 450 conc.
256 423 466 458 Constantinop.
480 425 602 452 secundo
619 427 829 453 condecoratam
847 425 955 452 censuit

159 469 197 495 ob
224 468 366 496 Socratem
388 469 421 496 II.
440 468 473 497 Ε.
494 478 521 502 v,
546 471 561 498 8
575 491 582 503 ,
599 471 643 498 ubi
656 475 745 498 tamen
771 470 954 506 πατριαρχίαι

162 517 212 537 nec
240 511 405 545 metropoles
435 519 484 538 nec
509 512 720 546 patriarcbatus,
747 519 816 546 quos
844 517 952 545 vocant,

159 551 208 578 sed
223 552 342 586 regimen
361 560 392 580 ac
409 554 648 588 gubernationem,
666 559 695 581 ιιι
716 555 783 589 bene
797 553 881 581 Ilenr.
901 554 955 581 Va-

158 591 256 625 lesius,
276 598 381 621 notant.

195 634 254 662 Col.
270 635 331 662 “9.
350 635 455 669 Θέρμα.
475 635 553 669 Vide,
569 635 633 663 Ant.
650 636 712 664 Itin.
726 644 752 671 p.
767 637 830 664 202.

195 675 263 703 Ibid.
285 677 532 711 Ῥεγεποδανδός.
555 678 612 705 Vita
637 678 762 714 Eutycbii
788 679 952 713 patriarcha!

158 717 294 752 Cpolitani
315 726 339 745 c.
361 726 390 745 vi
407 726 415 744 :
431 718 545 754 ’Έτερός
563 727 605 750 τις
633 720 776 753 ἅνθρωπος
791 718 857 756 ἦλθε
884 722 952 756 πρὸς

160 759 205 785 τὸν
220 759 302 792 ὅσιον,
313 759 400 794 λέγων
410 760 506 786 ἑαυτὸν
519 760 573 787 ἀπὸ
587 761 722 795 Κομανῶν
731 759 800 793 εἶναι
809 762 854 788 τοῦ
869 764 951 789 πολυ-

161 800 252 828 αἰδοῦ.
269 801 314 828 Sic
331 801 361 828 D.
380 801 582 835 I’apebtochius
599 803 731 834 correxit,
760 811 821 830 cum
838 804 865 831 in
883 812 949 832 mss.

158 843 330 878 πολυάνδρου
347 843 493 878 legeretur.
514 843 644 878 dt-ceplus
666 851 792 878 corrupta
811 845 950 874 Ptoleitiwi

159 886 305 920 scriptura.
323 885 388 912 Mihi
411 886 524 912 omnino
543 886 597 912 ἀπὸ
617 886 713 921 κώμης
737 887 889 923 Ποδανδροῡ
903 889 951 916 de-

159 927 231 954 disse
244 927 406 961 scriptorem
421 927 561 962 probabile
583 928 631 954 ﬁt:
647 936 734 962 neque
743 930 815 956 enim
828 931 950 957 Cumana

156 967 289 996 Podaudo
306 968 499 1003 fuerejuncta.
520 969 600 996 Plura
627 970 654 997 111
675 969 783 998 Hieros.
801 976 828 999 ct
849 973 949 1000 Anton.

157 1009 250 1037 ltitier.
269 1018 295 1045 p.
314 1010 366 1037 “'2
380 1015 407 1037 et
419 1010 482 1038 578.

192 1050 261 1078 Ibid.
273 1051 492 1084 Καππαδοκίας
508 1052 549 1084 β’.
565 1052 690 1081 Secunda
706 1055 764 1082 11100
775 1054 949 1091 Cappadocia

155 1092 292 1127 originem
307 1100 384 1121 suam
400 1093 481 1121 debet
494 1093 600 1122 Valenli
621 1095 790 1130 imperatori.
809 1098 854 1132 qui
872 1099 944 1126 circa

156 1141 258 1161 annum
279 1134 328 1161 371
360 1142 431 1167 eam,
451 1136 548 1170 prima:
566 1137 728 1165 distractam
741 1158 748 1170 ,
770 1138 872 1174 Tyanis
890 1144 950 1168 tan-

154 1183 237 1209 quam
256 1177 398 1211 metropoli
415 1177 530 1206 addixit.
541 1178 658 1206 Basilius
669 1187 728 1207 eam
745 1181 887 1216 :rgerritne
905 1187 948 1209 tu-

156 1217 188 1243 lit
207 1217 382 1251 divisionem,
400 1222 429 1244 111
447 1219 504 1253 ejus
535 1220 615 1254 epist.
634 1220 667 1248 74
692 1226 720 1248 01
746 1222 781 1249 75
796 1228 947 1259 testantur;

154 1263 288 1293 tantoque
304 1261 390 1294 magis
401 1260 472 1294 quod
491 1261 636 1290 Antbimns
651 1262 815 1298 Tyanensis,
827 1265 898 1292 civili
915 1274 948 1294 ea

153 1299 290 1328 divisione
307 1300 443 1335 instituta,
473 1303 556 1329 multa
572 1303 623 1330 sibi
644 1309 830 1340 arrogaret'et
846 1307 949 1335 reditus

153 1342 472 1371 ecclesiaatltesaricasis
498 1344 678 1374 intervertere
703 1352 862 1380 conaretur,
894 1357 947 1383 qua

153 1383 188 1411 de
198 1391 226 1411 re
240 1384 386 1420 Gregorius
397 1385 587 1414 Nazianzenus
599 1392 669 1415 orat.
684 1388 721 1416 20
737 1397 762 1424 p.
776 1389 830 1417 355
856 1392 949 1419 rectis-

154 1426 224 1453 sime
242 1434 306 1454 vero
322 1435 373 1454 ms.
390 1427 460 1455 hanc
483 1428 683 1464 Cappadociam
706 1432 826 1466 praesidi,
844 1433 948 1468 pariter

152 1472 184 1494 ut
199 1467 288 1495 Nottt.
303 1469 367 1503 imp.
383 1469 490 1497 Orioni.
508 1478 534 1497 c.
553 1472 578 1503 1,
595 1473 716 1500 mandat.

190 1509 261 1537 Ibid.
290 1511 399 1538 Τύανα.
427 1511 575 1547 Gregorius
599 1513 788 1543 Nazianzenus
816 1516 896 1552 epist.
912 1517 948 1546 55

153 1551 218 1578 νέαν
243 1553 412 1587 μητρόπολιν
427 1574 434 1586 ,
464 1554 616 1589 cujusmodi
644 1555 702 1589 ejus
729 1562 811 1585 aetate
832 1566 861 1585 re
884 1566 947 1586 vera

153 1597 224 1625 erat,
243 1593 371 1628 appellat.
399 1594 476 1623 Adde
491 1600 562 1622 orat.
577 1596 623 1628 20.
641 1605 668 1632 p.
693 1597 746 1625 555
764 1603 792 1625 et
818 1599 885 1627 Itiu.
910 1603 946 1628 H.

152 1641 182 1669 υ.
199 1634 261 1667 577,
279 1639 305 1662 et
324 1635 356 1661 de
375 1635 561 1671 Faustinopoli
577 1637 642 1665 Ant.
659 1638 718 1665 Itin.
737 1647 764 1674 p.
784 1641 846 1669 “5.

190 1675 256 1704 Ibid.
271 1677 432 1711 Κύϐιστρα.
446 1677 532 1705 Situm
548 1679 644 1708 Cicero
659 1680 709 1715 Ep.
727 1689 772 1714 xv,
789 1683 804 1710 4
821 1683 855 1710 ad
866 1683 946 1711 Cato-

151 1724 216 1745 nem
241 1718 331 1754 signat
351 1727 358 1746 :
379 1718 477 1755 Itaque
504 1721 532 1748 in
564 1720 733 1757 Cappadocia
752 1729 870 1752 extrema
895 1735 946 1754 non

150 1760 242 1803 longe
250 1769 274 1803 ra
300 1760 390 1789 Tauro
409 1763 480 1796 apud
496 1764 620 1798 oppidum
648 1764 771 1800 Cybistra
783 1772 870 1795 castra
883 1768 944 1803 feci,

152 1806 182 1828 ut
190 1807 213 1828 et
223 1802 344 1829 Ciliciam
356 1808 445 1830 tuerer
456 1810 480 1832 et
496 1804 694 1839 Cappadociam
709 1812 799 1836 lenem
809 1817 874 1836 nova
884 1802 946 1845 fiui-

149 1845 276 1872 timorum
290 1847 401 1874 consilia
419 1848 585 1883 impedirem.

185 1886 255 1914 Ibid.
272 1887 442 1922 Ναζῑανζός.
459 1889 609 1925 Gregorius
623 1890 756 1920 Nazianz.
772 1893 851 1928 epist.
868 1894 902 1923 50
911 1894 945 1923 ab

150 1930 275 1965 Olympio
294 1930 460 1959 Nazianzum
476 1933 570 1967 prima:
585 1934 766 1969 Cappadocia:
786 1938 943 1966 attributam

151 1972 245 2005 fuisse,
265 1973 312 2000 sed
327 1981 387 2000 mox
401 1973 427 2001 in
443 1976 569 2002 secundae
582 1977 711 2004 ditionem
729 1978 843 2006 rediisse
858 1979 944 2014 signi-

152 2013 225 2046 licat;
242 2013 269 2040 in
289 2021 341 2048 qua
355 2015 391 2041 ad
412 2014 559 2043 Jttstiniani
571 2021 692 2052 tempora
708 2019 818 2052 mansit,
834 2013 944 2054 quando

150 2054 280 2087 qucisso,
302 2058 388 2083 tertiae
403 2057 580 2092 Cappadociae
599 2064 654 2086 tum
672 2061 827 2088 constituta:
844 2067 943 2091 metro-

150 2096 214 2130 puli,
231 2098 338 2138 subdita
355 2103 395 2125 est
409 2106 416 2131 ;
432 2099 504 2126 umle
524 2099 694 2128 Theodosius
710 2100 821 2130 Mucissi
838 2104 944 2138 episco-

149 2145 199 2182 pus
209 2137 324 2182 (Collat.
335 2139 352 2166 5
362 2140 458 2175 synodi
470 2140 707 2178 Constantinopol.
725 2137 884 2179 secundtep.
896 2146 941 2182 97)

148 2181 196 2206 sub
208 2188 265 2207 mea
279 2181 480 2216 gubernatione,
499 2183 608 2217 inquit,
639 2185 717 2211 modo
737 2190 775 2212 est
792 2185 904 2214 Dohara
917 2193 941 2215 et

151 2221 316 2255 Nazianzos,
331 2223 378 2250 sub
392 2231 444 2258 qua
471 2224 607 2252 Nazianzo
621 2232 645 2253 et
659 2226 791 2255 Arianzos
812 2230 941 2264 prtrdium

150 2265 322 2291 constitutum
333 2270 382 2292 est.
403 2265 431 2292 Id
445 2267 480 2293 ab
495 2267 620 2295 instituto
641 2273 734 2296 nostro
749 2270 865 2298 alienum
885 2280 939 2299 non

152 2304 216 2338 erit,
230 2306 251 2332 si
264 2306 434 2340 inquiramus
455 2316 489 2334 an
505 2308 660 2337 Nazianzus
676 2311 771 2338 cadent
785 2319 817 2339 ac
834 2312 941 2341 Diom:-

150 2353 240 2380 sarea,
254 2348 333 2383 cujus
350 2348 376 2375 in
400 2348 568 2384 Cappadocia
594 2351 758 2380 Ptolemaeus
780 2359 808 2381 et
835 2353 938 2384 Plinius

149 2389 341 2424 meminerunt,
354 2390 446 2418 fuerit.
464 2389 597 2420 Duronius
616 2393 802 2422 cardinalisin
813 2395 937 2431 Gregorii

149 2430 225 2464 Vita,
241 2439 301 2467 qua:
313 2440 327 2459 a
340 2431 374 2459 Ι).
397 2431 585 2468 Papebrocbio
597 2434 632 2461 IX
650 2435 712 2463 Maii
739 2443 781 2464 est
800 2438 884 2471 edita,
901 2439 938 2467 ita

147 2475 271 2507 censuit;
288 2480 316 2502 et
335 2474 427 2503 favere
440 2476 562 2510 opinioni
582 2476 730 2512 Gregorius
744 2480 861 2512 videtur,
877 2489 938 2509 011111

147 2515 181 2542 de
200 2523 230 2543 se
246 2525 332 2560 carm.
348 2524 374 2549 ν.
388 2517 424 2545 25
440 2518 606 2554 εΓρητορίου
626 2520 768 2555 μνήσαιτο,
782 2522 828 2548 τὸν
840 2523 938 2560 ἔτρεφε

147 2558 378 2586 Καππαδὸκεςσιν
405 2560 421 2594 ὴ
445 2560 649 2596 Διοκαισαρέων
674 2562 753 2599 ὀλίγη
782 2558 876 2597 πόλις(
903 2566 938 2594 Se

144 2600 217 2627 enim
235 2600 412 2629 Diocrsareae
432 2602 563 2629 ttutritum
577 2604 664 2636 canit,
679 2612 760 2639 quem
775 2612 880 2635 certum
894 2612 938 2636 est

145 2641 274 2670 Nazianzi
293 2644 426 2678 praecipue
441 2643 526 2672 fuisse
545 2645 690 2673 educatum
707 2653 789 2682 atque
798 2651 936 2679 edoctum.

144 2684 204 2711 Huc
220 2686 289 2713 adde
307 2686 483 2715 Dioca'sareat
498 2688 601 2715 nullatn
622 2689 648 2715 in
668 2690 846 2719 conciliorum
861 2693 935 2722 Adi:

143 2733 171 2754 et
186 2726 298 2756 Notitiis
324 2736 385 2756 esse
406 2731 581 2764 mentionem,
597 2730 764 2765 frequentem
785 2732 932 2770 Nazianzi;

142 2771 216 2804 quod
239 2772 334 2805 utique
352 2772 505 2799 mirandqu
530 2772 610 2806 Iul-rt,
632 2774 654 2801 si
668 2774 784 2802 diversae
807 2776 932 2805 fuissent.

145 2810 264 2838 Necdum
280 2817 370 2839 tamen
387 2813 430 2840 bis
446 2822 556 2842 moveor
569 2820 597 2842 ut
618 2823 680 2843 cum
699 2817 838 2846 cardinale
859 2820 935 2854 paria

145 2852 242 2878 taciam
255 2860 264 2878 :
279 2853 371 2880 ultima
387 2855 459 2882 enim
474 2856 544 2884 ratio
555 2857 622 2886 levis
632 2862 680 2886 est.
697 2858 829 2894 siquidem
842 2852 934 2897 pIurcs

694 116 884 149 ADDENDA.
904 129 941 135 —
959 116 992 148 P.
1013 117 1269 149 WESSELINGII

1736 122 1812 154 1156

1015 176 1106 208 nrbes,
1122 177 1226 205 nobiles
1237 177 1314 210 olim,
1342 178 1368 205 in
1388 177 1498 205 Notitiis
1511 183 1538 205 et
1563 179 1686 208 conciliis
1701 181 1811 209 nullum

1011 218 1063 245 sibi
1080 219 1237 254 episcopum
1254 221 1366 252 habent,
1387 228 1476 255 neque
1489 220 1557 248 adeo
1577 222 1611 249 de
1638 223 1811 252 Diooaesarea

1011 260 1183 293 mirabimur,
1199 269 1260 296 qua;
1289 269 1371 296 parva
1399 263 1545 289 admodum
1566 269 1636 296 erat,
1670 264 1811 300 Gregorio

1010 310 1096 329 carm.
1112 311 1208 336 xxxtn,
1228 304 1254 330 in
1270 303 1403 331 Attecdot.
1423 303 1511 332 Gttrc.
1532 304 1683 339 bluralorii,
1707 311 1780 334 teste
1795 317 1804 335 :

1011 344 1114 371 Τυτθδν
1147 345 1198 379 μὲν
1215 346 1386 380 πτολίεθρον,
1404 346 1475 382 ἀτὰρ
1503 346 1588 373 πολὺν
1610 348 1695 384 ἀνέρα
1722 350 1804 376 δῶκα

1011 385 1131 421 βήμασιν
1148 386 1268 422 ἰθυδιχης
1281 388 1299 423 ἠ
1320 388 1538 424 Διοκαισαρέων,
1558 390 1741 426 Ἀμφίλοχον·
1759 393 1808 418 ΑΙ-

1011 432 1067 455 tera
1086 428 1238 463 speciosior
1264 435 1308 456 est
1329 430 1399 458 :sed
1418 437 1481 458 cum
1509 431 1620 458 Ariauzi
1650 432 1806 468 Gregorius

1010 469 1092 497 fuerit
1120 475 1211 503 natus,
1233 471 1314 506 idque
1343 472 1477 506 praedium
1506 481 1584 508 reque
1602 473 1743 502 Nazianzo
1773 483 1807 503 ac

1011 511 1187 539 Diomsarete
1205 512 1289 540 fuerit
1304 513 1423 541 vicinum
1436 535 1443 547 ,
1466 514 1524 541 lieri
1550 515 1644 549 utique
1671 517 1761 550 potuit
1777 523 1808 544 ut

1009 553 1204 587 Dim:a:sareze,
1229 561 1377 590 antequam
1401 562 1480 591 pater
1507 556 1642 584 Nazianzo
1658 559 1806 593 episcopus

1008 596 1131 628 daretur,
1151 597 1311 625 nutriretur.
1334 598 1429 625 Vicina
1448 604 1536 625 autent
1554 600 1652 634 oppida
1670 600 1754 628 fuisse
1769 609 1803 628 ex

1008 637 1153 665 Ptolemteo
1164 645 1190 671 ν,
1200 639 1216 666 6
1227 639 1374 674 colligitur,
1391 640 1436 666 ubi
1446 640 1598 668 atctissime
1606 641 1804 669 Diomsaream

1007 683 1034 706 et
1056 678 1224 707 Neanessum
1251 682 1318 713 sive,
1337 687 1367 709 ut
1394 689 1445 709 ms.
1461 681 1626 716 Nanessum,
1647 691 1727 718 quam
1745 683 1806 710 Na-

1008 721 1132 749 zianzum
1153 730 1213 750 esse
1237 723 1335 751 debere
1363 724 1429 751 mibi
1457 726 1620 760 persuadeo,
1642 725 1743 760 jungit.
1763 727 1804 753 Ad

1008 763 1069 796 hoc,
1087 764 1153 791 nihil
1169 765 1317 799 GregOrius
1334 774 1377 801 ep.
1394 767 1440 800 L9,
1459 775 1511 802 qua
1534 776 1582 803 pro
1605 769 1804 796 Diocmsarien—

1007 805 1273 840 sibus-deprecatur,
1290 808 1322 835 de
1349 813 1425 842 patre
1442 816 1491 836 suo
1508 815 1647 843 matreve;
1666 812 1737 845 quod
1754 818 1803 837 ar-

1007 853 1163 881 gumentum
1183 849 1357 882 aptissimum
1372 850 1500 877 iueratad
1518 851 1587 878 iram
1598 851 1714 887 Olympii
1728 853 1801 879 mol-

1006 887 1133 929 liendam.
1145 889 1191 916 Ait
1205 895 1337 924 praeterea
1351 898 1380 918 se
1397 891 1570 919 Dioctesaretc
1589 893 1653 925 ,Deo
1667 896 1800 929 templum

1006 925 1161 963 excitasse;
1186 932 1258 965 quod
1285 933 1307 959 si
1332 933 1426 960 eadem
1457 941 1489 960 ac
1507 933 1659 962 Nazianzus
1687 925 1801 970 {creua

1006 978 1072 999 vero
1090 973 1244 1000 discederet
1260 980 1268 1003 :
1287 975 1428 1002 basilicam
1441 976 1542 1011 quippe
1560 977 1620 1003 miri
1636 979 1727 1012 operis
1752 987 1803 1013 pa-

1007 1017 1048 1040 ter
1060 1013 1119 1048 ejus
1134 1014 1262 1042 Nazianzi
1279 1017 1415 1044 exstruxit
1437 1022 1466 1043 ut
1488 1022 1558 1045 Orat.
1577 1018 1619 1050 19,
1637 1026 1662 1053 p.
1681 1019 1735 1048 5l5
1751 1022 1803 1049 do-

1003 1062 1112 1084 cemur.
1132 1056 1170 1084 De
1185 1057 1301 1086 Sasintis
1322 1059 1390 1087 Itin.
1406 1059 1505 1087 Anton.
1527 1068 1554 1095 p.
1572 1055 1634 1088 tu.

1041 1105 1108 1133 Ibid.
1123 1108 1293 1141 Παρνασός.
1311 1108 1418 1136 Gentile
1442 1109 1526 1144 hujus
1543 1109 1739 1147 Παρνασσηνός
1756 1118 1801 1141 est

1005 1146 1032 1174 in
1048 1147 1233 1183 Basiliiepist.
1250 1150 1318 1178 259.
1333 1150 1400 1177 Vide
1413 1150 1477 1178 Itin.
1492 1151 1526 1178 H.
1542 1159 1569 1186 p.
1583 1152 1646 1180 576.

1040 1195 1107 1224 Ibid.
1123 1196 1311 1233 Ῥεγεδόαρα.
1330 1198 1411 1226 Vicus
1426 1199 1490 1226 olim
1506 1205 1577 1234 erat,
1595 1202 1665 1230 unde
1681 1202 1801 1232 Basilius

1004 1239 1085 1274 epist.
1097 1239 1152 1267 239
1171 1240 1200 1266 ἐν
1212 1241 1324 1276 Δοάροις
1339 1242 1372 1276 τῇ
1389 1241 1482 1276 κώμῃ.
1496 1242 1569 1269 Idem
1587 1243 1743 1278 episcopum
1760 1246 1800 1273 ilIi

1002 1279 1158 1315 imposuit,
1180 1289 1232 1316 qna
1262 1282 1410 1310 occasione
1434 1281 1583 1318 Gregorius
1608 1283 1799 1314 Nazianzenus

1003 1324 1154 1350 orationem
1175 1323 1210 1351 30
1226 1324 1363 1357 recitavit,
1382 1326 1421 1351 uti
1439 1325 1472 1351 ad
1485 1333 1543 1351 eam
1561 1326 1634 1354 Elias
1654 1328 1798 1356 Cretensis

1003 1364 1207 1392 animadvertit.
1224 1364 1279 1392 Nec
1292 1366 1404 1393 vincere
1425 1370 1513 1393 tamen
1530 1367 1648 1395 Basilius
1663 1369 1755 1402 potuit
1767 1375 1798 1397 ut

1004 1406 1097 1440 prima:
1118 1406 1298 1441 Cappadocia:
1328 1407 1446 1441 ascripta
1467 1413 1608 1441 maneret,
1639 1409 1661 1436 si
1684 1411 1796 1445 quidem

1003 1447 1142 1484 Tyanensi
1160 1448 1288 1484 deinceps
1317 1448 1424 1476 subdita
1442 1449 1503 1483 1³1111,
1525 1454 1554 1477 ut
1570 1458 1630 1478 mox
1649 1452 1795 1480 videbitur.

1038 1495 1107 1523 Ibid.
1117 1495 1381 1530 Ῥεγεκουκουσός.
1396 1497 1512 1525 0111111110
1527 1498 1727 1534 Ῥεγεμωκισός
1737 1501 1797 1528 sive

1011 1537 1226 1573 Ῥεγεμουκισός
1249 1537 1300 1573 legi
1320 1544 1429 1574 oportet
1452 1548 1459 1566 :
1479 1547 1540 1576 nam
1555 1546 1582 1567 et
1600 1541 1796 1570 Constantinus

1004 1579 1154 1613 imperator
1171 1579 1188 1608 Ι.
1208 1579 1236 1612 1,
1265 1579 1363 1608 ΤΙ10111.
1388 1580 1406 1607 2
1422 1580 1563 1608 Μωκισόν¹
1575 1582 1639 1609 111110
1657 1583 1749 1614 liabet,
1767 1588 1796 1610 et

1002 1620 1125 1648 Cucusus
1140 1620 1276 1648 Armenia:
1301 1622 1429 1649 secunda:
1455 1621 1517 1649 11111.
1536 1622 1687 1658 Procopius
1709 1623 1795 1653 Fabr.

1001 1661 1070 1690 Just.
1089 1671 1116 1694 v,
1135 1663 1152 1689 1
1166 1663 1305 1691 castellum
1319 1663 1508 1698 Cappadocia,
1531 1665 1610 1700 piano
1625 1666 1682 1693 solo
1697 1668 1794 1699 situm,

1001 1705 1050 1738 ait,
1066 1710 1145 1740 atque
1159 1705 1193 1732 ab
1205 1704 1359 1733 Iustiniano
1378 1708 1578 1735 instauratum:
1597 1705 1650 1734 Ἦν
1664 1708 1692 1735 δέ
1713 1718 1740 1736 τι
1763 1711 1794 1736 ἐν

1000 1747 1202 1779 Καππαδόκαις
1220 1748 1360 1784 φρούριον,
1381 1748 1518 1784 Μωκησδς
1532 1749 1627 1785 ὄνομα,
1642 1752 1671 1777 ὲν
1688 1751 1738 1786 μὲν
1754 1752 1795 1787 τῷ

1000 1789 1098 1825 ὁμαλοἰ
1121 1790 1259 1824 κείμενον.
1290 1789 1345 1818 Nec
1366 1790 1484 1818 restituit
1503 1795 1606 1819 tantum
1627 1793 1790 1827 imperator,

999 1831 1048 1860 sed
1066 1839 1114 1859 suo
1133 1832 1242 1859 nomine
1256 1831 1362 1864 urbem,
1384 1832 1470 1860 tertia:
1484 1832 1662 1867 Cappadocia:
1685 1840 1792 1862 metro-

1000 1873 1075 1908 polin
1097 1873 1265 1908 impositam,
1290 1873 1422 1901 illustrem
1448 1881 1508 1901 esse
1524 1874 1618 1909 jussit.
1636 1874 1705 1902 Hinc
1725 1877 1790 1904 Col-

999 1915 1048 1943 lat.
1063 1915 1080 1942 5
1097 1915 1197 1943 concil.
1209 1915 1418 1950 Constantinop.
1440 1923 1496 1949 sec.
1513 1924 1539 1951 p.
1554 1916 1588 1944 96
1603 1923 1612 1946 ε
1632 1917 1664 1945 lu
1680 1918 1726 1945 illo
1738 1928 1792 1947 att-

999 1960 1052 1984 lem
1068 1962 1181 1991 tempore
1195 1957 1242 1984 sub
1275 1957 1407 1992 Tyanensi
1430 1958 1538 1985 civitate
1561 1964 1617 1986 erat
1636 1964 1662 1986 et
1680 1960 1792 1989 Dolmra

999 2003 1022 2025 et
1039 1997 1195 2025 Nazianzur
1214 2006 1294 2033 usque
1318 1998 1353 2025 ad
1371 2003 1489 2034 tempora
1508 2000 1588 2034 littqu
1610 2001 1648 2034 pii
1669 2001 1789 2036 imperii.

1000 2040 1144 2068 Piissimus
1159 2047 1245 2067 autem
1261 2041 1405 2075 imperator
1421 2049 1481 2068 cum
1499 2043 1704 2076 metropolitano
1722 2044 1792 2078 jura

993 2083 1112 2110 dedisset
1143 2083 1264 2115 ciuitati,
1280 2090 1338 2117 quat
1361 2083 1492 2117 quondam
1518 2084 1622 2118 quidem
1644 2083 1790 2119 Nucissoe,

997 2133 1068 2151 num:
1083 2133 1142 2151 vero
1155 2124 1379 2159 Justinianupolis
1397 2131 1577 2159 nuncupatur,
1595 2134 1654 2153 eum
1669 2128 1733 2154 aliis
1749 2129 1790 2155 ei-

997 2167 1121 2194 t'itatibus
1141 2172 1166 2194 et
1185 2167 1292 2193 Doltara
1309 2171 1333 2194 et
1348 2166 1516 2194 Nazianzum
1533 2168 1641 2203 subjecit
1656 2169 1691 2197 ei.

1031 2223 1090 2251 Col.
1118 2223 1181 2250 152.
1201 2223 1429 2250 'Elerozdrtov.
1459 2223 1505 2251 Sic
1528 2229 1634 2259 oportet
1653 2232 1685 2253 ex
1714 2225 1790 2254 Con-

996 2266 1118 2292 stantino
1134 2265 1152 2293 I.
1169 2266 1196 2298 1,
1211 2265 1309 2292 Τ110111.
1329 2265 1357 2296 2,
1371 2265 1442 2298 quod
1458 2265 1494 2292 illi
1511 2274 1609 2293 nomen
1631 2267 1665 2293 ab
1684 2266 1788 2295 Ilelena

996 2308 1170 2342 imperatoris
1186 2307 1357 2334 Constantini
1370 2306 1406 2334 M;
1423 2312 1520 2340 matre,
1532 2309 1639 2336 venisse
1653 2308 1787 2336 Justinia-

996 2357 1048 2377 nus
1065 2349 1132 2377 Nov.
1146 2348 1181 2376 28
1197 2356 1222 2376 c.
1242 2349 1253 2376 I
1276 2348 1406 2377 afﬁrmat.
1421 2349 1527 2376 Notitia
1538 2350 1603 2384 imp.
1615 2349 1717 2378 Orienl.
1730 2360 1757 2379 c.
1773 2353 1785 2379 I

995 2392 1104 2427 priesidi
1125 2391 1346 2426 ’Ilelenopontum
1373 2392 1529 2424 committit,
1555 2399 1634 2425 quem
1654 2391 1788 2420 Justinia-

995 2442 1057 2467 nus,
1077 2433 1178 2461 abtlito
1194 2433 1274 2461 Ponti
1290 2433 1472 2460 Polemoniaci
1488 2433 1566 2460 titulo
1580 2434 1695 2468 ejusque
1711 2435 1788 2462 urbi.

995 2477 1046 2502 bus
1084 2475 1147 2503 huic
1175 2475 1323 2510 provincia:
1353 2475 1516 2502 contributis
1536 2494 1544 2506 ,
1581 2475 1786 2504 moderatorem

994 2519 1109 2546 creavit.

1029 2566 1097 2594 Ibid.
1118 2565 1257 2601 Ἀμασία.
1291 2565 1449 2600 Metropolis
1475 2564 1654 2600 Helenoponti
1682 2565 1785 2594 dicitur

991 2608 1123 2644 Gregorio
1137 2607 1260 2643 Nysseno
1271 2612 1343 2634 orat.
1359 2608 1393 2634 de
1404 2607 1547 2635 Theodoro
1560 2614 1588 2642 p.
1607 2606 1669 2639 582,
1689 2605 1783 2635 Nord.

991 2651 1038 2684 28,
1053 2658 1078 2679 0.
1095 2651 1122 2683 9.,
1135 2655 1163 2678 01
1178 2651 1204 2677 111
1223 2649 1283 2677 Vita
1295 2649 1421 2685 Eutycbii
1436 2657 1459 2676 c.
1485 2649 1512 2676 6.
1532 2648 1600 2676 Acta
1626 2647 1655 2676 S.
1681 2647 1782 2678 Basilei

992 2701 1017 2721 c.
1033 2694 1050 2721 5
1063 2693 1131 2721 satis
1145 2693 1271 2728 atnbigne
1289 2692 1459 2728 μητρόπολιν
1473 2692 1522 2727 τῆς
1538 2691 1673 2726 Ποντικῆς
1692 2692 1783 2727 ἐπαρ-

992 2735 1053 2771 χίας
1069 2735 1203 2770 appellant
1217 2744 1224 2762 :
1240 2734 1350 2761 dubites
1362 2735 1433 2761 enim
1446 2733 1621 2761 dimcesimne
1628 2733 1781 2765 Ponticam,

991 2778 1068 2813 cujus
1079 2776 1237 2811 tnetropolis
1247 2776 1382 2808 Cmsarea,
1396 2784 1430 2803 an
1447 2776 1660 2811 Ilelenopontum
1677 2775 1782 2802 intelli-

990 2825 1064 2856 gant.
1079 2819 1253 2855 Μητρόπολις
1266 2817 1362 2854 πρώτη
1379 2818 1477 2845 πόντου
1486 2817 1608 2853 pluribus
1619 2818 1646 2845 in
1661 2816 1781 2844 nummis

991 2862 1061 2898 apud
1076 2861 1252 2900 Ilarduinum
1275 2865 1302 2889 et
1325 2859 1358 2888 Ν.
1385 2859 1527 2896 Iluymium
1556 2865 1622 2888 tom.
1647 2858 1669 2887 II
1700 2857 1777 2888 Tim.
