1911 3071
179 115 246 149 1161

177 171 314 201 secundus
341 171 415 204 fecit,
443 170 550 203 Malala,
577 177 644 199 tom.
668 171 701 204 Il,
717 179 744 206 p.
771 171 805 199 69
825 175 961 199 auctore:

178 214 234 241 Καὶ
246 213 373 240 Κιλικίαν
387 212 517 247 δευτέραν
532 213 701 248 ἀπομερίσας
716 213 770 239 ἀπὸ
784 213 834 248 τῆς
848 212 963 248 πρώτης

177 254 306 290 ἐποίησεν
317 254 461 290 ἐπαρχίαν,
476 255 539 286 δοὺς
553 255 658 281 δίκαιον
678 255 871 290 μητροπόλεως
885 254 964 281 Ἀνα-

180 295 275 332 ζάρσῳ
290 297 323 331 τῇ
338 296 425 323 πόλει.
440 296 488 323 Cui
505 302 594 323 tamen
613 301 705 323 utrum
726 301 783 324 tuto
803 295 964 324 asseutiaris

177 338 284 365 dubites
302 347 309 364 :
327 346 386 365 nam
401 338 428 365 in
448 338 552 365 Notitia
567 338 630 373 imp.
647 338 747 366 Orient.
764 342 878 372 utraque
896 337 963 365 Cili—

177 380 219 407 cia
237 383 403 407 memoratur
417 389 424 412 ;
440 383 468 407 et
491 386 591 414 prteses
610 379 724 412 Cilicize,
741 379 890 414 cuiusmodi
907 386 964 405 ma-

176 421 305 455 gistratus
326 420 389 448 huic
414 420 465 447 luit
488 421 643 455 impositus,
660 426 701 448 est
724 421 750 447 in
768 421 840 447 Actis
856 420 963 448 Claudii

176 462 226 489 sub
241 461 408 489 Diocletiano
423 462 494 496 apud
513 461 639 489 Ruinart.
658 469 685 496 p.
701 461 767 492 266.
782 466 810 488 οι
827 461 878 489 sub
892 461 963 488 Con-

175 502 276 530 stantio
294 503 320 530 in
337 502 355 530 l.
377 510 452 535 uiv,
473 510 498 530 c.
519 502 624 531 Theod.
638 503 672 530 de
686 502 816 537 Appellat.
837 502 960 537 atquein

175 544 311 572 Ammiau.
330 552 407 577 xxtn,
425 552 450 572 c.
462 544 491 571 2.

211 585 269 613 Col.
282 585 341 612 152.
354 585 534 619 Ἀνώζαρὸος.
547 584 622 612 lianc
632 585 791 620 metropoliu
801 589 899 620 praeter
908 584 964 613 Ila-

176 627 255 654 Ialum
285 628 403 663 synodus
432 627 619 662 Mopsuestena
637 626 795 661 frequenter
819 631 962 655 memorat.

178 668 244 696 Vide
257 669 357 699 concil.
367 668 572 702 Coustautiuop.
588 668 736 696 secundum
750 676 777 703 p.
794 669 845 697 119
857 673 884 697 et
899 669 962 696 Ant.

176 709 244 737 Itin.
259 717 287 745 p.
301 709 364 736 2|3.

213 751 280 779 Ibid.
300 751 504 784 Μοψουεστία.
523 751 690 786 Mopsuestia
707 752 814 780 colonia
831 751 964 779 Christia-

176 792 289 820 uissima
303 793 328 819 iu
343 793 415 820 Actia
429 791 632 827 Conslantt’nop.
652 793 764 821 secundi
783 801 810 828 p.
827 793 890 824 118,
910 799 964 827 quo

177 834 254 861 titulo
274 834 382 868 quando
397 834 489 861 ornari
506 834 590 861 fuerit
610 839 699 869 empta
716 834 840 870 equidem
855 834 963 869 ignoro.

183 875 255 911 Ἱερὰ
268 874 316 902 καὶ
327 875 458 909 ἔλευθέρσ.
473 875 519 902 καὶ
532 875 631 907 ἄσυλος
644 875 670 902 in
688 874 766 903 Ther.
780 883 808 910 p.
818 875 896 908 CLV,
908 875 925 903 4
938 879 966 903 ct

177 916 292 944 liberum
307 917 433 951 oppidum
450 915 547 944 Plinio.
567 915 634 943 Vide
647 916 714 944 Itin.
727 918 763 944 Η.
779 925 805 952 p.
819 917 882 945 580.

211 957 280 985 Ibid.
303 957 415 992 Αῐγειιι.
437 957 538 985 Civitas
553 956 639 992 [Egea
661 959 687 985 in
708 958 779 986 Actia
798 957 829 986 S.
843 958 963 992 Claudii,

176 1007 200 1026 c.
217 999 244 1030 I,
261 1003 288 1026 et
307 998 400 1034 Egasa
416 998 442 1026 in
466 998 574 1034 Synodo
589 999 779 1033 Mopsuestana
803 1000 876 1028 inter
896 1007 963 1028 con-

176 1041 220 1068 cil.
240 1040 448 1075 Constantinop.
479 1046 534 1068 sec.
561 1039 682 1072 decreta,
714 1048 740 1075 p.
764 1040 826 1068 II8.
851 1041 963 1077 ᾼιγαῖα.

176 1081 355 1110 ϐοιιιιιειιιιίηο
376 1081 545 1116 imperatori,
562 1081 580 1112 Ι,
602 1089 621 1113 ι,
645 1082 728 1109 them.
747 1082 792 1112 I3.
810 1081 911 1110 Basilio
926 1081 963 1109 Μ.

175 1124 258 1158 epist.
286 1123 340 1150 244
367 1122 538 1158 Patrophilus
560 1123 703 1159 episcopus
725 1123 775 1158 τῆς
798 1124 828 1150 ὲν
850 1124 964 1158 Δίγέαις

175 1164 344 1200 ἐκκλησίας,
369 1172 481 1200 prorsus
514 1164 545 1191 ad
578 1163 711 1193 Hieroclis
737 1170 866 1192 mentem.
897 1165 964 1194 Vide

177 1207 277 1235 Anton.
294 1207 354 1235 Itin.
378 1215 404 1241 p.
423 1207 484 1234 146.
511 1206 598 1234 Situm
607 1207 697 1242 oppidi
721 1208 787 1234 Acta
800 1207 830 1234 S.
851 1207 963 1236 Zenobii

176 1250 202 1277 in
218 1249 355 1277 Lambecii
375 1249 442 1277 Bibl.
468 1248 569 1277 Camn.
585 1257 646 1282 vm,
663 1257 690 1284 p.
705 1249 758 1277 256
776 1255 904 1278 accurate
927 1251 963 1279 ita

175 1290 332 1318 describunt
347 1299 355 1318 :
376 1291 457 1324 Αἰγαὶ
468 1290 545 1323 πόλις
558 1291 631 1317 ἐστὶν
644 1291 691 1318 ἐπὶ
704 1291 796 1325 κόλπῳ
815 1293 864 1327 μὲν
878 1291 963 1328 Ἰονίῳ

175 1333 289 1369 κειμένη
302 1353 310 1365 ,
335 1332 388 1360 ὑπὸ
403 1332 522 1360 Κιλίκων
539 1333 568 1359 δὲ
598 1334 756 1369 οἰκουμένη.
784 1332 840 1365 Ἦς
861 1334 892 1361 τὺ
912 1335 963 1369 μὲν

175 1375 244 1410 πρὸς
272 1375 387 1410 ἤπειρον
415 1374 445 1402 οὗ
467 1374 546 1402 πολύ.
571 1374 706 1408 Πλατεῖαν
729 1375 775 1402 καὶ
805 1375 907 1407 ἱκανῶς
923 1376 963 1408 είς

176 1416 263 1451 μῆκος
279 1416 427 1452 διήκουσαν
447 1416 463 1442 ό
483 1417 532 1451 τῆς
559 1416 680 1450 γείτονος
715 1416 854 1452 θαλάσσης
878 1418 963 1453 ὅρμος

175 1458 324 1494 ἐκδέχεται.
338 1457 407 1485 Male
420 1463 508 1485 tamen
523 1457 617 1493 κόλπῳ
639 1459 725 1494 Ἰονίῳ
742 1459 885 1493 astruitur,
901 1467 962 1494 qua:

175 1499 284 1535 ἰσσικῷ
301 1499 389 1526 vicina
403 1498 464 1527 fuit.

210 1541 276 1568 Ibid.
311 1541 480 1576 Ἤπειρον-ια.
506 1539 684 1576 Epiphaniam
706 1541 809 1570 Ciliciae
822 1542 960 1578 ’oppidum

174 1583 333 1610 Ammianus
350 1590 418 1615 nn,
434 1582 615 1617 Il,appellat.
630 1582 746 1611 Basilius
765 1584 870 1617 πόλεως
887 1583 962 1611 Ἐπι-

174 1624 287 1658 φάνειας
300 1624 350 1659 τῆς
363 1623 494 1659 διυτίρας
515 1623 570 1650 τῶν
589 1623 710 1651 Κιλίκων
724 1625 869 1661 ἐπαρχίας.
890 1625 962 1653 Con-

174 1667 321 1700 stantinop.
339 1667 419 1694 tertio
440 1673 465 1701 p.
484 1665 536 1694 670
557 1670 585 1693 et
608 1664 718 1694 Nicetas
744 1666 961 1702 Epiphaueorum

174 1709 293 1736 civitatis
316 1707 525 1743 Constantinop.
543 1709 663 1736 secundo
678 1715 706 1742 p.
721 1708 773 1736 I32
788 1709 960 1744 subscripsit.

177 1747 215 1775 De
228 1749 391 1776 Alexandria
407 1749 500 1776 Itiner.
515 1748 551 1777 Η.
571 1756 598 1784 p.
613 1748 677 1776 580.
880 1760 886 1765 ι

211 1789 279 1817 Ibid.
303 1788 426 1823 Ῥῶσος.
454 1789 609 1816 Assidebat.
626 1789 709 1817 Issico
721 1790 780 1817 sive
799 1789 910 1823 Rhosio.
930 1795 962 1818 ut

173 1830 300 1867 Polyaeno
315 1831 426 1863 dicitur,
441 1831 526 1858 sinui.
545 1830 730 1858 Theodoretus
745 1829 863 1859 Pliilotlt.
878 1839 903 1859 c.
923 1840 938 1859 ιι
952 1839 960 1859 :

179 1873 281 1904 Ῥῶσος
293 1873 353 1899 lari.
372 1872 490 1899 Κίλισσα
510 1872 599 1904 πόλις,
617 1873 646 1899 ἐν
661 1872 739 1908 δεξιᾷ
749 1873 902 1901 εἰσπλέοντι
915 1874 962 1901 τὸν

174 1914 298 1941 Κιλίκιον
312 1913 422 1941 κόλπον.
443 1913 567 1941 Proxime
579 1914 673 1941 urbem
689 1921 785 1941 saxum
797 1919 856 1942 erat
869 1915 961 1942 excel-

174 1964 246 1989 sum,
261 1955 332 1991 quod
348 1954 512 1983 Ptolemaeus
532 1960 560 1983 et
576 1955 731 1991 Stephanus
749 1955 882 1983 Ῥωσικὸν
896 1956 961 1983 σκό-

174 1998 256 2024 πελον
271 2002 377 2025 vocant.
395 1997 524 2032 Ejusdem
547 1998 673 2025 meminit
685 1998 828 2034 Polyaenus
849 1999 876 2031 4,
891 1999 919 2031 6,
932 1999 961 2033 9,

174 2040 224 2068 etsi
242 2047 313 2067 nunc
328 2039 393 2066 vitio
405 2038 561 2067 deformati.
577 2039 606 2066 '0
619 2039 669 2074 μὲν
684 2039 849 2075 Σωσιγένης,
861 2040 961 2076 inquit,

174 2081 221 2108 ἐπὶ
237 2080 437 2117 Ὀρθιουμάγου
450 2080 595 2116 διέτριϐεν,
607 2080 772 2108 ἀποσκοπῶν
785 2082 835 2117 τὴν
846 2082 895 2110 τοῦ
910 2091 962 2109 πε-

173 2123 273 2157 λάγους
299 2124 419 2158 κίνησιν.
443 2121 514 2150 Nihil
524 2122 596 2149 enim
619 2122 663 2150 hic
684 2127 726 2150 est
748 2122 960 2159 Ὀρθιουμάγου,

173 2164 303 2192 Celticum
319 2165 382 2199 quid
398 2163 515 2198 spirans,
530 2163 701 2191 vocabulum.
717 2164 782 2192 Abr.
798 2164 918 2193 Ortelius
928 2166 962 2194 de

173 2205 346 2238 Orthosiade,
363 2205 508 2233 Phoenices
522 2205 631 2240 oppido,
646 2205 789 2240 cogitavit;
808 2208 881 2242 quod
899 2215 960 2236 cum

174 2247 279 2282 longius
294 2254 308 2274 a
326 2247 420 2276 Rheso
432 2252 460 2275 et
474 2246 599 2274 vocabuli
615 2247 741 2274 ductibus
757 2248 850 2280 distet,
867 2248 960 2284 ὀρθίου

174 2288 262 2323 πάγου
277 2289 378 2321 malim,
402 2295 457 2324 quo
481 2288 561 2316 modo
590 2287 699 2323 ὀρθίους
713 2289 816 2324 πέτρας
835 2290 863 2322 4,
883 2291 909 2322 5,
925 2290 961 2319 25

173 2331 253 2358 dixit.
275 2330 374 2358 Posses
390 2330 472 2358 etiam
489 2329 644 2365 ὀρθοπάγου
665 2329 753 2365 legere
769 2331 804 2358 ob
819 2331 876 2359 haec
897 2332 961 2360 Plu-

174 2372 259 2400 tarchi
285 2373 311 2399 iu
337 2372 408 2408 Sylla
438 2379 466 2406 p.
488 2371 565 2399 463:
587 2371 665 2397 Ἔστι
681 2370 708 2398 δὲ
728 2372 835 2409 κορυφὴ
846 2375 961 2409 τραχεῖα

171 2413 219 2440 καὶ
234 2413 410 2449 στροΰιλῶδες
423 2413 496 2448 ὅρος,
512 2412 527 2439 ὃ
537 2412 673 2446 καλοῦμεν
687 2412 851 2448 ὁρθόπαγον.

207 2455 276 2482 Ibid.
293 2456 521 2490 ΕΙρηνούπολις.
550 2455 650 2483 Paulus
668 2454 893 2490 Εἰρηνουπόλεως
909 2457 961 2493 τῆς

171 2497 303 2532 δευτέρας
326 2497 381 2523 τῶν
399 2496 520 2523 Κιλίκων
540 2495 677 2531 ἐπαρχίας
694 2501 737 2523 est
761 2497 787 2524 in
803 2496 960 2527 Constanti-

171 2546 236 2572 nop.
254 2539 334 2565 tertio
356 2547 383 2573 p.
405 2538 469 2571 670,
486 2543 514 2566 et
529 2538 555 2565 in
574 2537 668 2565 IIilarii
683 2537 791 2572 Fragm.
806 2538 904 2574 Operis
921 2541 962 2568 bi-

172 2585 238 2607 slor.
255 2580 408 2608 Narcissus,
422 2580 582 2614 Ireuopolis.
595 2580 641 2614 qui
659 2587 719 2606 cum
734 2580 890 2616 Νάρκισσος
905 2583 961 2611 ἀπὸ

170 2621 343 2656 Νερωνιάδος
366 2622 515 2649 Athanasio
537 2621 651 2656 Apolog.
676 2621 770 2649 Arian.
794 2630 820 2656 p.
837 2623 889 2651 I55
914 2625 960 2657 sit,

173 2669 336 2691 monuerunt
360 2664 525 2692 Bencdictiui
552 2663 693 2698 Neropolis
717 2664 743 2691 in
772 2663 876 2692 Hilario
894 2667 958 2694 olim

173 2703 265 2737 inissa,
284 2713 376 2740 parum
393 2712 458 2732 sane
475 2705 654 2738 corisiderate,
673 2705 806 2739 siquidem
829 2706 961 2735 Neronias

171 2752 198 2772 et
218 2745 363 2781 Ireunpolis
380 2747 476 2774 eadem
504 2746 568 2773 urbs
580 2751 640 2777 .Pst.
658 2751 685 2773 et
710 2745 852 2775 Narcissus
876 2748 961 2776 Som-

173 2795 252 2814 mcno
274 2787 309 2814 Η.
325 2788 358 2814 Ε.
380 2795 421 2817 ιιι.
435 2788 469 2814 10
486 2787 583 2822 praesul
600 2788 806 2823 Είρηνοπόλεως
820 2789 868 2824 τῆς
883 2791 961 2817 Κιλι-

173 2830 234 2861 κῖας
246 2831 353 2858 dicitur.
381 2830 494 2858 Videtur
518 2830 679 2857 Ncroniadis
697 2831 808 2858 nomine
831 2833 929 2860 donata
944 2842 958 2860 a

336 2880 470 2910 ΡΑτιιοι.
491 2879 549 2909 Gn.
575 2878 686 2909 CXIII.

585 115 778 147 COMMENT.
802 115 840 145 IN
864 113 1071 145 HIEROCLIS
1089 112 1359 146 SYNECDEMUM.

1738 115 1805 148 1162

1016 169 1141 204 Claudio,
1156 171 1228 206 quod
1240 170 1293 199 sub
1308 169 1461 199 Domitiano
1476 170 1640 206 imperatore
1649 171 1706 207 jam
1722 172 1805 207 depo-

1015 217 1108 241 suerat
1127 221 1134 239 :
1160 213 1291 241 discimus
1311 213 1363 240 hoc
1386 219 1419 240 ex
1441 213 1550 248 egregio
1565 212 1645 241 Gazae
1662 213 1805 243 Wildian.c

1015 261 1136 286 nummo,
1146 254 1193 289 qui
1205 261 1257 281 una
1266 259 1341 289 parte
1351 254 1479 289 AYIOK.
1490 255 1626 281 ΚΛΙΣΔΡ.
1639 256 1803 284 ΔΟΜΙΤΙΛ..

1016 298 1042 322 et
1061 282 1469 323 altera-EIPIINIOIIOAEI‘I‘QN
1492 295 1546 323 ET.
1567 297 1625 323 BM.
1642 305 1703 325 cum
1719 282 1802 332 "ait.

1017 337 1136 365 turribus
1148 341 1251 365 ornata:
1267 337 1397 370 mulieris.
1414 338 1527 372 rupibus
1543 337 1697 373 insidentis,
1710 347 1726 367 e
1738 348 1805 375 quo-

1016 385 1075 405 rum
1094 378 1162 413 pede
1176 378 1264 406 amnis
1278 379 1403 414 emergit.
1418 379 1482 406 Era
1500 379 1525 406 in
1549 379 1654 407 Claudii
1669 382 1806 415 principa-

1017 424 1086 452 tum,
1102 420 1125 448 si
1140 419 1316 448 conl'erantur
1327 420 1431 448 nummi
1447 427 1515 456 quos
1534 420 1691 450 Vaillantius
1711 423 1804 457 habet,

1017 460 1131 489 incidet.
1849 465 1852 468 ’

1053 502 1120 530 Ibid.
1140 503 1282 537 Φλαϐιάς.
1296 504 1474 537 Φλαυῖόπολις
1487 504 1632 533 Ptolemaeo
1647 509 1674 533 et
1687 506 1805 533 nummis

1016 542 1266 571 Φλαουιοπολειτῶν
1285 545 1312 573 in
1329 545 1404 572 Tha.
1417 545 1521 573 Britan.
1536 551 1602 574 tom.
1616 546 1651 581 II,
1666 554 1693 581 p.
1706 547 1760 574 250
1777 551 1805 575 et

1018 583 1173 617 Vaillautio,
1187 592 1215 619 p.
1230 585 1293 618 378,
1312 593 1328 614 e
1342 593 1455 621 quorum
1467 587 1571 622 signata
1585 588 1687 623 epocha
1703 596 1718 616 a
1735 588 1803 616 Vcs-

1016 627 1128 661 pasiauo
1161 627 1326 662 imperatore
1359 628 1538 657 iustauratam
1568 630 1658 658 dicere
1685 636 1802 666 oportet.

1016 667 1107 695 Flavia
1137 668 1202 695 Itin.
1226 669 1325 697 Anton.
1351 676 1378 704 p.
1403 670 1456 697 212
1471 675 1496 698 et
1516 670 1682 700 Chalcedon.
1701 673 1802 700 concil.

1015 715 1042 743 p.
1055 708 1117 742 660,
1131 709 1177 736 ubi
1192 709 1311 738 Joannes
1329 710 1479 742 ἐπίσκοπος
1492 711 1652 745 Φλαὸιάόος.

1050 750 1119 777 Ibid.
1143 751 1355 780 Καστὰϐωιλα.
1382 752 1559 781 Καστάὸαλα,
1586 753 1726 789 Appianus
1751 754 1802 782 Mi-

1016 791 1126 819 thridat.
1144 800 1171 827 p.
1187 792 1250 820 405.
1271 793 1320 828 τῆς
1336 793 1464 825 Κιλικίας
1479 793 1556 820 πόλιν
1571 794 1698 827 Κάδαλα,
1720 803 1802 830 quam

1015 839 1065 867 ego
1089 833 1254 860 Καστάϐαλα
1279 834 1372 865 credo,
1399 840 1541 862 memorat.
1568 835 1660 864 Adfuit
1687 837 1803 864 coacilio

1014 873 1224 909 Constantiuop.
1240 874 1321 902 tertio
1340 883 1366 909 p.
1389 875 1441 902 670
1456 874 1615 904 Theodorus
1630 877 1736 909 πόλεως
1747 878 1803 904 τῶν

1014 915 1201 948 Κασταυλῶν,
1229 923 1278 951 pro
1313 915 1511 943 Καστασὰλων.
1543 916 1612 946 Vide
1640 918 1735 946 ltiner.
1767 922 1801 947 Α.

1050 997 1117 1026 Ibid.
1141 999 1215 1026 Ὑπὸ
1232 999 1464 1035 κονσουλάριον.
1486 999 1541 1029 Sub
1554 1002 1676 1036 Augusto
1689 1001 1802 1037 provin-

1014 1040 1055 1068 cia
1075 1045 1133 1068 erat
1147 1041 1317 1076 στρατηγική
1333 1042 1390 1069 sive
1407 1041 1544 1076 praztoria,
1567 1047 1635 1070 teste
1655 1042 1801 1075 Strabone.

1015 1081 1033 1109 Ι.
1050 1089 1106 1114 χιι,
1123 1089 1150 1116 p.
1165 1082 1218 1110 684
1231 1086 1259 1110 et
1274 1082 1327 1109 line
1344 1089 1411 1116 xvn,
1425 1083 1475 1111 etsi
1492 1088 1587 1119 postea
1603 1085 1637 1112 ad
1649 1080 1694 1120 ju's
1709 1085 1802 1120 populi

1015 1122 1140 1156 redierit,
1160 1123 1219 1158 ipso
1243 1123 1410 1152 concedente
1430 1124 1562 1160 Augusto,
1587 1131 1615 1153 et
1644 1127 1802 1161 proconsuli

1015 1164 1145 1198 paruerit,
1162 1170 1192 1192 ut
1213 1172 1247 1193 ex
1271 1164 1358 1193 Dione
1380 1173 1434 1198 ιιν,
1455 1173 1483 1201 p.
1504 1165 1556 1193 589
1577 1166 1619 1194 Jo.
1649 1167 1752 1195 Alberti
1773 1169 1802 1196 in

1013 1205 1074 1233 Αει.
1092 1207 1181 1241 Apost.
1196 1213 1257 1239 xm,
1274 1207 1403 1234 ostendit.
1422 1207 1506 1235 Recte
1519 1215 1585 1244 ergo
1602 1208 1713 1244 Sergius
1730 1209 1801 1237 Pau-

1014 1247 1056 1275 Ius
1068 1247 1105 1275 ibi
1117 1247 1274 1279 ἀνθύπαθος
1288 1247 1400 1281 dicitur,
1424 1250 1575 1284 praesertim
1591 1257 1654 1278 cum
1671 1255 1698 1278 et
1710 1251 1803 1279 Comi-

1015 1288 1075 1316 nius
1083 1287 1230 1317 Proclusin
1242 1289 1404 1325 Cypriorum
1415 1290 1487 1324 apud
1499 1290 1671 1320 Vaillantium
1685 1300 1800 1320 numo

1013 1329 1176 1362 ἀνθύπατος,
1190 1335 1219 1358 et
1232 1330 1314 1359 Caius
1328 1330 1438 1359 Auitius
1455 1331 1610 1365 Quadratus
1626 1334 1738 1369 Κρήτης
1753 1335 1802 1361 καὶ

1014 1371 1129 1407 Κύπρου
1144 1371 1308 1404 ἀνθύπατος,
1327 1373 1355 1400 In
1371 1373 1460 1408 lapide
1484 1372 1579 1408 Sponii
1594 1379 1660 1403 tom.
1676 1374 1686 1402 I
1706 1375 1814 1405 Itiner.’

1013 1419 1041 1446 ι).
1054 1413 1107 1441 415
1121 1413 1280 1448 appelletur.
1299 1413 1364 1442 Post
1387 1414 1450 1442 dein
1470 1415 1608 1443 consulari
1622 1416 1729 1445 subdita
1745 1422 1801 1451 est,

1013 1453 1091 1488 cujus
1103 1458 1132 1482 et
1147 1454 1253 1482 Notitia
1264 1455 1327 1490 imp.
1346 1455 1395 1483 ον.
1413 1463 1439 1484 c.
1454 1463 1462 1483 ι
1480 1457 1613 1485 meminit.

1048 1495 1116 1524 Ibid.
1147 1496 1256 1530 Πόλεις
1277 1500 1320 1524 ιε’.
1335 1496 1367 1525 L.
1384 1497 1552 1527 Holsteinius
1568 1499 1596 1527 in
1610 1507 1678 1528 mss.
1696 1499 1814 1529 Farne-'

1012 1537 1101 1569 siauo.
1128 1537 1171 1565 cui
1187 1542 1215 1565 et
1237 1538 1297 1566 duae
1319 1538 1421 1566 ultimae
1443 1539 1524 1568 urbes
1550 1548 1631 1568 manu
1649 1542 1801 1570 recentiore

1012 1583 1091 1606 erant
1111 1577 1219 1612 addite,
1245 1579 1339 1611 πόλεις
1364 1579 1398 1614 ιγ’
1415 1580 1528 1615 reperit.
1545 1581 1618 1609 Idem
1635 1581 1662 1609 in
1677 1583 1800 1617 pristinis

1011 1618 1182 1647 Constantini
1203 1619 1222 1647 l.
1238 1628 1259 1653 ι,
1275 1621 1359 1649 them.
1395 1621 1429 1648 I5
1452 1622 1616 1650 editionibus
1633 1622 1733 1658 inerat,
1751 1625 1800 1652 scd

1011 1665 1040 1688 et
1060 1661 1122 1689 aliis
1138 1661 1201 1690 dein
1216 1670 1248 1690 ex
1266 1670 1333 1690 mss.
1354 1663 1389 1690 I5
1401 1664 1482 1692 urbes
1496 1663 1523 1691 in
1539 1664 1717 1693 Constantino
1738 1672 1802 1694 sunt

1011 1703 1142 1738 expletat;
1160 1711 1276 1740 cumque
1298 1705 1398 1733 ultimae
1413 1705 1494 1734 urbes
1508 1711 1571 1734 ante
1593 1706 1724 1736 Hieroclis
1734 1714 1800 1736 atta-

1012 1747 1095 1772 tatem
1102 1745 1204 1773 fuerint
1215 1746 1282 1774 satis
1292 1745 1424 1779 celebres,
1436 1746 1504 1774 nihil
1516 1753 1605 1775 causa:
1614 1748 1693 1776 video
1703 1757 1800 1784 quam-

1010 1785 1105 1814 obrem
1119 1787 1183 1820 quid
1196 1791 1326 1814 mutetur.

1047 1827 1115 1855 Ibid.
1145 1828 1350 1856 Κωνσταντια.
1385 1827 1500 1857 Salamis
1525 1833 1577 1861 est.
1602 1838 1684 1866 quam
1703 1831 1800 1861 insula

1012 1870 1174 1906 metropoliu
1190 1870 1326 1904 Ephesina
1349 1871 1471 1906 synodus
1491 1879 1518 1906 p.
1538 1871 1591 1899 779
1615 1877 1643 1900 et
1660 1873 1726 1908 imp.
1744 1873 1800 1902 Leo

1012 1912 1039 1940 in
1055 1911 1134 1947 epist.
1157 1916 1222 1938 tom.
1242 1907 1287 1944 IX,
1310 1911 1409 1940 concil.
1430 1912 1515 1940 Labb.
1530 1920 1558 1948 p.
1574 1913 1626 1940 267
1645 1907 1798 1949 imponunt.

1013 1954 1050 1982 De
1069 1961 1100 1982 ea
1115 1953 1222 1981 abunde
1235 1951 1277 1980 Io.
1293 1952 1440 1986 Meursius,
1456 1954 1475 1981 I.
1491 1963 1498 1982 I
1515 1955 1608 1990 Cypri,
1629 1963 1655 1984 c.
1671 1956 1717 1984 20.

1050 1996 1118 2024 Ibid.
1139 1995 1310 2030 Ταμασσός.
1324 1995 1369 2023 Sic
1386 2000 1483 2030 praeter
1499 1996 1673 2025 Ptolemaeum
1691 1999 1798 2028 Strabo.

1013 2038 1193 2067 Constantino
1208 2036 1365 2071 imperatori
1381 2037 1521 2072 Ταμασός,
1543 2039 1588 2066 cui
1602 2038 1713 2068 Nonnus
1731 2041 1801 2076 Dyn-

1013 2088 1073 2117 nys.
1095 2086 1158 2111 xm,
1182 2078 1235 2106 445
1255 2083 1282 2106 et
1307 2078 1510 2114 Epaphroditus
1539 2080 1642 2113 πόλεως
1668 2082 1799 2117 Ταμασοῦ

1013 2121 1110 2150 concil.
1126 2120 1293 2149 Chalcedon.
1309 2129 1336 2156 p.
1355 2121 1409 2149 676
1438 2121 1632 2157 astipulantur.
1650 2122 1717 2151 Cum
1735 2132 1800 2152 vero

1012 2162 1202 2199 Ταμασιωτῶν
1240 2161 1276 2189 sit
1301 2164 1372 2198 apud
1385 2162 1519 2191 Golizium
1537 2171 1663 2193 nummus
1688 2166 1800 2194 dubium

1012 2211 1054 2233 est
1073 2205 1139 2240 quin
1167 2204 1194 2232 id
1215 2208 1337 2239 praestet.
1362 2205 1438 2232 Adde
1465 2204 1591 2233 Ovidium
1623 2207 1813 2247 Metamorphq

1012 2255 1040 2278 Χ,
1055 2247 1118 2274 641.

1049 2287 1116 2315 Ibid.
1135 2287 1247 2315 Κίτιον.
1269 2287 1371 2315 Aberat
1393 2288 1489 2316 stadiis
1503 2288 1556 2316 200
1576 2289 1712 2319 Salamine
1728 2293 1799 2325 apud

1014 2331 1159 2358 Diodorum
1176 2336 1222 2362 xx,
1238 2336 1265 2364 p.
1288 2329 1349 2356 785.
1375 2329 1411 2357 De
1424 2337 1457 2357 eo
1470 2336 1568 2364 przcter
1581 2331 1725 2359 lllcnrsium
1741 2333 1759 2359 Ι.
1778 2341 1809 2369 I,‘

1012 2380 1037 2401 c.
1050 2372 1083 2399 10
1098 2371 1249 2398 Bnchartus
1269 2370 1378 2406 Phaleg.
1390 2379 1431 2405 ut,
1446 2372 1473 2400 5.

1049 2413 1115 2441 Ibid.
1142 2412 1294 2447 Ἀμαθοῦς.
1325 2411 1381 2440 Hoc
1395 2413 1486 2440 malim
1500 2421 1533 2442 ex
1549 2421 1616 2443 mss.
1631 2414 1755 2450 Lugdun.
1772 2421 1801 2444 ct

1011 2454 1192 2484 Constantino
1217 2463 1224 2482 :
1250 2462 1313 2481 nam
1335 2454 1503 2490 Ἀμαθουσία
1519 2457 1621 2491 gentile
1643 2462 1696 2489 est,
1712 2458 1757 2485 cui
1774 2459 1797 2486 si

1011 2498 1090 2530 πόλις
1116 2497 1241 2529 addatur,
1272 2495 1337 2523 l‘erri
1366 2498 1476 2531 poterit.
1511 2497 1672 2527 Heliodorus
1694 2499 1798 2532 πόλεως

1016 2538 1216 2574 Ἀμανθοῦντος
1228 2541 1270 2565 est
1285 2537 1311 2564 in
1323 2537 1485 2566 Chalcedon.
1503 2547 1530 2573 p.
1546 2539 1609 2568 670.

1048 2581 1116 2609 Ibid.
1132 2580 1268 2614 Κούριον.
1295 2578 1327 2607 Et
1351 2579 1402 2608 hoc
1417 2587 1450 2607 ex
1474 2579 1655 2609 Constantino
1671 2583 1810 2615 πιπτει-(ιν

1011 2624 1089 2658 cuius
1103 2623 1248 2658 episcopus
1272 2621 1413 2650 Coriensis
1430 2622 1456 2649 iu
1474 2622 1610 2658 Ephesino
1628 2631 1655 2659 p.
1677 2624 1729 2652 779
1749 2633 1799 2660 ap-

1011 2665 1137 2701 pellatur.
1158 2664 1209 2691 Ch.
1227 2663 1360 2691 Cellarius
1377 2662 1408 2690 ϐ.
1424 2665 1457 2690 A.
1475 2672 1516 2696 ιιι,
1542 2665 1567 2698 7,
1588 2673 1615 2700 p.
1639 2665 1692 2692 275
1712 2667 1799 2694 nostri

1012 2707 1105 2742 Κόρην
1135 2713 1208 2751 cunr
1228 2705 1306 2732 I’liuii
1330 2704 1449 2751 Corineo
1466 2706 1737 2751 aliquidcommune
1749 2708 1808 2751 ᾔει-ὲ

1011 2749 1076 2776 bere
1091 2747 1292 2782 suspicabatur,
1308 2747 1380 2780 quod
1400 2753 1460 2781 ego,
1478 2754 1540 2774 cum
1560 2747 1649 2775 dubia:
1666 2748 1702 2775 sit
1723 2748 1797 2781 lidci,

1012 2795 1038 2817 ct
1061 2789 1258 2816 Constantinus
1282 2788 1399 2822 Κούριον
1426 2788 1489 2815 hinc
1515 2788 1724 2823 deprompserit,
1747 2790 1800 2817 huc

1013 2838 1152 2860 arcessc're
1170 2831 1263 2857 nolim.

1605 2879 1640 2913 37
