1911 3071
108 88 180 120 1163

139 144 197 173 Col.
209 144 270 172 152.
284 143 396 179 Πάρος.
409 144 527 180 Cyprum
535 144 650 172 insulam
658 145 721 172 huic
728 145 785 172 urbi
793 151 895 178 cogno-

104 187 206 213 minem
233 185 330 213 fecisse
348 185 473 212 Servium
500 186 633 214 Isidorum
649 191 730 220 alque
745 186 823 218 alios,
844 186 898 213 An-

105 235 159 256 ton.
178 227 274 254 Itiuer.
288 235 315 261 p.
333 227 397 256 256.
412 228 601 263 ascripsimus.
615 227 742 255 Ovidium
759 227 828 255 addo
842 227 894 254 M2-

104 269 234 303 tamorplt.
251 277 277 300 κ,
293 268 345 296 297
363 277 370 295 ε
388 268 440 295 Illa
458 269 570 303 Paphon
595 269 697 304 genuit,
711 269 743 297 de
758 277 809 304 quo
827 274 896 296 tenet

103 310 190 337 insula
209 318 311 337 notum.

141 353 207 379 Ibid.
229 353 376 386 Ἀρσινόη.
394 352 438 380 Sic
451 358 523 380 recte
537 353 744 380 Constantinus.
755 352 824 379 Olim
838 353 896 380 haec

104 395 169 421 urbs
185 394 298 422 Marium
317 399 386 426 erat,
408 396 546 430 Stephano
559 399 644 427 teste;
663 399 759 428 estque
774 395 832 428 ejus
848 402 895 421 rex

104 436 175 470 apud
190 436 338 463 Diodorum
356 437 398 469 l9,
418 445 444 471 p.
461 437 507 464 701
530 446 536 464 :
559 436 589 462 Ὀ
602 437 631 463 δὲ
653 437 765 467 Κιτιεὺς
780 437 828 463 καὶ
841 436 895 462 Λα-

104 478 207 510 πίθιος,
220 478 260 504 ἔτι
272 478 300 504 δὲ
312 478 418 513 Μάριος
436 479 481 505 καὶ
498 478 648 514 Κερονίτης
664 478 714 512 τὴν
730 477 797 513 πρὸς
812 477 894 503 αὑτὸν

104 521 195 554 φιλίαν
212 520 408 547 συντέθεινται.
428 520 478 548 Ubi
506 526 597 548 tamen
622 520 746 555 Μαριεύς
768 524 894 554 oportue-

105 567 145 588 rat
170 571 177 588 :
205 563 229 588 id
254 562 327 588 enim
347 563 422 589 urbis
447 562 559 597 gentile.
582 561 713 589 Eumdem
735 561 893 588 Στασίοικον

103 605 149 632 τὸν
166 604 278 639 βασιλέα
292 604 347 630 τῶν
364 604 490 635 Μανέων,
509 612 534 638 p.
551 603 604 630 70-!
617 607 645 631 et.
671 603 831 630 Στασίοικον
846 603 893 629 τὸν

103 646 150 672 τοῦ
161 646 298 677 Μαλιέως,
322 653 348 679 p.
367 646 419 672 7l9
443 645 522 679 vulgo
541 645 603 672 libri
626 645 773 679 appellant,
793 644 893 672 rectius

105 688 248 721 utrobique
261 687 316 713 τῶν
327 687 457 724 Μαριέων
474 687 673 722 nuncupaturi.
689 686 752 714 Scio
765 686 816 713 Ch.
832 685 893 714 Cel-

103 729 200 756 larium
217 729 249 756 ϐ.
263 737 278 756 a
297 729 324 761 5,
341 731 369 761 7,
383 736 408 764 p.
422 729 475 756 273
491 729 670 763 posteriorem
687 729 847 761 advocasse,
862 732 892 754 ut
907 760 910 763 Ι

103 771 196 798 Μάλον
212 771 332 806 ejusdem
349 771 459 798 Diodori
483 778 531 802 xu,
553 777 580 804 p.
595 770 630 797 75
663 773 803 803 tueretur;
819 769 891 803 quod

103 821 165 840 cum
182 820 313 847 nusquam
334 812 396 838 alibi
413 812 449 839 sit
469 812 568 839 lectum
592 816 619 838 et
640 811 790 839 Stasioecus
804 811 891 838 Mario

104 850 288 888 imperaverit,
304 858 394 888 putem
410 854 442 880 ad
464 854 587 881 eamdem
604 853 718 880 formam
731 859 791 880 esse
808 852 891 880 reﬁn-

102 897 229 932 gcndum.
243 895 309 923 Nam
324 896 468 927 Arrianus,
483 897 526 922 cui
544 895 728 923 testimonium
744 894 787 922 Jo.
803 894 891 922 Meur-

101 939 158 966 sius
173 945 192 969 ι,
220 939 254 965 15
275 937 445 965 denuntiavit
467 937 526 964 Mali
550 944 642 970 causa,
671 936 737 964 nihil
755 936 889 970 prodest:

102 980 226 1007 meminit
248 987 312 1007 sane
329 981 362 1006 de
379 978 482 1012 Exped.
508 979 640 1005 Alexand.
659 987 690 1011 tt,
709 978 745 1006 ‘20
763 977 889 1006 Solorum

101 1027 128 1047 et
149 1021 230 1053 Malli,
249 1029 310 1055 qua:
325 1021 427 1047 Cicilia’
444 1020 541 1054 oppida
565 1020 648 1048 luisse
671 1027 750 1047 nemo
771 1020 888 1054 ignorat.

101 1064 176 1090 Adde
188 1062 246 1089 Jac.
260 1062 437 1094 Gronovium,
453 1062 519 1088 mihi
535 1061 763 1093 consentientem,
779 1061 806 1088 in
819 1060 888 1096 Scy-

102 1104 196 1136 lacem.
212 1113 237 1136 p.
256 1104 301 1131 9S.
824 1112 827 1114 '

137 1113 322 1174 p230...
339 1145 406 1172 Acta
430 1144 536 1171 Auxibii
554 1151 580 1172 c.
607 1144 620 1171 I
648 1151 746 1179 pagum
774 1143 887 1171 Limnen

101 1187 137 1215 Μ.
150 1187 181 1216 P.
200 1188 216 1214 4
230 1188 264 1215 ab
285 1187 352 1214 urbe
368 1190 508 1214 semovent
525 1191 554 1213 et
575 1185 676 1213 Σολίων
694 1184 772 1212 πόλιν
790 1185 888 1220 appel-

97 1230 176 1262 lant,
192 1235 219 1257 et
238 1230 300 1264 jure
317 1237 325 1256 :
346 1235 407 1255 nam
425 1227 512 1254 Σόλιοι
533 1228 567 1254 ab
592 1227 643 1255 hac
659 1227 737 1260 urbe,
759 1227 840 1254 sicuti
854 1225 889 1253 ab

100 1271 221 1305 ejusdem
241 1270 358 1297 nominis
392 1270 419 1296 in
435 1269 531 1296 Cicilia
545 1269 648 1302 Σολεῖς,
671 1268 886 1303 appellabantur,

99 1321 153 1347 qua
169 1313 203 1341 de
217 1320 246 1339 re
259 1319 340 1346 supra
357 1318 391 1339 ex
407 1311 480 1338 Arati
499 1310 570 1338 Vita.
594 1310 713 1338 Galenus
729 1310 794 1337 ἁπλ.
808 1317 888 1345 φαρ-

103 1363 169 1388 μακ.
184 1354 201 1381 9
215 1362 240 1388 p.
263 1354 333 1385 l25,
363 1353 418 1379 τῶν
435 1353 463 1378 ἐν
480 1351 587 1388 Κύπρῳ
610 1352 698 1379 Σόλων
721 1351 843 1380 meminit
861 1354 889 1378 et

101 1395 280 1423 metallorum.
295 1402 355 1430 qum
370 1394 467 1421 stadiis
480 1394 515 1421 '50
532 1395 565 1421 ab
581 1394 680 1428 oppido
696 1394 820 1421 aberant.

137 1438 203 1465 Ibid.
230 1437 372 1470 Λάπιθος.
399 1436 457 1464 Non
488 1437 567 1463 aliter
591 1436 656 1463 Acta
682 1436 791 1464 Ausibii
812 1443 838 1464 c.
860 1436 886 1468 1,

99 1481 273 1510 Ptolemaeas,
299 1479 427 1514 Didymus
453 1478 557 1508 πόλεως
579 1478 701 1504 Λαπίθου
725 1479 752 1504 in
777 1478 889 1506 Chalce-

99 1524 164 1550 dou.
192 1521 290 1549 concil.
315 1527 343 1555 p.
370 1519 432 1551 670,
453 1525 479 1547 et
501 1520 628 1553 βασιλεὺς
652 1519 790 1551 Λαπιθίας
817 1520 888 1554 apud

100 1563 246 1591 Diodorum
271 1562 316 1593 19,
335 1569 362 1595 p.
386 1560 436 1588 7l9
450 1565 477 1588 et
503 1561 639 1593 Λαπίθιος
661 1569 688 1594 p.
706 1560 767 1588 70I.
784 1560 886 1589 Tamen

99 1612 160 1631 cum
175 1602 363 1630 ΛΑΠΗΘΕΩΝ
373 1609 499 1629 nummus
511 1602 547 1629 sit
563 1602 632 1637 apud
643 1602 788 1634 Coltzium,
798 1607 826 1629 et
841 1609 889 1629 ve-

100 1651 187 1673 terum
203 1645 307 1680 plures.
323 1651 338 1670 a
354 1642 471 1670 Meursio
495 1643 521 1676 I,
543 1641 578 1670 12
589 1643 728 1676 conducti,
758 1643 888 1678 Λάπηθον

98 1691 206 1719 vocent,
222 1686 248 1713 id
261 1685 362 1713 malim.

135 1728 201 1755 Ibid.
221 1727 253 1754 C.
270 1726 397 1761 Κιρϐοῖα.
412 1725 590 1765 Constantino
605 1724 622 1752 l.
636 1732 657 1758 ι,
671 1724 754 1753 them.
768 1725 803 1753 I5
817 1726 888 1761 Κερ-

99 1770 159 1805 μία,
180 1777 260 1804 quam
275 1768 317 1796 Jo.
334 1767 469 1795 Meursius
486 1767 511 1800 I,
527 1768 544 1796 9
561 1774 576 1794 a
593 1768 709 1795 Coroni:
723 1768 780 1796 sive
796 1767 885 1796 Ceru-

98 1812 152 1843 nia,
170 1811 241 1839 haud
270 1809 379 1838 din‘erre
403 1813 536 1836 autumat.
561 1809 597 1836 At
619 1816 680 1836 eam
704 1813 767 1844 post
789 1809 886 1837 deinde

96 1852 235 1880 Hierocles
251 1856 278 1879 et
293 1850 490 1879 Constantinus
504 1854 664 1882 recensent;
689 1857 783 1884 quare,
799 1850 887 1878 donec

94 1894 201 1922 felicior
216 1901 312 1921 manus
330 1892 426 1919 vitium
443 1892 600 1925 deterserit,
625 1891 798 1920 Crentaseam
813 1893 886 1920 arbi-

97 1936 201 1968 trabor,
218 1943 272 1971 qua
283 1935 316 1962 de
329 1934 440 1961 Nonnus
454 1933 496 1965 15,
511 1933 581 1961 455ι

97 2004 133 2032 ΟΖ
154 2003 180 2032 τ¹
191 2001 276 2038 εῒχον
291 2001 487 2037 Κρεμάσειαν,
508 2001 670 2036 άλιστεφὲς
687 1999 781 2035 οὖδας
794 2002 883 2073 aptiu-

759 2046 827 2071 ρης-

759 2046 827 2071 ρης-

130 2099 200 2128 Ibid.
226 2099 342 2133 Κύθροι.
369 2097 495 2132 Κυθηρία
511 2097 625 2125 Carolus
641 2105 655 2124 a
671 2096 699 2124 S.
712 2097 795 2125 Paulo
810 2106 883 2125 mar-

95 2142 150 2177 gini
163 2141 289 2168 editionis
303 2147 359 2167 sua;
378 2138 650 2174 ascripsit,[favetque
665 2138 861 2168 Constantinus
875 2149 881 2173 ;

96 2191 156 2218 qua:
170 2187 259 2210 tamen
275 2181 443 2214 conjectura.
460 2181 586 2215 quoniam
596 2180 647 2208 hoc
663 2180 772 2208 nomine
787 2181 882 2208 urbem

95 2225 202 2259 Cyprus
224 2223 368 2258 ignoravit,
392 2226 421 2249 ut
449 2222 517 2249 bene
546 2226 642 2248 contra
662 2221 808 2249 Meursium
831 2222 880 2249 Ch.

96 2265 227 2294 Cellarius
241 2264 274 2292 G.
291 2265 323 2292 A.
338 2265 365 2296 5,
384 2264 412 2295 7,
433 2271 460 2298 p.
484 2263 534 2291 28!
556 2264 683 2296 asseruit,
697 2263 809 2298 rejicula
823 2271 884 2291 esse

96 2309 186 2336 debet.
210 2306 373 2341 Iutclligitur
391 2306 590 2333 mediterranea
611 2305 707 2332 insulae
725 2306 799 2338 urbs,
825 2313 884 2340 quae

95 2350 199 2386 Χύθροι
224 2349 287 2376 aliis
299 2353 325 2376 et
349 2347 465 2375 concilio
486 2346 654 2375 Chalcedon.
672 2347 736 2375 671.
753 2347 820 2374 Cum
836 2355 884 2375 no-

95 2397 153 2419 stro
169 2389 379 2424 facitSpyridon
395 2387 492 2422 praesul
512 2388 634 2420 Παλαίας
649 2388 708 2424 ἦτοι
725 2388 843 2424 Κύθρων
855 2389 882 2416 in

94 2432 203 2461 Niczcno
218 2431 347 2462 secundo.

133 2474 199 2502 Ibid.
223 2472 408 2507 Κυρπάσιον.
437 2471 476 2499 Ex
505 2471 683 2499 Constantino
711 2471 882 2506 recepimus,

93 2516 256 2544 sententiam
274 2514 305 2542 L.
326 2513 468 2542 llolstciuii
492 2513 518 2540 in
542 2513 708 2547 Stephanum
733 2514 819 2541 secuti
848 2514 883 2541 ob

93 2556 172 2585 Plinii
187 2557 204 2585 5
219 2556 250 2584 51
268 2556 440 2590 Carpasium.
453 2555 549 2582 Caneri
566 2554 733 2590 Καρπασίαν
755 2556 880 2589 probant.

127 2599 194 2627 Ibid.
208 2597 351 2632 Κυρήνια.
377 2597 517 2632 Κυρήνεια
530 2596 720 2626 Constantino.
744 2596 883 2630 Stephano

90 2640 119 2667 in
138 2639 216 2676 ιίηγὴ
234 2639 334 2667 dicitur
356 2639 493 2674 Κυρήνια,
515 2645 595 2673 quam
617 2637 757 2665 Berltelius
780 2638 883 2672 impru'

92 2684 188 2710 denter
210 2681 353 2709 Κυδωνίαν
373 2689 433 2709 esse
454 2681 546 2716 jussit.
572 2680 680 2707 Cretam
707 2687 768 2706 cum
793 2679 883 2714 Cypro

92 2724 272 2752 confundens.
288 2723 343 2752 Nec
363 2723 487 2750 dissentit
505 2721 684 2756 Meuologium
708 2721 881 2748 Carisianum

94 2763 126 2790 Vl
144 2764 217 2792 Maii.
236 2765 332 2793 Verior
348 2770 449 2796 tamen,
462 2764 514 2791 nisi
532 2763 647 2790 diversa:
669 2762 769 2789 l'uerint
790 2763 881 2795 urbes,

93 2806 145 2832 erit
158 2805 289 2839 Κερυνία,
308 2806 387 2840 cujus
410 2813 456 2832 rex
480 2805 632 2839 Κερυνίτης
651 2804 766 2832 Diodoro
783 2803 883 2832 dicitur
905 2839 914 2843 ν

642 89 830 119 ADDENDA.
853 101 887 106 -
905 89 936 119 Ρ.
957 90 1213 123 WESSELINGII

1673 98 1755 132 1164

953 145 987 172 19
1012 153 1039 180 p.
1068 146 1132 178 70l,
1147 148 1198 175 etsi
1217 148 1286 175 male
1310 155 1337 183 p.
1364 149 1412 177 701
1437 151 1572 186 Κερυννία
1599 157 1623 178 cl
1643 161 1670 187 ι».
1693 155 1756 181 719

951 187 1081 221 Κερανία.
1099 188 1224 216 Putarem
1240 197 1293 217 non
1309 191 1390 217 aliam
1409 192 1493 218 etiam
1512 200 1573 219 esse
1592 193 1628 219 20
1647 203 1672 228 p.
1694 196 1755 223 785

951 229 1098 264 Οὐρανίαν,
1115 231 1166 258 nisi
1192 231 1264 258 illius
1279 233 1458 266 patrocinium
1475 233 1588 262 Nonnus
1602 237 1753 269 proﬁtere-

953 275 996 298 tur
1020 272 1057 314 15
1070 272 1123 300 452
1144 274 1221 301 :Kal
1237 273 1374 310 Οὐρανίης
1399 276 1480 302 πέδον
1501 276 1594 311 ἕδρης,
1617 277 1751 314 αίθηρίου

951 313 1082 345 κενεῶνας
1106 315 1260 350 ἐπώνυμον.
1290 315 1342 343 Ubi
1368 324 1430 344 cum
1455 318 1597 345 aetherium
1619 324 1751 348 ventrem

950 360 1070 388 vertunt,
1086 363 1140 383 non
1157 357 1225 384 bene
1246 357 1279 385 ad
1295 357 1382 385 Nonni
1402 359 1624 387 consuetudinem
1645 362 1750 389 dictio-

949 403 1065 430 ncmque
1097 398 1216 424 animum
1253 399 1408 427 atlvertisse
1441 400 1576 428 videntur.
1612 402 1749 438 Δίθήρίον

949 437 1067 464 κενεῶνα
1089 438 1185 472 ipsum
1201 440 1320 473 appellat
1340 440 1449 473 ccelum,
1474 446 1502 468 ut
1527 450 1566 473 ix,
1583 442 1618 469 82
1634 443 1747 478 χθόνιον

949 479 1067 506 κενεῶνα
1091 485 1203 512 terram,
1220 486 1247 507 et
1270 481 1300 508 Ill
1327 482 1344 509 5
1371 482 1437 518 ὅλης
1462 484 1596 516 κενεῶνας
1619 485 1747 520 ἀρούρης

948 528 1039 555 agros,
1057 529 1233 556 quamquam,
1251 529 1279 550 ut
1292 531 1355 550 vere
1369 525 1468 556 dicam,
1480 526 1546 551 satis
1563 526 1718 554 insolenter.

984 563 1050 591 Ibid.
1074 564 1297 598 Τριμιθούντων.
1314 565 1365 592 CII.
1385 565 1520 594 Cellarius
1536 567 1568 594 ϐ.
1587 568 1619 594 Α.
1636 568 1654 594 3
1673 569 1690 595 Ἰ
1709 577 1738 604 p.

947 603 1000 630 276
1022 604 1219 639 Τριμιθοῦντον
1240 606 1292 641 legi
1314 614 1395 641 posse
1416 607 1577 639 arbitratur,
1603 610 1682 636 sicuti
1705 603 1741 638 ex

949 644 1055 680 llydrus
1070 647 1099 673 lit
1115 641 1213 675 Latine
1227 647 1408 682 Hydruntum,
1421 656 1453 675 ex
1470 649 1552 683 Sipus
1573 649 1739 684 Sipontum;

946 687 1002 719 eui,
1015 687 1037 714 si
1054 695 1167 722 usquam
1183 688 1399 716 Trimithuntum
1416 690 1562 723 legeretur,
1583 692 1654 718 haud
1669 693 1742 720 dtlli-

946 728 1032 755 culter
1059 729 1233 764 astipularer.
1249 729 1382 757 Videntur
1392 731 1494 758 librarii
1509 732 1524 758 ό
1534 732 1742 767 Τριμιθούντων

946 769 1064 802 dedisse,
1080 775 1110 797 ut
1129 770 1188 803 ejus
1208 772 1361 806 episcopus,
1381 772 1459 799 sicuti
1486 774 1511 800 in
1538 775 1599 801 aliis
1627 775 1741 802 No.'t'tiis

946 811 1059 843 assolet,
1082 813 1290 848 intelligeretur,
1315 815 1385 841 male
1404 816 1659 851 tamen,'siqnidem
1681 818 1741 845 hac

946 852 981 879 ab
994 853 1179 882 ecclesiastica
1198 855 1291 882 distat.

983 894 1050 921 Ibid.
1074 897 1255 923 Λευκουσία.
1289 897 1409 924 Diversis
1433 897 1491 925 hzec
1507 899 1662 926 nominibus
1687 899 1740 926 l‘nit

945 942 1004 961 usa.
1030 934 1213 971 Hieronymus
1249 937 1339 964 Calai.
1380 939 1472 972 script.
1505 939 1605 966 Ecclu.
1629 949 1654 968 c.
1678 941 1736 968 92:

946 975 1116 1011 Triphyllius,
1136 976 1216 1012 Cypri
1235 977 1374 1006 Ledremis
1390 981 1444 1007 sive
1460 981 1616 1012 Λευτεῶνος
1635 983 1737 1015 episco-

943 1025 1004 1051 pus,
1029 1018 1261 1053 eloquentissimus
1287 1028 1344 1047 suta
1363 1023 1450 1048 celatis
1473 1026 1499 1048 et
1515 1023 1563 1048 sub
1583 1031 1643 1058 rege
1667 1024 1736 1051 Con-

943 1059 1043 1086 stantio
1069 1060 1250 1087 celeberrimus
1275 1061 1338 1095 fuit.
1363 1062 1515 1090 Sozomeno
1543 1064 1575 1090 ll.
1607 1065 1638 1092 Ε,
1663 1066 1675 1091 1
1704 1067 1739 1093 10

943 1099 1110 1136 Triphyllius
1132 1102 1186 1128 τῶν
1203 1102 1312 1137 Λεδρῶν
1332 1103 1450 1137 dicitur;
1473 1112 1554 1139 quem
1572 1106 1633 1132 hinc
1651 1106 1738 1134 fuisse

942 1148 976 1168 ex
990 1142 1067 1170 Actis
1077 1142 1137 1178 ejus
1152 1150 1176 1170 c.
1195 1143 1207 1170 I
1221 1144 1330 1178 colligo,
1347 1145 1391 1172 ubi
1408 1145 1570 1181 Τριφύλλιος
1585 1147 1739 1180 ἐπίσκοπος

942 1183 1110 1216 Λευκωσίας,
1125 1183 1176 1219 τῆς
1189 1184 1236 1212 νῦν
1250 1185 1445 1220 μητροπόλεως
1466 1187 1590 1223 Κύπρνυ,
1606 1193 1632 1215 et
1652 1196 1675 1215 e.
1695 1190 1711 1216 5
1726 1199 1734 1216 :

942 1224 1034 1259 Ψήφῳ
1057 1225 1118 1260 θείᾳ
1138 1225 1189 1260 τῆς
1212 1225 1435 1262 Καλλινικήσεων
1460 1228 1511 1263 μὲν
1534 1230 1609 1264 πρὶν,
1631 1230 1678 1256 νῦν
1707 1231 1736 1257 δὲ

942 1265 1099 1297 Λευκωσίας
1107 1266 1320 1302 προχειρίξεται.
1326 1267 1384 1295 Non
1395 1269 1510 1296 dillileor
1517 1268 1735 1305 Papebrochium

944 1311 1009 1334 tom.
1022 1307 1039 1334 2
1048 1307 1104 1336 Jul.
1119 1316 1146 1342 p.
1158 1308 1212 1335 682
1225 1309 1292 1336 duos
1309 1309 1387 1337 nobis
1410 1309 1565 1346 Tripltylios
1578 1319 1639 1340 esse
1657 1321 1736 1340 com~

942 1353 1075 1382 mentum,
1098 1354 1214 1383 quorum
1235 1350 1303 1378 alter
1315 1350 1478 1384 Ledrorum,
1505 1352 1574 1380 alter
1595 1353 1736 1382 Leucosiae

942 1388 1023 1416 fuerit
1037 1390 1151 1424 prasul;
1166 1390 1212 1424 qui
1226 1391 1250 1419 si
1267 1391 1300 1418 ad
1313 1398 1346 1419 ea
1362 1393 1522 1420 attendisset
1536 1401 1595 1429 qua:
1611 1402 1643 1422 ex
1658 1396 1735 1423 Actis

943 1430 972 1457 S.
990 1429 1150 1466 Spyridonis
1169 1431 1333 1460 Lambecius
1359 1432 1430 1460 Bibl.
1454 1433 1556 1462 Caesar.
1582 1436 1598 1463 8
1626 1443 1653 1469 p.
1681 1437 1730 1464 511

942 1472 1088 1506 excerpsit,
1102 1479 1162 1499 eam
1178 1473 1249 1500 haud
1263 1473 1346 1501 dubie
1360 1474 1547 1510 conjecturam
1560 1477 1733 1504 damnasset:

942 1512 1008 1539 inibi
1024 1513 1094 1539 enim
1107 1514 1270 1549 Τριφύλλιος
1288 1515 1438 1547 ἐπίσκοπος
1449 1516 1499 1551 τῆς
1513 1517 1733 1553 Καλλινιχήσεων

942 1553 1045 1585 πόλεως
1068 1555 1126 1589 ἤτοι
1141 1556 1254 1583 Λευκῶν
1272 1556 1341 1583 θεῶν
1354 1557 1437 1591 ἁγίας
1456 1558 1504 1584 τοῦ
1521 1558 1588 1585 Θεοῦ
1617 1560 1732 1595 Ἐκκλη-

943 1595 1013 1628 σίας,
1030 1603 1090 1630 qua
1111 1597 1255 1631 perspicue
1270 1598 1370 1626 docent
1389 1599 1416 1626 in
1439 1598 1619 1636 Triphyllium
1636 1601 1732 1636 Spyri-

941 1637 1022 1664 tionis
1031 1638 1162 1672 aequalem
1182 1645 1214 1666 ea
1228 1640 1320 1666 omnia
1333 1641 1491 1673 convenire,
1507 1646 1590 1677 atque
1609 1645 1733 1671 eamdem

942 1686 1053 1713 prorsus
1067 1686 1129 1707 esse
1143 1679 1294 1718 Ledrorum
1308 1681 1530 1710 Callinicensium
1550 1689 1579 1711 et
1592 1683 1734 1712 Leucosiae

941 1721 1047 1754 urbem,
1065 1721 1120 1748 imo
1134 1728 1198 1749 vero
1216 1722 1242 1748 in
1266 1721 1424 1759 Hieronymi
1442 1725 1564 1760 catalogo
1585 1733 1638 1753 non
1663 1728 1734 1754 Λευ-

939 1761 1039 1794 τεῶνος
1054 1763 1101 1790 sed
1114 1763 1227 1790 Λευκῶν
1243 1763 1312 1791 Θεῶν
1328 1770 1432 1793 rectum
1446 1773 1518 1794 esse.

975 1802 1043 1831 Ibid.
1065 1804 1140 1831 Ὑπὸ
1162 1804 1306 1839 ἡγεμόνα.
1332 1805 1478 1834 Prasidetn
1496 1807 1663 1837 Diocletiano
1679 1810 1731 1837 im-

939 1849 1065 1878 peratore
1090 1844 1221 1873 Isauriam
1243 1846 1373 1875 habuisse
1399 1846 1560 1877 Theodorus
1584 1850 1733 1878 Iconiensis

940 1886 966 1913 in
981 1886 1105 1921 epistola,
1122 1894 1182 1920 quae
1196 1892 1262 1915 tom.
1278 1888 1295 1916 5
1306 1887 1360 1916 Jul.
1374 1890 1409 1916 ab
1426 1890 1677 1925 Antwerpiensibus
1690 1898 1733 1920 est

938 1927 1048 1962 vulgata
1071 1935 1097 1962 p.
1113 1927 1160 1960 26,
1181 1930 1312 1957 ostendit.
1329 1929 1434 1957 Nomia
1460 1931 1525 1966 imp.
1542 1931 1645 1959 Orieut.
1668 1941 1731 1960 eum

939 1977 991 1997 non
1006 1969 1097 2002 habet,
1111 1970 1159 1998 sed
1171 1972 1299 1999 comitem
1315 1972 1353 1999 rei
1371 1972 1498 2001 militaris
1517 1973 1639 2006 Isauria,
1653 1975 1732 2010 cujus

937 2011 1018 2038 etiam
1040 2010 1201 2039 Ammianus
1216 2019 1274 2046 xtv,
1295 2012 1313 2039 2
1336 2016 1364 2041 et
1387 2021 1451 2047 xix,
1476 2014 1510 2041 15
1533 2016 1730 2044 commeminit.

937 2051 1006 2080 Puto
1022 2058 1049 2080 et
1063 2053 1205 2087 praesident
1218 2059 1245 2082 et
1256 2055 1384 2083 comitem
1403 2055 1543 2089 habuisse,
1555 2064 1671 2092 quorum
1688 2059 1732 2086 hic

939 2094 976 2120 rei
993 2093 1119 2121 militaris
1141 2102 1234 2122 curatn
1249 2101 1355 2131 gereret
1371 2101 1397 2124 et
1414 2097 1569 2125 Isaurorum
1587 2098 1730 2127 latrocinia

938 2140 1133 2169 compesceret,
1150 2136 1194 2164 ille
1212 2144 1277 2164 vero
1299 2145 1354 2165 rem
1378 2138 1489 2167 civilem
1507 2145 1630 2167 curaret.
1646 2139 1731 2168 Justi-

938 2178 1036 2204 niauus
1048 2178 1109 2204 dein
1125 2177 1235 2205 Novella
1251 2179 1286 2206 28
1299 2184 1443 2215 utramque
1459 2181 1730 2210 administrationem

937 2219 1080 2254 conjunxit
1093 2226 1121 2247 ct
1133 2221 1178 2246 uni
1196 2222 1288 2248 comiti
1304 2222 1452 2250 mandavit.

973 2262 1040 2289 Ibid.
1063 2262 1234 2290 Σελεύκεια.
1259 2263 1408 2292 Provinciae
1427 2266 1587 2300 metropolin:
1606 2265 1731 2294 Theodoo

938 2308 1012 2330 retus
1028 2303 1065 2330 Η.
1081 2303 1113 2330 Ε.
1132 2312 1162 2335 u,
1178 2304 1214 2331 26
1230 2304 1305 2337 facit,
1324 2310 1350 2332 et
1375 2306 1491 2334 maxime
1504 2307 1617 2335 Basilius
1633 2308 1730 2335 Seleu-

937 2344 1037 2371 ciensis
1052 2350 1175 2372 extremo
1200 2346 1218 2372 l.
1241 2346 1251 2372 1
1273 2347 1306 2374 de
1328 2345 1389 2373 Vita
1410 2347 1440 2375 S.
1459 2347 1561 2375 Theclte
1575 2356 1585 2375 :
1599 2349 1679 2379 Πόλις
1699 2349 1730 2376 δέ

937 2387 1011 2413 ὲατιν
1019 2386 1088 2422 αὕτη
1101 2387 1154 2413 τῶν
1166 2387 1215 2422 τῆς
1228 2387 1314 2422 Ἐῲις
1324 2388 1406 2422 ὁρίων
1416 2389 1446 2415 ὲν
1457 2390 1591 2425 προοιμίῳ
1601 2391 1728 2424 κειμένη,

938 2427 1138 2463 προεδρεύουσα
1160 2428 1188 2454 δὲ
1211 2429 1257 2454 καὶ
1281 2430 1507 2465 προκαθεζομένη
1530 2432 1620 2466 πάσης
1640 2432 1729 2457 Ἰσαυ-

938 2469 1011 2504 ρίδος
1032 2468 1147 2502 πόλεως,
1163 2469 1309 2505 trp/iactato;
1331 2470 1460 2507 θαλάττῃ,
1476 2473 1599 2507 ποταμοῦ
1619 2474 1729 2506 γείτων.

937 2511 1074 2542 Κάλυδνος
1095 2511 1181 2546 ὄνομα
1198 2511 1236 2547 τῷ
1256 2513 1382 2548 ποταμῷ,
1401 2514 1542 2549 ἐρχομένῳ
1557 2515 1606 2549 μὲν
1625 2515 1730 2541 ἇνωῡεν

937 2552 991 2578 ἀπὸ
1005 2552 1059 2578 τῶν
1081 2553 1130 2587 τῆς
1148 2554 1265 2588 Κήτιδος
1281 2554 1456 2589 μυχαιτάτων
1473 2556 1583 2591 χωρίων
1612 2555 1678 2588 Qua:
1702 2561 1731 2584 et

937 2594 1100 2629 metropolin
1117 2595 1201 2623 fuisse
1216 2597 1418 2623 etmaritimam
1430 2604 1461 2624 ac
1471 2596 1730 2632 Calycaduo,quem

937 2637 1087 2671 Calydnum
1113 2637 1240 2671 appellat,
1264 2638 1290 2665 id
1313 2638 1384 2672 quod
1410 2639 1566 2673 Stephanus
1593 2639 1620 2666 in
1649 2639 1730 2674 Ὑρία

938 2679 1030 2714 prodit
1049 2679 1170 2712 ﬁrmans,
1189 2679 1318 2708 vicinam.
1331 2681 1482 2708 Additdein
1499 2685 1574 2708 tanto
1585 2682 1730 2717 splendore

938 2726 1019 2756 atque
1036 2722 1195 2749 atnmttitate
1215 2729 1275 2749 esse
1296 2727 1328 2749 ut
1345 2723 1447 2750 multas
1466 2729 1611 2757 exsuperet
1628 2729 1654 2751 et
1669 2725 1730 2758 qui-

937 2762 1051 2790 busdatn
1064 2767 1233 2797 exzequetur.
1246 2770 1307 2790 cum
1320 2763 1404 2791 Tarso
1417 2771 1517 2796 autent,
1529 2765 1730 2800 elegantissima

940 2803 1029 2836 urbe,
1053 2806 1208 2837 montibus,
1235 2806 1308 2838 situ,
1333 2807 1404 2833 aeris
1431 2807 1569 2840 temperie,
1593 2806 1732 2834 ﬂuctuum
