1911 3071
158 142 227 175 1165

150 199 228 234 copia
257 203 284 227 ct
309 207 398 227 rerum
421 199 555 227 venalium
579 198 745 226 abundantia
763 199 880 234 aliisque
901 198 934 225 ad

150 241 313 276 elegantiam
340 246 367 268 et
393 241 536 268 utilitatem
559 241 642 268 rebus
665 241 699 267 dc
719 241 807 275 palma
832 243 935 272 certet;

149 281 282 309 celebrari
305 283 331 308 in
352 283 418 309 urbe
432 282 577 316 quotannis
596 281 670 309 varia
688 281 811 308 ludorum
827 287 937 316 genera,

151 330 211 356 qua:
237 321 359 357 Olympia
381 323 525 356 appellem,
547 327 575 349 et
596 323 621 349 in
646 329 706 357 quae
726 330 779 349 non
803 322 937 352 immerito

149 361 228 390 Orat.
248 363 294 394 27,
317 371 344 398 p.
369 363 419 390 148
435 363 583 390 invehitur.
611 363 736 390 Zosimus
756 363 769 389 I
793 363 826 390 27
846 362 938 389 Σελεύ-

151 412 229 431 κειαν
241 404 291 439 τὴν
308 404 377 439 μετὰ
391 404 518 431 Κιλικίαν
532 409 632 436 \'ocat.,
650 409 676 431 et
691 403 823 438 Apollinis
842 403 939 437 Sarpe-

150 446 236 478 donii,
252 447 277 473 in
293 453 346 481 quo
364 446 472 473 oracula
489 446 676 477 redderentur,
691 445 792 479 templo
806 440 938 479 insignem

152 487 247 518 fuisse,
266 487 343 520 cujus
356 491 384 514 et
406 486 521 514 Basilius
539 486 607 513 Vita:
623 485 733 518 Thasiae,
753 493 774 518 t,
793 492 822 520 p.
837 485 892 512 275
912 490 940 512 ct

152 528 186 555 de
204 527 300 555 Μὶν-ατ.
320 527 409 555 Thecl.
423 536 454 560 II,
468 527 486 554 2
503 532 531 555 et
544 527 580 554 26
601 527 765 555 mentionem
787 526 861 554 fecit.
876 526 941 553 Per-

155 576 247 602 peram
277 569 423 595 Σελεύκεια
456 570 473 603 ἡ
500 569 529 595 ἐν
555 567 711 603 Καισαρείᾳ
740 568 767 595 in
798 567 941 602 Symeonis

154 610 261 645 Stylilae
274 611 348 637 Actis
371 611 454 642 (525,
478 616 542 637 tom.
568 610 587 637 5
611 609 673 636 Maii
697 617 724 644 ρ.
748 609 810 637 584.
830 609 940 636 Rectius

153 651 278 679 Seleucia
295 651 417 686 Tpaxsi:
433 652 504 684 aliis,
529 651 600 685 quod
628 651 654 677 in
681 649 784 678 Isauria
807 649 938 685 Τραχειᾳ,

155 695 188 722 de
204 701 256 729 qua
277 694 414 721 Candidus
429 694 498 726 apud
513 693 638 720 Photium
653 692 714 719 cod.
731 691 775 726 79,
786 695 868 719 esset.

189 735 246 762 Cui.
261 733 510 767 152.Κελεε-θέρη.
529 733 688 769 Κελένδερις
705 737 826 768 cst,quat
844 732 941 760 Celen-

153 776 246 810 bielze,
272 783 435 811 quamquam
457 775 613 802 Citandaris
636 782 688 802 ms.
714 773 876 802 D‘Orviliani
905 774 941 802 ad

151 817 313 844 Ceiemieritt
328 817 437 851 propior
457 821 508 843 est.
523 816 637 843 Condita
653 819 694 843 est
708 823 722 842 a
741 815 865 843 Sandoco
884 815 942 843 sive

153 858 290 892 Sandaco,
317 860 340 885 si
365 858 545 892 Apollodorus
568 857 640 884 Bibl.
666 864 707 888 ιιι,
737 864 765 891 p.
787 856 838 885 I93
860 857 941 885 ﬁdem

154 905 282 931 meretur,
300 904 377 935 patre
393 894 510 934 Cinyrae,
528 905 608 934 quem
628 904 661 926 ex
681 897 837 932 Pharnace,
859 904 941 934 quam

153 942 331 977 Apollodorus
344 941 471 976 Θανάκην
481 945 571 974 vocat,
583 940 684 976 genuit.
699 938 766 967 Vide
781 939 942 976 Hesychium

154 981 181 1008 in
199 980 318 1015 Κινύρας
330 986 357 1008 et
368 980 478 1008 Suidam
492 981 518 1008 in
531 978 758 1014 Καταγηγάσαις,
774 979 818 1007 ubi
835 979 942 1007 mallem

152 1021 222 1051 nihil
240 1028 254 1047 a
273 1020 389 1048 Kustcro
404 1025 548 1048 mutatum.

189 1069 258 1097 Ibid.
273 1069 473 1103 Ἀνεμούριον.
500 1069 557 1097 Sita
570 1074 630 1097 erat
643 1070 669 1098 in
687 1069 811 1105 ejusdem
826 1067 943 1096 nominis

154 1109 350 1144 promontorio,
367 1108 430 1136 olitn
455 1109 556 1137 Cilicia:
579 1110 741 1137 contributa.
762 1107 944 1136 Meminerunt

157 1151 232 1179 urbis
253 1151 321 1177 Acta
339 1150 369 1177 S.
385 1150 526 1184 Bai-nabat,
544 1158 603 1186 quae
621 1151 750 1184 Joannes,
766 1150 826 1185 ejus
840 1157 943 1183 comes,

155 1192 240 1219 videri
262 1192 321 1219 vult
337 1192 495 1226 digessisse,
516 1197 582 1220 tom.
606 1201 626 1221 tt
639 1192 702 1220 Jun.
718 1200 745 1228 p.
761 1192 814 1220 4'52
834 1200 842 1219 :
861 1191 946 1219 refert

156 1240 187 1260 se
201 1240 262 1260 cum
282 1232 406 1260 Barnaba
425 1232 566 1261 Laodicea
583 1234 610 1261 in
630 1234 710 1269 Syria
729 1233 830 1266 navim,
844 1237 874 1260 ut
889 1233 943 1268 Cy-

155 1282 235 1309 prum
251 1278 386 1308 peterent,
401 1275 606 1307 conscendisse,
625 1275 790 1309 adversoque
805 1274 944 1302 conﬂicta-

159 1321 201 1342 tos
215 1314 299 1343 fuisse
322 1319 412 1343 vento.
438 1315 491 1342 Sed
509 1316 597 1351 ipsum
612 1316 676 1351 quid
701 1316 773 1344 dicat
793 1316 888 1344 audire
901 1320 944 1344 est

155 1364 246 1390 opere
259 1356 394 1391 pretium:
412 1356 548 1392 Ἦλθομεν
563 1358 593 1383 ὲν
611 1357 650 1392 τῷ
668 1357 807 1393 Κορασῐῳ.
823 1357 944 1385 Ἐκεῖθεν

154 1397 186 1424 δὲ
202 1395 319 1433 ἤλθομεν
330 1398 370 1429 είς
389 1398 511 1430 Παλαίας
529 1398 580 1433 τῆς
594 1398 742 1434 ἰσαυρίας,
757 1398 884 1426 κάκεῖθεν
901 1399 944 1426 ἐλ-

159 1440 250 1472 θόντες
265 1441 294 1466 ὲν
309 1440 384 1476 νήσῳ
407 1439 459 1467 τινὶ
480 1440 616 1476 Πιτυούσῃ
639 1441 813 1477 καλουμένῃ·
839 1441 944 1468 ἐκεῖθεν

155 1481 186 1508 δὲ
203 1482 432 1518 παρεπλεύπαμεν
447 1483 498 1512 τὰς
513 1482 691 1518 Ἀκονησίας,
711 1483 758 1509 καὶ
778 1482 895 1518 ἤλθομεν
915 1483 945 1510 ἐν

158 1524 236 1551 πόλει
262 1524 440 1559 ’Δι-ιμουρὶῳ.
471 1523 524 1552 Ubi
551 1525 692 1552 observari
725 1524 805 1551 velim
842 1524 944 1552 insulas

157 1565 307 1601 Pittyusam
320 1570 348 1594 et
359 1565 516 1598 Ace‘nesias,
535 1565 578 1594 vix
595 1565 659 1593 alibi
677 1565 786 1597 obvias;
815 1571 944 1601 praeterea

158 1606 297 1634 Corasium
312 1607 382 1635 idem
394 1614 425 1635 ac
439 1607 681 1635 Pseudocorasinm
700 1613 760 1635 esse
775 1606 904 1642 Stephani
918 1612 945 1635 et

158 1648 281 1679 Παλαίας
304 1647 407 1676 Paiaaas
430 1648 465 1676 ab
487 1648 632 1676 Ammiano
654 1647 724 1676 bene
746 1648 871 1681 describi,
893 1648 944 1676 etsi

159 1690 230 1717 male
247 1689 307 1724 ejus
320 1689 380 1717 libri
396 1689 491 1718 Paleas
505 1694 613 1723 vocent,
631 1689 664 1717 14
677 1689 705 1717 2.

193 1736 261 1765 Ibid.
281 1738 479 1771 Τιειούπολις.
493 1737 581 1766 Habet
595 1737 689 1765 urbem
714 1737 910 1766 Constantinus
925 1738 945 1765 Ι.

159 1787 168 1806 ι
200 1780 283 1806 them.
311 1780 356 1812 I3,
372 1786 452 1814 quam
477 1779 609 1807 Domitius
622 1780 722 1814 prasul
748 1780 945 1812 Τιτιουπόλεως

159 1821 209 1855 τῆς
222 1821 353 1857 Ίσαὺρων
367 1820 503 1856 ἐπαρχίας
518 1821 635 1849 concilio
649 1820 856 1856 Conslantinop.
868 1822 946 1849 tertio

159 1869 187 1896 p.
202 1862 250 1889 671
267 1862 368 1890 iirmat.

197 1909 264 1936 Ibid.
281 1909 394 1944 Λάμος.
409 1908 496 1937 Situm
509 1909 543 1936 ad
563 1908 684 1944 ejusdem
702 1909 820 1937 nominis
839 1917 946 1937 amnem

161 1950 289 1983 habebat,
313 1950 385 1978 unde
400 1955 428 1978 et
443 1950 529 1978 vicina
549 1950 622 1986 regio
642 1950 770 1985 Λαμωτὶς
794 1951 864 1985 apud
885 1951 948 1979 διες

162 1993 279 2025 phanutn
294 1992 319 2020 in
339 1991 499 2028 Ἀντιόχεια.
514 1991 582 2020 Vide
596 1992 732 2020 Nicaennm
748 1990 896 2020 secundum
918 2001 946 2028 ι).

160 2034 223 2062 599.

197 2082 262 2109 Ibid.
282 2082 454 2117 Ἀντιόχεια,
468 2081 558 2110 Posita
576 2082 603 2111 in
623 2082 765 2111 Lamotide
786 2087 856 2115 erat,
879 2090 948 2118 qua-

163 2124 281 2151 mobrcttt
297 2124 448 2160 ’Δντιόχεια
462 2124 512 2159 τῆς
525 2124 683 2160 Λαμωτίδος
698 2124 724 2152 in
742 2125 857 2153 concilio
868 2124 948 2153 Chai-

162 2166 257 2193 cedon.
274 2173 301 2199 p.
315 2165 367 2194 528
377 2166 522 2199 dicitur,et
534 2166 641 2200 quidem
658 2166 684 2193 in
696 2166 764 2194 colle
779 2167 852 2194 circa
862 2174 947 2200 mare,

164 2212 192 2234 ut
206 2207 385 2242 Theophanes
397 2207 599 2243 Chronograph.
619 2215 646 2243 p.
672 2209 724 2236 119
737 2209 813 2236 docet
832 2217 839 2235 :
854 2208 948 2245 Τούτῳ

163 2248 201 2283 τῷ
215 2249 281 2281 ἔτει,
295 2249 390 2284 inquit,
408 2249 540 2284 Λογγῖνός
558 2257 601 2281 τις
620 2251 634 2276 ό
647 2249 793 2285 λεγόμενος
807 2250 948 2278 Σελινούν-

163 2290 287 2326 τιος,τὴν
300 2290 470 2326 Ἀντιόχειαν
483 2291 532 2326 τῆς
550 2291 688 2325 Ἰσαυρίας
703 2292 795 2324 οἰκῶν,
810 2293 856 2319 ἐπί
876 2301 948 2325 τινος

163 2331 242 2366 ὅρους
255 2332 385 2367 κειμένην
407 2332 510 2368 ὑψηλοῦ
530 2333 600 2359 κατὰ
620 2333 670 2368 τὴν
694 2333 879 2368 μεσημερινὴν
899 2334 948 2369 τῆς

163 2373 254 2409 χώρας
268 2374 414 2406 θάλασσαν,
425 2374 536 2410 εἰσῆγεν
550 2375 606 2406 τοῖς
620 2373 752 2409 Ἰσαύροις
767 2374 802 2401 τὰ
817 2374 947 2410 τρόφιμα.

163 2416 248 2448 Ilons,
264 2415 306 2443 cui
327 2416 453 2450 imposita
468 2420 538 2449 erat,
553 2415 657 2450 Cragus
668 2415 819 2448 dicebatur,
835 2420 864 2444 ut
884 2415 948 2444 1³ιο-

165 2457 274 2485 lemmus
288 2459 376 2485 docet.

200 2505 268 2532 Ibid.
288 2505 564 2539 ‘Iavlwva'scao'tri.
583 2504 667 2539 Hujus
682 2506 826 2540 episcopus
846 2505 872 2532 in
896 2505 949 2541 Sy-

163 2547 257 2574 nodica
274 2547 477 2581 provincialium
494 2547 605 2581 epistola
623 2551 687 2574 tom.
706 2554 731 2573 ιι
746 2546 848 2574 Concil.
864 2546 948 2580 Lahb,

163 2596 189 2622 p.
210 2588 263 2615 5I9
284 2587 461 2615 Sebastianus
487 2587 617 2615 Sebastiae
636 2589 735 2616 dicitur
761 2597 768 2615 :
787 2596 848 2615 ttam
876 2589 949 2624 quod

161 2630 275 2658 Carolus
290 2638 305 2657 a
323 2630 353 2658 S.
369 2629 453 2657 Paulo
468 2630 561 2657 vitium
577 2629 613 2657 ibi
637 2632 802 2665 suspicatur,
814 2634 895 2665 atque
914 2638 948 2658 ex

162 2672 254 2699 CIIICII
279 2672 364 2706 prima
383 2679 442 2699 eam
465 2672 536 2700 inter
563 2672 669 2700 Isauros
684 2673 826 2707 migrasse,
855 2673 881 2700 id
899 2673 956 2700 hac.

163 2713 267 2741 Notilia
284 2713 343 2741 falsi
360 2714 492 2749 arguitur.

198 2762 265 2788 Ibid.
281 2757 417 2796 Κέστροι.
434 2762 599 2797 Epiphanius
612 2763 714 2794 πόλεως
726 2763 858 2798 Κέστρων
871 2752 912 2791 est
922 2765 948 2792 in

162 2801 326 2830 Chalcedon.
340 2811 366 2838 ῃ.
383 2803 445 2835 659,
461 2804 506 2838 qui
521 2804 638 2839 pessime
653 2812 679 2838 p.
691 2804 743 2831 575
757 2805 886 2840 Κέστρων
900 2805 950 2840 τῆς

165 2843 276 2879 Συρίας,
295 2852 343 2879 pro
367 2845 514 2880 Ὶσαυρίας,
543 2846 682 2873 scribitur.
706 2845 852 2873 Ptolemaeo
876 2847 948 2873 Κλῦ-

563 144 758 176 COMMENT.
776 145 817 175 IN
834 142 1040 175 HIEROCLIS
1060 142 1332 174 SYNECDEMUM.

1705 143 1773 176 1165

990 206 1081 233 στρος,
1089 201 1117 225 et
1127 198 1153 224 in
1163 197 1286 225 Palatino
1297 201 1325 224 et
1335 196 1446 224 Coislin.
1456 203 1521 225 mss.
1538 197 1690 234 Καΰστρος,
1706 202 1776 228 unde

989 238 1111 274 Κέστρος
1125 238 1235 266 formari
1247 242 1363 273 oportet.
1437 264 1439 266 .

1024 278 1091 307 ibid.
1109 279 1262 312 Σελινοῦς.
1278 278 1480 314 Trajanopolin,
1500 281 1571 315 quod
1587 281 1719 316 Traianus
1737 284 1776 312 ibi

990 322 1052 349 vitae
1075 321 1154 349 ﬂuent
1180 321 1342 354 habuisset,
1365 321 1466 349 dictam
1491 322 1575 350 fuisse
1596 330 1629 350 ex
1661 324 1776 358 Ulpiano

990 362 1181 397 Xipbiiinoque
1195 363 1438 397 compertissimum
1455 364 1596 393 habemus.
1609 364 1699 393 Rediit
1714 366 1776 394 dcin

990 403 1133 438 pristinum
1145 403 1207 431 urbi
1224 411 1333 437 nomen,
1346 404 1423 438 cuius
1435 405 1518 432 situm
1531 406 1638 441 egregie
1647 407 1779 436 describit

991 444 1106 473 Basilius
1132 444 1316 473 Seieuciensis
1340 445 1436 473 Mirac.
1463 447 1495 474 S.
1525 446 1637 482 Theclaz,
1666 456 1695 481 It,
1722 450 1777 478 II:

991 485 1116 518 Σελινοῦς
1130 487 1188 513 ἐστι
1201 486 1278 518 πόλις
1295 487 1382 522 μικρὰ
1401 488 1450 523 μὲν
1467 489 1514 515 καὶ
1530 489 1640 523 ὲφάλιος
1662 491 1778 526 μεγίστη

991 527 1057 554 ποτε
1065 527 1112 554 καὶ
1123 527 1319 563 εὐδαιμονοῦσα
1333 529 1363 555 τὸ
1373 529 1437 564 πρὶν
1448 530 1491 556 ἐπ’
1502 530 1780 567 εἰρήνης.ὲπίφθονος

991 567 1020 594 δὲ
1035 568 1082 595 καὶ
1096 568 1158 595 τότε
1171 570 1218 595 καὶ
1228 568 1275 595 νῦν
1288 569 1356 596 οὖσα
1365 570 1422 602 τοῖς
1437 570 1587 606 πολεμίοις.
1604 572 1716 600 I’arvam
1729 581 1780 601 suo

993 613 1114 644 tempore
1131 609 1170 636 ait
1193 609 1288 637 urbem
1304 616 1364 638 esse
1387 615 1415 638 et
1431 613 1606 645 maritimam.
1629 614 1693 642 olim
1716 622 1779 643 cum

993 657 1043 685 pax
1055 656 1138 683 esset,
1153 659 1278 686 magnam
1294 655 1322 678 et
1339 651 1443 680 felicem
1460 657 1488 680 et
1503 659 1643 689 propterea
1660 656 1780 684 hostium

992 692 1101 720 invidia:
1124 693 1288 727 expositam.
1305 693 1426 730 Ταύτην.
1447 696 1551 731 pergit,
1568 698 1713 733 τοιγαροῦν
1731 700 1780 726 καὶ

993 733 1110 776 Θαλαττα
1126 734 1175 769 μὲν
1187 734 1373 776 ὑποζῴννυσιν
1391 735 1485 772 ὥσπερ
1499 745 1540 770 τις
1559 739 1780 776 περιεληλαμένη

992 774 1095 816 τάφρος
1123 775 1340 811 ἁχειροποίητος,
1357 777 1404 804 καὶ
1432 778 1554 813 κρημνὸς
1576 779 1605 806 δὲ
1630 774 1782 816 ὑπερανεσξ

991 815 1093 850 τηκὼς,
1109 816 1234 852 καθάπερ
1241 825 1268 842 τι
1283 818 1383 852 κράνος
1398 819 1528 854 κεφαλὴν,
1544 820 1673 854 φυλάττει
1686 815 1716 848 re
1733 827 1781 855 καὶ

992 857 1022 884 οὐ
1044 858 1117 884 ποιιῖ
1139 858 1280 893 πολεμίοις
1306 859 1465 895 ἐπίδρομον.
1494 860 1586 896 Itaque
1609 870 1669 889 cum
1699 865 1781 895 mari,

993 902 1122 933 tanquam
1148 907 1164 927 a
1186 904 1284 927 natura
1301 900 1371 928 facta
1392 901 1477 935 fossa,
1496 902 1576 930 fuerit
1592 904 1730 939 incincta,
1753 911 1782 934 et

992 944 1128 975 praerupta
1148 948 1232 976 rupes
1254 948 1325 974 eam,
1341 946 1374 969 ut
1397 947 1478 977 caput
1502 944 1589 978 galea,
1616 944 1780 979 defenderit,

993 985 1106 1016 apparet
1120 982 1305 1011 munitissimo
1331 983 1417 1012 fuisse
1440 984 1510 1013 loco.
1538 985 1606 1013 Vide
1619 986 1702 1014 Corn.
1729 996 1780 1016 van

993 1022 1170 1051 Binkershmlt
1183 1023 1360 1051 Obserthtr.
1375 1032 1401 1058 v,
1416 1025 1462 1052 2i.

1028 1064 1156 1098 Ἰοτάπη.
1184 1065 1222 1092 Ita
1247 1073 1313 1094 mss.
1339 1065 1485 1094 Ptolemaeo
1508 1067 1624 1104 Ἰωτάπη
1654 1074 1683 1097 et
1698 1071 1781 1099 Chal-

993 1105 1091 1132 cedon.
1117 1106 1213 1133 concil.
1238 1114 1266 1142 p.
1284 1107 1346 1135 659.
1364 1106 1430 1135 Vide
1454 1108 1486 1135 ll.
1512 1107 1647 1137 Norisium
1666 1110 1782 1142 Dium.

994 1153 1015 1173 Il
1034 1147 1067 1174 de
1084 1145 1208 1181 Epocltis,
1224 1156 1249 1183 p.
1265 1148 1327 1175 155.

1028 1188 1096 1217 Ibid.
1113 1191 1329 1225 Διοκαισὰρεια.
1347 1191 1413 1226 Ejus
1428 1193 1570 1228 episcopus
1592 1193 1710 1224 Joannes
1731 1198 1782 1225 πό-

994 1228 1062 1262 λιως
1082 1231 1290 1268 Διοκαισαρείας
1313 1233 1338 1260 in
1360 1233 1525 1262 Chalcedon.
1550 1242 1578 1270 p.
1602 1235 1655 1264 659
1670 1238 1781 1268 dicitur.

997 1270 1062 1298 Vide
1073 1270 1220 1304 Norisium,
1238 1273 1349 1301 Ηίθεοι-ι.
1365 1282 1382 1301 v
1392 1275 1426 1302 de
1439 1274 1538 1310 Epoclt.
1550 1283 1577 1311 p.
1594 1277 1657 1305 562.

1029 1311 1106 1355 Ibid:
1114 1314 1219 1347 Ὄλὸη.
1236 1314 1293 1342 Non
1312 1315 1426 1343 multum
1444 1325 1458 1343 a
1486 1316 1610 1346 Seleucia
1628 1325 1783 1355 separatam

995 1353 1079 1381 fuisse
1090 1353 1207 1382 Basilius
1220 1355 1283 1395 Μὶν.
1297 1356 1327 1384 S.
1346 1356 1447 1385 Thule
1461 1365 1491 1390 ιι,
1507 1359 1524 1386 8
1537 1353 1682 1395 signiﬁcat.
1697 1363 1782 1390 ἀστυε

995 1395 1105 1437 ¹[είιπονιι
1128 1396 1216 1428 πόλιν.
1242 1394 1259 1434 ᾖ
1288 1397 1374 1433 ὕνομὰ
1399 1400 1476 1427 ἐστιν
1502 1394 1607 1435 ’ολ6α,
1632 1403 1783 1437 appellans.

996 1435 1154 1481 Theodorus
1170 1438 1273 1470 πόλεως
1292 1439 1394 1474 Ὀλὸης
1420 1441 1470 1475 τῆς
1493 1440 1624 1476 Ἰσαύρων
1647 1435 1784 1481 ὲᾶταρχίας

996 1477 1203 1515 Constantinop.
1228 1481 1309 1508 tertio
1325 1482 1500 1516 subscripsit.
1519 1483 1599 1511 Plura
1627 1485 1655 1512 in
1683 1477 1793 1519 ditt-on;

995 1519 1061 1548 Itin.
1079 1527 1105 1554 p.
1123 1521 1186 1550 212.

1032 1561 1099 1589 ibid.
1129 1563 1380 1597 Κλαυδιούπολις.
1408 1564 1521 1594 Colonia
1548 1571 1609 1595 erat
1633 1576 1648 1595 a
1671 1570 1785 1603 Claudio

997 1603 1122 1636 deducta,
1140 1605 1284 1633 Ammiano
1309 1609 1378 1634 tcste
1398 1614 1456 1639 xlv,
1476 1607 1507 1640 8,
1529 1608 1611 1642 olim,
1631 1611 1654 1638 si
1677 1611 1783 1641 Theod.

997 1644 1145 1674 Ruinartus
1154 1647 1187 1673 ad
1198 1647 1277 1681 epist.
1293 1646 1428 1675 Theodori
1445 1647 1591 1678 Iconiensis
1600 1652 1659 1679 Act.
1677 1652 1795 1683 Sincer.‘

998 1694 1024 1728 ιι.
1049 1686 1106 1728 118.
1121 1694 1174 1728 non
1192 1687 1271 1720 fallit,
1288 1688 1390 1716 Isaura.
1413 1688 1522 1718 Falsum
1542 1696 1634 1720 tamen
1658 1699 1734 1728 puto,
1758 1701 1787 1723 et

997 1726 1132 1754 Ammiani
1151 1729 1240 1756 verbis
1257 1735 1309 1755 non
1337 1733 1367 1756 ut
1391 1734 1551 1764 oportuerat
1575 1726 1786 1764 intellectisrde-

997 1773 1127 1812 ceptum:
1145 1775 1208 1795 nam
1234 1774 1263 1796 et
1288 1768 1449 1812 Ptolemaeus
1470 1777 1497 1798 et
1515 1771 1654 1802 Hierocles
1679 1780 1706 1804 et
1727 1777 1787 1812 ipse

998 1809 1158 1853 Ammianus
1166 1814 1224 1837 utra
1229 1811 1446 1853 mque__distincte
1458 1819 1619 1842 memorant.
1628 1815 1696 1844 Vide
1703 1809 1786 1853 quem

999 1850 1103 1884 signavi
1120 1850 1207 1878 locum
1224 1859 1286 1879 cum
1303 1851 1403 1880 Valesii
1421 1858 1495 1880 nota.
1518 1852 1577 1882 Sila
1598 1850 1785 1893 Claudiopolis

998 1897 1059 1920 erat
1078 1893 1103 1919 in
1127 1893 1238 1920 Isauria:
1255 1893 1463 1922 mediterraneis
1485 1895 1565 1931 inque
1586 1898 1698 1932 planitie
1714 1900 1787 1929 inter

1000 1933 1053 1960 duo
1066 1932 1153 1978 'I'auri
1169 1933 1364 1978 jttq:t,_peea§b
1378 1935 1432 1961 τῶν
1454 1936 1504 1978 edo
1517 1937 1631 1974 Ταύρων
1651 1940 1681 1967 ὲν
1701 1941 1787 1978 πεδίῳ

1000 1974 1126 2010 κειμένη,
1148 1975 1233 2009 inquit
1246 1974 1426 2010 Theophanes
1443 1977 1642 2015 Chronograph.
1657 1988 1685 2016 p.
1703 1974 1796 2015 “9:5

1035 2016 1401 2059 ibida'lspdzoxtcaii‘ovit
1418 2020 1487 2047 hanc
1501 2020 1612 2050 Isauriae
1629 2022 1786 2059 Hierapolin

1000 2056 1166 2086 Chalcedon.
1182 2059 1279 2086 caucil.
1295 2056 1399 2093 p.674.
1415 2060 1543 2090 Fortasse
1561 2069 1587 2090 et
1603 2064 1656 2092 ltuc
1668 2056 1787 2098 pertinet

1000 2099 1172 2142 rarissimus_
1191 2098 1379 2142 ’ἱεροπολιτῶν
1405 2102 1460 2129 τῶν
1495 2103 1563 2138 πρδς
1588 2105 1628 2141 τῷ
1662 2105 1787 2142 Πυράμῳ

1001 2148 1129 2169 nummus
1151 2140 1228 2169 Thes.
1245 2140 1350 2169 Britan.
1379 2147 1444 2171 tom.
1460 2144 1495 2176 II,
1513 2153 1539 2180 p.
1554 2140 1626 2174 III:
1644 2148 1694 2174 etsi
1706 2140 1785 2175 enim

998 2182 1131 2218 Pyramus
1150 2183 1253 2211 Cilicize
1271 2184 1306 2212 sit
1327 2183 1435 2217 Iiumcn,
1466 2187 1532 2214 nihil
1557 2187 1683 2223 impediet
1705 2189 1728 2216 si
1752 2190 1788 2217 ad

999 2225 1057 2259 ejus
1065 2223 1165 2256 fontes,
1176 2225 1249 2252 unde
1256 2225 1396 2259 etjuvenis
1407 2227 1496 2261 specie
1506 2227 1531 2255 in
1542 2236 1652 2256 nummo
1662 2231 1786 2265 emergit,

1001 2267 1071 2293 hanc
1087 2265 1183 2293 urbem
1200 2273 1354 2300 quaaramIts
1373 2272 1454 2302 atque
1470 2273 1544 2295 extra
1559 2269 1616 2303 ejus
1639 2271 1787 2305 provincia:

1000 2307 1143 2347 terminos,
1166 2308 1316 2341 praesertim
1335 2315 1397 2335 cum
1412 2309 1487 2343 plura
1504 2310 1605 2337 veteris
1620 2311 1720 2339 Cilicia:
1735 2319 1796 2347 op-.

1000 2347 1060 2382 pida
1077 2346 1186 2375 Isauria:
1202 2348 1329 2383 deinceps
1342 2349 1397 2376 sittt
1415 2351 1589 2385 transcripta.

1036 2389 1103 2416 Ibid.
1121 2389 1320 2423 Δαλισανδός.
1341 2391 1470 2425 Apposita
1496 2397 1556 2419 erat
1578 2398 1662 2420 montt
1679 2394 1788 2422 excelso

1000 2432 1047 2458 sed
1064 2438 1173 2459 amomo
1187 2435 1214 2458 et
1229 2432 1325 2466 irrigo,
1343 2433 1377 2460 ad
1399 2433 1479 2461 vilem
1500 2439 1528 2461 et
1549 2435 1674 2462 miseram
1692 2436 1789 2463 condi-

1001 2473 1101 2500 tionem
1124 2473 1235 2500 redacta
1259 2473 1351 2501 Basilii
1383 2479 1513 2510 temporc.
1545 2477 1708 2508 Δαλισανδός
1729 2478 1788 2505 ἐστι

1001 2513 1090 2546 πόλις,
1105 2513 1192 2548 inquit
1205 2513 1301 2541 Mirac.
1315 2514 1346 2542 S.
1365 2514 1467 2543 Thecla
1482 2524 1513 2548 ιι.
1529 2517 1573 2549 I0,
1589 2518 1605 2553 ἢ
1629 2518 1733 2550 πόλεως
1748 2519 1788 2544 el’-

1000 2555 1094 2587 δωλον,
1117 2556 1146 2582 ὲν
1156 2557 1212 2587 τοῖς
1229 2555 1344 2590 ἀφανέσι
1360 2557 1410 2592 μὲν
1421 2558 1468 2584 καὶ
1482 2559 1634 2593 ἀνωνύμοις
1648 2560 1798 2595 ἀπερῤιμ-ξ

1001 2596 1081 2632 μένῃ.
1105 2596 1273 2624 Credebatur
1294 2605 1309 2625 a
1329 2597 1418 2626 Sanda
1436 2598 1559 2627 iierculis
1575 2600 1591 2626 Ii
1604 2600 1629 2627 iu
1643 2606 1668 2627 et
1690 2598 1797 2627 Dama?

1001 2638 1056 2665 lide
1073 2645 1136 2666 esse
1152 2638 1233 2665 dicta.
1248 2637 1320 2666 Idem
1336 2639 1452 2668 Basilius
1464 2640 1528 2668 Μὶν.
1543 2641 1572 2669 S.
1592 2641 1678 2669 Thecl.
1699 2650 1729 2673 II.
1743 2642 1797 2675 t5,‘

1002 2680 1035 2706 de
1049 2679 1164 2707 Eusebia
1177 2682 1207 2707 et
1218 2679 1388 2716 Hyperechio
1403 2692 1409 2709 :
1424 2683 1477 2710 Καὶ
1490 2683 1545 2718 γὰρ
1560 2684 1592 2710 ὲκ
1607 2685 1671 2718 μιᾶς
1685 2684 1790 2716 πόλεως

1001 2721 1130 2757 ὥρμηντο
1140 2721 1190 2757 τῆς
1200 2723 1351 2758 Δαμαλίδος
1362 2732 1392 2750 τε
1403 2725 1450 2752 καὶ
1465 2725 1553 2753 Σάνδα
1561 2725 1607 2752 τοῦ
1623 2726 1788 2761 Ἡρακλέους

1001 2763 1048 2790 τοῦ
1063 2764 1278 2799 ’Δμφιτρύωνος.
1295 2766 1336 2793 Ad
1356 2767 1425 2793 itane
1443 2767 1515 2794 enim
1531 2769 1624 2795 urbem
1647 2776 1679 2794 ea
1703 2768 1790 2802 perti-

1001 2812 1067 2834 nere
1081 2813 1142 2832 ctttn
1163 2806 1204 2833 'I‘i.
1227 2806 1434 2836 iiemsterhnsio
1451 2809 1588 2840 existimo,
1603 2817 1654 2836 non
1669 2811 1701 2836 ad
1719 2809 1788 2836 'I‘ar-

1005 2856 1075 2881 sum,
1091 2855 1152 2882 qua:
1167 2847 1251 2875 Ilenr.
1267 2848 1364 2877 Valesii
1383 2850 1409 2877 in
1425 2851 1560 2878 Ammizm.
1578 2852 1609 2878 Il
1625 2853 1641 2879 ὃ
1654 2857 1710 2879 erat
1727 2859 1790 2878 sen-
