1911 3071
116 129 186 162 1167

117 187 199 215 tentia
215 195 220 213 :
234 185 284 213 etsi
304 186 375 212 enim
395 185 532 212 Ammiani
548 185 658 212 Sandan
678 187 728 214 viri
749 187 898 214 doctissimi

113 228 232 262 opinioni
257 227 454 260 quodammodo
472 227 672 260 patrocinctur,
700 228 792 254 obstat
812 233 899 253 tamen

114 268 242 300 Damalis,
259 275 318 301 qua:
334 275 394 294 cum
420 267 510 295 Sanda
534 269 678 303 conjuncta
699 269 900 304 Δαμαλισαυὸὸν

112 315 140 336 ct
155 314 292 336 contracte
306 309 468 335 Δαλισανδὸν
484 309 582 336 format
598 319 603 336 2
618 317 651 336 ne
666 310 754 337 dicam
772 310 899 337 Basilium

115 351 190 377 Tarsi
209 357 269 377 cum
285 350 407 377 meminit
429 357 536 384 semper
553 351 665 378 honoris
682 351 774 378 titulos
790 352 900 382 addere,

115 397 144 419 ut
157 391 210 418 Vit.
227 391 357 418 Tltecltnl
373 399 400 425 p.
414 391 468 417 275
481 392 585 426 Τάρσος
607 393 623 427 ἡ
640 392 720 426 καλὴ,
739 393 757 419 2
775 393 836 427 1οἡ
852 401 900 425 με·

114 433 194 468 γὰλη,
207 437 234 459 et
248 433 281 459 I5
294 433 310 467 ἡ
326 432 417 459 κάλλει
433 434 480 460 καὶ
496 432 606 467 μεγέθει
621 433 736 468 λαμπρὰ
751 434 797 459 καὶ
812 433 900 459 εὐδαί-

115 483 183 508 μων.
200 475 239 500 Ad
257 474 318 505 hoc,
336 474 410 501 urbis
424 475 495 508 apud
514 474 642 500 Basilium
657 475 783 500 conditor
796 474 901 500 Sandas

114 516 237 543 Herculis
251 516 322 543 Illius
333 516 392 547 fuit,
404 524 465 542 eum
479 515 612 543 Ammiani
625 515 734 542 Sandan
750 523 781 542 ex
792 514 900 542 Ethio-

112 558 155 592 pia
167 558 202 585 sit
218 558 366 592 profectus,
381 557 420 583 vir
433 558 577 591 opulentus
588 561 614 583 et
629 557 737 588 nobilis,
750 562 777 583 et
789 557 901 583 diversa:

114 604 254 633 propterea
283 599 398 634 originis
425 599 557 625 videatur.
586 598 662 631 Quod
690 602 779 625 tamen
805 605 900 632 urgere

114 640 207 671 nolim,
222 648 283 666 cum
297 641 324 666 in
341 640 451 666 heroum
467 647 566 674 genere
587 647 678 667 secum
693 639 808 665 invicem
832 646 901 672 sa'pe

114 681 274 708 dissentiant
295 686 416 711 \‘etcrcs‘.
444 685 517 707 certe
538 689 590 707 non
616 681 759 707 lattdavero
778 687 826 707 nec
849 679 901 706 Va-

113 721 184 753 Icsii,
204 722 249 756 qui
271 729 321 756 pro
338 730 369 748 ex
389 721 539 754 ΛΞιΙιὶορὶιι,
557 722 682 755 quoniam
708 728 774 748 mss.
791 721 900 755 quidam

113 771 144 789 υτ
163 762 259 788 [Er/tio
280 764 414 799 s/cribunt.
435 771 466 789 ei:
490 763 556 789 Chio
579 764 714 797 profectus
736 762 899 794 emendavit,

113 809 251 835 conatum,
275 811 324 831 nec
339 803 466 830 Gronovii
487 812 519 830 ex
539 803 669 830 .lIi-tarln‘a
688 803 729 829 vel
753 803 901 830 Metarhoio

113 845 287 879 corrigentis.
303 844 408 872 Sandes
427 845 498 872 enim
514 845 572 872 sive
593 844 722 872 Hercules
736 851 783 872 seu
800 843 902 872 Hercu-

114 886 146 914 lis
161 886 231 914 lilius
247 886 404 921 peregrinus
418 887 478 918 fuit,
496 890 525 913 et
544 894 576 913 ex
596 886 698 913 ultimis
720 885 805 913 ludite
822 886 900 918 locis,

113 935 194 958 quam
208 935 268 955 cum
286 927 422 961 [Ethiopia
439 935 510 962 smpe
526 928 684 962 permisceri
699 933 793 954 notum
806 932 860 960 est,
874 928 900 955 in

113 969 233 996 Ciliciam
250 969 356 996 invasit.
374 969 507 1000 Docemur
522 970 571 996 hoc
584 976 599 995 a
612 969 706 996 Nonne
717 969 753 996 34
765 969 826 1001 I96,
838 977 900 996 cum

114 1010 280 1042 Morrheum,
310 1010 436 1037 Indorum
464 1011 534 1044 regis
562 1017 690 1046 generum
714 1015 742 1038 et
763 1011 900 1045 copiarum

113 1054 220 1084 ducem,
238 1052 359 1079 Ciciliam
374 1052 512 1079 domuisse
527 1059 558 1079 ac
578 1052 695 1079 Saudam
719 1052 784 1079 inibi
810 1052 901 1087 appel—

114 1093 163 1120 lari
191 1094 315 1128 perhibet
339 1103 344 1119 :
367 1093 448 1120 Ὅθεν
479 1093 601 1120 Κιλίκων
628 1094 668 1120 ὲνὶ
701 1093 766 1130 γαίῃ
798 1093 901 1129 Σάνδης

119 1135 273 1170 Ἠρακλέης
296 1135 472 1169 κικλήσκεται
490 1135 573 1161 είσέτι
598 1135 733 1170 Μόρῥευς,
755 1135 818 1167 ubi,
835 1140 864 1162 ut
886 1142 900 1162 a

113 1176 270 1204 doctissimo
282 1176 383 1204 Cunaeo
397 1176 461 1211 quid
479 1180 641 1208 mutaretur,
655 1176 723 1203 nihil
740 1176 827 1203 fuerat
849 1183 900 1203 ne-

113 1225 200 1248 cesse,
226 1217 263 1244 uti
283 1224 334 1244 nec
353 1217 388 1244 ab
406 1216 546 1244 IIarduiuo
571 1217 598 1244 in
615 1216 695 1244 Plinii
710 1217 727 1245 6
746 1217 781 1244 20
796 1226 803 1245 :
819 1215 901 1245 Indus

113 1259 185 1285 enim
198 1257 306 1289 ﬂuvius,
317 1257 414 1286 incolis
426 1256 532 1286 Sandus
545 1257 704 1292 appellatus,
715 1257 823 1286 llerculi
838 1258 901 1286 huic

114 1300 205 1327 Iudico
220 1299 326 1327 videtur
339 1299 436 1327 merito
451 1300 631 1333 cognominis.
643 1299 698 1327 Nec
713 1299 785 1327 Indis
797 1304 900 1327 tantum

114 1342 216 1368 Sandes
232 1341 259 1367 iu
278 1340 380 1368 honore
395 1345 465 1372 erat,
482 1348 575 1368 verum
590 1345 617 1368 et
637 1341 739 1374 Persis,
753 1348 821 1376 quos
833 1341 902 1376 Aga-

108 1383 195 1415 thias,
203 1383 280 1417 cujus
288 1383 353 1409 mihi
363 1382 490 1410 indicium
498 1381 561 1410 fecit
569 1381 787 1410 Ilemsterbusius
795 1388 900 1416 noster,

112 1425 139 1457 2,
155 1432 180 1459 p.
193 1424 227 1451 62
243 1424 384 1451 Herculem
414 1423 523 1450 Sanden
551 1431 706 1457 nuncupare
727 1423 898 1451 testiﬁcatur.

113 1466 205 1499 Itaque
221 1465 243 1492 si
257 1472 271 1492 a
291 1464 430 1492 Damalide
457 1469 484 1492 et
501 1464 591 1491 Sanda
612 1464 774 1492 Dalisandus
793 1465 839 1498 sit,
855 1465 899 1492 vix

114 1507 178 1533 mihi
197 1506 351 1540 persuaderi
370 1506 458 1540 patior
470 1505 625 1533 Δαλίσανδα
637 1506 730 1533 urbem
747 1506 842 1538 fuisse,
856 1511 897 1533 ta-

114 1547 192 1574 metsi
209 1552 304 1574 testem
320 1547 386 1574 citet
405 1546 557 1580 Stephanus
571 1547 739 1582 Capitonem.
755 1548 773 1574 I.
791 1555 798 1574 I
820 1547 900 1574 lutu-

113 1590 249 1620 ricorum,
274 1595 393 1622 unquam
423 1588 535 1614 dictam.
566 1587 633 1615 Novi
656 1588 720 1622 quid
746 1587 900 1616 Victorinus

112 1630 263 1656 Grammat.
279 1636 306 1664 p.
329 1628 412 1661 2570,
429 1629 493 1662 quid
509 1628 553 1654 alii
576 1630 609 1655 de
629 1629 651 1654 A
672 1633 700 1656 ct
714 1630 734 1654 Δ
756 1630 826 1656 inter
841 1636 900 1657 sese

112 1669 287 1698 commutatis
297 1669 456 1705 scripserint
469 1678 475 1695 :
487 1668 533 1695 sed
545 1669 597 1696 alia
610 1669 654 1696 hic
662 1674 690 1696 et
702 1669 785 1697 multo
795 1670 899 1697 diversa

112 1717 154 1739 est
171 1711 258 1739 ratio:
275 1718 362 1746 neque
376 1711 448 1737 enim
468 1710 596 1737 Damalim
609 1715 636 1738 et
655 1710 785 1738 Lamalim
799 1711 903 1739 dixisse

113 1753 240 1780 credibile
255 1757 306 1780 est.
325 1751 416 1780 Potius
436 1751 555 1779 arbitror
573 1752 600 1778 in
622 1751 760 1786 Capitonis
776 1751 900 1780 Isauricis

113 1795 328 1822 conformatione
347 1793 499 1821 litterarum
525 1794 544 1818 Δ
567 1797 594 1820 et
607 1793 629 1819 A
644 1800 749 1820 errasse
764 1793 899 1827 librarios,

113 1845 198 1872 eaque
225 1837 330 1864 ratione
341 1835 492 1862 Δαλίσανδα
505 1842 565 1862 esse
578 1839 651 1862 nata.

149 1879 208 1906 Col.
228 1878 289 1906 I52.
312 1877 576 1912 Γερμανικόπολις.
592 1875 664 1903 Inter
684 1876 795 1904 Isauriae
816 1878 899 1905 medi-

115 1925 254 1947 terraneas
267 1919 460 1947 Constantinus
478 1917 495 1945 Ι.
509 1925 529 1950 I,
542 1918 613 1944 them
627 1917 659 1944 I5
674 1918 753 1945 locat.
770 1918 899 1953 Γερμανι-

114 1962 243 1993 κυύπολις
266 1961 315 1996 τῆς
331 1959 467 1995 ἰσαυρίας
493 1959 591 1986 concil.
608 1959 772 1986 Chalcedon.
789 1967 815 1994 p.
836 1959 898 1988 659.

147 2004 214 2030 Ibid.
232 2002 440 2036 Εἰρηνόπολις.
453 2000 646 2035 Distingueuda
659 2001 716 2027 brec
732 2005 773 2027 est
783 2001 817 2027 ab
827 2001 898 2035 ejus-

112 2045 173 2072 dem
197 2044 313 2072 uotninis
330 2043 358 2070 in
373 2042 466 2070 Cilicia
484 2041 602 2068 secunda
621 2041 701 2073 urbe,
730 2047 759 2068 ut
777 2042 897 2069 studiose

113 2086 180 2113 litin
194 2084 401 2118 Conslantinop.
417 2083 536 2111 secundo
551 2090 578 2117 p.
595 2082 648 2110 670
668 2087 695 2109 et
707 2082 756 2110 67l
770 2091 776 2109 :
795 2090 855 2109 nam
870 2088 898 2110 et

111 2127 211 2154 Paulus
226 2126 447 2162 Εἰρηνουπόλεως
474 2125 524 2160 τῆς
546 2124 674 2160 δευτέρας
703 2124 757 2151 τῶν
779 2124 898 2151 Κιλίκων

111 2168 246 2204 ἐπαρχίας
269 2173 296 2195 et
314 2166 446 2201 Georgius
465 2165 686 2200 Εἰρηνουπόλεως
702 2166 752 2200 τῆς
768 2164 898 2201 Ἰσαὺρων

110 2209 244 2245 ἐπαρχίας
259 2209 443 2236 subscribunt.
471 2206 586 2234 Basilius
604 2206 700 2233 Mirac.
722 2206 751 2233 S.
777 2205 865 2233 Thecl.
880 2207 898 2233 2

110 2251 145 2278 18
163 2251 212 2287 τὴν
231 2250 294 2277 καθ’
309 2250 382 2285 ἡμᾶς
398 2248 603 2285 Εἰρηνούπολιν,
631 2252 659 2274 ut.
675 2256 690 2275 a
707 2247 808 2275 Cilicia:
829 2249 896 2275 urbe

109 2294 269 2328 distinguat,
282 2296 431 2326 nuncupat.

146 2335 212 2362 Ibid.
238 2333 447 2367 Φιλαδέλφεια.
477 2331 523 2359 Est
541 2332 566 2358 in
580 2330 724 2358 Ptolemteo
738 2335 765 2358 et
782 2330 897 2359 concilio

110 2375 274 2403 Chalcedon.
293 2382 320 2409 p.
335 2374 403 2407 659;
426 2377 583 2408 sequentem
601 2372 691 2407 legere
706 2380 758 2399 non
776 2372 896 2401 memini.

109 2417 196 2445 Ilabct
213 2416 368 2451 Stephanus
383 2414 492 2442 Isauriae
510 2414 603 2441 urbem
617 2413 744 2445 Μονόϐας
763 2421 795 2440 ex
809 2413 897 2448 Capi-

110 2464 171 2486 Ione
181 2467 261 2494 quam
274 2462 394 2485 nostram
403 2463 464 2483 esse
479 2463 532 2482 non
545 2455 667 2482 Iinivcro.

129 2515 133 2519 ι
144 2500 210 2527 Ibid.
226 2499 373 2533 Δαρασός.
388 2497 455 2524 Puto
467 2495 593 2523 Carolum
604 2503 619 2522 a
631 2495 660 2523 S.
670 2495 753 2522 Paulo
765 2495 896 2531 Ἀδρασὺν

109 2547 183 2568 recte
209 2540 371 2568 correxisse.
400 2538 555 2572 Stephanus
581 2537 686 2569 πόλεως
700 2536 832 2572 Ἀδρασοῦ
846 2537 896 2571 τῆς

109 2582 240 2617 Ὶσαύρων
275 2580 421 2617 ἐπαρχίας.
451 2586 510 2606 eam
544 2578 658 2610 urbem,
679 2578 748 2605 male
779 2578 804 2604 in
830 2577 895 2605 Gea-

109 2625 219 2658 gmp/iia
229 2623 259 2651 S.
276 2624 437 2658 neglectam,
448 2620 561 2655 requirit
572 2619 678 2647 Concil.
687 2619 893 2654 Constantinop.

98 2671 170 2692 teut.
186 2672 212 2693 ο.
228 2665 290 2692 671.

145 2672 212 2734 Illius:
226 2672 328 2739 22:53.1.
341 2704 421 2739 Σσίδη
443 2703 503 2731 aliis
513 2703 634 2736 Natiliia,
649 2702 712 2737 Βίδη
731 2702 893 2730 Chalcedon.

109 2747 220 2782 Synodo
231 2755 257 2782 p.
274 2747 337 2774 674.

147 2789 212 2815 Ibid.
237 2789 396 2821 Λέἀπολις.
423 2788 461 2815 De
485 2788 535 2815 hac
550 2786 616 2814 nihil
638 2786 744 2817 dixero,
763 2785 812 2812 nisi
832 2784 894 2812 Sni-

110 2830 169 2857 dam
184 2829 242 2862 ejus
258 2830 336 2855 nobis
351 2830 508 2856 memoriam
523 2835 646 2856 servasse
664 2829 689 2854 in
707 2827 838 2857 Ἰνδικος.

626 129 816 161 ADDENDA.
838 141 872 146 —
886 129 919 158 P.
941 127 1197 158 WESSELINGII

1668 128 1747 162 1168

991 184 1060 212 Ibid.
1077 184 1238 216 Λαύζὶιδος.
1262 183 1298 210 Ita
1323 183 1519 211 Constantinus
1543 184 1587 211 lib.
1608 193 1627 215 r,
1653 187 1745 213 them-

953 225 999 256 I3.
1021 226 1064 252 ubi
1076 233 1136 253 eam
1154 227 1180 252 in
1202 226 1311 252 Isauria).
1333 225 1540 252 mediterraneis
1566 226 1649 254 fuisse
1663 228 1744 254 aftir-

951 273 1017 294 "IIII.

987 308 1053 334 Ibid.
1089 308 1156 334 Ὑπὸ
1193 307 1425 340 κονσουλιὶριον.
1461 307 1593 342 Inscripta
1630 315 1671 336 est
1697 310 1743 337 ιιι.

951 347 1139 383 Cbrysostotni
1155 350 1235 384 epist.
1251 349 1302 376 I59
1322 347 1463 376 Theodoro
1484 348 1536 383 τῆς
1559 350 1658 384 Συρίας
1675 360 1743 377 κον-

953 390 1099 424 σουλαρίῳ.
1124 389 1187 417 Vide
1204 395 1230 417 et
1241 389 1301 417 Jac.
1315 389 1510 417 Gothofredum
1528 391 1553 417 in
1569 391 1588 417 l.
1606 392 1632 418 li
1648 400 1672 418 ς.
1686 391 1742 419 Th.

952 431 984 457 de
1002 430 1140 457 Cohortal.

989 472 1052 498 Ibid.
1074 471 1243 506 Ἀντιόχεια.
1267 471 1355 499 lees
1381 472 1466 507 Syria:
1478 473 1636 507 metropolin
1653 482 1743 508 agno—

952 518 1030 539 scunt
1042 520 1147 540 omnes.
1177 513 1242 540 Vide
1267 512 1459 547 Spanhemiom
1487 513 1597 540 Dium.
1614 515 1675 541 9d:
1689 524 1744 542 usu

951 558 976 580 et
993 558 1083 587 print.
1101 554 1182 581 Num.
1201 561 1228 589 p.
1241 554 1302 581 586.
1315 553 1383 582 Ilinc
1396 554 1518 589 Eunapio
1536 556 1561 582 in
1588 556 1702 588 Libanio
1722 558 1744 591 ἡ

951 595 1001 628 τῆς
1016 594 1107 630 κοίλης
1117 595 1288 630 καλουμένης
1298 595 1398 630 Συρίας
1413 596 1508 631 πρώτη
1521 597 1634 626 πόλεων,
1651 598 1740 630 Quam

952 635 989 675 i'lli
1010 636 1167 671 dignitatem
1183 636 1352 663 Theodosius
1368 637 1472 671 primus
1487 638 1521 664 ob
1546 642 1644 665 motam
1665 640 1739 665 sedi-

953 677 1063 709 tionem,
1082 685 1193 712 prorsus
1210 677 1309 704 utolim
1321 678 1437 704 Severus
1449 679 1608 712 imperator,
1628 679 1742 706 abstulit

952 723 978 743 et
993 717 1133 745 Laodicea!
1146 719 1328 752 transcripsit,
1347 723 1415 746 teste
1428 718 1600 746 Thcodoreto
1620 719 1655 746 ll.
1673 719 1705 747 E.
1724 721 1743 746 5

951 759 1049 791 90,cui
1069 760 1205 795 egregiam
1225 760 1266 787 Jo.
1291 760 1501 795 Cbrysostomus
1526 761 1644 788 Ilomilia
1659 763 1689 788 Π
1707 764 1743 789 ait

952 800 1112 828 Antiocheu.
1133 809 1160 835 p.
1180 801 1232 828 I75
1247 801 1312 829 edit.
1329 809 1392 828 nov.
1408 802 1494 833 lucem
1514 802 1593 828 feret.

987 842 1053 868 Ibid.
1068 843 1236 870 Σελεύκεια.
1253 843 1363 870 Auctori
1381 843 1427 870 lib.
1447 843 1455 869 l
1473 843 1592 870 Maccab.
1616 851 1641 870 e.
1661 845 1688 871 II
1719 845 1736 871 8

952 883 1097 910 Σελεύκεια
1119 884 1341 919 ,παραθαλασσία,
1374 884 1451 917 cujus
1480 885 1562 912 situm
1589 889 1741 913 accuratis-

952 926 1021 953 sime
1036 925 1179 961 descripsit
1194 925 1321 961 Polybius
1335 926 1352 953 5
1368 926 1412 953 59.
1431 925 1559 954 Libanius
1573 927 1622 962 τὴν
1642 928 1739 954 Σελεύ-

952 975 1000 993 κου
1013 967 1144 1001 appellat,
1167 968 1241 1002 quod
1256 975 1318 995 cum
1335 975 1388 994 non
1412 968 1639 996 animadverteret
1655 969 1741 996 inter-

951 1015 1023 1040 pres,
1037 1009 1252 1044 turpilerlapsus
1264 1013 1307 1035 est
1318 1009 1344 1035 in
1359 1009 1513 1036 Antiocltico
1534 1017 1561 1044 p.
1578 1009 1694 1042 565,12»;
1706 1013 1740 1037 ὲκ

951 1050 1000 1084 τῆς
1015 1049 1146 1076 Σελεύκου
1158 1050 1290 1085 τύραννον
1315 1050 1365 1084 (sic
1378 1050 1451 1077 enim
1473 1051 1582 1085 scripsit
1594 1050 1737 1086 Libanius)

952 1095 1093 1126 tyrannum
1110 1099 1126 1118 α
1142 1091 1250 1119 Seleuco
1268 1096 1388 1118 vertens.
1407 1091 1542 1125 Eugenius
1564 1092 1738 1127 intelligitur,

950 1132 996 1167 qui
1011 1132 1156 1165 Seleuciae,
1170 1139 1230 1160 cum
1257 1133 1371 1167 imperio
1391 1132 1572 1161 Dioeletianus
1597 1141 1737 1168 prmessrl,

952 1174 1119 1208 tyrannidem
1147 1174 1301 1206 invaserat;
1317 1181 1373 1209 quo
1397 1175 1431 1201 de
1458 1175 1577 1210 egregie,
1599 1181 1628 1203 ut
1656 1177 1737 1207 solet.

951 1215 1033 1242 Ilenr.
1047 1215 1168 1243 Valesius
1191 1215 1218 1242 in
1232 1214 1340 1243 Eusebii
1358 1215 1394 1242 Η.
1413 1215 1447 1242 Ε.
1466 1217 1482 1243 8
1504 1215 1531 1243 6.
1543 1216 1575 1243 Et
1590 1217 1737 1244 Seleucen-

950 1257 1019 1284 sium
1029 1257 1132 1284 nummi
1146 1261 1276 1292 superant
1287 1257 1389 1291 plures,
1399 1264 1415 1284 e
1424 1258 1521 1289 quibus
1536 1258 1579 1284 hic
1587 1258 1738 1286 CamWil-

950 1297 1038 1325 dianae
1052 1298 1185 1326 notandus
1199 1302 1258 1326 est:
1275 1298 1417 1325 ΔΥΤΟΚΡ
1430 1317 1437 1325 .
1452 1317 1460 1325 .
1473 1318 1492 1326 ..
1511 1299 1590 1326 ΝΕΡ.
1618 1301 1739 1327 TPMA—

950 1340 1028 1368 NOC.
1044 1340 1156 1367 APICT.
1173 1339 1250 1368 (ΖΕΒ.
1272 1340 1376 1367 ΓΕΡΜ.
1407 1341 1488 1368 ΔΑΚ.
1513 1346 1541 1369 et
1554 1346 1631 1376 parte
1651 1343 1736 1370 altera

950 1381 1168 1408 ΣΕΔΕΥΚΕΩΝ.
1193 1381 1364 1408 IIEIEPIAC.
1378 1380 1411 1408 Β.
1429 1389 1490 1408 cum
1508 1383 1606 1417 templo
1619 1389 1738 1417 quatuor

950 1422 1083 1449 columnis
1097 1421 1220 1455 sullulto,
1234 1422 1261 1449 in
1272 1422 1353 1457 cujus
1364 1421 1453 1450 medio
1467 1429 1554 1454 mons,
1571 1423 1639 1450 infra
1653 1432 1734 1458 quem

951 1462 1037 1489 ΖΕΥΟ
1053 1462 1188 1490 ΚΔΣΙΟΩ.
1199 1463 1267 1490 Huic
1276 1463 1392 1490 similem
1408 1465 1435 1490 in
1450 1463 1525 1490 Ther.
1539 1463 1644 1492 Fridtr.
1658 1473 1683 1492 c.
1701 1465 1737 1491 IX

951 1505 982 1531 II
996 1512 1056 1531 cum
1071 1506 1091 1530 Δ
1104 1509 1133 1532 et
1149 1504 1175 1531 in
1188 1504 1271 1531 Num.
1292 1503 1379 1539 Impp.
1398 1503 1482 1532 (ἓν-ωε.
1503 1504 1635 1533 Vaillantii
1654 1515 1679 1541 p.
1701 1507 1738 1534 30

951 1553 1011 1573 cum
1029 1549 1092 1572 nota
1107 1545 1208 1572 senarii
1221 1545 1360 1580 reperies;
1379 1553 1440 1580 quae
1452 1546 1548 1577 litterae
1559 1555 1608 1574 nec
1624 1547 1735 1582 Trajani

951 1586 1175 1622 aunos(obstant
1185 1587 1288 1621 quippe
1308 1586 1399 1614 Dacici
1422 1591 1504 1622 atque
1519 1587 1619 1622 Optimi
1643 1590 1735 1623 tituli)

951 1635 1000 1654 nec
1013 1635 1110 1654 novam
1126 1628 1273 1663 designant
1286 1636 1380 1662 teram,
1394 1628 1473 1664 cujus
1493 1629 1597 1656 initium
1613 1636 1738 1665 repeten-

951 1670 1013 1696 dum
1035 1669 1104 1696 foret
1114 1677 1129 1696 a
1141 1668 1252 1704 Traiani
1265 1670 1376 1704 pietate,
1404 1677 1485 1704 quam
1500 1670 1559 1698 Jovi
1570 1671 1650 1699 Casio
1665 1673 1691 1699 in
1703 1674 1738 1705 iis

950 1709 1072 1742 partibus
1087 1710 1317 1745 probaverit,qute
1331 1711 1366 1738 cl.
1380 1711 1463 1738 Liebe
1472 1713 1605 1739 sententia
1619 1721 1626 1738 :
1643 1719 1735 1740 vetant

951 1750 1136 1778 Bcrmensium
1151 1752 1265 1784 nttmmi,
1279 1751 1374 1779 iisdem
1384 1751 1493 1787 Trajani
1503 1753 1588 1780 titulis
1602 1755 1734 1790 inscripti,

952 1792 1022 1819 inter
1051 1791 1207 1824 Wildianos,
1235 1800 1350 1827 quorum
1382 1801 1453 1821 unus
1484 1795 1674 1824 ΒΕΡΟΙΑΙΩΝ.
1703 1798 1734 1828 Β,

951 1833 1018 1860 alter
1030 1833 1060 1864 I‘,
1080 1833 1183 1865 tertius,
1206 1841 1286 1868 quem
1303 1834 1343 1860 vir
1368 1835 1494 1870 egregius
1515 1835 1613 1863 Select.
1629 1837 1734 1865 Numis.

952 1875 1005 1901 tab.
1026 1873 1094 1901 XVII
1124 1874 1254 1909 vulgavit,
1276 1876 1304 1902 Η
1323 1875 1441 1910 praefert,
1467 1881 1495 1904 ct
1515 1876 1734 1906 Chalcidensium

950 1915 1019 1949 apud
1037 1915 1208 1943 Vaillantium
1229 1923 1290 1942 cum
1317 1916 1402 1951 signis
1417 1918 1439 1943 A
1458 1919 1526 1944 etA.
1554 1919 1644 1954 Neque
1660 1921 1732 1946 enim

950 1961 1026 1990 puto,
1042 1956 1086 1983 \‘ir
1098 1957 1195 1984 docttts
1207 1956 1385 1984 arbitrabitur
1396 1958 1429 1984 ad
1446 1965 1540 1986 omnes
1555 1960 1641 1994 Syriae
1654 1962 1735 1989 urbes

949 2006 1008 2024 eam
1034 2005 1115 2024 mrum
1144 1999 1305 2032 pervasisse,
1322 2000 1468 2034 etpassim
1497 2000 1579 2035 Syros
1605 2010 1637 2029 ex
1660 2005 1734 2030 cultu

949 2038 1021 2066 Casii
1045 2040 1114 2074 apud
1141 2038 1328 2068 Seleucienses
1353 2039 1428 2069 Jovis
1438 2049 1525 2069 annos
1549 2043 1601 2070 sub
1616 2043 1732 2079 Trajano

950 2088 1117 2108 numerasse.
1143 2081 1223 2109 Forte
1237 2083 1329 2110 verius
1352 2084 1561 2111 monetariorum
1588 2092 1658 2113 noue
1673 2095 1731 2113 cre-

948 2122 1059 2155 dentur,
1087 2123 1166 2150 nobis
1191 2130 1263 2151 nunc
1278 2124 1386 2159 ignotae.
1416 2125 1453 2153 De
1475 2125 1608 2154 Laodicea
1628 2128 1731 2156 dictum

949 2164 1016 2191 alias
1029 2169 1081 2191 est.

984 2205 1050 2232 Ibid.
1061 2205 1194 2233 Γάϐαλα,
1211 2206 1291 2239 Πόλις
1307 2206 1357 2241 τῆς
1378 2207 1491 2243 πρώτης
1505 2209 1603 2244 Συρίας
1614 2209 1656 2237 Jo.
1674 2211 1730 2238 Ma-

948 2246 1006 2273 lala:
1018 2251 1082 2274 tom.
1100 2247 1131 2278 Il,
1146 2254 1173 2281 p.
1185 2246 1231 2274 88.
1248 2246 1417 2276 Theodoreto
1447 2249 1524 2280 πόλις
1551 2252 1654 2286 σμικρὰ
1683 2254 1733 2278 καὶ

947 2288 1113 2324 χαριεστάτη
1129 2288 1230 2317 Histor.
1247 2289 1376 2325 Religios.
1392 2298 1416 2318 c.
1433 2290 1478 2318 28.
1495 2291 1560 2318 Vide
1582 2293 1644 2321 Am.
1663 2294 1729 2321 Ili".

983 2371 1050 2398 Ibid.
1067 2366 1195 2404 Πάλτος.
1213 2371 1322 2400 Aberat.
1347 2372 1383 2399 20
1405 2372 1439 2400 Μ.
1460 2373 1490 2400 Ρ.
1506 2373 1647 2402 Laodicea.
1663 2375 1732 2403 ane

947 2413 1009 2439 Ant.
1024 2411 1088 2439 Itin.
1102 2420 1128 2447 p.
1144 2413 1205 2440 M7.
1216 2412 1384 2442 Justinianus
1394 2415 1463 2442 hanc
1482 2421 1509 2442 et
1523 2415 1682 2444 Laodiceam
1703 2424 1731 2444 et

947 2453 1061 2486 Gabala,
1095 2453 1246 2481 Antiochiae
1275 2455 1473 2489 quodammodo
1487 2457 1634 2491 ademptas,
1653 2466 1731 2486 nova:

947 2494 1102 2529 provinciae,
1116 2495 1158 2522 cui
1175 2494 1372 2523 Theodoriadis
1387 2504 1485 2524 nomen
1505 2497 1615 2531 fecerat,
1632 2504 1730 2534 praete-

947 2543 1047 2570 reaque
1059 2543 1091 2563 ex
1105 2535 1183 2571 Syria
1202 2536 1319 2564 secunda
1344 2537 1473 2565 Balaneas
1496 2539 1645 2567 contribuit
1660 2542 1731 2575 apud

946 2576 988 2604 ιο.
1004 2577 1129 2604 Malalam
1143 2583 1207 2606 tom.
1219 2577 1252 2611 Il,
1265 2585 1292 2612 p.
1310 2579 1373 2606 135.

980 2618 1047 2646 Ibid.
1065 2619 1179 2654 Βέροια.
1196 2619 1233 2647 De
1249 2621 1300 2647 hac
1312 2625 1340 2648 et
1351 2621 1479 2649 Chalcide
1491 2622 1684 2656 disputavimus
1695 2625 1729 2652 ad

946 2659 1015 2687 idem
1031 2659 1122 2687 Itiner.
1140 2669 1167 2695 p.
1184 2661 1244 2688 I95.
1262 2662 1356 2689 Obiter
1376 2662 1421 2689 hic
1432 2662 1537 2690 Socrati
1550 2665 1679 2691 auxilium
1692 2664 1731 2692 l'e-

946 2709 1036 2729 remus
1051 2702 1066 2727 7
1082 2701 1124 2729 I6.
1140 2702 1184 2729 'Ev
1200 2702 1358 2739 Ἰνμεστὰρ,
1374 2703 1552 2737 ἰιιιιιιίι,οΰτω
1570 2706 1732 2742 καλουμένῳ

945 2743 1029 2778 τόπῳ,
1045 2743 1074 2775 ὃς
1090 2745 1179 2770 κεῖται
1196 2744 1297 2778 μεταξὺ
1327 2744 1460 2777 Χαλκίδος
1491 2746 1539 2772 καὶ
1563 2746 1730 2782 ’Λντιοχείας

945 2785 993 2820 τῆς
1009 2786 1037 2811 ὲν
1057 2786 1158 2821 Συρίᾳ,
1181 2786 1302 2812 Ἰουδαῖοι
1333 2786 1454 2821 συνήθως
1481 2788 1587 2820 ἑαυτοῖς
1617 2789 1730 2823 παίγνια

947 2827 1091 2854 ἐπετέλουν
1109 2829 1179 2855 τινὰ.
1196 2828 1340 2861 Flagitiusc
1355 2829 1426 2856 enirn
1445 2835 1601 2864 corruptum
1625 2837 1667 2860 est
1681 2833 1732 2859 vici
