1911 3071
155 181 224 212 1163

153 244 264 269 nomen,
280 237 308 264 in
327 245 381 271 quo
392 238 480 267 scelus
497 239 567 272 quod
583 238 710 266 Socrates
726 242 833 265 enarrat
849 237 933 265 Judaei

154 282 307 310 patrarunt.
325 278 398 313 Lege
414 280 443 305 ὲν
460 280 573 314 Ἰμμαις
590 280 696 315 γάρ,”οῑ
711 274 799 306 vicum
817 280 938 311 habebis,

152 319 190 345 20
207 319 242 345 M.
257 319 286 346 P.
303 327 318 347 a
329 320 455 347 Chalcide
469 320 636 355 disjunctum
653 322 723 355 apud
741 320 938 348 Theodoretutn

153 359 226 387 Hist.
251 359 374 395 Relig.e.
400 361 415 387 '1
437 366 518 395 atque
533 362 559 389 in
577 361 679 389 Tabula
704 362 937 396 Peutingerorum.

153 400 259 427 Firmat
272 402 466 436 conjecturam,
478 403 532 430 etsi
547 403 573 430 in
586 403 708 430 vocabuli
727 410 840 430 numero
854 407 881 428 et
889 409 937 436 ge-

153 449 219 468 nere
231 442 407 475 dissentiens,
425 443 605 477 Theophanes
621 443 822 478 Clarouograph.
836 451 863 478 p.
881 444 910 470 7I
931 452 939 470 :

153 481 247 516 Τούτῳ
262 482 301 517 τῷ
315 483 370 509 ἔτει
383 483 503 510 Ἰουδαῖοι
519 485 557 515 εὶς
573 485 602 510 τὸ
619 485 717 519 Ἴμμον
734 484 839 510 παιδίον
857 484 940 520 Χρισ-

143 522 247 549 ’τιανὸν
274 524 462 556 συλλαϐόντες.
488 525 521 552 Et
546 525 697 558 Cedrenus,
718 533 872 560 quanquam
893 532 941 559 per

154 564 260 590 παιδίον
277 564 452 598 Theophanis
475 565 502 592 in
527 574 647 593 errorem
666 567 808 600 impulsus,
821 574 847 600 p.
863 566 916 592 276
931 574 937 591 :

154 605 275 632 Ἰουδαῖοι
290 607 330 636 εἰς
344 606 389 632 τὸν
414 607 513 641 Ἴμμον
545 607 637 634 πεδίον
662 607 827 642 Χριστιανὸν
858 608 940 634 παῖδα

154 647 341 678 conﬁdit-reg.
352 647 427 675 Fecit
442 655 474 675 ex
487 649 583 675 vicinia
595 649 654 675 soni
667 648 715 674 τοῦ
732 649 838 675 παιδίου
849 653 877 676 et
892 657 940 675 πε-

153 688 221 720 διου,
241 687 352 716 Immmn
366 696 502 723 campum,
521 697 613 724 queui,
630 690 651 716 si
665 689 698 716 ad
710 690 767 716 haec
781 691 941 718 attendisset

154 729 219 756 Abr.
238 729 366 762 Ortelius,
379 731 450 758 circa
465 730 622 765 Byzantium
638 739 691 758 non
706 732 886 765 quaesivisset.

170 785 174 788 -
189 771 247 797 Col.
263 770 324 797 I52.
347 771 414 798 Ὑπὸ
435 771 578 805 ἡγεμόνα.
604 772 734 798 Distracta
752 772 808 798 lnec
823 778 866 799 est
879 779 941 806 pro-

154 812 242 839 vincia
254 820 269 839 a
279 812 354 840 Ccele
365 812 454 848 Syria,
466 817 494 840 ut
506 813 635 848 Evagrius
645 813 679 843 Η,
695 812 728 841 E.
741 814 758 840 5
771 813 806 840 52
818 814 897 841 docet
913 818 940 841 et

154 854 273 888 quidem,
284 854 306 881 si
318 861 376 889 qua1
388 854 490 882 Illalala:
503 859 566 883 tom.
580 855 612 888 Il,
622 863 648 890 p.
660 855 694 883 69
703 856 779 886 ﬁdes,
792 863 807 882 a
819 855 942 882 Theodo-

155 898 196 923 sio
207 896 335 928 secundo,
348 904 428 931 quem
438 897 637 932 ctApantiaajus
647 898 826 930 metropoleos
833 897 942 924 dedisse

155 937 284 964 afﬁrmat.
301 937 412 965 Praesidi
429 939 551 972 paruisse
562 938 672 965 Notitia
687 939 749 972 imp.
764 937 866 966 Orioni.
885 947 909 966 c.
927 940 938 966 I

156 986 268 1006 tnonere
283 979 355 1007 haud
371 980 501 1013 neglexit.

190 1019 256 1047 Ibid.
296 1020 448 1054 Ἀπάμεια.
484 1020 634 1048 Provinciae
669 1026 729 1048 erat
774 1021 941 1056 metropolis,

154 1062 330 1095 quamobrem
345 1062 408 1094 τοὺς
422 1063 475 1089 ὑπὸ
503 1063 657 1096 ’Λπάμειαν
681 1063 781 1098 ἱερέας,
799 1064 941 1097 episcopos

156 1103 235 1134 hujus
251 1103 326 1130 urbis
344 1104 554 1138 metropolitano
568 1104 702 1136 subditos,
719 1104 851 1139 Evagrius
864 1104 938 1132 ΗΕ.

153 1143 171 1170 5
192 1144 226 1170 51
242 1144 366 1178 appellat.
389 1144 454 1171 Erat
482 1146 555 1172 circa
581 1146 675 1173 urbem
703 1146 797 1176 vicus,
822 1146 939 1181 χωρίον,

153 1185 196 1211 cui
213 1185 340 1220 Μάρατος
358 1186 496 1221 Ζαϐδάλης
510 1191 568 1213 erat
583 1194 692 1219 nomen,
705 1191 771 1214 tom.
785 1186 819 1214 XI
834 1187 938 1214 Concil.

153 1226 238 1253 Labb.
260 1234 285 1260 p.
304 1227 355 1254 105
377 1232 403 1254 et
418 1227 471 1254 I08
502 1233 685 1255 Iucinoratus:
701 1227 805 1256 vicinos
830 1228 876 1255 ille
891 1228 939 1255 ha-

152 1267 246 1294 buisse
259 1268 364 1295 videtur
390 1269 638 1303 Maratocuprenos,
654 1269 687 1296 de
707 1269 806 1303 quibus
831 1270 856 1296 in
871 1269 938 1297 Ant-

154 1309 236 1335 miau.
254 1308 290 1335 28
304 1309 331 1341 2,
345 1309 514 1342 aliirmatque
530 1309 643 1343 primam
664 1310 733 1337 tituli
754 1315 938 1344 grassatorum

153 1351 272 1381 illorum,
289 1351 321 1377 de
343 1358 394 1385 qua
408 1351 561 1377 dubitatum
576 1351 665 1381 video,
682 1355 798 1384 partem.
815 1351 938 1386 Sequen-

153 1396 194 1418 tcs
211 1391 346 1425 tetigimus
366 1393 392 1418 in
410 1391 509 1418 Anton.
526 1390 617 1419 Itiner.
636 1400 661 1426 p.
677 1392 738 1419 187.

189 1432 253 1459 ΙΙιίιΙ.
269 1433 414 1466 Μαριάμη.
428 1432 474 1460 Sic
488 1437 514 1459 et
528 1433 697 1460 Ptolemaeus.
713 1433 845 1460 Arrianus
870 1433 937 1466 Ezp.

153 1475 229 1501 Altae.
248 1482 277 1505 ll,
293 1474 324 1500 l5
340 1474 523 1509 Μαριάμμην,
548 1474 652 1501 Concil.
673 1474 738 1501 Acta
767 1475 935 1510 Μαριάμνην

152 1522 250 1541 vocare
274 1521 459 1542 assueveritnt.
497 1514 564 1542 Vide
593 1515 695 1550 Synod.
728 1515 936 1551 Constantinop.

152 1556 203 1582 sub
215 1555 308 1582 Meuna
325 1560 390 1582 tom.
408 1555 442 1582 XI
470 1556 554 1583 Conc.
587 1563 613 1590 p.
643 1556 696 1583 402
719 1561 746 1583 et
772 1556 937 1584 Chalcedon.

152 1606 179 1632 ρ.
194 1597 257 1624 659.
275 1597 306 1623 L.
321 1597 486 1624 Holsteinius
501 1602 528 1624 et
550 1597 602 1625 Ch.
624 1598 756 1625 Cellarius
769 1605 801 1624 ex
819 1598 936 1626 Alexan-

152 1639 230 1666 drinn
245 1638 347 1665 Chron.
365 1638 470 1673 Κώμην
480 1639 665 1673 Μαριάμμην,
682 1639 708 1665 in
730 1646 781 1673 qua
794 1638 938 1667 Gelasinus

153 1686 255 1716 martyr
268 1680 348 1708 fuerit
365 1680 578 1713 contumulatus,
603 1688 664 1708 eum
681 1681 731 1707 hac
745 1680 814 1708 urbe
828 1688 938 1714 compo-

153 1721 315 1756 nunt;quod
330 1725 358 1748 ut
375 1726 446 1748 recte
459 1721 585 1753 fecerint,
602 1729 706 1749 vereor.
724 1721 806 1748 Plane
816 1723 938 1756 proxime

152 1761 300 1797 Hcliopolin
325 1762 361 1789 ibi
387 1762 550 1794 collocatur,
567 1770 581 1788 a
599 1769 651 1796 qua
679 1762 840 1789 Ptolemaeus
868 1763 938 1789 hanc

152 1803 257 1838 longius
283 1807 412 1830 removet.
439 1802 589 1829 Provinciae
613 1810 722 1836 quoque
751 1803 866 1830 diversa:
887 1803 938 1830 sibi

151 1845 300 1872 vindicant.
317 1843 386 1870 hanc
397 1843 476 1877 Syria
494 1843 623 1880 secunda,
649 1843 722 1870 illam
749 1843 878 1871 thnice
903 1844 937 1871 ad

152 1885 293 1912 Libanum.
311 1884 348 1912 De
358 1889 488 1918 sequente
507 1884 570 1910 Ant.
588 1883 651 1911 Itin.
664 1891 690 1917 p.
709 1883 768 1913 I48.

188 1926 255 1953 Ibid.
273 1925 444 1959 Ῥαφαναϋς.
462 1924 609 1958 Ῥαφανέαι
624 1924 768 1952 Ριοιεωωο
783 1930 809 1952 et
823 1926 938 1960 Stepha-

153 1977 197 1999 no,
212 1968 256 2002 qui
275 1968 350 1994 urbis
367 1966 467 2002 gentile
486 1966 677 2001 Ῥαφανεώτης
692 1974 752 1994 esse
765 1967 849 1995 addit.
860 1967 938 1994 Lam-

152 2010 246 2045 padius
263 2009 432 2043 Ῥαφαναίων
447 2008 552 2039 πόλεως
566 2013 609 2035 est
622 2008 821 2036 inChalcedon.
837 2017 863 2044 p.
874 2010 937 2043 660,

152 2057 177 2078 et
189 2051 279 2078 Zoilus
307 2051 454 2085 Ῥεεφάνης
484 2050 512 2078 in
539 2049 744 2085 Constantinop.
771 2052 822 2078 sub
839 2051 936 2079 Mcnna

153 2100 177 2127 p.
193 2092 256 2124 402,
272 2092 338 2119 satis
351 2092 457 2118 vitiose.

186 2133 496 2167 Ι1]ἰι1.Σελευκόϐηλος.
518 2133 639 2161 Seleucia
657 2138 699 2161 est
721 2134 755 2160 ad
771 2133 863 2161 Belum
881 2134 938 2162 sive

152 2182 256 2202 amnem
266 2182 312 2202 seu
322 2178 440 2202 montem
452 2183 458 2200 :
469 2182 555 2209 neque
562 2175 634 2203 enim
644 2175 802 2212 alterutrum
811 2183 859 2209 pro
867 2183 937 2203 com-

152 2215 357 2251 perto}est.Vide
369 2217 419 2243 Ch.
432 2216 589 2244 Cellarium.
605 2216 677 2245 (LA.
688 2217 704 2243 5
721 2216 753 2243 12
763 2224 789 2251 p.
802 2216 863 2243 420.
879 2216 936 2243 Sita

151 2265 209 2287 erat
222 2260 248 2286 in
264 2259 585 2293 ﬁuibnsApamiensium.
597 2259 776 2293 Theophanes
788 2258 933 2294 Cltronogr.

151 2301 265 2336 p.289:
287 2302 318 2327 οι
343 2300 371 2327 δὲ
399 2300 538 2327 Σκλαδῐνοι
558 2300 646 2336 τούτῳ
674 2300 859 2336 προσρυέντες
885 2301 935 2327 σὺν

151 2343 223 2378 αὐτῷ
241 2345 270 2370 ὲν
286 2343 371 2378 Συρίᾳ
388 2342 531 2377 κατῆλθον,
552 2343 671 2377 χιλιάδες
689 2343 780 2374 πέντε,
798 2343 844 2369 καὶ
862 2341 935 2377 ᾠκη-

106 2399 107 2402 η
152 2393 200 2416 ςαν
215 2385 254 2415 εἰς
268 2383 317 2419 τὴν
334 2384 486 2419 Ἀπάμειαν
503 2383 594 2418 χώραν
604 2385 632 2410 ὲν
646 2383 726 2419 κώμῃ
734 2383 935 2418 Σκευοχοόόλῳ.

152 2425 238 2452 Vertit
250 2424 377 2452 Miscellw
396 2425 468 2452 Hist.
483 2425 503 2452 l.
522 2432 568 2452 xtx
583 2429 678 2452 auctor
695 2424 801 2452 :Porro
818 2425 935 2452 Sclavini

151 2467 183 2492 ad
196 2466 265 2493 hunc
282 2467 440 2500 confluentes
458 2474 518 2492 cum
549 2466 605 2499 ipso
634 2467 822 2493 descenderunt
843 2467 869 2493 in
884 2465 936 2502 Sy-

151 2508 228 2539 riam,
249 2515 355 2534 numero
368 2507 478 2541 quinque
491 2507 587 2539 millia,
601 2513 624 2533 et
652 2508 805 2534 habitabant
824 2509 852 2534 in
865 2508 934 2542 Apa-

152 2550 290 2576 miemium
307 2551 409 2583 regione
423 2550 450 2575 in
469 2549 579 2575 castella
595 2549 773 2576 Seleucobori.
791 2550 868 2577 Unde
893 2550 934 2577 vi-

152 2592 197 2619 des
211 2592 307 2625 legisse
319 2598 378 2618 eum
392 2591 432 2622 εις
446 2591 496 2625 τὴν
511 2591 658 2625 Ἀπαμέων
671 2591 774 2626 χώραν,
789 2596 816 2619 et
838 2592 908 2620 bene
926 2599 933 2617 :

151 2634 210 2661 dein
221 2632 410 2668 Σελευκοῦόρῳ
421 2653 428 2665 ,
442 2632 511 2666 quod
528 2640 560 2660 ex
574 2632 764 2668 Σελευκοόή).ῳ
776 2637 867 2660 natum
882 2637 932 2660 est.

152 2675 303 2709 Stephanus
333 2674 531 2709 Σελευκόόηλον
552 2679 579 2702 et
606 2675 748 2707 Σέλευκον,
767 2675 830 2710 περὶ
858 2677 889 2711 τῇ
906 2676 935 2701 ὲν

150 2717 234 2753 Συρίᾳ
257 2717 393 2752 Ἀπαμείᾳ
409 2716 559 2752 ἀρσενικῶς
572 2716 721 2750 λεγομένην
736 2717 822 2748 πόλιν,
837 2717 934 2744 distill-

151 2760 216 2793 guit,
235 2766 371 2792 perverse,
384 2759 406 2785 si
425 2759 488 2793 quid
506 2758 531 2785 in
548 2758 590 2785 Itis
613 2758 691 2786 video
709 2768 716 2786 :
741 2758 836 2786 eadem
861 2760 933 2786 enim

150 2804 200 2831 est,
211 2805 238 2827 et
250 2800 447 2835 Σελευκόὸηλος
468 2805 495 2827 et.
520 2800 650 2831 Σέλευκος
667 2801 735 2836 πρὸς
749 2801 787 2834 τῷ
797 2801 874 2836 Βήλῳ
887 2809 934 2835 ap-

151 2842 312 2876 pellata,ac,
326 2842 500 2873 ntividimus,
519 2842 647 2875 Apamia),
667 2844 735 2871 unde
759 2843 864 2878 longius
884 2843 933 2872 Sc-

151 2883 235 2912 lducia
248 2885 341 2912 Pieria:
357 2885 483 2917 distabat,
502 2883 598 2911 vicina.

578 181 767 212 COMMENT.
789 182 831 212 IN
852 181 1057 212 HIEROCLIS
1076 177 1344 212 SYNECDEIIUM.

1700 179 1768 211 II'IO

1025 238 1090 264 Ibid.
1109 238 1329 272 Εὐφρατησίας.
1346 237 1414 264 Olim
1434 237 1586 268 Comagenc
1615 242 1683 263 erat.
1707 236 1773 262 Pro-

990 279 1083 314 copius
1096 279 1125 307 Β.
1139 280 1214 307 Pera.
1233 280 1243 306 I
1262 280 1294 306 17
1310 287 1317 305 :
1334 279 1416 314 Χώρα
1431 279 1513 312 γοῦν,
1534 279 1550 313 ἢ
1563 280 1594 304 ἐκ
1609 279 1774 312 Σαμοσάτων

989 321 1068 351 ἐκτὸς
1084 321 1225 355 Εὐφράτου
1242 321 1363 355 ποταμοῦ
1372 322 1440 352 ἐστι,
1458 321 1542 347 πάλαι
1558 321 1608 354 μὲν
1623 321 1774 355 Κομαγηνὴ

988 361 1100 396 ἐκλήθη,
1116 362 1150 388 τὰ
1164 362 1210 388 νῦν
1225 362 1253 388 δὲ
1270 362 1386 396 ποταμῷ
1395 363 1470 388 ἐστιν
1484 362 1637 395 ἐπώνυμος.
1654 361 1685 387 Et
1698 361 1715 387 9
1728 361 1772 387 20:

995 403 1071 429 Ἐπεὶ
1085 403 1113 429 δὲ
1130 405 1169 434 εἰς
1184 404 1232 438 τὴν
1249 403 1421 438 Κομαγηνῶν
1436 403 1528 438 χώραν
1543 404 1557 429 ὁ
1570 403 1693 438 Χοσρόης
1716 402 1774 435 ἀφί-

989 453 1062 476 κετο,
1082 445 1114 479 ἢν
1134 442 1261 479 incitant
1287 444 1490 480 Εὐφρατησίαν.
1517 444 1775 479 Angusto-Euphra-

992 485 1058 512 tesia
1074 486 1101 512 in
1116 486 1282 513 Chalcedon.
1301 494 1328 520 p.
1343 487 1396 513 565
1412 486 1522 519 dicitur,
1544 490 1570 512 et
1596 485 1677 512 Leoni
1694 485 1776 519 impe-

994 527 1076 553 ratori
1088 526 1106 552 l.
1129 527 1162 554 I0
1179 535 1204 554 c.
1222 528 1254 554 de
1271 526 1369 554 Diue".
1383 527 1461 560 Ofﬁc.
1488 527 1624 561 provincia
1643 526 1711 553 facta
1735 533 1776 553 est

990 571 1018 592 et
1037 575 1051 592 a
1064 566 1141 601 Syria
1154 572 1181 594 et
1198 568 1335 594 Osdroena
1347 568 1491 595 dissociata
1511 567 1588 605 jussu
1606 568 1776 594 Constantini

991 608 1037 639 Μ..
1055 614 1122 635 teste
1140 609 1232 636 lllalala
1250 614 1316 636 tom.
1335 609 1368 641 II,
1389 617 1415 643 p.
1430 609 1456 636 '5.
1474 609 1578 636 Praeses
1599 610 1657 643 ejus
1681 615 1723 636 est
1751 610 1776 636 in

991 647 1091 675 Notitia
1121 650 1184 683 imp.
1214 648 1320 676 Orient.
1339 657 1364 676 c.
1388 650 1398 676 I
1423 654 1450 676 et
1483 650 1636 684 praesidiale
1662 650 1777 677 ol‘licinm

990 689 1178 722 Euphratonse
1189 691 1206 716 I.
1220 689 1270 716 2e.
1287 689 1337 716 'I‘h.
1353 691 1386 717 de
1403 690 1496 717 Venat.
1516 690 1577 717 Fer.

1028 731 1092 757 Ibid.
1117 730 1287 763 'lspdwatg‘.
1306 731 1464 766 Metropoli"
1474 732 1535 758 huic
1545 731 1688 765 provincia:
1697 731 1779 757 fuisse

991 777 1088 804 praeter
1105 772 1169 805 imp.
1183 771 1298 798 Lt'OtIIIII
1314 778 1395 806 atque
1406 772 1473 800 alios
1489 773 1565 799 testis
1588 777 1629 799 est
1648 772 1779 806 Evagrius

993 813 1024 839 II.
1045 812 1074 838 E.
1093 812 1110 839 6
1135 813 1178 840 I9.
1195 813 1253 845 Quo
1272 814 1381 840 nomine
1410 814 1546 841 Arabibus
1570 819 1597 840 ct
1623 813 1700 848 Syris
1733 814 1777 846 sit,

991 855 1056 887 imp.
1081 854 1275 881 Constantinus
1301 853 1472 888 I’orphyrog.
1500 859 1570 881 orat.
1597 855 1630 881 de
1663 855 1779 889 imagine

992 896 1085 922 Edess.
1106 903 1132 930 p.
1149 895 1180 921 5I
1191 896 1256 922 edit.
1271 895 1426 922 Combetlsii
1443 895 1520 922 docet
1535 903 1540 920 :
1559 896 1606 926 Et;
1619 896 1649 921 τὸ
1661 896 1779 930 κὰστρον

996 937 1172 972 Ἰεραπόλεως
1195 936 1324 970 ἔφθασεν,
1352 936 1366 962 ὃ
1389 937 1421 971 τῇ
1444 937 1494 970 μὲν
1517 937 1684 971 Σαρακηνῶν
1702 938 1778 971 φωνῇ

991 979 1106 1012 Μεμμὶχ
1134 978 1254 1011 λέγεται,
1280 979 1313 1012 τῇ
1334 977 1362 1003 δὲ
1380 978 1433 1003 τῶν
1456 977 1548 1012 Σύρων
1562 977 1685 1004 Μαὸούκ.
1702 978 1779 1005 Unde

990 1021 1098 1054 egregia
1112 1019 1190 1055 IIydii
1205 1020 1231 1046 in
1244 1018 1305 1046 Itin.
1318 1019 1417 1046 Peritz.
1435 1027 1461 1053 p.
1479 1021 1513 1046 45
1529 1019 1686 1054 conjectura
1711 1028 1778 1047 con—

990 1061 1136 1091 stabilitur,
1153 1068 1206 1094 qua
1234 1061 1259 1086 in
1290 1060 1375 1087 Plinio
1393 1060 1457 1087 535
1475 1060 1613 1095 Bnmbyte,
1640 1069 1698 1095 qua:
1724 1061 1778 1087 alio

991 1102 1095 1128 nomine
1111 1102 1261 1136 Hierapoli;
1289 1106 1409 1134 vocatur,
1437 1101 1512 1136 Syris
1535 1110 1592 1128 vero
1613 1101 1717 1137 Mabog,
1733 1111 1779 1129 ex-

990 1143 1068 1177 pulso
1080 1148 1161 1178 atque
1173 1145 1206 1170 ad
1221 1143 1349 1170 tenebras
1360 1143 1490 1170 danmato
1508 1145 1616 1178 Mugog,
1641 1144 1777 1171 emendat.

992 1183 1056 1211 Vide
1069 1185 1131 1212 Alh.
1145 1185 1300 1212 Sehultens.
1318 1183 1433 1210 indicem
1462 1183 1602 1211 Bohadino
1632 1191 1776 1215 annexum,

992 1227 1018 1252 in
1036 1225 1213 1253 Manbesium.

1025 1267 1090 1294 Ibid.
1122 1268 1228 1301 Κύρος.
1245 1268 1393 1301 Cyrestana
1419 1268 1515 1294 civitas
1539 1267 1602 1301 imp.
1633 1267 1777 1294 Iustiniani

989 1309 1110 1342 epistolae
1126 1309 1223 1335 Collat.
1253 1308 1267 1334 7
1303 1309 1399 1335 coinzil.
1430 1309 1637 1341 Constantinop.
1667 1314 1775 1342 sect.p.

990 1349 1053 1378 219,
1084 1349 1165 1376 Cives
1197 1349 1227 1376 Ι).
1258 1349 1462 1384 l‘apebrochius-
1487 1349 1706 1385 Cyropolitanos,
1730 1349 1777 1384 qui

989 1391 1061 1417 Actis
1077 1390 1179 1416 Iuliani
1205 1391 1230 1416 oi.
1254 1391 1304 1425 τῆς
1331 1390 1434 1421 πόλεως
1467 1391 1573 1425 Κύρου,
1596 1395 1661 1417 Iont.
1680 1390 1700 1416 Il
1714 1390 1765 1417 Jun

989 1439 1014 1466 p.
1032 1432 1080 1458 I78
1093 1431 1304 1465 appell.it,liaud
1317 1437 1398 1458 recte.
1417 1431 1482 1458 Vide
1502 1432 1563 1458 Aut.
1582 1432 1646 1457 Itin.
1663 1439 1689 1464 p.
1709 1431 1761 1458 189

1026 1473 1090 1500 Ibid.
1109 1474 1231 1506 Δολίχῃ.
1250 1473 1366 1508 Πολίχνη
1385 1473 1489 1508 σμικρά
1510 1473 1682 1500 Theodoreto
1695 1474 1728 1499 II.
1742 1472 1776 1498 Ε.

989 1515 1005 1541 5
1019 1515 1046 1545 4,
1064 1514 1191 1540 Δουλικὶα
1217 1514 1374 1549 Theophani
1391 1514 1536 1548 Clironogr.
1563 1514 1630 1546 354;
1650 1514 1682 1540 ad
1697 1521 1778 1547 quem

989 1557 1098 1584 modum
1125 1556 1287 1583 Philoxenus
1314 1555 1430 1582 Dulichii
1461 1556 1605 1590 episcopus
1630 1556 1655 1582 in
1676 1555 1775 1582 Collat.

988 1599 1057 1625 inter
1073 1597 1224 1624 Catholicos
1248 1603 1275 1623 et
1307 1597 1470 1625 Severianus
1500 1602 1567 1623 tom.
1608 1596 1643 1623 XI
1672 1596 1775 1623 Concil.

989 1639 1073 1666 Labb.
1087 1647 1112 1673 p.
1132 1639 1190 1665 157.
1205 1638 1284 1665 Plura
1299 1646 1380 1673 supra
1401 1647 1429 1673 p.
1446 1639 1506 1670 181,
1522 1639 1566 1665 ubi
1583 1639 1616 1665 de
1631 1638 1778 1673 Zeugmate

989 1681 1070 1708 ctiam
1089 1685 1115 1707 et
1128 1680 1309 1707 Gerntauicia.

1024 1721 1091 1748 Ibid.
1106 1721 1214 1755 Περῤή.
1231 1720 1373 1750 Liberatus
1396 1722 1531 1748 Diaconus
1553 1721 1672 1747 Breviar.
1690 1729 1715 1747 c.
1743 1721 1775 1746 I5

986 1763 1107 1789 ecclesiae
1129 1763 1288 1789 Parensium
1308 1762 1485 1789 Sabinianum
1501 1762 1584 1788 fuisse
1606 1762 1643 1787 ait
1665 1763 1769 1794 episco-

988 1811 1061 1837 pum.
1079 1810 1159 1837 quem
1179 1803 1369 1830 Perrhcnsium
1388 1802 1471 1829 fuisse
1489 1803 1552 1828 Acta
1568 1802 1676 1829 concilii
1692 1802 1774 1828 Chal-

987 1844 1082 1871 cudon.
1098 1848 1163 1870 tom.
1180 1843 1216 1870 IX
1227 1843 1310 1871 Conc.
1332 1844 1415 1872 Labb.
1431 1852 1456 1878 p.
1470 1844 1520 1871 I06
1532 1844 1656 1871 clamant.
1670 1843 1698 1870 V.
1711 1843 1774 1872 Ant.

1025 1926 1092 1953 Ibid.
1105 1927 1280 1959 Νικόπολις.
1298 1927 1354 1953 Non
1371 1926 1451 1953 aliam
1466 1933 1526 1954 esse
1541 1930 1605 1959 puto
1620 1931 1700 1960 atque
1715 1934 1775 1953 eam

988 1975 1069 2002 quam
1085 1967 1166 1994 Josua
1191 1967 1303 2002 Stylites
1331 1969 1357 1994 in
1385 1967 1486 1995 Chron.
1515 1968 1626 2003 Syriaco
1642 1969 1690 1994 sub
1709 1968 1772 2001 ἱιιιν.

986 2010 1129 2036 Anastasio
1144 2009 1293 2037 vehementi
1309 2014 1388 2037 terra:
1407 2015 1527 2037 tremore
1544 2010 1679 2036 corruisse
1693 2009 1775 2036 refert

988 2055 1053 2078 tom.
1065 2050 1075 2077 Ι
1089 2050 1160 2077 Bibl.
1190 2051 1295 2080 Orient.
1321 2051 1464 2079 Assemani
1480 2059 1504 2085 p.
1518 2051 1582 2084 271,
1606 2058 1655 2077 nec
1667 2050 1773 2078 diversa

985 2091 1102 2120 fortasse
1111 2097 1153 2119 est
1166 2092 1231 2119 Itin.
1248 2092 1311 2118 Ant.
1328 2101 1354 2127 p.
1378 2092 1439 2120 I90.

1022 2133 1087 2161 Ibid.
1102 2134 1298 2169 Σκεναρχαῑα.
1327 2134 1417 2169 Σκηνὴ
1432 2133 1544 2169 ἀρχαία.
1564 2133 1686 2161 Viderint
1702 2134 1774 2168 peri-

987 2178 1071 2204 tiores
1087 2184 1120 2203 an
1136 2177 1197 2204 loco
1213 2184 1312 2203 nomen
1340 2177 1446 2203 venerit
1459 2184 1474 2203 a
1490 2177 1668 2205 tentoriorum
1682 2177 1772 2210 copia,

986 2224 1012 2246 ct
1025 2219 1088 2254 quid
1103 2219 1363 2254 Σαλγενορατῐξενον
1379 2218 1431 2245 sibi
1449 2218 1522 2245 velit.

1023 2261 1088 2288 Ibid.
1106 2260 1230 2294 Σύριμα.
1248 2259 1361 2286 I’ntares
1376 2259 1451 2294 Συρά
1465 2259 1521 2286 sive
1533 2257 1644 2293 Σοῦραν,
1663 2263 1692 2286 ut
1707 2258 1774 2290 Eva-

985 2303 1060 2338 grius
1073 2302 1106 2329 II.
1122 2301 1154 2327 Ε.
1171 2309 1209 2333 ιν,
1223 2301 1269 2333 25,
1294 2302 1387 2327 urbem
1409 2301 1436 2327 in
1458 2300 1603 2334 Euphratis
1622 2301 1677 2334 ripa
1699 2301 1774 2334 posi-

987 2348 1041 2370 tam
1060 2342 1132 2378 (Vita
1143 2343 1286 2378 Symeonis
1300 2342 1404 2378 Stylitte
1418 2349 1442 2368 c.
1458 2341 1493 2368 26
1510 2351 1516 2369 :
1536 2339 1591 2367 Ἦν
1603 2349 1644 2372 τις
1666 2342 1696 2368 ὲν
1720 2342 1771 2368 Συ-

987 2386 1044 2420 ροῖς
1058 2384 1237 2419 στρατιώτης,
1246 2384 1384 2418 πολίχνιον
1397 2383 1425 2409 δὲ
1440 2391 1465 2409 τι
1479 2382 1619 2409 τοῦτοτῶν
1632 2383 1772 2418 ὲπευφρα-

985 2426 1097 2460 τιδίων).
1117 2426 1168 2453 uisi
1181 2426 1294 2460 propius
1315 2425 1444 2452 abessent
1470 2423 1589 2459 Οὔριμα,
1608 2432 1657 2459 pro
1672 2424 1771 2458 quibus

986 2467 1101 2503 υῡρημα
1115 2468 1203 2495 editus
1217 2467 1389 2497 Ptolemaeus.
1416 2467 1464 2493 sed
1489 2467 1553 2493 hinc
1566 2470 1592 2493 et
1607 2473 1640 2492 ex
1657 2465 1769 2492 Colslin.

988 2518 1038 2536 tns.
1056 2509 1223 2544 adjuvandus
1240 2508 1344 2543 Ὀριμα
1359 2513 1386 2534 et
1404 2508 1508 2543 Ὤριμα
1527 2507 1691 2534 Chalcedon.
1706 2514 1771 2534 con-

986 2551 1029 2577 ril.
1049 2559 1073 2584 p.
1092 2550 1152 2577 676.
1171 2549 1234 2576 Erat
1249 2549 1377 2584 Euphrati
1405 2548 1503 2580 adsita,
1536 2549 1608 2575 unde
1631 2547 1770 2578 castellum

987 2593 1079 2619 lli-ima
1098 2592 1228 2626 Euphrati
1239 2591 1370 2618 accubntis
1393 2592 1418 2618 in
1447 2591 1530 2618 veteri
1546 2590 1639 2617 codice
1658 2590 1770 2625 Syriaco

987 2639 1039 2660 tom
1056 2633 1075 2660 Ι.
1092 2633 1215 2660 Biblioth.
1233 2633 1334 2659 Orient.
1352 2639 1378 2667 p.
1396 2631 1446 2658 172
1457 2632 1610 2659 Assentani.

1022 2676 1088 2702 Ibid.
1105 2675 1255 2709 Εὐρωπός.
1273 2673 1353 2700 .losua
1369 2673 1480 2708 Stylites
1496 2677 1612 2701 castrum
1635 2680 1672 2698 ait
1684 2671 1771 2700 Euro-

972 2726 1045 2751 'pus,
1061 2717 1168 2751 quodin
1182 2716 1314 2749 provincia
1324 2715 1487 2749 Mabugensi,
1498 2715 1554 2741 sive
1568 2714 1770 2748 llierapolitana

985 2761 1018 2786 a-rl
1034 2759 1193 2786 occidentem
1217 2757 1360 2791 Euphratis
1376 2762 1413 2783 est
1429 2757 1543 2791 positum
1570 2756 1639 2784 Bibl.
1663 2755 1768 2783 Orient.

987 2808 1051 2829 tum.
1066 2802 1086 2832 Ι,
1103 2809 1130 2835 p.
1143 2800 1212 2832 282;
1229 2800 1271 2826 cui
1291 2799 1439 2833 Procopius
1456 2798 1536 2826 Fabr.
1558 2798 1701 2826 Iustiniani.
1725 2798 1741 2824 2
1753 2799 1770 2826 9

986 2849 1012 2870 et
1025 2843 1054 2869 II.
1075 2841 1103 2868 Ρ.
1120 2842 1137 2868 2
1154 2841 1189 2867 20
1206 2841 1365 2868 assentitur.
1384 2839 1479 2867 Merito
1497 2848 1561 2874 ergo
1574 2840 1710 2868 Lucianus
1727 2840 1770 2869 in-

984 2883 1085 2913 sulsum
1115 2883 1278 2917 scriptorem
1312 2881 1486 2911 historiarum
1525 2883 1634 2916 Laxavit,
1663 2881 1708 2917 qui
1736 2879 1771 2908 du
