1911 3071
155 142 221 175 1171

150 202 216 227 ttrbc
228 200 277 226 hac
288 207 295 226 :
305 198 337 225 Ἦ
345 198 374 225 δὲ
384 198 512 234 Εὑρωπὸς
527 201 614 226 κεῖται
628 201 678 234 μὲν
691 201 720 227 ἐν
733 202 765 236 τῇ
779 201 939 228 Μεσοποτα-

150 241 199 276 μίᾳ
213 241 348 275 σταθμοὺς
359 240 405 266 δύο
419 241 464 267 τοῦ
478 242 621 277 Εὐφράτου
631 242 780 276 ἀπέχοντα,
793 242 936 278 ἀπῴκισαν

147 285 176 311 δὲ
192 283 277 318 αὐτὴν
297 282 454 310 Ἐδεσσαῖοι.
470 283 593 319 Europus
609 285 663 312 sila
674 285 778 319 quidem
792 290 831 312 est
842 287 868 311 iu
885 284 938 312 Me-

150 327 309 361 sopotamia.
326 327 505 354 mutationibus
523 326 705 360 ab,Eup/trute
714 326 816 353 duabus
833 326 938 360 disjun-

151 373 193 394 cta
209 373 233 395 et
250 368 282 394 ab
293 367 434 395 Edrsscuis
452 368 568 394 condita.
585 367 688 394 Nomen
716 373 758 395 est
774 376 800 394 ιιι
814 367 938 394 Macedo-

151 410 245 443 nibus.
260 410 305 443 qtti
323 409 431 436 urbimn
449 409 542 442 patriae
557 416 612 436 sum
632 409 742 436 nomina
766 408 872 443 oppidis
886 408 937 443 Sy-

151 452 197 477 ria:
226 452 390 478 indiderunt.
421 450 487 477 Vide
525 450 675 484 Appianum
702 450 808 485 Syriae.
836 457 863 484 p.
885 450 936 477 201

149 498 177 521 et
193 494 259 520 Abr.
275 494 426 521 Berkelium
440 494 466 520 in
483 493 614 527 Stephan.
632 493 775 528 Εὑρωπός,
792 493 837 519 ubi
861 499 938 520 com-

151 535 230 561 mista
245 535 347 562 videbis
358 543 417 574 qum
431 535 510 569 longo
521 539 655 561 terrarum
668 535 722 561 situ
732 533 938 561 distiuctissitua

150 574 238 602 fuere.

186 618 246 645 Col.
268 619 322 645 155
351 618 536 652 Ὀσρωήνης,
564 617 722 652 Ὀσροήνης.
753 616 856 644 Nomen
880 624 938 650 pro-

150 660 267 688 vinciam
282 660 317 686 ab
333 659 418 687 Osroe
445 659 593 694 Procopius
609 658 642 686 Β.
659 658 692 685 Ρ.
712 659 722 685 1
741 658 776 685 17
801 658 938 692 accepisse

151 706 293 732 memorat.
307 709 356 729 nec
369 702 494 734 multum,
506 706 535 728 ιιι
549 701 617 728 alias
632 701 847 734 observavimus,
859 700 894 727 ab
905 708 938 727 eo

151 743 266 771 dissidet
279 743 425 778 Dionysius
449 743 618 770 Patriarclta.
631 735 783 776 Provincia}
794 747 854 778 post
867 742 939 771 Con-

152 785 302 813 stantinum
318 791 333 811 a
350 784 544 818 Mesopotamia
575 784 679 811 videtur
704 783 818 818 divulsa,
833 791 885 818 qua
905 785 939 812 de

151 835 182 856 rc
192 826 314 855 Norisius
324 827 389 853 diu.
400 833 418 853 ιι
428 826 461 853 de
477 825 574 859 Epoch.
589 833 615 860 p.
632 826 694 853 110,
708 825 813 853 Prwses
822 825 939 854 Osdroe-

153 877 200 895 "es
216 873 257 896 est
279 869 305 895 in
331 868 350 895 l.
374 867 425 895 I05
449 874 475 894 c.
499 866 551 894 Th.
582 868 616 894 de
647 867 745 895 Decur.
778 871 805 894 et
833 866 939 894 Notitia

151 911 294 938 I.0.c.I.

189 952 255 979 Ibid.
272 951 418 979 Ἔδεσσα.
436 950 587 978 Provinciae
611 951 770 985 metropolis
786 951 848 984 luit,
861 959 938 986 περι-

151 994 248 1028 ϐόητος
263 993 312 1028 τῆς
334 993 483 1027 Ὀσροήνης
500 993 634 1027 ἐπαρχίας
661 992 828 1028 μητρόπολις
850 992 939 1020 Tlteo-

152 1035 233 1069 phani
249 1035 447 1068 Chronogmplt.
460 1041 487 1069 p.
515 1034 576 1062 “6.
589 1034 654 1061 Acta
669 1033 698 1061 S.
712 1033 840 1061 Thaddazi
867 1035 939 1068 apud

153 1076 331 1104 Lambecium
349 1075 419 1103 Bilrl.
434 1074 535 1103 Ctrsur.
547 1083 634 1111 vutp.
653 1075 708 1102 202
722 1084 729 1102 :
746 1073 802 1102 'Hv
818 1075 868 1110 μὲν
885 1075 939 1102 ἀπὸ

159 1119 287 1154 Ἐδέσσης
303 1118 351 1154 τῆς
366 1118 485 1151 πόλεως,
500 1117 668 1154 μητρόπολις
683 1116 712 1144 as
727 1118 844 1152 ὑπάρχει
857 1118 938 1151 αὕτη,

158 1162 292 1196 Ὀσροήνη
324 1160 480 1195 καλουμένη
497 1179 505 1192 ,
536 1159 744 1195 ’Δρμανοσύρων
780 1160 937 1195 μεσόγειος.

152 1203 219 1236 Quae
232 1210 293 1230 cum
310 1202 404 1230 urbem
424 1200 572 1229 Osroeuom
584 1200 712 1232 vocitant,
730 1201 815 1228 videri
829 1207 939 1236 possent

152 1244 262 1275 vitiosa.
280 1243 332 1271 nisi
350 1247 378 1271 et
393 1242 455 1278 Syri
465 1242 601 1283 Orrhoam
622 1245 650 1269 et
675 1241 807 1269 OsrhOam
821 1242 939 1278 appella-

152 1291 224 1314 rent.
243 1285 310 1313 Vide
323 1287 422 1313 Anton.
441 1284 542 1321 Itin.p.
558 1284 618 1312 I85.

189 1326 258 1355 Ibid.
287 1327 492 1357 Κωνσταντία.
526 1329 720 1364 Κωνσςαντίνη
748 1328 820 1361 aliis,
850 1328 940 1355 Suida:

152 1369 358 1402 Κωνστάντεια,
374 1375 453 1403 cujus
476 1369 619 1404 episcopus
647 1370 816 1406 Sophronius
845 1373 885 1396 est
912 1369 938 1396 in

152 1410 229 1438 Actis
242 1409 337 1446 synodi
352 1410 542 1444 Antiochenaa,
568 1411 681 1439 intextis
697 1411 804 1438 Actinni
831 1411 863 1437 14
877 1419 939 1437 cnn-

152 1452 208 1479 cilii
225 1451 392 1479 Chalcedon.
407 1456 473 1479 tom.
491 1451 524 1479 IX
539 1452 643 1480 Concil.
661 1461 687 1488 p.
703 1453 766 1480 I20.
779 1453 849 1480 Olim
863 1452 941 1479 Nice-

153 1493 279 1530 phorium
292 1493 443 1526 dicebatur,
468 1493 608 1528 Stephano
640 1499 718 1526 teste.
747 1494 824 1530 Syris
848 1498 939 1521 autern

153 1533 217 1562 Tela
231 1529 288 1567 R'jn
302 1534 374 1569 quod
387 1538 533 1568 utrumque
544 1542 642 1562 nomen
658 1536 774 1562 mutavit
790 1536 940 1563 Constantii

153 1575 327 1610 imperatoris
340 1575 430 1609 jussu,
453 1575 681 1608 quemadmodum
708 1576 811 1605 Chron.
828 1576 941 1604 Edesse-

154 1623 221 1644 num
235 1621 300 1644 tom.
317 1615 326 1643 Ι
340 1615 409 1644 Bibl.
428 1615 530 1644 Orient.
553 1624 582 1652 p.
607 1617 659 1644 595
676 1617 769 1645 refert.
788 1617 865 1651 Quod
876 1625 941 1646 vero

153 1667 168 1685 ιι
182 1658 311 1686 Chronici
326 1662 437 1686 auctore
450 1657 570 1691 additur,
586 1667 644 1694 quis
655 1659 716 1686 aliut
732 1659 861 1694 Antipolis
868 1659 940 1687 dice-

155 1701 244 1733 botur,
259 1708 313 1728 non
333 1700 399 1727 mihi
420 1700 490 1728 satis
515 1705 618 1727 rectum
650 1700 769 1728 videtur.
800 1701 942 1729 Succurrit

153 1742 313 1769 Ammianus
327 1741 361 1769 I8
377 1742 404 1774 9,
420 1743 464 1769 ubi
484 1741 639 1769 Ammidam
663 1746 691 1769 et
716 1743 940 1778 Antoninupolin,

154 1791 273 1817 prorsus
293 1788 322 1811 ut
346 1783 465 1818 scriptor
488 1783 655 1816 Edessenus,
670 1784 764 1811 eodem
790 1789 913 1819 tempore
926 1792 941 1811 a

154 1824 316 1852 Constantio
331 1825 495 1852 instauratas
511 1823 596 1852 fuisse
612 1830 753 1853 memorat.
766 1824 836 1853 Male
851 1826 942 1860 itaque

156 1867 322 1894 Assemanus
336 1865 448 1893 dissert.
467 1865 504 1893 De
523 1864 720 1901 Monophysitis
751 1871 815 1894 tom.
833 1866 853 1894 ΙΙ
870 1866 940 1895 Bibl.

156 1908 262 1936 Orient.
292 1915 324 1934 cx
355 1907 472 1942 Antipoli
497 1907 561 1934 facit
589 1908 829 1946 Anthemtrsiadetn
856 1907 942 1935 Taciti

155 1950 213 1977 sive
230 1949 436 1977 Anthetnusiam
463 1948 589 1982 aliorum,
630 1949 856 1984 reprehenditque
889 1950 942 1978 Ch.

155 1990 314 2023 Ccllarium,
331 1991 377 2025 qui
395 1989 563 2026 Stephanum
587 1990 753 2026 Snidatnque
774 1995 883 2019 secutus
893 1990 943 2019 Ni-

155 2033 313 2068 cephorium
328 2040 344 2060 ιι
357 2033 538 2061 Constantina
557 2033 624 2060 nihil
646 2032 755 2060 diﬂ‘erre
773 2038 845 2061 recte
869 2033 942 2062 aﬂir-

155 2078 286 2102 maverat.
295 2075 397 2102 Aberat
405 2074 439 2101 ad
447 2081 574 2102 occasum
587 2073 687 2102 Nisibis
695 2078 723 2102 et
730 2074 942 2109 septentrionem

155 2117 260 2144 Amidae
279 2116 376 2144 stadiis
391 2116 436 2149 56,
452 2117 475 2144 si
504 2124 564 2151 quae
595 2114 661 2143 Iides
679 2115 838 2151 Theophani
858 2116 944 2145 Chro-

156 2167 232 2194 nogr.
244 2166 272 2195 p.
286 2158 356 2191 ηις
372 2166 432 2193 quae
448 2165 524 2190 sane,
547 2157 596 2186 nisi
608 2157 687 2193 culpa
704 2156 807 2185 recidat
823 2158 850 2185 in
860 2158 942 2186 libra-

156 2201 224 2233 rios,
241 2201 338 2235 exigua
356 2207 417 2228 esse
432 2200 511 2227 debet
526 2208 534 2226 :
549 2199 658 2234 longius
678 2200 752 2227 enim
769 2200 942 2228 intervallum

155 2242 184 2269 in
197 2249 243 2269 eas
257 2242 338 2269 urbes
362 2241 534 2276 interiectum
554 2241 640 2268 fuisse
654 2240 879 2275 Peutingerorum
891 2241 944 2270 Ta-

157 2284 219 2310 bula
230 2287 304 2311 vetat
322 2282 459 2316 dubitare,
478 2283 538 2309 vide
566 2282 648 2310 etiam
666 2282 825 2318 Procopium
851 2282 941 2318 .Edif.

155 2325 256 2352 Justiti.
275 2333 304 2356 II.
317 2325 342 2352 5.

192 2367 260 2394 Ibid.
285 2366 547 2398 Θεοδοσιούπολις.
578 2364 668 2393 Posita
697 2369 756 2393 erat
781 2367 814 2394 ad
843 2365 942 2394 llumen

155 2409 323 2436 Chaborram
339 2407 399 2435 loco
408 2407 523 2435 munito.
538 2407 685 2442 Procopius
699 2406 781 2434 Faor.
797 2407 898 2435 Justin.
911 2417 942 2442 ιι,

156 2452 173 2479 5
192 2459 202 2477 ι
225 2450 446 2481 θεοδοσιούπολις
459 2450 475 2485 ἡ
490 2449 566 2485 παρὰ
594 2449 717 2484 ποταμὸν
735 2449 867 2485 Ἀσόρραν
890 2449 943 2484 γῆς

154 2493 211 2519 τῶν
243 2492 388 2527 Ῥωμαίων
407 2491 630 2527 προσεσλημένη.
660 2490 851 2526 Distinguenda
875 2498 942 2527 ergo

156 2535 190 2562 ab
206 2534 290 2562 altera
305 2533 427 2568 ejusdem
456 2535 499 2560 est
523 2531 643 2560 nominis
669 2533 736 2560 urbe
758 2533 785 2560 iu
803 2532 941 2565 Armenia,

155 2585 208 2603 oua
222 2577 255 2604 de
276 2574 358 2602 Fabr.
375 2574 445 2601 Just.
466 2582 508 2608 ιιι,
524 2574 551 2602 5.

192 2618 259 2645 Ibid.
273 2617 396 2651 Κάρραι.
411 2616 493 2644 IIecte
521 2616 558 2643 ita
571 2615 654 2643 codex
672 2614 873 2650 Lugdunensis.
891 2615 943 2643 Ur-

156 2661 216 2687 bem
226 2659 385 2690 Christiani,
400 2658 472 2692 quod
486 2659 560 2685 cives
575 2658 662 2685 sacris
684 2663 850 2692 paganorum
867 2658 944 2684 dedi-

158 2702 256 2728 tissimi
271 2706 374 2732 essent,
397 2700 531 2735 Ἑλλήνων
565 2699 640 2725 πόλιν
666 2704 806 2726 vocarunt.
825 2698 944 2726 Libellus

158 2743 295 2771 Samuelis
307 2747 334 2770 et
346 2742 513 2778 reliquorum
528 2742 747 2777 presbyterorum
763 2746 858 2780 contra
870 2740 942 2768 Ibam

160 2789 225 2811 tom.
245 2783 281 2811 IX
295 2783 397 2811 Concil.
418 2782 504 2810 Labb.
520 2790 548 2818 p.
576 2782 608 2809 57
633 2792 641 2810 :
665 2783 727 2809 Ὀτι
753 2783 942 2818 ἐχειροτόνησε

160 2824 291 2858 Δανιῆλον
305 2825 351 2850 τὸν
363 2824 444 2851 adeo?)
457 2825 614 2859 ἀδελφιδοῦν
627 2825 775 2851 ἐπισκοτῶν
791 2825 944 2860 τῆςἙλλή-

160 2875 212 2894 νων
227 2865 340 2897 πόλεως.
365 2865 416 2894 Ubi
428 2873 474 2894 eos
486 2865 584 2896 Carras
600 2867 750 2901 intelligere
771 2867 854 2897 libelli
873 2868 944 2903 prin-

668 146 857 178 ADDENDA.
872 158 907 165 —
926 147 959 178 P.
978 148 1236 181 WESSELINGII

992 202 1092 236 cipium
1120 204 1259 231 ostendit:
1274 204 1431 239 Συνήλασεν
1455 204 1539 239 ἡμᾶς,
1569 204 1704 238 inquiunt,
1729 205 1786 232 ἐπὶ

988 243 1069 276 nam
1097 244 1146 280 τὴν
1173 245 1342 280 κατηγορίαν
1371 245 1459 271 ἐλθεῖν
1485 244 1571 272 αὑτοῦ
1598 253 1628 272 τε
1651 246 1698 272 καὶ
1728 246 1786 273 τοῦ

988 285 1104 319 ἀδελφοῦ
1119 286 1203 313 αὑτοῦ
1218 286 1360 322 Δανιήλου,
1373 287 1421 314 καὶ
1435 286 1519 313 αὐτοῦ
1537 287 1688 314 ἐπισκόπου
1702 287 1786 323 1(αρ-

989 326 1080 361 ρήνων
1090 327 1204 360 πόλεως,
1222 328 1329 356 tametsi
1345 328 1414 355 male
1429 328 1543 362 ἁδελφὸς
1560 327 1612 355 Ιιιιε
1624 327 1709 355 frater
1722 329 1784 356 Da-

988 367 1041 394 uiel
1059 373 1179 401 vocetur,
1197 369 1244 403 qui
1257 367 1416 403 ἀδελφιδοῦς
1442 368 1501 396 sive
1519 368 1612 396 fratris
1638 369 1690 397 Ibat-
1704 369 1784 398 ﬁlius

989 408 1047 436 fuit.
1064 409 1146 445 Pejus
1167 417 1231 439 vero
1256 410 1496 438 commonitorium
1512 410 1654 439 Damascio
1665 413 1785 440 tribuno

989 450 1102 478 missum
1121 459 1148 486 p.
1174 452 1210 479 28
1230 452 1361 487 Δανιῆλτιν
1385 453 1433 479 τὸν
1456 452 1655 480 εὖλαϐέστατον
1678 453 1784 489 95069-

988 491 1153 524 σιουπόλιως
1177 493 1327 520 ἐπίσκοπον
1349 497 1489 528 nuncupat
1506 502 1514 520 :
1532 500 1620 527 neque
1636 493 1708 521 enim
1733 495 1786 523 ille

988 532 1280 569 Theodosiopolitanns
1292 534 1344 562 fuit
1357 534 1466 569 przcsul.
1483 534 1531 562 sed
1544 533 1680 568 Joannes;
1691 542 1784 570 quare

987 575 1079 602 verius
1095 578 1201 603 vetusta
1226 576 1375 604 versio.....
1391 579 1415 602 et
1430 575 1565 602 Dauielem
1579 574 1782 603 Carrhenorsmt

987 615 1101 642 civitatis
1130 617 1279 651 episcopum
1303 623 1328 644 et
1362 616 1494 644 Joannem
1534 617 1782 644 reverendiuinntm

990 654 1282 692 Theodosiopolitanum
1296 659 1445 692 episcopum
1459 657 1577 692 praefert.
1592 658 1736 686 Consentit
1752 660 1781 686 in

988 696 1135 725 Carrarum
1152 698 1198 726 illo
1211 699 1290 726 titulo
1301 700 1418 734 scriptor
1434 698 1521 734 Syrus
1531 698 1598 726 Vitta
1618 699 1647 726 S.
1663 698 1783 734 Epitra-

988 738 1038 771 mi,
1051 739 1096 774 qui
1109 743 1176 768 tom.
1194 739 1285 768 lBibl.
1303 741 1408 768 Orient.
1424 749 1450 775 ρ.
1471 741 1502 768 51
1536 740 1571 768 de
1593 741 1702 768 .luIiano
1719 749 1726 766 :
1745 741 1783 768 Et

988 781 1093 808 diuertit
1124 780 1237 814 Carras,
1276 785 1368 809 urbem
1400 790 1565 818 paganorum
1600 783 1783 818 referrentque

987 823 1148 851 simulacris.
1159 823 1226 852 Vide
1242 825 1334 859 itaque
1350 824 1464 852 huccine
1473 824 1568 852 referri
1582 829 1706 859 oporteat
1719 825 1740 852 I.
1751 825 1780 853 8.

987 871 1014 891 c.
1030 864 1126 892 Th.de
1146 864 1260 900 Pagan.,
1273 873 1326 901 qua
1352 865 1525 893 Theodosius
1544 865 1606 893 duci
1630 864 1782 894 Osdroente

988 906 1085 934 scribit
1100 915 1107 934 :
1122 906 1218 935 .Edem
1237 907 1300 934 olim
1329 907 1481 942 frequentite
1506 908 1667 940 dedicatum,
1698 908 1781 935 actui

988 949 1070 975 etiam
1081 949 1179 983 populo
1191 957 1292 984 quoque
1304 957 1478 982 communem,
1499 949 1528 976 in
1553 957 1606 984 qua
1631 949 1782 976 simulacra

988 991 1110 1024 feruntur
1121 991 1218 1026 posita,
1232 991 1298 1017 artis
1313 991 1396 1024 pretio
1406 999 1485 1026 quam
1498 991 1636 1018 divinitate
1645 991 1783 1018 metienda

984 1031 1087 1065 jttgiter
1103 1035 1192 1063 patere
1209 1032 1307 1066 publici
1319 1032 1424 1059 concilii
1435 1032 1780 1060 auctoritaledeceminsus.

988 1072 1052 1100 Mihi
1067 1081 1146 1107 sane,
1158 1075 1264 1102 tametsi
1280 1082 1328 1110 pro
1344 1074 1442 1102 Edessa
1456 1074 1638 1103 Gothofredus
1651 1075 1779 1110 disputa-

988 1115 1068 1147 verit,
1084 1116 1157 1144 aedes
1173 1115 1219 1143 illa
1246 1115 1341 1144 Carris
1372 1116 1458 1145 fuisse
1480 1117 1597 1149 videtur,
1627 1117 1782 1152 prmsertim

988 1157 1060 1193 quod
1080 1157 1221 1192 Edesseni,
1238 1163 1266 1186 ut
1280 1167 1313 1186 ex
1325 1167 1417 1187 eorum
1430 1160 1558 1187 chronico
1568 1159 1681 1194 Syriaco
1692 1164 1781 1194 patet,

988 1200 1141 1228 Theodosio
1182 1200 1345 1235 imperatore
1380 1208 1521 1229 sacrorum
1559 1200 1780 1228 Christianorum

987 1247 1079 1270 essent
1115 1242 1308 1270 studiOsissimi
1344 1247 1426 1277 atque
1457 1251 1471 1269 a
1506 1242 1661 1270 simulacris
1691 1249 1778 1269 aver-

989 1283 1102 1311 sissimi.
1134 1283 1215 1310 Plura
1244 1285 1306 1310 Aut.
1334 1283 1401 1310 Itin.
1439 1293 1466 1319 p.
1493 1283 1545 1312 I93
1569 1289 1597 1311 et
1626 1285 1658 1311 de
1685 1283 1780 1311 Batnis

990 1331 1050 1359 pag.
1066 1324 1127 1352 I90.

1026 1366 1091 1393 Ibid.
1118 1366 1180 1393 Νέα
1205 1368 1364 1394 Βαλεντία.
1391 1367 1541 1402 Nusquam,
1567 1367 1638 1402 quod
1667 1368 1779 1401 quidem

991 1408 1128 1439 recordor.
1142 1408 1211 1435 hanc
1235 1408 1388 1436 Valentiam
1416 1408 1535 1444 reperire
1565 1409 1650 1443 potui.
1668 1408 1781 1436 Videtur

990 1456 1005 1476 e
1019 1450 1138 1477 castellis
1157 1449 1243 1478 fuisse
1252 1458 1313 1485 quae
1325 1450 1455 1484 Euphrati
1470 1451 1637 1478 assidebant.

1026 1491 1093 1519 Ibid.
1108 1492 1320 1525 Λεοντόπολις.
1336 1491 1529 1526 Pmstiteratﬂ
1541 1492 1588 1518 aut
1603 1493 1785 1524 Καλλίνικος,’

990 1533 1126 1569 quomodo
1153 1533 1294 1567 Libanius,
1312 1534 1511 1566 Theodoretus,
1525 1533 1672 1569 Procopius
1697 1540 1779 1570 atque

990 1576 1048 1608 alii,
1061 1576 1116 1609 jam
1132 1581 1195 1603 ante
1210 1577 1243 1603 ad
1255 1576 1317 1603 Ant.
1330 1575 1396 1602 Itin.
1413 1583 1438 1611 p.
1457 1575 1505 1603 191
1521 1575 1659 1611 appellati.
1677 1575 1780 1603 Urbem

991 1617 1155 1644 instauravit
1172 1617 1237 1652 imp.
1252 1617 1306 1644 Leo
1327 1617 1401 1645 circa
1415 1626 1441 1644 ιι.
1457 1617 1519 1650 466,
1549 1624 1654 1652 suoque
1671 1618 1780 1644 nomine

992 1658 1123 1692 insignem
1136 1665 1198 1686 esse
1216 1659 1312 1690 voluit,
1339 1659 1375 1686 uti
1406 1658 1507 1687 Chron.
1534 1659 1673 1686 Edessena
1687 1659 1777 1686 tan-.I

990 1699 1062 1728 Bibl.
1082 1699 1199 1734 0rient.,
1216 1709 1242 1736 p.
1267 1701 1319 1728 405
1342 1702 1532 1736 perscriptum.
1547 1701 1780 1729 AddeASsemano

992 1747 1084 1769 notata
1096 1743 1161 1770 tomi
1174 1743 1233 1777 ejus
1245 1751 1271 1777 p.
1285 1743 1350 1771 258.

1029 1784 1208 1818 lbid.Blp0a.
1234 1784 1306 1812 Virta
1320 1785 1510 1812 munimentum
1534 1785 1609 1812 valde
1638 1791 1780 1817 uetustum,

992 1827 1019 1853 in
1035 1831 1150 1853 extremo
1182 1826 1378 1861 Mesopotantite
1410 1827 1491 1853 situm
1517 1826 1676 1854 Ammianus
1705 1826 1741 1853 20
1763 1827 1780 1853 'I

993 1872 1136 1900 memorat,
1149 1868 1220 1902 quod
1242 1875 1304 1895 cum
1332 1867 1425 1895 Birtba
1436 1868 1559 1895 videatur
1583 1866 1720 1896 Ptolema-i
1746 1870 1780 1894 ad

992 1908 1106 1944 Tigrim,
1120 1914 1211 1937 nostra
1226 1916 1286 1937 esse
1294 1910 1398 1944 nequit.
1409 1909 1491 1937 Forte
1501 1911 1557 1937 lucc
1572 1910 1636 1937 latet
1646 1910 1673 1937 in
1689 1910 1779 1940 Blnla,

993 1951 1036 1978 cui
1053 1950 1079 1977 in
1100 1950 1238 1978 Osdroena
1254 1951 1342 1978 locum
1356 1951 1431 1978 dedit
1453 1951 1557 1978 Notitin
1582 1950 1651 1986 Imp.
1677 1951 1779 1979 Orient.

993 1999 1018 2019 c.
1037 1991 1100 2019 I69.

1029 2033 1097 2062 Ibid.
1119 2033 1266 2068 Ἐπαρχία
1279 2035 1521 2069 Μεσοποταμίας.
1547 2034 1658 2063 Ριωδίάὶ
1674 2043 1780 2070 quoque

995 2079 1070 2110 paret
1079 2075 1106 2102 in
1123 2074 1228 2102 Notitia
1240 2075 1311 2109 Imp.
1337 2075 1441 2103 Orient.
1455 2083 1480 2103 c.
1499 2076 1523 2104 I.
1541 2076 1616 2109 Quod
1639 2084 1703 2104 vero
1727 2085 1781 2104 una

994 2117 1032 2145 illi
1049 2117 1113 2145 urbs
1141 2117 1237 2144 Amida
1257 2118 1349 2150 datur,
1378 2117 1404 2145 id
1426 2125 1461 2145 ne
1491 2118 1609 2145 librariis
1638 2124 1777 2153 acceptum

994 2158 1090 2187 referri
1119 2163 1245 2194 oporteat
1273 2167 1390 2187 vereor:
1415 2165 1493 2187 erant
1521 2161 1619 2195 quippe
1648 2161 1779 2189 Hieroclis

993 2204 1072 2228 aetate
1087 2199 1178 2235 plures
1194 2201 1222 2228 in
1239 2208 1270 2227 ea
1287 2200 1427 2235 provincia
1448 2202 1529 2228 urbes
1546 2207 1573 2228 et
1588 2202 1709 2230 castella.
1729 2202 1778 2229 Da-

993 2249 1039 2269 ras
1059 2242 1140 2276 paqu
1159 2246 1223 2269 ante
1244 2242 1397 2270 muniverat
1428 2242 1493 2276 imp.
1522 2242 1684 2270 Anastasius
1709 2246 1775 2277 apud

993 2282 1137 2319 Evagrium
1156 2282 1192 2310 II.
1212 2282 1245 2311 E.
1261 2283 1278 2310 5
1291 2283 1336 2315 57,
1350 2291 1384 2311 ne
1404 2283 1438 2311 de
1462 2284 1572 2311 arcibus
1597 2285 1696 2317 dicam,
1713 2293 1776 2319 quas

993 2323 1145 2360 Procopius
1157 2324 1190 2352 de
1199 2322 1281 2352 Fabr.
1297 2324 1397 2351 .lusliu.
1411 2333 1440 2358 ιι,
1455 2325 1471 2352 4
1485 2326 1623 2353 describit.

1016 2366 1096 2394 -Ibid.
1111 2366 1224 2400 Ἅμιδα.
1244 2366 1326 2393 Πόλιν
1342 2366 1445 2401 ὀχυρὰν
1461 2367 1511 2401 τῆς
1530 2368 1614 2403 μέσης
1629 2368 1684 2395 τῶν
1702 2377 1779 2396 ποτα-

995 2407 1054 2443 μῶν
1071 2407 1202 2442 Evagrius
1219 2406 1255 2434 II.
1276 2406 1308 2434 Ε.
1336 2408 1354 2435 5
1369 2408 1404 2435 57
1427 2409 1553 2442 appellat.
1583 2409 1670 2436 Situm
1694 2410 1778 2444 signat

993 2449 1153 2477 Ammianus
1171 2448 1202 2476 18
1219 2449 1246 2482 9,
1261 2449 1411 2483 Procopius
1430 2454 1511 2485 atque
1540 2451 1598 2483 alii,
1615 2459 1683 2485 quos
1709 2459 1778 2479 nunc

995 2496 1135 2526 praetereo.
1150 2489 1178 2518 Id
1193 2498 1324 2525 quaeram,
1342 2493 1450 2519 tametsi
1464 2494 1499 2520 ab
1515 2493 1640 2520 instituto
1660 2494 1777 2526 recedat,

995 2540 1124 2561 verumne
1137 2533 1172 2560 sit
1183 2532 1300 2564 Nisibin,
1312 2533 1447 2560 celebrem
1461 2534 1524 2560 olim
1540 2534 1619 2567 hujus
1636 2535 1779 2568 provinciae

995 2574 1101 2606 urbem.
1117 2574 1264 2600 Σιὸἀπολιν
1277 2574 1361 2601 fuisse
1370 2579 1566 2608 nuncupatam.
1581 2575 1654 2603 Abiit
1668 2576 1694 2602 in
1713 2577 1779 2603 hanc

994 2617 1150 2650 opinionem
1167 2617 1198 2643 D.
1215 2616 1415 2651 Papebrochius
1435 2621 1500 2644 tom.
1519 2617 1539 2644 V
1557 2617 1632 2648 ιιιιιι.Ι
1650 2625 1676 2652 p.
1701 2617 1733 2645 15
1745 2617 1779 2645 ad

997 2659 1084 2685 Vitam
1103 2658 1131 2686 S.
1146 2657 1295 2689 Febronite,
1312 2658 1339 2684 in
1361 2658 1438 2691 cuius
1459 2659 1533 2685 Actis
1552 2667 1577 2686 c.
1598 2658 1775 2692 1Σι6άπολις,

994 2701 1056 2735 ἥτις
1067 2700 1183 2726 διέκειτο
1198 2701 1226 2726 ὲν
1237 2700 1321 2735 opim;
1348 2701 1404 2731 τοῖς
1427 2701 1494 2735 πρὸς
1518 2701 1581 2732 coit;
1612 2700 1777 2736 Ἀσσυρίους.

995 2742 1094 2770 Censet
1107 2743 1148 2769 vir
1159 2742 1256 2770 doctus
1270 2741 1401 2777 Syrorum
1414 2749 1540 2770 sermone
1555 2742 1661 2770 Nisibin
1687 2748 1713 2770 et
1734 2742 1776 2770 Si-

996 2784 1102 2819 bapolin
1117 2791 1172 2811 rem
1188 2783 1310 2811 eamdem
1321 2783 1494 2818 signiﬁcare;
1520 2784 1604 2819 quod,
1617 2789 1694 2819 puto,
1712 2793 1777 2811 ιιιιιι-

995 2833 1076 2860 quam
1092 2825 1263 2860 probabitur.
1280 2824 1353 2852 Nihil
1368 2832 1476 2861 quaque
1491 2826 1517 2853 in
1532 2825 1620 2858 Actis,
1637 2827 1708 2852 unde
1733 2825 1778 2853 Ni-

995 2867 1281 2905 sibiniutelligendam
1311 2875 1371 2897 esse
1394 2868 1518 2903 colligas.
1546 2868 1604 2903 Ego
1632 2869 1682 2904 τὴν
1699 2868 1777 2895 Σιϐᾶ-
