1911 3071
142 134 210 168 1175

139 199 280 228 postquam
297 192 410 228 Berytus
433 203 447 220 a
464 194 617 227 Theodosio
631 196 750 223 secundo
763 195 921 229 metropolis

136 240 210 261 esset
229 235 389 267 constituta,
406 241 434 262 ut
456 236 506 263 sibi
534 237 637 263 vicinas
661 238 743 264 urbes
762 237 920 270 subiiceret,

137 276 275 311 impulisse
288 277 403 305 videtur.
418 278 444 304 Id
461 284 592 312 superest,
610 284 639 306 ut
664 280 839 307 honorarium
865 286 920 305 me-

137 318 253 352 tropolin
268 319 405 352 Emesatn,
430 321 481 347 etsi
500 321 591 348 verbis
606 321 708 348 Malalte
733 328 787 348 non
812 320 922 348 satisla-

134 360 198 390 ciat.
217 366 336 387 creatam
354 361 521 395 proﬁtearis.
535 361 680 389 Prarsidem
695 363 759 390 huic
774 362 922 397 pravittcite

134 400 275 435 pra-fuisse
287 401 393 429 Notitia
408 404 471 437 imp.
485 402 518 430 0.
533 411 558 430 c.
575 403 586 430 1
602 404 731 431 ostendit.
743 403 816 431 Cave
831 409 920 430 tamen

134 444 186 470 huc
200 444 304 472 referas
317 453 378 472 cum
395 446 536 473 Paucirolo
547 454 572 472 ρ.
588 447 639 473 112
657 446 768 473 Νοιὶιὶω
780 445 839 478 ejus
853 453 920 479 pra:-

133 485 219 512 sidem
240 487 388 521 provincia:
404 486 562 518 Phoenicia,
578 487 614 514 ad
638 494 718 521 quem
736 486 920 514 Diocletianus

133 526 151 553 Ι.
171 534 201 554 III
215 535 239 554 e.
256 527 294 554 De
306 529 403 555 disert.
426 529 549 563 rescript.
579 533 606 555 et
619 528 815 556 Constantinus
827 528 845 555 l.
859 528 918 555 uni-

133 577 165 595 co
180 576 205 596 c.
223 568 261 597 De
280 570 361 603 form.
377 576 402 597 et
417 571 539 604 imperat.
553 571 652 597 (ubiut.
683 570 801 597 tuittunt.
838 569 862 596 Is
876 574 918 597 to-

133 609 186 636 tius
199 609 354 643 l’hmuices,
369 616 515 645 antequam
533 612 560 637 in
575 611 643 637 duas
658 615 808 643 secaretur,
824 618 917 637 curatn

131 653 232 684 chsit,
250 658 392 687 propterea
407 652 553 680 PHESES
580 651 776 681 PROVINCIAE
803 651 917 679 5ΥΗΙᾹΞ

131 692 285 722 ΡιιοΕΝιο.
301 695 329 721 iit
356 694 533 729 inscriptione
560 694 698 728 Spouiana
714 693 864 720 Miscellan.
889 701 916 727 p.

130 735 194 766 270,
213 744 274 770 qua:
286 736 313 763 in
328 737 421 771 paucis
435 737 542 764 diversa
566 741 594 764 et
607 736 679 764 inter
692 735 831 763 Gudianus
843 744 870 770 p.
884 735 917 762 (i9

132 779 144 803 1
165 777 273 812 ἰυεὶιιιτ,
285 778 446 812 appellatus.

166 819 225 847 Col.
244 819 295 847 153
328 820 465 853 Ἐμισσα.
486 820 589 854 Ἐμισα
601 819 650 854 τῆς
666 819 712 846 τοῦ
730 819 846 846 Λιϐάνου
856 819 917 845 Φοι-

130 860 209 896 νίκης
227 861 314 893 πόλις.
332 860 358 889 J.
382 861 485 889 Malalte
507 865 574 888 toni.
600 861 621 894 Ι,
649 869 675 896 p.
692 861 752 888 591.
773 859 838 888 Vide
854 860 915 887 Ant.

129 902 194 929 Itin.
206 911 231 936 ιι.
250 901 311 930 188.

165 943 234 971 Ibid.
255 943 424 970 Λαοδίκεια.
450 943 585 971 Laodicea
601 948 643 971 est
668 945 702 970 ad
722 943 865 975 Libanum,
883 942 916 969 de

129 992 182 1019 qua
196 985 258 1011 Aul.
279 984 346 1011 Itin.
366 991 392 1018 ιι.
407 984 468 1011 198.

165 1025 233 1052 Ibid.
256 1026 423 1059 Δαμασκός.
438 1025 588 1053 Provinciae
605 1030 664 1053 erat
678 1024 845 1059 metropolis.
863 1032 915 1051 un-

130 1067 164 1094 de
181 1066 343 1094 Theodorus
358 1067 504 1102 episcopus
521 1067 571 1102 τῆς
599 1066 792 1102 μητροπόλεως
805 1067 915 1100 Δαμαση

130 1108 180 1135 κοῦ
198 1108 224 1136 iu
240 1108 409 1136 Chalcedon.
427 1109 526 1136 concil.
546 1117 572 1142 p.
590 1108 652 1140 676,
676 1112 703 1135 et
720 1108 746 1134 itt
763 1107 838 1134 Actis
853 1107 913 1134 Ste-

129 1150 211 1184 phani
234 1148 351 1177 Sabaitae
367 1158 392 1177 c.
409 1150 427 1177 6
444 1155 508 1177 tum.
523 1149 555 1176 Ill
571 1149 624 1176 Jul.
641 1158 666 1184 ιι.
685 1148 765 1183 5551]
781 1148 915 1182 ἐπίσημος

129 1192 177 1219 καὶ
195 1191 388 1226 πανευδαίμων
412 1191 589 1226 μητρόπολις.
607 1191 685 1218 Plura
697 1191 773 1218 aiias.

165 1232 234 1260 Ibid.
262 1233 463 1266 Ἡλιούπολις,
480 1233 637 1260 Diutissitne
655 1232 735 1266 hujus
750 1233 823 1260 cives
834 1239 916 1267 paga-

128 1275 197 1302 nica:
218 1273 404 1309 superstitioni
423 1274 594 1301 studuerunt.
611 1273 679 1301 Urbs
700 1274 756 1307 ipsa
773 1273 915 1300 altissimis

131 1315 268 1344 montibus
281 1315 401 1350 undique
415 1319 474 1342 erat
489 1316 620 1342 incincta.
634 1314 700 1342 Vide
714 1315 915 1342 'l‘beodoretum

129 1357 168 1386 11.
186 1357 219 1386 E.
234 1365 272 1392 tv,
289 1356 336 1390 22,
353 1364 379 1392 p.
392 1357 453 1389 i83,
467 1361 493 1384 et
509 1358 570 1384 Aut.
588 1357 650 1384 Itin.
666 1365 692 1392 p.
710 1357 769 1389 I89,
787 1356 830 1384 ubi
841 1360 867 1384 et
882 1356 916 1384 de

127 1399 216 1427 Abila.

165 1441 232 1469 Ibid.
246 1442 402 1476 Παλμύρα.
418 1441 598 1474 Theophanes
609 1441 686 1468 πόλιν
695 1441 822 1476 Φοινίκης
832 1440 916 1467 Διδα-

128 1483 217 1514 vncla;
236 1482 384 1518 Chronagr.
409 1491 435 1516 p.
454 1483 515 1515 148,
540 1481 690 1517 Procopius
717 1483 751 1509 de
777 1481 862 1508 Fabr.
884 1490 913 1514 η,

127 1526 158 1551 11
175 1524 302 1560 Φοινίκης
318 1524 366 1559 τῆς
383 1524 460 1558 παρὰ
479 1525 606 1556 Λίϐανον,
632 1529 660 1551 et
680 1523 714 1550 ab
738 1524 802 1558 imp.
829 1522 915 1550 Justi-

129 1565 212 1592 niano
222 1565 400 1592 instauratam
410 1564 510 1599 prodit.
521 1563 658 1591 Palladius
675 1563 725 1590 l’it.
735 1563 914 1598 Chrysostom.

129 1615 157 1641 ι).
176 1606 229 1634 194
244 1605 394 1641 Παλμύραν
415 1605 446 1633 τὸ
471 1605 526 1632 τῶν
542 1605 656 1640 Περσῶν
677 1604 818 1640 φρούριον,
843 1605 914 1639 quod

128 1648 162 1674 ad
183 1645 282 1674 Persas
299 1646 512 1681 compescendos
525 1645 744 1674 commodissima
767 1650 848 1677 esset,
866 1653 914 1680 ap-

129 1687 223 1722 pellat,
236 1687 272 1715 80
293 1687 328 1714 bl.
348 1686 378 1714 P.
403 1687 499 1715 Emesa
516 1694 669 1715 removens.
685 1686 748 1714 Fuit
770 1686 863 1720 itaque
887 1687 913 1713 in

131 1729 229 1756 tiuibus
243 1727 373 1756 Romanae
390 1728 559 1763 Persicaeque
574 1729 696 1761 ditionis,
711 1735 761 1755 nec
786 1728 865 1763 longe
880 1728 914 1754 ab

128 1772 280 1806 Euphrate,
304 1776 334 1798 ut
359 1771 498 1806 Appianus
512 1770 544 1798 Β.
569 1769 648 1798 Civil.
664 1770 681 1798 5
697 1778 723 1804 p.
740 1769 810 1797 l079
824 1774 916 1797 osten-

128 1815 179 1841 dit.
195 1813 285 1846 Quare
303 1812 434 1847 Ulpienus
457 1813 476 1840 I.
495 1812 508 1839 1
528 1813 560 1840 D.
583 1813 617 1840 de
638 1812 747 1840 Censib.
771 1811 786 1848 ς
802 1812 818 1839 5
832 1819 914 1846 prope

128 1855 264 1883 barbaras
278 1860 374 1889 gentes
385 1859 413 1882 et
424 1855 549 1882 nationes
560 1854 719 1882 collocatam
733 1855 760 1881 in
774 1854 914 1888 provincia

130 1897 258 1925 I'hteniee
286 1897 344 1930 ait,
375 1897 495 1930 gentium
527 1899 555 1923 et
586 1896 726 1923 nationum
758 1895 914 1923 nominibus

128 1940 234 1967 vicinos
247 1939 362 1972 Arabes,
373 1937 489 1965 Parthos
500 1943 667 1972 exterasque
680 1937 738 1972 ejus
747 1944 801 1964 ora:
811 1936 914 1964 Barba-

129 1989 175 2009 ros
188 1981 356 2016 eomplexus.
371 1981 467 2008 Cicero
489 1981 516 2007 in
536 1980 618 2007 simili
635 1987 663 2006 re
677 1986 759 2007 voces
776 1978 865 2014 jungit
882 1979 915 2006 de

128 2023 257 2050 Provinc.
274 2021 379 2050 consul.
396 2029 420 2049 c.
441 2029 466 2049 ut
485 2031 491 2049 :
507 2021 682 2049 Cetebrantur
698 2029 775 2048 nares
796 2021 915 2055 quotidie

127 2073 194 2092 tum
215 2063 287 2091 novis
308 2063 457 2090 nominibus
472 2063 599 2098 gentium,
618 2063 768 2092 nationum.
784 2061 913 2090 locorum.

128 2112 194 2135 etc.
217 2113 266 2133 xtn
286 2113 294 2132 :
313 2103 421 2132 Caetera:
442 2109 529 2138 partes
554 2113 570 2131 a
590 2104 708 2139 gentibus
730 2107 776 2130 aut
798 2103 913 2130 inimicis

129 2147 192 2174 huic
206 2147 315 2181 imperio
331 2150 377 2173 aut
398 2146 487 2179 inﬁdis
502 2150 548 2172 aut
563 2146 705 2181 incognitis
720 2150 766 2172 aut
781 2150 849 2172 certe
863 2146 914 2172 im-

129 2189 250 2216 manibus
272 2192 297 2215 et
321 2187 441 2214 barbaris
465 2192 490 2214 et
507 2187 637 2214 bellicosis
663 2189 833 2219 tenebantur;
848 2195 914 2221 quas

130 2231 249 2257 nationes
265 2236 340 2257 nemo
357 2237 473 2262 unquam
488 2229 540 2263 fuit
553 2229 597 2263 qui
620 2237 672 2255 non
694 2228 781 2263 fungi
797 2229 913 2256 domari-

127 2280 178 2305 quc
191 2275 306 2303 cuperet.
323 2269 415 2304 Neque
429 2270 509 2297 aliter
527 2269 642 2297 Velleius
653 2277 685 2302 ιι,
698 2270 750 2297 110
766 2279 773 2297 :
788 2268 911 2297 Gentium

127 2313 325 2346 nationumque,
339 2319 398 2345 qua:
411 2311 611 2344 rebellauerant,
621 2311 706 2338 omnis
721 2318 844 2337 numerus
855 2319 913 2338 am-

127 2353 199 2386 plius
214 2352 267 2380 800
282 2352 366 2379 millia
387 2352 516 2386 explebat.
532 2352 597 2379 Vide
616 2356 643 2379 tt
657 2360 681 2379 c.
697 2351 732 2379 98
749 2355 777 2379 et
791 2351 912 2380 Curtium

127 2395 154 2421 ili
174 2394 295 2422 Sallustii
315 2394 426 2422 Catilin.
441 2402 466 2421 c.
485 2394 528 2420 10.

164 2436 234 2464 Ibid.
251 2437 467 2470 Παλαιστίνης.
487 2435 593 2463 Excidit
609 2435 721 2471 πρώτης
739 2444 747 2463 ;
769 2440 825 2464 tres
839 2435 912 2463 enim

127 2479 224 2506 ordine
244 2483 422 2506 recensentur
441 2477 612 2508 Palaestinae.
640 2485 755 2511 quarum
787 2483 815 2504 ct
843 2478 910 2512 imp.

126 2519 296 2548 Theodosius
313 2521 340 2546 in
371 2520 388 2546 I.
412 2519 446 2546 50
475 2527 499 2546 (ι.
523 2519 575 2545 ΤΙι.
591 2519 623 2545 de
651 2518 761 2552 Erogat.
789 2519 867 2546 milit.
885 2524 912 2547 et

128 2561 233 2589 Natitia
249 2562 311 2595 imp.
331 2560 432 2588 Orient.
454 2567 479 2587 c.
496 2568 503 2587 l
527 2560 664 2592 meminit;
681 2568 741 2595 qua:
757 2567 799 2587 res
817 2568 911 2595 parum

126 2602 316 2630 animadversa
337 2609 408 2637 saepe
425 2602 522 2634 doctis,
545 2609 613 2635 quos
642 2600 700 2628 Jac.
731 2601 912 2630 Rhenl‘erdius

125 2646 234 2672 dissert.
252 2644 272 2671 il
298 2646 326 2672 in
344 2644 442 2672 Euseb.
468 2643 604 2672 Onomast.
638 2651 665 2677 p.
686 2643 739 2671 788
766 2644 800 2671 ab
818 2651 912 2672 errore

124 2694 258 2715 revocare
282 2686 395 2714 adnisus
417 2689 474 2718 est,
487 2686 623 2721 negotium
642 2685 792 2714 iacessivit.
807 2685 912 2714 Junclte

126 2728 202 2755 luere
216 2730 250 2756 ad
267 2728 376 2756 Arcadii
401 2734 487 2763 usque
504 2731 626 2762 tempora
653 2736 661 2754 :
693 2734 754 2755 nam
774 2729 846 2763 quod
868 2728 911 2756 Jo.

126 2769 222 2797 Mal-ala
238 2776 304 2797 tom.
323 2769 355 2802 Il,
371 2777 399 2804 p.
417 2769 447 2802 5,
469 2768 676 2797 Constantinum
690 2768 724 2796 bl.
739 2769 911 2798 Palaestinam

127 2809 234 2836 tertiam
253 2809 419 2844 provinciam
442 2810 618 2838 constituisse
636 2815 785 2844 asseverat,
808 2811 835 2838 id
850 2811 911 2839 Ilie-

128 2856 258 2883 ronymus
274 2849 376 2884 Quam.
390 2852 416 2878 in
433 2849 563 2889 Gortuae.
580 2852 611 2880 2i
629 2852 767 2888 convellit,
782 2857 844 2882 ante
854 2861 907 2883 non

647 139 837 170 ADDENDA.
854 151 888 157 --
906 139 938 169 Ρ.
958 140 1214 171 WESSELINGII

1690 141 1760 174 1176

976 196 1079 230 grande
1098 202 1204 232 tempus
1222 197 1395 226 Palaestinam
1411 198 1577 231 Salutarem,
1594 206 1655 233 qua
1665 201 1763 227 eadem

974 244 1006 264 ae
1034 239 1125 270 tertia,
1148 246 1181 266 ex
1204 240 1337 267 divisione
1354 240 1500 275 praesidum
1524 247 1586 268 esse
1609 240 1712 267 factam
1741 246 1770 268 et

973 279 1074 306 dictam
1090 280 1239 308 allirmans.
1260 281 1333 308 Idem
1349 286 1375 310 et
1390 282 1455 309 hine
1472 282 1682 314 statuminatur,
1692 283 1767 317 quod

973 321 1063 349 omnis
1077 321 1223 350 Palestina
1240 323 1292 351 sub
1312 323 1468 351 Theodosio
1488 322 1524 351 Ill.
1543 324 1588 350 uiti
1605 323 1765 357 proconsuli

974 364 1105 396 paruerit,
1127 364 1358 398 quemadmodum
1384 373 1417 393 ex
1443 365 1553 393 Zosimo
1583 365 1600 392 4
1615 365 1645 391 41
1666 365 1766 399 liquet.

978 403 1041 431 Vide
1053 403 1085 431 H.
1103 404 1237 432 Norisium
1251 406 1316 433 diu.
1334 413 1350 432 v
1367 408 1399 433 de
1411 407 1510 442 Epoclt.
1530 413 1555 440 p.
1572 406 1635 434 £74.
1654 407 1767 434 Consu-

971 445 1036 471 Iaris
1063 444 1211 473 Palaestinae
1229 448 1323 480 prima
1352 452 1395 474 est
1413 449 1439 475 in
1458 447 1547 475 Nam.
1565 447 1631 482 imp.
1649 446 1760 474 Orient.

971 493 996 513 c.
1013 486 1024 512 1
1055 492 1082 513 et
1104 488 1174 522 apud
1192 488 1339 515 Palladiqu
1355 488 1455 516 Hister.
1473 488 1601 516 Lauriuc.
1615 496 1641 515 c.
1656 488 1702 515 65.

1008 527 1076 554 Ibid.
1088 528 1120 554 C.
1136 528 1309 563 Καισάρεια.
1326 528 1488 565 lletropoliu
1516 529 1598 563 hujus
1610 529 1762 563 provincia

971 575 1058 595 canon
1072 568 1087 594 7
1096 569 1199 597 Nicami
1211 571 1290 605 primi
1300 572 1371 606 apud
1381 570 1557 606 Beveregium
1568 574 1635 597 tom.
1650 569 1670 603 Ι,
1680 578 1708 605 p.
1721 570 1758 598 68

970 615 996 636 et
1007 609 1187 647 Hieronymus
1201 613 1230 640 in
1242 613 1321 648 epist.
1330 613 1364 640 ad
1375 612 1583 640 Pammachium
1594 617 1760 647 agnoscunt;

971 660 1032 686 quae
1049 654 1165 688 dignitas
1179 655 1239 682 urbi
1256 655 1364 688 mansit,
1380 660 1522 690 postquam
1539 659 1595 682 tres
1609 655 1761 683 Palestina

970 694 1098 728 episcopo
1115 695 1360 731 llierosolymitano
1377 697 1405 724 in
1419 696 1529 732 Synodo
1543 696 1760 724 Chalcedonensi

971 740 1036 762 tom.
1065 735 1112 768 IX,
1132 745 1159 771 p.
1173 736 1201 770 2,
1218 738 1342 771 subditae,
1360 743 1442 772 atque
1456 737 1544 765 eidem
1559 737 1621 772 jura
1642 737 1761 771 patriar-

970 778 1058 804 Lhalia
1077 779 1185 806 luerunt
1201 784 1291 812 aucta,
1310 781 1347 806 uti
1361 779 1472 807 Novella
1487 779 1540 807 105
1549 779 1686 807 ostendit.

1004 818 1071 846 Ibid.
1092 819 1184 854 Δῶρα.
1205 821 1359 855 Stephanus
1375 822 1543 848 maritimam
1568 822 1638 848 hanc
1661 822 1758 848 urbem

969 861 1077 894 egregie
1093 862 1211 889 illustrat
1226 862 1253 889 in
1269 862 1370 897 Δῶρος.
1392 862 1468 890 Adde
1482 862 1514 890 H.
1532 862 1683 889 Relandum
1700 860 1759 889 Pu-

969 901 1036 928 tant.
1052 910 1082 930 III
1107 911 1134 937 p.
1152 903 1205 931 739
1219 908 1247 931 et
1264 903 1402 931 Probabil.
1419 909 1577 931 nostrorum
1594 911 1619 930 c.
1637 902 1685 930 25.

1005 943 1072 970 Ibid.
1100 945 1272 978 Διόσπολις.
1297 944 1391 980 Lydda
1411 951 1464 972 est.
1481 944 1600 979 Cyrillus
1627 944 1757 972 Hieroso-

968 983 1114 1019 lymitauus
1125 986 1235 1013 Catech.
1259 987 1304 1018 17,
1324 994 1351 1021 p.
1370 986 1423 1013 204
1442 995 1449 1013 :
1468 986 1557 1013 Λύδδα
1572 987 1588 1020 ὴ
1611 985 1658 1012 νῦν
1678 986 1758 1012 Διόσ-

967 1026 1055 1058 πολις.
1069 1026 1134 1054 Vide
1153 1026 1219 1054 ltin.
1239 1026 1275 1054 Η.
1291 1036 1318 1062 p.
1334 1027 1398 1060 600,
1413 1027 1458 1055 ubi
1473 1032 1501 1055 et
1515 1028 1548 1055 de
1567 1027 1754 1062 Antipatride.

1003 1067 1071 1095 Ibid.
1095 1068 1219 1102 ’Ἄζωτος
1245 1069 1403 1104 παράλιος.
1427 1069 1564 1104 Duplicem
1582 1070 1712 1102 Azotutn,
1729 1070 1753 1096 si

968 1109 1087 1137 Notitias
1100 1111 1254 1145 exeeperis,
1268 1111 1311 1138 vix
1325 1111 1389 1139 alibi
1406 1111 1537 1146 reperies.
1557 1110 1668 1138 Videtur
1682 1111 1756 1137 Azo-

968 1155 1011 1178 tus
1024 1151 1221 1179 mediterranea
1236 1160 1267 1179 ea
1282 1159 1343 1179 esse
1368 1152 1445 1186 cujus
1465 1159 1550 1180 sacrze
1562 1151 1682 1183 Litterae.
1701 1151 1756 1178 He-

967 1192 1090 1224 rodotus.
1111 1191 1259 1225 Diodorus,
1280 1192 1416 1228 Josephus
1441 1198 1523 1228 atque
1545 1192 1593 1220 alii
1620 1194 1756 1220 memine-

967 1237 1038 1262 runt.
1056 1234 1148 1262 Posita
1167 1235 1213 1262 illa
1232 1243 1285 1262 non
1314 1235 1392 1270 longe
1414 1243 1429 1262 a
1453 1235 1521 1262 mari
1551 1240 1621 1266 erat,
1640 1242 1690 1262 nec
1715 1235 1755 1263 illi

967 1280 1056 1303 tamen
1068 1275 1173 1311 juncta.
1188 1275 1323 1312 Josephus
1336 1276 1399 1304 inde
1416 1276 1448 1304 Β.
1460 1277 1482 1304 I.
1500 1276 1510 1303 l
1526 1277 1541 1303 Ἰ
1558 1276 1571 1312 §
1588 1276 1603 1303 7
1617 1277 1688 1303 inter
1704 1277 1756 1308 τὰς

966 1318 995 1345 ὲν
1009 1318 1042 1353 τῇ
1057 1318 1193 1352 μεσογείῳ
1208 1318 1302 1350 πόλεις
1318 1321 1451 1351 recenset,
1477 1323 1506 1345 et
1525 1318 1576 1350 τὰς
1603 1317 1755 1352 παραλίους

965 1360 1001 1387 ab
1013 1367 1045 1387 ea
1060 1360 1215 1395 distinguit.
1228 1359 1302 1387 Idem
1315 1359 1380 1388 facit
1395 1359 1480 1388 Wilh.
1492 1358 1593 1395 Tyrius
1605 1359 1678 1386 Hist.
1690 1359 1756 1386 Ilie-

968 1409 1020 1428 ros.
1037 1409 1087 1431 xu.
1099 1401 1116 1427 6
1127 1405 1155 1428 et
1167 1408 1212 1433 xv,
1230 1400 1276 1428 24.
1287 1399 1342 1428 Nec
1355 1401 1500 1428 dissentire
1512 1401 1618 1428 videtur
1633 1400 1755 1428 Fulche-

969 1442 1025 1470 rius
1039 1441 1215 1470 Carnotensis
1234 1449 1260 1469 c.
1276 1442 1323 1475 52,
1339 1442 1387 1477 qui
1402 1446 1533 1477 praeterea
1552 1450 1603 1470 suo
1633 1447 1754 1477 tempore

968 1484 1055 1510 νὶωιη
1082 1482 1177 1515 fuisse,
1204 1489 1285 1518 quam
1302 1483 1414 1511 lbenum
1434 1483 1568 1518 indigenae
1595 1484 1725 1511 vocabant
1744 1492 1751 1509 :

967 1525 1036 1553 forte
1049 1525 1071 1552 is
1086 1533 1140 1553 non
1158 1525 1228 1552 alius
1247 1530 1289 1553 est
1313 1532 1345 1553 ac
1373 1525 1469 1558 lebna,
1497 1525 1542 1559 qui
1570 1524 1606 1552 H.
1631 1524 1754 1553 Rclando

968 1565 1084 1593 Patwst.
1100 1574 1131 1593 III
1151 1574 1178 1601 p.
1194 1566 1246 1595 608
1268 1566 1402 1594 molestus
1417 1566 1479 1594 fuit.
1496 1565 1631 1594 Maritima
1651 1567 1754 1593 Aaotus

970 1608 1069 1642 prioris
1083 1614 1144 1635 esse
1165 1612 1259 1642 portus
1272 1608 1360 1642 potuit
1377 1617 1385 1635 :
1402 1607 1537 1642 quomodo
1555 1607 1681 1638 Ascalon.
1699 1608 1751 1635 etsi

966 1649 1034 1676 mari
1047 1653 1179 1684 praetenta
1189 1649 1259 1683 apud
1269 1648 1352 1676 Wilh.
1364 1648 1477 1684 Tyrium
1487 1656 1544 1677 xvn
1553 1648 1598 1681 22,
1610 1656 1689 1676 suum
1698 1648 1752 1676 sibi

966 1694 1072 1725 portutn
1089 1690 1196 1723 habuit,
1216 1691 1345 1726 episcopo
1359 1698 1438 1726 ibun
1461 1698 1494 1718 ac
1517 1690 1633 1718 Ascalon
1658 1689 1752 1724 subje-

966 1735 1041 1758 ctum
1057 1740 1064 1758 :
1085 1731 1234 1759 subscribit
1250 1732 1322 1759 enim
1346 1732 1479 1767 rescripto
1491 1730 1605 1759 Joannis
1621 1729 1752 1759 Hieroso-

966 1772 1089 1807 lymitaui
1112 1773 1146 1800 ad
1172 1772 1304 1800 Joannem
1332 1771 1542 1807 Constantinop.
1568 1776 1595 1800 et
1618 1771 1753 1799 Antonius

966 1813 1126 1841 Ascalonius
1138 1819 1165 1842 et
1177 1813 1333 1848 Stephanus
1344 1813 1468 1848 Majuma
1480 1813 1621 1842 Ascalouis
1633 1818 1698 1841 tom.
1711 1811 1751 1840 XI

965 1855 1067 1882 Concil.
1085 1854 1169 1882 Labb.
1180 1862 1208 1889 p.
1224 1854 1287 1883 376.
1303 1854 1420 1889 Majuma
1436 1860 1526 1882 autem
1536 1854 1678 1882 Asealouis
1689 1854 1752 1888 ejus

965 1902 1060 1932 portus
1073 1901 1115 1924 est
1128 1900 1157 1923 ut
1171 1895 1286 1930 Majuma
1303 1896 1469 1924 Gazeusium
1488 1901 1514 1924 et
1537 1895 1653 1931 blajuma
1667 1894 1752 1923 Alex-

965 1939 1078 1971 andriae,
1092 1945 1172 1973 quam
1192 1938 1271 1971 alias,
1292 1939 1424 1965 hactenus
1449 1939 1540 1966 minus
1563 1942 1665 1969 notam,
1689 1936 1753 1964 illu-

965 1980 1068 2007 strabo.
1094 1979 1132 2007 De
1159 1978 1362 2014 Eleutheropoli
1378 1984 1407 2007 et
1425 1979 1541 2012 caeteris,
1553 1985 1622 2014 quas
1634 1977 1753 2005 intactas

966 2026 1107 2057 praetereo,
1126 2021 1185 2048 vide
1202 2020 1235 2048 R.
1254 2020 1415 2048 Relandum.

1001 2062 1068 2090 Ibid.
1075 2063 1164 2090 Aula
1173 2062 1251 2096 ή-κιιὶ
1258 2063 1458 2097 Ἰεροσόλυμα.
1472 2062 1554 2090 ﬂecte
1566 2062 1603 2090 ita
1615 2069 1667 2090 ms.
1677 2060 1752 2095 Lug-

965 2104 1106 2133 dunensis.
1121 2104 1200 2131 Elite
1214 2112 1311 2132 nomen
1321 2104 1474 2132 diutissime
1486 2102 1681 2138 Hierosolymis
1696 2103 1753 2130 Ine-

965 2148 1011 2174 sit.
1036 2146 1155 2174 Joannes
1181 2146 1392 2182 lihrysostomus
1406 2150 1478 2173 orat.
1499 2145 1516 2173 5
1539 2145 1566 2173 in
1586 2143 1696 2172 Judaos
1721 2152 1751 2178 p.

965 2187 1019 2215 645
1031 2188 1075 2215 ed.
1090 2194 1187 2215 novae:
1215 2187 1324 2222 Ἐπειδὴ
1351 2188 1406 2222 γὰρ
1431 2187 1524 2218 Αἴλιος
1552 2188 1567 2213 ὁ
1610 2185 1753 2221 Ἁδριανὸς

966 2228 1162 2264 ἐχρημάτισεν,
1178 2228 1251 2255 οὕτω
1264 2228 1312 2255 καὶ
1321 2228 1370 2264 τὴν
1382 2227 1459 2255 πόλιν
1467 2227 1608 2254 καλεῖσθαι
1623 2227 1753 2262 ἐνομοθὲ-

964 2278 1058 2306 τησεν,
1075 2270 1181 2297 ἐκεῖθεν
1193 2278 1223 2296 τε
1238 2269 1318 2296 Allia.
1336 2269 1419 2304 μέχρι
1435 2269 1482 2295 καὶ
1503 2268 1551 2296 νῦν
1572 2268 1748 2304 ὀνομάζεται.

965 2311 1058 2345 Plura,
1072 2319 1134 2347 qua:
1154 2312 1182 2339 in
1205 2310 1355 2339 Justiniaui
1371 2317 1458 2345 usque
1479 2315 1586 2337 aetatem
1609 2317 1670 2337 eum
1688 2310 1750 2337 urbi

964 2353 1072 2382 titulum
1087 2355 1200 2381 durasse
1215 2352 1360 2385 aﬂirmant.
1373 2352 1535 2386 Beveregius
1549 2351 1576 2379 in
1595 2358 1657 2379 ean.
1671 2350 1686 2377 'l
1699 2350 1750 2378 Ni-

964 2396 1033 2423 meni
1048 2396 1128 2430 primi
1147 2394 1330 2422 coacervavit.
1342 2394 1418 2422 Adde
1431 2393 1523 2421 Vales.
1549 2393 1576 2420 in
1593 2392 1694 2420 Euseb.
1710 2393 1748 2420 Η.

965 2436 999 2464 Ε.
1016 2444 1065 2469 vn,
1081 2436 1107 2464 5.

1001 2478 1069 2505 Ibid.
1092 2477 1204 2509 Δισιὰς.
1218 2477 1286 2504 Olim
1302 2476 1457 2509 Betharam,
1474 2479 1542 2504 teste
1559 2474 1688 2506 Eusebio.
1700 2478 1751 2502 sed

966 2522 993 2548 in
1016 2520 1099 2547 Liviae
1127 2521 1257 2555 Augusta).
1273 2519 1403 2546 honorem
1419 2525 1490 2545 novo
1512 2517 1589 2544 titulo
1610 2517 1750 2544 decorata.

966 2562 1049 2589 Erant
1063 2562 1135 2588 circa
1150 2569 1221 2593 eam,
1242 2565 1316 2587 trans
1332 2558 1478 2586 Jordanem
1502 2563 1528 2585 et
1550 2558 1584 2584 12
1599 2557 1635 2585 Μ,
1659 2557 1690 2584 Ρ.
1714 2558 1750 2584 ab

965 2603 1140 2631 lIierichttnte
1164 2603 1289 2637 positam,
1313 2602 1406 2628 balnea
1429 2607 1560 2635 aquarum
1588 2599 1749 2626 calidarum.

963 2645 1112 2680 Gregorius
1132 2644 1298 2671 Turonensis
1313 2642 1438 2669 Miracul.
1458 2649 1480 2675 ι,
1496 2642 1528 2668 18
1543 2649 1549 2667 :
1564 2640 1632 2668 Sunt
1657 2644 1748 2667 autem

963 2693 989 2715 et
1003 2688 1037 2714 ad
1055 2686 1166 2713 Liviada
1187 2686 1319 2712 ciuitatem
1335 2692 1410 2719 aquis
1426 2683 1531 2714 calidw,
1544 2684 1571 2709 in
1586 2682 1681 2717 quibus
1697 2681 1748 2708 Je-

963 2737 1009 2757 sus
1032 2728 1210 2756 Nauelavare
1228 2727 1323 2753 solitus
1334 2729 1412 2757 erat;
1433 2724 1477 2751 ubi
1503 2723 1628 2751 similiter
1650 2723 1748 2757 “prosi

964 2771 1137 2798 "tunduntur.
1156 2767 1302 2796 Euautem
1322 2767 1353 2793 ab
1371 2765 1477 2794 Jericlto
1506 2765 1643 2792 duodecim
1664 2764 1748 2790 milli-

964 2813 1021 2840 lms.
1037 2812 1089 2844 Qui
1106 2811 1180 2838 locus
1199 2810 1279 2837 situm
1295 2809 1401 2843 egregie
1419 2808 1520 2835 lirmat.

1001 2853 1068 2883 Ibid.
1088 2852 1234 2886 Σεϐαστή.
1260 2851 1357 2880 Urbem
1386 2851 1455 2878 hanc
1476 2849 1502 2878 in
1527 2847 1747 2878 Trat'ltonitidetn

1811 327 1829 337 ἡ
