1911 3071
156 154 224 187 1177

158 215 354 243 transportavit
369 214 394 244 J.
413 215 509 243 Malala
525 219 594 252 apttd
613 217 638 246 .I.
655 218 848 246 Datnascenum
868 223 937 246 orat.

151 253 171 281 3
183 262 209 289 p.
224 255 287 286 568.
300 256 344 284 ubi
358 256 393 285 de
407 257 510 285 Joanne
524 257 646 293 Baptista
658 266 666 286 :
678 260 733 287 Καὶ
747 261 884 295 ἀπέτεμεν
896 261 941 286 αὺ-

150 297 201 323 τὸν
222 298 345 333 Ἡρώδης
361 298 376 325 6
397 300 549 336 τοπάρχης,
561 302 600 333 είς
611 301 642 328 τδ
656 302 795 336 βασίλειον
808 303 858 338 τῆς
869 303 941 337 Τρα-

152 338 295 374 χωνίτιδος
305 340 407 376 χώρας,
418 341 448 367 ὲν
462 341 584 378 Σεϐαστῇ
598 345 631 379 τῇ
643 343 729 371 πόλει.
742 344 824 371 Paulo
834 344 938 377 melius,

154 387 207 407 nec
234 385 323 408 tamen
358 383 418 410 sine
446 390 549 416 errore,
580 384 605 411 in
642 385 793 413 Chilmeadi
824 385 940 412 editione

155 422 243 450 tnm.I
260 431 287 458 p.
300 424 353 451 505
364 424 464 459 legitur
477 427 491 452 6
511 425 634 461 Ἡρώδης
645 428 659 453 6
671 426 809 462 βασιλεὺς,
818 427 833 453 6
845 426 939 453 Φιλίπ-

152 472 218 501 που,
237 465 252 491 6
272 466 418 501 τοπαρχῶν
427 466 486 502 ἢτοι
499 467 650 502 βασιλεύων
656 469 706 503 τῆς
715 468 915 505 Τραχωνίτιδος
932 479 937 496 :

154 512 245 540 neque
260 507 332 534 enim
348 507 467 536 Herodes
480 508 678 542 Trachonitidl,
694 515 723 537 ut
738 511 807 538 bene
832 510 876 536 vir
890 510 939 536 do-

152 553 229 580 etus,
242 548 366 582 praefuit;
382 553 410 577 et
429 550 472 577 cui
489 550 560 578 bono
574 552 588 578 6
603 551 731 586 βασιλεὺς
754 551 769 578 6
795 549 940 586 τοΜρχῶν

155 588 217 622 ἦτοι
233 588 382 624 βασιλεύων
397 592 615 619 coacervantur?
641 592 712 620 forte
725 600 757 620 ex
774 591 940 619 Damasceno

152 629 192 656 ita
211 631 368 666 retingenda
381 633 471 660 omnia
483 642 490 661 :
508 634 632 669 Ἡρώδης
644 634 658 660 6
671 635 811 670 τοπάρχης
822 635 880 670 ἦτοι
892 634 940 669 βα-

153 671 270 698 σιλεύων
285 673 334 708 τῆς
346 674 555 709 Τραχωνίτιδος,
571 684 598 702 κ.
610 675 648 709 λ.;
665 683 719 710 quo
733 676 843 710 quidem
860 676 940 703 modo

152 713 258 740 erroris
280 721 333 741 non
360 715 511 743 absolvitur
546 715 665 744 Joannes
679 737 687 749 .
709 717 824 752 eripitur
850 722 938 744 tamen

153 754 283 788 graviori.

191 795 249 823 Col.
265 797 326 825 I53.
341 797 496 831 Ἀνθηδών.
511 798 582 826 Gaza
593 799 688 827 stadiis
696 799 732 826 ‘20
741 799 845 833 aberat,
855 800 939 827 Sozo-

153 844 236 864 meno
250 837 286 865 Η.
304 838 337 866 Ε.
362 846 388 870 v.
410 840 427 867 9
446 845 567 873 auctore.
587 841 653 868 mari
679 841 811 874 proxima.
832 840 939 868 Diocle-

153 879 334 914 tianopoleos,
352 881 375 908 si
392 881 510 908 Νοιὶιὶηι
529 887 555 909 et
574 882 756 910 Concillorttm
774 883 840 909 Arta
859 890 938 909 exce-

153 921 238 955 peris,
257 929 316 949 rara
341 923 453 950 mentio.
470 923 534 951 Vide
557 923 589 951 II.
614 924 764 951 Relandum
780 923 891 952 Palam.
908 931 937 952 Ill

190 1003 257 1031 Ibid.
279 1004 468 1040 Συκαμάζων.
498 1006 664 1041 Εὑκομάζων
701 1006 728 1033 in
764 1007 851 1034 Nam.
877 1007 936 1036 Jac.

153 1044 246 1077 Goari,
263 1045 423 1074 Estomason
441 1047 467 1074 in
488 1047 592 1074 Nomia
606 1055 666 1082 qua:
683 1047 766 1075 Wilh.
783 1048 865 1084 Tyrio
890 1049 937 1075 ad-

150 1086 245 1119 juncta
261 1091 313 1117 est.
327 1087 494 1115 Ascozamon
506 1088 636 1116 Gervasio
651 1089 812 1117 Tilberiensi
824 1094 889 1116 tom.
911 1089 934 1117 ll

154 1127 256 1162 Seript.
272 1127 463 1156 Brunsvicens.
480 1137 507 1164 p.
533 1129 594 1157 760.
616 1129 742 1157 Nostrum
760 1136 863 1158 rectum
884 1136 936 1165 est,

152 1169 204 1196 etsi
230 1170 299 1197 situs
321 1170 381 1204 ejus
401 1170 520 1205 ignotus.

189 1211 257 1238 Ibid.
285 1212 399 1244 'OroE-c.
412 1212 538 1239 Creditur
552 1220 612 1241 esse
630 1215 699 1245 Uno,
711 1215 743 1240 de
763 1221 816 1248 qua
831 1214 841 1240 I
856 1213 937 1241 Chro-

154 1253 209 1280 nic.
226 1252 298 1279 812.
317 1252 480 1287 Sequentetn
497 1253 574 1282 habet
589 1254 754 1290 Stephanus,
770 1262 935 1291 quamquam

153 1294 221 1322 nihil
239 1295 272 1321 de
287 1294 344 1321 loco
360 1301 441 1329 quem
457 1297 637 1330 occupaverit.

189 1336 255 1363 Ibid.
277 1335 365 1366 Γάζα.
381 1336 518 1371 Duplicem
532 1337 595 1364 olim
608 1338 690 1365 fuisse
699 1337 810 1372 Gazam,
822 1345 936 1374 quarum

152 1378 285 1404 vetustior
293 1377 475 1411 apostolorum
486 1383 564 1405 aetate
580 1378 661 1406 fuerit
675 1387 768 1406 eversa
781 1385 807 1407 et
817 1380 935 1411 deserta,

153 1419 186 1445 ad
203 1418 301 1445 Anton.
316 1418 382 1447 Itin.
401 1427 428 1454 p.
445 1419 490 1446 I5l
509 1419 716 1454 disputavimus.
733 1420 834 1448 Mecum
854 1422 937 1449 sentit

152 1460 333 1496 Ilieronymus
347 1461 382 1488 de
408 1460 471 1488 Loc.
488 1460 565 1488 Sacr.
590 1461 738 1494 Qua'ritur,
751 1462 850 1496 inquit,
870 1471 936 1498 qna-

152 1503 230 1529 modo
251 1502 278 1529 in
294 1502 409 1537 quodam
424 1503 551 1536 propheta
568 1502 675 1530 dicatur
695 1503 769 1531 Gaza
794 1504 886 1539 futura
907 1505 936 1532 in

152 1544 282 1571 tumulum
301 1544 496 1578 untpiternum.
523 1543 599 1577 Quod
614 1545 725 1571 solvitur
739 1546 776 1572 ita
792 1555 802 1574 :
819 1547 936 1580 antiquo:

151 1586 265 1613 civitatis
277 1585 363 1612 locum
374 1586 418 1612 via:
432 1585 663 1620 fundamenlarum
678 1586 792 1620 prwbere
808 1588 936 1623 vestigia;

152 1628 220 1654 hanc
236 1632 322 1654 autem
337 1634 396 1661 qua:
407 1635 475 1654 nunc
491 1628 619 1659 cernitur,
633 1627 660 1654 in
676 1627 729 1654 alio
743 1628 811 1661 loco,
824 1637 873 1662 pro
888 1629 935 1656 illa

151 1677 210 1704 quae
226 1670 335 1700 torruit.
363 1669 531 1703 wdiﬁcatam.
547 1668 597 1696 Cui
619 1668 728 1696 oculato
743 1670 816 1702 testi,
834 1674 861 1697 et
886 1671 935 1697 hac

152 1711 178 1737 in
205 1715 282 1744 parte
306 1710 367 1736 aliis
392 1710 585 1742 consentienti,
612 1717 662 1736 cur
687 1710 765 1737 [idem
788 1710 936 1745 negemus?

152 1751 217 1778 Erat
238 1750 308 1778 Urbs
322 1750 452 1778 Gordiani
474 1750 645 1785 imperatoris
669 1755 748 1778 aetate
776 1758 865 1783 sacra,
893 1752 934 1778 sui

148 1791 218 1825 juris
232 1796 258 1818 et
279 1791 423 1818 admodum
447 1790 598 1825 splendida,
616 1795 644 1817 ut
667 1793 776 1825 egregio
801 1791 853 1818 hoc
876 1792 936 1826 epi-

152 1837 302 1866 grammate
326 1832 396 1858 inter
412 1831 532 1858 Doniana
549 1831 639 1859 Class.
658 1831 703 1859 III.
727 1832 762 1859 45
784 1832 933 1860 docemur:

157 1872 259 1908 ’Δγαθῇ
283 1871 352 1909 τύχῃ
372 1872 561 1909 αὐτοκράτορα
589 1873 717 1908 Καίσαρα
738 1874 776 1901 Μ.
793 1873 935 1900 ’Λντώνιον

151 1914 312 1950 Γορδιανδν,
342 1914 454 1948 εὐσεὸῆ,
475 1914 594 1949 ιὺτυχῆ,
621 1914 763 1947 σεδαστὸν,
779 1916 935 1951 κοσμοκρά-

153 1963 229 1991 τορα,
250 1956 267 1991 ἡ
290 1955 367 1987 πόλις
381 1956 398 1991 ὴ
414 1955 470 1983 τῶν
489 1955 625 1988 Γαζαιῶν,
638 1956 699 1990 ίερὰ
714 1955 763 1983 καὶ
775 1955 873 1988 ἄσυλος
887 1957 935 1983 καὶ

153 1997 311 2032 αὐτόνομος,
331 1996 424 2032 πιστὴ,
442 1996 566 2032 εὐσεϐὴς,
579 1996 695 2033 λαμπρὰ
708 1997 756 2024 καὶ
772 1997 887 2033 μεγάλη,
904 1997 935 2030 ἐξ

152 2038 303 2070 ἐνκλύσεως
315 2038 362 2065 τοῦ
376 2039 491 2074 πατρίου
500 2038 579 2071 Θεοῦ,
593 2040 639 2066 τὸν
650 2039 754 2074 ἑαυτῆς
773 2039 933 2076 εὐεργέτην,

151 2080 194 2107 διὰ
213 2080 273 2107 Τιδ.
299 2080 349 2107 Κλ.
375 2081 514 2116 Παπείρου
539 2081 707 2117 ὲπιμελητοῦ
727 2081 775 2108 τοῦ
802 2082 885 2118 ίεροῠ.
906 2082 934 2110 Id

152 2121 262 2153 mirere.
282 2121 370 2148 virum
395 2120 543 2154 eruditum,
567 2122 612 2157 qui
638 2122 843 2157 inscriptionem
859 2123 934 2150 Lati-

152 2169 213 2189 nam
231 2161 305 2195 fecit,
321 2162 348 2189 in
363 2169 394 2189 ea
419 2162 500 2189 deum
520 2162 683 2198 Enclyseum
699 2163 835 2191 invenisse
855 2173 861 2190 :
879 2172 935 2190 ver-

153 2204 183 2230 tit
197 2204 269 2231 enim
289 2203 376 2230 media
392 2211 424 2230 ea:
440 2203 567 2238 Enclysro
588 2205 677 2239 patrio
700 2206 765 2232 deo:
781 2206 826 2240 qui
846 2206 934 2232 nullus

151 2245 200 2272 fuit
215 2250 242 2271 et
254 2252 287 2272 ex
301 2251 426 2280 corrupta
441 2245 670 2272 ΕΝΚΕΛΥΣΕΩΣ
690 2253 756 2274 voce
770 2247 873 2274 natales
889 2255 934 2275 ac-

151 2286 230 2320 ('t-pit.
246 2285 309 2313 Fuit
322 2287 348 2313 in
366 2294 500 2314 marmore
512 2287 773 2320 ΕΝΚΕΛΕΥΣΕΩΣ,
786 2294 860 2316 certe
874 2295 934 2316 esse

151 2327 258 2361 debuit;
273 2328 345 2363 quod
359 2335 391 2354 ex
400 2327 488 2362 jussu.
504 2332 534 2354 ιιι
546 2336 617 2362 saepe
633 2329 659 2356 in
677 2329 719 2356 his
737 2330 932 2361 monumentis,

151 2373 235 2397 notat.
249 2369 319 2396 κατὰ
340 2369 466 2396 κέλευσιν
485 2369 552 2396 Θεοῦ
581 2370 607 2396 in
632 2369 713 2397 simili
742 2377 771 2397 re
797 2370 880 2397 habes
906 2371 932 2397 in

151 2410 224 2438 Thes.
258 2418 285 2445 p.
310 2410 357 2443 2|,
383 2411 408 2437 I.
430 2411 501 2439 Deus
526 2416 616 2438 autent
637 2412 740 2446 patrius
768 2411 932 2439 Gazensium

151 2457 191 2479 est
207 2451 324 2483 Marnas,
341 2451 418 2486 cujus
429 2451 505 2486 jussu
521 2453 589 2486 lapis
602 2459 644 2480 est
660 2453 809 2480 dedicatus.
822 2452 887 2480 Vide
899 2453 933 2480 de

151 2500 181 2521 eo
194 2492 227 2520 H.
245 2493 380 2520 Norisiutn
396 2493 505 2520 dissert.
522 2493 622 2528 Eporh.
638 2502 663 2525 ν,
677 2494 739 2521 ιρι.

185 2534 251 2561 Ibid.
280 2533 385 2567 "Apiéa.
411 2533 465 2561 Nisi
489 2541 562 2567 erro,
585 2535 712 2570 Γὰρδιρα
730 2536 787 2562 sive
811 2535 931 2570 Γάζαρα,

151 2584 228 2611 quant
245 2576 338 2603 urbem
352 2583 400 2604 seu
423 2576 512 2604 vicum
536 2576 647 2604 Notitiw
665 2579 690 2604 in
708 2576 850 2604 Palaestina
875 2579 931 2612 pri-

152 2625 192 2645 ma
208 2625 260 2644 non
279 2617 357 2652 longe
374 2618 407 2644 ab
425 2619 512 2645 Διοιο
533 2623 695 2653 agnoscunt,
712 2619 878 2653 prmstiterit.
896 2619 932 2646 De

150 2667 179 2685 ea
196 2658 333 2686 ltelandus
350 2659 459 2686 Palam.
473 2667 503 2687 Ill
518 2667 545 2694 p.
561 2659 624 2687 679.
640 2659 707 2693 Quae
721 2659 844 2695 sequitur
855 2660 932 2691 Βιτύ-

151 2699 191 2734 λη,
207 2698 337 2727 Bethelne
353 2707 387 2726 an
402 2699 506 2727 Betulia
519 2701 565 2732 sit,
582 2701 608 2728 in
627 2701 708 2728 dubio
723 2705 775 2728 est.
788 2700 857 2728 Aliis
874 2700 932 2728 Νο-

151 2741 214 2767 titiis
229 2742 327 2769 dicitur
343 2742 472 2774 Βιτέλιος.

183 2782 251 2809 Ibid.
271 2784 476 2817 Παλαιστίνης
494 2784 535 2816 β’.
555 2783 639 2817 llujus
655 2790 682 2811 et
700 2784 848 2818 superioris
867 2793 930 2819 pro-

151 2823 243 2852 vincia:
252 2824 355 2852 incolas
371 2826 509 2860 totiusque
519 2826 599 2853 Carae
609 2826 695 2862 Syria:
706 2826 824 2854 audaces
837 2827 930 2854 atheos

151 2870 229 2900 atque
254 2865 458 2895 insidiosissimo
474 2875 535 2896 esse
551 2869 657 2903 ingenio
671 2868 794 2903 perhibet
817 2868 929 2897 Proclus

580 160 772 192 COMMENT.
792 161 833 192 IN
854 160 1060 191 HIEROCLIS
1077 162 1346 195 SYNECDEMUM.

1707 161 1777 195 1178

998 219 1151 248 Diadochus
1169 222 1195 248 in
1217 221 1378 256 Parnphmsi
1399 222 1543 250 Tclrabibli
1555 221 1670 249 Ptolem.
1685 228 1712 255 p.
1725 222 1778 250 95:

1001 260 1045 292 Ὧς
1060 262 1106 288 ἐπὶ
1126 262 1193 290 πολὺ
1210 263 1321 298 θρασεῖς
1337 264 1390 290 εἰσὶ
1403 264 1450 290 καῖ
1466 264 1540 290 ἄθεοι
1555 264 1603 289 καὶ
1620 262 1775 289 ἐπιϐουλευκ

994 303 1077 330 τικοί.
1093 303 1166 331 Idem
1185 305 1342 340 Ammymns
1357 306 1531 337 scholiastes,
1547 304 1660 332 Basileaa
1675 305 1777 336 editus,

995 344 1021 371 in
1037 347 1160 372 eamdem
1175 346 1320 374 Telrabibl.
1335 357 1359 381 ιι.
1372 348 1416 380 62,
1434 347 1482 375 sed
1501 347 1590 375 verbis
1601 347 1669 373 mire
1684 347 1782 372 turba-

995 385 1040 418 tis,
1057 387 1208 420 profitetur.
1228 388 1258 414 '0
1270 388 1334 423 γὰρ,
1352 388 1450 423 inquit,
1469 388 1520 423 τῆς
1546 387 1709 422 Ἀφροδίτης
1740 386 1780 421 τῷ

997 427 1075 462 Ἀρει
1091 428 1262 463 συμπλακεὶς
1284 429 1424 462 τοιούτους
1440 430 1513 456 ποιεί
1530 429 1589 464 (καὶ
1601 428 1700 460 ἀθέους
1712 428 1781 462 ἁμέ-

994 468 1035 494 ).ει
1048 468 1203 503 Ἰουδαίους)
1222 470 1286 501 τοὺς
1302 471 1446 502 Ἰουδαίους
1465 471 1498 496 ὲκ
1513 470 1616 505 ταύτης
1629 470 1710 501 ὄντας
1730 469 1781 503 τῆς

995 508 1096 541 θέσεως
1122 511 1225 545 φησίν·
1243 511 1305 538 ὅθεν
1329 513 1400 538 κατὰ
1430 513 1481 546 τὴν
1513 510 1700 546 προσηγορίαν
1734 518 1780 546 ση-

995 551 1070 585 μεῖόν
1098 559 1140 578 σοι
1177 552 1293 586 γινέσθω
1316 553 1365 588 τῆς
1379 553 1450 579 κατὰ
1465 553 1515 587 τὴν
1526 551 1618 587 χώραν
1629 551 1756 586 εὐθηνίας
1770 559 1778 566 ο

994 591 1107 627 γόνιμος
1121 591 1177 628 γὰρ
1194 593 1208 620 ό
1221 593 1266 620 τοῦ
1279 594 1340 625 Διὸς
1355 593 1443 629 ἀστὴρ
1457 594 1485 620 ὲν
1502 595 1560 625 τοῖς
1581 592 1715 627 φθάσασιν
1727 592 1780 618 ἑλέ-

994 640 1069 666 γετο.
1086 631 1166 660 Varia
1189 634 1262 661 enim
1287 634 1391 661 scholia
1410 635 1436 661 in
1461 642 1543 661 unum
1564 638 1626 661 sunt
1648 633 1780 665 conflata;

994 681 1055 706 qua:
1072 674 1150 702 facile
1165 675 1326 711 distingues,
1339 676 1361 703 si
1378 676 1533 703 observaris
1549 675 1597 701 xui
1607 674 1704 706 ἀθέους
1718 682 1782 702 esse

994 714 1131 742 Ptolemaei
1149 716 1240 748 verba,
1269 723 1356 751 caque
1381 717 1507 743 breviore
1526 715 1632 743 scholio
1652 715 1780 750 explicari

993 756 1089 791 ἀμέλει
1105 757 1248 790 Ἰουδαίους
1264 766 1271 785 :
1296 766 1359 785 mox
1376 758 1459 786 alium
1479 758 1549 785 idem
1571 757 1650 791 paulo
1661 758 1782 792 pluribus

994 799 1179 833 interpretari.
1204 799 1269 832 Quae
1295 807 1359 827 vero
1377 801 1514 826 adduntur
1543 800 1604 826 ὅθεν
1629 799 1698 825 κατὰ
1730 799 1781 832 τὴν

993 839 1192 874 προσηγορίαν,
1206 849 1233 866 κ.
1258 840 1283 873 λ,
1309 848 1340 868 ea
1363 839 1485 868 Iudaeam
1506 848 1558 867 non
1574 845 1708 874 spectant,
1733 841 1780 866 sed

993 881 1120 908 Arabiam
1133 881 1291 916 εὐδαίμονα,
1302 889 1381 916 quem
1391 882 1452 916 ejus
1463 882 1568 908 titulum
1583 883 1653 908 haud
1665 881 1781 908 obseure

994 923 1149 958 respiciunt.
1169 921 1234 950 Vide
1250 922 1375 950 Proclnm
1400 931 1419 950 ιι
1448 931 1476 957 p.
1495 923 1541 954 95,
1559 927 1586 949 et
1614 930 1657 949 me
1683 922 1779 949 falsum

993 964 1113 998 negabis.
1130 963 1196 990 Nata
1222 972 1253 990 ea
1277 965 1417 999 persuasio
1435 964 1549 999 paganis
1571 969 1623 994 est.
1648 963 1719 998 quod
1737 962 1780 989 .lu-

992 1006 1042 1032 dati
1060 1005 1086 1032 in
1101 1005 1199 1033 summi
1211 1004 1336 1032 Numinis
1351 1005 1425 1032 cultu
1438 1013 1498 1032 cum
1515 1006 1626 1039 reliquis
1651 1005 1779 1031 omnibus

991 1046 1170 1073 dissidereut.
1188 1045 1257 1073 Hinc
1273 1051 1300 1073 et
1323 1045 1448 1074 Lai-anus
1466 1054 1496 1079 ιι,
1519 1047 1571 1074 595
1601 1055 1609 1072 :
1633 1046 1665 1072 Et
1689 1046 1779 1073 dedita

992 1088 1078 1115 sacris
1096 1087 1191 1115 incerti
1210 1087 1302 1115 .ludma
1329 1088 1387 1116 Dei.
1413 1089 1446 1115 Et
1464 1088 1598 1116 Aristides
1616 1092 1681 1115 tom.
1699 1095 1727 1114 Ill
1752 1095 1778 1120 ιι.

992 1129 1044 1156 5H
1063 1137 1071 1155 :
1090 1128 1154 1160 Τοῖς
1177 1129 1206 1155 ἐν
1232 1129 1399 1166 Παλαιστίνῃ
1424 1129 1566 1156 δυσσεϐέσι
1592 1128 1779 1163 παραπλήσιοι

990 1170 1055 1201 τοὺς
1066 1170 1184 1206 τρόπους
1204 1177 1211 1185 ·
1223 1171 1272 1197 καὶ
1285 1171 1341 1205 γὰρ
1353 1171 1469 1202 ἐκείνοις
1481 1170 1555 1197 τοῦτ’
1570 1170 1628 1197 ἐστι
1645 1170 1779 1204 σύμϐολον

990 1211 1041 1245 τῆς
1058 1211 1228 1244 δυσσεϐείας,
1250 1213 1290 1239 ὃτι
1306 1213 1370 1244 τοὺς
1393 1212 1552 1247 κρείττονας
1576 1212 1607 1238 οὐ
1626 1211 1778 1246 νομίζουσι.

992 1253 1050 1286 Quo
1064 1257 1154 1280 tamen
1168 1254 1229 1281 loco
1239 1254 1261 1281 si
1276 1259 1304 1281 et
1314 1254 1485 1282 Christianos
1500 1254 1588 1281 notari
1603 1261 1665 1281 eum
1681 1252 1779 1281 Jebhio

991 1294 1070 1327 velis,
1087 1294 1153 1322 nihil
1178 1295 1356 1322 intercedam.
1383 1295 1517 1322 Caeterum
1545 1295 1690 1330 prtpsidem
1716 1294 1779 1321 huic

990 1335 1137 1371 provinciae
1152 1337 1232 1363 etiam
1248 1335 1355 1363 Nomia
1378 1337 1441 1370 imp.
1460 1336 1563 1363 Orient.
1578 1344 1604 1363 c.
1622 1337 1633 1363 I
1650 1336 1778 1371 impertit.

1027 1377 1094 1405 Ibid.
1122 1378 1319 1411 Σκυθόπολις.
1346 1377 1496 1405 Provinciae
1524 1377 1574 1404 l'uit
1600 1377 1777 1412 metropolis;

990 1426 1075 1453 quare
1094 1426 1126 1446 ex
1148 1426 1178 1446 ea
1196 1423 1272 1446 ortus
1287 1419 1404 1454 Cyr-illus
1421 1420 1459 1455 (in
1480 1419 1538 1446 Vita
1552 1419 1580 1447 S.
1597 1419 1675 1446 Salia:
1690 1427 1715 1445 ι’.
1732 1419 1778 1451 80)

990 1460 1059 1496 γυνή
1082 1468 1134 1491 τις.
1160 1460 1258 1494 inquit,
1285 1460 1318 1486 ἐκ
1346 1460 1396 1494 τῆς
1414 1461 1475 1487 καθ’
1493 1461 1565 1495 ἡμᾶς
1586 1459 1779 1495 μητροπόλεως

990 1501 1150 1536 ὁρμωμένη,
1166 1506 1193 1528 et
1211 1508 1236 1528 c.
1255 1500 1290 1528 75
1304 1510 1310 1528 :
1329 1502 1376 1528 καὶ
1392 1501 1514 1533 ἐλθόντος
1531 1501 1613 1527 αὑτοῦ
1630 1502 1659 1527 ὲν
1676 1500 1779 1528 Σκυθοο

990 1542 1067 1568 πόλει
1081 1562 1087 1573 ,
1117 1542 1229 1576 ἐξῆλθεν
1261 1542 1277 1568 6
1310 1542 1512 1578 μητροπολίτης
1539 1542 1678 1574 Θεοδόσιος
1710 1541 1780 1576 μετὰ

990 1584 1090 1616 παντὸς
1098 1583 1145 1610 τοῦ
1153 1583 1219 1610 λαοῦ
1229 1584 1268 1616 είς
1279 1584 1431 1619 ἀπάντησιν
1443 1583 1649 1612 αὐτοῦ.Αι-ἱθιίιίί
1659 1589 1724 1611 tom.
1735 1582 1780 1617 III,

990 1633 1015 1659 p.
1033 1625 1096 1657 595,
1110 1625 1221 1652 Σκυθῶν
1240 1625 1336 1658 πόλις,
1355 1633 1409 1661 qtto
1424 1625 1458 1653 de
1473 1626 1582 1653 nomine
1601 1626 1634 1652 ad
1654 1625 1720 1652 Itin.
1742 1626 1778 1652 Η.

989 1674 1017 1702 p.
1034 1666 1096 1693 586.

1025 1707 1091 1734 Ibid.
1107 1706 1216 1734 Σύλλα.
1232 1707 1289 1734 Ιιιιο
1300 1707 1399 1735 Πέλλα.
1416 1707 1493 1740 Quod
1509 1714 1606 1734 nomen
1619 1714 1634 1733 a
1650 1706 1776 1734 Macedo-

991 1748 1070 1775 nibus
1083 1748 1197 1782 accepit,
1211 1748 1299 1775 solitis
1309 1749 1404 1782 patriae
1415 1755 1471 1775 suae
1481 1749 1587 1782 oppidis
1600 1748 1777 1782 cognomines

990 1790 1112 1816 devictas
1128 1789 1209 1816 urbes
1223 1789 1312 1817 facere
1326 1789 1397 1824 apud
1411 1789 1528 1824 Appian.
1545 1789 1650 1824 Syriae.
1667 1797 1695 1823 p.
1712 1788 1776 1816 90f.

990 1830 1062 1858 Pulla
1092 1830 1169 1865 παρὰ
1191 1831 1256 1862 τοὺς
1284 1831 1389 1863 πέλας,
1420 1831 1484 1863 τοὺς
1512 1831 1603 1862 λίθους
1627 1831 1696 1857 κατὰ
1727 1830 1777 1866 τὴν

989 1872 1151 1900 Μακεδόνων
1171 1873 1273 1908 φωνὴν,
1296 1873 1367 1908 quod
1388 1873 1549 1900 Macedones
1571 1872 1673 1907 lapides
1694 1873 1778 1907 pellas

990 1920 1134 1947 vocarent,
1152 1919 1195 1942 est
1211 1915 1294 1948 dicta,
1311 1919 1340 1942 ut
1360 1922 1393 1941 ex
1407 1914 1524 1948 Ulpiauo
1540 1914 1565 1940 in
1588 1914 1778 1941 Demosthenis

988 1961 1060 1983 orat.
1080 1955 1114 1983 de
1127 1955 1219 1989 Legat.
1238 1956 1311 1984 Fals.
1328 1964 1354 1991 p.
1369 1956 1423 1983 254
1435 1955 1616 1990 Spanhemius
1631 1955 1695 1981 diu.
1713 1955 1730 1982 9
1743 1955 1778 1982 de

990 1997 1045 2025 ιΙιιι
1065 2003 1089 2025 et
1107 1998 1139 2025 Ρ.
1162 1997 1199 2025 Ν.
1223 2005 1249 2032 p.
1273 1998 1325 2025 654
1349 1997 1485 2032 patefecit.
1506 1996 1652 2030 Perperam
1672 2004 1736 2031 ergo
1761 2004 1775 2023 ει
1818 1999 1819 2002 ‘

989 2039 1082 2066 nescio
1095 2046 1149 2074 quo
1162 2038 1234 2066 Pella
1248 2038 1402 2073 Stephanus
1418 2045 1515 2066 nomen
1533 2038 1648 2069 derivat,
1665 2037 1776 2065 merito-

990 2089 1043 2115 que
1064 2081 1107 2108 'I‘i.
1133 2080 1354 2108 Ilernsterhusius
1376 2087 1470 2107 eorum
1490 2079 1611 2106 tnntamli
1635 2078 1775 2106 libidinem

989 2123 1148 2156 compescit,
1161 2122 1207 2155 qui
1223 2121 1424 2157 IIesyt-hianum
1436 2120 1525 2147 Πέλλα
1539 2120 1621 2152 λίϐος.
1638 2120 1776 2154 corrigere

989 2164 1178 2190 instituerunt.
1200 2161 1303 2194 Sedetu
1317 2163 1393 2193 urbs.
1411 2162 1509 2189 nobilis
1528 2169 1604 2188 mora
1621 2161 1776 2196 Hierosoly-

990 2205 1040 2231 mis
1051 2205 1234 2239 tligressorum
1243 2204 1472 2236 Christianorum,
1482 2204 1508 2230 in
1522 2203 1612 2230 Pera‘a
1624 2203 1775 2230 obtinebat.

1025 2246 1093 2273 Ibid.
1108 2245 1238 2280 Γάδαρα.
1256 2245 1314 2273 Non
1338 2245 1416 2280 longe
1435 2246 1469 2271 ab
1485 2246 1551 2271 urbe
1567 2245 1663 2271 ﬂuvius
1679 2243 1776 2270 Hiera-

989 2295 1050 2314 Inax
1079 2287 1259 2319 decurrebat,
1285 2295 1365 2322 quem
1394 2292 1533 2321 propterea
1558 2286 1605 2312 τὸν
1630 2285 1787 2320 λεγόμενον’

987 2329 1109 2363 ποταμὸν
1127 2328 1253 2363 Γαδάρων
1269 2327 1386 2363 Cyrillus
1402 2328 1428 2354 in
1453 2326 1514 2354 Vita
1530 2327 1558 2356 ὃ.
1578 2326 1656 2354 Saba}
1678 2334 1703 2354 c.
1728 2326 1774 2357 55,

988 2377 1014 2397 et
1030 2371 1183 2398 Antoninus
1197 2370 1301 2404 Martyr
1317 2371 1341 2396 in
1355 2369 1446 2398 Itiner.
1461 2369 1571 2396 ﬂuvium
1585 2369 1713 2398 calidum,
1729 2368 1774 2401 qui

988 2411 1087 2438 dicitur
1101 2411 1220 2445 Gadara,
1241 2411 1369 2446 appellat.
1390 2411 1426 2438 De
1445 2409 1620 2444 sequentibus
1637 2409 1775 2436 Relamlus

987 2459 1013 2481 et
1029 2461 1078 2480 nos
1095 2454 1169 2480 alibi.

1023 2495 1090 2522 Ibid.
1109 2495 1224 2528 Ἵππος.
1238 2495 1338 2522 Aberat
1357 2495 1452 2522 stadiis
1467 2501 1482 2520 a
1501 2492 1644 2520 Tiberiade
1657 2492 1701 2519 30.
1723 2490 1772 2518 Jo-

987 2537 1086 2570 seph-Is
1102 2535 1170 2564 Vitae
1184 2543 1240 2563 sua).
1249 2544 1275 2563 e.
1292 2536 1326 2563 65
1340 2546 1346 2563 :
1364 2535 1435 2562 Ἡδὲ
1451 2535 1484 2570 σὴ
1502 2534 1611 2570 πατρὶς,
1625 2530 1648 2559 ὦ
1662 2532 1773 2564 Ἰοῦστε,

988 2578 1100 2614 κειμένη
1123 2579 1152 2604 ὲν
1177 2579 1205 2612 τῇ
1231 2576 1433 2612 Γεννησαρίτιδι
1455 2576 1538 2611 λίμνῃ
1560 2575 1606 2602 καὶ
1634 2574 1775 2609 ἀπέχουσα

989 2618 1085 2646 Ἵππου
1104 2619 1154 2654 μὲν
1162 2619 1257 2646 στάδια
1266 2620 1424 2655 τριάκοντα,
1440 2617 1569 2652 Γαδάρων
1583 2617 1612 2643 δὲ
1625 2615 1772 2652 ἑξήκοντα,

987 2661 1178 2692 Σκυθοπόλεως
1194 2660 1222 2687 δὲ
1239 2660 1325 2686 εἰκοσι
1337 2660 1384 2686 καὶ
1403 2659 1511 2686 ἑκατόν.

1023 2703 1090 2730 Ibid.
1109 2702 1230 2729 Ἑλένου
1244 2700 1432 2735 πόλις-,Μηῳή
1444 2699 1615 2728 Constantini
1629 2699 1707 2726 matri
1723 2700 1774 2727 hoc

988 2752 1084 2771 nomen
1104 2743 1194 2775 debet,
1212 2747 1278 2769 teste
1294 2743 1444 2769 Soli-meno
1466 2741 1500 2768 II.
1519 2741 1552 2768 Ε.
1569 2749 1598 2773 ιι,
1613 2741 1640 2767 ‘2.
1657 2741 1683 2767 Si
1703 2742 1772 2775 pris-

988 2785 1084 2816 tinum,
1101 2792 1153 2817 quo
1166 2789 1230 2810 ante
1244 2785 1377 2815 ntehatnr,
1392 2784 1481 2810 notius
1497 2788 1576 2814 esset,
1596 2783 1628 2809 de
1643 2783 1707 2815 situ,
1724 2783 1770 2817 ψει

986 2826 1206 2854 obscurissimos.
1224 2826 1338 2852 fortasse
1351 2826 1466 2852 certiora
1481 2825 1661 2851 Itaberentns..

1022 2868 1089 2896 Ibid.
1108 2868 1264 2894 Διοκέσυα.
1285 2867 1353 2902 Lege
1372 2867 1571 2901 Διωιιιιςὰρεια,
1593 2873 1652 2900 qua:
1669 2866 1694 2892 in
1712 2873 1769 2891 tne-

1754 2988 1775 3004 Δ
