1911 3071
149 178 217 211 1181

145 238 222 265 sebio
238 237 378 264 Onomast.
398 236 424 264 in
440 236 590 272 Γεργασεί,
610 242 714 264 semota
728 244 741 263 τι
758 237 837 264 lluvio
853 236 936 264 .Iaeob

145 279 183 306 Μ.
198 279 227 306 Ρ.
239 278 266 310 4,
283 284 352 305 teste
366 277 529 312 lIieronymo
543 277 569 304 in
584 276 666 305 Jacob
680 278 800 312 ejusdem
814 277 935 305 Eusebii.

145 321 298 355 Episcopus
320 318 379 354 ejus
405 319 503 346 Placus
528 323 569 347 est
594 319 620 346 in
646 319 811 347 Chalcedon.
838 319 935 347 eoncil.

148 370 175 396 ιι.
192 361 253 388 675.

184 403 243 430 (Zol.
257 402 318 430 I53.
339 401 498 435 Μαιοῦδος,
513 401 585 429 Nihil
600 401 664 429 mihi
680 401 714 428 de
728 401 777 428 hac
793 401 910 428 innotuit
928 406 936 427 :

149 445 242 478 posset
250 451 284 470 ex
294 443 406 470 Notitiir
416 449 442 470 et
449 443 625 470 conciliorum
634 444 706 470 Actis
715 443 767 470 alia
776 451 828 470 non
841 449 939 476 magno

150 486 289 512 molimine
309 485 456 517 substitui,
483 485 534 512 nisi
558 492 590 512 ea
613 491 656 512 res
677 484 835 520 periculosas
860 484 939 519 plena

150 527 222 554 foret
233 526 309 554 alete.

187 569 254 596 Ibid.
273 567 468 602 Φιλαδελφία.
485 567 542 595 Non
559 568 611 595 alia
626 572 668 595 est
679 575 710 595 ac
724 567 939 598 Rnbhatamana.

151 617 213 645 quas
228 617 242 636 τι
265 609 408 636 Ptolemaeo
429 608 605 642 Philadelpho
627 616 695 636 nom
714 608 812 635 donata
830 613 873 634 est
894 615 943 635 no—

152 651 236 679 mine.
259 651 438 686 Hieronymus
458 651 485 677 in
510 649 607 677 Ezech.
630 658 655 677 c.
672 650 708 677 25
725 659 731 676 :
748 648 815 676 Filii
831 650 942 676 Ammon

152 693 282 720 habebant
302 692 458 724 metropolin
477 692 579 718 nomine
595 690 731 722 Rabbath,
752 699 811 725 qua:
831 690 908 717 hodie
925 699 941 717 a

153 742 213 768 ngat
241 733 352 768 {Egypti
375 731 537 766 Ptolemaeo,
562 737 731 767 cognomento
754 731 939 766 Philadelpho,

153 776 200 810 qui
219 775 345 802 Arabiam
366 774 448 801 tenuit
470 781 530 801 cum
553 773 666 803 Juda'a,
694 771 878 807 Philadelphia
900 781 944 799 co-

154 816 307 852 gnominata
331 820 380 843 est.
409 815 510 842 Aberat
534 815 605 842 haud
634 814 714 848 longo
744 814 886 841 intervallo
909 813 943 840 ab

155 864 235 884 amne
258 856 341 883 Jacob
364 856 434 889 apud
456 855 600 883 Eusebium
625 855 763 882 Onomast.
790 854 818 881 lit
842 854 943 881 Ἰαδὸκ.

155 898 231 934 plura
246 897 364 924 Eduard.
379 896 532 924 Bernardus
549 897 574 923 in
589 895 697 931 Josephi
713 896 746 923 A.
761 896 828 923 Ind.
842 896 868 928 ι,
881 896 907 923 5.

191 939 259 966 Ibid.
272 939 332 966 Νέα
347 939 446 971 πόλις.
460 938 557 966 Chilon
572 937 675 969 πόλεως
698 938 770 969 Νέας
786 938 890 969 πόλεως
905 938 944 964 ἰη-

157 984 199 1007 ter
222 979 326 1007 Arabes
349 979 486 1006 antistites
511 979 626 1006 concilio
650 979 817 1006 Chalcedon.
843 986 868 1014 p.
893 978 946 1005 675

157 1028 255 1049 nomen
271 1021 412 1055 ascripsit.

193 1062 259 1090 Ibid.
290 1061 462 1096 'lspdrrollc.
485 1062 538 1090 Alii
565 1061 636 1090 hanc
657 1062 853 1098 explicuerint;
879 1061 946 1089 utilii

159 1105 250 1140 ignota
269 1108 320 1131 est.

195 1145 261 1172 Ibid.
272 1144 502 1177 Φιλιππόπολις.
512 1143 625 1171 Condita
636 1149 676 1171 est
687 1152 701 1170 a
712 1143 836 1178 Philippo
845 1145 946 1176 Arabe,

160 1190 190 1214 ut
202 1187 293 1213 Victor
309 1185 430 1213 Zonaras
445 1190 472 1213 et
488 1185 626 1213 Cedrenus
642 1187 740 1213 docent
755 1191 782 1213 et
800 1186 851 1213 viri
876 1186 947 1214 docti

159 1228 260 1255 dudum
273 1231 446 1255 monuerunt.
458 1227 534 1260 Quod
547 1234 611 1255 vero
625 1226 719 1254 Bostra
733 1227 855 1255 eamdem
868 1233 950 1262 atque

161 1270 230 1296 hanc
254 1269 437 1301 arbitrantur,
462 1268 487 1295 id
502 1272 529 1294 et
549 1268 605 1294 hare
629 1266 734 1294 Notitia
755 1273 783 1296 et
801 1269 948 1295 concilium

160 1311 382 1338 Cliaicedouense
400 1310 550 1337 convellit:
571 1310 742 1344 distinguunt
761 1311 833 1337 enim
855 1310 949 1337 Bostra

159 1357 187 1379 ct.
199 1352 404 1387 Philippopolin.
421 1351 485 1378 Vide
497 1356 562 1379 tom.
574 1350 631 1378 Vlll
645 1351 749 1378 Concil.
764 1351 847 1379 Labb.
860 1361 886 1386 p.
898 1352 952 1379 6M

160 1399 187 1422 et
203 1394 265 1426 675,
282 1398 463 1428 pra‘tereaque
472 1393 664 1428 Spauhemium
677 1394 786 1421 dissert.
805 1394 839 1421 I5
855 1396 885 1422 tle
903 1394 950 1422 Us.

161 1442 185 1463 ει
202 1434 233 1463 Ρ.
252 1435 288 1463 Ν.
305 1443 330 1470 p.
346 1435 409 1462 6l2.

198 1478 264 1505 Ibid.
286 1477 392 1504 Φαινώ.
421 1476 459 1504 Ita
483 1477 623 1512 legendum
637 1478 703 1504 vidit
727 1477 758 1505 L.
774 1477 950 1512 llolsteiuius,

163 1519 220 1547 Sita
234 1524 293 1546 erat
314 1519 420 1546 Petram
443 1518 514 1546 inter
535 1523 562 1545 et
578 1517 684 1550 Zoora.
702 1520 764 1546 il‘I'IS
786 1520 903 1546 metallis
925 1525 952 1548 et

162 1561 267 1588 exsiliis
281 1560 554 1587 multoruminfamis.
571 1559 703 1587 Eusebius
718 1560 745 1586 in
756 1560 843 1587 Φινῶν
859 1560 951 1596 ιΑὖτη

161 1603 221 1630 ἐστὶ
239 1602 346 1634 Φαινὼ,
362 1601 427 1628 ἔνθα
449 1601 482 1628 τὰ
504 1601 622 1636 μέταλλα
643 1602 691 1628 τοῦ
711 1602 827 1637 χαλκοῦ,
851 1603 951 1637 μεταξὺ

162 1644 278 1679 κειμένη
301 1643 407 1678 Πέτρας
430 1643 535 1673 πόλεως
556 1643 603 1670 καὶ
623 1643 739 1678 Ζοορῶν.
761 1643 807 1671 Sic
830 1644 871 1671 Jo.
890 1642 950 1671 Cle-

163 1686 252 1717 ricus,
281 1689 306 1711 et
327 1690 399 1712 recte
421 1683 592 1716 emendavit,
615 1692 695 1719 quem
720 1689 747 1712 et
774 1685 801 1711 in
826 1685 898 1711 κατὰ
918 1685 953 1712 τὰ

163 1727 266 1762 χρυσέα
285 1729 312 1753 et
327 1726 425 1752 Δαιδὲν
439 1726 511 1752 vide.
531 1726 725 1761 Hieronymus,
744 1725 846 1759 Fenon,
865 1731 953 1753 castra

163 1769 182 1802 ﬁ
194 1769 280 1795 iorum
299 1767 382 1794 Israel
394 1767 420 1792 in
432 1767 545 1793 deserto.
559 1765 624 1793 Fuit
639 1772 727 1793 autent
741 1768 875 1800 quondam
890 1767 954 1793 ciri-

165 1817 205 1836 tas
223 1809 370 1842 principum
393 1807 488 1839 Edam,
509 1815 578 1834 nunc
597 1807 697 1834 uiculus
719 1808 746 1833 in
768 1808 888 1839 deserto;
910 1808 954 1834 ubi

165 1859 226 1878 wrts
237 1849 344 1877 metalla
362 1849 548 1875 daninntorum
562 1848 696 1882 suppliciis
709 1848 873 1882 eﬁ‘odiuntur
887 1849 955 1876 inler

165 1892 298 1918 cit'i'alent
320 1889 427 1917 Petram
452 1894 476 1916 et
497 1888 622 1916 Zoarunt.
641 1889 717 1916 Adde
740 1889 769 1918 S.
792 1888 954 1917 Bochartutn

166 1932 197 1959 P.
211 1933 238 1959 2.
257 1931 411 1958 Hierozoic.
429 1938 470 1963 ιιι,
489 1931 534 1958 15.
713 1927 716 1930 ’

202 1974 268 2001 Ibid.
290 1972 493 2001 Κωνσταντία.
512 1972 623 2000 Notitiae
635 1972 694 2000 Jac.
708 1972 789 2000 Goari
805 1973 954 2001 Κωνσταν-

166 2017 238 2051 τῖνη,
258 2015 400 2042 concilium
415 2013 580 2041 Chalcedon.
596 2014 682 2048 p.676
694 2014 915 2051 Κωνσταντιάνη,
929 2020 958 2044 et

168 2060 194 2086 iu
210 2057 294 2085 veteri
312 2055 437 2083 versione
450 2054 620 2082 Constantia.

166 2106 167 2109 ‘
203 2099 270 2127 Ibid.
282 2096 453 2130 Διονυσιάς.
468 2096 557 2124 Maras
576 2097 747 2130 Διονυσιάδος
761 2098 812 2126 sub
824 2097 957 2127 Bostreno

169 2139 340 2175 metropolita
352 2139 378 2166 in
391 2139 485 2166 eodem
497 2143 539 2165 est
550 2139 677 2166 concilio.
691 2138 786 2166 lncola:
797 2141 956 2173 Διονυσιεῖς,

170 2191 223 2210 non
239 2181 353 2209 tnultutn
370 2189 385 2208 a
405 2180 519 2214 Bostris,
536 2180 640 2208 Isidoro
652 2181 724 2216 apud
742 2181 867 2210 Photium
884 2182 955 2211 Bibl.

168 2233 196 2259 p.
218 2223 297 2252 I060.

203 2266 273 2294 Ibid.
302 2265 430 2292 Κανόθιι.
469 2265 588 2292 Κανωθὰ
613 2265 764 2292 Concilium
793 2266 957 2296 Chalcedon.

169 2316 196 2343 p.
212 2308 275 2340 660,
293 2314 420 2334 nummus
434 2306 602 2333 Κανωθαίων
617 2307 685 2340 apud
696 2306 878 2335 Vaillantium.
893 2308 959 2336 lIar-

169 2350 267 2377 duinus
286 2348 432 2376 Domitiani
453 2356 591 2374 nummum
612 2348 799 2375 ΚΑΝΛΘαιων
820 2349 898 2377 ZNP.
916 2350 958 2378 itt-

170 2391 300 2426 scriptum
318 2390 345 2417 in
361 2389 440 2417 Nunt.
464 2389 531 2418 Urb.
550 2389 636 2418 lllust.
656 2391 755 2423 edidit,
777 2391 820 2418 cui
841 2391 956 2419 similem

169 2433 306 2461 Wildiana
326 2441 392 2467 gaza
412 2437 513 2459 servat.
531 2431 674 2459 Censet-tit
696 2432 830 2462 Eusebius
845 2433 870 2460 itt
887 2433 959 2461 One.

170 2474 356 2502 mast.Ko.vdt0
382 2475 462 2508 κώμη
493 2474 542 2508 τῆς
565 2473 706 2508 Ἀραϐίας,
734 2475 818 2501 εἰσέτι
845 2475 959 2502 Καναοᾶ

170 2516 314 2552 λεγομένη.
332 2515 366 2542 Et
384 2520 445 2550 post
465 2522 549 2548 pauca
565 2523 572 2541 :
588 2515 682 2541 Κεῖται
698 2515 728 2542 δὲ
741 2515 827 2543 εἰσέτι
842 2516 889 2544 καὶ
911 2517 959 2544 νῦν

170 2559 199 2585 ὲν
213 2557 393 2594 Τραχωνίτιδι
409 2556 523 2592 πλησίον
536 2556 672 2592 Βόστρων.
691 2558 753 2584 Fuit
767 2565 832 2594 ergo
849 2563 960 2594 propter

170 2600 278 2628 Bostra.

207 2643 274 2670 Ibid.
293 2641 472 2675 Ἀδρασσός.
491 2640 522 2668 II.
541 2639 662 2669 Relando
680 2649 733 2669 non
753 2641 804 2670 alia
823 2647 865 2671 est
880 2649 959 2679 atque

171 2685 241 2712 Adra
260 2683 342 2711 Fullei
355 2683 393 2710 illi
407 2681 511 2708 Notitia
526 2682 585 2710 Jac.
600 2682 848 2717 Goari,Adrassum
860 2693 960 2712 memo-

172 2733 250 2757 rans,
276 2732 327 2752 non
348 2725 421 2752 illam
445 2728 611 2751 cumtamen
639 2724 775 2753 llierocles
801 2726 959 2761 distinguat,

171 2767 329 2800 pnestiterit
343 2770 416 2798 emn,
433 2766 483 2794 etsi
496 2766 561 2794 solae
574 2765 684 2794 Notitite
698 2767 758 2802 ejus
773 2768 957 2803 meminerint,

172 2808 277 2834 audire.

209 2849 275 2876 Ibid.
302 2850 444 2884 Ἐπαρχία
462 2850 678 2884 Αἰγυπτιακῆς.
695 2849 808 2878 Orditur
825 2851 958 2879 dimeesin

173 2890 338 2926 Egyptian),
352 2898 411 2926 qua:
424 2891 559 2919 Ammiaui
573 2897 651 2920 aetate
667 2894 786 2927 quinque
800 2900 956 2928 pt‘OtlllCIIS,

557 178 748 210 COMMENT.
771 179 810 208 IN
828 178 1036 209 HIEROCLIS
1055 179 1326 210 SYNECDEMUM.

1702 179 1773 211 1182

990 236 1119 273 Egypto,
1136 246 1194 273 qu:e
1209 236 1259 264 sub
1276 235 1429 264 Iustiniano
1441 234 1537 269 duplex
1552 240 1621 268 erat,
1639 240 1667 262 ut
1683 235 1775 264 Edict.

988 279 1023 307 15
1040 280 1153 311 indicat,
1165 278 1315 312 Thebaide,
1330 277 1426 311 Libya.
1443 276 1656 311 Augustamnica
1668 283 1694 304 et
1709 276 1777 305 Pet.-

989 321 1070 354 tapoli
1091 320 1291 351 absolrebatur,
1306 319 1343 346 uti
1357 318 1375 345 1.
1389 318 1435 348 22,
1454 325 1479 345 e.
1499 318 1543 349 I6,
1560 318 1664 346 scribit.
1677 318 1776 345 Addita

990 363 1052 390 dein
1071 362 1105 389 ab
1120 362 1240 389 Arcadio
1255 361 1418 395 imperatore
1434 359 1546 386 Arcadia
1564 365 1616 390 est.
1632 359 1707 392 cujus
1725 359 1778 386 No-

987 404 1046 430 titia
1063 404 1126 438 imp.
1144 403 1244 430 Orient.
1261 409 1285 430 c.
1303 402 1354 429 117
1371 401 1503 428 meminit.
1520 401 1584 427 Post
1598 401 1658 427 dein
1675 402 1778 435 Augus-

990 445 1106 471 tamnica
1124 443 1151 473 in
1165 444 1233 470 duas
1249 448 1290 470 est
1305 447 1389 470 secta.
1405 442 1506 469 Omnes
1522 441 1649 476 pratl'eclo
1668 443 1775 474 Angus-

990 485 1053 518 tali,
1073 485 1124 512 etsi
1147 484 1281 519 Egyptus
1302 483 1440 518 provincia
1467 483 1602 517 przccipua
1628 482 1685 514 ejus
1708 488 1779 509 esset

990 531 1069 558 sors,
1093 526 1229 560 subjectze.
1249 525 1357 552 Primus
1378 524 1474 551 ltorunt
1497 524 1703 557 Augustalium,
1728 525 1781 550 Λύ-

990 567 1168 602 γουσταλῑων.
1186 567 1208 594 si
1223 574 1275 594 non
1290 567 1359 593 fallit
1378 566 1418 593 .Io.
1439 566 1534 592 Malala
1553 571 1618 593 tom.
1637 574 1659 597 ι.
1676 575 1701 597 p.
1715 566 1780 596 290.

990 608 1131 637 Cornelius
1139 607 1191 634 fuit
1199 607 1290 635 Gallus
1302 617 1307 634 :
1319 607 1454 641 Augustus
1466 607 1537 633 enini
1547 607 1656 634 domitae.
1666 606 1782 642 [Egyplo

991 651 1108 685 equitem
1121 650 1258 684 imposuit,
1273 649 1343 684 apud
1359 649 1469 676 Dionem
1484 642 1504 675 I.
1517 656 1572 675 cxt.
1587 657 1613 682 ιι.
1627 649 1689 681 521,
1703 649 1784 675 inter-

992 699 1044 726 que
1059 691 1112 719 alia
1132 691 1326 719 dominationis
1339 697 1439 717 arcana
1454 690 1552 722 vetuit,
1570 690 1621 717 nisi
1640 691 1783 723 permissu,

992 733 1096 770 ingredi
1108 738 1260 765 senatores,
1277 732 1373 760 Tacito
1386 732 1482 759 Animi.
1499 739 1529 764 tt,
1540 731 1575 758 59
1590 736 1667 759 teste.
1683 732 1785 758 Solem.

994 776 1036 803 nis
1048 775 1168 811 praefecti
1181 774 1335 808 Augustalis
1348 775 1426 801 sedes
1438 773 1610 800 Alexandria:
1623 778 1697 806 erat;
1715 773 1785 799 unde

993 817 1114 852 ὕπαρχος
1127 817 1176 851 τῆς
1200 815 1403 850 Ἀλεξανδρείας
1420 814 1574 841 Sozomeno
1590 813 1624 841 II.
1642 816 1674 841 Ε.
1692 822 1738 844 vn,
1754 814 1786 839 lii

994 858 1104 885 dicitur.
1122 857 1283 885 Theodorus
1300 855 1501 890 Αὑγουστάλιος
1516 859 1558 882 est
1579 856 1604 881 in
1621 855 1716 881 Isidori
1737 857 1786 882 l‘e-

995 899 1099 927 lusione
1120 899 1199 933 epist.
1225 906 1266 929 Ill,
1292 898 1345 927 50.
1365 897 1434 923 alius
1451 897 1477 923 in
1500 896 1605 931 Syrtesii
1625 897 1705 929 epist.
1726 898 1785 924 ιιιῖι.

996 941 1033 968 De
1048 940 1135 968 olIicio
1152 940 1210 974 ejus
1225 940 1287 967 vide
1304 940 1321 966 Ι.
1341 940 1351 965 1
1375 944 1402 965 et
1421 938 1438 965 Ξ
1453 946 1477 965 e.
1493 939 1525 965 de
1541 937 1618 965 Ollic.
1631 937 1711 964 Pra-l‘.
1732 938 1785 964 Au-

995 987 1065 1016 gust.
1079 987 1159 1016 atque
1174 981 1261 1009 Edicl.
1282 980 1430 1008 Iustiniani
1455 980 1504 1012 I5,
1525 984 1550 1006 et
1568 979 1739 1006 Panciroltitn
1761 976 1787 1004 in

997 1024 1084 1051 Nam.
1101 1024 1164 1057 imp.
1184 1023 1286 1050 Orient.
1301 1030 1327 1049 c.
1345 1022 1405 1049 II'I.

1031 1065 1098 1092 Ibid.
1124 1063 1349 1099 Ἀλεξάνδρεια.
1371 1064 1417 1090 Dio
1432 1063 1641 1098 ChrySoStmnus
1656 1067 1727 1088 orat.
1741 1062 1786 1092 22.

997 1114 1024 1142 p.
1037 1107 1090 1134 572
1106 1107 1189 1133 totius
1203 1105 1276 1132 orbis
1287 1113 1334 1133 sua
1347 1109 1428 1132 aetate
1442 1104 1594 1139 emporium
1610 1103 1693 1130 fuisse
1707 1109 1788 1137 atque

998 1149 1114 1183 utnlique
1149 1148 1174 1174 in
1206 1155 1265 1175 eatn
1293 1154 1388 1174 omnes
1417 1146 1580 1174 c0ulluxisse
1613 1150 1787 1176 mercatores.

997 1189 1067 1217 tim:
1083 1189 1132 1221 τὰς
1150 1188 1297 1224 ἐμπορίας,
1311 1188 1407 1221 inquit,
1422 1187 1453 1213 οὐ
1466 1187 1567 1222 νήσων,
1586 1186 1647 1212 οὐδὲ
1660 1185 1787 1220 λιμένων,

998 1231 1059 1258 οὑδὲ
1070 1230 1201 1266 πορθμῶν
1212 1229 1293 1256 τινῶν
1304 1230 1351 1256 καὶ
1366 1228 1482 1263 ἰσθμῶν,
1495 1227 1562 1255 ἀλλὰ
1577 1228 1668 1262 σχεδὲν
1680 1227 1790 1262 ἀπάτης

998 1273 1048 1308 τῆς
1067 1272 1228 1306 οἰκουμένης
1246 1270 1388 1305 γίγνεσθαι
1403 1271 1468 1305 παρ’
1493 1270 1558 1305 ὑμῖν
1575 1278 1582 1296 :
1604 1277 1684 1304 qttatn
1699 1277 1789 1296 rerum

999 1315 1104 1350 copiam
1127 1319 1153 1341 et
1175 1313 1321 1341 incolarum
1345 1311 1525 1346 frequentiam
1550 1311 1594 1338 diu
1619 1311 1655 1338 illi
1678 1311 1791 1338 tlurassu

1000 1357 1108 1384 aliunde
1128 1359 1244 1383 constat.
1267 1354 1343 1381 Ilaud
1369 1354 1447 1388 longe
1473 1355 1566 1380 aberat
1592 1353 1708 1383 I‘hartts,
1731 1353 1790 1378 dein

1000 1399 1060 1426 urbi
1082 1398 1227 1433 conjuncta
1253 1405 1286 1424 ac
1307 1395 1428 1428 Majuutm
1451 1395 1559 1422 nomine
1580 1394 1705 1421 celebris.
1725 1394 1791 1420 Acta

1001 1441 1030 1468 S.
1046 1439 1108 1475 Cyri
1125 1448 1150 1467 e.
1170 1447 1210 1471 ιιι,
1229 1443 1293 1465 ιοιιι.
1310 1437 1342 1469 ll,
1358 1437 1474 1469 Ianuar.
1488 1445 1513 1470 ι).
1530 1436 1617 1464 I090:
1635 1436 1792 1471 Mujuntetcs

1001 1482 1044 1509 hic
1061 1486 1115 1508 erat
1127 1501 1135 1514 ,
1150 1488 1202 1507 non
1220 1488 1252 1506 ea:
1270 1478 1425 1506 (Iasensium
1448 1478 1568 1512 .Ilujuma
1587 1478 1708 1510 prudiens
1720 1497 1728 1508 ,
1748 1477 1792 1503 sed

1001 1531 1033 1550 ea:
1048 1523 1095 1550 illa
1111 1521 1361 1552 Alexandrinorum,
1375 1528 1454 1554 quatit
1470 1519 1586 1549 Pharus.
1603 1519 1735 1552 quondam
1753 1519 1793 1544 in-

1001 1564 1069 1596 sula,
1086 1563 1277 1597 complectitur,
1293 1569 1400 1596 qumque
1412 1569 1480 1587 nunc
1499 1560 1665 1586 Alexandria:
1680 1567 1738 1586 cum
1754 1559 1793 1584 in-

1001 1606 1095 1635 sulana
1118 1606 1223 1632 civitate
1236 1603 1381 1637 conjuncue
1396 1610 1457 1636 pars
1472 1602 1591 1633 habetur,
1608 1605 1691 1628 cetera
1706 1600 1793 1634 Maja-

1003 1655 1051 1675 mte
1081 1647 1185 1674 nomine
1212 1646 1298 1671 adhuc
1326 1649 1434 1670 retento.
1462 1643 1583 1670 Philonis
1607 1647 1685 1669 retate
1707 1641 1795 1676 αὐχὴν

1002 1689 1158 1720 ὑποταίνιος
1176 1695 1206 1715 ex
1225 1685 1311 1713 insula
1329 1685 1360 1712 ad
1380 1686 1474 1712 urbem
1493 1685 1654 1717 pertinebat,
1673 1691 1731 1717 qum
1748 1688 1794 1710 la:-

1004 1731 1060 1761 nia,
1075 1730 1108 1756 de
1124 1737 1176 1764 qua
1195 1732 1222 1755 et
1245 1726 1345 1754 Strabo
1365 1733 1432 1758 xvtt,
1452 1733 1479 1760 p.
1501 1725 1569 1756 800,
1590 1729 1634 1752 aut
1654 1725 1677 1751 si
1702 1724 1793 1751 brevia

1004 1771 1092 1802 tnalis,
1108 1770 1236 1805 paulatim
1254 1767 1435 1795 alluvionibus
1451 1766 1557 1793 videtur
1573 1769 1662 1795 aucta.
1683 1766 1717 1792 tle
1735 1765 1794 1792 l’ita

1004 1812 1084 1839 Musis
1098 1818 1127 1841 tt.
1149 1819 1176 1844 p.
1194 1810 1257 1838 659.
1279 1809 1413 1836 Catterum
1432 1807 1507 1834 ttrbis
1524 1807 1643 1841 episcopi
1667 1814 1714 1841 per
1734 1807 1795 1833 tini-

1005 1859 1109 1880 versam
1124 1851 1270 1887 Egyptum
1288 1849 1437 1877 auctoritas
1453 1848 1621 1882 amplissima
1636 1851 1705 1877 erat.
1726 1847 1794 1874 sibi-

1005 1901 1057 1928 que
1071 1893 1210 1928 subjectos
1223 1895 1332 1919 centum
1349 1890 1459 1918 circiter
1474 1889 1610 1916 autistites
1627 1888 1751 1920 habebat,
1767 1893 1797 1915 nt

1005 1935 1170 1962 Athanasius
1189 1933 1298 1967 Apolog.
1313 1940 1338 1959 ε.
1357 1932 1452 1958 Arian.
1468 1937 1494 1964 p.
1515 1929 1577 1963 187,
1594 1929 1722 1956 aftirmat.

1041 1975 1109 2004 Ib'd.
1138 1974 1342 2009 Ἑρμούπολις.
1367 1972 1451 1999 Parva
1471 1971 1652 2004 Ilertnupolis,
1671 1978 1732 2005 qua:
1747 1971 1796 2006 τῆς

1005 2016 1205 2051 Ἀλεξανδρέων
1224 2014 1317 2050 χώρας
1339 2013 1494 2048 metropolis
1514 2011 1660 2039 Ptolcutazo
1685 2012 1795 2045 dicitttr,

1007 2061 1078 2088 unde
1096 2057 1260 2086 Athanasius
1281 2055 1456 2083 Dracontium
1474 2055 1533 2089 ejtts
1555 2054 1695 2088 praisulem
1717 2055 1797 2080 tnodo

1005 2102 1056 2137 τῆς
1079 2098 1276 2135 Ἀλεξανδρέων
1294 2097 1386 2133 χώρας
1413 2096 1470 2124 sive
1494 2096 1522 2122 ἐν
1546 2097 1579 2131 τῇ
1600 2095 1798 2130 Ἀλεξανδρέων

1006 2136 1093 2179 χώρᾳ,
1106 2147 1135 2169 ut
1147 2146 1213 2168 tom.
1228 2141 1254 2171 I,
1265 2147 1292 2174 p.
1301 2139 1365 2170 263,
1375 2138 1454 2166 modo
1470 2136 1675 2172 Ἕρμου-πόλεως
1686 2137 1797 2171 μικρᾶς,

1007 2185 1088 2214 sicuti
1103 2185 1130 2212 in
1147 2183 1228 2218 epist.
1255 2183 1288 2208 ad
1306 2180 1470 2208 Antiochen.
1485 2187 1512 2214 p.
1530 2179 1592 2210 776,
1612 2183 1761 2213 nttncupal.

1044 2227 1112 2254 Ibid.
1139 2224 1334 2257 Μενελαΐτης.
1360 2221 1454 2249 Vicina
1482 2225 1541 2248 erat
1570 2220 1697 2251 Schedia,
1727 2219 1800 2246 unde

1008 2268 1218 2305 Agathodaemon
1234 2266 1345 2301 Σχεδιας
1365 2264 1413 2291 καὶ
1430 2263 1596 2305 Μενελατιου
1612 2262 1756 2297 episcopus
1770 2263 1797 2288 itt

1009 2312 1089 2346 episL
1108 2308 1251 2337 Athanasii
1270 2307 1303 2334 ad
1319 2306 1481 2334 Antiochea.
1502 2304 1623 2338 lutellige
1641 2308 1731 2331 autem
1749 2311 1799 2329 no-

1009 2345 1082 2380 mum
1104 2350 1263 2378 Menelaiteu
1281 2357 1288 2375 :
1314 2355 1378 2375 nam
1400 2347 1465 2374 ttrbs
1485 2345 1633 2377 Menelaus,
1664 2345 1686 2372 si
1709 2349 1798 2371 tamen

1010 2393 1103 2421 urbem
1117 2400 1177 2420 esse
1192 2391 1268 2422 velis,
1283 2389 1452 2417 Iustinianus
1467 2387 1538 2416 Edit.
1552 2387 1595 2420 15,
1610 2395 1634 2415 c.
1653 2386 1686 2414 I8
1699 2386 1799 2413 auxilio

1010 2435 1073 2462 erit.
1098 2432 1212 2461 Schedia
1238 2438 1322 2467 prope
1342 2430 1454 2457 Chmreu
1481 2430 1664 2459 mansionem.
1691 2427 1725 2454 de
1746 2435 1798 2460 qua

1009 2475 1074 2502 Itin.
1088 2475 1149 2501 Ant.
1160 2482 1184 2508 μ.
1198 2474 1259 2504 151,
1274 2477 1342 2499 erat.
1354 2471 1444 2498 Schol.
1458 2470 1583 2497 Nicandri
1598 2469 1717 2496 Tlteriac.
1729 2468 1798 2495 6:23:

1009 2517 1106 2552 Σχεδία
1127 2516 1156 2542 δὲ
1176 2516 1253 2546 πόλις
1269 2513 1422 2548 Αἰγύπτου,
1440 2512 1554 2546 πλησίον
1575 2511 1703 2546 Χαιρέου.
1724 2510 1800 2552 Adde

1011 2551 1062 2586 1.νό
1075 2557 1193 2586 Macrob.
1209 2565 1234 2584 c.
1255 2564 1291 2588 tv,
1314 2555 1358 2588 Il,
1375 2554 1419 2581 tibi
1437 2552 1550 2580 Latinus
1567 2553 1700 2588 interpres
1716 2551 1800 2578 Sclic-

1011 2601 1082 2628 diam
1097 2600 1189 2627 videre
1207 2606 1261 2625 non
1279 2597 1376 2632 potuit.

1046 2642 1113 2669 Ibid.
1144 2640 1286 2674 Μὲτηλις.
1313 2638 1396 2665 Recte
1415 2636 1453 2664 L.
1479 2635 1647 2663 Holstcinius
1671 2634 1798 2662 correxit.

1010 2684 1109 2711 Aberat
1128 2682 1199 2709 haud
1227 2681 1306 2715 longe
1321 2678 1485 2706 Alexandria
1514 2677 1652 2712 Stephano
1676 2679 1798 2702 auctore.

1011 2725 1117 2753 Nummi
1128 2722 1329 2752 METHAITQN
1344 2725 1405 2748 sunt
1423 2719 1494 2754 apud
1513 2718 1676 2745 llarduiuum
1692 2716 1797 2744 elVail-

1011 2767 1133 2798 lantiunt,
1151 2773 1182 2793 ac
1194 2764 1337 2799 episeopus
1354 2763 1486 2789 Macarius
1499 2760 1658 2795 Μετηλιτῶν
1670 2760 1696 2786 in
1712 2759 1800 2794 Ephe-

1012 2808 1071 2836 sino
1084 2806 1199 2834 concilio
1214 2814 1240 2840 p.
1259 2805 1322 2832 551.

1048 2850 1113 2877 Ibid.
1134 2849 1257 2880 Βοῦτος.
1274 2847 1349 2874 llaud
1365 2846 1445 2880 longo
1468 2843 1609 2871 intervallo
1628 2847 1730 2869 semota
1748 2841 1803 2867 fulti

1014 2893 1048 2921 ab
1067 2891 1138 2920 ostio
1151 2889 1324 2919 Sebentiitico
1338 2909 1345 2922 ,
1362 2888 1453 2914 Βιυτὼ
1471 2893 1587 2922 quoque,
1602 2885 1638 2912 uti
1651 2883 1800 2920 Epiphanio
