1911 3071
139 134 210 167 1ὶὸἴί

140 190 227 218 tom.|
243 198 268 224 p.
301 188 379 220 I092,
397 189 585 224 Egyptiorum
617 196 692 216 more
721 190 802 216 tlit‘ta.
820 189 929 215 Teonas

138 233 279 266 cpiscopus
292 230 425 257 Βουτιτῶν
437 231 583 258 subscribit
605 231 710 266 synodo
721 231 929 264 Constantinop.

139 275 189 301 sub
204 273 344 300 Gennadio
358 273 429 307 apud
456 272 629 300 Lambecium
648 273 707 299 Bibl
719 294 725 300 .
751 272 862 300 Vindob.
879 280 928 300 vni

138 323 166 350 p.
184 314 246 346 425,
271 315 387 341 Ammon
406 313 560 348 Βουτητῶιν,
584 314 636 343 levi
665 314 742 346 vitio,
772 314 930 349 Ephesiana:

145 365 172 390 ιι.
195 356 258 383 551.

172 397 231 424 Col.
251 397 314 425 I53.
330 397 487 424 Κάὸασσα.
504 396 620 424 Κάϐασα
633 396 803 430 Ptolemreus,
819 402 845 424 et
857 397 921 424 ΚΑ-

138 439 285 466 ΒΑΣΙΤΩΝ
304 438 417 466 nummi.
435 438 637 473 Theopemptus
651 439 798 470 Καὸἀσων,
812 447 860 473 pro
874 446 928 472 quo

139 489 192 508 ms.
207 480 370 512 Καυάσσων,
384 487 483 507 nomen
499 479 635 513 Ephesino
652 480 766 507 concilio
780 489 806 514 p.
829 479 877 507 551
902 484 930 506 et

136 522 302 549 (.halredon.
321 529 345 556 p.
365 521 417 548 127
434 520 570 554 ascripsit.

173 561 241 589 Ibid.
258 562 339 595 Σάνς.
355 561 391 590 Ita
405 563 489 590 codex
505 561 705 597 Lugdunensis.
723 561 845 589 Nobilem
859 563 929 589 hanc

139 604 307 638 cognominis
321 603 391 630 norni
408 605 502 631 urbem
519 603 655 631 Nicander
669 603 787 630 Tlteriac.
802 603 853 630 567
863 603 929 629 Σάϊν

137 644 317 671 αέθαΜεσσαν
331 644 448 678 appellat
465 664 472 676 ,
487 646 530 671 tibi
545 644 716 675 seholiastcs,
738 645 812 675 Σάῑς,
829 645 926 678 inquit,

138 685 214 716 πόλις
232 685 381 719 Αἰγύπτου,
407 686 532 720 γέμουσα
546 686 746 720 ἱπποποτάμων
763 694 770 700 '
786 686 929 712 αἰθαλόεσ-

139 735 188 752 σειν
203 726 232 752 δέ
262 735 355 760 φησιν,
377 727 439 752 ἐπεὶ
465 727 638 761 μελανόγειός
652 728 732 755 ἐστι..
751 727 846 754 Incolae
868 726 929 754 Sai-

136 773 183 799 tm,
198 773 227 794 ut
257 769 290 794 ab
305 768 425 801 ejusdem
445 768 562 795 nominis
579 769 604 794 in
626 768 741 794 Thracia
758 768 863 795 civibus
885 769 927 795 di-

137 809 303 842 tinguanlttr.
322 808 379 834 Vita
395 810 467 835 Arati
486 809 510 835 in
528 808 675 844 Uranolog.
695 809 796 836 I'ctavii
815 817 841 844 p.
859 809 927 836 ἱεὶς

137 849 193 876 Καὶ
209 850 262 884 γὰρ
278 850 341 880 Eii;
352 850 427 881 πόλις
437 850 511 886 ἐστιν
527 850 555 876 ὲν
570 851 675 886 Θρᾴκῃ,
691 850 737 877 καὶ
752 850 833 885 ἑτέρα
840 850 927 885 ταύτῃ

136 891 280 926 ὁμώνυμος
302 893 331 917 ἐν
342 893 472 926 Αἰγύπτῳ
481 900 487 906 ·
498 892 556 919 ἀλλ’
567 893 620 919 ἀπὸ
639 893 687 927 μὲν
697 893 746 927 τῆς
758 894 786 919 ἐν
797 893 928 928 Αἰγύπτῳ

134 932 160 958 ol
176 932 280 959 πολῖται
294 932 391 960 Σαῗται
409 933 566 966 καλοῦνται,
579 935 602 960 οῑ
612 934 640 960 δὲ
657 934 707 969 τῆς
720 934 830 969 Θρᾴκης
842 934 926 961 Σάῐοι.

171 973 238 1001 Ibid.
259 975 437 1008 Ναύκρατις.
465 975 492 1001 In
522 972 617 1002 eodem
637 980 697 1003 erat
719 983 809 1008 nomo,
825 975 926 1002 ﬂiiiiiiui

136 1015 282 1043 accubans.
301 1016 394 1044 Esaias
433 1017 630 1052 Ναυκρατιτῶν
654 1018 755 1053 synodo
770 1017 927 1044 Constanti-

141 1065 204 1091 nop.
224 1058 274 1084 sub
298 1057 439 1085 Gennadio
456 1059 526 1092 apud
546 1058 719 1086 Lambeciuni
736 1057 804 1085 Bibl.
826 1058 926 1086 Czcsar.

136 1098 153 1125 8
168 1107 195 1132 ιι.
213 1099 267 1125 425
283 1099 456 1133 subscripsit.

173 1140 239 1167 Ibid.
264 1140 402 1174 Ἀνδρῶν.
425 1140 510 1168 Ilahct
523 1142 585 1168 Ant.
603 1141 668 1169 Itin.
690 1149 715 1174 ιι.
738 1143 796 1169 154.
814 1141 927 1170 Carolus

138 1192 151 1208 a
173 1183 202 1208 S.
221 1182 303 1209 I‘aqu
333 1183 359 1209 in
387 1183 528 1210 Athanasii
558 1184 591 1210 ad
620 1183 822 1211 Anthiorhenos
845 1185 925 1217 epist.

138 1234 164 1258 p.
183 1224 233 1250 776
250 1226 449 1251 Andromenain
479 1224 607 1258 appellari
632 1229 735 1256 censet,
753 1233 848 1252 errore
863 1226 928 1252 ridi-

138 1266 209 1292 culo.
243 1265 428 1293 Meuiorantur
458 1265 521 1293 inibi
546 1265 645 1296 Ζώῖλος
676 1266 797 1301 Ἀνδρὼ,
830 1267 926 1301 Μηνᾶς

138 1307 290 1342 Ἀντίφρων
308 1307 427 1341 episcopi
452 1315 459 1334 :
488 1308 549 1334 hinc
565 1301 763 1334 Andromenum
781 1308 926 1344 exstruxit,

137 1355 165 1374 ιιι
187 1348 351 1375 Iiciiediclini
367 1349 471 1382 pridem
488 1353 660 1376 monuerunt.
680 1348 746 1376 Vide
764 1349 927 1384 XCIIOpIIOIl-

136 1394 189 1417 tem
208 1390 303 1424 Eplies.
327 1390 346 1421 l,
365 1389 410 1416 4|.

173 1431 239 1459 Ibid.
255 1431 384 1467 _Nt7tlov.
400 1431 467 1458 Vide
484 1433 544 1458 Ant.
569 1431 635 1458 ltiti.
654 1439 679 1465 p.
696 1432 757 1458 155.
778 1432 926 1466 Episcopus

137 1474 186 1508 τῆς
213 1473 356 1500 Νικιωτῶν
370 1479 411 1500 est
425 1473 450 1499 in
473 1473 602 1506 synodica
618 1473 749 1500 Gennadii
765 1474 832 1508 apud
847 1473 927 1500 Lam-

137 1515 251 1542 beciuni.

172 1555 239 1583 Ibid.
274 1556 354 1588 Ξόῖς.
373 1555 444 1583 Urbs
468 1555 582 1582 insulam
609 1555 635 1582 in
659 1563 740 1582 nomo
764 1556 927 1591 Sebennyti-

136 1607 168 1626 cu
193 1597 346 1628 insidebat,
361 1597 442 1624 Oruc.
468 1596 552 1631 Stbyll
567 1616 574 1622 .
598 1597 623 1624 I.
655 1605 680 1629 ι’,
704 1605 739 1631 p.
771 1598 822 1624 507
847 1597 927 1629 Ξοῡϊς

135 1640 206 1666 dicta
221 1647 227 1664 :

138 1687 248 1719 Θμοῐιῒς
261 1685 313 1722 νκαὶ
328 1686 418 1718 Ξοῦνς
432 1686 566 1722 θλίϐεται
592 1686 641 1712 καὶ
660 1687 799 1714 κόπτεται
824 1687 925 1722 ,βούλῃ

141 1721 322 1756 Ἡρακλέους
337 1729 369 1748 τε
385 1722 452 1753 Διός
466 1729 496 1748 τε
515 1720 568 1747 παὶ
589 1722 732 1756 Ἑρμείαο.

135 1770 186 1803 Qui
202 1777 305 1802 versus,
323 1769 346 1796 si
365 1769 391 1796 in
414 1769 513 1804 prioris
531 1769 583 1796 Iiue
609 1769 701 1796 Βουτὼ
725 1770 866 1804 scripseris
898 1775 926 1797 et

135 1811 279 1846 posteriori
296 1810 446 1843 addideris.
472 1818 505 1838 ue
529 1811 672 1844 claudicet,
691 1812 791 1846 πόληες
806 1831 812 1842 ,
830 1811 926 1838 melius

135 1854 279 1880 tIeClll’lelll
323 1852 469 1887 pluresque
492 1851 603 1887 [Egypti
627 1852 857 1887 comprehendent
877 1860 921 1879 ur-

135 1898 193 1921 Des.

170 1935 237 1962 Ibid.
253 1935 423 1969 Φραυύνης.
440 1935 581 1968 Φράγωνις
598 1939 700 1962 rectum
713 1935 837 1963 videtur:
852 1941 926 1964 certe

135 1977 298 2004 Athanasius
312 1977 394 2011 epi~t.
418 1977 452 2004 ad
480 1977 644 2004 Antiochea.
664 1985 690 2010 p.
711 1977 763 2004 77G
789 1977 924 2011 Agathum

135 2019 174 2044 ait
196 2018 344 2048 antistitem
371 2017 538 2052 Φριγώνεως
555 2018 602 2044 καὶ
619 2018 719 2053 μέρους
734 2020 783 2053 τῆς
811 2018 924 2053 Ἐλεαρ-

135 2059 196 2094 χίας
210 2060 261 2092 τῆς
286 2059 425 2093 Αἰγύπτου
444 2059 535 2090 fuisse,
551 2060 648 2092 quibus
661 2060 773 2094 pariter,
790 2061 834 2088 ubi
847 2068 924 2095 qua:-

136 2101 217 2129 reuda
238 2101 292 2133 sit,
318 2102 455 2128 indicavit.
481 2101 510 2127 In
534 2100 651 2128 Liberali
678 2101 815 2128 Breviurio
841 2109 873 2129 c.
891 2102 925 2130 M

135 2147 321 2170 mcmorantur
335 2143 501 2170 Athanasius
517 2142 661 2177 episcopus
683 2142 803 2170 Busirios
819 2149 847 2170 et
863 2143 923 2172 Ne-

133 2183 234 2211 st0rius
270 2183 441 2218 Phlagoneos
478 2189 506 2211 et
536 2184 677 2211 Auxouius
707 2184 923 2217 Cabasencnsis,

134 2233 249 2259 quorum
265 2226 369 2253 medius
384 2225 569 2261 Phragoneos,
583 2226 694 2253 ultimus
706 2226 880 2259 Cabasensis,
892 2228 925 2255 de

133 2267 211 2300 cujus
222 2267 289 2294 urbe
303 2272 377 2300 ante,
393 2268 482 2295 verius
500 2268 689 2303 appellabitur.
699 2269 855 2303 Φραγονέας
867 2270 924 2297 sive

133 2309 284 2342 Φλαγονέας
313 2308 431 2343 (variant
448 2309 520 2336 enim
542 2311 619 2340 mss.)
639 2310 735 2344 prmsul
750 2310 837 2338 adfuit
859 2318 925 2338 con-

134 2351 197 2378 cilio
212 2350 357 2385 I‘Ipliesino.
375 2351 434 2378 vide
449 2359 476 2386 p.
493 2351 545 2378 639
565 2356 591 2378 et
607 2351 669 2378 550.

169 2392 235 2420 Ibid.
254 2392 440 2430 Παχνεμίίης.
456 2392 603 2420 Ptolema‘o
634 2393 925 2428 Παχναμουνίς,Αι1ι;ιο

133 2433 212 2461 nasio
232 2434 418 2468 Παγνεμουνίς
433 2443 440 2461 :
455 2435 612 2469 episcopum
629 2434 700 2461 enim
716 2435 742 2461 iu
766 2435 878 2469 cpistola
890 2436 923 2462 ad

132 2475 512 2503 AutliiocheuosAmiuoniuni
520 2475 603 2502 fuisse
612 2476 648 2502 ait
655 2476 867 2511 Παχνεμουνέως
878 2477 924 2504 καὶ

133 2516 180 2543 τοῦ
196 2516 291 2543 λοιποῦ
313 2517 414 2552 μέρους
437 2516 488 2552 τῆς
508 2517 666 2552 Ἐλεαρχίας
682 2525 689 2544 :
708 2518 778 2545 unde
797 2524 921 2552 apertum

134 2559 200 2586 mihi
222 2565 264 2586 cst
281 2559 350 2586 hanc
368 2559 501 2593 superiori
514 2559 596 2587 fuisse
612 2560 739 2596 vicinam.
749 2564 776 2587 et
792 2560 817 2586 in
830 2560 924 2587 Eicar-

134 2601 205 2630 cbia.
234 2601 266 2627 de
281 2608 333 2634 qua
350 2601 532 2635 postmodum,
549 2601 675 2636 positam.

171 2643 236 2669 Ibid.
250 2643 427 2673 Σεϐόνυτσς.
439 2642 598 2674 Σεδεννυτῦς
613 2646 732 2675 praestat,
742 2642 791 2669 sita
808 2647 840 2668 au
850 2642 924 2676 cjus-

134 2683 194 2711 dem
210 2684 327 2711 nominis
350 2683 460 2711 ﬂuvium
477 2685 546 2718 apud
562 2684 736 2711 Ptolemmum
761 2688 790 2711 et
805 2683 921 2718 Stepha-

136 2733 208 2752 nmn.
226 2725 323 2752 Paulus
338 2725 501 2752 Σεδεννυτοῦ
526 2725 674 2753 subscribit
692 2725 834 2761 Synodica:
851 2725 923 2753 ch-

135 2767 205 2792 nadii
223 2767 291 2800 apud
308 2766 481 2794 Lauibccium
498 2767 530 2794 Β.
552 2767 620 2794 Cm.
639 2775 686 2794 VIII
709 2775 734 2802 p.
753 2767 814 2795 425.

170 2807 236 2832 Ibid.
277 2807 426 2840 Ὄνουερις.
450 2808 588 2843 Stephano
611 2810 687 2841 πόλις
708 2810 757 2836 οὐκ
772 2810 920 2843 ἄγνωστος,

135 2846 283 2874 Athanasio
302 2848 428 2881 Ὅνουφις
444 2850 491 2883 τῆς
509 2850 617 2885 Λύχνων
644 2852 724 2886 cpist.
741 2851 775 2878 ad
790 2850 918 2879 Antioch.

659 134 847 165 ADDENDA.
868 147 901 152 —
921 135 954 164 P.
976 135 1228 166 WESSELINGII

1707 136 1795 171 ttat

984 196 1010 222 p.
1037 189 1101 220 776,
1128 190 1198 217 haud
1218 192 1276 219 scio
1302 198 1354 225 qua
1382 190 1416 218 de
1443 199 1533 220 causa.
1554 192 1592 220 De
1616 193 1689 220 Tava
1707 194 1788 221 Itin-

983 230 1048 256 Ant.
1065 239 1091 264 ιι.
1114 231 1175 258 I55.
1417 259 1422 263 ,

1017 271 1073 298 Ibid
1087 291 1093 298 .
1117 273 1305 307 Κλεοπάτρα.
1319 273 1489 308 Κλεοπατρὶς
1506 275 1557 302 alia
1583 275 1609 302 in
1643 276 1760 303 Notitia
1779 285 1791 310 ;

981 320 1061 346 quam
1080 313 1196 341 Carolus
1220 322 1234 340 a
1257 315 1286 342 δ.
1309 313 1392 341 Paulo
1411 322 1496 349 prope
1514 315 1688 351 Ileruiopolin
1711 326 1789 351 par-

982 361 1043 380 vam
1057 353 1139 386 locat,
1159 355 1366 389 indignantibus
1380 360 1408 382 et
1430 355 1505 383 nullo
1529 362 1641 384 auctore
1663 359 1689 385 id
1717 359 1786 385 ﬁeri

980 395 1201 422 asseverantibus
1226 396 1408 423 Benedielinis
1423 397 1456 423 ad
1472 397 1597 425 tabellam
1610 400 1783 434 geographi—

980 443 1051 468 cam,
1068 444 1148 470 quam
1161 437 1311 466 Athanasio
1326 437 1498 465 addiderunt.
1513 439 1604 473 Neque
1619 448 1685 468 sane
1700 441 1783 475 inju-

981 477 1040 503 ria:
1061 478 1122 511 quis
1141 478 1214 504 enim
1230 483 1351 505 veterum
1365 479 1438 506 hunc
1449 479 1486 505 illi
1503 479 1589 507 locum
1603 481 1759 516 assignavit
1770 483 1783 510 1’

988 517 1091 545 Nollem
1107 523 1199 547 tamen
1209 519 1406 554 Cleopatridem
1420 521 1519 547 nullam
1534 521 1612 548 aliam
1626 529 1783 558 esseatquc

979 559 1123 592 Arsinoen,
1144 564 1217 587 tanta
1239 568 1300 588 cum
1324 561 1488 589 conﬁdentia
1508 562 1701 591 altirmassenl.
1716 567 1776 592 Ar-

979 601 1074 627 sinoen
1084 600 1264 635 Cleopatridis
1271 602 1380 630 nomine
1394 603 1526 638 insignem
1539 604 1632 637 fuisse,
1644 605 1779 633 Straboni

981 641 1013 667 I7
1040 649 1066 676 ιι,
1091 642 1144 669 804
1161 644 1333 671 aceredimus
1355 652 1361 670 :
1380 649 1408 671 at
1432 652 1464 671 ea
1491 646 1525 672 ab
1546 645 1596 673 hac
1633 648 1778 680 provincia

981 682 1138 718 longissime
1167 685 1263 716 abest,
1292 685 1362 712 siuui
1389 685 1506 713 Arabico
1535 689 1666 721 apposita.
1697 688 1779 716 Hanc

980 732 1046 752 vero
1061 733 1122 752 eum
1139 725 1250 752 Notitiw
1267 732 1425 761 agnoscant,
1441 732 1468 754 ct
1484 728 1684 764 Κλεοπατρίδος
1697 731 1778 757 anti-

979 769 1035 792 stes
1051 766 1085 792 sit
1099 766 1125 792 in
1139 766 1262 794 Concilio
1276 767 1374 802 Ephes.
1395 775 1421 801 p.
1443 769 1504 801 551,
1534 769 1777 806 distinguaturqne

979 807 1013 833 ab
1024 807 1153 841 episcopo
1166 808 1194 834 ὲν
1205 809 1360 844 Ἀρσινοῗτῃ
1372 809 1398 835 in
1411 809 1509 836 Meletii
1521 809 1658 838 Bremiario
1669 821 1694 846 p.
1708 813 1775 845 I87,

979 848 1050 875 haud
1067 856 1132 876 sane
1147 849 1265 876 absurde
1281 850 1433 884 Cleopatris
1448 859 1526 878 suum
1539 852 1589 879 sibi
1603 853 1692 880 locutu
1707 859 1775 881 tue-

980 890 1063 917 bitur.
1090 889 1168 917 Diccs
1190 890 1237 916 τοῦ
1265 891 1432 926 ’Λρσινοῖτου
1458 893 1600 926 praesulem
1624 902 1676 921 non
1694 896 1774 922 urbis

979 930 1118 964 Arsinoes,
1137 931 1183 958 sed
1201 932 1257 966 agri
1278 932 1359 959 vicini
1378 933 1461 960 fuisse
1476 942 1483 960 :
1510 934 1580 961 umle
1595 942 1658 962 vero
1675 937 1775 970 proba~

980 973 1077 999 bitur?
1097 973 1188 1007 Neque
1208 974 1279 1000 enim
1298 974 1357 1001 sine
1385 975 1539 1002 testimonio
1554 976 1579 1002 in
1606 976 1656 1003 hoc
1669 985 1775 1011 genere

979 1015 1105 1048 cuiquam
1114 1014 1260 1042 credimus.
1271 1016 1348 1042 Addo
1357 1016 1553 1050 superioribus,
1569 1017 1772 1051 Cleopatridcm

980 1057 1006 1082 in
1024 1057 1159 1090 Eplicsino
1174 1064 1199 1090 p.
1216 1057 1268 1084 459
1285 1056 1365 1084 Tavze
1378 1062 1407 1083 et
1425 1057 1552 1084 Clialccd.
1570 1066 1596 1092 p.
1625 1059 1675 1085 I27
1695 1059 1773 1087 Busi-

979 1098 1039 1127 ridi.
1063 1098 1174 1124 urbibus
1195 1098 1274 1132 bujns
1293 1099 1449 1132 provincia-,
1462 1098 1548 1134 iungi.

1015 1139 1081 1165 Ibid.
1099 1139 1194 1165 Κυνώ.
1211 1138 1272 1166 Ilmc
1284 1145 1326 1167 est
1340 1140 1356 1174 ἡ
1373 1140 1447 1166 κάτω
1459 1141 1549 1170 Κυνώ,
1570 1149 1584 1167 a
1598 1141 1668 1168 'I‘ava
1681 1142 1716 1168 30
1734 1142 1770 1170 M.

979 1179 1007 1206 I’.
1028 1186 1130 1206 remota
1145 1186 1171 1206 et
1184 1180 1270 1206 Busiri
1289 1181 1392 1213 vicina;
1410 1182 1480 1208 mide
1496 1181 1637 1208 IIerina-on
1650 1183 1678 1208 ὲν
1687 1183 1772 1217 Κυνῴ

981 1222 1028 1248 καὶ
1054 1221 1164 1256 Βούσιρι
1185 1222 1300 1248 antistes
1318 1222 1344 1249 in
1371 1222 1470 1250 Melclii
1493 1222 1630 1250 Breriario
1654 1232 1680 1259 ρ.
1705 1225 1769 1252 188.

981 1263 1043 1290 Vith
1057 1264 1153 1290 Aulon.
1170 1263 1234 1289 ltili.
1253 1272 1277 1298 p.
1301 1264 1360 1290 I53.

1013 1311 1080 1338 Ibid.
1101 1312 1268 1346 Βοιισίρης.
1297 1311 1410 1338 ΙδιἋιειιιῑ
1436 1314 1569 1345 Βουπιρις.
1600 1314 1723 1340 Znniras
1752 1323 1766 1340 a

978 1353 1145 1380 Diocletiano
1177 1362 1301 1381 eversam
1345 1361 1373 1380 ct
1400 1354 1648 1387 imprmlcntissime
1667 1355 1770 1383 Thebis

977 1394 1110 1429 Egyptlis
1137 1396 1252 1421 vicinam
1281 1395 1380 1421 tralit:
1400 1400 1459 1421 erat
1487 1396 1559 1421 enim
1585 1397 1656 1422 intra
1680 1396 1767 1423 Delta.

978 1435 1055 1462 Paria
1069 1436 1102 1463 de
1119 1436 1284 1463 Diocletiano
1307 1436 1372 1462 .Icla
1393 1436 1420 1463 S.
1444 1435 1567 1470 Procopii
1584 1446 1608 1463 (ι.
1636 1437 1645 1463 I
1666 1443 1732 1464 ιοιιι.
1749 1438 1768 1464 II

976 1476 1029 1503 Jul.
1047 1485 1072 1510 p.
1091 1478 1134 1503 55.
1155 1477 1186 1502 Et
1213 1478 1295 1504 libros
1324 1478 1473 1508 chcmicos,
1503 1486 1536 1504 ne
1557 1477 1675 1513 Egyptii
1690 1479 1768 1510 artis,

979 1519 1070 1545 multis
1081 1519 1328 1550 desideratissima',
1339 1519 1441 1545 auxilio
1449 1527 1508 1546 sese
1520 1519 1723 1552 Iocupletaretu,
1735 1521 1769 1547 ab

975 1560 1069 1586 eodem
1085 1565 1195 1587 exustos
1214 1560 1346 1592 referunt,
1366 1561 1444 1594 plane
1473 1562 1506 1588 ad
1529 1561 1622 1588 Suida:
1650 1567 1767 1590 mentem

977 1601 1002 1626 in
1014 1601 1211 1636 Διοχλητιανός.
1220 1601 1277 1629 Jos.
1286 1607 1374 1629 tamen
1384 1602 1614 1634 I’inius,ActorunI
1624 1603 1768 1636 interpres,

977 1641 1084 1669 Busirin
1105 1644 1199 1669 urbem
1222 1645 1313 1671 videro
1329 1644 1424 1676 noluit,
1439 1652 1501 1671 cum
1523 1645 1658 1679 προσῆλθε
1672 1645 1698 1671 δὲ
1721 1647 1767 1671 καὶ

977 1686 1058 1718 μέχρι
1069 1684 1219 1719 Βουσίρεως
1246 1685 1281 1711 ad
1308 1685 1439 1712 Busiridis
1468 1694 1549 1720 usque
1574 1687 1766 1713 immanitatem

975 1726 1098 1759 processit
1114 1727 1201 1753 vertit.
1214 1726 1265 1753 Ath
1276 1727 1379 1753 inasius
1392 1727 1417 1753 iu
1435 1726 1494 1753 Vilu
1508 1728 1614 1754 Antonii
1623 1735 1647 1754 c.
1657 1728 1691 1754 58
1703 1728 1767 1753 Βού-

977 1778 1048 1804 σιριν
1061 1769 1109 1804 τὴν
1132 1770 1257 1804 τρίπολιν
1273 1769 1366 1801 habet,
1387 1778 1467 1803 quam
1484 1775 1603 1796 nostram
1622 1777 1683 1797 esse
1700 1771 1766 1796 Acta

975 1811 1219 1843 Chalcedonensia,
1245 1811 1342 1845 quibus
1354 1811 1519 1838 Athanasius
1535 1811 1647 1838 antistes
1667 1812 1763 1838 Βουσί-

977 1861 1046 1887 ρεως
1066 1853 1217 1886 τριπόλεως
1239 1852 1300 1878 κατ’
1315 1853 1451 1886 Αἴγυπτον
1463 1859 1489 1886 p.
1518 1852 1569 1879 188
1595 1852 1765 1886 subscribit,

976 1894 1037 1920 (ΙιιΙιῙ
1044 1899 1100 1920 tare
1123 1898 1222 1920 vetant.

1011 1936 1076 1963 Ibid.
1085 1936 1201 1968 Ὠαο-ις.
1213 1936 1318 1966 Ὀασις.
1330 1935 1374 1961 list
1388 1939 1475 1961 autem
1493 1943 1574 1969 parva
1588 1934 1666 1962 Oasis
1679 1944 1686 1962 :
1701 1936 1766 1963 duas

975 1979 1047 2004 enim
1061 1976 1219 2007 I’tolenneus
1230 1983 1257 2003 et
1270 1976 1373 2003 Nomia
1389 1977 1451 2009 imp.
1470 1975 1499 2003 Οι
1507 1977 1571 2003 ient.
1584 1985 1608 2003 c.
1626 1977 1676 2003 II?)
1686 1982 1766 2011 atque

976 2019 1021 2045 alii
1036 2023 1146 2049 norunt,
1166 2023 1220 2045 tres
1235 2018 1334 2045 Strabo
1357 2017 1386 2044 I7
1404 2026 1429 2052 p.
1443 2018 1496 2044 815
1509 2024 1537 2044 et
1559 2017 1766 2053 Olyinpiudorus

974 2061 1046 2093 apud
1071 2059 1195 2086 Pbotium
1217 2060 1277 2086 cod.
1298 2060 1332 2086 80
1350 2067 1376 2093 p.
1396 2059 1458 2086 I9I.
1478 2058 1540 2086 “me
1556 2059 1628 2087 circa
1647 2059 1765 2087 Mteridis

977 2102 1026 2128 fuit
1038 2102 1124 2129 lacum
1143 2110 1150 2129 :
1163 2102 1278 2128 fortasse
1293 2101 1388 2128 eadem
1402 2109 1482 2135 quam
1497 2100 1633 2128 Palladius
1650 2102 1675 2128 in
1701 2101 1760 2128 Vita

975 2143 1154 2178 Cltrysostomi
1170 2151 1197 2178 p.
1215 2143 1278 2174 I95,
1309 2144 1405 2170 Ὄασιν
1421 2142 1471 2177 τὴν
1485 2142 1593 2176 γείτονα
1611 2142 1665 2168 τῶν
1683 2143 1765 2174 Μαξίο

975 2193 1040 2217 κων,
1060 2189 1086 2212 et
1098 2184 1215 2212 Joannes
1231 2184 1359 2211 Romanae
1375 2184 1504 2211 Ecclesize
1519 2184 1650 2211 diaconus
1664 2183 1762 2211 inVitir

976 2226 1084 2254 Patrum
1109 2234 1133 2253 c.
1161 2226 1194 2252 12
1219 2225 1316 2257 Onam,
1347 2226 1391 2252 ubi
1414 2233 1494 2260 genus
1520 2230 1558 2252 est
1586 2225 1762 2259 Nasicorum,

975 2267 1110 2302 appellant
1128 2276 1135 2294 :
1156 2268 1281 2302 Mazyccs
1297 2267 1395 2300 quippe
1414 2267 1604 2294 Marmaricam
1623 2267 1685 2294 huic
1701 2275 1765 2294 con-

976 2310 1056 2336 Iincm
1079 2309 1233 2336 incolebant
1249 2328 1255 2339 .
1280 2307 1492 2343 I‘cntapolitanis
1512 2316 1584 2342 stupe
1611 2308 1711 2339 infesti.
1736 2314 1763 2336 ut

975 2351 1094 2378 diximus
1105 2351 1179 2377 :IIIIIi.
1195 2351 1329 2385 Josepbus
1347 2352 1373 2377 iu
1394 2351 1507 2384 Appian.
1533 2360 1564 2379 II.
1588 2351 1604 2378 5
1628 2352 1656 2376 ὲν
1674 2351 1762 2378 Ὀἁσει

975 2393 1024 2428 τῆς
1041 2393 1178 2426 Αἰγύπτου
1207 2393 1337 2428 Apiouem
1354 2393 1438 2419 fuisse
1457 2398 1549 2418 natou.
1573 2393 1701 2425 aflirinal,
1720 2394 1761 2426 qui

975 2442 1036 2461 cum
1052 2442 1112 2469 cap.
1127 2435 1144 2461 4
1169 2435 1294 2462 eumdem
1315 2436 1345 2461 ἐν
1370 2434 1410 2469 τῷ
1435 2434 1579 2468 βαθυτάτῳ
1606 2435 1655 2468 τῆς
1681 2435 1760 2468 Αἰγύ-

975 2482 1043 2503 πτου
1072 2476 1175 2503 editum
1203 2476 1358 2510 prolitetur.
1387 2477 1457 2502 hanc
1477 2484 1510 2501 au
1530 2476 1659 2510 majorem
1683 2476 1760 2503 Oasiu

975 2519 1140 2546 intellexerit
1156 2518 1288 2544 incertum
1304 2518 1423 2552 reliquit.
1439 2517 1534 2544 Mirum
1553 2522 1644 2545 autem
1657 2523 1699 2544 est
1711 2517 1761 2544 Ma-

976 2565 1067 2588 reolen
1086 2567 1195 2586 nomnni
1225 2559 1260 2586 ab
1286 2558 1411 2586 Hierocle
1433 2560 1576 2593 prmteriri,
1597 2567 1678 2593 quem
1707 2560 1761 2587 alia:

975 2601 1087 2628 Notitiw
1104 2606 1131 2628 et
1145 2600 1325 2628 Conciliorum
1340 2600 1406 2626 Acta
1419 2608 1489 2634 saepe
1501 2606 1662 2627 memorant.
1672 2599 1762 2627 Obiter

975 2643 1128 2670 notabimus
1145 2642 1287 2668 ridiculum
1296 2641 1420 2669 Corderii
1433 2649 1564 2672 errorem,
1579 2641 1635 2668 haec
1654 2640 1760 2668 Joannis

975 2684 1115 2716 Pbiloponi
1129 2683 1148 2710 I.
1168 2683 1185 2710 5
1199 2683 1233 2710 de
1246 2682 1341 2709 Mundi
1356 2682 1445 2711 Great.
1460 2690 1486 2710 c.
1500 2690 1526 2709 v.
1543 2682 1685 2717 Ἑλλειπής
1698 2690 1759 2708 ποτε

974 2725 1021 2752 τοῦ
1041 2725 1137 2751 Νείλου
1154 2724 1266 2758 γέγονεν
1278 2725 1294 2758 ὴ
1308 2724 1436 2755 ἐπιδισις
1448 2745 1455 2756 ,
1477 2724 1524 2751 καὶ
1544 2724 1593 2758 τῆς
1607 2724 1706 2758 λίμνης
1716 2725 1759 2757 τῆς

976 2766 1144 2800 καλουμένης
1162 2767 1272 2801 Μαρίας
1288 2765 1370 2800 βάθος
1380 2766 1430 2792 οὐκ
1443 2765 1557 2800 ἐχούσης
1570 2766 1637 2792 πολὺ
1657 2765 1701 2792 διὰ
1715 2765 1759 2801 τὴν

975 2809 1021 2835 τοῦ
1038 2809 1132 2840 ὓδατος
1152 2809 1265 2841 ἔνδξιαν,
1287 2809 1426 2840 vertentis,
1442 2807 1555 2842 Contigit
1575 2808 1718 2842 aliquando
1737 2814 1759 2833 ut

978 2849 1035 2877 Nili
1050 2858 1173 2878 ascertsur
1186 2854 1252 2878 esset
1270 2850 1412 2885 pertenuis,
1436 2854 1459 2877 et
1475 2857 1532 2876 cum
1549 2849 1634 2882 linus,
1652 2848 1758 2884 Μαρίας
