1911 3071
133 130 206 162 1185

133 188 218 224 βάθος
236 188 395 222 appellatus,
424 188 546 223 deﬁceret
565 194 671 223 propter
688 195 762 222 aqua
775 187 921 221 penuriam.

131 231 241 259 Felellit
257 232 392 258 hominem
406 232 545 258 distinctio
560 233 629 258 nmle.
644 232 729 265 pos'ta
747 240 754 257 :
775 230 923 259 debuerat,

130 282 193 300 cum
210 273 295 302 latus.
317 272 407 300 Maria
427 273 524 304 dictus,
540 272 687 306 profundus
708 280 759 298 non
779 276 855 298 esset.
873 270 923 297 Pa-

132 315 209 341 tebat
225 314 308 346 lacus,
324 322 403 348 supra
418 321 496 348 quem
510 313 607 345 Nitria,
624 312 764 340 monachis
778 313 842 339 olim
854 312 928 340 cele-

132 355 269 386 berrima,
287 362 348 382 sese
364 355 533 390 porrigebat,
550 354 584 381 ill.
605 354 634 381 Ρ.
664 354 698 382 70
711 375 718 386 ,
743 355 765 381 si
788 352 925 380 Palladius

135 396 238 423 ΙΙὶειοτ.
260 396 398 423 Lamiae!!!
411 404 435 423 c.
453 404 478 423 ιι
495 404 549 423 non
571 396 640 424 fallit
658 405 664 422 :
691 403 755 423 nam
778 396 856 422 aliter
871 395 926 421 Pli-

134 439 197 464 nius
215 437 252 464 N.
283 437 318 464 ΙΙ.
335 446 361 470 v,
386 438 428 464 10.
443 438 519 464 Adde
546 439 690 473 Evagrium
718 443 784 464 tom.
813 437 845 464 ΙΙΙ
867 436 925 462 Μο-

132 484 253 506 nument.
271 478 396 505 Cotclerii
423 487 448 513 p.
479 479 526 506 10!
544 484 572 506 el.
591 479 730 506 Philonem
755 479 782 506 in
799 478 923 506 Flaccum

169 562 227 589 Col.
239 561 300 588 I55.
307 561 477 596 Ἐλεαρχία.
486 561 639 589 Provincize
646 566 692 589 aut
699 561 818 594 regionis
827 569 924 587 nomen

130 608 186 635 est,
206 605 255 630 etsi
286 603 359 630 Isaac
394 603 551 638 Ἐλεαρχὶας
591 604 616 630 in
648 603 764 630 concilio
791 602 926 636 Ephesino

130 651 160 678 [ξ.
184 644 235 671 459
254 650 280 671 et
293 644 458 672 Chalcedon.
475 653 502 679 p.
521 645 571 672 127
588 649 754 672 memorctttr
773 653 780 671 :
795 644 840 671 ille
852 644 924 671 enim

134 691 183 712 aut
203 686 403 714 Paehuemunis
419 691 466 713 aut
485 686 646 723 Phragonis,
674 694 734 721 qua!
757 691 872 721 utraque
898 686 924 712 itt

132 728 277 756 Elearchia
292 729 383 756 sedem
399 728 505 761 habuit,
528 729 643 756 antistes
659 728 719 756 fuit.
741 729 798 756 Sita
813 729 924 763 provin-

130 771 174 797 cia
189 770 246 797 sive
259 778 291 797 ea
309 770 382 804 regio
399 775 458 797 erat
481 771 551 797 inter
572 771 641 798 ostia
668 770 881 804 Sebennyticum
898 776 925 798 et

131 810 294 838 Pbatnicum
311 820 318 838 :
335 811 416 845 priori
435 812 552 839 vicinam
566 811 650 839 fuisse
671 819 705 838 ex
719 811 865 838 Ptolomaeo
885 819 923 842 ιν,

131 853 160 884 5,
177 853 320 888 posteriori
351 860 384 880 ex
407 853 524 880 Diodoro
554 853 589 880 28
610 861 637 888 p.
659 853 711 881 806
726 858 849 888 apertum
871 859 922 880 est.

130 894 235 922 Nomen
252 895 354 929 accepit
370 903 384 922 a
401 894 557 930 paludibus,
576 903 636 930 qua:
650 895 686 922 ibi
699 895 832 929 plurimae.
849 895 924 922 Thu-

130 937 242 971 cydides
253 944 272 969 t,
284 937 295 963 l
305 937 345 963 l0:
355 936 489 970 Αἴγυπτος
500 936 528 963 δὲ
538 937 618 964 πάλιν
631 936 923 972 ὑπδβισιλεῖὲγένετο,

132 977 203 1012 πλὴν
220 977 384 1013 Ἀμυρταίου
393 978 440 1005 τοῦ
454 979 483 1004 ὲν
499 979 555 1010 τοῖς
576 979 650 1005 ἕλεσι
663 978 805 1013 βασιλέως.
823 979 925 1006 Τοῦτον

130 1019 159 1045 δὲ
175 1019 220 1045 διὰ
238 1019 353 1054 μέγεθός
381 1029 410 1047 τε
436 1020 484 1047 τοῦ
510 1020 587 1052 ἕλους
611 1021 661 1047 οὐκ
688 1021 816 1048 ἐδύναντο
842 1021 924 1052 ἑλεῖν,

132 1061 180 1086 καὶ
210 1060 270 1095 ἅμα
315 1062 504 1096 μαχιμώτατοί
547 1063 600 1088 εισι
629 1062 683 1088 τῶν
710 1062 867 1096 Αἰγυπτίων
899 1063 924 1089 οἱ

131 1102 224 1129 ἕλειοι.
247 1102 322 1130 Adde
337 1103 503 1130 Herodotum
533 1103 643 1133 11.’15ὶ.
671 1103 735 1136 Quae
759 1105 850 1131 omnia
863 1112 924 1131 cum

132 1143 193 1170 illas
204 1143 325 1178 paludes,
337 1143 371 1170 τὰ
379 1143 438 1179 ἕλη,
452 1144 478 1172 in
493 1149 584 1179 aperta
597 1144 657 1171 luce
667 1149 778 1179 ponant,
790 1145 925 1173 mirabere

133 1186 200 1214 viris
223 1187 376 1214 eruditione
400 1188 588 1216 celeberrimis
615 1194 801 1222 saepenumero
828 1196 923 1224 parum

132 1228 337 1256 animadversas
365 1229 502 1264 negotium
528 1228 700 1256 facessivisse
719 1248 728 1261 ,
755 1229 924 1264 solidamque

133 1268 202 1295 adeo
218 1269 403 1297 restituturum
417 1269 529 1304 gloriam
543 1269 746 1297 llcmslerbusio
756 1275 848 1297 nostro
863 1278 923 1298 esse

133 1309 255 1336 relictam
269 1318 277 1337 :
291 1311 352 1345 quis
366 1312 437 1338 enim
454 1311 618 1338 dubitaverit
630 1311 694 1345 quin
708 1311 733 1338 in
751 1311 791 1338 his
807 1311 922 1347 Polymui

133 1350 254 1387 διν-αισα.
271 1359 303 1385 tt,
318 1352 351 1380 l6
377 1352 485 1388 κρύψας
502 1353 532 1379 δὲ
559 1352 622 1384 τοὺς
637 1353 802 1387 Αἰγυπτίους
819 1354 848 1380 ὲν
867 1355 924 1386 τοῖς

133 1392 259 1427 Ἕλλησι,
275 1395 435 1428 παρατάξας
449 1396 555 1430 προῆγε
574 1395 637 1427 τοὺς
653 1395 802 1430 Ἕλληνας,
818 1396 868 1431 legi
894 1397 923 1423 ἐν

132 1436 190 1466 τοῖς
205 1436 278 1462 ἕλεσι
292 1441 415 1470 oporteat
430 1437 500 1464 ‘Iaut
512 1437 630 1472 ambigat
649 1437 794 1465 Aristidem
812 1443 877 1465 tom.
893 1446 922 1465 ιιι

133 1483 158 1510 p.
180 1476 229 1503 59l
247 1477 355 1505 dedisse
371 1478 420 1513 ἦτε
435 1478 489 1513 γὰρ
506 1478 633 1512 Μοίριδος
649 1478 732 1514 λίμνη
745 1479 792 1505 καὶ
811 1479 838 1505 αἱ
852 1479 921 1514 πρὸς

131 1519 189 1549 τοῖς
205 1518 277 1544 ἕλεσι
290 1519 375 1552 κάτω,
389 1520 436 1546 καὶ
453 1521 469 1555 ή
486 1519 618 1555 πρότερον
631 1520 680 1555 μὲν
693 1520 763 1555 ὑπὲρ
773 1520 862 1556 ⁶ινάρου
875 1521 924 1547 νῦν

131 1560 154 1587 δ’
165 1559 308 1592 ἐξόπισθεν
321 1560 370 1594 τῆς
390 1560 566 1596 Ἀλεξάνδρου
587 1561 691 1593 πόλεως
704 1562 809 1596 Μαρία,
830 1562 859 1594 ἐξ
872 1563 924 1598 ἀρ-

131 1602 182 1638 χῆς
198 1602 228 1628 τὲ
252 1603 305 1628 εἰσι
328 1603 376 1629 τοῦ
389 1603 487 1629 Νείλου
507 1602 612 1635 κόλποι,
635 1611 699 1636 non,
719 1609 749 1630 ut
770 1612 841 1631 nunc
857 1604 921 1632 editi

132 1651 187 1678 pra:
204 1651 233 1671 se
253 1643 354 1676 ferunt,
376 1644 444 1680 πρὸς
463 1646 518 1676 τοῖς
542 1644 656 1679 Ἕλλησι
672 1645 767 1672 κόιτωῖ
795 1645 821 1672 id
850 1645 921 1673 enim

133 1685 217 1713 multo
234 1685 444 1720 ineptissimum,
463 1686 690 1721 quemadmodum
715 1687 797 1713 etiam
815 1695 841 1721 p.
858 1687 922 1721 6l‘2,

132 1734 193 1754 cum
210 1727 243 1754 de
257 1726 318 1754 Nilo
329 1728 404 1753 κάτω
416 1727 439 1753 δ’
452 1728 482 1754 ὲν
494 1728 550 1758 τοῖς
564 1727 692 1762 Ἕλλησιν
704 1728 743 1759 εἰς
757 1728 826 1754 ἑπτὰ
841 1737 923 1754 κατα-

133 1767 245 1804 βαίνειν,
273 1768 318 1795 ubi
339 1768 431 1795 itidem
452 1768 526 1795 ἕλεσι
545 1769 701 1804 reliquerat.
731 1769 783 1796 Par
798 1771 866 1796 ratio
880 1775 923 1797 est

133 1809 159 1836 in
178 1810 221 1836 his
235 1808 389 1836 scholiastze
416 1809 606 1843 Aristophanis
639 1809 712 1837 Plut.
733 1811 784 1838 178
803 1811 922 1843 :oi’me;

135 1851 183 1877 καὶ
198 1850 415 1884 διαπεράσαντες
427 1851 467 1882 εἰς
483 1850 531 1885 τὴν
544 1850 690 1884 Αἴγυπτον,
700 1851 747 1877 καὶ
758 1852 787 1877 ἓν
800 1860 852 1878 τινι
868 1852 922 1879 τῶν

133 1891 178 1918 τοῦ
192 1891 288 1918 Νείλου
302 1891 445 1927 στομάτων
457 1892 688 1924 ἀναπλεύσαντες.
705 1894 855 1928 προσέσχον
865 1895 921 1926 τοῖς

134 1931 256 1968 Ἕλλησι.
276 1932 394 1968 Reliquit
406 1937 603 1960 commentator
619 1934 674 1965 τοῖς
688 1933 772 1966 ἕλεσι,
794 1938 921 1969 tantoque

133 1974 265 2002 beneﬂcio
289 1975 397 2009 collega:
426 1982 486 2003 meo
513 1976 671 2007 obstrictus,
697 1977 827 2003 medicam
847 1977 920 2011 ejus-

133 2018 193 2044 dem
209 2025 318 2044 manum
339 2017 366 2044 in
393 2017 530 2052 plerisque
557 2017 618 2045 aliis
635 2018 748 2052 supplex
767 2018 818 2046 sibi
836 2027 919 2054 expo-

133 2059 225 2086 stulat.

179 2100 234 2128 bid.
270 2099 430 2134 Πιιρὰλιος.
454 2099 492 2127 Ita
522 2108 587 2128 mss.
620 2100 651 2129 L.
673 2101 838 2129 llolsteiuius
862 2103 919 2129 ﬂai-

134 2142 213 2179 ραλος
238 2143 376 2175 emendat,
394 2143 471 2177 cujus
495 2143 592 2177 praesul
631 2144 656 2170 in
675 2143 774 2179 Ephes.
806 2145 919 2172 concilio

133 2192 159 2219 p.
173 2183 225 2211 L59
244 2184 406 2211 Athanasius
421 2184 548 2219 Παράλου
561 2189 587 2212 et
602 2185 629 2213 in
644 2185 809 2214 Chalcedon.
828 2194 853 2221 p.
870 2187 918 2213 l27

134 2225 272 2252 Pasmeius
290 2225 417 2260 Παράλου
441 2225 560 2257 dicitur.
583 2231 610 2253 et
641 2227 666 2253 in
693 2227 775 2254 latina
794 2228 919 2255 versione

132 2266 235 2299 Parati,
252 2267 302 2295 etsi
315 2266 471 2302 Ephesiaute
485 2268 581 2302 synodi
598 2269 731 2302 interpres
745 2268 847 2295 Paralii
861 2277 918 2295 ma-

133 2308 220 2335 luerit.
242 2308 279 2336 De
295 2309 354 2343 ejus
380 2309 445 2342 situ,
476 2309 528 2337 nisi
553 2309 623 2336 intra
648 2309 723 2336 Delta
741 2309 834 2343 fuisse,
851 2311 918 2337 nihil

131 2350 196 2376 certi
211 2355 330 2377 constat.

164 2391 222 2418 Col.
241 2392 291 2419 I56
310 2393 343 2422 A.
366 2393 536 2427 Αὐτούσττι.
565 2392 646 2421 Forte
674 2394 918 2429 Αὑγουσταμνικῆς

131 2434 267 2468 quomodo
291 2434 466 2462 Constantius
496 2436 644 2470 imperator
663 2437 732 2470 apud
753 2437 919 2464 Athanasius

132 2475 241 2510 Apolog.
265 2475 358 2503 Arion.
381 2484 408 2511 ιι.
426 2477 476 2504 ΓΗ
495 2479 551 2509 τοῖς
568 2478 597 2504 ὲν
624 2478 852 2512 Αὑτουσταμνικῇ
871 2479 918 2505 καὶ

131 2515 244 2550 Θηὸαἲδι
266 2516 313 2543 καὶ
332 2517 447 2549 Διὸὑαις
467 2519 604 2553 insudet:
629 2527 677 2554 pro
706 2521 803 2554 quibus
831 2519 918 2546 Meta-

132 2557 254 2591 pbrastes
267 2558 292 2585 iu
305 2559 446 2586 Athanasii
469 2559 527 2587 Vita
538 2568 562 2587 c.
574 2561 603 2587 Η
623 2562 680 2593 τοῖς
690 2561 719 2587 ὲν
730 2561 855 2596 Ταμνικῇ
871 2561 918 2588 καὶ

131 2599 242 2634 Θηϐαΐδι
268 2600 316 2626 καὶ
343 2601 432 2637 Λιϐύῃ
461 2602 592 2637 ἡγεμόσι.
618 2601 760 2637 Perperntu
789 2602 916 2635 diceres,

132 2641 182 2669 nisi
197 2641 271 2669 Nilus
289 2641 466 2677 Doxopatrius
484 2648 548 2670 toto.
564 2644 584 2678 1,
603 2643 664 2672 Var.
685 2644 763 2672 Sacr.
776 2643 811 2671 Le
823 2644 918 2680 Moyuc

132 2691 156 2717 ι).
173 2683 226 2710 225
247 2683 296 2719 τὴν
312 2685 424 2721 πρώτην
442 2686 607 2721 Σταμνικῆς,
624 2687 654 2712 ἐν
670 2683 792 2723 ᾗπρώτη
813 2686 915 2722 μητρό-

132 2725 206 2756 πολις
231 2726 261 2752 τὸ
285 2726 434 2761 Πηλούσιον
450 2732 476 2754 cl.
490 2735 550 2755 mox
568 2729 617 2763 τὴν
633 2728 763 2763 δευτέραν
783 2728 916 2763 ἐπαρχίαν

131 2767 286 2803 Σταμνικῆς
297 2769 419 2799 haberet.
429 2770 664 2804 suspicionemque
675 2770 799 2803 injiceret
814 2772 915 2798 seriorc

131 2817 185 2835 aevo
197 2811 362 2838 Stamuicam
373 2813 536 2846 provinciam
550 2820 598 2847 pro
607 2813 817 2848 Augustamnica
833 2813 915 2840 fuisse

131 2857 297 2887 usurpatam.
313 2853 401 2881 Latini
424 2855 663 2890 Augustamnicam
683 2860 710 2883 ct
740 2855 914 2890 Augustaui-

528 130 740 161 "COMMENT.
761 129 803 158 IN
823 127 1034 158 HIEROCIJS
1053 129 1324 160 SXNECDEMUM.

1701 132 1768 166 1186

979 193 1049 217 eam,
1066 195 1117 220 qua
1134 189 1166 213 dc
1193 187 1275 214 llcnr.
1296 187 1417 216 Valesius
1440 189 1466 216 in
1487 189 1618 218 Ammian.
1635 199 1702 225 ml,
1727 193 1768 226 l6,

978 228 1115 259 vocitant;
1139 228 1305 268 Epiphanius
1333 230 1441 261 "mret,
1471 231 1504 258 75
1531 240 1557 260 c.
1581 233 1639 264 26.,
1664 235 1771 268 Αὐγου-

977 269 1117 304 στανίκην,
1138 266 1255 305 Cyrillus
1267 272 1348 304 epist.
1362 273 1394 298 ad
1408 273 1529 300 Atticum
1551 281 1578 308 p.
1597 274 1650 302 205
1671 266 1771 310 Aoyou-

978 311 1122 347 σταλικὴν.
1141 312 1301 348 Speculator
1317 315 1346 340 ὲν
1364 316 1397 350 τῇ
1428 315 1650 353 Αὐγουσταλιανῇ
1681 324 1723 346 est
1743 320 1769 346 in

977 353 1116 380 Athanasii
1129 354 1224 381 eadem
1239 355 1348 390 Apolog.
1365 363 1392 390 p.
1411 357 1471 388 l99,
1488 357 1535 384 sed
1550 358 1571 385 is
1585 360 1706 386 cohortis
1721 360 1770 386 fuit

978 395 1191 429 Augustaliauaa,
1223 396 1300 431 cujus
1328 398 1393 432 imp.
1421 397 1590 427 Justinianus
1614 400 1700 428 Edict.
1721 409 1768 428 xm

977 444 1000 464 c.
1012 437 1030 463 2
1046 437 1178 464 meminit.
1195 437 1268 465 Dicta
1281 438 1493 473 Augustamnica
1503 442 1536 468 ab
1548 449 1628 469 autne
1641 441 1703 470 Nilo
1715 448 1768 474 est,

976 486 1055 511 quem
1071 485 1179 505 amnem
1194 479 1344 514 Augustum
1372 481 1527 509 nominasse
1543 482 1677 510 videntur.
1704 483 1768 510 Pro-

978 519 1072 545 rim-im
1087 525 1269 546 correctorem
1285 525 1313 547 et
1331 521 1434 548 Nomia
1453 522 1580 556 imposuit
1594 531 1618 550 c.
1632 525 1658 556 l,
1675 530 1770 559 estque

977 559 1071 586 lsidori
1091 559 1234 587 Pelusiotae
1252 561 1272 588 Ι.
1290 562 1321 593 2,
1336 570 1377 597 ep.
1398 564 1432 590 15
1453 565 1486 590 ad
1503 564 1679 598 Serapionem
1697 566 1768 601 Κορ-

977 601 1103 635 ρίκτορα,
1119 606 1148 628 et
1165 601 1256 636 plures
1273 604 1306 629 ad
1322 604 1470 631 Ausonium
1484 611 1675 640 correctorem,
1697 613 1726 634 nt
1745 608 1767 635 Ι.

978 649 1044 676 tep.
1062 642 1112 668 “6
1128 647 1156 669 et
1171 642 1202 669 L.
1216 644 1288 678 ‘Zep.
1304 644 1340 671 25
1349 649 1375 671 et
1391 646 1501 679 passim.

1011 682 1315 719 lbid.'Prroudpovpa.
1337 685 1395 713 Non
1418 688 1475 714 haec
1495 689 1642 722 provinciae
1665 693 1767 717 metro-

976 723 1056 758 polis,
1069 726 1117 752 sed
1128 725 1276 759 Pelusium,
1293 733 1322 754 ut
1338 736 1370 754 ex
1388 728 1448 756 Nilo
1459 729 1624 764 Doxopalrio
1640 731 1767 760 vidimus.

976 765 1080 794 Plinius
1098 772 1175 795 extra
1195 767 1304 804 Egypti
1331 771 1460 798 terminos
1485 771 1502 798 5
1523 772 1555 798 12
1577 771 1768 801 Rhinocorura

976 808 1057 836 locat.
1070 809 1168 838 Nostro
1174 811 1345 838 consentiunt
1353 811 1525 846 Ptolemaaus,
1534 815 1693 843 Ammianus
1702 824 1768 848 nu,

979 850 1011 877 16
1023 855 1050 877 et
1068 850 1246 886 Hieronymus
1260 853 1286 879 in
1297 853 1364 880 lani.
1374 861 1398 881 c.
1413 862 1469 886 xrx,
1485 862 1632 890 omnesque
1649 857 1767 886 Notilitr.

977 891 1045 919 Vide
1058 893 1121 920 Ant.
1144 893 1211 920 Itin.
1231 902 1258 929 p.
1275 895 1337 922 152.

1012 933 1080 961 lbid.
1099 934 1293 970 Ὀστρανίκη.
1308 936 1390 963 [lecte
1405 937 1441 963 ita
1457 944 1508 964 ms.
1522 936 1677 966 Leidensis.
1693 938 1767 967 Haud

977 975 1056 1011 longe
1072 977 1165 1004 aberat
1190 979 1224 1004 ab
1241 979 1307 1005 urbe
1322 978 1397 1005 lacus
1414 978 1549 1009 Sirbonis,
1567 985 1636 1006 teste
1648 981 1767 1008 Aristide

977 1021 1042 1045 tom.
1055 1025 1085 1045 ιιι
1102 1026 1128 1053 p.
1138 1018 1201 1046 591.
1217 1018 1299 1046 Plura
1316 1019 1349 1047 de
1365 1027 1396 1047 ea
1406 1024 1433 1047 ct
1448 1019 1528 1046 Casio
1543 1028 1574 1048 ac
1589 1020 1768 1049 Peulaschue—

976 1067 1011 1087 no
1026 1060 1103 1086 alias.

1012 1100 1078 1128 Ibid.
1095 1100 1247 1136 'Agwa'tor.
1267 1102 1315 1129 Est
1335 1101 1361 1129 in
1390 1101 1525 1138 Ephesino
1546 1111 1572 1138 p.
1598 1104 1650 1131 459
1667 1103 1764 1132 llicrax

976 1142 1118 1176 ‘onatou,
1133 1149 1336 1178 aguoscuntque
1351 1144 1444 1170 urbem
1461 1149 1565 1171 (-a‘tera‘
1579 1143 1698 1172 Notitirc.
1713 1146 1765 1173 Ca-

975 1184 1050 1211 rolus
1065 1191 1080 1210 a
1098 1189 1193 1212 sancto
1212 1185 1294 1212 Paulo
1310 1184 1376 1212 Itin.
1388 1185 1450 1213 Aul.
1465 1193 1492 1220 p.
1512 1187 1562 1213 I62
1583 1187 1692 1222 Daplmo
1709 1188 1765 1214 sive

976 1225 1086 1260 Daphen
1114 1225 1243 1261 Stephani
1260 1228 1384 1254 eamdem
1412 1227 1580 1261 arbitratur;
1609 1230 1651 1255 cui
1677 1231 1765 1263 suspi-

975 1266 1047 1294 cioni
1064 1266 1116 1294 etsi
1131 1268 1199 1295 situs
1214 1268 1280 1295 nihil
1294 1269 1394 1302 obstet,
1410 1269 1455 1296 vix
1468 1277 1497 1296 se
1520 1273 1608 1296 tamen
1635 1271 1704 1297 tueri
1731 1278 1764 1298 ea

975 1309 1084 1344 poterit,
1098 1309 1149 1336 nisi
1165 1310 1191 1336 in
1204 1310 1284 1337 aliam
1299 1310 1412 1338 formam
1423 1318 1520 1338 nomen
1531 1311 1657 1345 deinceps
1668 1318 1767 1346 procu-

975 1347 1036 1378 suui
1051 1350 1134 1377 fuisse
1147 1356 1285 1386 appareat.

1011 1392 1078 1419 Ibid.
1095 1392 1221 1427 Γέρῤας.
1236 1392 1282 1421 Sic
1297 1401 1353 1428 prae
1364 1402 1394 1422 se
1407 1402 1474 1423 mss.
1490 1395 1591 1422 ferunt.
1605 1394 1765 1422 Ptolema'us

974 1433 1108 1461 Gerrhum
1131 1439 1158 1461 et
1181 1439 1244 1462 ante
1259 1442 1321 1461 eum
1342 1434 1443 1463 Plinius
1457 1444 1493 1468 vr,
1511 1436 1557 1468 ΞΩ,
1587 1442 1765 1471 cognomento

973 1475 1105 1510 Adipson,
1124 1480 1203 1503 vocat
1222 1486 1228 1502 :
1245 1476 1349 1504 Gerrha
1367 1476 1465 1505 Strabo
1492 1485 1534 1504 xvi
1555 1485 1581 1512 p.
1609 1478 1670 1510 πο,
1697 1479 1764 1504 nilnt

974 1516 1121 1544 dissideute
1132 1517 1357 1552 Peutingerorum
1375 1517 1488 1545 Tabula.
1502 1518 1600 1545 Nostro
1624 1520 1763 1554 astipulari

973 1558 1078 1586 videtur
1091 1560 1258 1587 Sozomeuus
1277 1559 1312 1586 II.
1331 1560 1363 1587 Ε.
1381 1567 1441 1591 vut,
1460 1560 1491 1587 l9
1507 1571 1513 1588 :
1531 1561 1597 1587 Ἀπὸ
1613 1561 1659 1588 τοῦ
1679 1562 1764 1589 πελά-

972 1608 1037 1633 γους
1051 1596 1101 1626 ὧδε
1121 1600 1229 1636 συμϐὰν
1246 1602 1366 1636 χατῇρεν
1381 1602 1421 1633 εἰς
1436 1601 1535 1636 Γέραν,
1555 1602 1633 1629 πόλιν
1649 1604 1763 1638 μικρὰν.

973 1641 1045 1677 ὰιεφὶ
1065 1643 1236 1677 πεντήκοντα
1253 1642 1347 1669 στάδια
1363 1642 1410 1668 τοῦ
1426 1643 1575 1678 Πηλουσίου
1589 1645 1760 1678 ἀφεστῶσαν.

976 1681 1070 1710 Veritts
1087 1689 1175 1710 tamen
1187 1683 1320 1711 Gcrrhum
1332 1685 1389 1711 sive
1405 1684 1510 1711 Gerrha
1524 1684 1615 1718 fuerit,
1629 1686 1761 1721 siquidem

973 1725 1026 1751 ἀπὸ
1042 1725 1096 1750 τῶν
1114 1725 1242 1760 Γέρῤων,
1268 1729 1402 1759 quatenus
1428 1726 1599 1753 tabernacula
1611 1746 1618 1758 ,
1640 1728 1760 1764 σχηνᾲς.

973 1770 1080 1798 notant,
1108 1773 1206 1793 nomen
1229 1767 1396 1801 acceperint.
1425 1765 1591 1794 Scholiastes
1608 1767 1717 1795 Luciani
1735 1769 1760 1794 in

972 1807 1119 1843 Ἀνάχαρσ.
1141 1816 1167 1842 p.
1190 1808 1226 1835 3‘2
1250 1808 1314 1835 edit.
1340 1808 1426 1835 Amst.
1444 1816 1451 1835 :
1472 1809 1646 1844 Δημοσοὲνης
1660 1809 1689 1835 δὲ
1714 1810 1762 1836 ἐπὶ

972 1849 1027 1875 τῶν
1042 1849 1150 1883 σκηνῶν
1164 1850 1212 1877 καὶ
1233 1850 1289 1876 τῶν
1308 1850 1546 1886 περιφραγμάτων
1572 1851 1582 1885 (
1596 1858 1646 1885 pro
1660 1850 1761 1879 Coron.

973 1897 1000 1924 p.
1022 1890 1072 1918 168
1091 1891 1134 1918 cd.
1155 1891 1252 1926 Paris.)
1271 1901 1280 1918 ι
1302 1892 1394 1918 καὶτὰ
1409 1892 1498 1928 Γέῤῥα
1512 1892 1731 1926 ἐνεπίμπρασαν.
1749 1901 1759 1917 ι

972 1932 1027 1958 Καὶ
1046 1932 1111 1967 παρ’
1128 1933 1287 1966 Αἰγυπτίοις
1302 1933 1331 1960 δὲ
1355 1933 1389 1960 τὰ
1407 1934 1478 1959 κατὰ
1493 1933 1523 1960 τὸ
1546 1933 1693 1968 Πηλούσιον
1709 1942 1761 1960 κα-

971 1973 1017 2000 λού
1022 1983 1102 2009 μενον
1114 1974 1158 2001 διὰ
1168 1974 1246 2001 τοῦτο
1257 1974 1414 2010 ὠνομάσθη,
1424 1975 1485 2001 ἐπεὶ
1499 1975 1665 2010 σκηνώματα
1674 1975 1760 2005 ἐστίν.

971 2016 1000 2042 ὲν
1029 2013 1069 2048 οἷς
1091 2016 1350 2052 παραφυλάττοντες
1372 2017 1422 2048 τὰς
1444 2017 1565 2048 εἰσόδους
1582 2016 1759 2052 διατρίϐουσι.

971 2056 1079 2093 Quibus
1096 2058 1182 2086 critici
1200 2058 1289 2085 verbis
1303 2062 1330 2084 ct
1346 2057 1513 2086 Gerrhorutn
1526 2059 1647 2092 positura
1663 2060 1761 2086 contir-

972 2106 1078 2132 matur,
1093 2105 1121 2127 et
1137 2099 1162 2127 id
1180 2102 1318 2131 docemur,
1334 2099 1418 2127 fuisse
1435 2100 1470 2127 ibi
1485 2101 1610 2127 custodes
1619 2101 1675 2127 sive
1691 2107 1760 2134 prie-

971 2142 1095 2171 sidiarios
1109 2141 1219 2174 milites,
1235 2141 1280 2175 qui
1299 2141 1410 2177 Egypti
1427 2142 1516 2169 aditus
1535 2147 1628 2169 contra
1641 2141 1758 2169 hostium

971 2185 1143 2212 incursiones
1156 2188 1307 2210 tuerentur.
1324 2182 1389 2210 Erat
1410 2182 1544 2210 Gerrhum
1563 2183 1620 2210 loco
1635 2190 1758 2210 commo-

971 2226 1084 2254 dissimo
1107 2225 1237 2260 positum,
1258 2229 1340 2259 atque
1359 2225 1392 2251 ad
1416 2225 1522 2251 initium
1540 2225 1648 2259 quidem
1675 2223 1759 2251 Bara-

970 2269 1094 2296 throrum
1103 2268 1160 2295 sive
1173 2267 1343 2301 voragiuum,
1355 2274 1415 2301 qua:
1422 2267 1556 2294 Pelusium
1566 2274 1660 2294 versus
1673 2266 1759 2301 porri-

970 2312 1123 2346 gebanlur;
1140 2309 1211 2344 quod
1239 2309 1261 2336 si
1276 2315 1340 2344 ergo
1366 2316 1427 2336 eum
1449 2317 1514 2336 cura
1534 2313 1707 2341 servaretur,
1724 2309 1757 2335 ad

969 2353 1086 2380 claustra
1107 2350 1217 2386 Egypti
1247 2350 1336 2377 aditus
1356 2354 1415 2377 erat
1434 2350 1557 2378 hostibus
1582 2351 1756 2378 interclusus.

970 2394 1007 2422 De
1024 2394 1163 2421 Barathris
1180 2393 1233 2420 illis
1247 2392 1380 2420 Diodorus
1396 2400 1439 2419 ut
1455 2388 1547 2427 μὶιι
1558 2397 1586 2419 et
1600 2392 1699 2419 Strabo
1713 2400 1757 2419 xvt

969 2444 996 2471 p.
1018 2436 1079 2463 760.
1500 2465 1507 2469 κ

1005 2479 1072 2506 Ibid.
1104 2477 1230 2504 Σκέννα.
1264 2477 1351 2509 Σέλα,
1378 2477 1455 2511 cujus
1481 2477 1622 2511 episcopus
1647 2477 1758 2512 Alypius

970 2520 1054 2555 Σέλης
1069 2519 1203 2554 ἐπαρχίας
1225 2519 1470 2553 Λὺγουσταμνικῆς
1485 2518 1511 2545 iu
1539 2518 1674 2553 Ephesiuo
1693 2526 1758 2545 con-

969 2562 1032 2590 cilio
1051 2568 1078 2596 p.
1095 2560 1148 2588 478
1160 2560 1268 2588 dicitur.
1289 2559 1356 2588 Vide
1368 2560 1432 2588 Itin.
1447 2560 1510 2587 Ant.
1527 2569 1553 2594 p.
1570 2560 1633 2587 ΠΙ.

1005 2602 1070 2629 Ibid.
1085 2602 1256 2636 Σεθραττης.
1267 2601 1393 2629 Straboni
1409 2602 1433 2629 in
1453 2610 1518 2630 mss.
1531 2602 1684 2637 Σεθρωττης
1702 2609 1757 2629 xvtt

968 2653 995 2680 p.
1014 2644 1076 2672 884.
1094 2644 1146 2671 Sed
1169 2649 1260 2671 nostro
1274 2644 1378 2671 accedit
1400 2643 1572 2672 Ptolemmus.
1586 2643 1668 2677 Cujus
1683 2644 1756 2670 nomi

969 2685 1126 2720 metropolis
1142 2684 1266 2713 Herculis
1276 2693 1357 2719 parva
1374 2686 1437 2712 urbs
1451 2691 1520 2712 erat.
1542 2685 1634 2720 Neque
1648 2686 1699 2712 alia
1713 2685 1757 2713 hic

968 2729 1146 2763 intelligitur:
1162 2736 1224 2755 nam
1239 2728 1264 2755 in
1279 2728 1393 2756 concilio
1409 2729 1543 2763 Ephesino
1556 2729 1634 2754 modo
1650 2728 1755 2759 Theon,

968 2776 997 2798 ut
1020 2779 1046 2806 p.
1065 2770 1129 2801 472,
1154 2765 1440 2807 ιιιηίειοέΣεοροῖτου,
1465 2771 1544 2798 modo
1587 2770 1756 2806 Ἡρακλέους

966 2814 1015 2840 τοῦ
1036 2814 1189 2849 Σεοριιῖτου,
1207 2815 1432 2848 quemadmodum
1457 2822 1483 2849 p.
1502 2815 1564 2846 551,
1582 2814 1691 2842 dit-itur.
1706 2814 1756 2842 Pe-

969 2857 1038 2884 lusio
1051 2855 1114 2883 Itin.
1134 2857 1195 2884 Aut.
1216 2857 1249 2884 M.
1267 2856 1296 2884 l‘.
1311 2857 1346 2883 Ἡ
1357 2861 1474 2891 separat.
