1911 3071
156 101 223 137 1187

190 161 249 187 Cui.
269 159 331 187 156.
345 157 524 192 'llyato'toc.
541 153 660 181 Joannes
673 153 820 186 Ἡφαίστου
835 151 938 184 Αὐγου-

156 201 307 235 σταμνικῆς
323 197 483 232 subscripsit
500 195 636 230 Ephesiuo
652 194 765 221 concilio
780 201 806 228 p.
821 193 883 219 471.

189 234 255 269 Ibid.
272 242 452 272 Πανίθυσος.
463 238 593 271 Ascripsit
603 236 634 263 L.
645 235 808 263 Holsteinius
820 234 938 266 Πανίερυ-

157 293 213 318 σος,
232 283 398 317 [lavate-occ;
413 285 440 308 et
453 279 625 312 Παναίφυσος
641 296 649 304 .
673 277 819 304 Ptolemaao
841 276 938 303 dicitur

155 325 307 359 Πανέφυσις
323 321 480 356 metropolis
498 321 571 347 nnmi
594 318 674 350 Neut,
689 318 824 352 Ephesino
848 317 939 344 conci-

155 367 189 392 lio
205 374 231 400 p.
251 365 303 392 478
317 364 475 397 Πανέφυσος
491 361 626 395 ἐπαρχίας
642 359 896 393 Αὖγουσ-ταμνικῆς,
911 361 938 400 et

155 415 181 441 p.
206 399 260 434 ΜΟ
286 405 451 440 Πανέφεσος.
476 402 608 429 Casianus
623 400 719 428 Collat.
742 408 767 426 χι
783 408 806 426 ‹·.
830 399 846 426 5
860 399 938 441 oppi-

154 440 217 474 ilum
233 448 395 482 Panephisin
411 445 536 480 appellat.
550 448 576 470 et
591 443 657 469 satis
677 442 830 477 miserabili
855 440 938 468 fuisse

154 488 308 514 conditione
323 487 421 520 prodit.

191 528 256 556 Ibid.
284 528 405 560 Πάννις.
432 526 466 552 Ita
484 533 560 556 mss.,
578 526 623 551 Sed
649 530 740 550 verum
760 523 857 553 Τάννις
882 523 938 549 sive

155 569 235 600 Τάνις
253 574 305 597 est.
321 570 471 602 Harpocras
487 565 596 596 Τάνεως
623 564 752 591 Gennadii
785 563 937 599 Synudicm,

155 612 224 645 apud
242 610 412 637 Lambecium
429 608 498 634 Bibl.
520 608 587 634 (iam.
607 613 654 633 vm
671 613 697 640 p.
712 605 764 632 425
779 605 936 632 subscribit.

157 653 221 679 Vide
234 652 298 678 Itin.
315 651 378 677 Ant.
393 658 420 684 p.
441 649 502 676 I55.

191 693 265 720 Ibid.
289 692 419 726 Θμούης.
440 690 553 724 Θμῡῦῖς.
581 690 710 716 Pindarus
729 689 798 722 apud
828 687 939 715 Strabo-

154 743 216 762 nem
243 742 297 762 xvn
311 725 350 768 Vp.
366 733 418 760 80?.
432 733 581 759 Mendetent
609 732 675 757 mari
694 730 813 763 appnni',
842 725 938 756 merito

156 776 304 810 castigatus
318 776 352 802 ab
373 773 490 800 Aristide
516 777 581 799 tom.
611 771 641 798 III
661 780 686 805 p.
703 770 755 797 610
770 779 777 797 :
795 770 864 805 Φησὶ
884 770 938 804 γὰρ

154 817 306 849 Αἰγυπτίαν
341 815 469 849 Μένδητα
504 813 580 847 παρὰ
617 812 740 847 κρημνὸν
773 811 910 846 Θαλάσσης
929 818 937 826 ·

155 858 244 885 καίτοι
264 856 324 884 οὔτε
342 856 464 890 κρημνός
479 856 552 881 ἐστιν
565 854 651 885 οὐδεὶς
668 855 725 880 ἐκεῖ
744 852 805 880 οὔτε
819 853 938 880 θάλαττα

155 899 297 934 προσηχεῖ,
309 897 367 924 ἀλλ’
377 898 406 927 ὲν
421 897 506 931 πεδίῳ
521 896 663 930 κεχυμένῳ
673 896 686 921 ό
704 894 851 930 Μενδήσιος
866 894 939 925 ἄπας

155 940 237 974 νομὸς
259 939 385 971 οἰκεῖται,
405 938 451 964 καὶ
472 937 578 973 ἡπόλις
601 937 689 964 αὐτῶν
707 937 739 972 ῆν
761 935 939 970 ὀνομάζουσιν

154 980 270 1015 Θμοῦιν.
675 1004 677 1006 τ

191 1021 257 1048 Ibid.
268 1020 437 1055 Αὑγούστα.
453 1018 698 1054 Δῦγουςταμνικῆς
713 1038 720 1044 .
738 1017 800 1044 Post
816 1017 940 1044 Theodo-

154 1063 188 1088 sii
208 1062 316 1089 secundi
344 1065 465 1095 tempora
489 1061 546 1088 haec
571 1061 677 1087 \‘idelur
692 1059 829 1093 provincia
856 1058 938 1085 facta.

156 1102 242 1130 Unam
261 1107 363 1129 tantmn
379 1101 618 1136 Augustamnicam
635 1100 740 1127 Nolitia
757 1101 819 1134 imp.
837 1099 938 1127 Orient.

157 1143 240 1172 novit.
267 1150 346 1169 unam
367 1143 446 1169 etiatn
473 1141 588 1178 Cyrillus
614 1142 639 1168 in
658 1142 737 1176 episl.
767 1141 800 1168 ad
821 1140 939 1167 Atticum

177 1204 183 1210 .
199 1184 262 1210 205.
278 1183 420 1210 Pratsidem
437 1183 562 1210 habuisse
582 1182 698 1210 Ilierocli
722 1182 869 1209 credimus.
894 1181 941 1208 Est

177 1204 183 1210 .
199 1192 262 1210 Ζυῢ.
278 1192 420 1210 ΥΙἯΣΞΝΙΕΙΙΙ
437 1192 562 1210 IIIIDUISSC
582 1192 698 1210 ιιιει-οειι
722 1192 869 1209 εῐευιηιιιδ.
894 1192 939 1208 1351

156 1192 370 1261 Rugustamnicre
393 1231 492 1258 prmses
509 1225 536 1251 in
553 1224 572 1251 I.
589 1224 623 1251 34
641 1232 667 1251 (ι.
681 1223 733 1250 Th.
749 1224 782 1250 de
797 1223 939 1251 Dceurion.

155 1271 183 1293 et
200 1266 268 1301 apud
295 1266 472 1293 Athanasium
489 1265 564 1299 Apol.
583 1271 677 1291 contra
704 1265 798 1291 Arion.
823 1272 849 1298 p.
866 1263 916 1291 171
931 1272 940 1297 ;

156 1309 200 1342 qui
217 1308 263 1335 toti
281 1307 512 1340 Augustamnica,
528 1308 645 1333 nondum
659 1307 684 1332 iu
701 1307 768 1333 duas
790 1306 941 1339 distraette,

156 1349 206 1376 sub
231 1347 391 1375 Constantio
414 1348 566 1382 imperavit.
587 1347 650 1374 Post
664 1346 725 1374 dein
754 1347 804 1374 sub
827 1346 942 1374 Arcadio

154 1389 250 1416 eadem
264 1393 456 1421 correctorem,
472 1392 501 1415 ut
517 1396 548 1414 ex
562 1388 673 1415 lsodoro
696 1387 875 1418 ostendimus,
891 1387 940 1413 ha-

156 1431 223 1456 buit.
239 1429 289 1457 Ubi
307 1437 371 1456 vero
386 1436 419 1455 ex
435 1436 487 1456 una
510 1429 578 1456 bina:
597 1433 766 1455 suntcreata:
779 1429 943 1462 Augustaru-

157 1471 234 1504 nicae,
251 1470 335 1506 prima
352 1474 546 1500 correctorem,
560 1470 688 1502 secunda,
705 1470 742 1496 uti
757 1469 832 1501 olim,
851 1469 943 1504 prazsi—

156 1513 228 1543 dem,
242 1511 284 1538 cui
298 1515 415 1545 pareret,
429 1516 507 1538 nacta
521 1516 573 1538 est.

192 1552 257 1579 Ibid.
269 1551 396 1580 Λεογτώ.
410 1552 491 1582 Πόλις
505 1552 628 1579 Λεόντων
652 1552 796 1580 Ptolemaw
810 1552 881 1579 circa
892 1552 944 1578 Bu-

157 1594 291 1621 siriticnm
309 1599 427 1625 amnem,
441 1593 514 1619 unde
537 1593 596 1626 ejus
615 1595 642 1619 in
658 1593 792 1627 Ephesino
817 1593 942 1626 concilio,

158 1642 185 1669 p.
204 1634 257 1661 574
275 1635 418 1668 episcopus
435 1633 604 1660 Metrodorus
624 1634 747 1660 Λεόντων
762 1633 871 1661 dicitur.
886 1632 942 1661 Nec

157 1676 339 1702 datnnandutn
355 1681 444 1702 tamen
468 1680 588 1702 nostrum
608 1680 660 1705 est.
674 1676 744 1708 quod
766 1674 879 1702 formam
895 1675 944 1702 Αε-

158 1718 276 1753 pyptiam
305 1717 431 1751 prtefert,
463 1721 491 1743 et
522 1722 658 1751 receptum
690 1717 757 1744 satis
783 1721 835 1744 est.
855 1716 944 1745 Xeno-

158 1760 229 1792 phon
251 1759 382 1793 Ephesius
400 1767 436 1792 tv,
454 1767 480 1794 p.
508 1758 541 1786 56
560 1768 567 1786 :
587 1759 742 1789 Διελθόντες
756 1758 784 1786 δὲ
806 1757 882 1786 Ταῦα
899 1759 946 1786 ἐπὶ

158 1800 264 1828 Λεοντὼ
300 1801 426 1836 ἔρχονται
448 1800 537 1828 πόλιν.
564 1800 609 1828 Sic
631 1803 703 1828 enim
726 1801 945 1836 ingeniosissimi)

159 1843 296 1878 vulgatum
312 1843 398 1868 ταῦτα
421 1842 464 1869 Ti.
494 1842 713 1870 Iletnsterhusius
734 1844 850 1870 relinxit.
868 1841 944 1871 Nilus

161 1884 337 1919 Domputrins
358 1885 435 1917 (tom.
457 1884 467 1910 I
496 1883 560 1911 Var.
580 1883 642 1911 Sac.
663 1883 701 1911 Le
718 1883 824 1920 Moyne,
839 1892 866 1919 p.
879 1884 942 1920 29.4)

159 1925 209 1960 τὴν
226 1925 333 1952 Aemi-.6:
351 1925 509 1959 metmpolin
535 1926 735 1960 Augustatnnite
750 1925 875 1954 secundae
885 1933 944 1954 esse

159 1969 208 1994 ait.
227 1967 294 1994 Vide
313 1967 376 1994 Itin.
394 1967 468 1997 Ληι..
483 1967 586 2002 p.153.

196 2009 262 2036 Ibid.
288 2009 428 2044 Ἀθριϐις.
452 2009 515 2035 Fuit
538 2009 565 2036 in
590 2009 749 2044 cognomine
773 2015 864 2042 nomo,
890 2016 944 2036 non

160 2050 245 2077 multo
258 2058 272 2076 a
286 2049 405 2078 Leonum
421 2051 486 2077 urbe
502 2050 645 2077 dissociata
665 2050 754 2085 spatio
768 2051 838 2085 apud
854 2050 944 2078 Ptole-

161 2099 268 2119 rnatum.
285 2091 369 2118 Ilabet
384 2091 465 2118 etiam
480 2091 615 2118 Palladius
631 2090 702 2118 Hist.
715 2090 808 2123 ιω..
820 2099 844 2118 c.
861 2099 943 2124 xx",

160 2133 207 2161 ubi
223 2133 406 2167 maximopere
422 2134 516 2160 vellem
533 2133 566 2161 ab
581 2132 637 2160 Jos.
652 2133 768 2160 MCIII'sIO
783 2133 848 2160 nihil
862 2133 945 2162 fuisse

160 2175 307 2209 ascriptum
331 2175 396 2210 περὶ
425 2175 473 2209 τῆς
488 2174 617 2210 Αῑθρίΰου
633 2174 747 2205 πόλεως,
761 2182 794 2202 ex
808 2182 861 2209 qua
884 2182 944 2202 sec-

161 2222 214 2243 tam
230 2216 426 2243 Muhammedis
440 2217 573 2250 prodiisse
590 2216 709 2243 Zonaras
726 2216 862 2244 Cedrenus
875 2217 945 2244 Con-

159 2259 350 2292 stantiuusque
375 2258 523 2291 itnperator
547 2259 692 2292 prodidere
717 2266 725 2286 ι
755 2265 786 2285 ea
815 2258 887 2285 ettim
909 2258 943 2285 ab

160 2299 272 2327 Athribe
288 2302 337 2326 hac
361 2301 447 2326 multo
459 2304 500 2326 est
520 2299 716 2330 diversissima,
734 2300 834 2334 quippe
858 2300 883 2327 in
907 2300 947 2326 in-

162 2342 225 2367 tima
243 2341 341 2367 Arabia
368 2341 454 2376 posita
473 2349 480 2367 :
499 2349 549 2367 non
566 2341 646 2367 aliam
665 2342 738 2367 enim
753 2348 813 2368 esse
834 2347 866 2368 ac
887 2340 945 2368 Me-

161 2383 262 2414 dinant,
278 2390 338 2416 qum
350 2381 436 2409 Jatrib
452 2382 528 2413 olim,
542 2382 722 2408 certissimum
737 2386 788 2409 est.
805 2381 871 2409 Vide
885 2381 944 2411 Jac.

159 2423 267 2451 Golium
285 2425 310 2450 in
324 2424 475 2458 Alfenum,
489 2430 515 2457 p.
528 2423 572 2451 97.
588 2423 624 2449 De
636 2422 766 2457 Ileliopoli
780 2424 836 2451 sive
852 2423 944 2450 Ἡλίου

160 2465 222 2491 Am.
240 2465 316 2496 ltiu.,
333 2474 358 2498 p.
378 2464 434 2491 lti9.
645 2491 649 2492 ,

197 2505 264 2534 Ibid.
281 2507 465 2539 Βούϐαστος.
481 2506 609 2541 Appo~ita
625 2506 673 2532 fuit
691 2505 836 2534 Bubastico
850 2507 943 2541 ﬂuvio,

159 2556 176 2576 a
195 2549 288 2580 Diana,
309 2557 370 2583 qua:
384 2549 519 2584 ngyptiis
535 2548 679 2582 βοὺὅαστις
696 2549 764 2584 apud
781 2549 944 2577 Herodotum

162 2598 192 2622 tt,
208 2598 235 2625 p.
262 2590 324 2622 157,
343 2590 368 2617 id
395 2591 511 2617 nominis
538 2591 642 2617 sortita.
661 2589 777 2617 llerntou
804 2591 854 2626 τῆς
880 2593 946 2619 Βου-

162 2633 301 2667 μαστικῶν
318 2641 366 2667 pro
383 2632 573 2658 Βουόαστικῶν
581 2637 622 2658 est
641 2632 666 2658 in
684 2637 747 2659 tom.
765 2631 800 2659 III
810 2632 870 2660 Maii
885 2634 944 2661 Art.

196 2717 262 2743 Ibid.
280 2716 427 2750 ¢tip(i()oc.
444 2717 557 2744 Rectum
576 2721 616 2743 est
632 2716 795 2752 Φάρϐιιοος,
810 2723 839 2744 ιιι
855 2717 943 2746 Ptole-

161 2765 244 2784 n'a-us
254 2764 278 2784 et
293 2759 455 2792 Stephanus,
473 2765 518 2785 aut
533 2758 684 2793 Φάρῆητος,
698 2761 833 2792 quomodo
846 2760 945 2788 Strabo

159 2803 187 2823 ct
204 2799 370 2832 Epiphanius
389 2801 413 2826 iu
435 2800 531 2834 Expos.
546 2801 618 2834 ﬁdei,
637 2808 661 2827 c.
677 2808 726 2833 xu,
741 2809 766 2835 p.
794 2801 870 2829 I095.
895 2801 944 2829 Se-

659 97 848 126 ADDENDA.
864 108 898 112 -
911 95 942 124 Ρ.
962 93 1218 123 WESSEIJNGII

1704 94 1790 126 1183

993 149 1053 176 dem
1069 151 1132 177 urbs
1148 150 1217 176 inter
1241 148 1414 178 Bubasticum
1439 154 1467 176 et
1484 149 1655 177 Busiridi-um
1684 158 1794 177 amnes

988 190 1114 217 habebat.

1021 231 1089 259 Ibid.
1112 232 1238 266 Ἀραϐία.
1263 231 1423 266 Intelligitur
1446 239 1545 258 nomns
1557 232 1690 258 ArahiCus
1706 232 1791 258 circa

987 274 1160 302 Bubasticum
1174 274 1285 301 Iluviutn
1300 274 1426 300 Arabiam
1445 281 1541 301 versus
1557 277 1709 308 protentus.
1731 273 1794 298 Ce-

991 316 1097 350 teroqui
1111 321 1137 343 et
1154 315 1205 342 alia
1223 315 1320 342 Arabia
1344 315 1498 350 cognomini
1517 315 1589 342 sinni
1614 315 1737 342 conﬁnis
1754 319 1787 341 ct

988 359 1014 385 in
1031 357 1198 391 Ethiopiam
1217 358 1372 392 pertingens
1391 357 1416 383 in
1434 356 1551 391 [Egypto
1573 362 1642 384 erat.
1673 355 1787 383 Nobilis

987 407 1017 427 ea
1031 404 1074 426 est
1087 406 1221 425 marmore
1247 399 1412 432 porphyrile,
1437 399 1512 430 cujus
1529 398 1563 424 illi
1591 398 1710 426 metalla.
1731 398 1785 424 sexl

987 445 1013 468 et
1027 440 1186 467 aridissimo
1204 440 1260 466 solo
1276 445 1356 473 atque
1373 441 1463 466 arenis
1482 439 1591 467 infamis
1604 440 1674 473 apud
1692 439 1787 465 Aris-

988 483 1069 509 tidem
1087 487 1151 509 tom.
1165 481 1208 513 III,
1222 489 1248 515 p.
1266 480 1328 508 587.
1346 481 1433 515 Atque
1449 481 1502 512 hic,
1518 487 1590 514 pulo,
1608 481 1658 507 fuit
1671 488 1786 514 πορφυ-

989 523 1067 558 ρίτης
1081 523 1174 554 τόπος,
1193 523 1271 556 cujus
1294 522 1432 550 Palladius
1453 521 1526 548 Hist.
1548 521 1643 553 Lana,
1666 529 1692 548 c.
1723 529 1783 548 χιιι

988 564 1121 594 meminit,
1140 569 1166 590 et
1183 571 1295 590 ercmus
1321 563 1480 598 Porphyrio,
1507 570 1587 598 quam
1611 563 1646 589 ab
1670 562 1784 597 oppidis

987 609 1033 631 aut
1048 604 1184 632 habilabili
1201 609 1273 631 terra
1290 608 1392 638 septem
1411 605 1596 632 mansionibus
1610 604 1651 630 vel
1666 611 1699 630 eo
1716 611 1782 629 arn-

988 646 1057 680 plins
1083 651 1234 680 separatam
1258 645 1407 673 Cassianus
1430 645 1464 672 de
1487 646 1558 679 Spir.
1575 645 1680 672 Acedize
1693 644 1722 676 7,
1739 643 1778 670 ει

987 688 1096 722 prmlit:
1112 688 1180 715 bene
1201 688 1272 714 enim
1296 688 1331 714 illi
1352 688 1376 714 iu
1404 688 1486 714 eremi
1510 686 1690 721 descriptione
1712 693 1780 713 cum

987 729 1104 756 Aristide
1135 729 1278 760 convenit;
1312 729 1336 755 id
1357 736 1422 756 vero
1455 729 1553 755 mirum
1579 728 1689 759 accidit,
1727 727 1784 754 Ba-

988 771 1112 805 bylonem
1133 770 1167 797 ab
1181 769 1304 797 Hierocle
1323 771 1348 796 iu
1364 771 1414 796 hac
1428 770 1564 804 provincia
1582 769 1691 804 negligi,
1708 769 1781 796 satis

987 820 1034 839 sua
1052 815 1130 838 attate
1142 811 1287 838 celebrem.
1309 811 1409 838 Aberat
1426 811 1459 837 ah
1478 811 1594 838 Arabico
1606 810 1678 840 sinu,
1693 810 1715 836 si
1732 809 1779 842 ju-

988 852 1085 880 tueutis
1108 851 1287 878 sarcinalibus
1312 852 1363 878 iter
1386 852 1600 886 ingrederentur,
1627 850 1780 877 intervallo

986 898 1104 928 quattuor
1126 893 1241 924 dierum,
1254 893 1325 927 quod
1337 898 1427 920 tamen
1440 893 1580 927 expeditus
1594 899 1677 927 eques
1693 891 1780 918 unius

986 935 1037 962 diei
1054 934 1180 961 etuoctis
1204 934 1316 967 decursu
1345 934 1484 961 absolvere
1508 936 1623 967 poterat.
1648 932 1706 959 Hoc
1731 931 1777 958 .lo.

988 975 1153 1009 Philoponus
1168 974 1202 1001 de
1223 974 1318 1001 Mund.
1334 974 1423 1003 Creo-1.
1444 982 1480 1007 tv,
1495 974 1512 1002 5
1537 974 1579 1001 his
1592 973 1694 1004 verbis,
1713 979 1779 1006 qua:

989 1016 1134 1044 Corderius
1153 1023 1205 1042 nou
1221 1015 1364 1045 intellexit.
1380 1016 1458 1042 docet
1473 1025 1480 1042 :
1495 1014 1643 1048 ωησιάξει
1657 1014 1684 1040 δὲ
1697 1011 1778 1042 οὗτος

988 1057 1014 1092 (ὁ
1024 1057 1149 1093 ’Δράῦιος
1156 1057 1255 1088 κόλπος
1264 1058 1297 1092 τῇ
1305 1056 1364 1083 κατ’
1374 1057 1509 1090 Αἴγυπτον
1517 1056 1667 1086 Βαϐυλῶνι,
1675 1055 1734 1082 ὁδον
1747 1054 1780 1087 ἐξ

988 1099 1073 1134 αὐτῆς
1083 1099 1153 1134 ἔχων
1166 1098 1328 1133 ἀχθοφόροις
1349 1098 1398 1133 μὲν
1409 1098 1489 1130 ζώοις
1505 1098 1617 1134 ἡμερῶν
1627 1098 1711 1131 ἐγγύς
1723 1106 1777 1124 που

988 1141 1137 1176 τεσσάρων,
1153 1139 1274 1174 ὀξυτὰτῳ
1288 1140 1315 1166 δὲ
1326 1139 1421 1176 δρομεῖ
1430 1141 1511 1166 ἵππον
1525 1140 1664 1168 ἐλαύνοντι
1673 1140 1778 1174 νυχθη-

990 1182 1084 1217 μέρνιυ.
1104 1181 1170 1208 Vide
1185 1186 1211 1208 et
1229 1182 1292 1209 Aul.
1310 1181 1384 1213 Itin.,
1397 1190 1424 1215 p.
1445 1182 1507 1209 I96.

1024 1223 1091 1250 Ibid.
1108 1223 1235 1257 Κλύσμη
1247 1222 1389 1256 κάστρου.
1407 1222 1476 1258 Lege
1490 1230 1551 1250 cum
1565 1222 1705 1250 Ilolsteiao
1717 1221 1779 1248 Κά-

990 1273 1070 1299 στρον
1083 1266 1139 1292 :sic
1156 1266 1226 1291 enim
1243 1264 1408 1299 Epiphanius
1421 1265 1520 1292 Ila-ru.
1536 1272 1608 1296 ιιι-ι,
1624 1272 1648 1291 c.
1666 1271 1673 1290 l
1689 1269 1714 1291 et
1728 1265 1781 1295 in-

989 1311 1079 1334 certus
1095 1311 1189 1333 auctor
1204 1307 1230 1333 in
1240 1306 1310 1334 Bibl.
1331 1305 1506 1337 Coisliniana.
1519 1313 1544 1340 p.
1554 1305 1617 1333 599.
1627 1305 1781 1332 Palmerius

991 1347 1122 1379 Exercit.,
1139 1355 1164 1382 p.
1193 1347 1246 1374 546
1275 1347 1383 1382 Clysma
1408 1348 1441 1374 ad
1467 1347 1575 1374 Iluvinnt
1599 1348 1655 1374 sive
1674 1346 1778 1374 fossam

990 1389 1138 1420 Ptolemzei,
1162 1397 1175 1415 a
1206 1388 1325 1423 Trajano
1358 1393 1513 1415 renovatam
1539 1393 1566 1416 et
1594 1393 1780 1423 repurgatam,

990 1433 1141 1466 appositum
1158 1430 1240 1458 fuisse
1252 1434 1343 1457 censet
1359 1437 1392 1458 ex
1408 1430 1449 1457 his
1470 1429 1582 1457 Luciani
1606 1430 1632 1457 in
1659 1428 1781 1455 Pseudt-

991 1477 1089 1506 ικαηι..
1103 1481 1130 1508 p.
1149 1472 1202 1500 775
1223 1472 1267 1499 ed.
1294 1471 1380 1498 Amst.
1398 1479 1405 1497 :
1421 1471 1606 1502 ’Λναπλεύσας
1634 1471 1648 1497 ό
1671 1471 1782 1496 νεανίσ-

991 1523 1039 1546 κος
1053 1514 1092 1545 ei;
1117 1513 1255 1548 Αἴγυπτον
1270 1514 1333 1548 ἄχρι
1351 1512 1399 1540 τοῦ
1416 1512 1589 1547 Κλύσματος,
1607 1512 1699 1538 πλοίου
1713 1513 1781 1538 ἀναν

991 1556 1118 1590 γομένου,
1149 1555 1263 1590 ἐπείσθη
1295 1556 1342 1582 καὶ
1364 1554 1445 1585 αὐτὸς
1467 1555 1507 1585 εις
1527 1554 1623 1580 Ἰνδίαν
1651 1552 1777 1579 πλεῦσαι.

992 1596 1077 1624 Recte
1093 1597 1201 1631 quidem
1218 1596 1343 1623 Latinum
1363 1596 1539 1630 interpretem
1562 1594 1712 1629 castigavit,
1731 1595 1778 1628 qui

992 1637 1100 1673 Clysma
1116 1645 1167 1664 non
1193 1637 1403 1669 observaverat;
1421 1636 1492 1670 quod
1515 1636 1601 1670 ipsum
1616 1641 1643 1662 et
1666 1635 1780 1662 Beverc-

992 1681 1052 1714 gius
1070 1679 1135 1706 fecit
1152 1680 1178 1705 in
1192 1678 1296 1706 Cauun.
1312 1677 1410 1706 concil.
1425 1677 1556 1707 Trullani.
1570 1685 1596 1712 p.
1614 1677 1661 1704 151
1680 1685 1688 1705 :
1703 1682 1730 1704 at
1744 1677 1779 1703 de

993 1723 1064 1749 fossa
1091 1721 1230 1748 Ριοιοηιωί
1261 1728 1304 1748 res
1319 1721 1371 1747 alia
1396 1725 1448 1748 est.
1471 1719 1518 1747 Illa
1533 1719 1666 1746 Arsinoen
1692 1727 1779 1753 usque

993 1764 1044 1791 fuit
1062 1763 1191 1798 producta
1219 1763 1290 1797 apud
1313 1761 1441 1789 Strabon.
1458 1769 1526 1793 xvn,
1544 1769 1569 1796 p.
1587 1761 1649 1793 80$,
1666 1760 1777 1794 Traiani

993 1812 1058 1832 vero
1083 1805 1116 1831 ad
1139 1803 1256 1830 Ilcroum
1282 1803 1377 1830 urbem
1406 1803 1529 1829 Arsinoa:
1554 1802 1681 1831 vicinam.
1708 1806 1779 1829 teste

993 1845 1138 1873 Ptolema-o
1151 1852 1188 1877 tv,
1206 1844 1232 1871 5.
1248 1845 1289 1871 Ab
1304 1848 1420 1877 utraque
1433 1843 1548 1877 amplius
1560 1843 1594 1870 69
1603 1842 1638 1870 Μ.
1654 1842 1684 1870 Ρ.
1698 1842 1778 1879 Clys-

993 1895 1036 1916 ma
1051 1893 1108 1914 erat
1124 1890 1267 1916 semotum,
1295 1884 1522 1920 quemadmodum
1537 1885 1600 1911 Aut.
1616 1884 1681 1911 Itin.
1707 1885 1780 1912 indi-

993 1934 1047 1962 cat.
1061 1929 1192 1964 longeque
1216 1928 1284 1954 adeo
1301 1935 1315 1954 a
1333 1926 1405 1954 I‘ussa
1429 1925 1547 1961 Trajana
1575 1925 1775 1960 Ptolemzeique.

994 1970 1023 1998 Si
1052 1974 1179 2005 pra-terea
1205 1967 1317 1995 Luciani
1344 1967 1495 1994 orationem
1518 1972 1591 1994 recte
1617 1967 1775 1994 considera-

993 2012 1076 2043 veris,
1093 2011 1193 2037 tmllum
1220 2010 1284 2037 huic
1301 2009 1420 2044 opinioni
1438 2009 1593 2043 praesidium
1608 2009 1777 2036 auxiliumve

995 2053 1143 2081 invenies:
1163 2059 1250 2087 neque
1278 2052 1350 2078 enim
1386 2050 1450 2086 ἄχρι
1475 2050 1656 2085 Κλύσματος.
1682 2051 1777 2077 πλοίου

994 2094 1164 2128 ἀναγομένου
1180 2098 1252 2121 recte
1263 2093 1377 2120 verteris
1392 2099 1471 2127 usque
1487 2093 1522 2118 ad
1537 2092 1642 2126 Clysma
1661 2093 1777 2118 adducto

995 2137 1117 2171 nat-igio,
1141 2135 1359 2170 quandoquidem
1377 2141 1458 2160 naves
1481 2133 1630 2166 ἀνάγεσθαι
1650 2133 1779 2160 dicuntur

994 2186 1055 2214 qua:
1081 2178 1186 2205 solumt
1212 2181 1238 2204 et
1259 2184 1291 2202 t-x
1320 2179 1396 2210 portu
1428 2175 1621 2208 prevehuntur.
1653 2174 1778 2209 Polybius

993 2228 1013 2254 I,
1031 2219 1087 2248 60:
1117 2220 1164 2250 ’ος
1191 2217 1318 2252 ἀναχθεὶς
1339 2217 1385 2242 καὶ
1410 2216 1532 2250 καταρέις
1548 2217 1594 2242 ἐπὶ
1617 2216 1665 2250 τὴν
1690 2216 1778 2250 Ἱερὰν

995 2261 1164 2296 καλουμένην
1189 2260 1290 2290 νῆσον,
1315 2263 1342 2286 et
1366 2258 1382 2285 5
1401 2259 1419 2284 Ξ
1442 2267 1449 2285 :
1470 2258 1574 2293 ἀνήχθη
1598 2258 1646 2284 καὶ
1674 2260 1776 2294 κατῆρε

993 2303 1148 2338 δευτεραῖος
1164 2301 1202 2333 εἰς
1220 2301 1328 2335 Πάτρας
1340 2318 1348 2332 ,
1375 2304 1402 2326 ct
1418 2300 1516 2334 passim
1531 2299 1588 2331 alii,
1603 2307 1616 2325 a
1632 2299 1695 2325 viris
1712 2301 1775 2325 doc-

994 2345 1108 2371 tissitnis
1136 2343 1170 2370 ad
1193 2342 1248 2369 Act.
1275 2349 1360 2374 nvn,
1385 2341 1413 2374 2,
1429 2341 1446 2367 3
1461 2341 1582 2368 excitati.
1606 2340 1698 2375 Itaque
1728 2341 1778 2368 hoc

995 2385 1129 2413 Lucianus
1154 2384 1271 2411 voluisse
1293 2383 1412 2414 videtur,
1433 2382 1558 2416 juvenem
1579 2389 1639 2409 eum
1658 2383 1685 2408 in
1709 2382 1777 2408 Illlt“

996 2430 1094 2457 riorem
1109 2427 1255 2461 Egyptum
1268 2425 1409 2460 navigasse
1423 2431 1451 2452 et
1467 2425 1575 2460 Clysma
1591 2425 1700 2455 adiisse,
1715 2432 1775 2451 cum

995 2478 1059 2498 vero
1072 2469 1149 2497 navis
1165 2468 1226 2495 inde
1243 2467 1372 2500 solveret,
1389 2474 1545 2501 persuasum
1569 2466 1653 2492 fuisse
1673 2470 1702 2492 ut
1718 2474 1775 2492 mni

995 2512 1190 2540 conscenderet
1203 2514 1230 2537 et
1250 2509 1353 2537 Indiam
1371 2513 1475 2543 peteret
1490 2518 1497 2536 :
1513 2512 1571 2535 erat
1589 2509 1689 2542 quippe
1703 2507 1776 2543 Clyc-

996 2554 1077 2581 matis
1091 2557 1183 2588 portus
1201 2552 1234 2579 ad
1259 2552 1309 2578 iter
1336 2551 1473 2583 lmlicum,
1489 2555 1518 2577 ut
1551 2549 1718 2584 Epiphanius
1740 2550 1777 2575 si-

995 2595 1115 2631 gniﬁcat,
1127 2593 1356 2620 accommodatus.
1374 2591 1439 2618 Vide
1453 2595 1478 2618 et
1497 2591 1561 2617 Aul.
1575 2590 1648 2622 Irim,
1674 2598 1699 2623 p.
1717 2590 1774 2616 170.

1031 2637 1098 2664 Ibid.
1123 2635 1291 2669 Ἀρκαδίας.
1318 2633 1421 2660 Nomen
1445 2632 1584 2668 provincia
1606 2633 1639 2659 ab
1662 2633 1777 2659 Arcadio

995 2678 1103 2712 indepta
1121 2682 1173 2707 est.
1195 2681 1290 2710 estque
1312 2675 1398 2710 prima
1414 2675 1484 2709 ejus.
1501 2675 1573 2705 quod
1588 2674 1684 2705 sciam,
1708 2674 1776 2708 apud

995 2721 1123 2756 Cyrillqu
1149 2719 1228 2753 epist.
1255 2718 1287 2744 ad
1312 2717 1435 2749 Atticum,
1465 2724 1491 2751 p,
1520 2716 1571 2742 205
1600 2720 1627 2741 et
1654 2715 1775 2744 concilio.

998 2762 1144 2796 Ephesino,
1161 2767 1188 2794 p.
1220 2759 1274 2786 HI
1299 2758 1411 2786 utentio.
1440 2757 1584 2784 Arcadium
1616 2756 1653 2782 illi
1682 2763 1776 2783 nomrn

997 2804 1104 2831 dedis:e
1136 2801 1292 2828 Eustathius
1321 2800 1346 2826 in
1386 2799 1505 2834 Dionysii
1557 2798 1688 2832 l'eriages.
1725 2797 1772 2824 23I
