  <div class='ocr_page' id='page_1' title='image "/cluster/home/n/w/nwhite01/storage/ocr_20150623/113/njp.32101077772968/652.png"; bbox 0 0 1911 3071; ppageno 0'>
   <div class='ocr_carea' id='block_1_1' title="bbox 117 133 188 168">
    <p class='ocr_par' dir='ltr' id='par_1_1' title="bbox 117 133 188 168">
     <span class='ocr_line' id='line_1_1' title="bbox 117 133 188 168; baseline 0.028 -2"><span class='ocrx_word' id='word_1_1' title='bbox 117 133 188 168; x_wconf 82' lang='grc'><strong>1189</strong></span> 
     </span>
    </p>
   </div>
   <div class='ocr_carea' id='block_1_2' title="bbox 116 192 909 227">
    <p class='ocr_par' dir='ltr' id='par_1_2' title="bbox 116 192 909 227">
     <span class='ocr_line' id='line_1_2' title="bbox 116 192 909 227; baseline 0.004 -9"><span class='ocrx_word' id='word_1_2' title='bbox 116 192 278 224; x_wconf 82' lang='lat' dir='ltr'><strong>testahitnr;</strong></span> <span class='ocrx_word' id='word_1_3' title='bbox 320 192 452 227; x_wconf 74' lang='lat' dir='ltr'><strong>facileque</strong></span> <span class='ocrx_word' id='word_1_4' title='bbox 489 194 557 221; x_wconf 79' lang='lat' dir='ltr'><strong>adeo</strong></span> <span class='ocrx_word' id='word_1_5' title='bbox 592 194 722 222; x_wconf 87' lang='lat' dir='ltr'><strong>llarduini</strong></span> <span class='ocrx_word' id='word_1_6' title='bbox 756 197 909 222; x_wconf 75' lang='lat' dir='ltr'><strong>carebimus</strong></span> 
     </span>
    </p>
   </div>
   <div class='ocr_carea' id='block_1_3' title="bbox 114 236 908 272">
    <p class='ocr_par' dir='ltr' id='par_1_3' title="bbox 114 236 908 272">
     <span class='ocr_line' id='line_1_3' title="bbox 114 236 908 272; baseline 0.005 -12"><span class='ocrx_word' id='word_1_7' title='bbox 114 239 281 268; x_wconf 87' lang='lat' dir='ltr'><strong>commento,</strong></span> <span class='ocrx_word' id='word_1_8' title='bbox 302 242 356 269; x_wconf 89' lang='lat' dir='ltr'><strong>quo</strong></span> <span class='ocrx_word' id='word_1_9' title='bbox 370 236 508 269; x_wconf 76' lang='lat' dir='ltr'><strong>provincia</strong></span> <span class='ocrx_word' id='word_1_10' title='bbox 524 244 557 262; x_wconf 82' lang='lat' dir='ltr'><strong>eo</strong></span> <span class='ocrx_word' id='word_1_11' title='bbox 573 237 650 263; x_wconf 90' lang='lat' dir='ltr'><strong>titulo</strong></span> <span class='ocrx_word' id='word_1_12' title='bbox 664 237 761 263; x_wconf 89' lang='lat' dir='ltr'><strong>donata</strong></span> <span class='ocrx_word' id='word_1_13' title='bbox 780 238 908 272; x_wconf 82' lang='lat' dir='ltr'><strong>perhibe-</strong></span> 
     </span>
    </p>
   </div>
   <div class='ocr_carea' id='block_1_4' title="bbox 115 276 909 312">
    <p class='ocr_par' dir='ltr' id='par_1_4' title="bbox 115 276 909 312">
     <span class='ocr_line' id='line_1_4' title="bbox 115 276 909 312; baseline 0.004 -10"><span class='ocrx_word' id='word_1_14' title='bbox 115 281 176 307; x_wconf 87' lang='lat' dir='ltr'><strong>tttr,</strong></span> <span class='ocrx_word' id='word_1_15' title='bbox 195 277 266 310; x_wconf 88' lang='lat' dir='ltr'><strong>quod</strong></span> <span class='ocrx_word' id='word_1_16' title='bbox 290 277 372 303; x_wconf 91' lang='lat' dir='ltr'><strong>totius</strong></span> <span class='ocrx_word' id='word_1_17' title='bbox 397 276 506 312; x_wconf 64' lang='lat' dir='ltr'><strong>[Egypli</strong></span> <span class='ocrx_word' id='word_1_18' title='bbox 532 283 604 304; x_wconf 83' lang='lat' dir='ltr'><strong>esset</strong></span> <span class='ocrx_word' id='word_1_19' title='bbox 621 279 708 305; x_wconf 83' lang='lat' dir='ltr'><strong>media</strong></span> <span class='ocrx_word' id='word_1_20' title='bbox 731 279 770 305; x_wconf 88' lang='lat' dir='ltr'><strong>uti</strong></span> <span class='ocrx_word' id='word_1_21' title='bbox 793 279 909 306; x_wconf 82' lang='lat' dir='ltr'><strong>Arcadia</strong></span> 
     </span>
    </p>
   </div>
   <div class='ocr_carea' id='block_1_5' title="bbox 115 315 910 352">
    <p class='ocr_par' dir='ltr' id='par_1_5' title="bbox 115 315 910 352">
     <span class='ocr_line' id='line_1_5' title="bbox 115 315 910 352; baseline 0.006 -10"><span class='ocrx_word' id='word_1_22' title='bbox 115 315 309 351; x_wconf 80' lang='lat' dir='ltr'><strong>Peloponnesi;</strong></span> <span class='ocrx_word' id='word_1_23' title='bbox 327 325 387 352; x_wconf 66' lang='lat' dir='ltr'><strong>quae</strong></span> <span class='ocrx_word' id='word_1_24' title='bbox 408 320 431 345; x_wconf 85' lang='lat' dir='ltr'><strong>si</strong></span> <span class='ocrx_word' id='word_1_25' title='bbox 449 319 534 345; x_wconf 84' lang='lat' dir='ltr'><strong>solida</strong></span> <span class='ocrx_word' id='word_1_26' title='bbox 562 318 633 346; x_wconf 83' lang='lat' dir='ltr'><strong>foret</strong></span> <span class='ocrx_word' id='word_1_27' title='bbox 656 321 744 352; x_wconf 84' lang='lat' dir='ltr'><strong>ratio,</strong></span> <span class='ocrx_word' id='word_1_28' title='bbox 767 328 817 347; x_wconf 90' lang='lat' dir='ltr'><strong>cur</strong></span> <span class='ocrx_word' id='word_1_29' title='bbox 844 329 910 347; x_wconf 88' lang='lat' dir='ltr'><strong>nus-</strong></span> 
     </span>
    </p>
   </div>
   <div class='ocr_carea' id='block_1_6' title="bbox 115 358 907 395">
    <p class='ocr_par' dir='ltr' id='par_1_6' title="bbox 115 358 907 395">
     <span class='ocr_line' id='line_1_6' title="bbox 115 358 907 395; baseline 0.008 -13"><span class='ocrx_word' id='word_1_30' title='bbox 115 365 198 391; x_wconf 89' lang='lat' dir='ltr'><strong>quam</strong></span> <span class='ocrx_word' id='word_1_31' title='bbox 216 358 242 385; x_wconf 94' lang='lat' dir='ltr'><strong>id</strong></span> <span class='ocrx_word' id='word_1_32' title='bbox 257 359 488 385; x_wconf 69' lang='lat' dir='ltr'><strong>nomenobvium&#39;</strong></span> <span class='ocrx_word' id='word_1_33' title='bbox 502 364 544 386; x_wconf 84' lang='lat' dir='ltr'><strong>est</strong></span> <span class='ocrx_word' id='word_1_34' title='bbox 563 361 613 388; x_wconf 87' lang='lat' dir='ltr'><strong>nisi</strong></span> <span class='ocrx_word' id='word_1_35' title='bbox 630 366 690 394; x_wconf 85' lang='lat' dir='ltr'><strong>post</strong></span> <span class='ocrx_word' id='word_1_36' title='bbox 712 361 777 395; x_wconf 86' lang='lat' dir='ltr'><strong>imp.</strong></span> <span class='ocrx_word' id='word_1_37' title='bbox 795 362 907 388; x_wconf 85' lang='lat' dir='ltr'><strong>Arcadii</strong></span> 
     </span>
    </p>
   </div>
   <div class='ocr_carea' id='block_1_7' title="bbox 114 400 907 436">
    <p class='ocr_par' dir='ltr' id='par_1_7' title="bbox 114 400 907 436">
     <span class='ocr_line' id='line_1_7' title="bbox 114 400 907 436; baseline 0.004 -10"><span class='ocrx_word' id='word_1_38' title='bbox 114 400 242 426; x_wconf 62' lang='lat' dir='ltr'><strong>atatem?</strong></span> <span class='ocrx_word' id='word_1_39' title='bbox 255 407 355 434; x_wconf 72' lang='lat' dir='ltr'><strong>praeses</strong></span> <span class='ocrx_word' id='word_1_40' title='bbox 369 400 491 427; x_wconf 67' lang='lat' dir='ltr'><strong>Arcadia&quot;</strong></span> <span class='ocrx_word' id='word_1_41' title='bbox 501 405 541 428; x_wconf 82' lang='lat' dir='ltr'><strong>cst</strong></span> <span class='ocrx_word' id='word_1_42' title='bbox 558 401 585 428; x_wconf 94' lang='lat' dir='ltr'><strong>in</strong></span> <span class='ocrx_word' id='word_1_43' title='bbox 599 401 702 428; x_wconf 81' lang='lat' dir='ltr'><strong>Notitia</strong></span> <span class='ocrx_word' id='word_1_44' title='bbox 718 403 788 436; x_wconf 87' lang='lat' dir='ltr'><strong>imp.</strong></span> <span class='ocrx_word' id='word_1_45' title='bbox 804 402 907 429; x_wconf 73' lang='lat' dir='ltr'><strong>Oritnl.</strong></span> 
     </span>
    </p>
   </div>
   <div class='ocr_carea' id='block_1_8' title="bbox 115 448 211 474">
    <p class='ocr_par' dir='ltr' id='par_1_8' title="bbox 115 448 211 474">
     <span class='ocr_line' id='line_1_8' title="bbox 115 448 211 474; baseline -0.01 -7"><span class='ocrx_word' id='word_1_46' title='bbox 115 448 177 474; x_wconf 86' lang='lat' dir='ltr'><strong>cap.</strong></span> <span class='ocrx_word' id='word_1_47' title='bbox 192 448 211 468; x_wconf 87' lang='grc' dir='ltr'><strong>ι.</strong></span> 
     </span>
    </p>
   </div>
   <div class='ocr_carea' id='block_1_9' title="bbox 152 487 907 526">
    <p class='ocr_par' dir='ltr' id='par_1_9' title="bbox 152 487 907 526">
     <span class='ocr_line' id='line_1_9' title="bbox 152 487 907 526; baseline 0.004 -11"><span class='ocrx_word' id='word_1_48' title='bbox 152 487 214 516; x_wconf 90' lang='lat' dir='ltr'><strong>Col.</strong></span> <span class='ocrx_word' id='word_1_49' title='bbox 229 489 293 516; x_wconf 84' lang='lat'><strong>156.</strong></span> <span class='ocrx_word' id='word_1_50' title='bbox 310 489 406 516; x_wconf 79' lang='grc' dir='ltr'><strong>Κυνώ.</strong></span> <span class='ocrx_word' id='word_1_51' title='bbox 431 489 494 517; x_wconf 60' lang='lat' dir='ltr'><strong>&quot;me</strong></span> <span class='ocrx_word' id='word_1_52' title='bbox 516 491 641 525; x_wconf 83' lang='lat' dir='ltr'><strong>superior</strong></span> <span class='ocrx_word' id='word_1_53' title='bbox 653 496 695 518; x_wconf 83' lang='lat' dir='ltr'><strong>est</strong></span> <span class='ocrx_word' id='word_1_54' title='bbox 710 491 797 526; x_wconf 88' lang='lat' dir='ltr'><strong>Cyno,</strong></span> <span class='ocrx_word' id='word_1_55' title='bbox 817 492 834 526; x_wconf 81' lang='grc' dir='ltr'>ἡ</span> <span class='ocrx_word' id='word_1_56' title='bbox 851 491 907 518; x_wconf 83' lang='grc' dir='ltr'><strong>ἄνω</strong></span> 
     </span>
    </p>
   </div>
   <div class='ocr_carea' id='block_1_10' title="bbox 116 529 906 567">
    <p class='ocr_par' dir='ltr' id='par_1_10' title="bbox 116 529 906 567">
     <span class='ocr_line' id='line_1_10' title="bbox 116 529 906 567; baseline 0.004 -11"><span class='ocrx_word' id='word_1_57' title='bbox 116 529 209 562; x_wconf 80' lang='grc' dir='ltr'><strong>Κυνὼ,</strong></span> <span class='ocrx_word' id='word_1_58' title='bbox 220 530 246 557; x_wconf 86' lang='lat' dir='ltr'><strong>in</strong></span> <span class='ocrx_word' id='word_1_59' title='bbox 258 530 356 558; x_wconf 61' lang='lat' dir='ltr'><strong>Meletii</strong></span> <span class='ocrx_word' id='word_1_60' title='bbox 365 531 513 563; x_wconf 69' lang='lat' dir='ltr'><strong>Breviario,</strong></span> <span class='ocrx_word' id='word_1_61' title='bbox 523 540 548 566; x_wconf 93' lang='lat' dir='ltr'><strong>p.</strong></span> <span class='ocrx_word' id='word_1_62' title='bbox 559 532 619 564; x_wconf 83' lang='lat'><strong>187;</strong></span> <span class='ocrx_word' id='word_1_63' title='bbox 627 540 687 566; x_wconf 73' lang='lat' dir='ltr'><strong>qum</strong></span> <span class='ocrx_word' id='word_1_64' title='bbox 695 534 745 559; x_wconf 89' lang='lat' dir='ltr'><strong>etsi</strong></span> <span class='ocrx_word' id='word_1_65' title='bbox 757 533 906 567; x_wconf 76' lang='lat' dir='ltr'><strong>principem</strong></span> 
     </span>
    </p>
   </div>
   <div class='ocr_carea' id='block_1_11' title="bbox 115 573 904 608">
    <p class='ocr_par' dir='ltr' id='par_1_11' title="bbox 115 573 904 608">
     <span class='ocr_line' id='line_1_11' title="bbox 115 573 904 608; baseline 0.003 -9"><span class='ocrx_word' id='word_1_66' title='bbox 115 574 143 599; x_wconf 91' lang='lat' dir='ltr'><strong>in</strong></span> <span class='ocrx_word' id='word_1_67' title='bbox 161 573 266 600; x_wconf 84' lang='lat' dir='ltr'><strong>urbium</strong></span> <span class='ocrx_word' id='word_1_68' title='bbox 282 573 404 606; x_wconf 77' lang='lat' dir='ltr'><strong>catalogo</strong></span> <span class='ocrx_word' id='word_1_69' title='bbox 414 574 501 600; x_wconf 86' lang='lat' dir='ltr'><strong>locum</strong></span> <span class='ocrx_word' id='word_1_70' title='bbox 520 579 620 604; x_wconf 86' lang='lat' dir='ltr'><strong>teneat.</strong></span> <span class='ocrx_word' id='word_1_71' title='bbox 640 575 797 608; x_wconf 76' lang='lat' dir='ltr'><strong>Illt‘lropttlis</strong></span> <span class='ocrx_word' id='word_1_72' title='bbox 815 579 904 601; x_wconf 79' lang='lat' dir='ltr'><strong>tamen</strong></span> 
     </span>
    </p>
   </div>
   <div class='ocr_carea' id='block_1_12' title="bbox 113 615 907 650">
    <p class='ocr_par' dir='ltr' id='par_1_12' title="bbox 113 615 907 650">
     <span class='ocr_line' id='line_1_12' title="bbox 113 615 907 650; baseline 0 -8"><span class='ocrx_word' id='word_1_73' title='bbox 113 615 252 642; x_wconf 83' lang='lat' dir='ltr'><strong>censenda</strong></span> <span class='ocrx_word' id='word_1_74' title='bbox 280 623 333 642; x_wconf 89' lang='lat' dir='ltr'><strong>non</strong></span> <span class='ocrx_word' id='word_1_75' title='bbox 364 615 417 642; x_wconf 90' lang='lat' dir='ltr'><strong>erit</strong></span> <span class='ocrx_word' id='word_1_76' title='bbox 441 622 502 642; x_wconf 89' lang='lat' dir='ltr'><strong>cum</strong></span> <span class='ocrx_word' id='word_1_77' title='bbox 531 615 563 642; x_wconf 72' lang='lat'><strong>1..</strong></span> <span class='ocrx_word' id='word_1_78' title='bbox 592 615 745 642; x_wconf 85' lang='lat' dir='ltr'><strong>llolstciuio</strong></span> <span class='ocrx_word' id='word_1_79' title='bbox 772 624 778 642; x_wconf 90' lang='lat'>:</span> <span class='ocrx_word' id='word_1_80' title='bbox 806 616 907 650; x_wconf 61' lang='lat' dir='ltr'><strong>saepius</strong></span> 
     </span>
    </p>
   </div>
   <div class='ocr_carea' id='block_1_13' title="bbox 114 656 906 692">
    <p class='ocr_par' dir='ltr' id='par_1_13' title="bbox 114 656 906 692">
     <span class='ocr_line' id='line_1_13' title="bbox 114 656 906 692; baseline 0 -9"><span class='ocrx_word' id='word_1_81' title='bbox 114 658 188 683; x_wconf 78' lang='lat' dir='ltr'><strong>enim</strong></span> <span class='ocrx_word' id='word_1_82' title='bbox 202 657 324 684; x_wconf 86' lang='lat' dir='ltr'><strong>videmus</strong></span> <span class='ocrx_word' id='word_1_83' title='bbox 340 665 386 684; x_wconf 87' lang='lat' dir='ltr'><strong>seu</strong></span> <span class='ocrx_word' id='word_1_84' title='bbox 410 657 535 683; x_wconf 85' lang='lat' dir='ltr'><strong>consulto</strong></span> <span class='ocrx_word' id='word_1_85' title='bbox 554 664 600 683; x_wconf 88' lang='lat' dir='ltr'><strong>seu</strong></span> <span class='ocrx_word' id='word_1_86' title='bbox 623 656 795 684; x_wconf 87' lang='lat' dir='ltr'><strong>librariorum</strong></span> <span class='ocrx_word' id='word_1_87' title='bbox 820 657 906 692; x_wconf 84' lang='lat' dir='ltr'><strong>negli-</strong></span> 
     </span>
    </p>
   </div>
   <div class='ocr_carea' id='block_1_14' title="bbox 116 698 764 733">
    <p class='ocr_par' dir='ltr' id='par_1_14' title="bbox 116 698 764 733">
     <span class='ocr_line' id='line_1_14' title="bbox 116 698 764 733; baseline -0.002 -8"><span class='ocrx_word' id='word_1_88' title='bbox 116 699 208 733; x_wconf 78' lang='lat' dir='ltr'><strong>gentia</strong></span> <span class='ocrx_word' id='word_1_89' title='bbox 227 698 390 732; x_wconf 83' lang='lat' dir='ltr'><strong>metropoles</strong></span> <span class='ocrx_word' id='word_1_90' title='bbox 409 698 471 724; x_wconf 90' lang='lat' dir='ltr'><strong>aliis</strong></span> <span class='ocrx_word' id='word_1_91' title='bbox 488 698 570 725; x_wconf 78' lang='lat' dir='ltr'><strong>fuisse</strong></span> <span class='ocrx_word' id='word_1_92' title='bbox 585 699 764 733; x_wconf 82' lang='lat' dir='ltr'><strong>postpositas.</strong></span> 
     </span>
    </p>
   </div>
   <div class='ocr_carea' id='block_1_15' title="bbox 151 745 908 781">
    <p class='ocr_par' dir='ltr' id='par_1_15' title="bbox 151 745 908 781">
     <span class='ocr_line' id='line_1_15' title="bbox 151 745 908 781; baseline 0.001 -8"><span class='ocrx_word' id='word_1_93' title='bbox 151 746 161 773; x_wconf 97' lang='lat' dir='ltr'><strong>l</strong></span> <span class='ocrx_word' id='word_1_94' title='bbox 175 747 218 774; x_wconf 62' lang='grc' dir='ltr'><strong>ἀεὶ.</strong></span> <span class='ocrx_word' id='word_1_95' title='bbox 236 745 425 780; x_wconf 78' lang='grc' dir='ltr'><strong>Ὀξύρυγχος.</strong></span> <span class='ocrx_word' id='word_1_96' title='bbox 442 746 503 774; x_wconf 72' lang='lat' dir='ltr'><strong>llaze</strong></span> <span class='ocrx_word' id='word_1_97' title='bbox 518 747 664 780; x_wconf 71' lang='lat' dir='ltr'><strong>provincia:</strong></span> <span class='ocrx_word' id='word_1_98' title='bbox 684 746 840 781; x_wconf 85' lang='lat' dir='ltr'><strong>metropolis</strong></span> <span class='ocrx_word' id='word_1_99' title='bbox 865 752 908 774; x_wconf 83' lang='lat' dir='ltr'><strong>est</strong></span> 
     </span>
    </p>
   </div>
   <div class='ocr_carea' id='block_1_16' title="bbox 114 787 905 822">
    <p class='ocr_par' dir='ltr' id='par_1_16' title="bbox 114 787 905 822">
     <span class='ocr_line' id='line_1_16' title="bbox 114 787 905 822; baseline 0.003 -8"><span class='ocrx_word' id='word_1_100' title='bbox 114 788 186 821; x_wconf 85' lang='lat' dir='ltr'><strong>apud</strong></span> <span class='ocrx_word' id='word_1_101' title='bbox 211 787 296 814; x_wconf 85' lang='lat' dir='ltr'><strong>Nilum</strong></span> <span class='ocrx_word' id='word_1_102' title='bbox 327 788 532 821; x_wconf 74' lang='lat' dir='ltr'><strong>Doxopatrium,</strong></span> <span class='ocrx_word' id='word_1_103' title='bbox 558 796 584 822; x_wconf 91' lang='lat' dir='ltr'><strong>p.</strong></span> <span class='ocrx_word' id='word_1_104' title='bbox 608 788 661 815; x_wconf 71' lang='grc'>225</span> <span class='ocrx_word' id='word_1_105' title='bbox 679 788 770 815; x_wconf 87' lang='lat' dir='ltr'><strong>tom.I</strong></span> <span class='ocrx_word' id='word_1_106' title='bbox 793 788 856 815; x_wconf 89' lang='lat' dir='ltr'><strong>Var.</strong></span> <span class='ocrx_word' id='word_1_107' title='bbox 875 788 905 816; x_wconf 88' lang='lat' dir='ltr'><strong>S.</strong></span> 
     </span>
    </p>
   </div>
   <div class='ocr_carea' id='block_1_17' title="bbox 115 828 907 864">
    <p class='ocr_par' dir='ltr' id='par_1_17' title="bbox 115 828 907 864">
     <span class='ocr_line' id='line_1_17' title="bbox 115 828 907 864; baseline 0.003 -10"><span class='ocrx_word' id='word_1_108' title='bbox 115 829 152 855; x_wconf 79' lang='lat' dir='ltr'><strong>Le</strong></span> <span class='ocrx_word' id='word_1_109' title='bbox 169 829 271 864; x_wconf 83' lang='lat' dir='ltr'><strong>Moyue.</strong></span> <span class='ocrx_word' id='word_1_110' title='bbox 289 828 361 856; x_wconf 89' lang='lat' dir='ltr'><strong>Urbs</strong></span> <span class='ocrx_word' id='word_1_111' title='bbox 379 834 445 856; x_wconf 84' lang='lat' dir='ltr'><strong>erat</strong></span> <span class='ocrx_word' id='word_1_112' title='bbox 462 829 627 864; x_wconf 84' lang='lat' dir='ltr'><strong>amplissima</strong></span> <span class='ocrx_word' id='word_1_113' title='bbox 639 835 666 856; x_wconf 90' lang='lat' dir='ltr'><strong>et</strong></span> <span class='ocrx_word' id='word_1_114' title='bbox 685 830 837 857; x_wconf 82' lang='lat' dir='ltr'><strong>incredibili</strong></span> <span class='ocrx_word' id='word_1_115' title='bbox 853 837 907 856; x_wconf 89' lang='lat' dir='ltr'><strong>mo-</strong></span> 
     </span>
    </p>
   </div>
   <div class='ocr_carea' id='block_1_18' title="bbox 115 870 907 904">
    <p class='ocr_par' dir='ltr' id='par_1_18' title="bbox 115 870 907 904">
     <span class='ocr_line' id='line_1_18' title="bbox 115 870 907 904; baseline 0 -8"><span class='ocrx_word' id='word_1_116' title='bbox 115 871 266 896; x_wconf 74' lang='lat' dir='ltr'><strong>nachorum</strong></span> <span class='ocrx_word' id='word_1_117' title='bbox 292 870 442 904; x_wconf 76' lang='lat' dir='ltr'><strong>frequentia</strong></span> <span class='ocrx_word' id='word_1_118' title='bbox 460 871 596 904; x_wconf 82' lang='lat' dir='ltr'><strong>celebris;</strong></span> <span class='ocrx_word' id='word_1_119' title='bbox 614 879 666 904; x_wconf 88' lang='lat' dir='ltr'><strong>qua</strong></span> <span class='ocrx_word' id='word_1_120' title='bbox 683 872 717 897; x_wconf 88' lang='lat' dir='ltr'><strong>de</strong></span> <span class='ocrx_word' id='word_1_121' title='bbox 738 878 767 897; x_wconf 92' lang='lat' dir='ltr'><strong>re</strong></span> <span class='ocrx_word' id='word_1_122' title='bbox 793 870 907 897; x_wconf 61' lang='lat' dir='ltr'><strong>liulitms</strong></span> 
     </span>
    </p>
   </div>
   <div class='ocr_carea' id='block_1_19' title="bbox 115 911 907 947">
    <p class='ocr_par' dir='ltr' id='par_1_19' title="bbox 115 911 907 947">
     <span class='ocr_line' id='line_1_19' title="bbox 115 911 907 947; baseline 0.001 -10"><span class='ocrx_word' id='word_1_123' title='bbox 115 912 148 938; x_wconf 84' lang='lat' dir='ltr'><strong>ad</strong></span> <span class='ocrx_word' id='word_1_124' title='bbox 164 911 226 938; x_wconf 78' lang='lat' dir='ltr'><strong>Ant.</strong></span> <span class='ocrx_word' id='word_1_125' title='bbox 246 911 324 940; x_wconf 88' lang='lat' dir='ltr'><strong>Itin..</strong></span> <span class='ocrx_word' id='word_1_126' title='bbox 350 920 375 946; x_wconf 89' lang='lat' dir='ltr'><strong>p.</strong></span> <span class='ocrx_word' id='word_1_127' title='bbox 400 912 450 938; x_wconf 64' lang='grc'>157</span> <span class='ocrx_word' id='word_1_128' title='bbox 470 919 484 939; x_wconf 84' lang='lat' dir='ltr'><strong>a</strong></span> <span class='ocrx_word' id='word_1_129' title='bbox 502 920 544 939; x_wconf 89' lang='lat' dir='ltr'><strong>me</strong></span> <span class='ocrx_word' id='word_1_130' title='bbox 560 913 720 947; x_wconf 85' lang='lat' dir='ltr'><strong>appellatus.</strong></span> <span class='ocrx_word' id='word_1_131' title='bbox 743 918 770 939; x_wconf 90' lang='lat' dir='ltr'><strong>et</strong></span> <span class='ocrx_word' id='word_1_132' title='bbox 792 913 907 938; x_wconf 72' lang='lat' dir='ltr'><strong>maxime</strong></span> 
     </span>
    </p>
   </div>
   <div class='ocr_carea' id='block_1_20' title="bbox 116 953 906 990">
    <p class='ocr_par' dir='ltr' id='par_1_20' title="bbox 116 953 906 990">
     <span class='ocr_line' id='line_1_20' title="bbox 116 953 906 990; baseline 0.003 -11"><span class='ocrx_word' id='word_1_133' title='bbox 116 953 266 980; x_wconf 69' lang='lat' dir='ltr'><strong>Par-adistis</strong></span> <span class='ocrx_word' id='word_1_134' title='bbox 303 961 349 980; x_wconf 85' lang='lat' dir='ltr'><strong>seu</strong></span> <span class='ocrx_word' id='word_1_135' title='bbox 385 953 605 984; x_wconf 71' lang='lat' dir='ltr'><strong>llist.,lllouach.</strong></span> <span class='ocrx_word' id='word_1_136' title='bbox 629 953 746 990; x_wconf 64' lang='lat' dir='ltr'><strong>.zEgypti</strong></span> <span class='ocrx_word' id='word_1_137' title='bbox 779 959 846 982; x_wconf 88' lang='lat' dir='ltr'><strong>tom.</strong></span> <span class='ocrx_word' id='word_1_138' title='bbox 874 954 906 981; x_wconf 92' lang='lat' dir='ltr'><strong>lll</strong></span> 
     </span>
    </p>
   </div>
   <div class='ocr_carea' id='block_1_21' title="bbox 115 995 514 1030">
    <p class='ocr_par' dir='ltr' id='par_1_21' title="bbox 115 995 514 1030">
     <span class='ocr_line' id='line_1_21' title="bbox 115 995 514 1030; baseline 0.005 -9"><span class='ocrx_word' id='word_1_139' title='bbox 115 995 238 1022; x_wconf 84' lang='lat' dir='ltr'><strong>Monum.</strong></span> <span class='ocrx_word' id='word_1_140' title='bbox 253 995 390 1028; x_wconf 81' lang='lat' dir='ltr'><strong>Cotclerii,</strong></span> <span class='ocrx_word' id='word_1_141' title='bbox 409 1004 434 1030; x_wconf 91' lang='lat' dir='ltr'><strong>p.</strong></span> <span class='ocrx_word' id='word_1_142' title='bbox 454 996 514 1023; x_wconf 83' lang='lat' dir='ltr'><strong>I75.</strong></span> 
     </span>
    </p>
   </div>
   <div class='ocr_carea' id='block_1_22' title="bbox 152 1044 907 1081">
    <p class='ocr_par' dir='ltr' id='par_1_22' title="bbox 152 1044 907 1081">
     <span class='ocr_line' id='line_1_22' title="bbox 152 1044 907 1081; baseline 0.003 -11"><span class='ocrx_word' id='word_1_143' title='bbox 152 1045 218 1072; x_wconf 91' lang='lat' dir='ltr'><strong>lbid.</strong></span> <span class='ocrx_word' id='word_1_144' title='bbox 247 1044 424 1078; x_wconf 62' lang='lat' dir='ltr'><strong>&#39;Ilpaxjéoic.</strong></span> <span class='ocrx_word' id='word_1_145' title='bbox 455 1045 623 1081; x_wconf 78' lang='grc' dir='ltr'><strong>Ἡρακλέους</strong></span> <span class='ocrx_word' id='word_1_146' title='bbox 649 1053 716 1073; x_wconf 88' lang='lat' dir='ltr'><strong>voce</strong></span> <span class='ocrx_word' id='word_1_147' title='bbox 738 1046 816 1078; x_wconf 82' lang='grc' dir='ltr'>πόλις</span> <span class='ocrx_word' id='word_1_148' title='bbox 842 1046 907 1073; x_wconf 84' lang='lat' dir='ltr'><strong>sub-</strong></span> 
     </span>
    </p>
   </div>
   <div class='ocr_carea' id='block_1_23' title="bbox 116 1085 907 1123">
    <p class='ocr_par' dir='ltr' id='par_1_23' title="bbox 116 1085 907 1123">
     <span class='ocr_line' id='line_1_23' title="bbox 116 1085 907 1123; baseline 0.003 -11"><span class='ocrx_word' id='word_1_149' title='bbox 116 1086 266 1113; x_wconf 76' lang='lat' dir='ltr'><strong>intellecla.</strong></span> <span class='ocrx_word' id='word_1_150' title='bbox 294 1085 427 1120; x_wconf 77' lang='lat' dir='ltr'><strong>Ephesium</strong></span> <span class='ocrx_word' id='word_1_151' title='bbox 449 1087 564 1113; x_wconf 91' lang='lat' dir='ltr'><strong>concilio</strong></span> <span class='ocrx_word' id='word_1_152' title='bbox 579 1087 627 1114; x_wconf 73' lang='grc'><strong>551</strong></span> <span class='ocrx_word' id='word_1_153' title='bbox 654 1088 670 1122; x_wconf 85' lang='grc' dir='ltr'>ἡ</span> <span class='ocrx_word' id='word_1_154' title='bbox 696 1088 753 1114; x_wconf 76' lang='grc' dir='ltr'><strong>ἄνω</strong></span> <span class='ocrx_word' id='word_1_155' title='bbox 775 1087 907 1123; x_wconf 75' lang='grc' dir='ltr'><strong>Ἥράλεια</strong></span> 
     </span>
    </p>
   </div>
   <div class='ocr_carea' id='block_1_24' title="bbox 114 1127 906 1164">
    <p class='ocr_par' dir='ltr' id='par_1_24' title="bbox 114 1127 906 1164">
     <span class='ocr_line' id='line_1_24' title="bbox 114 1127 906 1164; baseline 0.005 -11"><span class='ocrx_word' id='word_1_156' title='bbox 114 1133 142 1154; x_wconf 75' lang='lat' dir='ltr'><strong>et</strong></span> <span class='ocrx_word' id='word_1_157' title='bbox 169 1127 366 1156; x_wconf 78' lang='grc' dir='ltr'><strong>Ἡρακλεωτῶν</strong></span> <span class='ocrx_word' id='word_1_158' title='bbox 387 1128 465 1159; x_wconf 79' lang='grc' dir='ltr'>πόλις</span> <span class='ocrx_word' id='word_1_159' title='bbox 487 1128 537 1162; x_wconf 80' lang='grc' dir='ltr'><strong>τῆς</strong></span> <span class='ocrx_word' id='word_1_160' title='bbox 558 1129 724 1163; x_wconf 79' lang='grc' dir='ltr'><strong>’Δρκαδίας,</strong></span> <span class='ocrx_word' id='word_1_161' title='bbox 747 1135 791 1162; x_wconf 80' lang='grc' dir='ltr'><strong>ιιι,</strong></span> <span class='ocrx_word' id='word_1_162' title='bbox 811 1139 838 1164; x_wconf 87' lang='lat' dir='ltr'><strong>p.</strong></span> <span class='ocrx_word' id='word_1_163' title='bbox 853 1130 906 1157; x_wconf 75' lang='grc'><strong>474</strong></span> 
     </span>
    </p>
   </div>
   <div class='ocr_carea' id='block_1_25' title="bbox 115 1169 904 1203">
    <p class='ocr_par' dir='ltr' id='par_1_25' title="bbox 115 1169 904 1203">
     <span class='ocr_line' id='line_1_25' title="bbox 115 1169 904 1203; baseline 0.005 -9"><span class='ocrx_word' id='word_1_164' title='bbox 115 1169 225 1196; x_wconf 87' lang='lat' dir='ltr'><strong>dicitur.</strong></span> <span class='ocrx_word' id='word_1_165' title='bbox 244 1169 272 1195; x_wconf 91' lang='lat' dir='ltr'><strong>lu</strong></span> <span class='ocrx_word' id='word_1_166' title='bbox 287 1170 346 1203; x_wconf 84' lang='lat' dir='ltr'><strong>ejus</strong></span> <span class='ocrx_word' id='word_1_167' title='bbox 365 1169 462 1196; x_wconf 69' lang='lat' dir='ltr'><strong>vicinia</strong></span> <span class='ocrx_word' id='word_1_168' title='bbox 484 1173 564 1197; x_wconf 85' lang='lat' dir='ltr'><strong>natus</strong></span> <span class='ocrx_word' id='word_1_169' title='bbox 579 1170 631 1196; x_wconf 79' lang='lat' dir='ltr'><strong>fuit</strong></span> <span class='ocrx_word' id='word_1_170' title='bbox 646 1171 791 1203; x_wconf 80' lang='lat' dir='ltr'><strong>Antonius,</strong></span> <span class='ocrx_word' id='word_1_171' title='bbox 806 1179 904 1198; x_wconf 81' lang='lat' dir='ltr'><strong>mona-</strong></span> 
     </span>
    </p>
   </div>
   <div class='ocr_carea' id='block_1_26' title="bbox 117 1211 905 1244">
    <p class='ocr_par' dir='ltr' id='par_1_26' title="bbox 117 1211 905 1244">
     <span class='ocr_line' id='line_1_26' title="bbox 117 1211 905 1244; baseline 0.004 -8"><span class='ocrx_word' id='word_1_172' title='bbox 117 1211 230 1237; x_wconf 83' lang='lat' dir='ltr'><strong>chorum</strong></span> <span class='ocrx_word' id='word_1_173' title='bbox 251 1218 365 1244; x_wconf 87' lang='lat' dir='ltr'><strong>parens,</strong></span> <span class='ocrx_word' id='word_1_174' title='bbox 384 1211 461 1244; x_wconf 83' lang='lat' dir='ltr'><strong>cujus</strong></span> <span class='ocrx_word' id='word_1_175' title='bbox 475 1211 558 1237; x_wconf 89' lang='lat' dir='ltr'><strong>vitam</strong></span> <span class='ocrx_word' id='word_1_176' title='bbox 575 1212 743 1239; x_wconf 77' lang='lat' dir='ltr'><strong>Athanasius</strong></span> <span class='ocrx_word' id='word_1_177' title='bbox 765 1213 843 1239; x_wconf 90' lang='lat' dir='ltr'><strong>nobis</strong></span> <span class='ocrx_word' id='word_1_178' title='bbox 862 1220 905 1239; x_wconf 90' lang='lat' dir='ltr'><strong>re-</strong></span> 
     </span>
    </p>
   </div>
   <div class='ocr_carea' id='block_1_27' title="bbox 117 1252 907 1286">
    <p class='ocr_par' dir='ltr' id='par_1_27' title="bbox 117 1252 907 1286">
     <span class='ocr_line' id='line_1_27' title="bbox 117 1252 907 1286; baseline 0.003 -8"><span class='ocrx_word' id='word_1_179' title='bbox 117 1253 205 1286; x_wconf 90' lang='lat' dir='ltr'><strong>Iquit.</strong></span> <span class='ocrx_word' id='word_1_180' title='bbox 233 1252 399 1279; x_wconf 85' lang='lat' dir='ltr'><strong>Sozomenus</strong></span> <span class='ocrx_word' id='word_1_181' title='bbox 423 1252 457 1279; x_wconf 81' lang='grc'><strong>11.</strong></span> <span class='ocrx_word' id='word_1_182' title='bbox 473 1252 506 1280; x_wconf 87' lang='lat' dir='ltr'><strong>E.</strong></span> <span class='ocrx_word' id='word_1_183' title='bbox 527 1253 537 1278; x_wconf 89' lang='lat'><strong>1</strong></span> <span class='ocrx_word' id='word_1_184' title='bbox 558 1253 590 1280; x_wconf 84' lang='lat'><strong>15</strong></span> <span class='ocrx_word' id='word_1_185' title='bbox 606 1261 616 1280; x_wconf 89' lang='lat'><em>:</em></span> <span class='ocrx_word' id='word_1_186' title='bbox 632 1253 760 1286; x_wconf 80' lang='grc' dir='ltr'><strong>Ἐγένετο</strong></span> <span class='ocrx_word' id='word_1_187' title='bbox 785 1255 813 1281; x_wconf 80' lang='grc' dir='ltr'><strong>δὲ</strong></span> <span class='ocrx_word' id='word_1_188' title='bbox 829 1252 907 1285; x_wconf 76' lang='grc' dir='ltr'>οὗτος</span> 
     </span>
    </p>
   </div>
   <div class='ocr_carea' id='block_1_28' title="bbox 115 1293 906 1330">
    <p class='ocr_par' dir='ltr' id='par_1_28' title="bbox 115 1293 906 1330">
     <span class='ocr_line' id='line_1_28' title="bbox 115 1293 906 1330; baseline 0.001 -10"><span class='ocrx_word' id='word_1_189' title='bbox 115 1294 263 1328; x_wconf 76' lang='grc' dir='ltr'><strong>Αἰγύπτιος</strong></span> <span class='ocrx_word' id='word_1_190' title='bbox 286 1293 325 1328; x_wconf 84' lang='grc' dir='ltr'><strong>τῷ</strong></span> <span class='ocrx_word' id='word_1_191' title='bbox 357 1293 445 1328; x_wconf 81' lang='grc' dir='ltr'><strong>γένει,</strong></span> <span class='ocrx_word' id='word_1_192' title='bbox 466 1294 709 1330; x_wconf 40' lang='grc' dir='ltr'><strong>τῶνγεὺπατριδῶν</strong></span> <span class='ocrx_word' id='word_1_193' title='bbox 729 1296 783 1321; x_wconf 72' lang='grc' dir='ltr'><strong>ἀπὸ</strong></span> <span class='ocrx_word' id='word_1_194' title='bbox 802 1296 883 1330; x_wconf 77' lang='grc' dir='ltr'><strong>Κομᾶ</strong></span> <span class='ocrx_word' id='word_1_195' title='bbox 898 1303 906 1311; x_wconf 77' lang='grc' dir='ltr'><strong><em>ο</em></strong></span> 
     </span>
    </p>
   </div>
   <div class='ocr_carea' id='block_1_29' title="bbox 117 1335 907 1372">
    <p class='ocr_par' dir='ltr' id='par_1_29' title="bbox 117 1335 907 1372">
     <span class='ocr_line' id='line_1_29' title="bbox 117 1335 907 1372; baseline 0.001 -10"><span class='ocrx_word' id='word_1_196' title='bbox 117 1337 198 1371; x_wconf 84' lang='grc' dir='ltr'><strong>κώμη</strong></span> <span class='ocrx_word' id='word_1_197' title='bbox 215 1336 243 1362; x_wconf 79' lang='grc' dir='ltr'><strong>δὲ</strong></span> <span class='ocrx_word' id='word_1_198' title='bbox 271 1335 340 1370; x_wconf 76' lang='grc' dir='ltr'><strong>αὕτη</strong></span> <span class='ocrx_word' id='word_1_199' title='bbox 367 1335 434 1370; x_wconf 73' lang='grc' dir='ltr'><strong>ὁμοῦ</strong></span> <span class='ocrx_word' id='word_1_200' title='bbox 464 1336 626 1370; x_wconf 81' lang='grc' dir='ltr'><strong>Ἡρακλείας</strong></span> <span class='ocrx_word' id='word_1_201' title='bbox 650 1336 702 1371; x_wconf 83' lang='grc' dir='ltr'><strong>τῆς</strong></span> <span class='ocrx_word' id='word_1_202' title='bbox 734 1337 799 1372; x_wconf 82' lang='grc' dir='ltr'>παρ’</span> <span class='ocrx_word' id='word_1_203' title='bbox 822 1337 907 1371; x_wconf 78' lang='grc' dir='ltr'>Αἰγυ-</span> 
     </span>
    </p>
   </div>
   <div class='ocr_carea' id='block_1_30' title="bbox 117 1377 906 1413">
    <p class='ocr_par' dir='ltr' id='par_1_30' title="bbox 117 1377 906 1413">
     <span class='ocr_line' id='line_1_30' title="bbox 117 1377 906 1413; baseline 0.001 -9"><span class='ocrx_word' id='word_1_204' title='bbox 117 1378 205 1409; x_wconf 76' lang='grc' dir='ltr'>πτίοις</span> <span class='ocrx_word' id='word_1_205' title='bbox 223 1378 335 1413; x_wconf 82' lang='grc' dir='ltr'><strong>ἇκρασι.</strong></span> <span class='ocrx_word' id='word_1_206' title='bbox 360 1378 407 1405; x_wconf 83' lang='lat' dir='ltr'><strong>Sic</strong></span> <span class='ocrx_word' id='word_1_207' title='bbox 425 1377 510 1404; x_wconf 81' lang='lat' dir='ltr'><strong>edidit</strong></span> <span class='ocrx_word' id='word_1_208' title='bbox 532 1377 565 1404; x_wconf 95' lang='lat' dir='ltr'><strong>ll.</strong></span> <span class='ocrx_word' id='word_1_209' title='bbox 584 1377 719 1409; x_wconf 86' lang='lat' dir='ltr'><strong>Valesius.</strong></span> <span class='ocrx_word' id='word_1_210' title='bbox 741 1384 906 1412; x_wconf 84' lang='lat' dir='ltr'><strong>secutusque</strong></span> 
     </span>
    </p>
   </div>
   <div class='ocr_carea' id='block_1_31' title="bbox 117 1419 907 1453">
    <p class='ocr_par' dir='ltr' id='par_1_31' title="bbox 117 1419 907 1453">
     <span class='ocr_line' id='line_1_31' title="bbox 117 1419 907 1453; baseline 0 -7"><span class='ocrx_word' id='word_1_211' title='bbox 117 1419 314 1453; x_wconf 70' lang='lat' dir='ltr'><strong>conjecturam,</strong></span> <span class='ocrx_word' id='word_1_212' title='bbox 329 1427 382 1453; x_wconf 88' lang='lat' dir='ltr'><strong>qua</strong></span> <span class='ocrx_word' id='word_1_213' title='bbox 399 1419 555 1446; x_wconf 77' lang='lat' dir='ltr'><strong>Heracleam</strong></span> <span class='ocrx_word' id='word_1_214' title='bbox 574 1420 711 1447; x_wconf 89' lang='lat' dir='ltr'><strong>minorem</strong></span> <span class='ocrx_word' id='word_1_215' title='bbox 725 1427 740 1446; x_wconf 87' lang='lat' dir='ltr'><strong>a</strong></span> <span class='ocrx_word' id='word_1_216' title='bbox 753 1419 907 1447; x_wconf 79' lang='lat' dir='ltr'><strong>Sommeuo</strong></span> 
     </span>
    </p>
   </div>
   <div class='ocr_carea' id='block_1_32' title="bbox 117 1461 906 1496">
    <p class='ocr_par' dir='ltr' id='par_1_32' title="bbox 117 1461 906 1496">
     <span class='ocr_line' id='line_1_32' title="bbox 117 1461 906 1496; baseline 0 -8"><span class='ocrx_word' id='word_1_217' title='bbox 117 1461 217 1495; x_wconf 76' lang='lat' dir='ltr'><strong>signari</strong></span> <span class='ocrx_word' id='word_1_218' title='bbox 233 1461 391 1491; x_wconf 88' lang='lat' dir='ltr'><strong>arbitratur,</strong></span> <span class='ocrx_word' id='word_1_219' title='bbox 410 1461 491 1487; x_wconf 83' lang='lat' dir='ltr'><strong>ver-tit</strong></span> <span class='ocrx_word' id='word_1_220' title='bbox 508 1469 514 1487; x_wconf 92' lang='lat'>:</span> <span class='ocrx_word' id='word_1_221' title='bbox 534 1461 593 1487; x_wconf 84' lang='lat' dir='ltr'><strong>Fuit</strong></span> <span class='ocrx_word' id='word_1_222' title='bbox 605 1462 647 1487; x_wconf 83' lang='lat' dir='ltr'><strong>hic</strong></span> <span class='ocrx_word' id='word_1_223' title='bbox 662 1461 815 1496; x_wconf 45' lang='lat' dir='ltr'><strong>(Egyptian</strong></span> <span class='ocrx_word' id='word_1_224' title='bbox 833 1466 906 1488; x_wconf 74' lang='lat' dir='ltr'><strong>ortus</strong></span> 
     </span>
    </p>
   </div>
   <div class='ocr_carea' id='block_1_33' title="bbox 117 1501 907 1537">
    <p class='ocr_par' dir='ltr' id='par_1_33' title="bbox 117 1501 907 1537">
     <span class='ocr_line' id='line_1_33' title="bbox 117 1501 907 1537; baseline 0 -8"><span class='ocrx_word' id='word_1_225' title='bbox 117 1511 208 1537; x_wconf 78' lang='lat' dir='ltr'><strong>genere</strong></span> <span class='ocrx_word' id='word_1_226' title='bbox 233 1502 315 1528; x_wconf 78' lang='lat' dir='ltr'><strong>nobili</strong></span> <span class='ocrx_word' id='word_1_227' title='bbox 335 1503 362 1528; x_wconf 84' lang='lat' dir='ltr'><strong>in</strong></span> <span class='ocrx_word' id='word_1_228' title='bbox 391 1502 445 1528; x_wconf 84' lang='lat' dir='ltr'><strong>t-ico</strong></span> <span class='ocrx_word' id='word_1_229' title='bbox 472 1501 564 1529; x_wconf 82' lang='lat' dir='ltr'><strong>Cauta.</strong></span> <span class='ocrx_word' id='word_1_230' title='bbox 594 1502 640 1529; x_wconf 70' lang='lat' dir='ltr'><strong>Est</strong></span> <span class='ocrx_word' id='word_1_231' title='bbox 669 1507 758 1529; x_wconf 77' lang='lat' dir='ltr'><strong>autem</strong></span> <span class='ocrx_word' id='word_1_232' title='bbox 775 1504 817 1529; x_wconf 71' lang='lat' dir='ltr'><strong>llic</strong></span> <span class='ocrx_word' id='word_1_233' title='bbox 836 1504 907 1530; x_wconf 77' lang='lat' dir='ltr'><strong>virus</strong></span> 
     </span>
    </p>
   </div>
   <div class='ocr_carea' id='block_1_34' title="bbox 115 1543 908 1579">
    <p class='ocr_par' dir='ltr' id='par_1_34' title="bbox 115 1543 908 1579">
     <span class='ocr_line' id='line_1_34' title="bbox 115 1543 908 1579; baseline 0.004 -10"><span class='ocrx_word' id='word_1_234' title='bbox 115 1546 193 1579; x_wconf 70' lang='lat' dir='ltr'><strong>juxta</strong></span> <span class='ocrx_word' id='word_1_235' title='bbox 212 1543 378 1576; x_wconf 79' lang='lat' dir='ltr'><strong>Heracleam,</strong></span> <span class='ocrx_word' id='word_1_236' title='bbox 392 1545 482 1570; x_wconf 80' lang='lat' dir='ltr'><strong>urbem</strong></span> <span class='ocrx_word' id='word_1_237' title='bbox 497 1543 618 1578; x_wconf 67' lang='grc' dir='ltr'><strong>ίΕανριί,</strong></span> <span class='ocrx_word' id='word_1_238' title='bbox 633 1552 692 1579; x_wconf 72' lang='lat' dir='ltr'><strong>qua:</strong></span> <span class='ocrx_word' id='word_1_239' title='bbox 706 1546 908 1579; x_wconf 69' lang='lat' dir='ltr'><strong>cognominatur</strong></span> 
     </span>
    </p>
   </div>
   <div class='ocr_carea' id='block_1_35' title="bbox 119 1583 906 1619">
    <p class='ocr_par' dir='ltr' id='par_1_35' title="bbox 119 1583 906 1619">
     <span class='ocr_line' id='line_1_35' title="bbox 119 1583 906 1619; baseline 0.003 -8"><span class='ocrx_word' id='word_1_240' title='bbox 119 1586 215 1612; x_wconf 85' lang='lat' dir='ltr'><strong>minor.</strong></span> <span class='ocrx_word' id='word_1_241' title='bbox 246 1585 300 1619; x_wconf 79' lang='lat' dir='ltr'><strong>Ego</strong></span> <span class='ocrx_word' id='word_1_242' title='bbox 320 1583 402 1611; x_wconf 80' lang='lat' dir='ltr'><strong>aliter</strong></span> <span class='ocrx_word' id='word_1_243' title='bbox 423 1585 529 1616; x_wconf 85' lang='lat' dir='ltr'><strong>sentio,</strong></span> <span class='ocrx_word' id='word_1_244' title='bbox 549 1590 576 1612; x_wconf 85' lang='lat' dir='ltr'><strong>et</strong></span> <span class='ocrx_word' id='word_1_245' title='bbox 592 1585 722 1618; x_wconf 84' lang='lat' dir='ltr'><strong>majorem</strong></span> <span class='ocrx_word' id='word_1_246' title='bbox 747 1586 906 1613; x_wconf 85' lang='lat' dir='ltr'><strong>Heracleam</strong></span> 
     </span>
    </p>
   </div>
   <div class='ocr_carea' id='block_1_36' title="bbox 117 1626 908 1662">
    <p class='ocr_par' dir='ltr' id='par_1_36' title="bbox 117 1626 908 1662">
     <span class='ocr_line' id='line_1_36' title="bbox 117 1626 908 1662; baseline 0.001 -9"><span class='ocrx_word' id='word_1_247' title='bbox 117 1627 231 1653; x_wconf 89' lang='lat' dir='ltr'><strong>indicari</strong></span> <span class='ocrx_word' id='word_1_248' title='bbox 253 1626 361 1660; x_wconf 88' lang='lat' dir='ltr'><strong>opinor.</strong></span> <span class='ocrx_word' id='word_1_249' title='bbox 388 1626 528 1654; x_wconf 85' lang='lat' dir='ltr'><strong>luveuerat</strong></span> <span class='ocrx_word' id='word_1_250' title='bbox 555 1626 596 1653; x_wconf 87' lang='lat' dir='ltr'><strong>vir</strong></span> <span class='ocrx_word' id='word_1_251' title='bbox 617 1628 741 1662; x_wconf 70' lang='lat' dir='ltr'><strong>egregius</strong></span> <span class='ocrx_word' id='word_1_252' title='bbox 762 1628 788 1654; x_wconf 91' lang='lat' dir='ltr'><strong>in</strong></span> <span class='ocrx_word' id='word_1_253' title='bbox 813 1627 908 1654; x_wconf 81' lang='lat' dir='ltr'><strong>codice</strong></span> 
     </span>
    </p>
   </div>
   <div class='ocr_carea' id='block_1_37' title="bbox 118 1667 906 1703">
    <p class='ocr_par' dir='ltr' id='par_1_37' title="bbox 118 1667 906 1703">
     <span class='ocr_line' id='line_1_37' title="bbox 118 1667 906 1703; baseline 0.003 -10"><span class='ocrx_word' id='word_1_254' title='bbox 118 1667 265 1694; x_wconf 63' lang='lat' dir='ltr'><strong>Fab-tiam)</strong></span> <span class='ocrx_word' id='word_1_255' title='bbox 281 1667 330 1702; x_wconf 85' lang='grc' dir='ltr'>τῆς</span> <span class='ocrx_word' id='word_1_256' title='bbox 346 1667 411 1702; x_wconf 83' lang='grc' dir='ltr'>παρ’</span> <span class='ocrx_word' id='word_1_257' title='bbox 425 1668 584 1702; x_wconf 81' lang='grc' dir='ltr'><strong>Αἰγυπτίοις</strong></span> <span class='ocrx_word' id='word_1_258' title='bbox 609 1668 724 1703; x_wconf 79' lang='grc' dir='ltr'><strong>’Δρκάσι</strong></span> <span class='ocrx_word' id='word_1_259' title='bbox 740 1678 747 1696; x_wconf 88' lang='lat'><strong>:</strong></span> <span class='ocrx_word' id='word_1_260' title='bbox 763 1669 834 1696; x_wconf 89' lang='lat' dir='ltr'><strong>unde</strong></span> <span class='ocrx_word' id='word_1_261' title='bbox 850 1668 906 1695; x_wconf 90' lang='lat' dir='ltr'><strong>col-</strong></span> 
     </span>
    </p>
   </div>
   <div class='ocr_carea' id='block_1_38' title="bbox 118 1709 905 1743">
    <p class='ocr_par' dir='ltr' id='par_1_38' title="bbox 118 1709 905 1743">
     <span class='ocr_line' id='line_1_38' title="bbox 118 1709 905 1743; baseline 0.001 -7"><span class='ocrx_word' id='word_1_262' title='bbox 118 1710 185 1743; x_wconf 70' lang='lat' dir='ltr'><strong>ligas</strong></span> <span class='ocrx_word' id='word_1_263' title='bbox 208 1709 292 1737; x_wconf 81' lang='lat' dir='ltr'><strong>luisse</strong></span> <span class='ocrx_word' id='word_1_264' title='bbox 311 1709 446 1736; x_wconf 78' lang='lat' dir='ltr'><strong>Arcadum</strong></span> <span class='ocrx_word' id='word_1_265' title='bbox 462 1715 510 1736; x_wconf 85' lang='lat' dir='ltr'><strong>aut</strong></span> <span class='ocrx_word' id='word_1_266' title='bbox 531 1710 653 1737; x_wconf 71' lang='lat' dir='ltr'><strong>Arcadiae</strong></span> <span class='ocrx_word' id='word_1_267' title='bbox 676 1710 712 1738; x_wconf 90' lang='lat' dir='ltr'><strong>ibi</strong></span> <span class='ocrx_word' id='word_1_268' title='bbox 731 1710 905 1737; x_wconf 85' lang='lat' dir='ltr'><strong>mentionem.</strong></span> 
     </span>
    </p>
   </div>
   <div class='ocr_carea' id='block_1_39' title="bbox 121 1750 907 1785">
    <p class='ocr_par' dir='ltr' id='par_1_39' title="bbox 121 1750 907 1785">
     <span class='ocr_line' id='line_1_39' title="bbox 121 1750 907 1785; baseline 0 -7"><span class='ocrx_word' id='word_1_269' title='bbox 121 1751 191 1778; x_wconf 91' lang='lat' dir='ltr'><strong>Idem</strong></span> <span class='ocrx_word' id='word_1_270' title='bbox 214 1751 360 1778; x_wconf 90' lang='lat' dir='ltr'><strong>conlirmat</strong></span> <span class='ocrx_word' id='word_1_271' title='bbox 376 1750 556 1784; x_wconf 79' lang='lat' dir='ltr'><strong>Niccpliorus,</strong></span> <span class='ocrx_word' id='word_1_272' title='bbox 573 1751 619 1785; x_wconf 89' lang='lat' dir='ltr'><strong>qui</strong></span> <span class='ocrx_word' id='word_1_273' title='bbox 641 1759 672 1778; x_wconf 75' lang='lat' dir='ltr'><strong>ex</strong></span> <span class='ocrx_word' id='word_1_274' title='bbox 693 1751 845 1779; x_wconf 79' lang='lat' dir='ltr'><strong>Sozomeno</strong></span> <span class='ocrx_word' id='word_1_275' title='bbox 859 1752 907 1778; x_wconf 90' lang='lat' dir='ltr'><strong>ha-</strong></span> 
     </span>
    </p>
   </div>
   <div class='ocr_carea' id='block_1_40' title="bbox 119 1790 908 1827">
    <p class='ocr_par' dir='ltr' id='par_1_40' title="bbox 119 1790 908 1827">
     <span class='ocr_line' id='line_1_40' title="bbox 119 1790 908 1827; baseline 0 -9"><span class='ocrx_word' id='word_1_276' title='bbox 119 1792 164 1818; x_wconf 84' lang='lat' dir='ltr'><strong>bet</strong></span> <span class='ocrx_word' id='word_1_277' title='bbox 176 1792 275 1826; x_wconf 80' lang='grc' dir='ltr'><strong>ὅμορος</strong></span> <span class='ocrx_word' id='word_1_278' title='bbox 287 1791 316 1817; x_wconf 78' lang='grc' dir='ltr'><strong>δὲ</strong></span> <span class='ocrx_word' id='word_1_279' title='bbox 338 1790 408 1825; x_wconf 78' lang='grc' dir='ltr'><strong>αὕτη</strong></span> <span class='ocrx_word' id='word_1_280' title='bbox 426 1791 575 1826; x_wconf 81' lang='grc' dir='ltr'><strong>Ἡρακλείᾳ</strong></span> <span class='ocrx_word' id='word_1_281' title='bbox 593 1791 648 1818; x_wconf 81' lang='grc' dir='ltr'><strong>τῶν</strong></span> <span class='ocrx_word' id='word_1_282' title='bbox 673 1800 730 1827; x_wconf 80' lang='grc' dir='ltr'>παρ</span> <span class='ocrx_word' id='word_1_283' title='bbox 740 1791 908 1826; x_wconf 79' lang='grc' dir='ltr'><strong>Ἀἰγυπτίοις</strong></span> 
     </span>
    </p>
   </div>
   <div class='ocr_carea' id='block_1_41' title="bbox 118 1831 907 1868">
    <p class='ocr_par' dir='ltr' id='par_1_41' title="bbox 118 1831 907 1868">
     <span class='ocr_line' id='line_1_41' title="bbox 118 1831 907 1868; baseline 0 -9"><span class='ocrx_word' id='word_1_284' title='bbox 118 1833 267 1868; x_wconf 71' lang='grc' dir='ltr'><strong>Ἀρκάδων.</strong></span> <span class='ocrx_word' id='word_1_285' title='bbox 283 1831 363 1859; x_wconf 80' lang='lat' dir='ltr'><strong>Forte</strong></span> <span class='ocrx_word' id='word_1_286' title='bbox 377 1839 441 1866; x_wconf 77' lang='lat' dir='ltr'><strong>ergo</strong></span> <span class='ocrx_word' id='word_1_287' title='bbox 462 1839 554 1859; x_wconf 86' lang='lat' dir='ltr'><strong>verum</strong></span> <span class='ocrx_word' id='word_1_288' title='bbox 573 1832 667 1865; x_wconf 80' lang='lat' dir='ltr'><strong>fuerit,</strong></span> <span class='ocrx_word' id='word_1_289' title='bbox 681 1832 762 1868; x_wconf 86' lang='grc' dir='ltr'><strong>κώμη</strong></span> <span class='ocrx_word' id='word_1_290' title='bbox 783 1833 813 1859; x_wconf 85' lang='grc' dir='ltr'><strong>δὲ</strong></span> <span class='ocrx_word' id='word_1_291' title='bbox 836 1832 907 1868; x_wconf 77' lang='grc' dir='ltr'><strong>αὕτη</strong></span> 
     </span>
    </p>
   </div>
   <div class='ocr_carea' id='block_1_42' title="bbox 117 1873 906 1909">
    <p class='ocr_par' dir='ltr' id='par_1_42' title="bbox 117 1873 906 1909">
     <span class='ocr_line' id='line_1_42' title="bbox 117 1873 906 1909; baseline 0 -8"><span class='ocrx_word' id='word_1_292' title='bbox 117 1875 216 1909; x_wconf 81' lang='grc' dir='ltr'>ὅμορος</span> <span class='ocrx_word' id='word_1_293' title='bbox 242 1873 390 1909; x_wconf 72' lang='grc' dir='ltr'><strong>Ἡρακλείᾳ</strong></span> <span class='ocrx_word' id='word_1_294' title='bbox 414 1874 464 1907; x_wconf 82' lang='grc' dir='ltr'><strong>τῆς</strong></span> <span class='ocrx_word' id='word_1_295' title='bbox 487 1873 552 1908; x_wconf 82' lang='grc' dir='ltr'>παρ’</span> <span class='ocrx_word' id='word_1_296' title='bbox 570 1873 731 1908; x_wconf 78' lang='grc' dir='ltr'><strong>Αἰγυπτίοις</strong></span> <span class='ocrx_word' id='word_1_297' title='bbox 748 1874 906 1908; x_wconf 76' lang='grc' dir='ltr'><strong>’Δρκαδίας.</strong></span> 
     </span>
    </p>
   </div>
   <div class='ocr_carea' id='block_1_43' title="bbox 117 1913 905 1950">
    <p class='ocr_par' dir='ltr' id='par_1_43' title="bbox 117 1913 905 1950">
     <span class='ocr_line' id='line_1_43' title="bbox 117 1913 905 1950; baseline 0 -7"><span class='ocrx_word' id='word_1_298' title='bbox 117 1916 198 1943; x_wconf 87' lang='lat' dir='ltr'><strong>Certe</strong></span> <span class='ocrx_word' id='word_1_299' title='bbox 222 1915 353 1943; x_wconf 86' lang='lat' dir='ltr'><strong>articulus</strong></span> <span class='ocrx_word' id='word_1_300' title='bbox 377 1915 426 1950; x_wconf 83' lang='grc' dir='ltr'><strong>τῆς</strong></span> <span class='ocrx_word' id='word_1_301' title='bbox 449 1913 592 1942; x_wconf 78' lang='lat' dir='ltr'><strong>Fukctiani</strong></span> <span class='ocrx_word' id='word_1_302' title='bbox 614 1922 665 1942; x_wconf 89' lang='lat' dir='ltr'><strong>ms.</strong></span> <span class='ocrx_word' id='word_1_303' title='bbox 687 1915 738 1942; x_wconf 89' lang='lat' dir='ltr'><strong>hoc</strong></span> <span class='ocrx_word' id='word_1_304' title='bbox 764 1916 880 1950; x_wconf 85' lang='lat' dir='ltr'><strong>requirit</strong></span> <span class='ocrx_word' id='word_1_305' title='bbox 899 1926 905 1943; x_wconf 92' lang='lat'>:</span> 
     </span>
    </p>
   </div>
   <div class='ocr_carea' id='block_1_44' title="bbox 118 1956 907 1992">
    <p class='ocr_par' dir='ltr' id='par_1_44' title="bbox 118 1956 907 1992">
     <span class='ocr_line' id='line_1_44' title="bbox 118 1956 907 1992; baseline 0.001 -9"><span class='ocrx_word' id='word_1_306' title='bbox 118 1965 212 1992; x_wconf 85' lang='lat' dir='ltr'><strong>posses</strong></span> <span class='ocrx_word' id='word_1_307' title='bbox 231 1956 388 1991; x_wconf 70' lang='lat' dir='ltr'><strong>caateroqui,</strong></span> <span class='ocrx_word' id='word_1_308' title='bbox 414 1957 436 1984; x_wconf 91' lang='lat' dir='ltr'><strong>si</strong></span> <span class='ocrx_word' id='word_1_309' title='bbox 452 1958 507 1988; x_wconf 79' lang='grc' dir='ltr'><strong>τοῖς</strong></span> <span class='ocrx_word' id='word_1_310' title='bbox 527 1957 594 1991; x_wconf 82' lang='grc' dir='ltr'>παρ’</span> <span class='ocrx_word' id='word_1_311' title='bbox 613 1957 772 1990; x_wconf 79' lang='grc' dir='ltr'>Αίγυπτίοις</span> <span class='ocrx_word' id='word_1_312' title='bbox 792 1957 907 1992; x_wconf 79' lang='grc' dir='ltr'><strong>Ἀρκάσι</strong></span> 
     </span>
    </p>
   </div>
   <div class='ocr_carea' id='block_1_45' title="bbox 118 1998 908 2034">
    <p class='ocr_par' dir='ltr' id='par_1_45' title="bbox 118 1998 908 2034">
     <span class='ocr_line' id='line_1_45' title="bbox 118 1998 908 2034; baseline -0.003 -8"><span class='ocrx_word' id='word_1_313' title='bbox 118 2000 231 2026; x_wconf 87' lang='lat' dir='ltr'><strong>aliorum</strong></span> <span class='ocrx_word' id='word_1_314' title='bbox 249 1999 371 2026; x_wconf 80' lang='lat' dir='ltr'><strong>codicum</strong></span> <span class='ocrx_word' id='word_1_315' title='bbox 397 1998 568 2025; x_wconf 84' lang='lat' dir='ltr'><strong>retinendum</strong></span> <span class='ocrx_word' id='word_1_316' title='bbox 590 2005 714 2030; x_wconf 83' lang='lat' dir='ltr'><strong>censeas,</strong></span> <span class='ocrx_word' id='word_1_317' title='bbox 737 1998 908 2034; x_wconf 81' lang='lat' dir='ltr'><strong>pra-positio-</strong></span> 
     </span>
    </p>
   </div>
   <div class='ocr_carea' id='block_1_46' title="bbox 119 2040 906 2075">
    <p class='ocr_par' dir='ltr' id='par_1_46' title="bbox 119 2040 906 2075">
     <span class='ocr_line' id='line_1_46' title="bbox 119 2040 906 2075; baseline 0 -7"><span class='ocrx_word' id='word_1_318' title='bbox 119 2050 179 2069; x_wconf 81' lang='grc' dir='ltr'><strong>ιιι-ιη</strong></span> <span class='ocrx_word' id='word_1_319' title='bbox 194 2041 291 2068; x_wconf 81' lang='lat' dir='ltr'><strong>addere</strong></span> <span class='ocrx_word' id='word_1_320' title='bbox 308 2046 390 2075; x_wconf 85' lang='lat' dir='ltr'><strong>atque</strong></span> <span class='ocrx_word' id='word_1_321' title='bbox 404 2041 432 2066; x_wconf 81' lang='grc' dir='ltr'><strong>ὲν</strong></span> <span class='ocrx_word' id='word_1_322' title='bbox 449 2041 505 2071; x_wconf 81' lang='grc' dir='ltr'><strong>τοῖς</strong></span> <span class='ocrx_word' id='word_1_323' title='bbox 525 2048 552 2067; x_wconf 85' lang='grc' dir='ltr'><strong>κ.</strong></span> <span class='ocrx_word' id='word_1_324' title='bbox 580 2040 606 2067; x_wconf 91' lang='grc' dir='ltr'>λ.</span> <span class='ocrx_word' id='word_1_325' title='bbox 637 2040 744 2074; x_wconf 80' lang='lat' dir='ltr'><strong>legere,</strong></span> <span class='ocrx_word' id='word_1_326' title='bbox 772 2042 906 2069; x_wconf 82' lang='lat' dir='ltr'><strong>sententia</strong></span> 
     </span>
    </p>
   </div>
   <div class='ocr_carea' id='block_1_47' title="bbox 117 2082 800 2116">
    <p class='ocr_par' dir='ltr' id='par_1_47' title="bbox 117 2082 800 2116">
     <span class='ocr_line' id='line_1_47' title="bbox 117 2082 800 2116; baseline -0.001 -6"><span class='ocrx_word' id='word_1_327' title='bbox 117 2084 223 2111; x_wconf 84' lang='lat' dir='ltr'><strong>eadem.</strong></span> <span class='ocrx_word' id='word_1_328' title='bbox 244 2082 408 2109; x_wconf 88' lang='lat' dir='ltr'><strong>Alterutrum</strong></span> <span class='ocrx_word' id='word_1_329' title='bbox 422 2088 535 2116; x_wconf 85' lang='lat' dir='ltr'><strong>prorsus</strong></span> <span class='ocrx_word' id='word_1_330' title='bbox 549 2082 734 2109; x_wconf 83' lang='lat' dir='ltr'><strong>necessarium</strong></span> <span class='ocrx_word' id='word_1_331' title='bbox 748 2085 800 2110; x_wconf 86' lang='lat' dir='ltr'><strong>est.</strong></span> 
     </span>
    </p>
   </div>
   <div class='ocr_carea' id='block_1_48' title="bbox 154 2129 908 2166">
    <p class='ocr_par' dir='ltr' id='par_1_48' title="bbox 154 2129 908 2166">
     <span class='ocr_line' id='line_1_48' title="bbox 154 2129 908 2166; baseline 0.001 -9"><span class='ocrx_word' id='word_1_332' title='bbox 154 2132 220 2159; x_wconf 91' lang='lat' dir='ltr'><strong>Ibid.</strong></span> <span class='ocrx_word' id='word_1_333' title='bbox 232 2131 431 2165; x_wconf 75' lang='grc' dir='ltr'><strong>Ἀρσενοττης.</strong></span> <span class='ocrx_word' id='word_1_334' title='bbox 449 2129 487 2157; x_wconf 82' lang='lat' dir='ltr'><strong>Ita</strong></span> <span class='ocrx_word' id='word_1_335' title='bbox 503 2129 588 2157; x_wconf 87' lang='lat' dir='ltr'><strong>codex</strong></span> <span class='ocrx_word' id='word_1_336' title='bbox 607 2129 758 2157; x_wconf 84' lang='lat' dir='ltr'><strong>Leidensis.</strong></span> <span class='ocrx_word' id='word_1_337' title='bbox 779 2130 908 2166; x_wconf 73' lang='lat' dir='ltr'><strong>lntelligil.</strong></span> 
     </span>
    </p>
   </div>
   <div class='ocr_carea' id='block_1_49' title="bbox 118 2170 903 2200">
    <p class='ocr_par' dir='ltr' id='par_1_49' title="bbox 118 2170 903 2200">
     <span class='ocr_line' id='line_1_49' title="bbox 118 2170 903 2200; baseline 0 -1"><span class='ocrx_word' id='word_1_338' title='bbox 118 2173 251 2200; x_wconf 86' lang='lat' dir='ltr'><strong>Arsinoen</strong></span> <span class='ocrx_word' id='word_1_339' title='bbox 269 2177 294 2199; x_wconf 90' lang='lat' dir='ltr'><strong>et</strong></span> <span class='ocrx_word' id='word_1_340' title='bbox 313 2178 421 2198; x_wconf 91' lang='lat' dir='ltr'><strong>nomum</strong></span> <span class='ocrx_word' id='word_1_341' title='bbox 437 2170 471 2198; x_wconf 87' lang='lat' dir='ltr'><strong>ad</strong></span> <span class='ocrx_word' id='word_1_342' title='bbox 487 2178 615 2198; x_wconf 83' lang='lat' dir='ltr'><strong>occasum</strong></span> <span class='ocrx_word' id='word_1_343' title='bbox 639 2171 733 2198; x_wconf 83' lang='lat' dir='ltr'><strong>insul-.e</strong></span> <span class='ocrx_word' id='word_1_344' title='bbox 758 2171 903 2199; x_wconf 81' lang='lat' dir='ltr'><strong>lleracleo-</strong></span> 
     </span>
    </p>
   </div>
   <div class='ocr_carea' id='block_1_50' title="bbox 120 2212 907 2249">
    <p class='ocr_par' dir='ltr' id='par_1_50' title="bbox 120 2212 907 2249">
     <span class='ocr_line' id='line_1_50' title="bbox 120 2212 907 2249; baseline 0 -8"><span class='ocrx_word' id='word_1_345' title='bbox 120 2217 189 2245; x_wconf 72' lang='lat' dir='ltr'><strong>ticae.</strong></span> <span class='ocrx_word' id='word_1_346' title='bbox 208 2214 284 2249; x_wconf 87' lang='lat' dir='ltr'><strong>cujus</strong></span> <span class='ocrx_word' id='word_1_347' title='bbox 300 2214 446 2248; x_wconf 88' lang='lat' dir='ltr'><strong>episcopus</strong></span> <span class='ocrx_word' id='word_1_348' title='bbox 462 2213 586 2240; x_wconf 86' lang='lat' dir='ltr'><strong>Andreas</strong></span> <span class='ocrx_word' id='word_1_349' title='bbox 597 2212 769 2248; x_wconf 68' lang='grc' dir='ltr'><strong>Ἀρσενθϊτου</strong></span> <span class='ocrx_word' id='word_1_350' title='bbox 786 2213 811 2240; x_wconf 93' lang='lat' dir='ltr'><strong>iu</strong></span> <span class='ocrx_word' id='word_1_351' title='bbox 827 2214 907 2248; x_wconf 81' lang='lat' dir='ltr'><strong>epist.</strong></span> 
     </span>
    </p>
   </div>
   <div class='ocr_carea' id='block_1_51' title="bbox 121 2254 871 2289">
    <p class='ocr_par' dir='ltr' id='par_1_51' title="bbox 121 2254 871 2289">
     <span class='ocr_line' id='line_1_51' title="bbox 121 2254 871 2289; baseline 0.001 -7"><span class='ocrx_word' id='word_1_352' title='bbox 121 2258 150 2282; x_wconf 77' lang='lat' dir='ltr'><strong>ad</strong></span> <span class='ocrx_word' id='word_1_353' title='bbox 168 2255 355 2286; x_wconf 70' lang='lat' dir='ltr'><strong>Antiocheam,</strong></span> <span class='ocrx_word' id='word_1_354' title='bbox 369 2262 396 2289; x_wconf 91' lang='lat' dir='ltr'><strong>p.</strong></span> <span class='ocrx_word' id='word_1_355' title='bbox 413 2254 465 2281; x_wconf 87' lang='grc'>776</span> <span class='ocrx_word' id='word_1_356' title='bbox 478 2254 512 2281; x_wconf 89' lang='lat' dir='ltr'><strong>ab</strong></span> <span class='ocrx_word' id='word_1_357' title='bbox 526 2254 675 2282; x_wconf 82' lang='lat' dir='ltr'><strong>Athanasio</strong></span> <span class='ocrx_word' id='word_1_358' title='bbox 692 2260 871 2283; x_wconf 88' lang='lat' dir='ltr'><strong>memoratur.</strong></span> 
     </span>
    </p>
   </div>
   <div class='ocr_carea' id='block_1_52' title="bbox 155 2300 908 2338">
    <p class='ocr_par' dir='ltr' id='par_1_52' title="bbox 155 2300 908 2338">
     <span class='ocr_line' id='line_1_52' title="bbox 155 2300 908 2338; baseline 0.001 -8"><span class='ocrx_word' id='word_1_359' title='bbox 155 2303 222 2330; x_wconf 84' lang='lat' dir='ltr'><strong>Ibid.</strong></span> <span class='ocrx_word' id='word_1_360' title='bbox 247 2302 509 2333; x_wconf 74' lang='grc' dir='ltr'><strong>Θεοδοσιού.-ολις.</strong></span> <span class='ocrx_word' id='word_1_361' title='bbox 536 2300 643 2328; x_wconf 86' lang='lat' dir='ltr'><strong>Habent</strong></span> <span class='ocrx_word' id='word_1_362' title='bbox 668 2301 728 2336; x_wconf 86' lang='lat' dir='ltr'><strong>ejus</strong></span> <span class='ocrx_word' id='word_1_363' title='bbox 751 2303 908 2338; x_wconf 81' lang='lat' dir='ltr'><strong>episcopum</strong></span> 
     </span>
    </p>
   </div>
   <div class='ocr_carea' id='block_1_53' title="bbox 120 2343 908 2378">
    <p class='ocr_par' dir='ltr' id='par_1_53' title="bbox 120 2343 908 2378">
     <span class='ocr_line' id='line_1_53' title="bbox 120 2343 908 2378; baseline 0 -6"><span class='ocrx_word' id='word_1_364' title='bbox 120 2345 185 2372; x_wconf 72' lang='lat' dir='ltr'><strong>Acta</strong></span> <span class='ocrx_word' id='word_1_365' title='bbox 209 2352 288 2372; x_wconf 88' lang='lat' dir='ltr'><strong>conc.</strong></span> <span class='ocrx_word' id='word_1_366' title='bbox 316 2343 494 2375; x_wconf 79' lang='lat' dir='ltr'><strong>Chalcedon.,</strong></span> <span class='ocrx_word' id='word_1_367' title='bbox 523 2350 639 2378; x_wconf 87' lang='lat' dir='ltr'><strong>cumque</strong></span> <span class='ocrx_word' id='word_1_368' title='bbox 660 2343 682 2370; x_wconf 90' lang='lat' dir='ltr'><strong>is</strong></span> <span class='ocrx_word' id='word_1_369' title='bbox 707 2351 755 2377; x_wconf 90' lang='lat' dir='ltr'><strong>pro</strong></span> <span class='ocrx_word' id='word_1_370' title='bbox 772 2345 908 2372; x_wconf 87' lang='lat' dir='ltr'><strong>Arsinoita</strong></span> 
     </span>
    </p>
   </div>
   <div class='ocr_carea' id='block_1_54' title="bbox 119 2385 909 2417">
    <p class='ocr_par' dir='ltr' id='par_1_54' title="bbox 119 2385 909 2417">
     <span class='ocr_line' id='line_1_54' title="bbox 119 2385 909 2417; baseline 0 -4"><span class='ocrx_word' id='word_1_371' title='bbox 119 2386 239 2414; x_wconf 74' lang='lat' dir='ltr'><strong>antistite</strong></span> <span class='ocrx_word' id='word_1_372' title='bbox 253 2385 417 2417; x_wconf 86' lang='lat' dir='ltr'><strong>subscribat,</strong></span> <span class='ocrx_word' id='word_1_373' title='bbox 442 2385 506 2412; x_wconf 90' lang='lat' dir='ltr'><strong>urbs</strong></span> <span class='ocrx_word' id='word_1_374' title='bbox 523 2385 645 2411; x_wconf 67' lang='lat' dir='ltr'><strong>Arsinoe:</strong></span> <span class='ocrx_word' id='word_1_375' title='bbox 659 2385 747 2411; x_wconf 87' lang='lat' dir='ltr'><strong>vicina</strong></span> <span class='ocrx_word' id='word_1_376' title='bbox 773 2385 856 2413; x_wconf 78' lang='lat' dir='ltr'><strong>fuisse</strong></span> <span class='ocrx_word' id='word_1_377' title='bbox 870 2387 909 2413; x_wconf 81' lang='lat' dir='ltr'><strong>vi-</strong></span> 
     </span>
    </p>
   </div>
   <div class='ocr_carea' id='block_1_55' title="bbox 120 2425 908 2466">
    <p class='ocr_par' dir='ltr' id='par_1_55' title="bbox 120 2425 908 2466">
     <span class='ocr_line' id='line_1_55' title="bbox 120 2425 908 2466; baseline 0 -11"><span class='ocrx_word' id='word_1_378' title='bbox 120 2429 207 2455; x_wconf 86' lang='lat' dir='ltr'><strong>detur.</strong></span> <span class='ocrx_word' id='word_1_379' title='bbox 222 2428 303 2455; x_wconf 84' lang='lat' dir='ltr'><strong>Forte</strong></span> <span class='ocrx_word' id='word_1_380' title='bbox 316 2427 397 2454; x_wconf 83' lang='lat' dir='ltr'><strong>statio</strong></span> <span class='ocrx_word' id='word_1_381' title='bbox 418 2425 565 2453; x_wconf 84' lang='lat' dir='ltr'><strong>Ptolemais</strong></span> <span class='ocrx_word' id='word_1_382' title='bbox 591 2427 663 2460; x_wconf 86' lang='lat' dir='ltr'><strong>apud</strong></span> <span class='ocrx_word' id='word_1_383' title='bbox 687 2426 862 2466; x_wconf 74' lang='lat' dir='ltr'><strong>I’toleuueupt</strong></span> <span class='ocrx_word' id='word_1_384' title='bbox 882 2428 908 2455; x_wconf 87' lang='lat' dir='ltr'><strong>id</strong></span> 
     </span>
    </p>
   </div>
   <div class='ocr_carea' id='block_1_56' title="bbox 123 2467 621 2498">
    <p class='ocr_par' dir='ltr' id='par_1_56' title="bbox 123 2467 621 2498">
     <span class='ocr_line' id='line_1_56' title="bbox 123 2467 621 2498; baseline -0.004 -1"><span class='ocrx_word' id='word_1_385' title='bbox 123 2470 240 2498; x_wconf 83' lang='lat' dir='ltr'><strong>nominis</strong></span> <span class='ocrx_word' id='word_1_386' title='bbox 255 2477 269 2496; x_wconf 85' lang='lat' dir='ltr'><strong>a</strong></span> <span class='ocrx_word' id='word_1_387' title='bbox 286 2468 440 2495; x_wconf 85' lang='lat' dir='ltr'><strong>Theodosio</strong></span> <span class='ocrx_word' id='word_1_388' title='bbox 454 2472 496 2494; x_wconf 90' lang='lat' dir='ltr'><strong>est</strong></span> <span class='ocrx_word' id='word_1_389' title='bbox 513 2467 621 2495; x_wconf 84' lang='lat' dir='ltr'><strong>sortita.</strong></span> 
     </span>
    </p>
   </div>
   <div class='ocr_carea' id='block_1_57' title="bbox 155 2514 911 2549">
    <p class='ocr_par' dir='ltr' id='par_1_57' title="bbox 155 2514 911 2549">
     <span class='ocr_line' id='line_1_57' title="bbox 155 2514 911 2549; baseline 0 -5"><span class='ocrx_word' id='word_1_390' title='bbox 155 2517 222 2544; x_wconf 88' lang='lat' dir='ltr'><strong>Ibid.</strong></span> <span class='ocrx_word' id='word_1_391' title='bbox 238 2516 412 2548; x_wconf 78' lang='grc' dir='ltr'><strong>Νικόπολις.</strong></span> <span class='ocrx_word' id='word_1_392' title='bbox 433 2514 464 2542; x_wconf 88' lang='lat' dir='ltr'><strong>L.</strong></span> <span class='ocrx_word' id='word_1_393' title='bbox 490 2515 659 2544; x_wconf 87' lang='lat' dir='ltr'><strong>lIolsleiuius</strong></span> <span class='ocrx_word' id='word_1_394' title='bbox 675 2517 835 2549; x_wconf 77' lang='grc' dir='ltr'><strong>Νειλόπολις</strong></span> <span class='ocrx_word' id='word_1_395' title='bbox 851 2526 911 2545; x_wconf 88' lang='lat' dir='ltr'><strong>cor—</strong></span> 
     </span>
    </p>
   </div>
   <div class='ocr_carea' id='block_1_58' title="bbox 123 2558 911 2594">
    <p class='ocr_par' dir='ltr' id='par_1_58' title="bbox 123 2558 911 2594">
     <span class='ocr_line' id='line_1_58' title="bbox 123 2558 911 2594; baseline 0 -8"><span class='ocrx_word' id='word_1_396' title='bbox 123 2560 194 2594; x_wconf 77' lang='lat' dir='ltr'><strong>rigit,</strong></span> <span class='ocrx_word' id='word_1_397' title='bbox 214 2559 374 2588; x_wconf 85' lang='lat' dir='ltr'><strong>rectissime,</strong></span> <span class='ocrx_word' id='word_1_398' title='bbox 401 2565 443 2585; x_wconf 84' lang='lat' dir='ltr'><strong>tne</strong></span> <span class='ocrx_word' id='word_1_399' title='bbox 465 2558 580 2585; x_wconf 83' lang='lat' dir='ltr'><strong>arbitro.</strong></span> <span class='ocrx_word' id='word_1_400' title='bbox 607 2558 668 2586; x_wconf 83' lang='lat' dir='ltr'><strong>Fuit</strong></span> <span class='ocrx_word' id='word_1_401' title='bbox 683 2566 749 2586; x_wconf 87' lang='lat' dir='ltr'><strong>sane</strong></span> <span class='ocrx_word' id='word_1_402' title='bbox 775 2560 911 2594; x_wconf 80' lang='lat' dir='ltr'><strong>Nicopolis</strong></span> 
     </span>
    </p>
   </div>
   <div class='ocr_carea' id='block_1_59' title="bbox 122 2600 910 2637">
    <p class='ocr_par' dir='ltr' id='par_1_59' title="bbox 122 2600 910 2637">
     <span class='ocr_line' id='line_1_59' title="bbox 122 2600 910 2637; baseline -0.001 -8"><span class='ocrx_word' id='word_1_403' title='bbox 122 2602 149 2629; x_wconf 93' lang='lat' dir='ltr'><strong>in</strong></span> <span class='ocrx_word' id='word_1_404' title='bbox 174 2602 304 2637; x_wconf 63' lang='lat' dir='ltr'><strong>Egypto,</strong></span> <span class='ocrx_word' id='word_1_405' title='bbox 322 2600 370 2628; x_wconf 85' lang='lat' dir='ltr'><strong>sed</strong></span> <span class='ocrx_word' id='word_1_406' title='bbox 383 2600 554 2627; x_wconf 69' lang='lat' dir='ltr'><strong>Alexandria:</strong></span> <span class='ocrx_word' id='word_1_407' title='bbox 575 2601 662 2627; x_wconf 85' lang='lat' dir='ltr'><strong>vicina</strong></span> <span class='ocrx_word' id='word_1_408' title='bbox 678 2602 747 2636; x_wconf 87' lang='lat' dir='ltr'><strong>apud</strong></span> <span class='ocrx_word' id='word_1_409' title='bbox 762 2601 910 2637; x_wconf 84' lang='lat' dir='ltr'><strong>Josepbum</strong></span> 
     </span>
    </p>
   </div>
   <div class='ocr_carea' id='block_1_60' title="bbox 125 2641 910 2677">
    <p class='ocr_par' dir='ltr' id='par_1_60' title="bbox 125 2641 910 2677">
     <span class='ocr_line' id='line_1_60' title="bbox 125 2641 910 2677; baseline 0.001 -7"><span class='ocrx_word' id='word_1_410' title='bbox 125 2643 153 2670; x_wconf 82' lang='grc' dir='ltr'><strong>Β.</strong></span> <span class='ocrx_word' id='word_1_411' title='bbox 165 2643 228 2671; x_wconf 86' lang='lat' dir='ltr'><strong>Jud.</strong></span> <span class='ocrx_word' id='word_1_412' title='bbox 242 2644 269 2675; x_wconf 72' lang='grc'><strong>4,</strong></span> <span class='ocrx_word' id='word_1_413' title='bbox 284 2643 329 2675; x_wconf 83' lang='grc'><strong>11,</strong></span> <span class='ocrx_word' id='word_1_414' title='bbox 345 2641 397 2677; x_wconf 84' lang='lat'><strong>§5,</strong></span> <span class='ocrx_word' id='word_1_415' title='bbox 413 2649 429 2669; x_wconf 87' lang='lat' dir='ltr'><strong>a</strong></span> <span class='ocrx_word' id='word_1_416' title='bbox 445 2649 497 2676; x_wconf 89' lang='lat' dir='ltr'><strong>qua</strong></span> <span class='ocrx_word' id='word_1_417' title='bbox 513 2641 618 2676; x_wconf 79' lang='lat' dir='ltr'><strong>longius</strong></span> <span class='ocrx_word' id='word_1_418' title='bbox 633 2642 820 2671; x_wconf 83' lang='lat' dir='ltr'><strong>discessimus.</strong></span> <span class='ocrx_word' id='word_1_419' title='bbox 835 2644 910 2671; x_wconf 83' lang='lat' dir='ltr'><strong>Nilo-</strong></span> 
     </span>
    </p>
   </div>
   <div class='ocr_carea' id='block_1_61' title="bbox 125 2683 911 2721">
    <p class='ocr_par' dir='ltr' id='par_1_61' title="bbox 125 2683 911 2721">
     <span class='ocr_line' id='line_1_61' title="bbox 125 2683 911 2721; baseline 0 -8"><span class='ocrx_word' id='word_1_420' title='bbox 125 2687 193 2719; x_wconf 86' lang='lat' dir='ltr'><strong>polis</strong></span> <span class='ocrx_word' id='word_1_421' title='bbox 219 2690 280 2713; x_wconf 87' lang='lat' dir='ltr'><strong>erat</strong></span> <span class='ocrx_word' id='word_1_422' title='bbox 297 2685 323 2712; x_wconf 92' lang='lat' dir='ltr'><strong>iu</strong></span> <span class='ocrx_word' id='word_1_423' title='bbox 351 2683 441 2712; x_wconf 56' lang='lat' dir='ltr'><strong>insula»</strong></span> <span class='ocrx_word' id='word_1_424' title='bbox 459 2684 657 2718; x_wconf 83' lang='lat' dir='ltr'><strong>Ileracleotica,</strong></span> <span class='ocrx_word' id='word_1_425' title='bbox 673 2685 752 2720; x_wconf 87' lang='lat' dir='ltr'><strong>cujus</strong></span> <span class='ocrx_word' id='word_1_426' title='bbox 768 2687 911 2721; x_wconf 83' lang='lat' dir='ltr'><strong>episcopus</strong></span> 
     </span>
    </p>
   </div>
   <div class='ocr_carea' id='block_1_62' title="bbox 127 2726 913 2763">
    <p class='ocr_par' dir='ltr' id='par_1_62' title="bbox 127 2726 913 2763">
     <span class='ocr_line' id='line_1_62' title="bbox 127 2726 913 2763; baseline 0 -8"><span class='ocrx_word' id='word_1_427' title='bbox 127 2729 269 2763; x_wconf 80' lang='lat' dir='ltr'><strong>Ephesino,</strong></span> <span class='ocrx_word' id='word_1_428' title='bbox 285 2735 312 2762; x_wconf 91' lang='lat' dir='ltr'><strong>p.</strong></span> <span class='ocrx_word' id='word_1_429' title='bbox 326 2727 374 2754; x_wconf 75' lang='grc'><strong>551</strong></span> <span class='ocrx_word' id='word_1_430' title='bbox 389 2727 521 2754; x_wconf 83' lang='lat' dir='ltr'><strong>Eusebius</strong></span> <span class='ocrx_word' id='word_1_431' title='bbox 539 2726 742 2759; x_wconf 81' lang='grc' dir='ltr'><strong>Νειλουπόλεως</strong></span> <span class='ocrx_word' id='word_1_432' title='bbox 758 2735 819 2755; x_wconf 90' lang='lat' dir='ltr'><strong>cum</strong></span> <span class='ocrx_word' id='word_1_433' title='bbox 835 2735 913 2756; x_wconf 74' lang='lat' dir='ltr'><strong>caue-</strong></span> 
     </span>
    </p>
   </div>
   <div class='ocr_carea' id='block_1_63' title="bbox 128 2769 559 2806">
    <p class='ocr_par' dir='ltr' id='par_1_63' title="bbox 128 2769 559 2806">
     <span class='ocr_line' id='line_1_63' title="bbox 128 2769 559 2806; baseline -0.005 -8"><span class='ocrx_word' id='word_1_434' title='bbox 128 2771 162 2798; x_wconf 88' lang='lat' dir='ltr'><strong>ris</strong></span> <span class='ocrx_word' id='word_1_435' title='bbox 177 2769 311 2806; x_wconf 62' lang='lat' dir='ltr'><strong>Aigyptiis</strong></span> <span class='ocrx_word' id='word_1_436' title='bbox 324 2777 420 2796; x_wconf 87' lang='lat' dir='ltr'><strong>nomen</strong></span> <span class='ocrx_word' id='word_1_437' title='bbox 438 2769 559 2796; x_wconf 83' lang='lat' dir='ltr'><strong>ascribit.</strong></span> 
     </span>
    </p>
   </div>
   <div class='ocr_carea' id='block_1_64' title="bbox 160 2809 913 2846">
    <p class='ocr_par' dir='ltr' id='par_1_64' title="bbox 160 2809 913 2846">
     <span class='ocr_line' id='line_1_64' title="bbox 160 2809 913 2846; baseline -0.004 -8"><span class='ocrx_word' id='word_1_438' title='bbox 160 2811 227 2839; x_wconf 89' lang='lat' dir='ltr'><strong>Ibid.</strong></span> <span class='ocrx_word' id='word_1_439' title='bbox 255 2810 423 2846; x_wconf 67' lang='grc' dir='ltr'><strong>Ἀφροδιτώ.</strong></span> <span class='ocrx_word' id='word_1_440' title='bbox 452 2809 550 2838; x_wconf 82' lang='lat' dir='ltr'><strong>Forma</strong></span> <span class='ocrx_word' id='word_1_441' title='bbox 581 2810 637 2836; x_wconf 76' lang='lat' dir='ltr'><strong>luce</strong></span> <span class='ocrx_word' id='word_1_442' title='bbox 663 2810 789 2846; x_wconf 64' lang='lat' dir='ltr'><strong>Egyptia</strong></span> <span class='ocrx_word' id='word_1_443' title='bbox 816 2817 867 2845; x_wconf 77' lang='lat' dir='ltr'><strong>cst,</strong></span> <span class='ocrx_word' id='word_1_444' title='bbox 884 2817 913 2838; x_wconf 73' lang='lat' dir='ltr'><strong>ut</strong></span> 
     </span>
    </p>
   </div>
   <div class='ocr_carea' id='block_1_65' title="bbox 127 2851 911 2891">
    <p class='ocr_par' dir='ltr' id='par_1_65' title="bbox 127 2851 911 2891">
     <span class='ocr_line' id='line_1_65' title="bbox 127 2851 911 2891; baseline -0.001 -10"><span class='ocrx_word' id='word_1_445' title='bbox 127 2853 242 2887; x_wconf 80' lang='grc' dir='ltr'><strong>Λεοντώ,</strong></span> <span class='ocrx_word' id='word_1_446' title='bbox 257 2852 348 2880; x_wconf 83' lang='grc' dir='ltr'><strong>Λυκώ.</strong></span> <span class='ocrx_word' id='word_1_447' title='bbox 371 2851 514 2881; x_wconf 62' lang='lat' dir='ltr'><strong>Ptolemaeo</strong></span> <span class='ocrx_word' id='word_1_448' title='bbox 535 2852 694 2889; x_wconf 72' lang='grc' dir='ltr'>Ἀφροδίτης</span> <span class='ocrx_word' id='word_1_449' title='bbox 718 2853 805 2885; x_wconf 78' lang='grc' dir='ltr'><strong>πόλις.</strong></span> <span class='ocrx_word' id='word_1_450' title='bbox 825 2854 911 2891; x_wconf 80' lang='lat' dir='ltr'><strong>Chry-</strong></span> 
     </span>
    </p>
   </div>
   <div class='ocr_carea' id='block_1_66' title="bbox 545 137 1325 174">
    <p class='ocr_par' dir='ltr' id='par_1_66' title="bbox 545 137 1325 174">
     <span class='ocr_line' id='line_1_66' title="bbox 545 137 1325 174; baseline 0.006 -7"><span class='ocrx_word' id='word_1_451' title='bbox 545 137 738 168; x_wconf 79' lang='lat' dir='ltr'><strong>COMMENT.</strong></span> <span class='ocrx_word' id='word_1_452' title='bbox 762 139 803 168; x_wconf 77' lang='lat' dir='ltr'><strong>IN</strong></span> <span class='ocrx_word' id='word_1_453' title='bbox 824 139 1032 169; x_wconf 68' lang='lat' dir='ltr'><strong>HIEROCIJS</strong></span> <span class='ocrx_word' id='word_1_454' title='bbox 1054 139 1325 174; x_wconf 71' lang='lat' dir='ltr'><strong>SYNECDEMUM.</strong></span> 
     </span>
    </p>
   </div>
   <div class='ocr_carea' id='block_1_67' title="bbox 962 197 1750 238">
    <p class='ocr_par' dir='ltr' id='par_1_67' title="bbox 962 197 1750 238">
     <span class='ocr_line' id='line_1_67' title="bbox 962 197 1750 238; baseline 0.014 -17"><span class='ocrx_word' id='word_1_455' title='bbox 962 197 1049 222; x_wconf 78' lang='lat' dir='ltr'><strong>sarius</strong></span> <span class='ocrx_word' id='word_1_456' title='bbox 1061 197 1226 233; x_wconf 61' lang='grc' dir='ltr'><strong>’Δφρςειτῶν</strong></span> <span class='ocrx_word' id='word_1_457' title='bbox 1242 199 1386 233; x_wconf 56' lang='lat' dir='ltr'><strong>Eplicsino,</strong></span> <span class='ocrx_word' id='word_1_458' title='bbox 1404 207 1430 235; x_wconf 81' lang='grc' dir='ltr'><strong>ῃ.</strong></span> <span class='ocrx_word' id='word_1_459' title='bbox 1441 200 1502 228; x_wconf 69' lang='grc'><strong>439.</strong></span> <span class='ocrx_word' id='word_1_460' title='bbox 1515 201 1575 228; x_wconf 75' lang='lat' dir='ltr'><strong>Vid.</strong></span> <span class='ocrx_word' id='word_1_461' title='bbox 1594 198 1656 230; x_wconf 73' lang='lat' dir='ltr'><strong>Alit.</strong></span> <span class='ocrx_word' id='word_1_462' title='bbox 1670 202 1750 238; x_wconf 83' lang='lat' dir='ltr'><strong>Ilin.,</strong></span> 
     </span>
    </p>
   </div>
   <div class='ocr_carea' id='block_1_68' title="bbox 962 238 1068 272">
    <p class='ocr_par' dir='ltr' id='par_1_68' title="bbox 962 238 1068 272">
     <span class='ocr_line' id='line_1_68' title="bbox 962 238 1068 272; baseline 0 -8"><span class='ocrx_word' id='word_1_463' title='bbox 962 245 988 272; x_wconf 91' lang='lat' dir='ltr'><strong>p.</strong></span> <span class='ocrx_word' id='word_1_464' title='bbox 1006 238 1068 265; x_wconf 84' lang='lat'><strong>168.</strong></span> 
     </span>
    </p>
   </div>
   <div class='ocr_carea' id='block_1_69' title="bbox 995 279 1752 320">
    <p class='ocr_par' dir='ltr' id='par_1_69' title="bbox 995 279 1752 320">
     <span class='ocr_line' id='line_1_69' title="bbox 995 279 1752 320; baseline 0.012 -15"><span class='ocrx_word' id='word_1_465' title='bbox 995 279 1060 306; x_wconf 88' lang='lat' dir='ltr'><strong>Ibid.</strong></span> <span class='ocrx_word' id='word_1_466' title='bbox 1084 281 1207 316; x_wconf 64' lang='grc' dir='ltr'><strong>Πὲμφις.</strong></span> <span class='ocrx_word' id='word_1_467' title='bbox 1234 282 1356 317; x_wconf 77' lang='grc' dir='ltr'><strong>Μέμφις.</strong></span> <span class='ocrx_word' id='word_1_468' title='bbox 1384 282 1468 316; x_wconf 81' lang='lat' dir='ltr'><strong>Quam</strong></span> <span class='ocrx_word' id='word_1_469' title='bbox 1490 284 1582 311; x_wconf 82' lang='lat' dir='ltr'><strong>urbem</strong></span> <span class='ocrx_word' id='word_1_470' title='bbox 1599 284 1669 312; x_wconf 91' lang='lat' dir='ltr'><strong>cultu</strong></span> <span class='ocrx_word' id='word_1_471' title='bbox 1684 286 1752 320; x_wconf 83' lang='lat' dir='ltr'><strong>Apis</strong></span> 
     </span>
    </p>
   </div>
   <div class='ocr_carea' id='block_1_70' title="bbox 961 320 1750 359">
    <p class='ocr_par' dir='ltr' id='par_1_70' title="bbox 961 320 1750 359">
     <span class='ocr_line' id='line_1_70' title="bbox 961 320 1750 359; baseline 0.013 -14"><span class='ocrx_word' id='word_1_472' title='bbox 961 320 1090 347; x_wconf 74' lang='lat' dir='ltr'><strong>famosam</strong></span> <span class='ocrx_word' id='word_1_473' title='bbox 1110 323 1174 348; x_wconf 88' lang='lat' dir='ltr'><strong>olim</strong></span> <span class='ocrx_word' id='word_1_474' title='bbox 1191 323 1274 350; x_wconf 81' lang='lat' dir='ltr'><strong>fuisse</strong></span> <span class='ocrx_word' id='word_1_475' title='bbox 1291 329 1415 357; x_wconf 84' lang='lat' dir='ltr'><strong>constat;</strong></span> <span class='ocrx_word' id='word_1_476' title='bbox 1441 325 1474 352; x_wconf 87' lang='lat' dir='ltr'><strong>de</strong></span> <span class='ocrx_word' id='word_1_477' title='bbox 1498 333 1552 359; x_wconf 89' lang='lat' dir='ltr'><strong>quo</strong></span> <span class='ocrx_word' id='word_1_478' title='bbox 1579 333 1641 352; x_wconf 88' lang='lat' dir='ltr'><strong>cum</strong></span> <span class='ocrx_word' id='word_1_479' title='bbox 1658 327 1750 355; x_wconf 86' lang='lat' dir='ltr'><strong>omnia</strong></span> 
     </span>
    </p>
   </div>
   <div class='ocr_carea' id='block_1_71' title="bbox 955 361 1748 402">
    <p class='ocr_par' dir='ltr' id='par_1_71' title="bbox 955 361 1748 402">
     <span class='ocr_line' id='line_1_71' title="bbox 955 361 1748 402; baseline 0.004 -10"><span class='ocrx_word' id='word_1_480' title='bbox 955 361 1012 394; x_wconf 70' lang='grc' dir='ltr'><strong>,ἱῖιιη</strong></span> <span class='ocrx_word' id='word_1_481' title='bbox 1040 363 1095 389; x_wconf 79' lang='lat' dir='ltr'><strong>sinl</strong></span> <span class='ocrx_word' id='word_1_482' title='bbox 1120 364 1238 396; x_wconf 54' lang='lat' dir='ltr'><strong>Vulgata,</strong></span> <span class='ocrx_word' id='word_1_483' title='bbox 1264 366 1513 400; x_wconf 83' lang='lat' dir='ltr'><strong>circumspicianms</strong></span> <span class='ocrx_word' id='word_1_484' title='bbox 1537 371 1626 394; x_wconf 89' lang='lat' dir='ltr'><strong>tamen</strong></span> <span class='ocrx_word' id='word_1_485' title='bbox 1649 367 1748 402; x_wconf 86' lang='lat' dir='ltr'><strong>ecquid</strong></span> 
     </span>
    </p>
   </div>
   <div class='ocr_carea' id='block_1_72' title="bbox 958 403 1747 436">
    <p class='ocr_par' dir='ltr' id='par_1_72' title="bbox 958 403 1747 436">
     <span class='ocr_line' id='line_1_72' title="bbox 958 403 1747 436; baseline 0.009 -7"><span class='ocrx_word' id='word_1_486' title='bbox 958 403 1026 430; x_wconf 87' lang='lat' dir='ltr'><strong>lucis</strong></span> <span class='ocrx_word' id='word_1_487' title='bbox 1053 406 1256 433; x_wconf 84' lang='lat' dir='ltr'><strong>obscurioribus</strong></span> <span class='ocrx_word' id='word_1_488' title='bbox 1273 407 1373 435; x_wconf 87' lang='lat' dir='ltr'><strong>Lucani</strong></span> <span class='ocrx_word' id='word_1_489' title='bbox 1398 409 1487 435; x_wconf 78' lang='lat' dir='ltr'><strong>verbis</strong></span> <span class='ocrx_word' id='word_1_490' title='bbox 1504 409 1537 436; x_wconf 90' lang='lat' dir='ltr'><strong>de</strong></span> <span class='ocrx_word' id='word_1_491' title='bbox 1557 410 1680 436; x_wconf 88' lang='lat' dir='ltr'><strong>Achorco</strong></span> <span class='ocrx_word' id='word_1_492' title='bbox 1704 409 1747 436; x_wconf 73' lang='lat' dir='ltr'><strong>al&quot;-</strong></span> 
     </span>
    </p>
   </div>
   <div class='ocr_carea' id='block_1_73' title="bbox 961 444 1749 483">
    <p class='ocr_par' dir='ltr' id='par_1_73' title="bbox 961 444 1749 483">
     <span class='ocr_line' id='line_1_73' title="bbox 961 444 1749 483; baseline 0.01 -13"><span class='ocrx_word' id='word_1_493' title='bbox 961 444 1025 471; x_wconf 72' lang='lat' dir='ltr'><strong>ferri</strong></span> <span class='ocrx_word' id='word_1_494' title='bbox 1037 447 1122 479; x_wconf 87' lang='lat' dir='ltr'><strong>possit</strong></span> <span class='ocrx_word' id='word_1_495' title='bbox 1144 447 1171 479; x_wconf 79' lang='lat'><strong>5,</strong></span> <span class='ocrx_word' id='word_1_496' title='bbox 1192 447 1243 474; x_wconf 71' lang='lat' dir='ltr'><strong>I77</strong></span> <span class='ocrx_word' id='word_1_497' title='bbox 1263 457 1269 475; x_wconf 91' lang='lat'><strong>:</strong></span> <span class='ocrx_word' id='word_1_498' title='bbox 1286 449 1354 476; x_wconf 77' lang='lat' dir='ltr'><strong>hunc</strong></span> <span class='ocrx_word' id='word_1_499' title='bbox 1378 450 1466 483; x_wconf 77' lang='lat' dir='ltr'><strong>genuit</strong></span> <span class='ocrx_word' id='word_1_500' title='bbox 1491 456 1577 477; x_wconf 72' lang='lat' dir='ltr'><strong>custos</strong></span> <span class='ocrx_word' id='word_1_501' title='bbox 1596 449 1655 476; x_wconf 84' lang='lat' dir='ltr'><strong>Nili</strong></span> <span class='ocrx_word' id='word_1_502' title='bbox 1679 459 1749 478; x_wconf 73' lang='lat' dir='ltr'><strong>cres-</strong></span> 
     </span>
    </p>
   </div>
   <div class='ocr_carea' id='block_1_74' title="bbox 957 487 1749 524">
    <p class='ocr_par' dir='ltr' id='par_1_74' title="bbox 957 487 1749 524">
     <span class='ocr_line' id='line_1_74' title="bbox 957 487 1749 524; baseline 0.01 -13"><span class='ocrx_word' id='word_1_503' title='bbox 957 487 1037 512; x_wconf 72' lang='lat' dir='ltr'><strong>centis</strong></span> <span class='ocrx_word' id='word_1_504' title='bbox 1057 488 1083 513; x_wconf 82' lang='lat' dir='ltr'><strong>in</strong></span> <span class='ocrx_word' id='word_1_505' title='bbox 1105 496 1185 520; x_wconf 73' lang='lat' dir='ltr'><strong>arvo,</strong></span> <span class='ocrx_word' id='word_1_506' title='bbox 1210 489 1338 524; x_wconf 70' lang='lat' dir='ltr'><strong>Memphis</strong></span> <span class='ocrx_word' id='word_1_507' title='bbox 1364 499 1432 517; x_wconf 77' lang='lat' dir='ltr'><strong>rana</strong></span> <span class='ocrx_word' id='word_1_508' title='bbox 1455 492 1538 518; x_wconf 67' lang='lat' dir='ltr'><strong>uitri:</strong></span> <span class='ocrx_word' id='word_1_509' title='bbox 1556 500 1565 521; x_wconf 79' lang='lat'><strong>.&#39;</strong></span> <span class='ocrx_word' id='word_1_510' title='bbox 1584 491 1630 518; x_wconf 81' lang='lat' dir='ltr'><strong>illo</strong></span> <span class='ocrx_word' id='word_1_511' title='bbox 1649 492 1749 519; x_wconf 81' lang='lat' dir='ltr'><strong>cultore</strong></span> 
     </span>
    </p>
   </div>
   <div class='ocr_carea' id='block_1_75' title="bbox 955 527 1748 567">
    <p class='ocr_par' dir='ltr' id='par_1_75' title="bbox 955 527 1748 567">
     <span class='ocr_line' id='line_1_75' title="bbox 955 527 1748 567; baseline 0.011 -15"><span class='ocrx_word' id='word_1_512' title='bbox 955 527 1064 553; x_wconf 70' lang='lat' dir='ltr'><strong>deorum</strong></span> <span class='ocrx_word' id='word_1_513' title='bbox 1082 529 1167 555; x_wconf 73' lang='lat' dir='ltr'><strong>lustra</strong></span> <span class='ocrx_word' id='word_1_514' title='bbox 1185 538 1240 556; x_wconf 73' lang='lat' dir='ltr'><strong>sure</strong></span> <span class='ocrx_word' id='word_1_515' title='bbox 1254 531 1360 558; x_wconf 72' lang='lat' dir='ltr'><strong>I&#39;lttcbe:</strong></span> <span class='ocrx_word' id='word_1_516' title='bbox 1385 540 1436 558; x_wconf 87' lang='lat' dir='ltr'><strong>non</strong></span> <span class='ocrx_word' id='word_1_517' title='bbox 1456 540 1526 558; x_wconf 68' lang='lat' dir='ltr'><strong>unus</strong></span> <span class='ocrx_word' id='word_1_518' title='bbox 1552 537 1656 560; x_wconf 71' lang='lat' dir='ltr'><strong>vexerat</strong></span> <span class='ocrx_word' id='word_1_519' title='bbox 1674 533 1748 567; x_wconf 76' lang='lat' dir='ltr'><strong>Apis.</strong></span> 
     </span>
    </p>
   </div>
   <div class='ocr_carea' id='block_1_76' title="bbox 958 568 1748 606">
    <p class='ocr_par' dir='ltr' id='par_1_76' title="bbox 958 568 1748 606">
     <span class='ocr_line' id='line_1_76' title="bbox 958 568 1748 606; baseline 0.011 -13"><span class='ocrx_word' id='word_1_520' title='bbox 958 568 986 601; x_wconf 75' lang='lat' dir='ltr'><strong>1p</strong></span> <span class='ocrx_word' id='word_1_521' title='bbox 1005 568 1058 595; x_wconf 85' lang='lat' dir='ltr'><strong>illis</strong></span> <span class='ocrx_word' id='word_1_522' title='bbox 1082 571 1164 602; x_wconf 88' lang='lat' dir='ltr'><strong>enim,</strong></span> <span class='ocrx_word' id='word_1_523' title='bbox 1192 571 1237 605; x_wconf 90' lang='lat' dir='ltr'><strong>qui</strong></span> <span class='ocrx_word' id='word_1_524' title='bbox 1262 573 1325 606; x_wconf 80' lang='lat' dir='ltr'><strong>Apis</strong></span> <span class='ocrx_word' id='word_1_525' title='bbox 1340 573 1423 600; x_wconf 82' lang='lat' dir='ltr'><strong>lustra</strong></span> <span class='ocrx_word' id='word_1_526' title='bbox 1439 581 1493 601; x_wconf 69' lang='lat' dir='ltr'><strong>sua:</strong></span> <span class='ocrx_word' id='word_1_527' title='bbox 1512 574 1628 601; x_wconf 71' lang='lat' dir='ltr'><strong>Plimbes</strong></span> <span class='ocrx_word' id='word_1_528' title='bbox 1651 575 1748 602; x_wconf 83' lang='lat' dir='ltr'><strong>vehere</strong></span> 
     </span>
    </p>
   </div>
   <div class='ocr_carea' id='block_1_77' title="bbox 957 610 1745 648">
    <p class='ocr_par' dir='ltr' id='par_1_77' title="bbox 957 610 1745 648">
     <span class='ocr_line' id='line_1_77' title="bbox 957 610 1745 648; baseline 0.009 -13"><span class='ocrx_word' id='word_1_529' title='bbox 957 610 1074 642; x_wconf 84' lang='lat' dir='ltr'><strong>dicatur,</strong></span> <span class='ocrx_word' id='word_1_530' title='bbox 1096 611 1138 638; x_wconf 79' lang='lat' dir='ltr'><strong>vix</strong></span> <span class='ocrx_word' id='word_1_531' title='bbox 1156 613 1297 646; x_wconf 82' lang='lat' dir='ltr'><strong>intelligas.</strong></span> <span class='ocrx_word' id='word_1_532' title='bbox 1316 614 1455 648; x_wconf 79' lang='lat' dir='ltr'><strong>Equidem,</strong></span> <span class='ocrx_word' id='word_1_533' title='bbox 1471 623 1532 642; x_wconf 89' lang='lat' dir='ltr'><strong>cum</strong></span> <span class='ocrx_word' id='word_1_534' title='bbox 1549 616 1575 643; x_wconf 87' lang='lat' dir='ltr'><strong>in</strong></span> <span class='ocrx_word' id='word_1_535' title='bbox 1594 615 1680 648; x_wconf 76' lang='lat' dir='ltr'><strong>Regio</strong></span> <span class='ocrx_word' id='word_1_536' title='bbox 1694 624 1745 643; x_wconf 89' lang='lat' dir='ltr'><strong>ms.</strong></span> 
     </span>
    </p>
   </div>
   <div class='ocr_carea' id='block_1_78' title="bbox 956 653 1745 690">
    <p class='ocr_par' dir='ltr' id='par_1_78' title="bbox 956 653 1745 690">
     <span class='ocr_line' id='line_1_78' title="bbox 956 653 1745 690; baseline 0.01 -13"><span class='ocrx_word' id='word_1_537' title='bbox 956 656 982 677; x_wconf 90' lang='lat' dir='ltr'><strong>et</strong></span> <span class='ocrx_word' id='word_1_538' title='bbox 1001 660 1055 679; x_wconf 89' lang='lat' dir='ltr'><strong>uno</strong></span> <span class='ocrx_word' id='word_1_539' title='bbox 1078 653 1219 680; x_wconf 85' lang='lat' dir='ltr'><strong>I’ulmauni</strong></span> <span class='ocrx_word' id='word_1_540' title='bbox 1238 654 1444 690; x_wconf 80' lang='lat' dir='ltr'><strong>Oudendorpius</strong></span> <span class='ocrx_word' id='word_1_541' title='bbox 1465 658 1576 684; x_wconf 71' lang='lat' dir='ltr'><strong>duxerat</strong></span> <span class='ocrx_word' id='word_1_542' title='bbox 1593 657 1745 690; x_wconf 80' lang='lat' dir='ltr'><strong>oll&#39;cuderit.</strong></span> 
     </span>
    </p>
   </div>
   <div class='ocr_carea' id='block_1_79' title="bbox 956 692 1746 733">
    <p class='ocr_par' dir='ltr' id='par_1_79' title="bbox 956 692 1746 733">
     <span class='ocr_line' id='line_1_79' title="bbox 956 692 1746 733; baseline 0.009 -14"><span class='ocrx_word' id='word_1_543' title='bbox 956 692 1060 720; x_wconf 70' lang='lat' dir='ltr'><strong>luxerat</strong></span> <span class='ocrx_word' id='word_1_544' title='bbox 1078 695 1210 728; x_wconf 88' lang='lat' dir='ltr'><strong>maluero,</strong></span> <span class='ocrx_word' id='word_1_545' title='bbox 1228 702 1257 723; x_wconf 93' lang='lat' dir='ltr'><strong>ut</strong></span> <span class='ocrx_word' id='word_1_546' title='bbox 1272 697 1338 732; x_wconf 88' lang='lat' dir='ltr'><strong>Apis</strong></span> <span class='ocrx_word' id='word_1_547' title='bbox 1355 698 1437 725; x_wconf 88' lang='lat' dir='ltr'><strong>lustra</strong></span> <span class='ocrx_word' id='word_1_548' title='bbox 1452 705 1507 725; x_wconf 70' lang='lat' dir='ltr'><strong>sua:</strong></span> <span class='ocrx_word' id='word_1_549' title='bbox 1531 698 1658 732; x_wconf 70' lang='lat' dir='ltr'><strong>thbes,</strong></span> <span class='ocrx_word' id='word_1_550' title='bbox 1686 697 1746 733; x_wconf 77' lang='lat' dir='ltr'><strong>ipti-</strong></span> 
     </span>
    </p>
   </div>
   <div class='ocr_carea' id='block_1_80' title="bbox 957 734 1748 773">
    <p class='ocr_par' dir='ltr' id='par_1_80' title="bbox 957 734 1748 773">
     <span class='ocr_line' id='line_1_80' title="bbox 957 734 1748 773; baseline 0.01 -13"><span class='ocrx_word' id='word_1_551' title='bbox 957 734 1006 761; x_wconf 91' lang='lat' dir='ltr'><strong>bus</strong></span> <span class='ocrx_word' id='word_1_552' title='bbox 1025 736 1194 763; x_wconf 82' lang='lat' dir='ltr'><strong>sacerdotum</strong></span> <span class='ocrx_word' id='word_1_553' title='bbox 1210 737 1236 764; x_wconf 92' lang='lat' dir='ltr'><strong>in</strong></span> <span class='ocrx_word' id='word_1_554' title='bbox 1256 737 1328 764; x_wconf 81' lang='lat' dir='ltr'><strong>fonte</strong></span> <span class='ocrx_word' id='word_1_555' title='bbox 1341 746 1444 766; x_wconf 88' lang='lat' dir='ltr'><strong>mersus</strong></span> <span class='ocrx_word' id='word_1_556' title='bbox 1454 740 1630 773; x_wconf 85' lang='lat' dir='ltr'><strong>enccabatur,</strong></span> <span class='ocrx_word' id='word_1_557' title='bbox 1645 740 1748 768; x_wconf 82' lang='lat' dir='ltr'><strong>luxisse</strong></span> 
     </span>
    </p>
   </div>
   <div class='ocr_carea' id='block_1_81' title="bbox 954 776 1747 816">
    <p class='ocr_par' dir='ltr' id='par_1_81' title="bbox 954 776 1747 816">
     <span class='ocr_line' id='line_1_81' title="bbox 954 776 1747 816; baseline 0.01 -15"><span class='ocrx_word' id='word_1_558' title='bbox 954 776 1143 811; x_wconf 84' lang='lat' dir='ltr'><strong>perhibeatur;</strong></span> <span class='ocrx_word' id='word_1_559' title='bbox 1176 777 1257 812; x_wconf 84' lang='lat' dir='ltr'><strong>idque</strong></span> <span class='ocrx_word' id='word_1_560' title='bbox 1284 779 1348 806; x_wconf 85' lang='lat' dir='ltr'><strong>mihi</strong></span> <span class='ocrx_word' id='word_1_561' title='bbox 1382 785 1524 815; x_wconf 83' lang='lat' dir='ltr'><strong>propterea</strong></span> <span class='ocrx_word' id='word_1_562' title='bbox 1551 782 1643 809; x_wconf 87' lang='lat' dir='ltr'><strong>arrisit</strong></span> <span class='ocrx_word' id='word_1_563' title='bbox 1674 782 1747 816; x_wconf 85' lang='lat' dir='ltr'><strong>quod</strong></span> 
     </span>
    </p>
   </div>
   <div class='ocr_carea' id='block_1_82' title="bbox 956 817 1747 856">
    <p class='ocr_par' dir='ltr' id='par_1_82' title="bbox 956 817 1747 856">
     <span class='ocr_line' id='line_1_82' title="bbox 956 817 1747 856; baseline 0.009 -13"><span class='ocrx_word' id='word_1_564' title='bbox 956 824 1032 844; x_wconf 81' lang='lat' dir='ltr'><strong>saera</strong></span> <span class='ocrx_word' id='word_1_565' title='bbox 1048 817 1089 844; x_wconf 91' lang='lat' dir='ltr'><strong>illa</strong></span> <span class='ocrx_word' id='word_1_566' title='bbox 1104 827 1209 845; x_wconf 67' lang='lat' dir='ltr'><strong>siturum</strong></span> <span class='ocrx_word' id='word_1_567' title='bbox 1226 828 1287 847; x_wconf 89' lang='lat' dir='ltr'><strong>cum</strong></span> <span class='ocrx_word' id='word_1_568' title='bbox 1306 821 1377 848; x_wconf 85' lang='lat' dir='ltr'><strong>luctu</strong></span> <span class='ocrx_word' id='word_1_569' title='bbox 1396 821 1514 856; x_wconf 66' lang='lat' dir='ltr'><strong>Egyptii</strong></span> <span class='ocrx_word' id='word_1_570' title='bbox 1533 823 1657 856; x_wconf 88' lang='lat' dir='ltr'><strong>obirent;</strong></span> <span class='ocrx_word' id='word_1_571' title='bbox 1673 823 1747 850; x_wconf 88' lang='lat' dir='ltr'><strong>unde</strong></span> 
     </span>
    </p>
   </div>
   <div class='ocr_carea' id='block_1_83' title="bbox 956 858 1749 897">
    <p class='ocr_par' dir='ltr' id='par_1_83' title="bbox 956 858 1749 897">
     <span class='ocr_line' id='line_1_83' title="bbox 956 858 1749 897; baseline 0.008 -12"><span class='ocrx_word' id='word_1_572' title='bbox 956 858 1078 886; x_wconf 83' lang='lat' dir='ltr'><strong>Tibullus</strong></span> <span class='ocrx_word' id='word_1_573' title='bbox 1091 859 1108 887; x_wconf 93' lang='grc' dir='ltr'><strong>Ι.</strong></span> <span class='ocrx_word' id='word_1_574' title='bbox 1138 868 1196 890; x_wconf 88' lang='lat' dir='ltr'><strong>vut.</strong></span> <span class='ocrx_word' id='word_1_575' title='bbox 1213 860 1246 887; x_wconf 71' lang='lat'><strong>27</strong></span> <span class='ocrx_word' id='word_1_576' title='bbox 1266 871 1273 889; x_wconf 88' lang='lat'><strong><em>:</em></strong></span> <span class='ocrx_word' id='word_1_577' title='bbox 1291 861 1327 888; x_wconf 87' lang='lat' dir='ltr'><strong>Te</strong></span> <span class='ocrx_word' id='word_1_578' title='bbox 1343 863 1411 888; x_wconf 78' lang='lat' dir='ltr'><strong>ranit</strong></span> <span class='ocrx_word' id='word_1_579' title='bbox 1424 868 1504 897; x_wconf 78' lang='lat' dir='ltr'><strong>atque</strong></span> <span class='ocrx_word' id='word_1_580' title='bbox 1513 871 1590 890; x_wconf 69' lang='lat' dir='ltr'><strong>suum</strong></span> <span class='ocrx_word' id='word_1_581' title='bbox 1603 866 1681 897; x_wconf 69' lang='lat' dir='ltr'><strong>pubes</strong></span> <span class='ocrx_word' id='word_1_582' title='bbox 1699 865 1749 891; x_wconf 87' lang='lat' dir='ltr'><strong>mi-</strong></span> 
     </span>
    </p>
   </div>
   <div class='ocr_carea' id='block_1_84' title="bbox 956 901 1744 939">
    <p class='ocr_par' dir='ltr' id='par_1_84' title="bbox 956 901 1744 939">
     <span class='ocr_line' id='line_1_84' title="bbox 956 901 1744 939; baseline 0.006 -13"><span class='ocrx_word' id='word_1_583' title='bbox 956 906 1031 927; x_wconf 84' lang='lat' dir='ltr'><strong>ratur</strong></span> <span class='ocrx_word' id='word_1_584' title='bbox 1053 901 1151 928; x_wconf 76' lang='lat' dir='ltr'><strong>Osirim</strong></span> <span class='ocrx_word' id='word_1_585' title='bbox 1171 902 1291 929; x_wconf 79' lang='lat' dir='ltr'><strong>Barbara</strong></span> <span class='ocrx_word' id='word_1_586' title='bbox 1304 923 1311 935; x_wconf 92' lang='lat'><strong>,</strong></span> <span class='ocrx_word' id='word_1_587' title='bbox 1336 903 1501 937; x_wconf 83' lang='lat' dir='ltr'><strong>Mempltitem</strong></span> <span class='ocrx_word' id='word_1_588' title='bbox 1527 904 1649 939; x_wconf 75' lang='lat' dir='ltr'><strong>plangere</strong></span> <span class='ocrx_word' id='word_1_589' title='bbox 1668 906 1744 931; x_wconf 83' lang='lat' dir='ltr'><strong>docta</strong></span> 
     </span>
    </p>
   </div>
   <div class='ocr_carea' id='block_1_85' title="bbox 956 942 1746 979">
    <p class='ocr_par' dir='ltr' id='par_1_85' title="bbox 956 942 1746 979">
     <span class='ocr_line' id='line_1_85' title="bbox 956 942 1746 979; baseline 0.008 -11"><span class='ocrx_word' id='word_1_590' title='bbox 956 942 1060 969; x_wconf 72' lang='lat' dir='ltr'><strong>bovem:</strong></span> <span class='ocrx_word' id='word_1_591' title='bbox 1072 949 1098 970; x_wconf 83' lang='lat' dir='ltr'><strong>et</strong></span> <span class='ocrx_word' id='word_1_592' title='bbox 1113 943 1216 971; x_wconf 86' lang='lat' dir='ltr'><strong>Statius</strong></span> <span class='ocrx_word' id='word_1_593' title='bbox 1227 965 1234 977; x_wconf 90' lang='lat'><strong>,</strong></span> <span class='ocrx_word' id='word_1_594' title='bbox 1247 945 1328 972; x_wconf 81' lang='lat' dir='ltr'><strong>simili</strong></span> <span class='ocrx_word' id='word_1_595' title='bbox 1348 946 1520 979; x_wconf 83' lang='lat' dir='ltr'><strong>metaphora,</strong></span> <span class='ocrx_word' id='word_1_596' title='bbox 1533 945 1612 973; x_wconf 77' lang='lat' dir='ltr'><strong>Tlteb.</strong></span> <span class='ocrx_word' id='word_1_597' title='bbox 1631 954 1651 978; x_wconf 89' lang='lat' dir='ltr'><strong>t,</strong></span> <span class='ocrx_word' id='word_1_598' title='bbox 1664 946 1717 974; x_wconf 66' lang='lat'><strong>265</strong></span> <span class='ocrx_word' id='word_1_599' title='bbox 1738 956 1746 974; x_wconf 85' lang='lat'><strong>:</strong></span> 
     </span>
    </p>
   </div>
   <div class='ocr_carea' id='block_1_86' title="bbox 955 986 1746 1022">
    <p class='ocr_par' dir='ltr' id='par_1_86' title="bbox 955 986 1746 1022">
     <span class='ocr_line' id='line_1_86' title="bbox 955 986 1746 1022; baseline 0.008 -12"><span class='ocrx_word' id='word_1_600' title='bbox 955 989 979 1010; x_wconf 80' lang='lat' dir='ltr'><strong>et</strong></span> <span class='ocrx_word' id='word_1_601' title='bbox 996 987 1101 1012; x_wconf 75' lang='lat' dir='ltr'><strong>wrimni</strong></span> <span class='ocrx_word' id='word_1_602' title='bbox 1115 986 1231 1021; x_wconf 83' lang='lat' dir='ltr'><strong>lugentia</strong></span> <span class='ocrx_word' id='word_1_603' title='bbox 1248 987 1357 1022; x_wconf 79' lang='lat' dir='ltr'><strong>ﬂumina</strong></span> <span class='ocrx_word' id='word_1_604' title='bbox 1378 987 1445 1016; x_wconf 82' lang='lat' dir='ltr'><strong>Nili.</strong></span> <span class='ocrx_word' id='word_1_605' title='bbox 1465 987 1559 1022; x_wconf 81' lang='lat' dir='ltr'><strong>Neque</strong></span> <span class='ocrx_word' id='word_1_606' title='bbox 1574 989 1664 1018; x_wconf 80' lang='lat' dir='ltr'><strong>oberit</strong></span> <span class='ocrx_word' id='word_1_607' title='bbox 1680 986 1746 1016; x_wconf 75' lang='grc' dir='ltr'><strong>έθη-</strong></span> 
     </span>
    </p>
   </div>
   <div class='ocr_carea' id='block_1_87' title="bbox 953 1026 1747 1064">
    <p class='ocr_par' dir='ltr' id='par_1_87' title="bbox 953 1026 1747 1064">
     <span class='ocr_line' id='line_1_87' title="bbox 953 1026 1747 1064; baseline 0.006 -12"><span class='ocrx_word' id='word_1_608' title='bbox 953 1026 1066 1060; x_wconf 68' lang='lat' dir='ltr'><strong>jecturae</strong></span> <span class='ocrx_word' id='word_1_609' title='bbox 1086 1027 1176 1056; x_wconf 84' lang='lat' dir='ltr'><strong>luctus</strong></span> <span class='ocrx_word' id='word_1_610' title='bbox 1202 1029 1261 1056; x_wconf 88' lang='lat' dir='ltr'><strong>bovi</strong></span> <span class='ocrx_word' id='word_1_611' title='bbox 1281 1029 1421 1061; x_wconf 80' lang='lat' dir='ltr'><strong>tributus,</strong></span> <span class='ocrx_word' id='word_1_612' title='bbox 1447 1029 1582 1064; x_wconf 82' lang='lat' dir='ltr'><strong>siquidem</strong></span> <span class='ocrx_word' id='word_1_613' title='bbox 1609 1034 1694 1064; x_wconf 73' lang='lat' dir='ltr'><strong>poeta:</strong></span> <span class='ocrx_word' id='word_1_614' title='bbox 1719 1031 1747 1058; x_wconf 82' lang='lat' dir='ltr'><strong>i.l</strong></span> 
     </span>
    </p>
   </div>
   <div class='ocr_carea' id='block_1_88' title="bbox 956 1069 1745 1104">
    <p class='ocr_par' dir='ltr' id='par_1_88' title="bbox 956 1069 1745 1104">
     <span class='ocr_line' id='line_1_88' title="bbox 956 1069 1745 1104; baseline 0.005 -9"><span class='ocrx_word' id='word_1_615' title='bbox 956 1069 1006 1095; x_wconf 86' lang='lat' dir='ltr'><strong>sibi</strong></span> <span class='ocrx_word' id='word_1_616' title='bbox 1023 1069 1104 1096; x_wconf 83' lang='lat' dir='ltr'><strong>licere</strong></span> <span class='ocrx_word' id='word_1_617' title='bbox 1127 1070 1305 1097; x_wconf 84' lang='lat' dir='ltr'><strong>arbitrantur.</strong></span> <span class='ocrx_word' id='word_1_618' title='bbox 1330 1070 1403 1097; x_wconf 84' lang='lat' dir='ltr'><strong>Ideni</strong></span> <span class='ocrx_word' id='word_1_619' title='bbox 1419 1070 1521 1098; x_wconf 84' lang='lat' dir='ltr'><strong>Statius</strong></span> <span class='ocrx_word' id='word_1_620' title='bbox 1538 1071 1616 1098; x_wconf 79' lang='lat' dir='ltr'><strong>Tlteb.</strong></span> <span class='ocrx_word' id='word_1_621' title='bbox 1633 1080 1659 1104; x_wconf 90' lang='lat' dir='ltr'><strong>v,</strong></span> <span class='ocrx_word' id='word_1_622' title='bbox 1671 1072 1724 1099; x_wconf 69' lang='grc'><strong>551</strong></span> <span class='ocrx_word' id='word_1_623' title='bbox 1739 1081 1745 1099; x_wconf 87' lang='lat'><strong>:</strong></span> 
     </span>
    </p>
   </div>
   <div class='ocr_carea' id='block_1_89' title="bbox 956 1111 1746 1147">
    <p class='ocr_par' dir='ltr' id='par_1_89' title="bbox 956 1111 1746 1147">
     <span class='ocr_line' id='line_1_89' title="bbox 956 1111 1746 1147; baseline 0.005 -12"><span class='ocrx_word' id='word_1_624' title='bbox 956 1117 1091 1144; x_wconf 81' lang='lat' dir='ltr'><strong>regemque</strong></span> <span class='ocrx_word' id='word_1_625' title='bbox 1112 1116 1272 1146; x_wconf 77' lang='lat' dir='ltr'><strong>peremptum</strong></span> <span class='ocrx_word' id='word_1_626' title='bbox 1289 1111 1344 1146; x_wconf 74' lang='lat' dir='ltr'><strong>ipse</strong></span> <span class='ocrx_word' id='word_1_627' title='bbox 1363 1120 1434 1147; x_wconf 81' lang='lat' dir='ltr'><strong>ager,</strong></span> <span class='ocrx_word' id='word_1_628' title='bbox 1449 1112 1500 1147; x_wconf 75' lang='lat' dir='ltr'><strong>ipsi</strong></span> <span class='ocrx_word' id='word_1_629' title='bbox 1524 1121 1613 1139; x_wconf 75' lang='lat' dir='ltr'><strong>annm</strong></span> <span class='ocrx_word' id='word_1_630' title='bbox 1626 1118 1649 1140; x_wconf 88' lang='lat' dir='ltr'><strong>el</strong></span> <span class='ocrx_word' id='word_1_631' title='bbox 1663 1118 1746 1146; x_wconf 67' lang='lat' dir='ltr'><strong>,mula</strong></span> 
     </span>
    </p>
   </div>
   <div class='ocr_carea' id='block_1_90' title="bbox 956 1153 1746 1187">
    <p class='ocr_par' dir='ltr' id='par_1_90' title="bbox 956 1153 1746 1187">
     <span class='ocr_line' id='line_1_90' title="bbox 956 1153 1746 1187; baseline 0.005 -10"><span class='ocrx_word' id='word_1_632' title='bbox 956 1158 1077 1178; x_wconf 81' lang='lat' dir='ltr'><strong>armenta</strong></span> <span class='ocrx_word' id='word_1_633' title='bbox 1100 1159 1256 1187; x_wconf 77' lang='lat' dir='ltr'><strong>queruntur.</strong></span> <span class='ocrx_word' id='word_1_634' title='bbox 1282 1153 1340 1180; x_wconf 84' lang='lat' dir='ltr'><strong>Etsi</strong></span> <span class='ocrx_word' id='word_1_635' title='bbox 1366 1158 1456 1181; x_wconf 82' lang='lat' dir='ltr'><strong>autem</strong></span> <span class='ocrx_word' id='word_1_636' title='bbox 1483 1153 1608 1182; x_wconf 86' lang='lat' dir='ltr'><strong>Lucanus</strong></span> <span class='ocrx_word' id='word_1_637' title='bbox 1629 1155 1654 1181; x_wconf 94' lang='lat' dir='ltr'><strong>id</strong></span> <span class='ocrx_word' id='word_1_638' title='bbox 1680 1155 1746 1181; x_wconf 92' lang='lat' dir='ltr'><strong>mihi</strong></span> 
     </span>
    </p>
   </div>
   <div class='ocr_carea' id='block_1_91' title="bbox 955 1193 1746 1229">
    <p class='ocr_par' dir='ltr' id='par_1_91' title="bbox 955 1193 1746 1229">
     <span class='ocr_line' id='line_1_91' title="bbox 955 1193 1746 1229; baseline 0.008 -12"><span class='ocrx_word' id='word_1_639' title='bbox 955 1193 1076 1221; x_wconf 85' lang='lat' dir='ltr'><strong>voluisse</strong></span> <span class='ocrx_word' id='word_1_640' title='bbox 1096 1194 1228 1225; x_wconf 85' lang='lat' dir='ltr'><strong>videatur,</strong></span> <span class='ocrx_word' id='word_1_641' title='bbox 1255 1195 1326 1221; x_wconf 90' lang='lat' dir='ltr'><strong>ultro</strong></span> <span class='ocrx_word' id='word_1_642' title='bbox 1349 1195 1545 1229; x_wconf 66' lang='lat' dir='ltr'><strong>suspicionem,</strong></span> <span class='ocrx_word' id='word_1_643' title='bbox 1568 1196 1613 1222; x_wconf 90' lang='lat' dir='ltr'><strong>ubi</strong></span> <span class='ocrx_word' id='word_1_644' title='bbox 1632 1196 1746 1223; x_wconf 82' lang='lat' dir='ltr'><strong>meliora</strong></span> 
     </span>
    </p>
   </div>
   <div class='ocr_carea' id='block_1_92' title="bbox 957 1235 1746 1272">
    <p class='ocr_par' dir='ltr' id='par_1_92' title="bbox 957 1235 1746 1272">
     <span class='ocr_line' id='line_1_92' title="bbox 957 1235 1746 1272; baseline 0.004 -11"><span class='ocrx_word' id='word_1_645' title='bbox 957 1235 1033 1263; x_wconf 86' lang='lat' dir='ltr'><strong>l&#39;uero</strong></span> <span class='ocrx_word' id='word_1_646' title='bbox 1056 1237 1180 1267; x_wconf 80' lang='lat' dir='ltr'><strong>edoctus.</strong></span> <span class='ocrx_word' id='word_1_647' title='bbox 1199 1237 1352 1269; x_wconf 85' lang='lat' dir='ltr'><strong>damnabo;</strong></span> <span class='ocrx_word' id='word_1_648' title='bbox 1379 1245 1465 1272; x_wconf 84' lang='lat' dir='ltr'><strong>neque</strong></span> <span class='ocrx_word' id='word_1_649' title='bbox 1482 1241 1571 1265; x_wconf 85' lang='lat' dir='ltr'><strong>tamen</strong></span> <span class='ocrx_word' id='word_1_650' title='bbox 1589 1239 1656 1272; x_wconf 84' lang='lat' dir='ltr'><strong>eripi</strong></span> <span class='ocrx_word' id='word_1_651' title='bbox 1679 1238 1746 1264; x_wconf 86' lang='lat' dir='ltr'><strong>mihi</strong></span> 
     </span>
    </p>
   </div>
   <div class='ocr_carea' id='block_1_93' title="bbox 956 1272 1743 1314">
    <p class='ocr_par' dir='ltr' id='par_1_93' title="bbox 956 1272 1743 1314">
     <span class='ocr_line' id='line_1_93' title="bbox 956 1272 1743 1314; baseline 0.004 -11"><span class='ocrx_word' id='word_1_652' title='bbox 956 1272 1046 1311; x_wconf 70' lang='lat' dir='ltr'><strong>paTiar</strong></span> <span class='ocrx_word' id='word_1_653' title='bbox 1077 1278 1246 1313; x_wconf 65' lang='lat' dir='ltr'><strong>pra-sidiam,</strong></span> <span class='ocrx_word' id='word_1_654' title='bbox 1279 1279 1350 1314; x_wconf 86' lang='lat' dir='ltr'><strong>quod</strong></span> <span class='ocrx_word' id='word_1_655' title='bbox 1378 1279 1442 1306; x_wconf 85' lang='lat' dir='ltr'><strong>hinc</strong></span> <span class='ocrx_word' id='word_1_656' title='bbox 1468 1279 1612 1306; x_wconf 81' lang='lat' dir='ltr'><strong>Ammiano</strong></span> <span class='ocrx_word' id='word_1_657' title='bbox 1642 1280 1743 1306; x_wconf 84' lang='lat' dir='ltr'><strong>veniet.</strong></span> 
     </span>
    </p>
   </div>
   <div class='ocr_carea' id='block_1_94' title="bbox 956 1318 1746 1354">
    <p class='ocr_par' dir='ltr' id='par_1_94' title="bbox 956 1318 1746 1354">
     <span class='ocr_line' id='line_1_94' title="bbox 956 1318 1746 1354; baseline 0.003 -10"><span class='ocrx_word' id='word_1_658' title='bbox 956 1318 1057 1345; x_wconf 88' lang='lat' dir='ltr'><strong>Scribit</strong></span> <span class='ocrx_word' id='word_1_659' title='bbox 1073 1319 1119 1350; x_wconf 71' lang='lat'><strong>22,</strong></span> <span class='ocrx_word' id='word_1_660' title='bbox 1138 1318 1171 1345; x_wconf 70' lang='grc'><strong>14</strong></span> <span class='ocrx_word' id='word_1_661' title='bbox 1187 1319 1256 1354; x_wconf 89' lang='lat' dir='ltr'><strong>Apin</strong></span> <span class='ocrx_word' id='word_1_662' title='bbox 1272 1319 1354 1347; x_wconf 74' lang='lat' dir='ltr'><strong>Luna:</strong></span> <span class='ocrx_word' id='word_1_663' title='bbox 1369 1320 1452 1348; x_wconf 79' lang='lat' dir='ltr'><strong>fuisse</strong></span> <span class='ocrx_word' id='word_1_664' title='bbox 1467 1326 1614 1351; x_wconf 84' lang='lat' dir='ltr'><strong>sacratum,</strong></span> <span class='ocrx_word' id='word_1_665' title='bbox 1631 1321 1746 1347; x_wconf 75' lang='lat' dir='ltr'><strong>meritus</strong></span> 
     </span>
    </p>
   </div>
   <div class='ocr_carea' id='block_1_95' title="bbox 956 1360 1742 1397">
    <p class='ocr_par' dir='ltr' id='par_1_95' title="bbox 956 1360 1742 1397">
     <span class='ocr_line' id='line_1_95' title="bbox 956 1360 1742 1397; baseline 0.003 -11"><span class='ocrx_word' id='word_1_666' title='bbox 956 1365 1100 1394; x_wconf 86' lang='lat' dir='ltr'><strong>propterea</strong></span> <span class='ocrx_word' id='word_1_667' title='bbox 1118 1360 1244 1388; x_wconf 89' lang='lat' dir='ltr'><strong>Salmasii</strong></span> <span class='ocrx_word' id='word_1_668' title='bbox 1261 1361 1287 1388; x_wconf 92' lang='lat' dir='ltr'><strong>iu</strong></span> <span class='ocrx_word' id='word_1_669' title='bbox 1300 1361 1396 1394; x_wconf 84' lang='lat' dir='ltr'><strong>Solin.,</strong></span> <span class='ocrx_word' id='word_1_670' title='bbox 1410 1369 1436 1396; x_wconf 84' lang='lat' dir='ltr'><strong>p.</strong></span> <span class='ocrx_word' id='word_1_671' title='bbox 1449 1362 1497 1389; x_wconf 82' lang='grc'><strong>511</strong></span> <span class='ocrx_word' id='word_1_672' title='bbox 1516 1362 1720 1397; x_wconf 79' lang='lat' dir='ltr'><strong>castigationem</strong></span> <span class='ocrx_word' id='word_1_673' title='bbox 1735 1371 1742 1388; x_wconf 91' lang='lat'><strong>:</strong></span> 
     </span>
    </p>
   </div>
   <div class='ocr_carea' id='block_1_96' title="bbox 956 1401 1747 1439">
    <p class='ocr_par' dir='ltr' id='par_1_96' title="bbox 956 1401 1747 1439">
     <span class='ocr_line' id='line_1_96' title="bbox 956 1401 1747 1439; baseline 0.004 -12"><span class='ocrx_word' id='word_1_674' title='bbox 956 1401 1024 1436; x_wconf 82' lang='lat' dir='ltr'><strong>quod</strong></span> <span class='ocrx_word' id='word_1_675' title='bbox 1040 1407 1131 1429; x_wconf 83' lang='lat' dir='ltr'><strong>contra</strong></span> <span class='ocrx_word' id='word_1_676' title='bbox 1154 1411 1244 1430; x_wconf 72' lang='lat' dir='ltr'><strong>omne:</strong></span> <span class='ocrx_word' id='word_1_677' title='bbox 1261 1404 1417 1438; x_wconf 71' lang='lat' dir='ltr'><strong>etLinquit,</strong></span> <span class='ocrx_word' id='word_1_678' title='bbox 1435 1405 1480 1438; x_wconf 87' lang='lat' dir='ltr'><strong>qui</strong></span> <span class='ocrx_word' id='word_1_679' title='bbox 1493 1403 1666 1439; x_wconf 70' lang='grc' dir='ltr'><strong>ὁμοθυμαδὸν</strong></span> <span class='ocrx_word' id='word_1_680' title='bbox 1678 1404 1747 1438; x_wconf 79' lang='lat' dir='ltr'><strong>Apin</strong></span> 
     </span>
    </p>
   </div>
   <div class='ocr_carea' id='block_1_97' title="bbox 957 1441 1747 1479">
    <p class='ocr_par' dir='ltr' id='par_1_97' title="bbox 957 1441 1747 1479">
     <span class='ocr_line' id='line_1_97' title="bbox 957 1441 1747 1479; baseline 0.003 -10"><span class='ocrx_word' id='word_1_681' title='bbox 957 1441 1069 1474; x_wconf 71' lang='lat' dir='ltr'><strong>Osiridi,</strong></span> <span class='ocrx_word' id='word_1_682' title='bbox 1085 1443 1111 1470; x_wconf 84' lang='lat' dir='ltr'><strong>id</strong></span> <span class='ocrx_word' id='word_1_683' title='bbox 1122 1449 1159 1470; x_wconf 74' lang='grc' dir='ltr'><strong>ιιι</strong></span> <span class='ocrx_word' id='word_1_684' title='bbox 1182 1443 1249 1477; x_wconf 87' lang='lat' dir='ltr'><strong>Soli,</strong></span> <span class='ocrx_word' id='word_1_685' title='bbox 1268 1444 1384 1478; x_wconf 65' lang='lat' dir='ltr'><strong>dicatum</strong></span> <span class='ocrx_word' id='word_1_686' title='bbox 1401 1445 1500 1471; x_wconf 67' lang='lat' dir='ltr'><strong>dixere.</strong></span> <span class='ocrx_word' id='word_1_687' title='bbox 1523 1445 1603 1479; x_wconf 87' lang='lat' dir='ltr'><strong>Atqui</strong></span> <span class='ocrx_word' id='word_1_688' title='bbox 1621 1445 1747 1471; x_wconf 85' lang='lat' dir='ltr'><strong>Lucanus</strong></span> 
     </span>
    </p>
   </div>
   <div class='ocr_carea' id='block_1_98' title="bbox 957 1483 1746 1520">
    <p class='ocr_par' dir='ltr' id='par_1_98' title="bbox 957 1483 1746 1520">
     <span class='ocr_line' id='line_1_98' title="bbox 957 1483 1746 1520; baseline 0 -10"><span class='ocrx_word' id='word_1_689' title='bbox 957 1483 1066 1511; x_wconf 70' lang='lat' dir='ltr'><strong>Pl.(eb&#39;.e</strong></span> <span class='ocrx_word' id='word_1_690' title='bbox 1090 1485 1147 1511; x_wconf 84' lang='lat' dir='ltr'><strong>sive</strong></span> <span class='ocrx_word' id='word_1_691' title='bbox 1172 1484 1254 1512; x_wconf 69' lang='lat' dir='ltr'><strong>Lunae</strong></span> <span class='ocrx_word' id='word_1_692' title='bbox 1276 1485 1345 1520; x_wconf 83' lang='lat' dir='ltr'><strong>Apin</strong></span> <span class='ocrx_word' id='word_1_693' title='bbox 1370 1485 1573 1513; x_wconf 86' lang='lat' dir='ltr'><strong>evidentissime</strong></span> <span class='ocrx_word' id='word_1_694' title='bbox 1615 1485 1746 1516; x_wconf 85' lang='lat' dir='ltr'><strong>ascribit;</strong></span> 
     </span>
    </p>
   </div>
   <div class='ocr_carea' id='block_1_99' title="bbox 957 1525 1745 1560">
    <p class='ocr_par' dir='ltr' id='par_1_99' title="bbox 957 1525 1745 1560">
     <span class='ocr_line' id='line_1_99' title="bbox 957 1525 1745 1560; baseline 0 -8"><span class='ocrx_word' id='word_1_695' title='bbox 957 1529 985 1552; x_wconf 90' lang='lat' dir='ltr'><strong>et</strong></span> <span class='ocrx_word' id='word_1_696' title='bbox 1000 1525 1164 1560; x_wconf 78' lang='lat' dir='ltr'><strong>Porphyrius</strong></span> <span class='ocrx_word' id='word_1_697' title='bbox 1186 1527 1255 1560; x_wconf 91' lang='lat' dir='ltr'><strong>apud</strong></span> <span class='ocrx_word' id='word_1_698' title='bbox 1275 1526 1372 1554; x_wconf 85' lang='lat' dir='ltr'><strong>Euseb.</strong></span> <span class='ocrx_word' id='word_1_699' title='bbox 1397 1525 1486 1560; x_wconf 79' lang='lat' dir='ltr'><strong>Prwp.</strong></span> <span class='ocrx_word' id='word_1_700' title='bbox 1504 1527 1603 1560; x_wconf 82' lang='lat' dir='ltr'><strong>anng.</strong></span> <span class='ocrx_word' id='word_1_701' title='bbox 1625 1534 1666 1557; x_wconf 83' lang='lat' dir='ltr'><strong>in,</strong></span> <span class='ocrx_word' id='word_1_702' title='bbox 1687 1526 1719 1552; x_wconf 80' lang='lat'><strong>15</strong></span> <span class='ocrx_word' id='word_1_703' title='bbox 1738 1535 1745 1552; x_wconf 86' lang='lat'><strong>:</strong></span> 
     </span>
    </p>
   </div>
   <div class='ocr_carea' id='block_1_100' title="bbox 956 1566 1745 1603">
    <p class='ocr_par' dir='ltr' id='par_1_100' title="bbox 956 1566 1745 1603">
     <span class='ocr_line' id='line_1_100' title="bbox 956 1566 1745 1603; baseline 0.001 -11"><span class='ocrx_word' id='word_1_704' title='bbox 956 1566 1060 1603; x_wconf 82' lang='grc' dir='ltr'><strong>Σελήνῃ</strong></span> <span class='ocrx_word' id='word_1_705' title='bbox 1076 1566 1104 1593; x_wconf 85' lang='grc' dir='ltr'><strong>δὲ</strong></span> <span class='ocrx_word' id='word_1_706' title='bbox 1120 1566 1222 1603; x_wconf 83' lang='grc' dir='ltr'>ταῦρον</span> <span class='ocrx_word' id='word_1_707' title='bbox 1236 1567 1367 1594; x_wconf 74' lang='grc' dir='ltr'><strong>ἀνέθεσαν</strong></span> <span class='ocrx_word' id='word_1_708' title='bbox 1384 1567 1413 1594; x_wconf 75' lang='lat' dir='ltr'><strong>liv</strong></span> <span class='ocrx_word' id='word_1_709' title='bbox 1432 1566 1515 1594; x_wconf 78' lang='lat' dir='ltr'><strong>&#39;Amv</strong></span> <span class='ocrx_word' id='word_1_710' title='bbox 1535 1567 1745 1602; x_wconf 72' lang='grc' dir='ltr'><strong>ἐπονομάζουσι.</strong></span> 
     </span>
    </p>
   </div>
   <div class='ocr_carea' id='block_1_101' title="bbox 956 1607 1746 1644">
    <p class='ocr_par' dir='ltr' id='par_1_101' title="bbox 956 1607 1746 1644">
     <span class='ocr_line' id='line_1_101' title="bbox 956 1607 1746 1644; baseline 0.003 -10"><span class='ocrx_word' id='word_1_711' title='bbox 956 1607 1033 1635; x_wconf 87' lang='lat' dir='ltr'><strong>Nunc</strong></span> <span class='ocrx_word' id='word_1_712' title='bbox 1048 1616 1062 1635; x_wconf 88' lang='lat' dir='ltr'><strong>e</strong></span> <span class='ocrx_word' id='word_1_713' title='bbox 1078 1608 1239 1636; x_wconf 87' lang='lat' dir='ltr'><strong>diverticulo</strong></span> <span class='ocrx_word' id='word_1_714' title='bbox 1253 1609 1360 1635; x_wconf 80' lang='lat' dir='ltr'><strong>inviam</strong></span> <span class='ocrx_word' id='word_1_715' title='bbox 1375 1614 1455 1644; x_wconf 84' lang='lat' dir='ltr'><strong>atque</strong></span> <span class='ocrx_word' id='word_1_716' title='bbox 1466 1609 1499 1636; x_wconf 86' lang='lat' dir='ltr'><strong>ad</strong></span> <span class='ocrx_word' id='word_1_717' title='bbox 1514 1609 1623 1637; x_wconf 68' lang='lat' dir='ltr'><strong>Latonae</strong></span> <span class='ocrx_word' id='word_1_718' title='bbox 1639 1609 1746 1636; x_wconf 88' lang='lat' dir='ltr'><strong>urbem.</strong></span> 
     </span>
    </p>
   </div>
   <div class='ocr_carea' id='block_1_102' title="bbox 991 1649 1744 1686">
    <p class='ocr_par' dir='ltr' id='par_1_102' title="bbox 991 1649 1744 1686">
     <span class='ocr_line' id='line_1_102' title="bbox 991 1649 1744 1686; baseline 0 -10"><span class='ocrx_word' id='word_1_719' title='bbox 991 1649 1058 1676; x_wconf 93' lang='lat' dir='ltr'><strong>Ibid.</strong></span> <span class='ocrx_word' id='word_1_720' title='bbox 1073 1650 1209 1683; x_wconf 77' lang='grc' dir='ltr'><strong>Λίττους.</strong></span> <span class='ocrx_word' id='word_1_721' title='bbox 1228 1650 1344 1685; x_wconf 77' lang='grc' dir='ltr'><strong>Λητοῦς,</strong></span> <span class='ocrx_word' id='word_1_722' title='bbox 1362 1651 1432 1677; x_wconf 89' lang='lat' dir='ltr'><strong>unde</strong></span> <span class='ocrx_word' id='word_1_723' title='bbox 1448 1650 1524 1677; x_wconf 76' lang='lat' dir='ltr'><strong>Isaac</strong></span> <span class='ocrx_word' id='word_1_724' title='bbox 1541 1652 1572 1677; x_wconf 78' lang='lat' dir='ltr'><strong>‘sx</strong></span> <span class='ocrx_word' id='word_1_725' title='bbox 1587 1650 1693 1686; x_wconf 77' lang='grc' dir='ltr'><strong>Λητοῦς</strong></span> <span class='ocrx_word' id='word_1_726' title='bbox 1717 1650 1744 1676; x_wconf 91' lang='lat' dir='ltr'><strong>in</strong></span> 
     </span>
    </p>
   </div>
   <div class='ocr_carea' id='block_1_103' title="bbox 957 1689 1708 1726">
    <p class='ocr_par' dir='ltr' id='par_1_103' title="bbox 957 1689 1708 1726">
     <span class='ocr_line' id='line_1_103' title="bbox 957 1689 1708 1726; baseline 0.001 -9"><span class='ocrx_word' id='word_1_727' title='bbox 957 1689 1055 1717; x_wconf 67' lang='lat' dir='ltr'><strong>Mrletii</strong></span> <span class='ocrx_word' id='word_1_728' title='bbox 1071 1690 1217 1722; x_wconf 68' lang='lat' dir='ltr'><strong>Breviaria,</strong></span> <span class='ocrx_word' id='word_1_729' title='bbox 1233 1698 1259 1725; x_wconf 91' lang='lat' dir='ltr'><strong>p.</strong></span> <span class='ocrx_word' id='word_1_730' title='bbox 1275 1691 1335 1718; x_wconf 88' lang='lat'><strong>187.</strong></span> <span class='ocrx_word' id='word_1_731' title='bbox 1352 1691 1418 1718; x_wconf 83' lang='lat' dir='ltr'><strong>Vide</strong></span> <span class='ocrx_word' id='word_1_732' title='bbox 1429 1692 1492 1719; x_wconf 80' lang='lat' dir='ltr'><strong>Ant.</strong></span> <span class='ocrx_word' id='word_1_733' title='bbox 1509 1690 1587 1724; x_wconf 88' lang='lat' dir='ltr'><strong>Itin.,</strong></span> <span class='ocrx_word' id='word_1_734' title='bbox 1605 1699 1631 1726; x_wconf 89' lang='lat' dir='ltr'><strong>p.</strong></span> <span class='ocrx_word' id='word_1_735' title='bbox 1648 1691 1708 1718; x_wconf 83' lang='lat'><strong>156.</strong></span> 
     </span>
    </p>
   </div>
   <div class='ocr_carea' id='block_1_104' title="bbox 993 1727 1748 1768">
    <p class='ocr_par' dir='ltr' id='par_1_104' title="bbox 993 1727 1748 1768">
     <span class='ocr_line' id='line_1_104' title="bbox 993 1727 1748 1768; baseline 0.003 -10"><span class='ocrx_word' id='word_1_736' title='bbox 993 1731 1060 1759; x_wconf 88' lang='lat' dir='ltr'><strong>Ibid.</strong></span> <span class='ocrx_word' id='word_1_737' title='bbox 1094 1732 1249 1765; x_wconf 79' lang='grc' dir='ltr'><strong>Θηϐαΐδος.</strong></span> <span class='ocrx_word' id='word_1_738' title='bbox 1288 1731 1375 1759; x_wconf 84' lang='lat' dir='ltr'><strong>Unam</strong></span> <span class='ocrx_word' id='word_1_739' title='bbox 1415 1732 1578 1759; x_wconf 85' lang='lat' dir='ltr'><strong>Thebaidem</strong></span> <span class='ocrx_word' id='word_1_740' title='bbox 1613 1727 1748 1768; x_wconf 57' lang='lat' dir='ltr'><strong>(Egyptus</strong></span> 
     </span>
    </p>
   </div>
   <div class='ocr_carea' id='block_1_105' title="bbox 955 1773 1742 1807">
    <p class='ocr_par' dir='ltr' id='par_1_105' title="bbox 955 1773 1742 1807">
     <span class='ocr_line' id='line_1_105' title="bbox 955 1773 1742 1807; baseline 0.001 -7"><span class='ocrx_word' id='word_1_741' title='bbox 955 1773 1109 1801; x_wconf 84' lang='lat' dir='ltr'><strong>Constantii</strong></span> <span class='ocrx_word' id='word_1_742' title='bbox 1132 1773 1304 1807; x_wconf 86' lang='lat' dir='ltr'><strong>imperatoris</strong></span> <span class='ocrx_word' id='word_1_743' title='bbox 1326 1778 1405 1800; x_wconf 79' lang='lat' dir='ltr'><strong>:etate</strong></span> <span class='ocrx_word' id='word_1_744' title='bbox 1429 1774 1553 1806; x_wconf 85' lang='lat' dir='ltr'><strong>habebat,</strong></span> <span class='ocrx_word' id='word_1_745' title='bbox 1581 1779 1610 1801; x_wconf 88' lang='lat' dir='ltr'><strong>ut</strong></span> <span class='ocrx_word' id='word_1_746' title='bbox 1627 1782 1658 1801; x_wconf 80' lang='lat' dir='ltr'><strong>ex</strong></span> <span class='ocrx_word' id='word_1_747' title='bbox 1683 1774 1742 1807; x_wconf 78' lang='lat' dir='ltr'><strong>ejus</strong></span> 
     </span>
    </p>
   </div>
   <div class='ocr_carea' id='block_1_106' title="bbox 956 1815 1745 1850">
    <p class='ocr_par' dir='ltr' id='par_1_106' title="bbox 956 1815 1745 1850">
     <span class='ocr_line' id='line_1_106' title="bbox 956 1815 1745 1850; baseline 0.001 -9"><span class='ocrx_word' id='word_1_748' title='bbox 956 1815 1070 1848; x_wconf 84' lang='lat' dir='ltr'><strong>epistola</strong></span> <span class='ocrx_word' id='word_1_749' title='bbox 1095 1815 1164 1848; x_wconf 90' lang='lat' dir='ltr'><strong>apud</strong></span> <span class='ocrx_word' id='word_1_750' title='bbox 1188 1815 1368 1841; x_wconf 89' lang='lat' dir='ltr'><strong>Athanasium</strong></span> <span class='ocrx_word' id='word_1_751' title='bbox 1395 1819 1460 1842; x_wconf 90' lang='lat' dir='ltr'><strong>tom.</strong></span> <span class='ocrx_word' id='word_1_752' title='bbox 1488 1816 1509 1848; x_wconf 79' lang='lat' dir='ltr'><strong>l,</strong></span> <span class='ocrx_word' id='word_1_753' title='bbox 1524 1823 1549 1850; x_wconf 90' lang='lat' dir='ltr'><strong>p.</strong></span> <span class='ocrx_word' id='word_1_754' title='bbox 1573 1816 1623 1843; x_wconf 66' lang='grc'><strong>174</strong></span> <span class='ocrx_word' id='word_1_755' title='bbox 1641 1816 1745 1842; x_wconf 86' lang='lat' dir='ltr'><strong>videas.</strong></span> 
     </span>
    </p>
   </div>
   <div class='ocr_carea' id='block_1_107' title="bbox 958 1854 1747 1891">
    <p class='ocr_par' dir='ltr' id='par_1_107' title="bbox 958 1854 1747 1891">
     <span class='ocr_line' id='line_1_107' title="bbox 958 1854 1747 1891; baseline 0.001 -9"><span class='ocrx_word' id='word_1_756' title='bbox 958 1855 1062 1882; x_wconf 83' lang='lat' dir='ltr'><strong>Notitia</strong></span> <span class='ocrx_word' id='word_1_757' title='bbox 1078 1856 1142 1888; x_wconf 86' lang='lat' dir='ltr'><strong>imp.</strong></span> <span class='ocrx_word' id='word_1_758' title='bbox 1161 1854 1274 1886; x_wconf 74' lang='lat' dir='ltr'><strong>0rirnt.,</strong></span> <span class='ocrx_word' id='word_1_759' title='bbox 1287 1863 1311 1883; x_wconf 90' lang='lat' dir='ltr'><strong>c.</strong></span> <span class='ocrx_word' id='word_1_760' title='bbox 1324 1855 1336 1882; x_wconf 87' lang='grc'><strong>1</strong></span> <span class='ocrx_word' id='word_1_761' title='bbox 1351 1863 1431 1882; x_wconf 90' lang='lat' dir='ltr'><strong>unam</strong></span> <span class='ocrx_word' id='word_1_762' title='bbox 1444 1863 1549 1891; x_wconf 88' lang='lat' dir='ltr'><strong>quoque</strong></span> <span class='ocrx_word' id='word_1_763' title='bbox 1561 1856 1645 1883; x_wconf 89' lang='lat' dir='ltr'><strong>novit.</strong></span> <span class='ocrx_word' id='word_1_764' title='bbox 1664 1855 1747 1883; x_wconf 80' lang='lat' dir='ltr'><strong>Secta</strong></span> 
     </span>
    </p>
   </div>
   <div class='ocr_carea' id='block_1_108' title="bbox 957 1896 1745 1932">
    <p class='ocr_par' dir='ltr' id='par_1_108' title="bbox 957 1896 1745 1932">
     <span class='ocr_line' id='line_1_108' title="bbox 957 1896 1745 1932; baseline 0.003 -9"><span class='ocrx_word' id='word_1_765' title='bbox 957 1902 1049 1932; x_wconf 81' lang='lat' dir='ltr'><strong>postea</strong></span> <span class='ocrx_word' id='word_1_766' title='bbox 1063 1897 1089 1923; x_wconf 93' lang='lat' dir='ltr'><strong>in</strong></span> <span class='ocrx_word' id='word_1_767' title='bbox 1104 1897 1171 1923; x_wconf 81' lang='lat' dir='ltr'><strong>duas</strong></span> <span class='ocrx_word' id='word_1_768' title='bbox 1193 1902 1244 1928; x_wconf 87' lang='lat' dir='ltr'><strong>est.</strong></span> <span class='ocrx_word' id='word_1_769' title='bbox 1267 1905 1381 1932; x_wconf 88' lang='lat' dir='ltr'><strong>quarum</strong></span> <span class='ocrx_word' id='word_1_770' title='bbox 1406 1896 1572 1924; x_wconf 81' lang='lat' dir='ltr'><strong>Justiniauus</strong></span> <span class='ocrx_word' id='word_1_771' title='bbox 1586 1898 1681 1925; x_wconf 90' lang='lat' dir='ltr'><strong>Edicto</strong></span> <span class='ocrx_word' id='word_1_772' title='bbox 1700 1898 1745 1931; x_wconf 78' lang='lat'><strong>13,</strong></span> 
     </span>
    </p>
   </div>
   <div class='ocr_carea' id='block_1_109' title="bbox 965 1938 1570 1972">
    <p class='ocr_par' dir='ltr' id='par_1_109' title="bbox 965 1938 1570 1972">
     <span class='ocr_line' id='line_1_109' title="bbox 965 1938 1570 1972; baseline 0.003 -8"><span class='ocrx_word' id='word_1_773' title='bbox 965 1946 989 1964; x_wconf 89' lang='lat' dir='ltr'><strong>e.</strong></span> <span class='ocrx_word' id='word_1_774' title='bbox 1003 1938 1047 1970; x_wconf 81' lang='lat'><strong>‘21,</strong></span> <span class='ocrx_word' id='word_1_775' title='bbox 1063 1938 1221 1972; x_wconf 67' lang='lat' dir='ltr'><strong>praesidibus</strong></span> <span class='ocrx_word' id='word_1_776' title='bbox 1236 1938 1417 1971; x_wconf 84' lang='lat' dir='ltr'><strong>sululitarum,</strong></span> <span class='ocrx_word' id='word_1_777' title='bbox 1436 1939 1570 1966; x_wconf 88' lang='lat' dir='ltr'><strong>meminit.</strong></span> 
     </span>
    </p>
   </div>
   <div class='ocr_carea' id='block_1_110' title="bbox 992 1979 1744 2017">
    <p class='ocr_par' dir='ltr' id='par_1_110' title="bbox 992 1979 1744 2017">
     <span class='ocr_line' id='line_1_110' title="bbox 992 1979 1744 2017; baseline 0.003 -11"><span class='ocrx_word' id='word_1_778' title='bbox 992 1979 1062 2006; x_wconf 84' lang='lat' dir='ltr'><strong>Ibid.</strong></span> <span class='ocrx_word' id='word_1_779' title='bbox 1091 1979 1229 2014; x_wconf 79' lang='grc' dir='ltr'><strong>Ἐρμούη.</strong></span> <span class='ocrx_word' id='word_1_780' title='bbox 1249 1979 1287 2006; x_wconf 90' lang='lat' dir='ltr'><strong>Ita</strong></span> <span class='ocrx_word' id='word_1_781' title='bbox 1301 1988 1351 2007; x_wconf 90' lang='lat' dir='ltr'><strong>ms.</strong></span> <span class='ocrx_word' id='word_1_782' title='bbox 1373 1979 1524 2010; x_wconf 80' lang='lat' dir='ltr'><strong>Leidensis.</strong></span> <span class='ocrx_word' id='word_1_783' title='bbox 1549 1981 1592 2007; x_wconf 88' lang='lat' dir='ltr'><strong>alii</strong></span> <span class='ocrx_word' id='word_1_784' title='bbox 1624 1981 1744 2017; x_wconf 75' lang='grc' dir='ltr'><strong>Ἑρμάη,</strong></span> 
     </span>
    </p>
   </div>
   <div class='ocr_carea' id='block_1_111' title="bbox 957 2021 1745 2058">
    <p class='ocr_par' dir='ltr' id='par_1_111' title="bbox 957 2021 1745 2058">
     <span class='ocr_line' id='line_1_111' title="bbox 957 2021 1745 2058; baseline 0.003 -11"><span class='ocrx_word' id='word_1_785' title='bbox 957 2021 1029 2048; x_wconf 84' lang='lat' dir='ltr'><strong>male</strong></span> <span class='ocrx_word' id='word_1_786' title='bbox 1042 2029 1146 2048; x_wconf 88' lang='lat' dir='ltr'><strong>omnes.</strong></span> <span class='ocrx_word' id='word_1_787' title='bbox 1176 2021 1358 2058; x_wconf 85' lang='grc' dir='ltr'><strong>Ἐρμούπολις</strong></span> <span class='ocrx_word' id='word_1_788' title='bbox 1380 2030 1444 2049; x_wconf 87' lang='lat' dir='ltr'><strong>vero</strong></span> <span class='ocrx_word' id='word_1_789' title='bbox 1458 2023 1567 2049; x_wconf 80' lang='lat' dir='ltr'><strong>nomine</strong></span> <span class='ocrx_word' id='word_1_790' title='bbox 1581 2022 1631 2053; x_wconf 84' lang='lat' dir='ltr'><strong>luit</strong></span> <span class='ocrx_word' id='word_1_791' title='bbox 1641 2043 1648 2054; x_wconf 83' lang='lat'><strong>,</strong></span> <span class='ocrx_word' id='word_1_792' title='bbox 1665 2031 1745 2058; x_wconf 86' lang='lat' dir='ltr'><strong>quam</strong></span> 
     </span>
    </p>
   </div>
   <div class='ocr_carea' id='block_1_112' title="bbox 959 2063 1747 2099">
    <p class='ocr_par' dir='ltr' id='par_1_112' title="bbox 959 2063 1747 2099">
     <span class='ocr_line' id='line_1_112' title="bbox 959 2063 1747 2099; baseline 0.003 -10"><span class='ocrx_word' id='word_1_793' title='bbox 959 2063 1082 2099; x_wconf 79' lang='grc' dir='ltr'><strong>μεγάλην</strong></span> <span class='ocrx_word' id='word_1_794' title='bbox 1102 2064 1245 2096; x_wconf 87' lang='lat' dir='ltr'><strong>vocabant,</strong></span> <span class='ocrx_word' id='word_1_795' title='bbox 1271 2068 1300 2091; x_wconf 92' lang='lat' dir='ltr'><strong>ut</strong></span> <span class='ocrx_word' id='word_1_796' title='bbox 1312 2064 1346 2091; x_wconf 87' lang='lat' dir='ltr'><strong>ab</strong></span> <span class='ocrx_word' id='word_1_797' title='bbox 1371 2064 1466 2096; x_wconf 88' lang='lat' dir='ltr'><strong>altera,</strong></span> <span class='ocrx_word' id='word_1_798' title='bbox 1489 2072 1569 2098; x_wconf 88' lang='lat' dir='ltr'><strong>quam</strong></span> <span class='ocrx_word' id='word_1_799' title='bbox 1586 2071 1666 2098; x_wconf 88' lang='lat' dir='ltr'><strong>supra</strong></span> <span class='ocrx_word' id='word_1_800' title='bbox 1684 2065 1747 2092; x_wconf 76' lang='lat' dir='ltr'><strong>leti-</strong></span> 
     </span>
    </p>
   </div>
   <div class='ocr_carea' id='block_1_113' title="bbox 957 2104 1747 2140">
    <p class='ocr_par' dir='ltr' id='par_1_113' title="bbox 957 2104 1747 2140">
     <span class='ocr_line' id='line_1_113' title="bbox 957 2104 1747 2140; baseline 0 -8"><span class='ocrx_word' id='word_1_801' title='bbox 957 2105 1056 2140; x_wconf 77' lang='lat' dir='ltr'><strong>gimus,</strong></span> <span class='ocrx_word' id='word_1_802' title='bbox 1082 2105 1264 2132; x_wconf 86' lang='lat' dir='ltr'><strong>dicernerent.</strong></span> <span class='ocrx_word' id='word_1_803' title='bbox 1289 2104 1445 2132; x_wconf 87' lang='lat' dir='ltr'><strong>Gennadius</strong></span> <span class='ocrx_word' id='word_1_804' title='bbox 1465 2105 1673 2140; x_wconf 80' lang='grc' dir='ltr'><strong>Ἐρμουπόλεως</strong></span> <span class='ocrx_word' id='word_1_805' title='bbox 1701 2114 1747 2140; x_wconf 74' lang='lat' dir='ltr'><strong>ps-</strong></span> 
     </span>
    </p>
   </div>
   <div class='ocr_carea' id='block_1_114' title="bbox 958 2145 1748 2182">
    <p class='ocr_par' dir='ltr' id='par_1_114' title="bbox 958 2145 1748 2182">
     <span class='ocr_line' id='line_1_114' title="bbox 958 2145 1748 2182; baseline 0 -8"><span class='ocrx_word' id='word_1_806' title='bbox 958 2147 1044 2182; x_wconf 81' lang='grc' dir='ltr'>γάλης</span> <span class='ocrx_word' id='word_1_807' title='bbox 1059 2147 1145 2174; x_wconf 84' lang='lat' dir='ltr'><strong>adfuit</strong></span> <span class='ocrx_word' id='word_1_808' title='bbox 1159 2145 1312 2181; x_wconf 66' lang='lat' dir='ltr'><strong>Ephesinte</strong></span> <span class='ocrx_word' id='word_1_809' title='bbox 1332 2147 1458 2174; x_wconf 73' lang='lat' dir='ltr'><strong>secundm</strong></span> <span class='ocrx_word' id='word_1_810' title='bbox 1479 2147 1581 2182; x_wconf 82' lang='lat' dir='ltr'><strong>synodo</strong></span> <span class='ocrx_word' id='word_1_811' title='bbox 1594 2167 1601 2181; x_wconf 87' lang='lat'><strong>,</strong></span> <span class='ocrx_word' id='word_1_812' title='bbox 1615 2152 1708 2181; x_wconf 88' lang='lat' dir='ltr'><strong>estque</strong></span> <span class='ocrx_word' id='word_1_813' title='bbox 1721 2148 1748 2174; x_wconf 92' lang='lat' dir='ltr'><strong>in</strong></span> 
     </span>
    </p>
   </div>
   <div class='ocr_carea' id='block_1_115' title="bbox 959 2187 1747 2222">
    <p class='ocr_par' dir='ltr' id='par_1_115' title="bbox 959 2187 1747 2222">
     <span class='ocr_line' id='line_1_115' title="bbox 959 2187 1747 2222; baseline -0.001 -6"><span class='ocrx_word' id='word_1_814' title='bbox 959 2188 1183 2218; x_wconf 78' lang='lat' dir='ltr'><strong>Chalcedonenli.</strong></span> <span class='ocrx_word' id='word_1_815' title='bbox 1198 2194 1225 2222; x_wconf 91' lang='lat' dir='ltr'><strong>p.</strong></span> <span class='ocrx_word' id='word_1_816' title='bbox 1242 2187 1303 2214; x_wconf 69' lang='lat'><strong>127.</strong></span> <span class='ocrx_word' id='word_1_817' title='bbox 1322 2188 1387 2215; x_wconf 85' lang='lat' dir='ltr'><strong>Vide</strong></span> <span class='ocrx_word' id='word_1_818' title='bbox 1402 2187 1466 2215; x_wconf 75' lang='lat' dir='ltr'><strong>Itin.</strong></span> <span class='ocrx_word' id='word_1_819' title='bbox 1489 2188 1564 2221; x_wconf 76' lang='lat' dir='ltr'><strong>Ant.,</strong></span> <span class='ocrx_word' id='word_1_820' title='bbox 1580 2195 1605 2222; x_wconf 89' lang='lat' dir='ltr'><strong>p.</strong></span> <span class='ocrx_word' id='word_1_821' title='bbox 1620 2188 1682 2216; x_wconf 78' lang='grc'><strong>127.</strong></span> <span class='ocrx_word' id='word_1_822' title='bbox 1698 2188 1747 2215; x_wconf 68' lang='lat' dir='ltr'><strong>Se-</strong></span> 
     </span>
    </p>
   </div>
   <div class='ocr_carea' id='block_1_116' title="bbox 959 2228 1412 2265">
    <p class='ocr_par' dir='ltr' id='par_1_116' title="bbox 959 2228 1412 2265">
     <span class='ocr_line' id='line_1_116' title="bbox 959 2228 1412 2265; baseline 0 -9"><span class='ocrx_word' id='word_1_823' title='bbox 959 2234 1086 2265; x_wconf 90' lang='lat' dir='ltr'><strong>quentem</strong></span> <span class='ocrx_word' id='word_1_824' title='bbox 1103 2228 1192 2263; x_wconf 78' lang='lat' dir='ltr'><strong>legere</strong></span> <span class='ocrx_word' id='word_1_825' title='bbox 1207 2235 1260 2255; x_wconf 90' lang='lat' dir='ltr'><strong>non</strong></span> <span class='ocrx_word' id='word_1_826' title='bbox 1276 2229 1412 2257; x_wconf 88' lang='lat' dir='ltr'><strong>recordor.</strong></span> 
     </span>
    </p>
   </div>
   <div class='ocr_carea' id='block_1_117' title="bbox 995 2268 1748 2304">
    <p class='ocr_par' dir='ltr' id='par_1_117' title="bbox 995 2268 1748 2304">
     <span class='ocr_line' id='line_1_117' title="bbox 995 2268 1748 2304; baseline -0.001 -6"><span class='ocrx_word' id='word_1_827' title='bbox 995 2271 1063 2298; x_wconf 91' lang='lat' dir='ltr'><strong>Ibid.</strong></span> <span class='ocrx_word' id='word_1_828' title='bbox 1079 2269 1209 2296; x_wconf 80' lang='grc' dir='ltr'><strong>Ἀντινώ.</strong></span> <span class='ocrx_word' id='word_1_829' title='bbox 1236 2268 1282 2296; x_wconf 82' lang='lat' dir='ltr'><strong>Sic</strong></span> <span class='ocrx_word' id='word_1_830' title='bbox 1299 2274 1324 2296; x_wconf 85' lang='lat' dir='ltr'><strong>et</strong></span> <span class='ocrx_word' id='word_1_831' title='bbox 1343 2269 1467 2298; x_wconf 72' lang='lat' dir='ltr'><strong>Moschus</strong></span> <span class='ocrx_word' id='word_1_832' title='bbox 1491 2270 1519 2298; x_wconf 89' lang='lat' dir='ltr'><strong>in</strong></span> <span class='ocrx_word' id='word_1_833' title='bbox 1535 2269 1614 2298; x_wconf 79' lang='lat' dir='ltr'><strong>Prat.</strong></span> <span class='ocrx_word' id='word_1_834' title='bbox 1638 2270 1748 2304; x_wconf 84' lang='lat' dir='ltr'><strong>Spirit.,</strong></span> 
     </span>
    </p>
   </div>
   <div class='ocr_carea' id='block_1_118' title="bbox 960 2309 1751 2344">
    <p class='ocr_par' dir='ltr' id='par_1_118' title="bbox 960 2309 1751 2344">
     <span class='ocr_line' id='line_1_118' title="bbox 960 2309 1751 2344; baseline -0.004 -3"><span class='ocrx_word' id='word_1_835' title='bbox 960 2321 985 2341; x_wconf 89' lang='lat' dir='ltr'><strong>c.</strong></span> <span class='ocrx_word' id='word_1_836' title='bbox 1003 2319 1095 2339; x_wconf 77' lang='lat' dir='ltr'><strong>xxxvn</strong></span> <span class='ocrx_word' id='word_1_837' title='bbox 1111 2315 1139 2337; x_wconf 89' lang='lat' dir='ltr'><strong>et</strong></span> <span class='ocrx_word' id='word_1_838' title='bbox 1155 2310 1270 2337; x_wconf 81' lang='lat' dir='ltr'><strong>Ruﬁnus</strong></span> <span class='ocrx_word' id='word_1_839' title='bbox 1283 2310 1309 2337; x_wconf 89' lang='lat' dir='ltr'><strong>iu</strong></span> <span class='ocrx_word' id='word_1_840' title='bbox 1327 2309 1380 2337; x_wconf 79' lang='grc' dir='ltr'><strong>γιι.</strong></span> <span class='ocrx_word' id='word_1_841' title='bbox 1404 2315 1534 2344; x_wconf 66' lang='lat' dir='ltr'><strong>Patrum,</strong></span> <span class='ocrx_word' id='word_1_842' title='bbox 1558 2320 1583 2339; x_wconf 85' lang='lat' dir='ltr'><strong>c.</strong></span> <span class='ocrx_word' id='word_1_843' title='bbox 1599 2312 1633 2338; x_wconf 73' lang='lat'><strong>12</strong></span> <span class='ocrx_word' id='word_1_844' title='bbox 1649 2320 1656 2339; x_wconf 89' lang='lat'>:</span> <span class='ocrx_word' id='word_1_845' title='bbox 1678 2312 1751 2338; x_wconf 83' lang='lat' dir='ltr'><strong>Vidi-</strong></span> 
     </span>
    </p>
   </div>
   <div class='ocr_carea' id='block_1_119' title="bbox 959 2352 1749 2388">
    <p class='ocr_par' dir='ltr' id='par_1_119' title="bbox 959 2352 1749 2388">
     <span class='ocr_line' id='line_1_119' title="bbox 959 2352 1749 2388; baseline -0.003 -7"><span class='ocrx_word' id='word_1_846' title='bbox 959 2362 1017 2381; x_wconf 74' lang='lat' dir='ltr'><strong>mus</strong></span> <span class='ocrx_word' id='word_1_847' title='bbox 1033 2358 1058 2380; x_wconf 85' lang='lat' dir='ltr'><strong>et</strong></span> <span class='ocrx_word' id='word_1_848' title='bbox 1075 2352 1160 2379; x_wconf 85' lang='lat' dir='ltr'><strong>alium</strong></span> <span class='ocrx_word' id='word_1_849' title='bbox 1181 2359 1268 2378; x_wconf 72' lang='lat' dir='ltr'><strong>senem</strong></span> <span class='ocrx_word' id='word_1_850' title='bbox 1285 2355 1465 2388; x_wconf 67' lang='lat' dir='ltr'><strong>venerabilem,</strong></span> <span class='ocrx_word' id='word_1_851' title='bbox 1493 2353 1579 2380; x_wconf 86' lang='lat' dir='ltr'><strong>Eliam</strong></span> <span class='ocrx_word' id='word_1_852' title='bbox 1596 2353 1710 2386; x_wconf 79' lang='lat' dir='ltr'><strong>nomine,</strong></span> <span class='ocrx_word' id='word_1_853' title='bbox 1722 2354 1749 2380; x_wconf 83' lang='lat' dir='ltr'><strong>in</strong></span> 
     </span>
    </p>
   </div>
   <div class='ocr_carea' id='block_1_120' title="bbox 960 2392 1751 2429">
    <p class='ocr_par' dir='ltr' id='par_1_120' title="bbox 960 2392 1751 2429">
     <span class='ocr_line' id='line_1_120' title="bbox 960 2392 1751 2429; baseline -0.003 -7"><span class='ocrx_word' id='word_1_854' title='bbox 960 2395 1057 2429; x_wconf 78' lang='lat' dir='ltr'><strong>ﬁnibus</strong></span> <span class='ocrx_word' id='word_1_855' title='bbox 1072 2393 1185 2421; x_wconf 69' lang='lat' dir='ltr'><strong>ciuitatis</strong></span> <span class='ocrx_word' id='word_1_856' title='bbox 1197 2392 1305 2425; x_wconf 80' lang='lat' dir='ltr'><strong>Antino,</strong></span> <span class='ocrx_word' id='word_1_857' title='bbox 1317 2400 1376 2420; x_wconf 74' lang='lat' dir='ltr'><strong>autr</strong></span> <span class='ocrx_word' id='word_1_858' title='bbox 1388 2399 1424 2420; x_wconf 70' lang='lat' dir='ltr'><strong>est</strong></span> <span class='ocrx_word' id='word_1_859' title='bbox 1435 2395 1582 2429; x_wconf 79' lang='lat' dir='ltr'><strong>metropolis</strong></span> <span class='ocrx_word' id='word_1_860' title='bbox 1599 2394 1751 2423; x_wconf 72' lang='lat' dir='ltr'><strong>Thebaidis.</strong></span> 
     </span>
    </p>
   </div>
   <div class='ocr_carea' id='block_1_121' title="bbox 961 2433 1750 2466">
    <p class='ocr_par' dir='ltr' id='par_1_121' title="bbox 961 2433 1750 2466">
     <span class='ocr_line' id='line_1_121' title="bbox 961 2433 1750 2466; baseline -0.004 -2"><span class='ocrx_word' id='word_1_861' title='bbox 961 2437 1097 2464; x_wconf 84' lang='lat' dir='ltr'><strong>Palladius</strong></span> <span class='ocrx_word' id='word_1_862' title='bbox 1123 2435 1196 2462; x_wconf 77' lang='lat' dir='ltr'><strong>Hist.</strong></span> <span class='ocrx_word' id='word_1_863' title='bbox 1225 2433 1321 2466; x_wconf 51' lang='lat' dir='ltr'><strong>Laus”</strong></span> <span class='ocrx_word' id='word_1_864' title='bbox 1349 2441 1372 2461; x_wconf 92' lang='lat' dir='ltr'><strong>c.</strong></span> <span class='ocrx_word' id='word_1_865' title='bbox 1403 2443 1491 2463; x_wconf 66' lang='lat' dir='ltr'><strong>Laxxv</strong></span> <span class='ocrx_word' id='word_1_866' title='bbox 1507 2441 1530 2462; x_wconf 88' lang='lat' dir='ltr'><strong>et</strong></span> <span class='ocrx_word' id='word_1_867' title='bbox 1547 2443 1656 2462; x_wconf 75' lang='lat' dir='ltr'><strong>Lxxxvn</strong></span> <span class='ocrx_word' id='word_1_868' title='bbox 1672 2436 1750 2462; x_wconf 77' lang='grc' dir='ltr'><strong>πόλιν</strong></span> 
     </span>
    </p>
   </div>
   <div class='ocr_carea' id='block_1_122' title="bbox 960 2476 1661 2512">
    <p class='ocr_par' dir='ltr' id='par_1_122' title="bbox 960 2476 1661 2512">
     <span class='ocr_line' id='line_1_122' title="bbox 960 2476 1661 2512; baseline -0.001 -7"><span class='ocrx_word' id='word_1_869' title='bbox 960 2479 1096 2506; x_wconf 80' lang='grc' dir='ltr'><strong>’Λντινόου</strong></span> <span class='ocrx_word' id='word_1_870' title='bbox 1115 2481 1204 2504; x_wconf 89' lang='lat' dir='ltr'><strong>vocat.</strong></span> <span class='ocrx_word' id='word_1_871' title='bbox 1220 2476 1300 2503; x_wconf 86' lang='lat' dir='ltr'><strong>Plura</strong></span> <span class='ocrx_word' id='word_1_872' title='bbox 1321 2477 1353 2503; x_wconf 85' lang='lat' dir='ltr'><strong>ad</strong></span> <span class='ocrx_word' id='word_1_873' title='bbox 1373 2476 1437 2503; x_wconf 86' lang='lat' dir='ltr'><strong>ltm.</strong></span> <span class='ocrx_word' id='word_1_874' title='bbox 1454 2477 1517 2504; x_wconf 79' lang='lat' dir='ltr'><strong>Ant.</strong></span> <span class='ocrx_word' id='word_1_875' title='bbox 1529 2496 1537 2508; x_wconf 86' lang='lat'><strong>,</strong></span> <span class='ocrx_word' id='word_1_876' title='bbox 1556 2485 1582 2512; x_wconf 88' lang='lat' dir='ltr'><strong>p.</strong></span> <span class='ocrx_word' id='word_1_877' title='bbox 1600 2478 1661 2504; x_wconf 85' lang='lat'><strong>167.</strong></span> 
     </span>
    </p>
   </div>
   <div class='ocr_carea' id='block_1_123' title="bbox 996 2518 1752 2548">
    <p class='ocr_par' dir='ltr' id='par_1_123' title="bbox 996 2518 1752 2548">
     <span class='ocr_line' id='line_1_123' title="bbox 996 2518 1752 2548; baseline -0.001 -1"><span class='ocrx_word' id='word_1_878' title='bbox 996 2520 1064 2548; x_wconf 82' lang='lat' dir='ltr'><strong>Ibid.</strong></span> <span class='ocrx_word' id='word_1_879' title='bbox 1089 2519 1246 2546; x_wconf 82' lang='grc' dir='ltr'><strong>Ἀκούασα.</strong></span> <span class='ocrx_word' id='word_1_880' title='bbox 1266 2519 1305 2546; x_wconf 89' lang='lat' dir='ltr'><strong>Ita</strong></span> <span class='ocrx_word' id='word_1_881' title='bbox 1330 2519 1436 2546; x_wconf 65' lang='lat' dir='ltr'><strong>scholia:</strong></span> <span class='ocrx_word' id='word_1_882' title='bbox 1455 2518 1607 2547; x_wconf 79' lang='lat' dir='ltr'><strong>Leidenses.</strong></span> <span class='ocrx_word' id='word_1_883' title='bbox 1635 2519 1752 2546; x_wconf 86' lang='lat' dir='ltr'><strong>Ilolstei-</strong></span> 
     </span>
    </p>
   </div>
   <div class='ocr_carea' id='block_1_124' title="bbox 963 2561 1750 2597">
    <p class='ocr_par' dir='ltr' id='par_1_124' title="bbox 963 2561 1750 2597">
     <span class='ocr_line' id='line_1_124' title="bbox 963 2561 1750 2597; baseline -0.004 -6"><span class='ocrx_word' id='word_1_884' title='bbox 963 2564 1023 2591; x_wconf 90' lang='lat' dir='ltr'><strong>nius</strong></span> <span class='ocrx_word' id='word_1_885' title='bbox 1039 2562 1166 2590; x_wconf 80' lang='grc' dir='ltr'><strong>Φάκουσα</strong></span> <span class='ocrx_word' id='word_1_886' title='bbox 1181 2562 1316 2592; x_wconf 82' lang='lat' dir='ltr'><strong>emendat.</strong></span> <span class='ocrx_word' id='word_1_887' title='bbox 1331 2567 1357 2588; x_wconf 87' lang='lat' dir='ltr'><strong>et</strong></span> <span class='ocrx_word' id='word_1_888' title='bbox 1372 2569 1424 2588; x_wconf 90' lang='lat' dir='ltr'><strong>ms.</strong></span> <span class='ocrx_word' id='word_1_889' title='bbox 1439 2562 1530 2593; x_wconf 79' lang='grc' dir='ltr'><strong>Κασος</strong></span> <span class='ocrx_word' id='word_1_890' title='bbox 1550 2561 1639 2597; x_wconf 72' lang='lat' dir='ltr'><strong>legere</strong></span> <span class='ocrx_word' id='word_1_891' title='bbox 1654 2562 1750 2588; x_wconf 88' lang='lat' dir='ltr'><strong>admo-</strong></span> 
     </span>
    </p>
   </div>
   <div class='ocr_carea' id='block_1_125' title="bbox 963 2603 1748 2638">
    <p class='ocr_par' dir='ltr' id='par_1_125' title="bbox 963 2603 1748 2638">
     <span class='ocr_line' id='line_1_125' title="bbox 963 2603 1748 2638; baseline -0.004 -6"><span class='ocrx_word' id='word_1_892' title='bbox 963 2610 1028 2638; x_wconf 87' lang='lat' dir='ltr'><strong>net;</strong></span> <span class='ocrx_word' id='word_1_893' title='bbox 1054 2604 1097 2631; x_wconf 91' lang='lat' dir='ltr'><strong>cui</strong></span> <span class='ocrx_word' id='word_1_894' title='bbox 1124 2603 1275 2637; x_wconf 88' lang='lat' dir='ltr'><strong>astipulari,</strong></span> <span class='ocrx_word' id='word_1_895' title='bbox 1314 2603 1365 2630; x_wconf 89' lang='lat' dir='ltr'><strong>etsi</strong></span> <span class='ocrx_word' id='word_1_896' title='bbox 1390 2609 1552 2637; x_wconf 76' lang='lat' dir='ltr'><strong>magnopere</strong></span> <span class='ocrx_word' id='word_1_897' title='bbox 1576 2603 1668 2635; x_wconf 89' lang='lat' dir='ltr'><strong>velim,</strong></span> <span class='ocrx_word' id='word_1_898' title='bbox 1693 2610 1748 2629; x_wconf 89' lang='lat' dir='ltr'><strong>non</strong></span> 
     </span>
    </p>
   </div>
   <div class='ocr_carea' id='block_1_126' title="bbox 962 2643 1752 2682">
    <p class='ocr_par' dir='ltr' id='par_1_126' title="bbox 962 2643 1752 2682">
     <span class='ocr_line' id='line_1_126' title="bbox 962 2643 1752 2682; baseline -0.003 -10"><span class='ocrx_word' id='word_1_899' title='bbox 962 2654 1083 2682; x_wconf 69' lang='lat' dir='ltr'><strong>possunt.</strong></span> <span class='ocrx_word' id='word_1_900' title='bbox 1102 2645 1222 2671; x_wconf 74' lang='lat' dir='ltr'><strong>Phacusa</strong></span> <span class='ocrx_word' id='word_1_901' title='bbox 1243 2645 1318 2671; x_wconf 84' lang='lat' dir='ltr'><strong>vicus</strong></span> <span class='ocrx_word' id='word_1_902' title='bbox 1343 2648 1413 2675; x_wconf 90' lang='lat' dir='ltr'><strong>erat,</strong></span> <span class='ocrx_word' id='word_1_903' title='bbox 1439 2643 1578 2678; x_wconf 84' lang='lat' dir='ltr'><strong>Stephano</strong></span> <span class='ocrx_word' id='word_1_904' title='bbox 1600 2649 1678 2675; x_wconf 70' lang='lat' dir='ltr'><strong>teste,</strong></span> <span class='ocrx_word' id='word_1_905' title='bbox 1703 2643 1752 2670; x_wconf 69' lang='lat' dir='ltr'><strong>Af.-</strong></span> 
     </span>
    </p>
   </div>
   <div class='ocr_carea' id='block_1_127' title="bbox 963 2685 1752 2723">
    <p class='ocr_par' dir='ltr' id='par_1_127' title="bbox 963 2685 1752 2723">
     <span class='ocr_line' id='line_1_127' title="bbox 963 2685 1752 2723; baseline -0.001 -11"><span class='ocrx_word' id='word_1_906' title='bbox 963 2693 1072 2723; x_wconf 74' lang='lat' dir='ltr'><strong>gyptum</strong></span> <span class='ocrx_word' id='word_1_907' title='bbox 1100 2687 1174 2713; x_wconf 68' lang='lat' dir='ltr'><strong>inter</strong></span> <span class='ocrx_word' id='word_1_908' title='bbox 1194 2691 1221 2713; x_wconf 90' lang='lat' dir='ltr'><strong>et</strong></span> <span class='ocrx_word' id='word_1_909' title='bbox 1238 2685 1382 2713; x_wconf 83' lang='lat' dir='ltr'><strong>Arabieum</strong></span> <span class='ocrx_word' id='word_1_910' title='bbox 1407 2692 1493 2717; x_wconf 89' lang='lat' dir='ltr'><strong>mare,</strong></span> <span class='ocrx_word' id='word_1_911' title='bbox 1519 2685 1588 2718; x_wconf 88' lang='lat' dir='ltr'><strong>sive,</strong></span> <span class='ocrx_word' id='word_1_912' title='bbox 1611 2690 1639 2712; x_wconf 87' lang='lat' dir='ltr'><strong>ut</strong></span> <span class='ocrx_word' id='word_1_913' title='bbox 1663 2685 1752 2712; x_wconf 80' lang='lat' dir='ltr'><strong>Ptole-</strong></span> 
     </span>
    </p>
   </div>
   <div class='ocr_carea' id='block_1_128' title="bbox 965 2726 1753 2762">
    <p class='ocr_par' dir='ltr' id='par_1_128' title="bbox 965 2726 1753 2762">
     <span class='ocr_line' id='line_1_128' title="bbox 965 2726 1753 2762; baseline -0.005 -6"><span class='ocrx_word' id='word_1_914' title='bbox 965 2737 1058 2761; x_wconf 77' lang='lat' dir='ltr'><strong>nueus,</strong></span> <span class='ocrx_word' id='word_1_915' title='bbox 1089 2727 1247 2762; x_wconf 82' lang='lat' dir='ltr'><strong>metropolis</strong></span> <span class='ocrx_word' id='word_1_916' title='bbox 1264 2727 1334 2753; x_wconf 85' lang='lat' dir='ltr'><strong>uomi</strong></span> <span class='ocrx_word' id='word_1_917' title='bbox 1356 2726 1474 2754; x_wconf 65' lang='lat' dir='ltr'><strong>Arabiae.</strong></span> <span class='ocrx_word' id='word_1_918' title='bbox 1498 2727 1630 2753; x_wconf 65' lang='lat' dir='ltr'><strong>Prmterea</strong></span> <span class='ocrx_word' id='word_1_919' title='bbox 1655 2727 1753 2754; x_wconf 87' lang='lat' dir='ltr'><strong>Strabo</strong></span> 
     </span>
    </p>
   </div>
   <div class='ocr_carea' id='block_1_129' title="bbox 965 2768 1754 2805">
    <p class='ocr_par' dir='ltr' id='par_1_129' title="bbox 965 2768 1754 2805">
     <span class='ocr_line' id='line_1_129' title="bbox 965 2768 1754 2805; baseline -0.004 -7"><span class='ocrx_word' id='word_1_920' title='bbox 965 2779 1012 2803; x_wconf 87' lang='lat' dir='ltr'><strong>vtt,</strong></span> <span class='ocrx_word' id='word_1_921' title='bbox 1027 2771 1120 2805; x_wconf 81' lang='lat' dir='ltr'><strong>p.805</strong></span> <span class='ocrx_word' id='word_1_922' title='bbox 1151 2770 1228 2797; x_wconf 67' lang='lat' dir='ltr'><strong>fossae</strong></span> <span class='ocrx_word' id='word_1_923' title='bbox 1258 2768 1439 2798; x_wconf 67' lang='lat' dir='ltr'><strong>Ptolemaicre.</strong></span> <span class='ocrx_word' id='word_1_924' title='bbox 1464 2775 1524 2802; x_wconf 73' lang='lat' dir='ltr'><strong>qua:</strong></span> <span class='ocrx_word' id='word_1_925' title='bbox 1552 2775 1586 2795; x_wconf 73' lang='lat' dir='ltr'><strong>cx</strong></span> <span class='ocrx_word' id='word_1_926' title='bbox 1610 2768 1754 2795; x_wconf 81' lang='lat' dir='ltr'><strong>Bubustico</strong></span> 
     </span>
    </p>
   </div>
   <div class='ocr_carea' id='block_1_130' title="bbox 965 2808 1753 2844">
    <p class='ocr_par' dir='ltr' id='par_1_130' title="bbox 965 2808 1753 2844">
     <span class='ocr_line' id='line_1_130' title="bbox 965 2808 1753 2844; baseline -0.005 -5"><span class='ocrx_word' id='word_1_927' title='bbox 965 2820 1045 2839; x_wconf 90' lang='lat' dir='ltr'><strong>amne</strong></span> <span class='ocrx_word' id='word_1_928' title='bbox 1060 2813 1085 2839; x_wconf 91' lang='lat' dir='ltr'><strong>in</strong></span> <span class='ocrx_word' id='word_1_929' title='bbox 1098 2812 1188 2839; x_wconf 87' lang='lat' dir='ltr'><strong>sinum</strong></span> <span class='ocrx_word' id='word_1_930' title='bbox 1212 2811 1357 2838; x_wconf 86' lang='lat' dir='ltr'><strong>Arabicum</strong></span> <span class='ocrx_word' id='word_1_931' title='bbox 1374 2813 1433 2836; x_wconf 88' lang='lat' dir='ltr'><strong>erat</strong></span> <span class='ocrx_word' id='word_1_932' title='bbox 1448 2809 1575 2844; x_wconf 81' lang='lat' dir='ltr'><strong>perducta</strong></span> <span class='ocrx_word' id='word_1_933' title='bbox 1591 2829 1599 2842; x_wconf 99' lang='lat'><strong>,</strong></span> <span class='ocrx_word' id='word_1_934' title='bbox 1616 2808 1753 2836; x_wconf 83' lang='lat' dir='ltr'><strong>Pbaccusa</strong></span> 
     </span>
    </p>
   </div>
   <div class='ocr_carea' id='block_1_131' title="bbox 967 2850 1754 2888">
    <p class='ocr_par' dir='ltr' id='par_1_131' title="bbox 967 2850 1754 2888">
     <span class='ocr_line' id='line_1_131' title="bbox 967 2850 1754 2888; baseline -0.004 -7"><span class='ocrx_word' id='word_1_935' title='bbox 967 2854 1017 2888; x_wconf 87' lang='lat' dir='ltr'><strong>(sic</strong></span> <span class='ocrx_word' id='word_1_936' title='bbox 1033 2855 1105 2882; x_wconf 87' lang='lat' dir='ltr'><strong>enim</strong></span> <span class='ocrx_word' id='word_1_937' title='bbox 1119 2853 1245 2888; x_wconf 86' lang='lat' dir='ltr'><strong>appellat)</strong></span> <span class='ocrx_word' id='word_1_938' title='bbox 1266 2852 1371 2880; x_wconf 90' lang='lat' dir='ltr'><strong>initium</strong></span> <span class='ocrx_word' id='word_1_939' title='bbox 1389 2858 1449 2879; x_wconf 86' lang='lat' dir='ltr'><strong>esse</strong></span> <span class='ocrx_word' id='word_1_940' title='bbox 1466 2851 1592 2879; x_wconf 85' lang='lat' dir='ltr'><strong>allirmat.</strong></span> <span class='ocrx_word' id='word_1_941' title='bbox 1612 2850 1678 2884; x_wconf 77' lang='lat' dir='ltr'><strong>Quae</strong></span> <span class='ocrx_word' id='word_1_942' title='bbox 1695 2859 1754 2878; x_wconf 77' lang='grc' dir='ltr'><strong>(ιω-</strong></span> 
     </span>
    </p>
   </div>
  </div>
