1911 3071
178 140 246 174 llb3

175 199 258 226 Acaia
280 196 455 227 Marmarica.
478 200 501 227 Ε
527 202 625 236 quibus
651 205 775 233 tnirilicis
800 207 963 235 lectionibus

176 241 286 276 Hispani
302 242 449 276 scriptores
466 244 549 271 multa
564 246 818 282 comminiscuntur,
842 255 869 276 Ill
884 248 964 276 Iaco-

176 284 238 310 lnnn
257 283 325 310 intra
338 291 393 311 sua:
408 285 525 318 regionis
544 286 610 313 lines
626 290 788 316 tumulatnm
807 292 891 318 luisse
907 291 964 317 rin-

175 329 248 352 cant.
264 324 384 352 Mariana
402 333 493 353 arcam
511 329 701 356 marmoricam
717 330 830 366 cllingit,
844 333 869 359 in
882 340 962 367 quam

173 367 292 395 Iacobus
305 367 386 396 fuerit
403 368 502 401 illatus,
523 378 634 403 prorsus
647 391 654 403 ,
675 377 703 399 ut
720 373 752 400 de
776 375 904 402 vocabulo
920 375 965 401 si—

177 410 257 441 leam,
276 414 370 437 contra
386 411 528 444 seriploris
542 417 658 440 mentem
673 422 679 440 :
695 414 763 442 solet
777 416 848 442 enim
863 416 963 447 locum,

176 452 200 479 iu
217 459 271 486 quo
287 452 338 479 viri
359 452 460 487 pietate
481 453 599 481 illustres
621 454 720 482 fuerim
743 457 855 490 sepulti,
879 464 964 492 appo-

176 501 252 521 nere.
279 493 359 521 Aliud
383 501 448 526 ergo
472 494 582 522 Maurus
608 495 744 524 Castellus
770 498 912 525 Ferrarius
937 503 965 525 et

175 534 280 569 Gaspar
299 534 427 563 Sanctius
449 536 732 571 apudtexstructores
760 539 848 574 magni
873 540 964 574 operis

177 577 270 605 Sanct.
289 582 354 605 tom.
369 577 404 604 Vl
425 577 492 612 Jul.,
514 586 542 613 p.
565 579 599 607 Η,
621 580 682 608 inde
704 586 845 614 eruerunt,
860 582 963 617 opinati

176 618 348 646 Tatnaricam
363 623 463 646 rectam
479 627 554 652 esse;
575 621 746 649 Tamaricam
763 627 852 649 autem
868 622 964 650 Gallae-

176 660 225 687 (‘it’e
240 667 301 688 esse
314 665 429 695 partem,
446 668 526 696 quam
545 662 680 691 'I'amarici
703 664 772 699 apud
795 664 892 692 Melam
905 665 932 698 5,
949 665 961 691 I

175 702 241 729 olim
253 703 409 730 habuerunt
425 711 432 735 ;
451 704 521 736 quod
544 705 681 738 posterius
692 710 722 733 ut
735 713 830 734 verum
844 713 905 734 esse
918 707 965 734 de-

176 751 249 776 mus,
266 751 360 778 magna
383 749 472 772 tamen
495 745 643 773 differentia
661 747 732 775 inter
747 747 919 775 Tamaricam
937 752 964 775 et

176 784 365 812 Marmaricam
381 792 440 813 sese
455 785 534 813 olTert
555 795 562 814 :
582 793 608 814 et
621 795 680 822 quae
695 796 757 816 arca
774 789 819 816 illa
835 789 893 817 sive
914 796 963 816 arx

176 826 345 855 'I‘amarica?
371 832 418 854 aut
449 829 493 855 ubi
521 829 630 857 tandem
662 830 755 858 lecta?
781 832 921 860 enimvero
942 832 964 859 si

174 869 293 904 partium
307 869 426 904 seposito
444 871 535 898 studio
554 879 609 899 rem
627 872 713 908 ipsam
733 873 962 906 consideraveris,

177 911 242 946 quid
257 912 342 946 magis
351 911 446 939 lsidori
457 913 546 940 verbis
561 915 793 943 accommodatum
804 923 866 944 esse
877 921 966 950 potest

176 952 263 980 Barce
292 953 477 981 Marmarica?
506 954 662 984 Praesertim
691 965 753 984 cum
787 956 964 992 Freculphus,

176 999 242 1023 tom.
255 995 292 1028 II,
309 995 328 1023 I.
346 1003 376 1028 tt,
393 1003 419 1023 c.
438 996 456 1023 4
475 995 604 1025 Iacobum
626 997 698 1026 intra
715 998 916 1033 Marmaricam,
937 1005 966 1028 et

175 1037 334 1072 Anonymus
351 1038 468 1072 scriptor
483 1039 609 1074 operibus
629 1039 788 1068 (Ecumenii
803 1042 964 1076 praepositus

174 1079 204 1105 ὲν
219 1079 295 1106 πόλει
321 1079 372 1114 τῆς
388 1080 576 1116 Μαρμαρικῆς
598 1081 733 1116 sepultum
759 1081 843 1110 fuisse
862 1083 964 1116 tradat,

174 1120 333 1155 Iibrariique
349 1122 374 1148 in
390 1121 557 1150 MIII'IImI‘lCcB
578 1123 708 1151 vocabulo
730 1131 800 1159 saepe
826 1125 965 1160 peccarint

175 1163 301 1198 turpiter,
328 1167 356 1190 ut
379 1162 435 1191 Jos.
465 1164 599 1192 Simlerus
623 1169 651 1192 et
675 1164 708 1193 II.
732 1167 825 1194 Surita
848 1167 874 1194 in
900 1167 963 1194 Ant.

177 1203 255 1236 Itin.,
273 1212 300 1240 p.
318 1205 351 1232 70
367 1211 541 1234 monuerunt.
557 1206 636 1234 Dices
649 1207 801 1236 Graculum
815 1208 889 1236 illum
903 1217 964 1237 esse

175 1246 275 1274 nullius
301 1245 363 1274 lidei
388 1251 415 1274 et
431 1248 513 1274 multa
542 1255 684 1283 perperam
712 1250 846 1284 miscere;
875 1259 963 1286 neque

174 1294 224 1322 ego
239 1295 373 1323 negavero
389 1297 396 1315 ί
412 1289 480 1316 satis
496 1294 584 1317 tamen
600 1290 701 1317 indicat
712 1290 747 1318 de
761 1290 921 1319 Marmarica
934 1300 964 1320 se

174 1328 276 1364 aliquid
304 1329 481 1362 inaudivisse,
509 1338 562 1358 non
590 1333 622 1359 de
646 1332 800 1365 Tamarica,
823 1341 911 1369 neque
931 1335 964 1362 de

174 1378 236 1398 arca
252 1371 426 1399 marmorica.
449 1372 538 1401 Probe
554 1381 618 1402 vero
645 1373 748 1402 Barcen
771 1375 961 1403 Marmaricam

173 1413 302 1448 appellari
319 1422 398 1441 nemo
416 1415 495 1442 facile
519 1417 668 1450 negaverit,
690 1417 736 1451 qui
757 1416 934 1446 Marmaridas
947 1426 960 1446 a

173 1455 324 1483 Partelonio
355 1457 389 1484 ad
416 1456 509 1494 _Syrtin
538 1465 624 1492 usque
654 1458 784 1494 majorem
821 1465 962 1494 porrectos

173 1496 256 1524 fuisse
271 1504 286 1523 e
305 1497 392 1525 Plinio
408 1491 443 1532 v,’
457 1499 474 1526 5
489 1491 626 1527 didicerit.

207 1537 269 1565 Col.
280 1538 342 1566 156.
361 1540 504 1574 Τεύχημι.
516 1540 572 1568 Imo
584 1541 729 1577 Τεύχειρα.
742 1542 873 1570 Vitiosum
888 1543 963 1571 urbis

173 1581 252 1615 hujus
261 1588 358 1608 nomen
367 1587 408 1609 est
417 1583 444 1610 in
455 1583 571 1610 Diodoro
579 1583 681 1617 Siculo,
690 1592 794 1619 xvnt,p.
803 1585 855 1613 605
865 1595 872 1614 :
883 1586 961 1613 Μετὰ

174 1623 202 1650 δὲ
216 1622 304 1650 ταῦτα
316 1623 473 1660 Θαρσήο-ας,
490 1626 542 1662 καὶ
553 1626 602 1661 τὴν
611 1626 689 1653 πόλιν
699 1626 748 1662 τὴν
758 1626 962 1663 ὀνομαζομένην

171 1665 278 1701 Τάριχα
305 1667 533 1703 ἐκπολιορκήσας.
560 1668 630 1703 Lege
650 1668 803 1704 Τεύχειρα,
831 1677 961 1707 quorsum

172 1714 215 1734 res
231 1708 286 1742 ipsa
300 1713 328 1736 et
343 1716 408 1737 mss.
424 1710 560 1737 variantes
577 1710 720 1744 scriptura:
736 1712 850 1742 ducunt,
863 1715 889 1737 et
900 1711 962 1739 vide

171 1750 270 1778 Anton.
292 1750 370 1783 ltin.,
386 1759 412 1786 p.
430 1751 463 1778 67
483 1757 509 1779 et
528 1752 614 1779 schol.
630 1751 739 1779 Pindari
767 1752 846 1787 Pyth.
865 1751 917 1780 Od.
933 1754 960 1786 6,

173 1791 217 1818 ubi
231 1791 344 1826 Cyrenae
360 1792 440 1826 hujus
460 1793 593 1827 originem
617 1793 747 1821 vindieat.
765 1793 802 1821 De
823 1796 962 1829 sequenti-

172 1833 223 1859 bus
239 1833 355 1860 duabus.
377 1831 442 1860 Itin.
464 1833 561 1861 Aulon.

206 1873 275 1901 Ibid.
290 1875 403 1908 Λιϐύης
421 1875 476 1909 τῆς
490 1875 580 1902 κάτω.
599 1876 764 1904 Athanasius
782 1877 831 1912 τὴν
847 1877 961 1912 ἔγγιστα

172 1916 276 1951 Arsen;
303 1915 440 1951 appellare
466 1916 547 1949 solet,
574 1921 604 1944 ut
627 1917 707 1952 epist.
733 1919 766 1945 ad
788 1919 958 1951 Antiochen,

172 1966 198 1992 p.
213 1958 277 1986 776.
294 1957 361 1985 Cum
377 1957 500 1985 Hierocle
524 1958 629 1985 Notitta
650 1958 715 1992 imp.
736 1958 851 1994 0n‘ent.,
868 1967 928 1994 cap.
943 1962 957 1988 1

171 1998 247 2031 facit,
273 2007 333 2035 qua:
355 1999 413 2034 eius
440 2000 522 2028 etiam
545 2000 810 2028 administrationem
839 2002 958 2036 praesidi,

171 2042 250 2069 sicuti
279 2043 345 2077 imp.
371 2041 543 2069 Justinianus
565 2041 661 2070 Edicto
683 2050 743 2075 xnt,
767 2049 792 2070 c.
820 2043 864 2076 l7,
884 2051 958 2072 com-

171 2083 265 2111 mittit.

206 2127 273 2153 lhid.
289 2126 493 2161 Παραιτόνιον.
506 2126 594 2162 Libyae
607 2126 672 2154 hinc
695 2126 801 2154 initium
815 2127 898 2155 sumit
913 2126 958 2155 Ju-

171 2168 305 2196 stinianus
317 2167 412 2196 Edicto
425 2168 469 2197 15.
480 2176 505 2196 c.
519 2168 562 2196 I8.
578 2168 703 2196 Lucanus
714 2167 839 2201 Syrtibus
850 2170 958 2204 apposi-

173 2216 226 2237 tum
244 2210 327 2238 fuisse
339 2210 446 2238 videtur
464 2211 615 2242 censuisse,
633 2218 693 2238 ctnn
709 2211 735 2241 5.
748 2211 801 2239 295
819 2212 892 2239 canit
907 2211 958 2239 Us-

170 2261 220 2288 que
238 2253 403 2279 l’am'toniar
424 2252 482 2279 an
499 2253 533 2279 ad
548 2252 638 2279 littora
657 2252 760 2288 Syrtes,
785 2253 857 2280 haud
880 2255 960 2282 dubio

171 2302 334 2330 perperam:
352 2294 430 2328 longe
454 2294 526 2320 enirn
552 2294 645 2328 Syrtes
668 2302 682 2320 a
705 2294 856 2321 Panniculo
878 2295 961 2322 distav

170 2337 246 2365 bant.
262 2335 375 2369 Tamen,
390 2335 467 2370 quasi
485 2340 575 2362 certus
593 2335 673 2369 hujus
689 2335 836 2370 opinionis,
854 2341 880 2363 ct
895 2337 959 2364 alibi

170 2378 266 2413 Syrtes
280 2377 397 2413 Egypto
423 2384 498 2411 p:ene
514 2377 614 2413 jungit,
628 2377 710 2404 veluti
726 2377 752 2410 7,
767 2377 820 2404 Ml
840 2387 846 2404 :
869 2377 958 2413 Syrti-

170 2420 217 2446 bus
229 2420 289 2446 hinc
301 2419 404 2454 Libycis
420 2423 476 2446 tuta
497 2424 535 2446 eu
553 2419 695 2453 ﬁgyplus,
708 2423 734 2446 et
749 2419 801 2446 540
819 2429 825 2446 :
840 2420 874 2457 'Et
891 2421 959 2446 vada

170 2466 301 2487 testantur
312 2461 419 2495 junctae
437 2460 565 2495 lEgyptt'a
579 2459 681 2494 Syrtes.

205 2502 273 2530 Ibid.
298 2502 555 2537 Ζωγροζαγούλης.
587 2501 617 2528 L.
642 2500 796 2529 Ilolslcnius
823 2501 848 2528 in
869 2501 958 2530 Caroli

171 2551 184 2569 a
210 2543 238 2570 S.
269 2543 349 2570 Paulo
375 2543 528 2578 Geograplt.
547 2542 576 2569 S.
600 2543 703 2570 duabus
726 2543 836 2570 vocibus
859 2543 958 2579 Ζώγρα

170 2585 288 2618 Ζάγυλις
315 2585 456 2620 legendum
487 2589 533 2611 aut
557 2585 624 2612 duas
643 2584 702 2611 illas
728 2585 809 2612 urbes
834 2585 860 2611 in
875 2578 957 2612 unallt

170 2628 297 2662 tlL'lllt'L‘ps
313 2627 447 2655 coaluisse
464 2627 630 2659 arbitratur;
643 2626 713 2661 quod
727 2631 753 2654 et
770 2626 835 2653 mihi
850 2627 955 2654 arrisit.

311 2920 442 2950 l’A't‘ttuL.
466 2919 513 2950 Gtt
546 2918 652 2950 CXIII.

601 147 797 180 COMMEN‘I‘.
816 152 854 182 ΙΝ
877 147 1085 181 IIIEROCLIS
1106 147 1365 179 SYNECDEMUII

1734 151 1806 183 1th

1016 211 1167 239 Philocalus
1182 212 1326 246 Ζαγυλέων
1348 205 1520 241 οηιίδίοέθεῑ
1542 214 1568 241 ῑη
1589 213 1706 242 concilio
1721 214 1804 242 (Σηπι-

1017 253 1123 286 cedem,
1141 254 1233 286 p.117
1255 259 1283 281 et
1301 254 1369 289 apttd
1391 254 1564 283 Latnbccium
1584 256 1654 283 Bibl.
1681 255 1807 288 Vindob.,

1016 302 1075 327 νηί,
1092 303 1118 328 p.
1134 296 1195 323 4‘25.
1211 295 1342 324 Maximus
1356 297 1499 331 Ζαγύλεως
1520 297 1653 325 Gennadii
1668 299 1808 333 Synodimn

1016 337 1172 364 substribit.
1190 338 1353 365 Athanasius
1370 342 1402 365 ait
1416 339 1578 367 Antiochen.
1600 339 1661 367 767.
1674 340 1807 372 Marcum,

1018 378 1132 414 Ζύγρων
1140 379 1189 413 τῆς
1198 379 1311 413 ἔγγιστα
1320 381 1422 416 Λιϐύης
1431 386 1573 409 memorat.
1583 381 1727 410 Ptolemaeo
1735 387 1807 409 utra-

1016 427 1068 454 que
1080 425 1132 453 est,
1147 421 1227 456 κώμη
1243 422 1328 455 vicus,
1344 430 1396 449 non
1416 423 1611 458 longoquidcm
1634 424 1705 451 inter
1722 431 1751 452 se
1766 425 1808 451 in-

1017 463 1140 492 tervallo.
1157 471 1207 490 nec
1219 464 1304 496 juncti
1325 469 1414 492 tamen
1431 466 1594 493 aretissime.

1052 504 1120 532 Ibid.
1137 505 1270 533 Πιδονιά.
1293 506 1421 541 Πηδωνια
1443 512 1471 535 et
1491 507 1629 536 Ptolemazi
1655 516 1738 543 prope
1755 508 1808 535 Ca-

1018 545 1173 573 tabathmon
1187 554 1316 580 parvum;
1332 553 1413 583 atque
1435 549 1506 576 haud
1523 550 1579 576 scio
1597 557 1629 576 an
1651 550 1713 577 hinc
1726 549 1808 576 fttcrit

1016 587 1130 622 Apollon
1146 588 1277 620 Πιθανίας
1292 590 1318 616 ἰη
1336 590 1470 625 Synodiea
1486 591 1611 618 Gcnadii.

1051 629 1117 656 Ibid.
1143 630 1296 665 Ἀντιφρὼ.
1323 632 1415 659 Eidem
1436 631 1579 668 Synodica:
1603 633 1716 668 Apollon
1744 633 1808 660 Ἀν-

1016 671 1120 705 τιφρων
1139 672 1296 699 suhscribit.
1315 673 1456 708 ’Δντίφραι
1491 673 1630 707 Straboni,
1661 675 1706 709 qui
1732 682 1804 707 xvu,

1016 720 1043 747 p.
1061 713 1113 740 799
1134 720 1186 740 non
1202 713 1281 748 longe
1296 721 1310 740 a
1329 715 1399 741 tnari
1419 715 1503 742 locat.

1051 753 1118 780 Ibid.
1134 754 1251 788 Δήρνις.
1267 755 1328 783 Ilaec
1341 756 1487 790 provincia:
1502 756 1553 784 fuit
1569 757 1737 795 metropolis,
1755 759 1804 785 nisi

1017 795 1092 823 Nilus
1104 795 1285 831 Doxopatrins
1304 797 1390 831 fallat,
1409 803 1484 826 certe
1507 805 1651 835 corruptus
1674 808 1736 827 eutn
1758 808 1805 827 ur-

1017 837 1077 865 bem
1104 837 1232 872 Δαρικὼ,
1261 846 1287 873 p.
1324 839 1377 866 2%?)
1406 845 1493 867 vocat.
1526 840 1606 868 Plura
1642 842 1704 868 Aut.
1727 841 1806 874 ltiu.,

1051 921 1118 949 Ibid.
1134 921 1331 956 Ἀμμωνιακή.
1352 922 1435 951 Recte
1457 924 1493 951 ita
1516 931 1581 951 mss.
1598 923 1720 959 Lugdun.
1746 924 1804 952 Non

1017 962 1067 990 alia
1088 967 1129 990 est
1145 970 1177 989 ac
1196 963 1333 992 Ptolemmi
1353 965 1430 1000 χώρα
1446 966 1641 1001 Ἀμμωνιακὴ,
1659 966 1720 994 (-(eli
1740 967 1806 994 soli-

1016 1012 1069 1039 que
1085 1004 1208 1032 siccitate
1233 1013 1340 1040 aspera.
1362 1008 1532 1035 Athanasius
1545 1007 1742 1043 Ἀμμωνιακὴν
1756 1009 1806 1043 τῆς

1016 1047 1129 1082 Λιϐύης.
1160 1047 1236 1082 Apol.
1263 1049 1296 1075 ad
1319 1047 1518 1081 Constantium,
1551 1056 1578 1083 p.
1602 1049 1654 1077 5l7
1677 1049 1805 1084 appellat,

1015 1094 1043 1117 et
1066 1091 1168 1119 exsiliis
1178 1091 1369 1125 episcoporum
1394 1090 1563 1125 frequentem
1588 1089 1672 1118 fuisse
1696 1095 1751 1118 Iutn
1772 1098 1806 1119 eo

1016 1131 1074 1158 loco
1095 1137 1150 1160 tum
1172 1132 1274 1159 Hister.
1303 1131 1408 1164 Arium,
1434 1139 1461 1166 p.
1491 1132 1708 1167 387‘signilieat.
1737 1133 1806 1160 For-

1017 1177 1088 1200 tasse
1099 1178 1125 1201 ct
1151 1174 1202 1201 httc
1216 1174 1332 1208 pertinet
1354 1173 1433 1201 Oasis
1449 1173 1605 1206 Strabonis,
1624 1181 1705 1208 quam
1722 1181 1806 1209 prope

1015 1215 1155 1243 Ammonis
1179 1216 1319 1243 oraculum
1343 1215 1469 1243 collocat.
1496 1215 1579 1243 ﬂecte
1601 1223 1667 1243 sane
1694 1215 1805 1243 Ammo-

1016 1257 1092 1284 niace
1108 1257 1296 1292 appellabitur.

1049 1298 1116 1325 Ibid.
1135 1298 1200 1326 Εἰσὶ
1217 1298 1271 1332 τῆς
1289 1298 1414 1332 δύσεως.
1433 1297 1495 1326 Ilaec
1512 1303 1539 1326 et
1557 1306 1617 1334 qua:
1641 1303 1804 1334 sequuntur,

1015 1347 1028 1366 a
1045 1348 1095 1368 ms.
1118 1341 1243 1368 Leidensi
1268 1341 1404 1373 exsulant,
1424 1340 1495 1368 hanc
1508 1340 1654 1369 clattsulam
1675 1342 1803 1375 addente,

1014 1381 1096 1413 Τέλος
1117 1382 1164 1408 τοῦ
1191 1382 1343 1416 καταλόγου
1379 1382 1474 1410 πασῶν
1504 1383 1559 1410 τῶν
1586 1383 1726 1420 ἐπαρχιῶν
1756 1384 1805 1410 καὶ

1015 1424 1117 1451 πόλεων
1128 1425 1181 1451 τῶν
1196 1424 1248 1450 ὑπὸ
1262 1424 1310 1450 τοῦ
1323 1424 1456 1458 βασιλέως
1471 1425 1527 1451 τῶν
1547 1425 1759 1458 Ῥωμαίων,τοῠ
1775 1426 1804 1452 ἐν

1015 1465 1313 1499 Κωνσταντινουπόλει,
1329 1466 1544 1502 διοικουμένωνε
1561 1474 1620 1502 quae
1637 1467 1702 1494 mihi
1717 1467 1804 1494 mttlto

1014 1514 1122 1542 quoque
1133 1508 1230 1541 justior
1242 1512 1269 1535 et
1282 1508 1371 1535 verior
1383 1508 1436 1535 illis
1456 1509 1565 1536 videtur
1581 1517 1640 1544 qua:
1651 1509 1682 1536 L.
1696 1508 1804 1536 Holste-

1014 1550 1076 1577 nius
1105 1556 1138 1577 ex
1165 1550 1221 1577 suis
1251 1550 1389 1577 codicibus
1413 1551 1550 1585 excerpsit
1576 1559 1583 1576 :
1613 1558 1701 1585 neque
1730 1551 1803 1578 enim

1014 1592 1154 1619 commode
1169 1591 1324 1619 Occidentis
1342 1592 1456 1626 imperio
1476 1592 1510 1619 ab
1525 1591 1650 1619 Hierocle
1658 1593 1804 1627 provinciae

1015 1633 1186 1664 tribuentur,
1229 1641 1289 1668 qua:
1318 1633 1403 1668 ipsius
1432 1638 1512 1660 astate
1545 1634 1652 1662 amissa:
1691 1642 1805 1669 prorsus

1014 1679 1110 1706 erant;
1136 1674 1286 1708 cujusmodi
1311 1674 1448 1709 pleraeque
1471 1679 1531 1702 sntit
1555 1683 1623 1710 quas
1644 1675 1804 1710 subjunctas

1016 1715 1102 1742 vides.

1048 1756 1117 1784 Ibid.
1141 1757 1302 1791 Γαλήνων.
1323 1757 1432 1784 Γάλλων
1458 1762 1504 1784 aut
1521 1757 1651 1786 Γαλατῶν
1669 1764 1716 1786 aut
1733 1759 1804 1786 Γαλ·

1013 1796 1079 1823 λιῶν
1093 1802 1261 1832 oportuerat.

1047 1839 1103 1866 Ibid
1136 1840 1284 1866 Σπανίων.
1306 1839 1425 1867 Snlemni
1442 1847 1516 1868 more
1531 1848 1579 1876 pro
1594 1842 1749 1871 Ίσπανίων.
1763 1843 1802 1871 Ita

1011 1881 1109 1908 Paulus
1123 1879 1209 1915 Epist.
1235 1881 1269 1907 ad
1284 1880 1396 1908 Roman.
1420 1889 1473 1916 xv,
1494 1882 1529 1909 28
1548 1883 1597 1918 τὴν
1621 1883 1752 1918 Σπανίαν,
1774 1891 1803 1913 et

1011 1921 1130 1949 Galenus
1155 1923 1220 1958 περὶ
1243 1931 1324 1957 τροφ.
1349 1923 1448 1958 δυναμ.
1473 1931 1509 1955 ιι,
1538 1931 1565 1958 p.
1587 1924 1638 1952 520
1658 1926 1729 1952 κατὰ
1751 1927 1802 1963 τὴν

1017 1963 1135 1999 Ἶὸηρέαν
1149 1972 1178 1990 τε
1200 1964 1248 1990 καὶ
1263 1964 1382 1991 Σπανίαν
1397 1963 1613 2001 ὀνομαζομένην,
1629 1970 1658 1993 et
1678 1967 1802 1994 Athana-

1011 2005 1069 2032 sius
1094 2005 1139 2031 τὸν
1161 2005 1215 2031 τῶν
1233 2005 1357 2032 Σπανίων
1374 2004 1470 2032 Ὄσιον
1496 2011 1644 2041 nuncupat.
1671 2008 1802 2035 Similiter

1010 2046 1122 2074 Σπάνιοι
1146 2047 1225 2074 ἵπποι
1244 2047 1313 2081 apud
1334 2046 1478 2082 Apsyrtum
1497 2047 1616 2082 Hippiat,
1641 2057 1664 2077 c.
1692 2051 1753 2083 “5,
1774 2056 1802 2079 et

1012 2088 1115 2115 Melane
1136 2089 1166 2114 τὺ
1192 2088 1271 2122 γένος
1296 2088 1390 2124 Σπάνη
1420 2088 1446 2116 in
1468 2088 1540 2116 Hist.
1570 2089 1650 2117 Laus.
1676 2091 1800 2124 Palladii.

1012 2136 1036 2157 ι’.
1058 2129 1102 2156 65.
1119 2130 1195 2156 Adde
1211 2129 1373 2156 Salmasium
1390 2129 1417 2157 in
1432 2129 1570 2164 Spartian.
1585 2131 1717 2167 Hadrian,
1732 2142 1756 2161 c.
1774 2135 1799 2167 I,

1011 2175 1038 2198 et
1052 2169 1094 2198 ιο.
1115 2170 1250 2198 Rhodium
1268 2171 1294 2198 in
1309 2170 1404 2198 Lezico
1421 2171 1605 2200 Scriboniano.

1048 2212 1114 2240 Ibil.
1130 2211 1318 2247 Βρισγάμων.
1336 2212 1492 2247 Βριτάννων
1506 2214 1627 2242 scribere
1642 2215 1734 2243 voluit.

1047 2254 1115 2281 Ibid.
1140 2253 1285 2288 Ἐπαρχία
1307 2254 1459 2287 Σικελίας.
1481 2254 1537 2282 Has
1562 2259 1617 2284 tres
1636 2257 1667 2284 ad
1694 2258 1799 2285 Italiam

1012 2297 1148 2330 pertinere
1171 2295 1204 2322 [ι.
1227 2295 1381 2323 lIoIstenius
1406 2297 1521 2332 margini
1546 2298 1683 2334 ascripsit,
1714 2305 1801 2334 eaque

1012 2338 1117 2364 ratione
1153 2345 1296 2365 numerum
1326 2337 1375 2364 VII
1401 2339 1602 2373 provinciarum
1637 2341 1798 2373 rotundari;

1010 2379 1081 2414 quod
1098 2379 1135 2406 uti
1151 2386 1244 2406 verum
1256 2383 1308 2412 est,
1324 2379 1360 2406 ita
1373 2380 1536 2414 scriptorem
1547 2381 1575 2409 id
1589 2381 1704 2410 voluisse
1720 2382 1799 2409 dubi-

1012 2426 1052 2448 tes
1067 2430 1073 2447 :
1089 2428 1120 2448 ea
1136 2420 1209 2448 enim
1223 2421 1247 2447 si
1261 2421 1363 2448 homini
1386 2421 1478 2456 opinio
1499 2423 1560 2455 fuit,
1577 2430 1626 2451 cur
1647 2423 1729 2451 Italia:
1743 2429 1800 2452 tres

1010 2461 1060 2489 has
1077 2462 1231 2496 provincias
1247 2469 1300 2489 non
1322 2462 1448 2490 addidit?
1471 2463 1565 2492 I‘utem
1582 2465 1634 2492 hoc
1645 2466 1799 2493 auctarium

1010 2511 1063 2530 non
1079 2504 1160 2531 unius
1172 2511 1232 2531 esse
1252 2505 1382 2538 auctoris,
1406 2505 1538 2540 novisque
1551 2506 1754 2535 accessionibus
1770 2508 1799 2534 in

1011 2546 1081 2573 hanc
1109 2545 1224 2573 formam
1252 2554 1267 2574 a
1295 2547 1411 2576 diversis
1426 2547 1512 2576 fuisse
1523 2553 1702 2576 exstructum.
1719 2549 1800 2576 Certe

1010 2587 1118 2622 dignum
1137 2594 1190 2615 non
1211 2591 1252 2615 est
1266 2589 1338 2624 quod
1353 2596 1402 2618 nos
1418 2590 1544 2624 multum,
1569 2595 1667 2618 metam
1687 2591 1798 2618 tandem

1009 2633 1159 2661 assccutos,
1175 2634 1308 2658 moretur.

1602 2915 1642 2948 38
