4166 6546
355 560 368 571 ’
968 522 2429 704 CONSTANTINI
2539 532 2990 704 IMP.

1329 870 2614 986 PORPHYROGENITI

603 1135 753 1224 DE
832 1135 1612 1226 THEMATIBUS
1710 1132 2292 1225 ORIENTIS
2379 1139 2528 1227 ET
2642 1138 3370 1233 OCCIDENTIS

1945 1347 2024 1390 ET

919 1519 1076 1617 DE
1223 1515 2301 1624 ADMINISTRANDO
2480 1522 3053 1638 IMPERIO-

1862 1742 2090 1781 ACCEDIT

1225 1898 1637 1959 HIEROCLIS
1693 1899 2178 1959 GRAMMATICI
2222 1869 2744 1978 SYINECDEMUS.

669 2261 980 2323 ΒΟΝΛΓ.
1028 2259 1430 2324 VULCANII
1468 2262 1780 2324 DEDICA
1799 2264 1941 2325 T10
1973 2264 2212 2325 LIBRI
2257 2267 2314 2325 Ρη

1657 2263 1941 2325 (CATIO
1973 2264 2212 2325 LIBRI
2257 2267 2510 2329 PRIMI
2554 2270 2668 2329 DE
2729 2271 3302 2350 I'llls‘.’il.-l'l'l_lt’l'3.

1391 2601 1804 2648 NOBILISSIMIS
1836 2605 2303 2659 AMPLISSIMISQU
2315 2607 2350 2649 Ε
2377 2607 2567 2661 VIRIS,

842 2722 1001 2767 JANO
1040 2723 1262 2768 DOUS/‘E
1289 2727 1326 2770 Α
1361 2726 1793 2788 NOORTWYCK,
1825 2730 2030 2775 PAULO
2071 2733 2279 2790 BUSIO,
2315 2734 2662 2778 ABRAHAMO
2686 2736 2766 2778 AB
2818 2735 3139 2792 ALMONDA,

1275 2848 1713 2894 CURATORIBUS
1767 2852 2100 2914 ACADEMUE
2157 2856 2502 2900 LEYDENSIS
2537 2857 2591 2901 S.
2648 2859 2709 2900 D.

413 3083 691 3140 Immanis
721 3080 968 3151 profecto
999 3089 1300 3150 tempestas
1330 3081 1523 3138 bellica
1554 3081 1827 3154 Belgicam
1859 3096 2102 3142 nostram
2134 3099 2280 3145 totos
2303 3090 2416 3157 jam
2450 3105 2623 3145 annos
2655 3092 2842 3161 viginti
2887 3093 3183 3159 concussit,
3207 3095 3458 3164 jactavit,
3486 3097 3632 3154 lace-

337 3178 516 3238 rnit.
556 3172 886 3230 nobilissimi
926 3169 1360 3242 amplissimique
1404 3172 1548 3244 viri;
1601 3188 1777 3243 neque
1814 3174 1997 3231 adhuc
2042 3174 2282 3231 faustum
2324 3177 2547 3249 aliquod
2595 3179 2747 3234 sidus
2783 3179 3005 3244 affulsit,
3050 3181 3193 3250 quod
3237 3183 3394 3238 nobis
3433 3195 3633 3238 terram

343 3261 582 3318 videndi
619 3259 838 3314 tandem
880 3274 1034 3328 spem
1069 3257 1234 3313 faciat
1271 3275 1286 3312 :
1326 3259 1486 3315 finem
1521 3260 1668 3314 enim
1700 3260 1946 3318 laborum
1985 3271 2260 3319 tantorum
2291 3275 2544 3334 optamus
2577 3268 2759 3336 potius
2797 3268 2981 3322 miseri
3019 3283 3180 3337 quam
3213 3256 3520 3338 speramus.
3558 3274 3638 3328 Ex

336 3349 613 3405 omnibus
643 3361 774 3402 vero
799 3347 960 3401 malis
994 3361 1114 3416 qua:
1138 3347 1460 3402 catervatim
1488 3361 1674 3404 secum
1709 3350 1878 3404 traxit
1901 3350 2100 3405 bellum
2135 3352 2239 3408 hoc
2269 3367 2396 3408 vere
2424 3363 2604 3419 atrox,
2625 3356 2692 3409 ad
2715 3370 2947 3425 quorum
2975 3357 3412 3412 recordationem
3443 3362 3639 3414 merito

338 3436 707 3493 exhorrescit
748 3433 999 3499 animus,
1047 3435 1433 3503 gravissimum
1487 3435 1881 3504 propemodum
1926 3452 2154 3494 censere
2195 3441 2344 3504 soleo
2394 3441 2807 3512 dissipationem
2860 3444 3358 3512 bibliothecarum;
3405 3464 3638 3517 quarum

338 3525 648 3596 splendore
687 3537 752 3593 ac
788 3521 1140 3576 multitudine
1174 3520 1415 3591 Belgium
1448 3520 1579 3576 nulli
1615 3523 2024 3591 provinciarum
2064 3527 2230 3582 totius
2264 3529 2414 3584 orbis
2453 3536 2582 3583 ante
2614 3531 2712 3585 hos
2741 3531 3008 3587 tumultus
3043 3533 3290 3588 cedebat.
3321 3533 3461 3602 Quid
3491 3539 3636 3590 enim

340 3617 497 3685 aliud
525 3628 598 3667 ex
632 3609 1092 3666 bibliothecarum
1127 3609 1350 3675 interitu
1385 3623 1549 3679 quam
1591 3609 1879 3667 barbaries
1910 3622 1967 3668 et
1990 3614 2321 3686 ignorantia,
2352 3629 2418 3669 ex
2447 3615 2754 3684 ignorantia
2779 3617 3031 3672 confusio
3059 3620 3301 3674 omnium
3337 3636 3540 3686 rerum,
3571 3638 3639 3675 ex

345 3704 684 3759 mnfnsione
705 3700 1058 3772 πανωλεθρία
1079 3709 1164 3756 est
1189 3701 1591 3767 exspectanda?
1615 3700 1925 3756 Prudenter
1948 3701 2116 3772 igitur
2141 3701 2469 3772 munerique
2492 3711 2674 3757 vestro
2697 3705 3082 3760 convenienter
3105 3705 3304 3771 facitis,
3332 3719 3639 3772 curatores,

345 3798 472 3866 qui,
505 3793 782 3863 flagrante
811 3793 992 3846 adhuc
1022 3791 1162 3852 bello
1191 3791 1652 3862 saevientibusque
1682 3791 2002 3846 tumultibus
2037 3789 2290 3860 publicis,
2311 3791 2577 3863 quidquid
2609 3791 2764 3848 vobis
2796 3793 3108 3864 reipublicae
3142 3793 3348 3859 clavus,
3379 3797 3444 3850 ad
3475 3812 3638 3866 quem

341 3892 688 3941 constanter
717 3880 1043 3948 fortiterque
1071 3880 1378 3948 excubatis,
1413 3880 1510 3935 otii
1542 3879 1822 3948 relinquit,
1849 3879 1900 3933 id
1926 3894 2089 3936 omne
2119 3884 2416 3940 academia:
2445 3887 2832 3955 promovenda:
2861 3895 2918 3941 et
2950 3885 3295 3944 bibliothecae
3327 3890 3554 3959 publica:
3583 3892 3639 3945 iu

345 3993 412 4031 ea
452 3973 838 4030 instauranda!
870 3973 1204 4044 impenditis.
1242 3983 1297 4027 et
1329 3972 1541 4028 laceras
1571 3987 1636 4028 ex
1673 3972 2015 4040 superiorum
2052 3987 2319 4028 annorum
2356 3971 2659 4045 naufragiis
2699 3974 2933 4042 tabulas,
2976 3975 3138 4044 inque
3172 3987 3445 4032 extremos
3474 3993 3643 4048 prope

346 4065 512 4120 orbis
545 4060 782 4134 angulos
819 4061 1046 4129 ejectas,
1094 4061 1347 4115 maximis
1382 4060 1580 4118 vestris
1617 4061 1928 4129 sumptibus
1965 4059 2312 4129 conquiritis,
2355 4059 2615 4115 collectas
2655 4061 2963 4129 publicatis.
3009 4061 3082 4116 De
3122 4061 3260 4118 libro
3289 4066 3641 4134 antiquarum

349 4172 455 4224 per
487 4155 806 4208 universam
841 4152 1114 4224 Europam
1147 4153 1565 4220 inscriptionum
1598 4150 1810 4220 loquor,
1837 4163 1999 4220 quem
2024 4163 2122 4201 vos
2151 4163 2260 4202 aere
2283 4158 2467 4204 vestro
2496 4148 2550 4202 in
2580 4163 2736 4203 usum
2769 4148 3044 4217 publicum
3078 4151 3347 4206 edendum
3378 4154 3636 4228 curastis.

350 4242 639 4297 Eximium
675 4251 824 4296 certe
848 4254 1006 4309 Opus,
1035 4241 1078 4294 si
1115 4241 1257 4308 quod
1291 4254 1530 4310 unquam
1567 4254 1598 4295 e
1639 4235 2042 4310 typographicis
2081 4235 2249 4306 prelis
2289 4234 2534 4304 prodiit;
2583 4236 2738 4306 cujus
2775 4235 2914 4289 fama
2951 4237 3151 4291 dudum
3187 4246 3312 4290 ante
3343 4238 3639 4293 editionem

353 4341 544 4386 totum
580 4330 767 4384 orbem
799 4338 1092 4398 pervagata
1119 4327 1424 4382 incredibili
1451 4342 1580 4382 eum
1615 4327 1696 4382 sui
1726 4324 2134 4394 exspectatione
2165 4333 2407 4379 erectum
2442 4325 2638 4390 tenuit,
2675 4328 2876 4395 quippe
2907 4326 2998 4395 qni
3033 4340 3176 4379 nunc
3208 4326 3452 4390 tandem,
3479 4335 3645 4383 exuto

353 4420 539 4485 senio,
579 4417 872 4486 pristinum
905 4425 1091 4470 vestro
1121 4414 1388 4474 beneficio
1410 4414 1718 4485 juventutis
1752 4415 1919 4468 decus
1950 4415 2022 4468 sit
2049 4424 2470 4480 recuperaturus
2497 4429 2512 4467 :
2538 4427 2646 4482 quo
2679 4413 2895 4482 quidem
2920 4405 3141 4468 nomine
3174 4413 3514 4470 immortales
3541 4431 3644 4470 vo-

353 4514 469 4575 bis,
497 4510 762 4580 quamdiu
798 4508 986 4573 stabit,
1018 4508 1222 4577 gratias
1246 4489 1486 4562 debebit.
1514 4509 1692 4576 Atque
1721 4515 1779 4559 ut
1817 4507 1871 4559 in
1908 4505 2330 4582 praesentiarum
2358 4505 2428 4560 de
2460 4506 2699 4561 utilitate
2734 4505 2868 4559 nihil
2900 4506 3075 4560 dicam
3105 4521 3225 4576 quae
3253 4521 3318 4561 ex
3351 4507 3452 4563 hoc
3482 4523 3648 4578 opere

354 4601 428 4655 ad
465 4611 665 4652 omnes
695 4595 929 4664 antiqua!
960 4595 1364 4665 reconditazque
1391 4595 1652 4659 doctrinm
1682 4594 1956 4647 studiosos
1982 4604 2066 4649 est
2095 4603 2446 4666 perventura,
2479 4609 2598 4664 quae
2626 4605 2705 4649 est
2733 4594 2980 4665 profecto
3011 4595 3277 4660 maxima,
3303 4597 3643 4663 excitaltitis,

354 4691 478 4740 imo
509 4683 924 4738 inflammabitis
954 4682 1149 4737 illustri
1187 4683 1289 4736 hac
1313 4697 1476 4752 quam
1503 4682 1835 4752 prmluxisﬁs
1868 4680 1986 4737 face
2016 4685 2180 4738 etiam
2217 4681 2374 4746 alios,
2400 4693 2459 4735 ut
2495 4682 2761 4752 quidquid
2791 4683 3097 4737 lacerarunt
3133 4698 3200 4738 ex
3233 4685 3337 4739 hoc
3372 4692 3650 4745 communi

352 4774 824 4833 bibliothecarum
865 4771 1199 4843 Belgicarum
1239 4771 1524 4840 naufragio
1565 4771 1870 4825 tabularum
1909 4771 1976 4826 ad
2022 4772 2170 4840 ipsos
2210 4772 2545 4848 pervenerit,
2589 4772 2702 4841 pari
2741 4771 3028 4825 alacritate
3068 4771 3121 4825 in
3169 4786 3326 4826 usum
3369 4774 3650 4842 publicum
3696 4762 3702 4830 Ι

352 4863 679 4920 conferant.
704 4861 946 4927 Quorum
978 4861 1032 4914 in
1061 4875 1292 4915 numero
1324 4875 1516 4914 nomen
1554 4874 1732 4914 meum
1767 4859 1941 4914 libens
1972 4861 2254 4930 profiteor.
2305 4859 2648 4928 Simulatque
2677 4859 2820 4913 enim
2850 4859 3063 4913 consilii
3089 4859 3258 4913 vestri
3293 4862 3560 4916 rationem
3586 4864 3654 4917 de

352 4954 550 5024 operis
593 4951 752 5018 hujus
784 4951 1024 5005 editione
1065 4951 1320 5019 cognovi,
1365 4950 1651 5004 continere
1687 4963 1773 5003 me
1806 4965 1914 5009 non
1957 4948 2104 5019 potui
2143 4948 2269 5015 quin
2310 4947 2544 5001 testandi
2598 4946 2796 5016 priVati
2842 4947 2945 5000 mei
2980 4946 3165 5016 gaudii
3207 4948 3482 5017 studiique
3522 4964 3652 5020 erga

358 5058 479 5098 rem
529 5041 856 5094 litterariam
891 5057 1054 5094 causa
1090 5039 1508 5103 Constantinum
1541 5039 2117 5112 Porphyrogennetam
2152 5037 2291 5107 Περὶ
2321 5035 2596 5105 Θεμάτων,
2628 5046 2908 5092 auctorem
2944 5051 3222 5104 nunquam
3270 5041 3504 5094 antehac
3535 5042 3654 5095 edi-

356 5139 504 5190 tum,
554 5125 789 5194 primum
827 5141 856 5178 c
899 5125 1083 5178 multis
1125 5126 1430 5195 arriperem
1468 5123 1779 5195 publicique
1821 5123 1964 5193 juris
2011 5123 2272 5178 facerem.
2318 5123 2456 5178 Tres
2494 5138 2624 5178 vero
2669 5138 2848 5178 causae
2893 5123 3115 5177 fuerunt
3149 5124 3350 5193 quibus
3386 5126 3652 5181 adductus

356 5217 754 5287 dignissimum
779 5231 904 5273 eum
936 5214 1174 5283 judicavi
1205 5215 1295 5286 qui
1322 5229 1432 5268 uno
1459 5215 1762 5284 eodemque
1794 5225 2041 5283 tempore
2072 5229 2180 5284 quo
2211 5222 2414 5269 renata;
2447 5225 2574 5269 sunt
2601 5215 2750 5270 orhis
2771 5215 3003 5282 delicim,
3029 5217 3132 5274 hoc
3158 5229 3241 5272 est
3273 5219 3655 5288 inscriptiones

357 5317 587 5370 vestrm,
624 5306 678 5358 in
703 5305 1072 5358 clarissimam
1102 5303 1404 5358 doctissimi
1443 5303 1606 5374 hujus
1641 5303 1822 5357 szeculi
1856 5303 2033 5358 lucem
2063 5301 2388 5372 amplissimi
2424 5303 2661 5356 nominis
2691 5304 2858 5357 vestri
2891 5304 3152 5385 auspiciis
3185 5307 3448 5378 prodiret.
3478 5305 3653 5359 Prima

355 5398 509 5466 quod
557 5396 884 5464 imperator,
933 5391 1133 5448 Leonis
1177 5393 1322 5446 illius
1357 5392 1541 5458 filius;
1577 5393 1774 5449 deinde
1814 5392 1957 5460 quod
2004 5392 2206 5461 optime
2235 5391 2304 5445 de
2337 5391 2534 5445 studiis
2578 5389 2883 5444 litterarum
2928 5395 3174 5460 meritus,
3206 5396 3401 5463 quippe
3436 5393 3527 5460 qui
3563 5406 3659 5444 ex-

357 5486 598 5541 stiuctas
631 5481 1032 5554 propemodum
1062 5495 1123 5533 ac
1149 5480 1533 5550 semisepultas
1561 5495 1657 5535 sua
1692 5491 1853 5534 aetate
1893 5480 2068 5534 bonas
2098 5488 2247 5533 artes
2277 5494 2340 5532 ac
2379 5479 2643 5533 scientias
2676 5479 2956 5534 suscitarit
2986 5489 3041 5534 et
3069 5481 3136 5535 ab
3164 5480 3382 5533 interitu
3415 5477 3659 5529 vindica-

360 5575 474 5637 rit;
521 5573 685 5627 tertia
727 5569 877 5640 quod
926 5567 1045 5638 pari
1089 5567 1202 5621 fere
1235 5582 1360 5620 cum
1407 5567 1858 5638 inscriptionibus
1891 5569 2093 5623 vestris
2140 5567 2356 5621 fortuna
2391 5566 2476 5622 bis
2510 5576 2726 5635 captus,
2771 5567 3060 5620 militarem
3107 5569 3342 5620 furorem
3375 5575 3656 5631 expertus.

363 5664 705 5731 redemptus.
746 5659 887 5714 Nam
928 5655 1165 5726 primunt
1195 5653 1505 5710 Mech-linia!
1537 5657 1677 5725 apud
1708 5657 1980 5710 medicum
2012 5655 2303 5724 quemdam
2335 5654 2592 5725 Anglum,
2629 5653 2896 5707 Thomam
2926 5653 3282 5713 Clementem,
3322 5664 3513 5718 parum
3547 5649 3658 5700 cle-

363 5760 582 5807 menter
611 5748 837 5804 babitus
873 5742 1080 5797 multos
1118 5756 1292 5796 annos
1329 5743 1383 5795 in
1426 5743 1765 5798 bibliotheca:
1797 5744 1878 5798 vel
1923 5743 2271 5816 βιϐλιοπέδης
2304 5745 2488 5814 potius
2521 5742 2774 5813 squalore
2814 5751 2869 5795 et
2902 5739 3123 5811 pulvere
3154 5737 3344 5800 latuit;
3380 5742 3562 5804 postea
3595 5735 3652 5787 in

655 5841 946 5904 Ριτιιοι..
1003 5833 1122 5897 Gn.
1171 5832 1400 5895 CXIII.

3241 5830 3268 5890 1
