4166 6438
577 329 641 396 ιι
1700 325 2111 387 VAlthltUM
2155 322 2769 408 PREFATIONES.‘
3349 357 3354 360 -
3422 348 3425 351 -
3786 327 3858 392 ιε
3916 318 3937 329 ‘

562 443 734 500 altera
774 440 991 496 miserat:
1038 438 1183 494 illius
1228 438 1380 494 urbis
1423 437 1726 507 direptione
1785 437 2153 508 αἰχμάλωτος,
2204 437 2423 491 militari
2464 438 2736 493 violentiae
2775 434 3070 497 obnoxius,
3109 442 3347 505 perierat
3388 436 3494 491 nisi
3534 435 3789 507 periisset
3829 456 3847 493 :

569 532 759 588 nescio
783 532 929 586 enim
961 545 1071 600 quo
1097 530 1241 585 bono
1271 542 1371 583 suo
1401 526 1515 583 fcto
1547 521 1679 582 mihi
1717 529 1958 587 tandem,
1986 541 2097 580 una
2123 538 2245 579 cum
2270 520 2545 595 Procopio
2568 527 2636 580 dc
2659 524 2906 581 tedilieiis
2934 522 3229 579 Justiniani
3266 534 3321 579 et
3347 524 3601 592 Agathia,
3631 525 3855 584 oblatus

561 620 858 692 persolutis
887 619 1107 690 λύτροις
1149 627 1403 673 servatus
1428 626 1534 671 est.
1572 614 1746 687 Cujus
1782 616 2007 684 quidem
2044 613 2392 681 imperatoris
2433 614 2597 667 simul
2632 620 2688 668 et
2723 613 3012 682 scriptoris
3042 613 3236 682 optimi
3274 612 3544 681 prolixam
3581 614 3724 683 apud
3754 632 3858 671 vos

557 708 932 763 laudationem
962 707 1250 761 instituere
1277 704 1413 759 nihil
1449 704 1670 770 attinet,
1696 719 1820 757 cum
1857 712 1913 757 et
1945 703 2012 755 ad
2043 701 2248 756 calcem
2287 700 2447 763 huius
2478 701 2599 756 libri
2645 701 2877 755 ilinstria
2915 702 3124 771 aliquot
3154 700 3544 755 historicorum
3575 701 3720 755 illius
3749 705 3853 756 teri

460 824 487 846 .
562 798 631 852 de
665 812 732 852 eo
762 795 1077 851 testimonia
1112 793 1506 864 congesserint,
1535 801 1590 846 et
1618 806 1714 845 vos
1746 791 1846 856 ipsi
1876 805 1973 860 pro
2000 788 2264 859 singulari
2292 798 2474 843 vestra
2510 790 2817 844 eruditione
2848 805 3171 859 summaque
3197 788 3390 859 iudicii
3428 788 3730 844 acrimonia
3764 789 3851 842 fa-

558 883 763 938 cillime
795 897 913 946 eas,
945 881 1109 936 veluti
1132 895 1199 934 ex
1235 894 1435 948 ungue,
1466 877 1610 948 quod
1645 877 1818 942 aiunt,
1848 876 2083 941 leonem,
2115 876 2236 931 sitis
2273 879 2506 948 agnituri
2537 879 2918 948 scriptumque
2949 879 3051 933 hoc
3082 879 3160 933 rei
3192 877 3473 933 litterariae
3502 892 3853 948 summopere

562 971 696 1025 utile
730 971 1069 1039 iudicaturi,
1100 982 1221 1021 cum
1262 968 1425 1022 totius
1470 965 1581 1020 fere
1620 965 1765 1021 Asiae
1798 975 2113 1019 accuratam
2146 966 2572 1035 descriptionem
2612 969 2939 1037 agminaque
2979 965 3238 1019 militaria
3273 981 3370 1035 per
3403 979 3523 1019 eam
3556 965 3852 1020 distributa

560 1061 858 1116 contineat.
891 1070 940 1112 ei
980 1066 1343 1125 praeterquam
1372 1056 1523 1125 quod
1550 1055 1716 1109 multa
1751 1055 2029 1109 contineat
2077 1053 2197 1109 aliis
2236 1056 2563 1126 geographia
2601 1057 2681 1110 vel
2718 1057 2899 1127 ignota
2937 1057 3020 1110 vel
3055 1055 3124 1110 ab
3165 1057 3244 1111 eis
3281 1056 3504 1112 silentio
3542 1058 3853 1127 praeterita,

558 1161 664 1202 non
701 1160 872 1213 pauca
909 1146 1107 1198 habeat
1151 1153 1415 1214 praeterea
1447 1145 1514 1198 ad
1552 1143 1892 1213 antiquitatis
1933 1152 1988 1196 et
2025 1142 2270 1198 historiae
2299 1144 2696 1213 cognitionem,
2734 1146 2874 1199 adde
2903 1145 3069 1199 etiam
3114 1145 3248 1200 artis
3290 1143 3550 1199 militaris
3594 1146 3848 1214 peritiam

554 1233 941 1290 conducibilia.
973 1231 1215 1298 Quarum
1241 1231 1461 1299 quidem
1495 1246 1674 1286 rerum
1705 1238 2033 1292 gravitatem
2064 1230 2318 1300 iucundis
2344 1235 2544 1301 passim
2573 1235 2980 1290 narrationibus
3009 1245 3065 1289 et
3095 1235 3260 1290 variis
3286 1245 3530 1290 veterum
3561 1245 3853 1304 poetarum

556 1318 984 1375 auctoritatibus
1018 1319 1184 1373 veluti
1229 1320 1597 1373 condimentis
1635 1319 1962 1389 quibusdam
2008 1319 2225 1387 miscet,
2259 1331 2318 1376 ut
2350 1321 2471 1390 eius
2512 1322 2679 1378 lectio
2719 1324 2805 1377 vel
2847 1332 2931 1378 ter
2962 1325 3191 1393 repetita
3244 1338 3587 1393 nequaquam
3635 1322 3847 1392 fatiget.

556 1412 741 1467 Utitur
774 1426 904 1465 vero
935 1411 1209 1466 interdum
1250 1410 1563 1466 nominibus
1606 1411 1813 1480 aliquot
1845 1408 2148 1463 odieiorum
2191 1409 2514 1464 militarium
2551 1412 2776 1467 remotis
2811 1426 2841 1464 a
2877 1413 3275 1466 consuetudine
3308 1411 3563 1480 loquendi
3600 1423 3855 1464 veterum

534 1498 910 1561 limit-corum;
941 1514 1107 1569 quam
1148 1497 1220 1554 ab
1251 1511 1473 1552 causam
1503 1506 1645 1552 uota:
1680 1497 1999 1552 necessario
2031 1496 2163 1551 mihi
2189 1498 2512 1567 adjiciendae
2546 1500 2788 1564 fuerunt,
2808 1502 2923 1570 “per
2952 1515 3090 1569 quas
3121 1500 3296 1555 lucem
3333 1499 3573 1569 aliquam
3609 1499 3678 1552 iis
3712 1498 3860 1568 ipsis

551 1588 837 1644 vocabulis
869 1587 1147 1641 aﬂcrrem.
1191 1587 1248 1641 lu
1284 1587 1483 1656 quibus
1513 1586 1560 1640 si
1596 1585 1778 1640 forsan
1814 1600 1844 1639 a
1880 1599 2046 1653 scopo
2085 1585 2357 1651 aberravi,
2394 1587 2612 1641 veniam
2646 1597 2700 1642 et
2735 1598 2859 1658 peto
2893 1598 2946 1642 et
2979 1602 3214 1650 mereor,
3244 1602 3367 1641 cum
3403 1600 3466 1640 ea
3504 1585 3849 1640 doctissimis

553 1675 718 1732 etiam
755 1682 925 1731 nostri
967 1675 1068 1730 ωνί
1100 1675 1239 1730 viris
1263 1690 1369 1729 non
1404 1674 1659 1740 exiguum
1697 1674 1972 1741 negotium
2005 1670 2283 1727 lacessant
2316 1673 2414 1746 (τι).
2446 1674 2698 1745 Accipite
2732 1689 2864 1731 vero
2899 1690 3015 1738 vos,
3056 1673 3379 1729 nobilissimi
3413 1672 3856 1743 amplissimique

540 1770 681 1836 viri,
713 1767 1135 1824 Constantinum
1167 1781 1265 1836 per
1296 1780 1383 1822 me
1413 1763 1558 1821 Orco
1588 1774 1836 1835 ereptum
1877 1763 2092 1834 Lucique
2126 1765 2335 1833 pariter
2363 1775 2420 1821 et
2450 1765 2607 1821 Latio
2636 1766 2936 1833 donatura;
2976 1766 3232 1837 accipite,
3272 1764 3517 1834 inquam,
3556 1774 3615 1818 ut
3649 1772 3855 1818 testem

542 1856 794 1927 ingentis
823 1856 1031 1928 gaudii,
1060 1857 1205 1927 quod
1233 1870 1335 1926 ego
1373 1869 1443 1908 ex
1480 1868 1693 1909 summa
1736 1851 1905 1907 aniuti
1944 1853 2108 1907 vestri
2138 1856 2206 1917 ad
2223 1856 2464 1925 iuvanda
2489 1855 2669 1912 studia
2700 1857 3009 1921 alacritate,
3044 1871 3206 1926 quam
3238 1870 3335 1910 vos
3364 1852 3855 1922 sumptuosissima

552 1948 753 2000 harum
784 1945 1201 2015 inscriptionum
1227 1943 1470 1998 editione
1501 1940 1936 1996 lueuleutissime
1964 1939 2315 2007 decla'rastis,
2353 1943 2550 1999 intimo
2578 1953 2802 2014 pectore
2831 1942 3077 2013 concepi.
3113 1942 3399 2012 Simulque
3427 1941 3585 1996 vobis
3614 1953 3853 2009 persua—

548 2033 679 2088 dete
710 2048 794 2087 me
826 2032 1114 2100 deinceps,
1130 2040 1315 2087 vestro
1343 2029 1613 2101 imprimis
1640 2027 1893 2097 exemplo
1923 2028 2233 2096 incitatum,
2258 2030 2514 2085 daturum
2548 2046 2773 2101 operam
2805 2041 2865 2087 ut
2895 2031 3025 2086 mihi
3059 2046 3161 2085 nec
3191 2030 3444 2085 voluntas
3477 2043 3655 2098 neque
3678 2028 3861 2098 (absit

536 2125 721 2176 verbo
758 2122 986 2193 invidia)
1024 2121 1259 2176 facultas
1289 2127 1671 2190 promovenda:
1699 2116 1778 2172 rei
1805 2115 2088 2170 litterariae
2112 2119 2483 2187 amandasque
2509 2129 2709 2173 vestra:
2733 2118 3028 2173 academia:
3056 2116 3296 2172 defuisse
3320 2114 3588 2169 videatur.

624 2208 833 2275 Valele,
862 2210 963 2265 viri
991 2207 1314 2264 nobilissimi
1342 2205 1801 2275 amplissimique.
1824 2213 1877 2259 8'-
1904 2202 2296 2273 rempublicam
2324 2203 2551 2278 ejusque
2577 2206 2932 2262 seminarium
2960 2204 3297 2263 academiam
3324 2201 3562 2258 feliciter
3583 2209 3856 2257 curantes

549 2296 823 2353 {renuente
855 2296 1178 2366 furenteque
1207 2295 1412 2350 invidia
1447 2303 1822 2366 perseverate.
2957 2294 3018 2347 D.
3047 2291 3116 2345 V.
3149 2290 3560 2347 addictissimus

618 2407 868 2479 Lugduni
913 2407 1242 2462 Batavorum
1286 2408 1355 2459 A.
1392 2406 1450 2457 li.
1492 2403 1655 2469 1588,
2832 2401 3232 2455 Bomvmvwaa
3277 2395 3699 2456 VULCANIUS.

944 2495 1065 2548 Kal.
1110 2495 1340 2551 Martiis.

893 2783 1084 2842 1"EI).
1122 2780 1509 2842 31013151.“
1551 2777 2016 2841 DEDICATIO
2057 2777 2297 2837 LIBRI
2337 2776 2710 2839 SECUNDI
2751 2777 2860 2836 DE
2907 2777 3485 2839 THEMATIBUS.

1204 2942 1676 2986 ILLUSTRISSIMO
1715 2942 1790 2984 AC
1833 2938 2389 2984 REVERENDISSIMO
2439 2938 2779 2982 CARDINALI
2834 2939 3179 2997 PERRONH),

1712 3070 1747 3111 A
1758 3065 2214 3111 RCHIEPISCOPO
2268 3064 2647 3120 SENONENSI,

712 3199 1059 3248 GERMANIE
1114 3197 1395 3255 PRIMATI,
1437 3194 1963 3241 CHRISTI‘ANISSIMI
2002 3192 2193 3239 REGIS
2236 3192 2524 3237 FBANCIIE
2563 3193 2642 3236 ET
2692 3190 3013 3239 NAVARRE
3054 3193 3655 3242 EILEEMOS'YNARC'HB

1390 3326 1741 3371 FEIIER-ICUS
1784 3326 2118 3371 MOBELLUS
2148 3326 2513 3372 PBOFESSOR
2549 3326 2780 3371 REGIUS
2827 3326 2883 3371 S.
2922 3326 2983 3370 Ρ.

624 3488 703 3542 En
744 3480 1089 3541 Constantini
1130 3478 1729 3551 Porphyrougennetar,
1761 3478 2057 3534 cardinalis
2093 3476 2266 3532 illustr

2197 3477 2478 3542 strissime,
2517 3477 2911 3548 ὁλοπορφύρων
2947 3472 3168 3541 ἁντὰξιε
3212 3473 3449 3540 πολλῶν,
3492 3489 3842 3535 commenta-

554 3580 669 3633 rius
700 3576 767 3629 de
805 3570 1137 3627 thematibus
1177 3567 1592 3639 praefecturisve
1635 3565 1993 3623 occidentalis
2032 3566 2206 3636 partis
2239 3565 2452 3636 imperii
2486 3565 2748 3634 Orientis,
2793 3568 3057 3623 hactenus
3094 3565 3445 3621 desideratus
3481 3575 3537 3621 et
3578 3567 3646 3622 ab
3687 3569 3841 3625 ἱστοο

555 3659 1124 3739 ριαρχαιο).ογοφίλοις
1150 3658 1354 3713 notitia:
1376 3655 1636 3712 Romanae
1662 3656 1925 3711 studiosis
1956 3654 2200 3709 omnibus

2191 3656 2375 3709 svotis
2394 3657 2677 3724 expetitus
2713 3678 2723 3711 :
2759 3671 2927 3723 nunc,
2968 3655 3013 3710 si
3047 3656 3226 3709 minus
3258 3654 3491 3722 integer,
3512 3655 3836 3729 ὁλοσχερὴς,

548 3763 606 3807 at
634 3762 784 3807 certe
809 3757 1047 3819 quantus
1078 3754 1315 3815 quantus
1338 3744 1391 3799 in
1421 3745 1583 3801 unico
1620 3743 1788 3800 veteri
1817 3743 2002 3799 codice
2029 3756 2135 3797 ius.
2156 3740 2342 3811 Regia:
2375 3743 2715 3800 bibliotheca:
2746 3757 2936 3799 recens
2965 3758 2995 3796 a
3027 3757 3134 3809 me,
3155 3744 3347 3797 dextro
3372 3741 3662 3809 Mercurio,
3685 3759 3842 3799 com-

550 3847 738 3909 pertus
763 3848 866 3898 est.
901 3835 1227 3900 descriptus,
1266 3833 1602 3902 recognitus,
1634 3841 1869 3901 utraque
1902 3829 2087 3900 lingua
2128 3831 2518 3900 imperatorum
2557 3832 2735 3887 editus
2771 3832 3022 3905 notisque
3054 3830 3358 3885 illustratus
3399 3830 3617 3900 prodire
3645 3840 3699 3885 et
3733 3832 3842 3886 sub

548 3926 753 3983 eximio
786 3923 1025 3979 caelestis
1069 3922 1271 3992 ingenii
1309 3922 1382 3975 tui
1425 3914 1659 3974 candore
1697 3928 1753 3974 ‘et
1794 3920 1928 3973 nstri
1970 3920 2042 3972 tui
2091 3917 2382 3988 splendore
2425 3933 2692 3989 apparere
2725 3920 2909 3990 gestit.
2939 3919 3137 3986 Quidni
3173 3933 3302 3973 vero
3346 3918 3644 3986 imperator
3675 3919 3836 3991 (ptio-

553 4015 884 4086 μουσὸτατος
917 4012 1010 4065 καὶ
1042 4010 1481 4074 θεοσεϐέστατος,
1522 4011 1574 4063 in
1614 4009 1900 4080 Porpher
1938 4007 2139 4077 palatio
2173 4022 2198 4060 ι]

2192 4016 2334 4062 tatus
2364 4016 2418 4063 et
2445 4009 2717 4076 extemplo
2751 4023 2993 4079 purpura
3030 4007 3273 4071 indutus,
3306 4006 3672 4061 cardinalicia:
3706 4024 3837 4076 pur-

551 4119 702 4171 purae
745 4114 851 4156 tua:
894 4101 1059 4165 decus
1105 4108 1157 4153 et
1203 4099 1514 4169 praesidium
1564 4112 1670 4153 non
1719 4094 1998 4153 ambiret?
2043 4097 2151 4150 imo
2191 4096 2379 4166 quidni
2431 4095 2732 4165 imperator
2777 4095 3315 4166 Porphyrogenitus,
3360 4092 3519 4164 cujus
3568 4092 3835 4161 majestas

551 4191 837 4263 φιλολογίᾳ
863 4201 915 4244 et
943 4189 1169 4244 scicntia
1198 4189 1644 4259 ἁρχιτεκτονικῇ,
1675 4203 1839 4257 quam
1874 4197 1951 4243 tot
1977 4186 2196 4257 βασιλικ

2191 4186 2278 4240 ιῶν
2306 4185 2674 4241 voluminibus
2702 4187 3077 4257 exaggeravit,
3117 4185 3288 4255 magis
3314 4199 3475 4255 quam
3507 4182 3674 4253 pallio
3705 4200 3836 4254 pur-

551 4296 719 4352 pureo
760 4282 1014 4334 decorata
1050 4288 1153 4340 est,
1184 4276 1328 4331 hunc
1377 4292 1595 4347 quoque
1632 4291 1908 4332 musarum
1944 4274 2216 4346 regiarum
2256 4274 2425 4327 fetant
2462 4271 2717 4326 Minerva:
2746 4281 2849 4327 tute
2878 4273 3133 4327 :etherem
3165 4270 3345 4341 peplo,
3384 4273 3483 4325 hoc
3515 4281 3620 4334 est,
3660 4270 3832 4338 ἐγκυ-

547 4368 920 4437 κλοπαεδεὶας,
954 4367 1308 4422 scientiarum
1344 4380 1408 4420 ac
1434 4366 1697 4421 virtutmn
1737 4365 1894 4431 orbe,
1918 4364 2118 4419 includi
2151 4362 2512 4432 percuperet?
2538 4376 2658 4415 cum
2697 4362 2999 4429 prmsertitn
3036 4360 3176 4414 idem
3217 4361 3344 4414 huic
3383 4359 3611 4429 principi
3645 4370 3833 4413 votum

547 4457 712 4513 fuerit
743 4467 905 4525 atque
945 4454 1255 4509 Alexandro
1292 4468 1507 4524 magno,
1542 4455 1665 4518 ταῖς
1708 4452 1936 4525 περὶτὰ
1964 4451 2163 4524 ἄριστα

2196 4448 2517 4521 ἐμπειρίαις
2560 4448 2764 4518 μᾶλλον
2882 4451 3003 4511 ταῖς
3043 4449 3310 4517 δυνάμεσι
3352 4446 3651 4519 διαφέρειν.
3695 4446 3835 4503 Hinc

546 4546 771 4614 cptimis
804 4544 951 4598 curis
978 4557 1080 4612 pro
1103 4541 1281 4596 salute
1306 4541 1498 4611 patriae
1524 4541 1766 4595 animum
1796 4557 2014 4610 semper
2044 4539 2293 4594 exercuit
2318 4547 2372 4593 et
2400 4538 2613 4603 stilum,
2638 4537 2905 4607 optimum
2938 4536 3152 4590 dicendi
3187 4536 3529 4604 magistrum,
3559 4535 3835 4605 siquidem

548 4633 616 4684 ad
654 4633 959 4686 Romanum
992 4628 1184 4694 lilium,
1218 4628 1309 4697 qui
1340 4642 1506 4698 regno
1536 4639 1766 4697 paterno
1795 4629 2084 4691 successit,
2111 4637 2165 4684 et
2197 4625 2438 4696 llugonis
2471 4624 2634 4678 Italia:
2667 4624 2806 4694 regis
2844 4625 3008 4678 filiam
3043 4621 3283 4688 Bertam,
3314 4622 3612 4677 Eudoxiam
3646 4631 3833 4690 postea

549 4702 771 4783 dictam,
815 4731 1038 4772 uxorem
1077 4717 1251 4783 duxit,
1282 4715 1485 4771 librum
1520 4731 1828 4788 gemmeum
1864 4716 2107 4786 scripsit,
2153 4717 2206 4770 in
2250 4728 2358 4781 quo
2392 4714 2664 4781 descripta
2704 4711 2880 4765 fuerat
2919 4727 3132 4765 summa
3173 4712 3337 4766 totius
3375 4709 3548 4765 ϐπ·ωεί
3590 4711 3831 4779 imperii.

550 4817 705 4875 pacta
737 4805 917 4859 omnia
948 4805 1249 4869 sociorum,
1277 4812 1341 4858 ειν
1359 4803 1598 4860 hostium
1641 4806 1822 4872 vires;
1873 4821 2034 4875 quem
2064 4804 2257 4859 Veneti
2291 4802 2574 4873 φιλόκαλοι
2601 4802 2745 4857 velut
2773 4803 3109 4867 thesaurum,
3146 4801 3375 4871 Egnatio
3403 4800 3746 4870 perhibente,
3774 4802 3830 4857 in

546 4893 873 4947 bibliotheca
909 4907 1005 4947 sua
1036 4892 1225 4946 sedulo
1253 4902 1599 4947 conservant.
1622 4886 1776 4950 idem
1812 4887 2060 4949 Romano
2078 4908 2228 4947 more
2257 4905 2483 4946 noverat
2507 4906 2733 4961 parcere
2762 4891 3023 4959 subjectis
3051 4902 3106 4945 et
3137 4888 3416 4944 debellare.
3437 4889 3723 4958 superbos.
3762 4889 3833 4947 Et

542 4993 605 5034 ut
639 4983 690 5035 in
719 4980 910 5050 primis
936 4980 1204 5048 justitiam
1240 4979 1407 5035 coluit
1438 4981 1727 5052 legumque
1759 4983 1974 5038 silentia
2021 4983 2186 5052 rupit,
2224 4982 2297 5034 ita
2332 4980 2601 5051 llesycltia
2628 4994 2722 5034 seu
2755 4981 2938 5050 quiete
2968 4980 3082 5050 ejus
3120 4987 3271 5041 nata,
3297 4977 3496 5047 quippe
3528 4993 3651 5047 qua:
3677 4978 3831 5047 φιλό-

550 5085 701 5139 φρων
732 5068 898 5132 Δίκας
929 5069 1177 5141 θυγάτηρ
1208 5084 1236 5123 a
1273 5068 1507 5125 Pindaro
1539 5070 1866 5133 celebratur,
1891 5071 2205 5127 felicissime
2237 5084 2367 5124 usus
2400 5084 2464 5123 ac
2492 5069 2697 5139 potitus
2727 5078 2833 5136 est,
2857 5076 3112 5136 expertus
3136 5066 3300 5120 etiam
3333 5081 3494 5134 quam
3527 5080 3658 5122 vere
3687 5065 3832 5121 Pau-

548 5154 734 5209 sanias
766 5156 984 5219 dixerit,
1019 5155 1080 5209 τὸ
1111 5157 1174 5209 ὲκ
1203 5155 1340 5210 Θεοῦ
1374 5157 1601 5227 εὐμενὲς
1632 5158 1725 5212 ἐπὶ
1760 5160 1927 5212 ’παντὶ
1962 5156 2193 5230 ἐργάζεο

2181 5157 2293 5211 ςοαι
2326 5155 2632 5229 ῥᾳστώνην.
2664 5156 2784 5211 Non
2822 5165 2906 5210 est
2936 5155 3100 5223 igitur
3128 5153 3271 5223 quod
3298 5154 3542 5210 dubitem
3583 5168 3650 5207 ne
3689 5156 3826 5211 tanti

542 5241 897 5311 imperatoris
925 5242 1202 5296 πολιτικὸν
1237 5230 1587 5328 σύᾶγραμμᾳ
1624 5249 1716 5303 tibi
1755 5249 1825 5303 sit
1866 5247 2187 5317 xatabdpto‘

2186 5264 2226 5313 υ,
2260 5256 2473 5316 gratum
2512 5254 2566 5300 et
2604 5254 2932 5314 acceptum;
2980 5242 3132 5311 cujus
3172 5242 3356 5298 divino
3396 5243 3616 5315 ingenio
3648 5245 3831 5301 consi-

621 5420 702 5491 (a)
741 5418 949 5492 Quibus
984 5426 1135 5492 certe
1167 5417 1481 5492 lnc_e_nrnon
1510 5423 1758 5492 exiguam
1793 5421 1990 5483 afferre
2023 5437 2121 5491 po-
2224 5419 2351 5476 belli
2394 5420 2445 5473 in
2491 5419 2824 5492 bibliotheca
2857 5416 3634 5492 ChristianissimiGallorum
3680 5418 3827 5492 regis

544 5486 745 5546 tuisset
772 5491 942 5563 codex
968 5502 1074 5541 ms.
1105 5487 1172 5540 de
1202 5486 1391 5544 ciliciis
1426 5486 1755 5559 palatiisive
1780 5493 1914 5546 aula:
1938 5486 2120 5563 Cpoli-
2223 5492 2496 5545 asservari
2544 5490 2869 5563 intelligam,
2929 5499 2986 5563 e_t
3017 5489 3164 5541 aliud
3219 5488 3269 5541 in
3328 5487 3659 5563 bibliotheca
3713 5491 3825 5563 Au-

542 5569 712 5634 tanae,
741 5558 895 5634 cujus
932 5572 1057 5634 cum
1089 5571 1191 5625 ego
1213 5568 1338 5634 ante
1367 5558 1536 5634 annos
1572 5558 2014 5634 circitervigint'i
2047 5562 2116 5617 cl.
2222 5571 2453 5634 gustana
2488 5570 2709 5614 exstare
2733 5559 2928 5621 sciam,
2959 5558 3097 5612 bona
3122 5572 3246 5634 spes
3279 5572 3365 5634 me
3398 5560 3558 5634 habet
3586 5558 3826 5634 fore_ali-

549 5645 604 5686 v.
640 5626 922 5703 loaclrinio
957 5626 1455 5703 anpero__Belgico
1490 5633 1541 5685 in
1584 5631 1859 5703 Hispaniis
1879 5626 2119 5701 'prtesidi
2222 5626 2440 5703 quamlo
2475 5643 2533 5703 ut
2568 5641 2666 5683 aut
2703 5644 2818 5683 mea
2852 5640 2966 5693 aut,
3004 5626 3161 5703 quod
3186 5644 3291 5703 non
3333 5630 3643 5703 inviderim,
3677 5628 3819 5682 alte-

549 5700 770 5771 copiam
794 5698 1066 5771 fecissem,
1100 5698 1263 5771 periit
1302 5698 1430 5755 mihi
1467 5718 1569 5756 una
1613 5698 1736 5759 cuin
1776 5698 1985 5771 optimo
2028 5703 2121 5756 illo
2226 5698 2338 5757 r'ius
2365 5701 2597 5770 alicujus
2620 5716 2786 5771 opera
2816 5700 3039 5771 auctori
3057 5699 3218 5754 simul
3244 5710 3297 5753 et
3325 5699 3561 5771 sibi-bac
3584 5699 3635 5752 in
3667 5709 3825 5768 parte

550 5767 976 5838 doctissimoque
1006 5769 1145 5825 viro.
1177 5769 1311 5827 Cum
1339 5779 1516 5829 tamen
1545 5767 1881 5847 ἀντίγραφον
1909 5775 2028 5846 ejus
2058 5773 2119 5829 li-
2218 5767 2592 5829 subveniatur.
2623 5769 2958 5839 VULCANIUS,
2986 5770 3074 5827 ubi
3102 5771 3237 5826 notis
3267 5771 3377 5825 suis
3408 5767 3691 5842 prwfamr.
