2083 3217
197 150 232 182 13
764 154 971 185 νΑΙυοιιυΜ
984 154 1019 184 Pi

1007 154 1266 188 RIEFATIONES.
1795 156 1828 189 Η

194 207 298 241 lioque,
312 206 479 236 felicissimis
504 209 616 237 Henrici
637 209 681 242 IV,
701 210 772 245 regis
785 210 1023 241 Christianissimi.
1045 211 1229 244 invictissimi,
1251 213 1468 244 clententissint.,
1481 213 1623 247 auspiciis,
1645 221 1713 241 nunr-
1734 215 1755 240 si
1774 215 1829 241 ullo

193 258 316 284 amant
331 258 401 286 cro,
420 253 494 287 apud
508 253 605 282 Gallos
623 261 780 282 sermonum
798 260 852 282 stat
869 256 954 282 honos
968 260 995 282 et
1011 256 1098 290 gratia
1113 256 1202 283 vivat.
1220 257 1302 284 Dnret
1323 258 1349 284 in
1367 258 1474 292 longum
1490 265 1622 292 generosa
1637 259 1676 283 vis
1693 259 1736 285 illa
1753 259 1829 292 φιλο-

192 294 275 329 λόγος
285 295 335 322 καὶ
348 295 525 333 εὺεῃετική.
539 297 613 331 Tibi,
629 299 776 326 cardinalis
794 299 987 329 illustrissime,
1006 300 1039 326 de
1053 300 1189 333 republica
1203 300 1371 333 Christiana,
1386 301 1483 335 patria,
1504 301 1600 329 litteris
1614 302 1715 336 optime
1733 304 1830 330 IllClilO

190 338 260 372 Θεὸς
273 338 355 367 δλδια
362 339 421 375 δοίη
435 340 495 371 καὶ.
514 337 546 368 οὗ
560 341 592 367 σὺ
607 341 684 376 ἐρᾷς,
699 342 730 368 τὸ
742 343 842 376 τυχεῖν,
860 341 932 370 Bene
945 342 1009 377 diuq

607 341 684 376 ἐρᾷς,
699 342 730 368 τὸ
742 343 842 376 τυχεῖν.
860 341 932 370 Bene
945 342 1044 377 diuque
1056 343 1124 376 vale,
1138 344 1267 380 ἀρχιερεῦ
1284 345 1425 372 ὁσιώτατε.

372 382 489 413 Lutetia
503 384 670 412 Parisiorum
686 386 777 413 idibus
791 386 878 413 Juniis
895 387 927 413 A.
940 386 971 413 C.
985 387 1066 415 1609.

498 519 647 548 MEURSII
666 519 860 548 PREFATIO
876 520 973 547 LIBRI
996 521 1042 547 DE
1064 520 1364 549 ADMINISTRxlNllO
1379 522 1542 550 HH‘ERIO.

332 579 458 616 Benigne
478 579 588 613 Lector,

222 625 407 661 Compellabo
421 629 447 652 te
464 625 511 652 hic
526 625 552 652 in
567 625 674 657 limine,
695 620 742 653 sed
760 625 863 660 paucis.
885 625 983 660 Accipe
999 625 1220 659 Constantinum,
1237 632 1264 654 et
1283 635 1332 661 pro
1350 628 1494 659 beneﬁcio,
1512 628 1533 655 si
1548 636 1601 656 non
1617 630 1745 664 gratiam,
1756 637 1831 659 certe

190 670 317 698 favorem
333 670 426 698 redde.
442 668 516 696 Nihil
534 675 635 704 pratter
649 670 731 698 istum
749 675 831 705 peto;
849 677 935 704 neque
954 671 1039 704 magis
1058 671 1084 697 in
1105 671 1217 705 proclivi
1233 672 1380 707 quidquam
1396 674 1442 700 tibi
1461 673 1537 700 dare.
1558 674 1635 702 Scias
1652 680 1742 703 autem
1759 678 1830 704 ttttde

191 707 324 742 habeam.
337 713 473 748 Descripsi
489 718 552 740 ante
566 719 684 748 quatuor
697 721 784 741 annos
798 722 830 741 ex
842 714 935 741 codice
947 714 991 748 qui
1005 720 1046 742 est
1059 715 1084 741 in
1098 715 1262 742 bibliotheca
1277 715 1398 742 Palatina
1412 722 1438 743 et
1454 717 1567 745 Joannis
1582 719 1710 753 Baptista:
1722 720 1829 755 Egnatii

191 759 257 786 olim
270 758 360 786 fuisse
377 758 547 794 perhibetur.
566 758 619 785 Sed
633 765 719 793 neque
733 758 962 785 dissimulandum
981 758 1024 785 hic
1040 766 1139 786 censeo
1155 767 1235 792 quant
1253 760 1366 786 tnultttm
1383 761 1432 787 ltoc
1446 761 1504 794 ipso
1520 763 1628 790 nomine
1641 763 1754 791 debeant
1771 765 1830 791 viro

193 802 374 838 amplissimo,
393 801 513 836 Georgio
528 801 739 836 Lingelshetnio,
754 802 919 829 serenissimi
934 802 1059 828 electuris
1073 803 1240 835 consiliario,
1257 804 1302 838 qui
1320 808 1348 830 nt
1365 805 1390 830 in
1410 805 1515 832 litteras
1534 810 1561 832 et
1580 806 1712 835 litteratos
1734 816 1830 836 omnes

194 852 223 874 et
235 846 262 874 in
278 853 323 874 lue
341 845 471 881 privatim
491 846 599 881 egregie
615 845 730 872 aﬂ'ectus
745 850 797 877 est,
811 853 918 872 omnem
939 846 1010 872 Illam
1030 846 1269 874 instructissiutam
1289 848 1481 875 bibliothecam
1497 857 1545 883 pro
1560 850 1674 878 arbitrio
1690 853 1822 879 tractandi

190 891 301 919 veniant
314 889 383 917 mihi
399 897 415 916 a
430 889 554 924 principe
566 897 615 916 suo
633 889 798 924 impetravit.
821 889 890 923 Quin
912 890 1031 918 accessit
1049 891 1100 917 ltuc
1115 898 1225 925 quoque
1245 893 1361 918 comitas
1379 900 1403 920 v.
1419 900 1444 919 c.
1460 892 1519 919 .lani
1537 893 1656 926 Gruteri,
1679 895 1736 928 ejus
1758 903 1830 929 pr:r~

191 935 271 968 fecti,
287 941 336 970 per
350 941 432 968 quem
448 934 519 960 liber
535 934 601 961 tttilti
620 934 741 968 quotidie
757 935 790 961 ad
808 942 867 961 eain
884 941 1011 961 accessus
1028 935 1126 968 patuit.
1144 935 1203 968 Quo
1224 936 1355 963 beneﬁcio
1375 937 1442 964 adeo
1463 945 1506 964 me
1522 938 1629 972 quidem
1646 944 1759 973 uterque
1776 940 1830 967 sibi

189 979 316 1007 devinxit
331 982 361 1005 ut
373 978 483 1014 publice
496 978 522 1004 id
538 978 582 1005 hic
600 979 781 1012 proﬁtendum
796 979 1023 1006 existimaverim.
1048 980 1104 1014 Ago
1119 979 1202 1013 igitur
1216 980 1318 1013 gratias
1331 988 1398 1014 quas
1415 988 1526 1015 possunt
1543 982 1675 1009 maximas
1690 992 1696 1015 ;
1714 991 1782 1018 quas
1799 989 1827 1010 tu

189 1029 302 1058 quoque
314 1029 380 1058 agas
395 1022 471 1053 licet,
491 1021 625 1056 siquidem
639 1022 729 1056 operis
750 1023 831 1056 hujus
846 1023 966 1049 editione
982 1023 1097 1057 gratiam
1115 1032 1129 1050 a
1149 1028 1174 1050 te
1191 1023 1271 1050 ullam
1292 1031 1340 1059 ego
1359 1025 1434 1051 inivi.
1453 1024 1509 1052 lloc
1526 1026 1648 1053 volebam
1665 1027 1773 1055 nescius
1792 1036 1828 1056 ne

188 1074 278 1095 esses.
297 1065 362 1094 Vale
376 1070 415 1098 et,
431 1066 556 1101 quisquis
569 1073 609 1099 es,
626 1067 806 1093 aaternitatcm
825 1067 924 1101 cogita.

382 1202 443 1232 EX
461 1201 675 1232 BANDURII
691 1200 749 1230 DE
773 1202 957 1232 IMPERIO
977 1202 1054 1234 SUO
1076 1203 1313 1235 ORIENTALI
1336 1206 1635 1239 PR/EFATIONE.

227 1275 319 1302 Prima
336 1280 424 1310 parte,
441 1275 467 1302 in
486 1282 538 1309 qua
557 1276 590 1302 de
610 1275 741 1303 divisiOnc
759 1277 960 1310 provinciarum
983 1277 1089 1311 imperii
1107 1278 1222 1306 Romani
1247 1280 1273 1306 itt
1294 1281 1425 1313 themata,
1452 1289 1556 1309 neotton
1576 1283 1608 1309 de
1630 1283 1778 1316 provinciis
1796 1291 1826 1310 ae

191 1320 308 1347 urbibus
320 1320 479 1354 imperatori
492 1318 637 1354 Cpolitano
651 1320 717 1347 olim
735 1320 879 1354 subjectis,
897 1322 1054 1348 continetur
1068 1321 1239 1349 Constantini
1258 1323 1482 1359 Porphyrogeniti
1502 1325 1570 1352 liber
1589 1335 1657 1352 unus
1673 1328 1704 1352 de
1724 1328 1827 1353 thema-

192 1363 264 1390 tibus
274 1361 398 1391 Orientis
416 1367 444 1390 et
458 1362 528 1390 alter
545 1363 579 1390 de
596 1364 761 1390 tbematihus
774 1364 940 1396 Occidentis,
963 1373 1067 1392 necnon
1093 1365 1224 1393 Hieroclis
1252 1367 1428 1395 Grannnatici
1452 1368 1644 1404 Syttccdcntus.
1670 1370 1718 1397 llis
1737 1377 1827 1398 autent

190 1408 299 1435 duobus
312 1407 392 1435 libris
404 1407 657 1442 Porphyrogenitus
672 1408 707 1434 ita
725 1409 843 1435 themata
857 1409 987 1436 describit
1003 1410 1078 1443 (olim
1093 1411 1192 1446 quippe
1205 1411 1276 1447 Οέμσ.
1292 1413 1362 1438 idem
1380 1414 1452 1446 quod
1465 1404 1540 1449 legio.
1552 1414 1711 1446 dicebatur;
1730 1416 1827 1441 deinde

190 1451 300 1486 θέματα
317 1450 459 1486 appellata:
474 1451 631 1486 provinciae,
647 1451 672 1478 in
691 1452 790 1486 quibus
809 1452 929 1486 legiones
944 1453 970 1480 in
991 1455 1125 1488 priesidiis
1140 1456 1234 1484 locata:
1253 1458 1342 1492 erant)
1359 1464 1387 1484 ut
1403 1464 1488 1485 terras
1505 1460 1530 1485 in
1547 1460 1645 1493 quibus
1663 1461 1748 1486 lot-ata
1768 1462 1828 1488 int»

191 1501 266 1528 runt,
287 1497 412 1531 adeoque
425 1496 538 1531 populos
551 1496 650 1531 quibus
665 1497 764 1531 partim
779 1499 942 1533 cognomina
964 1506 1012 1525 sua
1030 1500 1194 1532 debuerunt,
1213 1502 1323 1529 insertis
1341 1503 1549 1537 antiquitatibus
1568 1505 1827 1540 nartsitiombusmto

189 1541 276 1567 rariis
289 1544 496 1567 commemoret.
515 1539 597 1567 Liber
611 1540 687 1575 prior
701 1541 727 1567 in
742 1540 864 1573 Oriente,
884 1541 910 1569 id
932 1547 983 1574 est,
1004 1543 1030 1569 in
1052 1544 1117 1571 Asia
1133 1552 1194 1572 cum
1218 1546 1316 1573 ntinori
1340 1551 1395 1573 tum
1417 1548 1500 1574 cliaut
1524 1548 1631 1581 majori,
1650 1550 1786 1582 posterior
1801 1550 1826 1575 in

187 1584 351 1616 Occidente,
368 1583 395 1611 id
404 1589 457 1615 est.
474 1584 501 1610 in
514 1584 627 1620 Europa:
644 1585 802 1619 provinciis,
821 1585 950 1619 Thracia,
973 1586 1141 1621 Macedonia,
1159 1589 1279 1622 Hellade,
1296 1589 1485 1624 Peloponneso
1502 1597 1529 1618 et
1544 1592 1680 1619 nonnullis
1698 1593 1758 1619 aliis
1776 1593 1827 1619 im-

189 1628 268 1662 tte-rio
281 1627 426 1664 Cpolitano
438 1628 568 1662 subjectis
583 1629 660 1661 locis,
680 1629 801 1656 themata
816 1630 1015 1664 complectitur.
1031 1631 1133 1660 llorum
1149 1633 1267 1667 priorem
1282 1633 1432 1661 Vulcanius
1448 1635 1551 1669 primus
1565 1636 1664 1670 publici
1680 1636 1749 1670 juris
1762 1637 1826 1663 fecit

188 1681 223 1700 ex
234 1682 285 1701 sua
298 1673 476 1704 bibliotheca,
492 1672 588 1699 Latina
603 1675 730 1702 versione
746 1679 773 1701 et
788 1675 860 1702 notis
876 1675 1047 1703 brevioribus
1065 1676 1241 1706 illustratum,
1257 1676 1379 1711 Lugduni
1399 1678 1572 1710 Batavorum,
1587 1687 1634 1713 per
1650 1679 1826 1706 Franrist-nnt

188 1717 461 1752 RapbclengiumJ.
476 1717 559 1750 1588.
574 1718 653 1746 ili-8°.
673 1719 770 1746 [terunt
785 1719 884 1753 prodiit
896 1720 965 1747 idem
981 1720 1050 1747 liber
1060 1728 1122 1747 cum
1138 1721 1219 1747 variis
1236 1722 1409 1753 lectionibus,
1424 1724 1660 1751 cntetnlationilnts
1674 1732 1705 1750 ac
1717 1725 1826 1760 supple-

189 1762 294 1790 mentis
305 1769 340 1789 ex
361 1768 413 1788 ms.
432 1761 528 1789 codice
541 1761 637 1796 Regio,
653 1763 743 1789 Studio
766 1771 798 1790 ac
812 1771 894 1797 opera
911 1763 1034 1791 Fedcrici
1056 1763 1170 1796 Morelli,
1184 1765 1210 1791 in
1226 1765 1354 1797 operibus
1374 1766 1547 1793 Constantini
1567 1767 1646 1794 editis
1661 1767 1772 1798 ibidem.
1793 1776 1826 1794 ev

188 1805 297 1834 oﬂciua
311 1805 495 1837 Elzeviriana,
510 1808 542 1833 A.
563 1806 642 1838 1617.
660 1807 746 1834 iit—8°.
761 1807 882 1833 Alterum
902 1814 965 1833 vero
989 1807 1213 1841 Porphyrogeniti
1236 1807 1346 1838 librum,
1364 1808 1492 1835 nimirum
1509 1810 1542 1835 de
1561 1810 1726 1837 thematibus
1748 1811 1828 1838 Occi-

191 1850 294 1882 dentis,
309 1850 382 1877 idem
397 1849 526 1878 Ilorellus
541 1850 646 1884 primus
655 1850 742 1877 edidit
758 1858 789 1877 ex
807 1850 901 1877 codice
918 1858 968 1877 ms.
984 1850 1156 1877 bibliothecae
1172 1851 1261 1885 Regia:
1272 1858 1333 1878 cunt
1350 1851 1446 1878 Latina
1456 1852 1684 1887 interpretatione
1698 1862 1730 1881 ac
1745 1857 1826 1887 uotis,

189 1896 217 1922 in
230 1895 367 1930 operibus
382 1894 566 1926 Constantini,
580 1895 690 1922 laudato
703 1895 772 1921 loco.
791 1893 868 1921 llunc
885 1899 975 1921 autem
995 1898 1143 1928 utrumque
1157 1894 1382 1930 l’orphyrogeniti
1400 1895 1507 1928 librum,
1521 1897 1553 1923 ad
1568 1897 1753 1924 illustrandum
1769 1906 1825 1926 rem
1871 1891 1874 1894 ’

189 1938 372 1975 Byxantinaut
387 1939 634 1974 pernecessariunt,
649 1939 777 1965 collatum
795 1946 857 1965 cum
874 1938 969 1965 codice
987 1946 1039 1967 ttts.
1061 1939 1145 1969 Regio
1163 1939 1325 1974 bombycino
1341 1948 1369 1968 tt.
1385 1940 1465 1972 9.531,
1486 1947 1548 1968 ante
1564 1943 1725 1977 quingentos
1741 1951 1827 1970 annos

188 1983 303 2011 circiter
316 1983 430 2018 scripto,
447 1983 490 2010 bic
505 1991 567 2010 cum
591 1989 685 2010 nostra
709 1983 803 2009 Latina
827 1983 1053 2017 interpretatione
1068 1989 1094 2009 et
1112 1984 1395 2011 animadversionibus
1418 1986 1590 2013 emettdatttut
1609 1994 1640 2012 :tc
1659 1987 1825 2014 illttstratutn

189 2028 293 2055 iterum
309 2027 501 2062 proponimus,
519 2032 661 2061 sperantes
677 2027 740 2054 inde
756 2027 859 2061 aliquid
874 2026 942 2053 locis
957 2033 984 2053 et
1001 2027 1140 2054 historicis
1155 2032 1182 2054 et
1198 2029 1361 2063 geographis
1377 2036 1563 2058 accessurum.

227 2071 314 2099 Parte
329 2075 421 2099 autent
437 2071 555 2098 secunda
574 2071 691 2098 habetur
708 2072 842 2105 imprimis
858 2071 926 2097 liber
942 2071 1112 2098 Constantini
1127 2070 1354 2106 Porphyrogeniti
1371 2074 1403 2100 ad
1419 2073 1572 2100 Romanum
1588 2075 1690 2107 lilium;
1706 2075 1751 2110 qui
1767 2076 1828 2109 qui-

189 2115 254 2143 dem
268 2123 286 2142 a
305 2115 424 2143 Iettrsio
439 2115 517 2142 titulo
537 2115 575 2142 De
592 2115 808 2142 administrando
826 2115 937 2149 imperio
953 2115 1079 2141 donatur.
1101 2115 1129 2140 ln
1153 2116 1204 2141 ltoe
1227 2121 1318 2143 autem
1340 2124 1434 2150 opere,
1460 2117 1523 2143 dttm
1550 2117 1655 2152 imperii
1680 2120 1828 2153 prudenter

189 2159 407 2187 administrandi
425 2160 559 2186 rationem
578 2159 732 2194 praescribit
749 2159 1011 2194 Porphyrogenitus,
1031 2159 1209 2193 plut-imarum
1226 2161 1348 2195 gentium
1363 2168 1424 2195 qua:
1437 2160 1580 2196 Cpolitano
1597 2163 1710 2196 imperio
1731 2163 1827 2190 formi-

189 2203 299 2233 (labiles
311 2208 403 2235 erant,
418 2202 835 2235 Palzinaeitarum,Bassorum,
846 2203 1036 2237 Bnlgarorum,
1052 2201 1214 2234 Turrarum,
1231 2204 1445 2236 Saracenorum,
1462 2204 1659 2237 Dalmatarum,
1673 2205 1827 2233 Cbrohato-

190 2255 265 2280 runt.
283 2246 438 2279 Slavorum,
455 2246 637 2279 Francorum,
655 2247 784 2274 Italorum
802 2252 828 2273 et
844 2248 972 2278 aliorum,
992 2251 1089 2279 terras,
1106 2247 1236 2282 origines.
1250 2255 1340 2275 mores
1353 2253 1378 2275 et
1394 2255 1470 2283 gesta
1483 2249 1624 2281 describit,
1641 2249 1677 2276 ita
1699 2254 1727 2277 ut
1750 2250 1776 2277 in
1795 2258 1828 2277 eo

189 2299 332 2321 summam
350 2291 433 2318 totius
450 2291 570 2326 imperii,
590 2292 726 2319 sociorum
743 2291 865 2318 omnium
886 2291 999 2323 hedera,
1017 2291 1135 2318 hostium
1153 2291 1235 2323 vires,
1251 2292 1381 2324 rationes,
1397 2293 1510 2319 consilia
1531 2293 1723 2327 CXIlilCﬂVCI'iI;
1746 2299 1829 2328 atque

191 2337 264 2363 adeo
276 2336 370 2370 operis
384 2335 465 2370 hujus
476 2340 668 2370 argumentum
681 2339 734 2361 tant
749 2335 908 2362 historicum
920 2343 1001 2369 quant
1014 2334 1153 2368 politicutn
1167 2340 1220 2367 est,
1234 2340 1262 2362 ttt
1276 2336 1334 2370 ipse
1346 2336 1372 2362 itt
1384 2337 1518 2370 prooemio
1531 2337 1609 2364 docet
1620 2338 1826 2366 Constantinus.

191 2380 298 2408 Pmdiit
315 2381 433 2415 primunt
448 2381 500 2406 ltoc
519 2386 587 2414 opus
605 2378 701 2406 Grzeee
714 2383 741 2406 et
755 2379 850 2406 Latine
864 2379 1012 2413 interprete
1029 2378 1068 2406 lo.
1086 2378 1204 2414 Meursio
1220 2384 1247 2406 et
1261 2388 1322 2407 cum
1339 2380 1398 2415 ejus
1414 2382 1486 2408 notis
1502 2381 1685 2413 brevioribus,
1706 2381 1819 2417 Lugdun

193 2425 374 2456 Batavorum,
393 2423 567 2451 lo.Balduini
582 2424 663 2459 typis,
681 2423 748 2450 Lud.
766 2423 890 2450 Elzcvirii
908 2423 1050 2458 itnpensis,
1070 2423 1102 2450 A.
1118 2423 1197 2456 1H7,
1221 2424 1302 2451 ill-8’.
1323 2424 1408 2457 Quam
1428 2431 1519 2453 autent
1543 2426 1600 2459 ipse
1623 2434 1734 2460 operam
1757 2427 1828 2454 Con-

191 2470 317 2498 stantino
330 2475 489 2496 navaverint
506 2468 532 2494 itt
556 2468 606 2497 hac
625 2475 692 2494 nova
711 2468 842 2498 editione.
860 2467 923 2494 licet
939 2466 1049 2499 planum
1065 2467 1102 2493 sit
1115 2467 1138 2493 ei
1161 2468 1208 2501 qui
1225 2473 1367 2502 utramque
1392 2469 1508 2496 invicem
1532 2470 1689 2501 contulerit,
1709 2471 1829 2498 breviter

191 2519 288 2541 tamen
304 2519 450 2547 exponam.
471 2511 607 2545 Imprimis
632 2516 734 2538 textum
756 2510 881 2539 Grtecum
904 2510 1008 2538 contuli
1031 2518 1092 2537 cum
1115 2512 1210 2538 codice
1225 2520 1275 2539 ms.
1306 2513 1517 2540 incntbranaceo
1542 2514 1713 2541 bibliotltctze
1739 2514 1829 2549 llegiae

190 2557 304 2593 optima:
321 2561 404 2588 notae,
423 2565 449 2584 ιι.
465 2555 546 2589 266i,
565 2563 645 2590 quem
664 2556 743 2582 annis
759 2556 860 2583 abhinc
874 2555 985 2582 circiter
1000 2554 1155 2589 quingentis
1173 2556 1303 2589 scriptuttt
1320 2555 1403 2583 fuisse
1419 2557 1503 2583 aiuttt.
1521 2556 1736 2585 Innumerabiles
1751 2565 1828 2584 tuen-

191 2604 256 2635 das,
275 2601 375 2636 quibus
391 2600 546 2628 Mcursiaua
563 2600 647 2627 editio
667 2600 790 2633 undique
803 2599 937 2629 scatebat,
954 2598 1131 2630 sustulimus;
1149 2598 1205 2625 loca
1229 2604 1354 2634 corrupta
1371 2608 1403 2626 ae
1423 2600 1529 2633 mutila,
1546 2608 1606 2635 qua:
1621 2601 1736 2635 plurinta
1749 2604 1828 2627 erant

190 2645 221 2673 iu
234 2650 312 2672 textu
324 2643 420 2672 Grreco
431 2644 517 2674 edito.
533 2651 565 2670 ex
581 2642 676 2670 eodem
690 2651 742 2670 ms.
759 2641 843 2677 Regio
857 2642 1030 2669 sareivimus.
1046 2641 1182 2669 Praeterea
1198 2648 1277 2676 caput
1290 2643 1325 2670 25
1340 2644 1372 2670 de
1383 2643 1468 2671 Iberia
1484 2648 1511 2670 et
1524 2643 1559 2670 24
1571 2645 1604 2670 de
1619 2643 1758 2677 lltspania,
1769 2649 1828 2676 qua:

190 2687 330 2716 Meursius
344 2692 438 2722 utpote
452 2687 535 2714 nimis
549 2691 688 2720 corrupta.
706 2690 734 2712 ut
753 2686 850 2721 ipsein
874 2686 945 2712 ttotis
959 2685 1007 2717 ait,
1024 2685 1083 2712 sine
1104 2686 1333 2720 interpretatione
1351 2686 1450 2714 Latina
1472 2687 1631 2721 reliquerant,
1651 2686 1746 2712 Latina
1765 2684 1828 2711 feci-

190 2740 265 2760 mus.
281 2730 404 2767 Denique
419 2731 573 2758 versionem
588 2731 671 2757 totius
685 2730 746 2758 libri
767 2731 861 2757 multis
876 2730 901 2757 in
920 2729 1210 2762 locisemendavimus,
1227 2731 1366 2763 auximus,
1381 2736 1522 2765 totumque
1534 2738 1602 2765 opus
1614 2728 1829 2756 animadversio-

189 2775 273 2804 ttibtts
288 2775 499 2803 illustravimus.
514 2774 613 2807 Quanti
627 2778 717 2801 autent
734 2774 886 2801 faciendth
899 2774 934 2801 sit
951 2775 1002 2802 hoc
1017 2774 1243 2811 Porpltyrogeniti
1257 2784 1335 2811 opus,
1352 2777 1379 2804 in
1392 2785 1446 2812 quo
1459 2776 1574 2812 plurima
1591 2775 1727 2803 ltabentur
1743 2773 1828 2800 histo-

187 2819 257 2850 rid;
270 2827 303 2849 ac
314 2818 484 2856 geographia
497 2818 539 2845 vel
553 2818 645 2853 ignota
663 2818 704 2845 vel
722 2818 756 2845 ab
769 2818 810 2846 eis
825 2818 935 2845 silentio
951 2819 1146 2853 pratermissa,
1164 2828 1244 2848 ttento
1259 2821 1301 2849 vcl
1315 2821 1490 2849 mediocriter
1504 2821 1599 2846 doctus
1617 2819 1731 2854 ignorat.
