4166 6460
519 335 590 401 15
1640 329 2046 392 VARIORUM
2076 323 2644 388 PREFATIONES.
3713 317 3784 381 Ῑδ

1946 627 2366 691 MONITUM.

586 799 735 855 Libri
766 797 838 852 De
870 796 1207 851 thematibus
1245 797 1414 864 partis
1457 794 1684 850 alterius
1717 791 1969 864 recensio
1992 806 2141 864 nova
2167 790 2438 864 'l'nbinga:
2467 792 2667 864 prodiit
2694 807 2839 864 anno
2876 790 3016 845 1817
3034 788 3502 864 subitoctttulo;
3530 789 3798 864 Constan-

515 874 659 925 tinus
710 868 1189 938 Porpltyrogenitus
1233 858 1298 920 de
1341 865 1626 938 provinciis
1663 864 1813 938 regni
1854 861 2165 931 Byzantini.
2216 858 2375 915 Liber
2404 858 2687 938 secundus.
2726 860 3232 938 Europa.__Accedit_
3258 858 3523 938 appendix
3564 860 3799 938 aliorum

515 929 836 1005 libellorum,
866 929 1005 991 c'um"
1034 937 1290 999 civilium,
1326 929 1438 989 tum
1486 929 1999 1005 ecclesiasticarum,
2028 942 2254 986 veterem
2283 934 2659 1005 geograpltiam
2683 949 2816 1005 cum
2842 931 3050 1005 inedia,
3070 929 3694 1005 intprimis_BgzanIit_t_a,
3707 931 3800 1005 _il-

511 999 896 1066 lustrantinnt.
932 1005 1097 1061 Novis
1122 1007 1267 1059 curis
1302 1007 1469 1060 edidit
1502 1004 1890 1073 epistolamqae
1929 999 2810 1073 criticamipriemisit‘Tlteophiius
2830 1001 2958 1056 Luc.
2989 999 3302 1073 Fridericus
3337 1000 3507 1073 Tafel.
3535 1001 3647 1067 pltit

518 1085 629 1136 litt.
656 1080 823 1148 untiq.
860 1078 914 1130 in
949 1093 1058 1148 reg.
1095 1069 1896 1148 Unit'ersitaterTnbingeusiLP.
2044 1070 2138 1148 9.,
2171 1069 3081 1148 MonacensisAgatieutgnsodqlis,
3118 1071 3397 1148 δικξίςζαιὶΔ
3423 1069 3802 1148 (ξαορναρΙιίειτ

525 1140 965 1217 Francoftirtensi
1006 1140 1298 1217 ascriptus.
1335 1146 1595 1216 Tubiugte
1615 1140 2007 1217 inbibliopolio
2038 1141 2258 1217 Henrici
2283 1141 2491 1217 Laupp.
2514 1142 2860 1217 Μυοσσξι
2875 1142 3009 1208 VII,
3037 1143 3116 1217 if.
3149 1172 3218 1217 -_-
3254 1140 3799 1217 l’rtefa_tionettt_opu-

525 1223 681 1274 sculo
710 1210 1073 1289 praemissam,
1098 1210 1222 1288 qua:
1253 1210 1604 1289 Constantini
1631 1210 2086 1289 _librum_egrcgic
2117 1212 2388 1289 illustrat,
2403 1210 2756 1289 exhibemus.
2778 1212 2899 1289 Jan:
2917 1212 3355 1289 superioritomo
3381 1210 3806 1289 observationes

522 1280 774 1361 ejusdem
817 1286 883 1341 ad
917 1280 1076 1343 usum
1119 1280 1368 1343 nostrum
1404 1285 1776 1342 derivavitnus
1805 1284 1894 1338 ubi
1916 1280 2459 1338 'tle'Stadiodrotnico
2490 1280 3084 1355 Byzatttino-Crctettsi
3113 1285 3292 1354 agitur
3324 1282 3453 1354 (col.
3492 1280 3675 1351 125I).

589 1555 933 1613 Constantini
984 1562 1284 1612 thematum
1336 1556 1761 1626 (provinciarum
1805 1556 1954 1627 regni
2002 1554 2105 1626 By-
2133 1561 2181 1619 Α
2211 1555 2486 1619 Rhodum,
2542 1552 2795 1608 hostibus
2840 1553 3143 1622 expositus,
3190 1564 3361 1620 quare
3407 1563 3520 1603 uno
3563 1549 3806 1602 themate

522 1649 754 1722 zantini)
789 1649 1005 1704 libellus
1042 1650 1176 1702 duas
1210 1649 1377 1703 habet
1415 1658 1620 1718 partes,
1660 1665 1889 1718 quarum
1929 1659 2108 1718 poste-

529 1742 729 1795 riorem
780 1738 1106 1810 (Europam)
1153 1741 1305 1794 novis
1342 1739 1491 1794 curis
1534 1744 1586 1794 in
1624 1739 1798 1795 lucem
1835 1739 2107 1808 publicam

525 1831 848 1886 emittimus.
914 1829 1124 1884 Titulus
1182 1829 1425 1898 opusculi
1466 1838 1595 1885 est:
1637 1828 1744 1882 Τοῦ
1792 1830 2108 1899 σοφωτάτου

528 1923 795 1992 βασιλέως
837 1922 1251 1977 Κωνσταντίνου
1290 1921 1384 1976 τοῦ
1428 1924 1948 1995 Πορφυρογεννήτου
1980 1924 2112 1995 περὶ

527 2014 637 2067 τῶν
666 2014 939 2085 θεμάτων,
972 2012 1082 2066 τῶν
1112 2013 1426 2081 ἀνηκόντων
1458 2016 1526 2085 τῇ
1559 2013 1809 2086 βασιλείᾳ
1833 2015 1939 2067 τῶν
1979 2017 2113 2069 Ῥω-

510 2149 517 2157 ,
533 2108 732 2177 μαίων,
754 2106 921 2160 πόθεν
951 2105 1109 2175 ἔσχον
1136 2106 1236 2169 τὰς
1274 2105 1593 2176 ὀνομασίας,
1615 2106 1711 2160 καὶ
1736 2106 1790 2159 τί
1813 2108 2113 2175 σημαίνου-

531 2215 616 2251 σιν
644 2200 694 2251 αἱ
719 2196 923 2251 τούτων
946 2197 1332 2268 προσηγορίαι,
1360 2198 1455 2251 καὶ
1484 2197 1648 2250 ama
1675 2197 1774 2267 μὲν
1799 2196 1981 2253 αὐτῶν
2011 2200 2114 2270 ἀρ-

539 2286 813 2358 χαῒζτουσι,
856 2290 925 2342 τὰ
969 2287 1026 2340 δὲ
1078 2288 1207 2341 νέαν
1239 2287 1539 2358 ἐκτήσαντο
1579 2288 1679 2358 τὴν
1715 2287 2111 2359 προσηγορίαν.

606 2379 863 2447 Sequitur
892 2376 1158 2447 prmfatio,
1194 2377 1249 2431 in
1275 2392 1383 2445 qua
1417 2377 1714 2446 imperator
1741 2394 1802 2432 tle
1828 2380 2112 2447 expositu-

442 2470 457 2483 ‘
532 2488 652 2527 rum
711 2471 1018 2542 pollicetur,
1073 2470 1215 2525 unde
1253 2468 1491 2539 θέματος
1537 2469 1908 2525 denominatio
1971 2470 2115 2525 deri-

528 2565 707 2619 vanda
741 2564 848 2631 sit;
873 2578 982 2633 quo
1006 2578 1130 2617 cum
1162 2562 1433 2633 promisso
1457 2577 1562 2617 non
1591 2561 1814 2619 stetisse
1847 2563 2113 2639 videmus.

502 2656 724 2728 'Neque
756 2658 900 2712 enim
938 2656 1087 2710 aliud
1135 2665 1343 2719 narrat,
1381 2654 1484 2710 nisi
1525 2657 1628 2709 hoc
1664 2653 1677 2710 Ξ
1725 2654 1969 2724 legiones
2008 2656 2114 2709 Ro-

536 2761 822 2801 manorum
857 2745 923 2799 ab
946 2744 1090 2799 .lulio
1119 2744 1337 2799 Caesare
1367 2745 1433 2797 ad
1461 2741 1833 2798 Theodosium
1869 2759 2043 2813 usque
2066 2752 2119 2797 et

538 2839 775 2908 reliquos
805 2837 1167 2906 imperatores
1194 2820 1539 2889 Christianos
1571 2835 1789 2888 nomina
1825 2850 1855 2889 e
1883 2836 2116 2888 nationi-

2212 1646 2708 1711 eireumscribitur,
2732 1659 2847 1700 non
2888 1643 3061 1697 multo
3083 1641 3372 1711 pluribus?
3400 1640 3630 1710 Ipseque
3672 1638 3800 1692 Ilie-

2216 1739 2413 1801 rocles,
2452 1737 2766 1793 Iustiniano
2794 1737 3066 1799 lcoaevns,
3096 1734 3277 1789 Asiam
3298 1732 3590 1797 Minorem,
3617 1726 3649 1784 a
3678 1730 3807 1784 Bar-

2212 1832 2366 1887 baris
2395 1833 2635 1886 nondum
2683 1832 2945 1893 accisam,
2987 1830 3040 1883 in
3074 1826 3388 1898 provincias
3426 1825 3581 1895 longe
3619 1824 3804 1894 plures

2215 1924 2523 1994 distinguit,
2562 1939 2725 1994 quam
2750 1926 2988 1992 scriptor
3021 1930 3208 1977 noster
3238 1928 3593 1988 purpuratus.
3637 1915 3803 1982 Quid,

2212 2016 2359 2085 quod
2407 2026 2653 2085 tempore
2700 2014 2969 2068 Mauuelis
3010 2012 3360 2082 imperatoris
3406 2009 3589 2063 omnis
3628 2008 3807 2061 ternae

2215 2107 2450 2162 Thracia
2499 2122 2606 2162 uno
2643 2107 2881 2161 themate
2926 2105 3324 2172 comprehensa
3377 2114 3500 2155 esse
3546 2097 3806 2152 videtur?

2214 2199 2490 2254 Caeterum
2522 2199 2636 2269 ipse
2670 2199 2805 2253 liber
2840 2198 3071 2266 primus,
3107 2194 3352 2262 exceptis
3386 2189 3595 2261 paucis,
3630 2188 3804 2243 multo

2219 2289 2415 2345 melius
2450 2305 2508 2344 se
2548 2289 2731 2354 habet,
2785 2303 2949 2356 quam
2991 2286 3295 2349 secundus;
3352 2283 3404 2337 id
3448 2282 3592 2351 quod
3627 2281 3809 2336 omnis

2219 2392 2406 2435 nostra
2434 2380 2688 2435 tractatio
2709 2381 2763 2433 in
2796 2378 3098 2432 clarissima
3126 2375 3245 2429 luce
3272 2373 3582 2429 collocabit.

2290 2472 2446 2526 Liber
2475 2474 2699 2541 primus,
2734 2472 2923 2525 Oriens
2958 2486 3005 2525 s.
3037 2470 3195 2523 Asia.
3229 2468 3636 2522 Enumerantur
3660 2463 3808 2519 XVII

2219 2567 2513 2634 provincia:
2538 2580 2583 2621 s.
2620 2566 2857 2618 themata
2883 2563 3104 2618 totidem
3139 2561 3434 2632 capitibus.
3468 2561 3524 2613 1.
3559 2559 3810 2613 Anatoli-

2220 2669 2368 2709 cum.
2405 2655 2461 2707 2.
2513 2653 2917 2707 Armeniacum.
2967 2652 3021 2706 5.
3071 2650 3512 2706 Τιιτορεεὶονυιιι.
3562 2650 3618 2704 4.
3649 2648 3810 2719 Opsi-

2220 2747 2388 2799 cium.
2417 2743 2470 2797 5.
2510 2744 2870 2813 Optimatum.
2902 2742 2957 2797 6.
2992 2741 3443 2798 Bucellariorum.
3484 2742 3535 2795 7.
3572 2739 3812 2811 Paphla-

2226 2836 2404 2906 gonia.
2436 2835 2490 2889 8.
2522 2835 2771 2890 Chaldia.
2801 2837 2856 2890 9.
2893 2835 3301 2905 Mesopotamia.
3336 2835 3422 2890 10.
3447 2833 3689 2889 Colonia.
3719 2834 3808 2887 11.

537 2930 641 2983 bus
670 2928 753 2981 vel
780 2925 997 3012 aliunde
1028 2925 1194 2996 petita
1228 2924 1504 2990 habuisse,
1539 2924 1698 2993 cujus
1720 2924 1966 2993 exempla
1992 2924 2096 2978 all'e
2156 2923 2194 2976 Β
2228 2926 2502 2981 Sebastia.
2531 2920 2616 2979 12‘.
2644 2924 2953 3012 Lycandus.
2984 2926 3070 2980 I5.
3097 2924 3365 2981 Seleucia.
3397 2925 3484 2980 14.
3506 2924 3813 2995 Cibyrrteo-

539 3027 766 3082 runtur;
805 3003 1018 3086 istbque
1052 3030 1167 3071 aevo
1202 3017 1562 3084 imperatores
1592 3031 1779 3070 curam
1819 3016 1942 3070 belli
1980 3017 2124 3084 ipsos

538 3112 974 3166 administrasse.
1015 3108 1089 3161 Ea
1128 3108 1417 3162 immutata
1450 3122 1572 3162 esse
1606 3109 1731 3163 inde
1770 3108 1837 3163 ab
1878 3107 2126 3163 Heraclio

541 3209 889 3277 imperatore.
910 3205 989 3258 Eo
1012 3213 1252 3271 tempore
1268 3201 1443 3256 accidi
1464 3203 1597 3258 fines
1623 3203 1836 3271 imperii
1856 3204 2122 3272 coepisse;

548 3298 676 3351 hinc
704 3298 853 3365 ipsas
879 3308 1094 3363 quoque
1118 3293 1428 3362 provincias
1470 3302 1805 3357 contractas,
1826 3304 1879 3346 et
1907 3294 2126 3348 numina

543 3385 728 3441 Grrcca
771 3402 867 3455 pro
904 3385 1111 3438 Latinis
1151 3401 1246 3455 per
1283 3381 1688 3439 adeetationem
1728 3385 1935 3450 electa;
1976 3383 2119 3454 Οέμα

548 3493 673 3532 vero
704 3493 731 3531 a
765 3491 895 3532 voce
921 3476 1070 3539 θέσις
1096 3476 1450 3531 descendere.

617 3568 672 3623 ιιι
705 3567 1039 3637 prmfationis
1072 3578 1479 3636 argumentum,
1502 3583 1605 3620 non
1647 3566 1812 3620 aliud.
1836 3566 1957 3633 Quo
1983 3567 2126 3621 enim

548 3662 787 3731 ἢέματος
825 3661 908 3714 vis
937 3669 990 3713 et
1013 3674 1205 3713 sensus
1234 3660 1417 3713 tendat
1462 3658 1626 3731 (legio
1673 3658 1898 3728 ejusque
1935 3661 2125 3722 sedes,

545 3754 587 3809 i.
634 3769 685 3809 θ.
711 3750 1031 3821 provincia),
1059 3752 1158 3805 hoc
1188 3751 1427 3804 meliusa
1448 3752 1525 3804 Dn
1558 3750 1761 3817 Cangio
1792 3767 1838 3804 s.
1858 3765 1909 3804 v.
1939 3751 2130 3805 edoce-

551 3859 692 3906 mur,
751 3858 911 3911 quam
966 3843 1035 3894 ab
1081 3842 1198 3910 ipso
1253 3844 1601 3910 imperatore.
1673 3840 1882 3895 Revera
1945 3853 2126 3895 autem

534 3932 1138 4001 'linnslantinopolitani
1210 3931 1601 4001 imperatores,
1665 3933 1943 4003 Byzantini
2010 3938 2132 4000 post

566 4027 941 4088 theodosium,
995 4038 1099 4077 non
1156 4021 1362 4086 Latini,
1404 4023 1589 4077 Grtcca
1652 4023 1830 4094 lingua
1869 4039 1974 4078 suo
2012 4021 2130 4085 iure

512 4119 866 4180 mtebantur,
913 4115 1039 4169 talia
1092 4115 1462 4185 incogitanter
1501 4115 1585 4168 vel
1630 4131 1725 4185 per
1762 4115 2129 4170 adulationem

512 4250 516 4255 .
548 4209 894 4277 improbante
925 4206 1218 4261 Laurentio
1241 4204 1416 4276 Lydo,
1434 4203 1623 4261 Graeco
1647 4207 1936 4276 scriptore,
1960 4205 2130 4261 Justi-

512 4348 519 4353 .
555 4297 700 4351 niani
731 4294 749 4349 l
780 4297 914 4365 imp.
949 4310 1151 4359 cozvo,
1188 4296 1241 4349 in
1270 4296 1409 4351 libro
1440 4294 1518 4349 De
1564 4296 1971 4366 magistratibus
2007 4295 2126 4360 111,
2160 4294 2203 4316 “’

542 4388 648 4453 158;
680 4402 886 4443 morem
913 4400 1042 4441 vero
1069 4385 1435 4454 antiquiorem
1460 4386 1622 4441 iidem
1652 4401 1759 4442 non
1787 4387 2129 4457 abjecerum,

554 4489 603 4532 et
637 4478 906 4548 legionum
948 4491 1168 4531 suarutn
1207 4476 1426 4532 nomina
1464 4490 1498 4531 e
1526 4478 1823 4547 provinciis
1868 4478 2133 4533 maximo-
2159 4463 2172 4475 ’

510 4585 682 4640 μνοιέ
730 4572 1053 4630 hauserunt,
1107 4570 1248 4623 umle
1306 4568 1509 4623 milites
1566 4569 1921 4638 cogebantur,
1976 4582 2131 4624 usum

518 4662 654 4717 .vacvi
684 4660 776 4715 ‘sui
811 4669 960 4713 recte
993 4668 1290 4724 sectantes,
1328 4675 1433 4712 non
1470 4660 1692 4727 prioris.
1739 4659 1880 4725 Quid
1923 4659 2134 4713 multa?

535 4751 856 4821 Jmperator
884 4751 1224 4804 orthodoxus
1255 4749 1435 4819 carpit
1470 4748 1797 4814 Ileraclium,
1833 4765 1999 4813 unum
2036 4766 2135 4803 an-

515 4852 913 4904 -»tecessorum,
933 4839 1138 4909 optime
1166 4840 1233 4892 de
1263 4839 1431 4910 regno
1454 4840 1707 4894 orientali
1736 4840 2010 4906 meritum,
2040 4841 2133 4894 sed

512 4950 519 4958 '
564 4935 746 4987 minus
788 4932 1175 4987 orthodoxam.
1234 4933 1310 4987 De
1367 4933 1482 5001 ipso
1522 4933 1644 4988 libri
1691 4944 2032 5001 argumento,
2081 4934 2135 4988 id

557 5023 702 5093 quod
736 5024 1205 5094 exspectabamus,
1256 5038 1356 5078 nec
1392 5025 1516 5078 vola
1551 5040 1651 5079 nec
1689 5025 1993 5094 vestigium.
2024 5024 2136 5081 ’8ο-

520 5136 529 5141 -
558 5116 731 5170 cunila
755 5116 1037 5185 scriptoris
1065 5115 1315 5170 socordia
1344 5116 1397 5169 in
1428 5132 1494 5171 eo
1526 5127 1803 5181 versatur,
1833 5119 1972 5185 quod
1995 5120 2134 5187 parti

554 5223 668 5263 sua:
704 5207 891 5270 prima:
913 5207 1001 5277 (de
1032 5206 1259 5264 Oriente
1284 5223 1330 5263 s.
1355 5208 1502 5279 Asia)
1559 5209 1774 5262 titulum
1809 5209 2135 5278 peculiarem

556 5317 665 5357 non
709 5301 987 5370 imposuit,
1038 5299 1279 5355 secundo
1314 5300 1592 5369 imposuit.
1626 5295 1910 5356 Postremo
1947 5316 2047 5356 nec
2074 5315 2135 5355 ca

494 5380 495 5383 “
559 5395 775 5463 quidem
803 5392 939 5447 satis
974 5401 1120 5448 recta
1161 5401 1309 5459 sunt,
1343 5408 1462 5461 qua:
1495 5393 1562 5448 de
1590 5394 1794 5448 ambitu
1826 5394 2139 5464 provincia-

514 5482 523 5489 ’
562 5503 676 5540 mm
724 5502 754 5539 a
795 5484 1054 5541 Barbaris
1112 5487 1296 5542 acciso
1345 5486 1721 5556 perhibentur.
1777 5486 2139 5557 Imperatores

2231 3028 2428 3071 tarum.
2464 3018 2551 3072 15.
2590 3017 2817 3087 Cyprus.
2854 3019 2936 3071 16.
2986 3016 3203 3072 Samus.
3246 3018 3331 3071 I7.
3361 3018 3507 3071 Mare
3545 3016 3810 3087 Egaeum.

2297 3106 2528 3176 Jamque
2571 3108 2637 3162 de
2678 3110 2761 3162 his
2817 3110 3086 3176 capitibus
3127 3124 3424 3179 eorumque
3469 3117 3809 3178 argumento,

2229 3201 2373 3269 quod
2426 3197 2777 3253 multifariam
2831 3199 3136 3254 illustratur
3181 3200 3320 3254 libro
3378 3199 3456 3255 De
3508 3200 3812 3253 administr.

2228 3294 2379 3360 ξιτψ..
2415 3307 2537 3359 cap.
2563 3277 2665 3357 '50,
2730 3292 2799 3346 ob
2833 3292 3004 3346 solam
3040 3293 3408 3362 maximopere
3444 3294 3811 3361 comparatio-

2232 3400 2379 3450 nem,
2422 3385 2566 3440 inter
2599 3385 2830 3455 primam
2861 3393 2917 3439 et
2956 3386 3246 3440 secundam
3280 3394 3486 3456 partem
3520 3384 3816 3440 iustituen»

2230 3476 2642 3544 dam,quaedam
2661 3474 2979 3546 exponenda
3009 3485 3063 3531 et
3092 3476 3359 3530 mouenda
3394 3490 3516 3531 esse
3539 3477 3816 3531 videnlur.

2302 3563 2544 3619 Primum
2586 3566 2783 3631 thema,
2827 3566 3186 3621 Anatolicum.
3231 3564 3305 3620 Ita
3338 3566 3470 3633 dici,
3519 3567 3820 3638 imperator

2231 3658 2327 3725 ait,
2366 3668 2614 3728 respectu
2657 3657 2888 3725 Europa:
2916 3656 3321 3729 Byzantiique;
3355 3668 3601 3728 respectu
3635 3658 3820 3715 Meso-

2231 3752 2501 3822 pOIamiae,
2522 3748 2716 3819 Syrian,
2734 3762 2869 3813 etc.,
2894 3750 3191 3818 nuncupari
3213 3748 3559 3805 Occidentale
3579 3751 3815 3806 medium

2233 3845 2317 3916 (τὸ
2345 3843 2570 3897 Δυτικὸν
2603 3840 2792 3912 μέσον)
2815 3853 2868 3895 et
2888 3841 3074 3894 Asiam
3100 3841 3386 3897 Minorem.
3416 3842 3633 3896 Initium
3660 3845 3820 3898 habet

2234 3935 2328 4002 (ita
2360 3930 2773 4002 Constantinus)
2805 3935 2873 3984 ab
2896 3931 3160 4000 oppidulo
3200 3932 3415 4002 Μηρὸς,
3450 3940 3505 3986 et
3545 3933 3596 3986 in
3634 3931 3813 4003 lungi-

2237 4026 2479 4081 tndinem
2510 4027 2854 4096 protenditur
2899 4039 3072 4093 usque
3110 4025 3177 4078 ad
3214 4032 3423 4078 montes
3460 4021 3718 4089 Isauriae;
3762 4024 3815 4077 in

2232 4117 2580 4171 latitudinem
2620 4132 2649 4170 a
2681 4116 2903 4171 sinistra
2936 4115 3115 4185 tangit
3163 4112 3599 4169 Buccllariorum
3636 4116 3817 4170 thema

2235 4218 2290 4263 et
2315 4207 2737 4278 Cappadociam,
2769 4221 2799 4260 a
2842 4208 3032 4261 dextra
3075 4206 3340 4261 Isauriam
3372 4214 3426 4260 et
3457 4206 3671 4261 initium
3706 4206 3824 4261 the-

2235 4298 2402 4352 matis
2433 4296 2916 4367 Cibyrrtcotarum.
2955 4295 3352 4366 Complectitur
3391 4297 3633 4366 quinque
3665 4306 3820 4350 vete-

2236 4407 2355 4444 rum
2420 4389 2755 4460 provincias,
2814 4404 2936 4458 qua:
2984 4398 3114 4444 sunt
3170 4406 3184 4442 :
3241 4389 3472 4460 Phrygia
3527 4388 3819 4454 Salutaris,

2228 4482 2533 4555 Lycaonia,
2566 4482 2795 4546 Isauria,
2824 4479 3169 4554 Pamphylia,
3195 4483 3419 4537 Pisidia.
3453 4482 3655 4537 Deinde
3682 4484 3821 4536 bona

2234 4575 2483 4644 quaedam
2541 4573 3024 4643 intersperguntur
3068 4575 3134 4626 de
3194 4571 3460 4643 regimine
3511 4583 3566 4625 et
3626 4570 3823 4627 ﬁnibus

2238 4664 2397 4732 hujus
2431 4664 2684 4717 thematis
2715 4673 2841 4716 ante
2880 4662 3193 4723 Arcadium.
3219 4661 3349 4715 item
3377 4661 3476 4716 sub
3501 4660 3658 4729 ipso;
3697 4662 3824 4715 hinc

2236 4769 2359 4828 post
2403 4755 2741 4817 Mauricium,
2777 4753 3023 4809 instante
3063 4770 3179 4808 aevo
3223 4753 3648 4808 Saracenorum.
3708 4754 3823 4806 Ad-

2236 4848 2441 4903 duntnr
2484 4844 2732 4915 quaedam
2769 4846 2836 4899 de
2876 4844 3164 4900 Persarum
3198 4860 3312 4898 aevo
3350 4854 3405 4898 et
3438 4842 3817 4899 Macedonum.

2311 4938 2614 4993 Secundum
2644 4937 2844 5000 thema,
2877 4936 3271 4993 Armeniacum.
3310 4934 3693 4992 Denominatio
3738 4946 3823 4992 est

2239 5026 2559 5096 impropria,
2593 5040 2693 5080 nec
2722 5024 2971 5080 IIeracIio
3002 5025 3133 5095 imp.
3159 5023 3386 5095 ejusque
3407 5024 3822 5080 successoribus

2240 5121 2524 5174 vetustior.
2566 5118 2880 5189 Respondet
2920 5118 3274 5187 Cappadociae
3310 5127 3577 5182 veterum,
3624 5117 3822 5187 majori

2241 5225 2317 5265 sc.
2348 5209 2675 5279 minorique.
2704 5207 3000 5263 Justiniani
3027 5207 3047 5260 I
3071 5208 3283 5261 aliusve
3330 5206 3680 5277 imperatoris
3709 5223 3824 5262 arvo

2241 5298 2584 5371 Cappadocia
2613 5301 2881 5370 tripartita
2909 5314 3030 5354 esse
3059 5300 3256 5369 cmpit;
3287 5310 3341 5354 et
3376 5301 3624 5369 superior
3659 5315 3824 5370 parva

2242 5394 2545 5458 dicebatur,
2582 5386 2769 5449 media
2797 5392 3184 5459 Cbarsianum,
3231 5393 3503 5447 maritima
3542 5393 3828 5449 Armenia-

2241 5500 2363 5541 cum
2395 5487 2488 5557 (ob
2519 5487 2790 5541 Armeniae
2825 5485 3127 5557 viciniam).
3161 5485 3322 5540 Varia
3365 5486 3437 5541 ibi
3470 5486 3826 5556 interponun-

562 5576 842 5643 Byzantini
868 5576 1274 5649 provinciarum
1308 5576 1443 5633 lines
1473 5587 1528 5632 et
1568 5579 1785 5633 nomina
1810 5595 1910 5647 pro
1932 5587 2135 5647 tempo-
2168 5598 2213 5652 ι)
2243 5588 2332 5634 tur
2370 5580 2439 5635 de
2490 5581 2709 5650 antiqua
2755 5580 3111 5649 Cappadocia:
3168 5579 3417 5634 historia.
3471 5578 3605 5634 Ilinc
3658 5580 3823 5635 nrbes

560 5683 675 5719 I‘Ulll
711 5668 922 5724 ratione
944 5669 1247 5737 mutabant,
1274 5684 1379 5726 non
1404 5679 1615 5725 tantum
1640 5671 1901 5726 bellorum
1927 5671 2134 5726 eventi-

560 5760 661 5815 bus
692 5760 842 5817 moti.
873 5761 937 5818 Et
964 5778 1193 5835 magnus
1228 5763 1332 5821 iste
1379 5773 1585 5822 tractus
1612 5763 1860 5823 Ciliciam
1901 5765 2046 5822 inter
2080 5775 2134 5820 et

2243 5672 2482 5742 potiores
2517 5672 2681 5726 totius
2706 5670 3055 5741 Cappadocia;
3085 5682 3140 5726 et
3180 5671 3440 5726 nobilium
3466 5672 3826 5742 quorumdam

2243 5764 2624 5835 Cappadocum
2665 5764 2881 5821 nomina
2922 5772 3311 5821 memorantur.
