4166 6438
505 409 576 480 19
1632 405 2041 476 VAHIORUM
2084 407 2537 478 PREFATION
2544 418 2654 478 ES.
3721 411 3792 478 20

507 531 645 584 satis
685 527 905 598 quidem
940 525 1318 598 indiligenter,
1351 523 1462 580 imo
1500 522 1748 579 confuse.
1785 522 1843 577 In
1886 521 2100 592 Europa
2129 529 2176 583 A
2207 523 2536 582 Macedoniae
2580 526 3008 599 (Thessalonicae
3044 543 3089 583 s.
3137 525 3438 583 Thessaliae
3477 527 3639 583 medii
3663 529 3788 598 aevi)

505 617 760 672 Thraciae
799 617 928 673 facit
961 631 1084 673 cum
1114 614 1404 678 Hierocle;
1433 614 1631 669 deinde
1657 629 1790 668 vero
1823 613 2100 683 Rhodopae

507 720 711 781 przeter
750 709 1233 778 Maximianopolin
1273 718 1327 763 et
1367 705 1756 776 Trajanopolin
1785 706 1929 775 (qua:
1962 705 2100 759 istuc

505 816 636 857 vere
662 803 1030 873 pertinebant)
1056 799 1303 856 attribuit
1323 797 1749 867 Parthicopolin,
1779 795 2098 851 Heracleam

509 893 844 965 Strymonis,
876 891 1091 954 Serras,
1127 891 1427 960 Philippos,
1463 889 1869 944 diversissimas
1891 903 1920 940 a
1951 885 2100 942 Rho-

509 987 671 1053 .tope,
731 998 811 1039 se.
872 983 1076 1038 veteris
1109 979 1439 1034 Macedonia:
1476 977 1661 1033 urbes.
1691 976 1748 1032 Id
1781 977 1939 1047 longe
1975 993 2097 1033 ree-

515 1077 620 1130 tius
653 1076 706 1130 in
743 1074 1014 1138 Hierocle,
1041 1086 1202 1143 quem
1232 1070 1375 1127 vide.
1405 1069 1754 1126 lltemimonti
1783 1071 2096 1140 eparehiam

511 1168 673 1222 tertio
696 1166 818 1222 loco
849 1166 1020 1238 ponit,
1047 1164 1325 1221 Hierocles
1348 1172 1586 1233 quarto;
1622 1172 1886 1218 cancrum
1916 1164 1971 1218 in
2003 1179 2098 1218 ur-

511 1265 672 1321 bibus
703 1263 978 1319 consentit
1014 1279 1136 1316 eum
1170 1261 1440 1318 Hierocle.
1477 1259 1595 1316 Jam
1625 1261 1876 1329 sequitur
1904 1261 2095 1329 insipi-

508 1357 636 1410 dum
679 1355 810 1410 illud
880 1354 1150 1425 Ἐπαρχῑσ.
1181 1353 1449 1426 Θρᾴκης..
1479 1353 1648 1424 κλίμα
1679 1352 1958 1407 Μεστικδν
2006 1352 2100 1406 καὶ

521 1447 1702 1521 Ἀκόντισμα,Φιλιππούπολις,8ερόη,νῆσσ›;
1719 1447 1916 1513 Θάσος,
1935 1449 2099 1518 νῆσος

507 1532 864 1613 Σαμοθρᾴκη.
885 1540 1088 1596 Verum
1117 1541 1198 1594 ha
1214 1540 1404 1595 insula.-
1421 1555 1607 1594 revera
1633 1549 1790 1594 erant
1813 1538 2100 1607 Rhodopes

507 1649 660 1703 pars,
701 1633 782 1687 vel
829 1635 1154 1700 (secundum
1187 1632 1515 1698 Hieroclem)
1543 1631 1870 1688 Macedoniae
1891 1633 2098 1702 primae,

511 1726 603 1780 ubi
629 1725 771 1780 idem
801 1740 901 1781 suo
925 1725 1042 1782 loco
1065 1724 1228 1780 habet
1250 1724 1422 1794 κλίμα
1447 1724 1719 1780 Μεστικδν
1737 1726 1831 1780 καὶ
1864 1724 2102 1778 Ἀκόντι-

514 1832 653 1888 σμα,
678 1833 994 1888 quanquam
1017 1817 1145 1871 illud
1170 1816 1339 1886 κλίμα
1359 1817 1654 1881 Meet-mm,
1679 1816 1870 1871 mediis
1887 1817 2099 1870 urbium

508 1909 822 1967 nominibus
842 1912 1242 1982 interpositum,
1264 1912 1394 1967 mihi
1413 1912 1727 1967 etiamnunc
1745 1909 1825 1964 vel
1847 1909 2092 1977 spurium

510 2003 594 2056 vel
623 2015 944 2071 corruptum
973 2019 1095 2060 esse
1124 2003 1374 2070 videtur;
1404 2003 1634 2072 Philippi
1663 2017 1793 2057 vero
1816 2010 1870 2056 et
1899 1999 2091 2054 Bertea

509 2085 758 2149 Thracite
777 2096 966 2165 (sensu
995 2094 1207 2166 stricto)
1237 2095 1383 2165 apud
1407 2093 1713 2148 Hieroclem
1741 2101 1887 2148 recte
1904 2105 2096 2146 occur-

510 2190 638 2240 runt
697 2198 818 2241 eum
882 2187 1353 2256 Diocletianopoli,
1406 2183 1772 2256 Sebasmpoli,
1833 2186 2090 2256 Diospoli.

509 2275 780 2332 Hieroclis
809 2275 1031 2348 Mysiam
1061 2277 1285 2342 omittit,
1316 2277 1368 2330 in
1390 2276 1613 2346 Scythia
1640 2291 1761 2330 cum
1786 2291 1850 2331 eo
1869 2290 2095 2330 consen-

507 2380 670 2424 nens.

581 2534 884 2596 Secundum
941 2540 1136 2603 thema,
1192 2539 1534 2596 Macedonia.
1611 2540 1915 2595 Notandum
1969 2548 2094 2592 ante

507 2634 692 2685 omnia
730 2633 968 2696 videtur,
1009 2633 1151 2687 hanc
1195 2634 1340 2687 inter
1378 2632 1630 2687 Tltracitn
1673 2632 2095 2703 Strymonisque

509 2727 752 2778 themata
788 2726 937 2792 poni,
963 2733 1017 2778 et
1043 2734 1162 2794 post
1188 2723 1533 2795 Strymonem
1566 2727 1716 2793 sequi
1743 2723 2094 2780 Thessaloni-

509 2829 651 2880 cam,
687 2815 725 2869 i.
763 2832 814 2870 e.
852 2815 1227 2870 Macedoniam
1271 2817 1472 2870 veteris
1511 2833 1739 2880 sensus;
1770 2831 1932 2884 quam
1970 2817 2093 2870 dein

507 2919 653 2975 ιιιειο
680 2909 880 2962 iterum
899 2909 1094 2962 ordine
1125 2908 1327 2977 excipit
1350 2907 1586 2971 Grzeeia,
1609 2918 1716 2962 etc.
1737 2907 1776 2960 Ε
1805 2924 1968 2962 sensu
1999 2907 2096 2974 igi-

511 3003 600 3054 tur
635 2999 982 3069 imperatoris
1017 3000 1103 3054 hic
1136 2998 1466 3054 Macedonia:
1492 2999 1679 3053 titulus
1721 2999 2093 3053 Macedoniam

511 3109 540 3146 ιι
577 3103 760 3146 vetere
796 3092 1068 3145 diversam
1096 3089 1390 3159 signiﬁcat,
1425 3107 1502 3146 sc.
1540 3108 1656 3147 eam
1693 3087 1942 3146 Thracite
1973 3105 2096 3158 par-

2204 631 2324 672 esse
2351 618 2540 672 voluit.

2279 707 2514 762 Tertium
2580 715 2778 774 thema,
2835 707 3106 778 Strymon.
3161 704 3334 761 Breve
3389 705 3680 776 capitulum
3735 715 3789 758 et

2205 817 2342 869 pene
2395 799 2570 854 futile.
2628 799 2958 854 Macedonia:
3008 799 3257 865 junctum
3309 811 3431 852 esse
3483 797 3791 868 Strymonis

2206 894 2425 959 thema;
2487 892 2670 947 nullibi
2732 891 2990 947 thematis
3037 891 3257 944 nomine
3312 903 3626 954 occurrere,
3693 887 3790 942 sed

2204 985 2440 1038 ('Iisurtt'.
2475 983 2706 1053 Scythas
2739 981 2978 1056 (Slavos)
3019 981 3228 1036 incolas
3265 982 3488 1046 habere,
3528 981 3596 1034 ab
3627 979 3793 1034 Justi-

2206 1072 2369 1125 niano
2414 1071 2769 1126 Rhinotmeto
2821 1071 2872 1124 in
2925 1069 3192 1138 angustiis
3247 1067 3576 1138 Strytnoniis
3633 1068 3790 1121 sedes

2203 1180 2330 1219 suas
2361 1165 2604 1232 adeptos.
2642 1162 2832 1216 Dicere
2877 1159 3128 1223 debebat,
3185 1160 3366 1228 prisco
3413 1156 3788 1228 (Macedonum

2202 1255 2704 1326 Romanorumque)
2735 1266 2976 1325 tempore
3006 1252 3334 1308 Macedoniae
3366 1260 3573 1319 partem
3622 1248 3792 1304 fuisse

2204 1366 2360 1407 suum
2409 1349 2716 1421 Strymonis
2750 1349 2929 1403 thema
2979 1345 3042 1414 (I.
3075 1345 3434 1398 συνετέτακτο
3464 1358 3560 1412 pro
3597 1340 3792 1395 συντε-

2202 1444 2462 1511 τακται);
2521 1441 2796 1512 peculiare
2843 1449 3022 1494 autem
3080 1437 3372 1504 provinciae
3440 1449 3634 1488 nomen
3686 1435 3793 1488 isto

2204 1547 2319 1588 tero
2358 1549 2462 1588 non
2512 1533 2792 1597 habuisse,
2841 1546 3018 1600 neque
3057 1530 3220 1584 etiam
3263 1527 3468 1581 ultimis
3503 1535 3628 1580 ante
3666 1524 3790 1578 Sla-

2205 1641 2397 1681 vorum
2442 1623 2908 1694 Bulgarorumque
2934 1622 3224 1676 adventum
3274 1618 3508 1680 smculis,
3565 1617 3662 1672 sed
3711 1616 3794 1670 di-

2205 1729 2346 1775 ctam
2386 1716 2728 1773 solummodo
2775 1714 3214 1777 clisnrarchiam,
3256 1713 3292 1765 i.
3332 1727 3383 1766 e.
3422 1711 3542 1781 ejus
3577 1708 3794 1782 generis

2208 1813 2509 1882 regionem,
2539 1809 3058 1879 cujusmomentunt
3102 1807 3154 1860 in
3216 1807 3328 1859 sola
3368 1813 3578 1858 constat
3616 1817 3809 1883 angu-l

2205 1903 2432 1957 stiarum
2477 1917 2699 1955 snarmn
2735 1899 3022 1965 custodia;
3056 1897 3113 1951 id
3150 1899 3294 1967 quod
3339 1912 3497 1951 secus
3536 1903 3656 1950 erat
3700 1895 3791 1948 de-

2197 1996 2341 2050 cimo
2411 1994 2656 2059 smculo,
2714 1992 2804 2046 ubi
2867 2005 2976 2046 non
3051 1989 3218 2045 semel
3279 1998 3489 2042 tantum
3551 1988 3794 2042 occurrit.

2199 2086 2510 2157 στρατηγὸς
2575 2084 2905 2154 Στρυμόνος.
2957 2081 3018 2135 lu
3081 2080 3215 2136 istas
3269 2090 3453 2134 autem
3513 2079 3792 2148 angustias

2199 2178 2483 2232 Slavornm
2553 2175 2831 2232 rebellium
2880 2174 3319 2242 Strynruuioruut
3383 2181 3590 2240 part-un
3637 2171 3790 2239 jussu

2199 2271 2550 2341 imperatoris
2601 2271 2761 2324 modo
2812 2268 3100 2323 memorati
3145 2281 3173 2320 a
3225 2266 3407 2320 littore
3449 2266 3599 2317 sinus
3631 2260 3790 2331 Stry-

2200 2365 2393 2428 monii,
2425 2365 2514 2418 uhi
2561 2362 2890 2417 commercia
2935 2361 3313 2429 impedierant,
3360 2359 3411 2411 in
3459 2357 3572 2410 lora
3622 2355 3792 2422 magis

2198 2457 2341 2512 edita
2377 2465 2431 2510 et
2465 2464 2696 2517 remota,
2740 2452 3019 2522 angustias
3049 2451 3392 2520 potissimum
3427 2447 3790 2518 Strymonias,

2201 2559 2442 2604 remotos
2479 2546 2669 2600 fuisse.
2705 2545 2884 2614 Atque
2919 2545 2970 2598 id
3015 2544 3287 2608 ultimttm,
3323 2557 3428 2596 non
3465 2540 3634 2603 aliud,
3668 2540 3789 2593 novi

2201 2656 2396 2696 nomen
2443 2651 2707 2701 meretur,
2753 2638 2896 2706 quod
2927 2637 3110 2698 unice,
3152 2634 3212 2696 ni,
3259 2634 3434 2697 fallor,
3469 2639 3656 2685 nostro
3698 2646 3794 2682 ea-

2199 2733 2371 2803 pitulo
2418 2729 2701 2786 debemus.
2757 2727 3013 2798 Singulas
3059 2737 3242 2780 autem
3305 2726 3464 2793 hujus
3535 2707 3794 2777 thematis

2201 2825 2366 2877 urbes
2411 2822 2762 2886 vetustiores,
2809 2829 2868 2872 ut
2916 2819 3081 2873 etiam
3124 2816 3523 2872 Thessalonicae
3555 2811 3791 2867 Thessa-

2199 2911 2421 2980 li:equc,
2451 2925 2614 2978 supra
2642 2908 3044 2977 prreoecupavit
3078 2907 3198 2960 loco
3224 2908 3432 2975 inepto.

2273 3002 2533 3067 Quartum
2597 3001 2790 3063 thema,
2853 2997 3248 3052 Thessalonica.
3295 2997 3512 3051 lnitiutn
3567 2993 3792 3064 capituli

2201 3103 2474 3149 curtatutu
2529 3107 2651 3148 esse
2714 3103 2960 3162 apparet.
3010 3091 3145 3157 Quis
3212 3090 3359 3144 enim
3418 3088 3792 3141 narrationem

514 3188 646 3251 tem,
683 3186 969 3253 quaeinter
1000 3185 1234 3240 Hebrum
1269 3187 1608 3253 Pontumque
1633 3183 1898 3237 Euxinum
1927 3192 2092 3253 patet,
2125 3216 2169 3278 Ο
2205 3189 2470 3254 integram
2507 3196 2559 3240 et
2603 3184 2934 3255 singularem
2975 3186 3043 3239 ita
3083 3184 3313 3252 orcipiet
3344 3201 3358 3237 :
3393 3181 3466 3234 Τὸ
3493 3179 3549 3233 δὲ
3581 3179 3697 3243 νῦν,
3737 3195 3794 3232 κ.

513 3293 618 3332 non
643 3295 672 3332 c
703 3277 1012 3348 StrymOuis
1035 3279 1343 3344 occidente;
1382 3279 1432 3333 id
1465 3278 1633 3348 quod,
1662 3287 1718 3330 ut
1746 3278 1896 3341 alibi,
1931 3291 2009 3332 sc.
2040 3277 2091 3330 in

513 3369 642 3423 A~ia
691 3369 844 3433 facit,
879 3370 1042 3425 claris
1091 3371 1275 3424 verbis
1327 3371 1637 3440 signiﬁcare
1673 3370 1905 3424 debebat
1934 3369 2098 3424 homo

515 3470 847 3530 purpuratus
867 3456 1188 3515 librariusve
1211 3459 1347 3530 ejus,
1379 3463 1431 3515 ni
1459 3461 1723 3515 socordia:
1750 3477 1778 3514 a
1806 3461 2100 3516 lectoribus

517 3539 828 3606 insimulari
887 3552 1119 3608 volebat.
1164 3552 1304 3619 Quid
1357 3567 1491 3620 ergo
1525 3553 1715 3606 borum
1769 3552 1885 3607 loco
1927 3561 2101 3606 tentat

516 3639 778 3713 agitque?
803 3641 1011 3698 Promit
1039 3644 1422 3715 compendium
1453 3646 1722 3714 quoddam
1757 3645 1957 3699 veteris
1990 3641 2102 3698 Ma-

517 3736 758 3791 cedoniae
793 3727 1222 3806 (ThesSaIOuicaa
1255 3737 1416 3792 medii
1443 3738 1586 3806 aevi),
1627 3753 1654 3792 c
1685 3735 1966 3806 Stephano
2000 3736 2103 3808 By-

519 3828 745 3882 zantino
797 3842 902 3882 non
963 3827 1267 3898 cpitomato
1315 3829 1419 3896 (sic
1477 3831 1677 3895 statuo)
1733 3831 2099 3897 desumptum.

519 3916 650 3972 Post
689 3919 825 3984 haec,
870 3918 1020 3972 nullo
1061 3919 1292 3974 transitu
1331 3920 1398 3973 ab
1441 3902 1891 3975 antecedentibus
1937 3920 2103 3981 facto,

522 4013 829 4069 llieroclem
870 4013 1135 4068 exscribit
1185 4014 1250 4068 de
1289 4013 1488 4083 duplici
1541 4013 1855 4068 Macedonia
1901 4013 2108 4068 veteris

521 4122 738 4173 sensus,
767 4115 823 4160 et
853 4106 1073 4175 quidem
1105 4105 1204 4161 aevi
1241 4097 1562 4161 Diocletiani
1598 4106 1741 4172 rell.,
1784 4107 1985 4161 stolide
2020 4107 2105 4162 ine

524 4196 752 4250 trudens
787 4188 1124 4263 Maroneam,
1163 4190 1447 4266 Topirum,
1493 4195 1802 4267 Nicopolin,
1837 4199 2106 4269 ltltapolin

523 4287 807 4357 (Neapolin
832 4288 895 4358 ?).
917 4285 1432 4360 Cereopyrgttttt-(?),
1469 4289 1975 4360 Diocletiauopoliu,
2009 4292 2110 4347 Se-

523 4379 852 4450 liastopolin,
908 4395 1029 4451 quae
1092 4390 1220 4434 sunt
1271 4381 1471 4452 partim
1526 4377 1838 4450 Rhodopes,
1906 4383 2106 4453 partim

522 4469 770 4528 Thracia:
796 4487 958 4529 sensu
982 4474 1196 4538 stricto,
1220 4475 1308 4528 ubi
1331 4487 1424 4529 eas
1451 4485 1596 4528 recte
1621 4475 1782 4530 habet
1809 4475 2108 4540 Hierocles,

2203 3296 2250 3333 1:.
2277 3278 2373 3332 )..?
2406 3276 2673 3332 Cancrum
2703 3277 2968 3345 agnoscit,
3018 3276 3099 3330 sui
3144 3274 3406 3343 temporis
3434 3270 3793 3325 Thessaloni-

2205 3387 2325 3426 cam
2382 3371 2547 3424 totius
2595 3369 2825 3438 alicujus
2865 3370 3158 3438 provincia:
3204 3381 3400 3419 nomen
3446 3364 3636 3417 fuisse.
3690 3361 3788 3414 De-

2208 3463 2334 3518 ltinc
2372 3463 2573 3517 addere
2612 3461 2866 3524 debebat,
2905 3461 3077 3528 ipsam
3134 3471 3370 3528 quoque,
3421 3463 3480 3506 ιιι
3542 3453 3795 3522 Strymo-

2209 3557 2355 3611 nium
2400 3555 2601 3618 thema,
2631 3555 2832 3607 veteris
2875 3552 3202 3607 Macedonia:
3233 3559 3442 3619 partem
3478 3545 3666 3609 fuisse,
3703 3558 3803 3612 pro

2211 3652 2406 3705 insano
2453 3650 2561 3704 isto
2594 3650 2758 3718 μέρος
2787 3645 3092 3715 τυγχάνει.
3134 3644 3449 3714 Sequuntur
3497 3639 3799 3694 archmolo-

2211 3743 2331 3813 gica
2367 3741 2635 3810 quaedam,
2665 3739 2883 3792 aliunde
2920 3737 3129 3805 plenius
3173 3737 3473 3804 meliusque
3501 3743 3649 3788 nota.

2287 3833 2544 3897 Quintum
2590 3832 2785 3891 thema,
2846 3828 3029 3882 "cllas
3071 3826 3346 3898 (Grumio).
3402 3826 3561 3881 Initio
3609 3825 3802 3894 capitis

2216 3924 2450 3976 trivialia
2479 3923 2643 3974 habet
2679 3920 2746 3975 de
2775 3920 2994 3973 nomine
3022 3917 3267 3973 Graeciae.
3305 3915 3597 3971 Enimvero
3639 3916 3801 3986 hujus

2213 4015 2454 4071 horealia
2489 4012 2878 4083 (Thessaliam)
2909 4027 2970 4066 ex
3001 4011 3270 4076 Hierocle,
3317 4021 3374 4066 ut
3409 4009 3798 4076 vidinms,jam

2216 4113 2640 4178 prmoccupavit,
2675 4121 2988 4176 quanquam
3020 4106 3063 4158 is
3102 4101 3440 4159 Thessaliam
3473 4117 3649 4171 neque
3687 4101 3801 4155 Ma-

2213 4202 2457 4257 cedoniae
2519 4200 2745 4264 (veteris
2811 4199 3028 4266 sensus)
3083 4196 3285 4266 jungit,
3361 4210 3539 4265 neque
3581 4194 3808 4248 δι’ωεὶιὲ

2217 4293 2386 4357 addit,
2419 4293 2600 4362 potius
2635 4293 2702 4347 ab
2735 4302 2965 4360 utraque
2995 4306 3113 4343 eam
3154 4299 3209 4344 ιιι
3241 4288 3573 4359 singularem
3604 4297 3806 4341 terram

2216 4388 2523 4458 distinguit.
2566 4381 2729 4441 Fines
2764 4384 3184 4441 autemGrmcia:
3219 4385 3270 4437 iu
3300 4381 3791 4452 Thermopylarum

2221 4482 2510 4551 angustiis,
2546 4494 2643 4550 per
2695 4477 2990 4534 Leonidam
3033 4478 3218 4543 claris,
3255 4477 3420 4546 ponit,
3459 4487 3514 4530 et
3545 4476 3808 4543 PeIOpon-
3873 4497 3887 4510 -

525 4579 688 4633 quem
736 4563 882 4619 vide.
927 4564 1147 4620 Omittit
1190 4581 1406 4635 quoque
1455 4565 1729 4620 Larissam
1779 4565 2101 4630 (Macedoni-

2222 4590 2413 4629 nesutu
2471 4592 2500 4628 a
2554 4573 2766 4628 Graecia
2823 4579 3063 4638 separat,
3116 4579 3304 4625 contra
3357 4579 3594 4630 veteres,
3640 4578 3808 4635 atque

523 4673 642 4712 cam
672 4657 799 4727 sc.).
835 4656 891 4711 lu
924 4649 1242 4712 Macedonia
1273 4659 1510 4712 secunda
1537 4659 1811 4713 consentit
1833 4674 1956 4714 cum
1984 4659 2109 4714 llie-

523 4749 686 4804 rocle.
724 4741 843 4803 Jam
875 4750 1004 4820 quid
1037 4749 1321 4818 sequitur?
1350 4747 1667 4813 Miraberis,
1699 4750 1810 4805 itno
1840 4752 2104 4820 stupebis.

525 4839 809 4896 Thessalia
863 4841 1089 4910 (veteris
1145 4830 1362 4912 sensus)
1415 4842 1681 4912 sequitur,
1733 4858 1856 4896 cum
1918 4844 2110 4898 iisdem

525 4931 690 4999 plane
723 4930 947 4988 urbibus
973 4932 1295 5002 insulisque,
1321 4948 1459 5003 quas
1489 4933 1767 4989 Hierocles
1793 4933 1956 4988 habet
1989 4945 2113 5004 post

527 5021 901 5077 Macedoniam
937 5034 1248 5093 Utramque.
1294 5019 1510 5080 Oblitus
1550 5025 1735 5094 igitur,
1777 5034 1898 5094 post
1931 5029 2110 5081 thema

527 5129 686 5168 suum
739 5114 1038 5168 secundum
1089 5112 1510 5183 (Macedoniam)
1572 5117 1760 5170 venire
1803 5114 2115 5187 Strymonis

530 5205 737 5266 thema,
785 5204 911 5258 dein
951 5204 1382 5275 Thessalonica,
1425 5208 1804 5262 somnolentus
1845 5207 2021 5278 pergit
2057 5207 2110 5261 iu

524 5298 890 5354 cascribendo
918 5299 1190 5364 Hierocle,
1229 5302 1318 5371 qtti
1344 5317 1444 5356 suo
1473 5301 1727 5372 iustoque
1762 5300 1960 5356 ordine
1989 5307 2110 5368 post

526 5388 875 5445 Macedonias
891 5389 1054 5447 habet
1069 5385 1700 5459 lessaliamﬁrmeiam
1715 5411 1839 5449 cum
1861 5393 2094 5459 Pelopou

534 5495 666 5537 neso
689 5493 744 5537 et
770 5483 963 5539 insulis
986 5485 1333 5554 quibusdam,
1364 5486 1605 5550 Cretam,
1624 5496 1732 5541 etc.
1756 5485 1815 5540 Et
1830 5501 1900 5557 go
1930 5491 2116 5539 norter

531 5573 766 5643 scriptor
801 5589 924 5644 post
953 5575 1251 5633 Thessalia:
1283 5580 1444 5632 urbes
1481 5579 1666 5632 haecin
1695 5578 1800 5632 line
1843 5574 2064 5646 apponit
2099 5587 2111 5629 :

534 5657 694 5740 Ἕως
735 5661 834 5721 ὦδε
878 5669 938 5723 τὸ
973 5669 1112 5742 θέμα
1167 5668 1528 5734 Μακεδονῖας.
1567 5669 1669 5725 Ubi
1714 5669 1897 5724 forsan
1923 5672 1969 5725 ei
2003 5671 2113 5726 sin-

533 5755 738 5820 gularis
767 5759 990 5827 quidam
1016 5761 1175 5817 medii
1203 5764 1302 5816 εενὶ
1337 5779 1466 5816 Usus
1495 5761 1749 5830 loquendi
1782 5762 2110 5816 obversaba-

535 5847 643 5913 ⁸υή
681 5848 772 5918 qui
797 5845 1132 5908 Thessaliam
1164 5852 1386 5922 (veteris
1416 5853 1636 5924 sensus)
1664 5864 1874 5922 partem
1911 5854 2114 5909 veteris

2215 4665 2376 4718 etiam
2410 4663 2742 4726 Hieroclem,
2773 4664 2864 4733 qui
2896 4673 3184 4733 utramque
3217 4662 3416 4730 jungit.
3468 4661 3586 4730 Ipse
3625 4669 3806 4715 tamen

2217 4757 2593 4824 imprudenter
2624 4765 2785 4824 caput
2817 4769 2976 4810 suum
3025 4755 3097 4808 ila
3148 4753 3350 4808 claudit
3383 4771 3396 4807 :
3427 4753 3538 4806 Καὶ
3566 4751 3806 4805 τοσαῦτα

2219 4851 2376 4919 μὲνὴ
2461 4847 2658 4911 Ἑλλὰς
2718 4849 2862 4903 κατὰ
2919 4849 3014 4901 τὸν
3083 4845 3380 4917 Ἱεροκλέα.
3447 4847 3814 4915 lucogitanter

2217 4945 2382 4995 etiam
2408 4942 2632 4997 Graeciae
2663 4943 2825 4996 urbes
2874 4957 3037 4996 ικκικ
3079 4941 3288 5002 tribuit,
3321 4940 3462 5008 quod
3495 4954 3599 4992 non
3643 4938 3817 5006 ipsius

2219 5035 2442 5089 Graecia.-
2492 5037 2752 5090 convenit
2797 5038 2887 5106 (ab
2945 5051 3007 5087 ea
3063 5033 3495 5102 Peloponnesum
3546 5030 3811 5099 separat),

2223 5128 2318 5181 sed
2352 5127 2670 5192 llieroclete,
2696 5129 2786 5180 ubi
2818 5139 3008 5181 revera
3035 5130 3138 5180 iste
3163 5139 3325 5180 Lxxtx
3358 5125 3573 5178 ttrbitmt
3609 5123 3816 5175 insula-

2229 5236 2457 5290 rumque
2491 5237 2749 5276 numcrus
2786 5230 2934 5274 ret-te
2981 5219 3212 5287 legitur;
3255 5232 3483 5285 quarum
3512 5216 3716 5285 primas
3740 5227 3815 5268 vlt

2225 5329 2288 5367 ex
2357 5312 2602 5368 Ilierocle
2663 5313 2878 5381 repetit,
2945 5311 3132 5365 addito
3200 5328 3296 5376 per
3366 5309 3641 5379 pigritiam
3693 5314 3816 5376 post

2228 5406 2549 5475 Ἄμφισσαν
2604 5403 2705 5460 hoc
2741 5405 2877 5470 solo,
2905 5405 3000 5457 καὶ
3047 5405 3145 5466 τὰς
3181 5401 3399 5464 λοιπάς.
3452 5400 3642 5454 Mirum
3685 5413 3814 5469 pos-

2227 5505 2420 5562 tremo,
2455 5498 2596 5563 quod
2635 5513 2739 5550 non
2778 5498 3037 5551 Euhteam
3080 5509 3297 5565 quoque
3323 5493 3681 5556 obliviscitur,
3715 5503 3816 5545 nec

2225 5584 2491 5653 Cycladas
2517 5584 2899 5655 Algitttttttque.

2295 5676 2515 5729 Setiam
2555 5677 2752 5736 thema,
2797 5673 3212 5740 Peloponnesus.
3242 5669 3372 5726 Eant
3406 5671 3458 5724 itt
3490 5655 3820 5722 anteeeden-

2227 5767 2368 5820 libus
2427 5782 2548 5819 eum
2591 5763 2802 5818 Grzecia
2847 5766 3146 5834 junxerat;
3204 5763 3315 5832 jam
3365 5777 3490 5814 vero
3539 5761 3660 5827 (suo
3705 5770 3820 5810 ει·νο

2225 5854 2554 5924 Obseqttt‘ns)
2588 5864 2826 5924 separat,
2855 5861 2912 5906 ut
2941 5851 3270 5921 singularem
3304 5850 3640 5919 provinciam
3671 5855 3818 5900 trac-
