4166 6436
485 373 561 453 23'
1610 359 2016 442 VARIORUM
2067 360 2635 444 PREFATIONES.
3690 387 3762 455 24

485 516 595 564 τίθη
626 509 793 565 ﬁliam
823 507 1047 564 “0mina
1072 504 1334 561 urbium?
1363 503 1716 573 Responde”
1743 502 1797 557 ίη
1826 512 2075 571 βτοητβιιι
2104 502 2155 562 Α
2183 528 2278 582 ges
2310 514 2589 577 habuisse,
2626 526 2830 587 eosque
2879 513 3238 568 ﬁnitimorum
3268 528 3486 584 quoque
3512 516 3762 571 dominus

488 604 593 657 est.
642 601 1045 670 Extravagatus
1088 608 1229 662 erat,
1275 613 1396 651 cum
1444 610 1508 651 ex
1568 594 1814 649 Hierocle
1847 593 2069 648 Daciam

488 693 949 749 mediterraneam
982 706 1102 745 cum
1127 691 1353 745 urbibus
1390 695 1681 758 repeteret,
1705 688 1847 756 quod
1881 700 2075 754 reapse

488 787 685 843 melius
710 785 1071 842 conveniebat
1117 783 1273 837 initio
1322 782 1593 852 opusculi,
1625 795 1785 849 quam
1823 778 1913 832 ηιιί
1950 795 1965 843 ;
2019 789 2075 833 et

491 877 828 934 Dardaniam
882 875 997 931 fere
1030 890 1155 930 cum
1192 874 1432 928 themate
1459 887 1557 928 suo
1589 871 1906 943 Strymonio
1950 872 2074 941 jun-

492 986 624 1040 gcrc
661 978 894 1038 poterat,
925 977 980 1021 ut
1034 975 1242 1036 partem
1296 963 1595 1018 borealem.
1644 962 1764 1019 .lam
1813 977 1963 1029 vero,
2005 963 2073 1017 ad

493 1077 687 1117 sanam
719 1070 958 1116 mentem
1000 1074 1278 1123 reversus,
1313 1057 1519 1126 reliqua
1547 1058 1785 1112 themata
1819 1056 2072 1127 aggredié

495 1166 605 1218 tur,
641 1152 907 1215 Siciliam,
938 1150 1401 1223 Longohardiam,
1426 1148 1803 1216 Chersone-n;
1860 1150 1927 1204 de
1951 1151 2074 1218 qui-

496 1241 599 1301 bus
647 1258 779 1300 vero
820 1243 895 1299 nil
943 1243 1083 1312 apud
1134 1241 1460 1297 Hieroclem.
1520 1241 1577 1295 In
1628 1240 1797 1294 altera
1853 1239 2072 1309 capituli

490 1344 648 1405 parte
680 1335 830 1389 varia
857 1333 1098 1389 inculcat
1128 1332 1195 1388 de
1217 1328 1632 1400 antiquitatibus
1673 1330 2026 1400 Dyrrachinis
2052 1345 2067 1394 ;

491 1428 559 1482 de
579 1425 942 1482 Constantino
967 1425 1061 1490 M.,
1108 1425 1395 1494 imperium
1435 1422 1799 1477 Romanorum
1850 1423 1992 1475 inter
2013 1421 2074 1475 li-

490 1519 593 1573 Iios
619 1519 927 1587 partiente;
961 1526 1236 1582 postremo
1275 1515 1344 1570 de
1387 1513 1676 1580 Dalmatia,
1704 1512 1871 1568 italiae
1901 1512 2074 1568 ascri-

489 1610 689 1675 benda,
721 1611 895 1679 patria
936 1605 1280 1672 Diocletiani,
1316 1606 1495 1677 impia:
1541 1605 1818 1661 memoria:
1842 1605 2074 1676 impera-

491 1702 651 1764 toris,
681 1701 863 1769 ibique
887 1715 1024 1770 aqua
1042 1690 1466 1770 iucundissima.

569 1791 839 1845 Decimum
865 1789 1063 1855 theam,
1123 1788 1334 1844 Sicilia.
1366 1788 1423 1844 In
1471 1790 1573 1844 hoc
1634 1788 1901 1849 themate,
1935 1787 2070 1841 utin

493 1884 721 1953 reliquis
759 1882 988 1947 duobus,
1012 1881 1272 1938 immunis
1301 1892 1382 1937 est
1406 1880 1601 1935 Noster
1652 1878 1945 1934 Hieroclem
1974 1884 2074 1933 au-

493 1971 806 2037 Ctoritatis:
843 1985 1005 2040 quem
1039 1971 1362 2040 scriptorem
1387 1969 1454 2024 de
1515 1969 1602 2024 his
1656 1968 1733 2022 nil
1781 1966 2074 2021 tradidisse

493 2064 770 2129 existimo,
819 2072 915 2118 aut
936 2063 1186 2134 periisse,
1220 2077 1341 2131 quae
1378 2061 1626 2115 tradidit.

564 2155 709 2228 Ergo
733 2156 974 2212 Siciliam
1024 2166 1149 2211 ante
1186 2170 1338 2225 papae
1368 2154 1598 2209 Romani
1649 2152 1934 2223 imperium
1964 2166 2070 2205 non

495 2249 811 2320 Byzantinis
841 2250 1089 2319 paruisse
1114 2249 1211 2312 ait,
1241 2249 1336 2303 sed
1381 2243 1677 2311 Romanis:
1725 2245 2069 2316 postmodum

495 2340 835 2412 Byzantinis,
869 2341 1067 2411 quibus
1102 2354 1267 2394 onme
1294 2339 1438 2394 istud
1472 2352 1623 2394 mare
1664 2345 1858 2407 parcat
1899 2346 2073 2403 usque

496 2436 564 2489 ad
627 2433 907 2488 columnas
955 2431 1273 2487 Herculeas.
1330 2430 1402 2485 De
1454 2429 1765 2485 nominibus
1813 2426 2012 2482 Sicilia:
2042 2434 2074 2480 e

495 2510 774 2592 Stephano
800 2521 932 2592 (imo
953 2518 1238 2575 Hcllanico
1263 2518 1618 2588 Timaeoque).
1650 2517 1846 2572 Insulae
1873 2522 2073 2570 nostra:

497 2615 835 2685 aliarumque
863 2613 1204 2683 magnitudo.
1249 2610 1533 2677 Saraceni,
1563 2611 1755 2664 ultimo
1781 2616 1897 2663 aevo
1940 2607 2074 2663 Sici-

494 2706 583 2761 liae
612 2705 817 2760 domini
873 2704 1023 2770 facti,
1056 2703 1363 2759 Calabriam
1400 2703 1570 2758 solam
1607 2701 1939 2757 Christianis
1988 2714 2074 2754 re-

494 2798 773 2865 linquunt,
823 2796 980 2866 cujus
1022 2795 1327 2866 στρατηγὸν
1372 2794 1575 2850 Noster
1620 2801 1907 2858 memorat,
1947 2805 2070 2845 cum

497 2885 724 2941 urbibus
755 2885 1097 2956 quihusdam,
1146 2900 1377 2955 quarum
1422 2885 1641 2939 nomina
1680 2884 1879 2937 ibidem
1938 2881 2074 2950 legi-

500 2980 618 3033 inus
648 2977 961 3049 (Rhegium,
1000 2977 1058 3031 S.
1096 2977 1346 3049 Cyriaca,
1384 2976 1444 3032 S.
1479 2977 1764 3041 Severina,
1817 2975 2069 3047 Croton).

500 3071 682 3138 Quare
719 3084 848 3125 vero
897 3069 1138 3125 Siciliam
1202 3071 1383 3124 thema
1433 3069 1516 3124 sui
1569 3069 1667 3123 aevi
1714 3067 2069 3139 Byzantinum

502 3171 796 3232 nuncupat,
826 3174 879 3215 et
908 3160 1214 3233 στρατηγὸν
1246 3169 1516 3216 memorat
1554 3172 1951 3229 numerumque
1981 3174 2071 3212 ur-

497 3251 646 3305 bium
685 3251 799 3306 ﬂi?
833 3250 1116 3307 Postremo
1150 3251 1277 3305 trita
1310 3252 1376 3306 de
1420 3249 1657 3305 Hierone
1708 3259 1763 3305 et
1813 3248 2071 3320 Dionysio

502 3343 770 3413 tyrannis,
808 3344 933 3397 item
959 3344 1027 3398 de
1048 3342 1376 3398 Archimede
1401 3341 1786 3413 Marcelloque.

498 3450 501 3451 '
572 3433 916 3487 Undecimum
944 3434 1135 3494 thema,
1170 3432 1561 3504 Lougobardia.
1592 3432 1873 3503 Inferioris
1906 3432 2074 3486 Italia:

498 3525 954 3595 Longobardiam,
1003 3525 1040 3581 i.
1068 3540 1115 3579 e.
1150 3524 1479 3591 Calabriam,
1517 3524 1839 3596 signiﬁcari,
1877 3536 2075 3595 praeter

497 3619 602 3675 alia
649 3634 713 3672 cx
760 3616 1103 3673 antecedenti
1153 3618 1331 3687 capite
1373 3617 1742 3687 cognoscitur,
1791 3617 1881 3671 ubi
1918 3626 2075 3672 vetus

495 3710 764 3765 Calabriae
811 3724 1009 3764 nomen
1068 3710 1136 3763 de
1184 3710 1375 3763 eodem
1436 3709 1551 3764 fere
1600 3718 1774 3762 tractu
1811 3707 2069 3762 occurrit.

495 3800 616 3854 .lam
667 3803 734 3856 de
775 3801 992 3856 nomine
1060 3802 1222 3871 hujus
1277 3801 1669 3870 Longohardim
1712 3788 2073 3872 etymologica

497 3893 767 3962 quaedam.
816 3893 955 3947 Hinc
996 3893 1102 3945 alia
1153 3893 1380 3962 insipida
1430 3892 1499 3947 de
1545 3892 1884 3949 Buthrenoto
1931 3894 2073 3964 (sic),

496 3985 746 4054 Neapoli,
809 3983 1004 4040 Besbio
1042 3985 1161 4056 (sit)
1205 3992 1383 4040 monte
1427 3985 1612 4055 ibique
1657 3986 1908 4042 Burcauo
1952 3988 2073 4057 (sic)

499 4076 815 4133 Graecorum
844 4077 1093 4133 coloniis.
1132 4077 1392 4147 Equidem
1422 4078 1760 4150 signiﬁcasse
1794 4080 2074 4136 Beneven-

502 4173 617 4223 tu‘m
639 4173 788 4239 pnto',
824 4185 929 4224 non
958 4167 1354 4224 Buthrenotum
1398 4169 1780 4241 (Butrintum),
1818 4174 1960 4239 quod
1992 4180 2077 4225 est

501 4260 674 4330 Epiri,
726 4259 810 4315 vel
840 4261 1021 4331 potius
1054 4258 1401 4331 Hydruntum
1442 4259 1800 4334 (Otrantum).
1844 4263 1911 4317 Et
1944 4261 2076 4316 Βέσ-

500 4354 617 4406 ϐιον
642 4353 768 4424 ὅρος
794 4361 878 4409 est
906 4352 1173 4409 Vesuvius
1212 4368 1370 4408 mons
1409 4369 1530 4409 cum
1563 4363 1778 4410 cratere
1810 4370 1909 4410 suo
1943 4354 2077 4425 (vul-

498 4446 689 4514 cano);
737 4444 1046 4500 Graecorum
1103 4459 1234 4501 vero
1289 4445 1516 4501 colonias
1575 4455 1757 4503 sunt:
1800 4445 1968 4500 Cuma
2021 4455 2077 4499 et

499 4537 841 4604 Parthenope
879 4535 1209 4607 (Neapolis),
1242 4545 1371 4601 etc;,
1406 4552 1517 4592 non
1554 4552 1710 4593 mons
1739 4537 1831 4592 ille
1862 4537 2074 4606 ignivo-
2108 4532 2154 4590 Ι)

500 4624 1072 4696 ntus.—lmperante
1114 4625 1446 4692 Justiniauo,
1510 4628 1621 4685 imo
1668 4629 1788 4699 (sic
1856 4630 1970 4699 ipse
2017 4644 2077 4685 se

501 4718 790 4788 emendat)
828 4718 1066 4783 Zenone,
1117 4719 1277 4774 Gothi
1314 4720 1573 4792 Neapolin
1624 4722 1872 4791 aliasque
1916 4724 2078 4779 urbes

503 4808 746 4876 capiunt.
782 4808 1010 4872 Narses,
1045 4807 1383 4864 Francorum
1413 4812 1612 4873 victor,
1641 4810 2074 4882 Longobardiatn

506 4897 653 4972 illam
680 4896 885 4951 Graecis
918 4897 1161 4965 subiicit.
1204 4897 1602 4969 lmperantibus
1630 4899 1953 4972 Theophila,
1980 4903 2078 4957 Mi-

506 4971 714 5041 chaelis
745 4985 876 5051 lilio,
907 4993 962 5040 et
995 4986 1193 5042 Basilio
1226 4985 1483 5043 Saraceni
1504 4990 1619 5044 Afri
1658 4971 1842 5061 partes
1882 4991 2076 5062 Illyrici

507 5079 784 5131 incassum
818 5079 1018 5144 adorti,
1066 5079 1372 5134 Calabriam
1412 5082 1652 5149 capiunt,
1684 5097 1716 5136 e
1749 5098 1853 5151 qua
1900 5095 2077 5138 tamen

504 5168 701 5236 (ἓνκαὶ,
728 5169 879 5225 socio
922 5168 1215 5235 Ludovico,
1277 5171 1708 5229 France-Gallia:
1776 5190 1922 5246 rege,
1956 5176 2077 5242 usi,

504 5271 603 5313 eos
683 5258 947 5329 ejiciunt.
1039 5260 1293 5316 Calabria
1385 5264 1581 5318 exinde
1654 5264 2077 5337 Byzantinorum

506 5354 711 5408 thema.

573 5442 958 5499 Duodecimn»:
978 5446 1173 5510 thema,
1192 5446 1447 5503 Clterson.
1463 5446 1631 5517 Hujus
1643 5464 1864 5520 quoque
1886 5452 2079 5521 capitis

507 5538 721 5592 initium
752 5540 891 5593 male
907 5556 967 5596 se
983 5544 1165 5609 habet,
1188 5544 1472 5614 scriptoris
1499 5546 1675 5615 culpa.
1699 5546 1891 5602 Dicere
1920 5547 2082 5602 debe-

510 5628 620 5692 bat,
651 5629 963 5700 antiquiore
1011 5643 1254 5704 tempore
1300 5650 1419 5689 eam
1455 5644 1678 5703 terram,
1729 5653 1850 5707 qua:
1885 5639 2082 5694 sacculo

509 5716 712 5774 Christi
764 5723 973 5779 decimo
1020 5723 1263 5781 Cherson
1304 5729 1607 5794 dicebatur,
1653 5746 1757 5784 non
1800 5730 2077 5801 Byzantini

510 5804 721 5878 imperii
750 5824 955 5881 partem
985 5816 1171 5886 fuisse,-
1215 5820 1308 5876 scd
1341 5820 1565 5891 Bospori
1596 5824 1811 5878 nomine
1844 5838 1971 5878 suos
2001 5839 2083 5879 rev

2101 1838 2149 1901 B

2178 607 2477 661 exstitisse.
2511 605 2734 661 Terram
2767 606 3138 677 Bosporanam
3178 608 3484 677 insequenti
3518 619 3761 676 tempore

2176 699 2509 753 Chersonem
2560 699 2760 754 dictam
2799 712 2827 752 a
2876 697 3162 767 metropoli
3205 698 3446 767 ejusdem
3500 704 3758 757 nom’nis.

2175 787 2295 843 Jam
2345 789 2722 857 sequentibus,
2767 803 2887 858 quae
2942 799 3112 857 agunt
3156 789 3467 859 deantiqua
3533 790 3760 857 Bospori

2180 879 2428 944 historia,
2469 879 2807 949 negligenter
2851 878 2965 934 haec
3007 879 3315 947 praeludunt
3356 900 3370 936 :
3418 873 3573 952 Ἔχει
3616 883 3675 935 δὲ
3723 883 3760 955 ἡ

2178 970 2394 1042 ἱστορία
2417 966 2609 1035 οὕτως.
2658 970 2963 1042 Statimque
3004 984 3069 1026 ea"
3127 973 3403 1042 leguntur,
3465 989 3586 1042 qme
3631 982 3758 1031 nota

2176 1072 2304 1118 sunt
2349 1080 2380 1119 e
2434 1064 2713 1132 Stephano
2758 1065 3088 1133 epilomatn;
3160 1081 3268 1134 quo
3303 1066 3551 1135 pleniore
3601 1083 3759 1123 usum

2177 1154 2365 1216 fuisse,
2405 1170 2436 1209 e
2465 1155 2684 1225 reliquis
2718 1166 2889 1227 patet,
2921 1158 3011 1212 ubi
3058 1157 3361 1213 testimonia
3392 1152 3548 1215 atiert
3599 1160 3759 1216 Phle-

2175 1247 2379 1315 gontis,
2415 1246 2726 1309 Strabonis,
2770 1247 3089 1316 Phavorini,
3119 1264 3239 1319 qua;
3278 1251 3587 1321 antiquiora
3625 1240 3762 1306 Βοεδ

2177 1342 2291 1409 pori
2322 1351 2592 1410 spectant.
2623 1342 2871 1399 Grzecum
2895 1359 3112 1412 quoque
3136 1345 3470 1414 epigramma
3488 1345 3556 1399 de
3580 1344 3759 1416 Chryé

2176 1432 2351 1501 sOpoli
2387 1449 2416 1489 e
2458 1432 2738 1502 Stephano
2782 1435 3026 1506 pleniore
3061 1439 3311 1491 haustum
3350 1446 3506 1506 puto.
3556 1435 3758 1492 Ultima

2176 1522 2400 1593 capituli
2431 1540 2621 1580 manca
2653 1538 2775 1581 esse
2802 1538 3041 1593 constat,
3095 1543 3216 1596 qua:
3253 1528 3334 1582 sic
3359 1543 3389 1583 e
3419 1540 3604 1584 nostro
3635 1530 3758 1586 Ste-

2176 1617 2356 1688 phano
2383 1620 2632 1674 resarciri
2664 1618 2917 1690 poterunt
2952 1640 2966 1677 :
3001 1661 3039 1675 ..
3057 1620 3501 1697 τὲολιορκοῦντος,
3529 1622 3624 1676 καὶ
3651 1621 3757 1677 διο-

2180 1710 2438 1781 ρύξαντος
2453 1712 2655 1766 εἴσοδον
2684 1714 2953 1784 κρυπτὴν,
2972 1714 3095 1768 ὅθεν
3117 1713 3337 1782 ἀφανῶς
3359 1715 3409 1767 oi
3436 1700 3759 1785 optirrov'rec'

2178 1801 2409 1873 ἔμελλον
2457 1802 2552 1857 τοῦ
2607 1803 2922 1875 ὀρύγματος
2983 1796 3265 1870 ἀναδῦναι,
3309 1799 3404 1859 ita!
3457 1806 3591 1875 (dele
3623 1806 3758 1862 hanc

2178 1892 2435 1962 Stephani
2460 1894 2803 1964 particulam)
2842 1895 3043 1966 Ἑκάτη
3073 1897 3363 1965 φωσφόρος
3405 1892 3567 1951 οὗσα⁶
3590 1898 3762 1969 δᾷδας

2176 1987 2402 2055 ἐποίησε
2421 1986 2640 2056 νῦκτωρ
2676 1988 2789 2051 τοῖς
2824 1988 3069 2051 πολίταις
3103 1989 3362 2058 φανῆναι,
3392 1989 3492 2042 καὶ
3529 1990 3629 2061 τὴν
3661 2007 3757 2044 ποι

2177 2082 2426 2152 λιορκιαν
2456 2083 2724 2151 φυγόντες
2767 2083 3083 2152 Φωσφόριον
3113 2081 3206 2135 τὸν
3237 2083 3404 2136 τόπον
3440 2083 3754 2153 ὠνόμασαν.

2245 2173 2312 2228 Ει
2339 2174 2455 2228 hsce
2483 2174 2703 2242 quidem
2732 2175 2799 2229 de
2830 2174 3060 2243 utroque
3089 2173 3335 2243 Opusculi
3377 2172 3763 2230 Constantinei

2176 2266 2316 2320 libro
2379 2261 2674 2326 sufﬁciant,
2750 2263 3028 2333 praemissa
3097 2263 3328 2327 scilicet,
3388 2274 3443 2318 ut
3469 2263 3536 2318 iis
3583 2263 3759 2322 solido

2175 2368 2398 2412 utamur
2460 2356 2651 2427 jndicii
2705 2355 3076 2423 fundamento,
3129 2355 3273 2425 quod
3323 2355 3437 2426 jam
3477 2356 3547 2410 de
3593 2356 3757 2411 totius

2174 2452 2361 2520 scripti
2437 2449 2666 2506 consilio
2737 2450 3021 2519 pretioque
3088 2448 3372 2505 feren‘dum
3432 2462 3551 2504 esse
3603 2447 3756 2504 vide—

2176 2554 2283 2598 tur.

2243 2635 2637 2691 Constantinus
2697 2618 3197 2705 Porphyrogenitus
3247 2625 3358 2687 duo
3388 2634 3591 2701 Scripta
3622 2640 3754 2703 geo-

2175 2727 2433 2798 graphica
2464 2728 2730 2793 exaravit,
2759 2742 2923 2782 unum
2961 2723 3036 2781 De
3060 2727 3486 2782 administrando
3515 2727 3753 2795 imperio.

2178 2815 2290 2870 lilio
2312 2830 2411 2870 suo
2438 2813 2688 2871 Romano
2727 2814 3085 2885 inscriptum;
3124 2817 3354 2871 alterum
3386 2816 3459 2870 De
3506 2819 3755 2871 themati—

2176 2904 2271 2961 bus
2301 2906 2643 2977 (provinciis)
2685 2902 2901 2977 imperii
2954 2900 3262 2977 Byzantini.
3302 2905 3420 2962 Jam
3472 2907 3538 2962 de
3573 2905 3759 2976 priore"

2176 2998 2319 3053 inter
2349 2998 2540 3054 doctos
2580 3000 2715 3056 satis
2748 3007 2985 3063 constat,
3017 2999 3207 3070 quanti
3255 3002 3442 3056 revera
3478 2999 3759 3054 aestimat“

2177 3092 2303 3151 dum
2335 3095 2426 3156 sit,
2456 3092 2637 3163 magni
2664 3091 2895 3147 scilicet.
2933 3091 3107 3147 Habet
3150 3092 3368 3172 quidem
3415 3088 3761 3162 negligentia!

2097 3205 2142 3264 α
2175 3187 2323 3242 varia
2353 3186 2602 3255 vestigia.
2624 3184 2942 3254 iustumque
2982 3185 3035 3238 in
3066 3199 3133 3239 eo
3163 3184 3407 3240 ordinem
3460 3194 3524 3239 a‘c
3554 3184 3755 3238 decuré

2176 3287 2295 3331 sum
2345 3275 2606 3330 narrandi
2647 3273 2847 3329 frustra
2880 3288 3113 3344 quaeres.
3171 3273 3281 3328 lmo
3304 3284 3428 3328 sunt
3457 3273 3756 3329 subitanea:

2177 3367 2489 3421 notationcs
2518 3365 2585 3419 de
2618 3363 2830 3433 populis
2863 3363 3187 3432 quibusdam
3224 3363 3435 3428 vicinis,
3460 3376 3539 3417 sc.
3571 3360 3757 3416 oricu-

2180 3458 2399 3523 ta‘libus,
2435 3457 2768 3520 borealibus,
2790 3456 3240 3522 occidentalibus,
3269 3470 3525 3524 quarum,
3546 3468 3625 3511 eae
3646 3470 3753 3524 po-

2180 3549 2448 3603 tissimum
2498 3553 2620 3616 qua:
2673 3547 3100 3615 septentrionem
3137 3545 3429 3610 illustrant,
3477 3561 3584 3600 non
3648 3552 3757 3599 uno

2180 3643 2391 3694 tantum
2429 3638 2589 3693 titulo
2636 3637 2793 3692 valde
2836 3636 3122 3691 laudandae
3161 3644 3308 3691 sunt.
3360 3635 3573 3690 Etenim
3617 3635 3756 3690 bona

2178 3730 2369 3785 inedia:
2400 3728 2746 3799 geographiae
2781 3730 2928 3798 pars,
2959 3730 3229 3797 quatenns
3267 3726 3489 3782 boream
3522 3734 3753 3794 spectat,

2178 3822 2276 3878 soli
2306 3822 2421 3876 fere
2448 3821 2586 3877 libro
2611 3818 3004 3876 Constantineo
3028 3821 3313 3885 innititur;
3347 3820 3436 3886 qui
3465 3836 3591 3875 num
3620 3820 3757 3875 inte-

2178 3930 2275 3985 ger
2294 3915 2360 3969 ad
2387 3927 2486 3968 nos
2515 3913 2843 3982 pervenerit,
2871 3924 3064 3975 necne,
3105 3910 3158 3965 id
3190 3925 3322 3966 vero
3362 3910 3580 3966 difﬁcile
3611 3911 3757 3965 dictu

2178 4014 2301 4062 esse
2328 4007 2601 4062 existimo.
2632 4003 2807 4059 Habet
2829 4004 2992 4059 etiam
3019 4003 3159 4058 male
3186 4002 3391 4071 digesta
3410 4002 3545 4059 satis
3565 4002 3755 4068 multa,

2178 4099 2387 4156 scilicet
2443 4099 2583 4152 varii
2632 4096 2853 4166 generis
2899 4096 3017 4151 sive
3058 4096 3338 4150 notamina
3389 4096 3503 4151 sive
3543 4095 3759 4150 addita-

2179 4200 2384 4257 menta,
2418 4189 2760 4245 anteCedenti
2791 4188 3093 4243 narrationi
3128 4202 3262 4242 voce
3294 4187 3495 4252 ἰστέον,
3539 4204 3594 4242 κ.
3629 4202 3680 4239 τ.
3704 4184 3756 4240 λε
3821 4260 3831 4267 ν

2182 4282 2505 4353 agglutinari
2556 4282 2738 4345 solita,
2784 4295 2937 4336 more
2986 4280 3427 4340 scholiastarum‘,
3477 4277 3634 4346 cujus
3680 4278 3757 4332 rei

2182 4380 2444 4427 nauseam
2491 4370 2633 4426 alius
2676 4371 2918 4440 scriptor
2954 4371 3180 4426 vitasset
3226 4388 3241 4423 :
3276 4379 3370 4423 aut
3408 4368 3618 4423 alienus
3667 4382 3758 4435 ea,

2181 4470 2279 4534 per
2299 4478 2359 4519 se
2396 4468 2502 4518 nun
2527 4462 2946 4527 contemnenda,
2976 4460 3213 4515 intrusit.
3247 4460 3514 4514 Caeterum
3546 4460 3628 4513 sui
3657 4459 3758 4513 aevi

2183 4554 2593 4626 geographiam,
2643 4563 2698 4607 et
2742 4551 2959 4622 quidem
2984 4556 3325 4617 extraneam,
3356 4551 3631 4606 illustrare
3662 4564 3758 4604 vo-

2180 4647 2302 4712 luit,
2335 4647 2515 4702 minus
2544 4647 2641 4700 (eri
2687 4645 3025 4708 remetior-is;
3065 4644 3133 4699 de
3176 4660 3283 4714 quo
3331 4654 3453 4716 quae
3502 4643 3640 4698 forte
3670 4643 3763 4697 ad-

2181 4740 2403 4803 duntur,
2439 4737 2666 4793 minoris
2687 4750 2749 4790 ea
2777 4737 3036 4791 momenti
3059 4752 3178 4793 esse
3213 4736 3483 4790 videntur.
3517 4734 3761 4804 Namque

2183 4837 2325 4885 totus
2352 4829 2490 4884 liber
2514 4828 2694 4883 saeculi
2747 4829 2941 4883 decimi
2994 4837 3197 4883 Statum
3249 4837 3479 4894 spectat,
3538 4844 3644 4882 non
3681 4843 3763 4882 rc-

2184 4924 2467 4976 motiorem
2507 4921 2911 4991 antiquitatem,
2951 4922 3019 4976 de
3064 4923 3171 4991 qua
3204 4921 3427 4975 omnino
3474 4921 3762 4990 penitioris

2180 5010 2505 5064 eruditionis
2531 5010 2827 5080 specimina
2862 5011 2949 5064 vix
2979 5012 3141 5065 edere
3186 5019 3401 5078 poterat
3443 5010 3760 5079 imperator,

2180 5099 2380 5155 collato
2428 5101 2729 5154 thematnm
2763 5099 2966 5154 libello.
3004 5091 3273 5153 Caeterum
3327 5100 3565 5169 speciem
3612 5113 3763 5153 com-

2185 5190 2602 5253 mentariorum,
2632 5188 2845 5259 publica
2886 5188 3212 5241 auctoritate
3245 5186 3600 5248 munitorum,
3648 5201 3766 5240 ma-

2186 5280 2388 5335 nilesto
2420 5295 2529 5348 prae
2567 5295 2628 5335 se
2682 5279 2788 5333 fert
2842 5291 3027 5334 noster
3073 5277 3414 5333 Constantini
3470 5276 3607 5332 liber
3638 5292 3653 5330 :
3680 5286 3764 5332 est

2183 5373 2330 5427 enim
2372 5372 2620 5426 Romano
2651 5358 2762 5427 tilio
2819 5370 3124 5436 dedicatus,
3174 5370 3299 5425 coll.
3363 5370 3759 5441 inscriptione:

2185 5462 2625 5529 Κωνσταντίνου,
2655 5462 2751 5517 τοῦ
2771 5464 2831 5519 ὲν
2861 5462 3084 5535 Χριστῷ
3108 5458 3319 5533 βασιλεῖ
3365 5462 3568 5532 αἰωνίῳ
3604 5462 3757 5533 pacto

2184 5555 2321 5620 λέως
2361 5556 2671 5627 Ῥωμαίων,
2710 5555 2848 5625 πρὸς
2879 5556 2972 5611 τὸν
3002 5557 3136 5610 ῐδιον
3188 5557 3306 5610 υἱὸν
3348 5555 3642 5626 ’1)ωμανδν,
3669 5555 3763 5609 τὸν

2186 5642 2454 5713 θεοστεφῆ
2487 5644 2582 5697 καὶ
2628 5646 3138 5717 πορφυρογέννητον
3175 5645 3423 5717 βασιλέα.
3483 5646 3765 5703 Postremo

2186 5731 2434 5788 Grecam
2472 5732 2588 5800 ejus
2618 5733 2853 5798 titulum,
2889 5736 3034 5790 unde
3077 5744 3460 5807 argumentum
3510 5733 3760 5804 cognosci

2184 5825 2380 5895 possit,
2412 5824 2649 5880 nondum
2688 5826 2934 5895 equidem
2970 5828 3151 5884 inrcni
3180 5843 3193 5892 ;
3229 5825 3417 5880 Latina
3452 5840 3576 5881 vero
3603 5825 3763 5899 inter:
