4166 6458
360 398 438 485 if.

1511 400 1919 480 VARIORUM
1959 416 2530 480 PREFATIONES.
3591 424 3664 491 26

365 530 583 598 pratum
630 525 954 597 inscriptio,
1001 542 1084 583 sc.
1121 528 1203 583 De
1253 528 1678 585 administrando
1729 530 1972 600 imperio,
2005 539 2051 597 Α
2082 535 2187 592 tur,
2238 545 2550 603 quanquam
2596 546 2702 588 non
2753 532 2992 589 alienum
3046 545 3168 590 erat
3218 552 3249 590 a
3307 552 3387 603 rc,
3431 551 3671 596 veterem

368 633 549 691 neque
587 630 922 690 argumento
946 618 1118 689 ipsius
1156 621 1492 675 narrationis
1537 622 1853 692 respondet,
1882 635 1979 675 ne-

367 729 479 782 quc
509 714 652 767 adeo
689 714 1001 783 prmfationi
1039 731 1053 768 :
1112 713 1248 767 Ἰδοὺ
1288 713 1546 785 ὲκτίθημί
1592 731 1675 768 σοι
1718 713 1977 785 διδασκα-

369 807 521 872 λίαν,
551 804 701 859 ὥστε
745 807 815 876 τῇ
848 803 915 858 ὲκ
958 803 1169 875 ταύτης
1216 805 1385 877 πείρᾳ
1439 806 1534 859 καὶ
1583 806 1784 874 γνώσει
1821 784 1978 860 advel

371 897 635 950 σεισθέντα
680 898 812 967 περὶ
855 896 955 961 τὰς
1008 895 1296 967 βελτίστας
1342 897 1538 968 βουλὰς
1574 899 1670 952 καὶ
1718 899 1781 951 τὸ
1822 899 1977 969 κοινῇ

376 984 668 1055 συμφέρον
733 984 810 1055 μὴ
874 985 1292 1054 διαμαρτάνειν.
1348 985 1552 1056 Πρῶτοι
1626 987 1770 1056 μὲν,
1825 988 1978 1039 ποῖον

376 1076 537 1141 ῐθνος
583 1076 732 1130 κατὰ
771 1077 826 1129 τί
886 1077 987 1144 μὲν
1039 1076 1320 1147 ὠφελῆσαι
1360 1078 1585 1132 δύναται
1644 1077 1977 1149 Ῥῶμαίους,

377 1168 525 1222 κατὰ
544 1167 598 1221 τί
630 1168 689 1221 δὲ
718 1167 942 1237 βλάψαι,
978 1167 1097 1240 [καὶ
1123 1167 1297 1240 ποῖον]
1324 1170 1418 1223 καὶ
1442 1169 1561 1233 πῶς
1586 1169 1819 1223 ἕκαστον
1850 1168 1978 1222 τού-

378 1277 517 1321 των,
552 1260 653 1313 καὶ
683 1262 836 1329 παρὰ
875 1260 1037 1313 ποίου
1080 1260 1304 1314 δύναται
1349 1260 1537 1323 ἔθνους
1585 1262 1678 1315 καὶ
1716 1261 1978 1331 πολεμεῖ-

382 1351 515 1405 σθαι
545 1352 646 1404 καὶ
689 1350 1125 1405 ὑποτάσσεσθαιθ
1176 1351 1365 1405 ἔπειτα
1398 1352 1528 1422 περὶ
1564 1353 1665 1421 τῆς
1700 1352 1979 1422 ἀπλήστου

380 1444 486 1499 καὶ
515 1443 821 1515 ἀκορέστου
872 1445 1057 1499 αὐτῶν
1106 1446 1357 1515 γνώμης,
1399 1447 1495 1499 καὶ¹
1527 1440 1602 1498 ὧν
1651 1446 1980 1515 παραλόγως

383 1535 730 1601 ἑξαιτοῦνται
758 1537 1061 1606 λαμϐάνειν
1082 1554 1098 1569 ο
1149 1532 1252 1590 εἷθ’
1289 1536 1462 1600 οὕτως
1494 1539 1590 1591 καὶ
1618 1539 1750 1608 περὶ
1792 1537 1982 1604 διαφο-

389 1630 499 1700 ρᾶς
543 1629 750 1698 ἐτέρων
784 1629 978 1693 ἐθνῶν,
1018 1629 1376 1698 γενεαλογίας
1420 1645 1480 1682 τε
1518 1629 1692 1683 ἐθνῶν
1723 1630 1816 1682 καὶ
1863 1628 1978 1699 βίου

384 1716 691 1787 δαγωγῆς;
738 1719 837 1772 καὶ
890 1719 1098 1782 θέσεως
1141 1723 1237 1773 καὶ
1269 1721 1520 1790 κράσεως
1548 1720 1650 1790 τῆς
1693 1737 1982 1774 κατοικου-

385 1811 562 1883 μένης
586 1811 724 1881 παρ’
752 1812 933 1865 αὐτῶν
965 1813 1069 1881 γῆς
1096 1813 1190 1867 καὶ
1219 1815 1606 1886 περιηγήσεως
1644 1814 1837 1881 αὐτῆς,
1886 1811 1982 1866 καὶ

2086 630 2286 677 statum
2309 623 2734 692 provinciarum,
2767 625 3067 695 praesertim
3090 628 3309 682 nomina
3338 622 3671 700 antiquiora,

2086 727 2207 766 cum
2256 729 2358 768 usu
2393 715 2494 769 aevi
2538 716 2726 771 novitii
2784 732 3126 787 comparare,
3166 710 3330 790 atque
3383 721 3455 774 ita
3504 723 3668 776 vitam

2084 803 2376 873 quamdam
2401 804 2671 875 inspirare
2694 804 3055 875 imagunculis
3098 807 3496 876 geographicis,
3532 824 3669 877 qua—

2086 911 2204 950 runt
2235 895 2612 951 fines'tantum
2648 896 2928 967 lineasqne
2966 909 3220 953 externas
3265 900 3663 969 conspicimus,

2088 989 2346 1044 interiora
2408 990 2803 1046 desideramus.
2853 990 2910 1044 Id
2943 991 3086 1060 quod
3135 992 3372 1045 maxime
3424 991 3568 1047 cadit
3613 993 3667 1047 in

2088 1081 2283 1136 librum
2324 1083 2647 1146 secundum,
2704 1081 3008 1141 incredibili
3061 1083 3310 1137 socordia
3363 1084 3668 1152 scriptum;

2087 1179 2182 1226 aut
2209 1172 2429 1227 meiiora
2466 1172 2586 1242 ejus
2635 1172 2871 1226 fatorum
2924 1172 3186 1240 iniquitas
3235 1174 3521 1240 abstraxit,
3568 1183 3670 1229 ex-

2088 1263 2283 1333 ceptis,
2319 1275 2376 1318 ut
2403 1264 2536 1328 dixi,
2578 1263 2786 1319 ultimis
2832 1263 3123 1333 capitibus,
3155 1264 3247 1319 ubi
3301 1263 3537 1334 scriptor
3569 1265 3671 1320 im-

2089 1356 2269 1411 nmnis
2296 1362 2415 1410 erat
2452 1371 2480 1408 a
2515 1357 2828 1410 recoctione
2865 1355 3166 1412 Ilieroclea.

2159 1445 2255 1501 His
2279 1447 2568 1515 expositis,
2601 1461 2791 1501 verum
2836 1446 3212 1503 Constantinei
3239 1447 3403 1503 libelli
3433 1442 3673 1517 pretium

2092 1535 2250 1591 facile
2314 1536 2599 1605 ponderari
2636 1550 2795 1606 posse
2843 1536 3082 1592 videtur.
3136 1536 3270 1591 Illud
3323 1552 3472 1602 vero,
3525 1539 3674 1608 quod

2090 1630 2394 1691 miraberis,
2428 1631 2516 1684 vix
2549 1630 2615 1684 ad
2646 1630 2918 1694 ultimam,
2975 1631 3021 1685 si
3074 1631 3203 1701 quid
3261 1633 3439 1696 video,
3486 1642 3668 1685 notant

2087 1721 2301 1777 detrudi
2336 1723 2555 1792 poterit.
2591 1721 2775 1779 Primo
2830 1724 2975 1778 enim
3005 1725 3124 1780 ista:
3178 1727 3415 1794 capitum
3469 1725 3668 1779 inscri-

2093 1815 2303 1881 ptiones
2354 1815 2576 1871 unicum
2638 1815 2817 1880 nobis,
2875 1816 3017 1884 quod
3065 1826 3266 1880 exstat,
3330 1815 3673 1887 geographia!

384 1902 729 1974 σταδιασμοῦ
754 1904 892 1974 πρὸς
938 1904 1174 1969 τούτοις,
1206 1906 1301 1959 καὶ
1342 1906 1603 1977 περὶτῶν
1632 1904 1690 1958 ἐν
1721 1922 1830 1959 τινι
1858 1923 1978 1959 και-

2085 1906 2400 1979 Byzantinae
2434 1908 2714 1976 exemplar
2763 1917 2820 1965 et
2866 1909 3156 1964 formulam
3201 1911 3271 1962 ob
3331 1907 3517 1963 oculos
3574 1922 3668 1976 po-

380 1994 469 2067 ῥῷ
497 1996 708 2067 μεταξῦ
750 1997 1039 2067 Ῥωμαίων
1082 1998 1176 2050 καὶ
1202 1996 1476 2068 διαφόρων
1502 1998 1676 2052 ἐθνῶν
1700 1997 1979 2069 συμϐεϐη-

377 2087 586 2151 ἡὸτων,
616 2088 713 2141 καὶ
756 2087 893 2157 μετὰ
925 2088 1102 2141 ταῦτα
1123 2088 1225 2142 ὅσα
1261 2089 1319 2141 ἐν
1346 2091 1411 2159 τῇ
1464 2090 1589 2144 καθ’
1631 2091 1783 2161 ἡμᾶς
1823 2089 1979 2142 πολι-

376 2177 535 2250 τείᾳ,
568 2177 708 2232 ἀλλὰ
755 2178 849 2231 καὶ
894 2181 953 2232 ἐν
1000 2178 1151 2250 πάσῃ
1193 2182 1259 2251 τῇ
1302 2178 1589 2250 Ῥωμαίων
1639 2181 1784 2252 ἀρχῇ
1839 2180 1980 2235 κατά

388 2274 548 2333 τινας
578 2269 809 2339 χρόνους
847 2270 1280 2340 δκαινοτομήθη.
1323 2271 1468 2339 Agit,
1502 2280 1561 2325 ut
1589 2270 1725 2338 dixi,
1759 2271 1828 2325 de
1865 2285 1979 2326 ex-

383 2363 582 2413 tranea
625 2364 709 2415 sui
739 2361 837 2414 teri
872 2361 1227 2429 geographia,
1270 2361 1620 2431 inlerspersis
1648 2361 1736 2416 hic
1770 2361 1843 2416 ibi
1880 2375 1979 2416 no-

383 2452 518 2505 tulis
549 2456 719 2523 atque
746 2453 1216 2508 admonitionibus
1243 2454 1310 2508 de
1329 2455 1415 2509 via
1440 2469 1507 2510 ac
1537 2454 1769 2517 ratione,
1813 2469 1976 2524 quam

385 2542 516 2597 belli
548 2545 811 2613 pacisque
836 2546 1164 2600 conmercia
1187 2562 1308 2600 cum
1334 2546 1636 2617 potioribus
1673 2546 1975 2601 vicinorum

382 2636 641 2702 gentibus
671 2636 1009 2690 instituenda
1034 2637 1191 2707 sequi
1218 2639 1444 2693 omnino
1465 2637 1722 2695 debeant.
1753 2637 1979 2694 Cautius

384 2728 441 2780 in
483 2727 573 2781 his
597 2737 873 2782 versatum
904 2730 1065 2783 video
1092 2726 1182 2784 .lo.
1215 2728 1372 2801 Bapt.
1405 2730 1696 2801 Egnatium
1725 2730 1799 2785 De
1820 2731 1975 2800 prin-

381 2816 593 2883 cipibus
640 2817 895 2873 Romanis
928 2818 1068 2897 libro
1107 2836 1146 2874 ll
1192 2819 1460 2890 (llancke,
1508 2820 1584 2874 De
1622 2819 1755 2891 Byz.
1801 2837 1977 2875 rerum

381 2908 738 2974 scriptoribus
790 2907 992 2965 Graecis
1030 2926 1084 2980 p.
1114 2911 1241 2982 477)
1284 2930 1299 2967 :
1334 2911 1435 2965 llic
1480 2911 1974 2985 (Constantinus)...

382 3001 586 3053 librum
615 3000 854 3057 Romano
876 3003 990 3070 filio
1022 3002 1256 3073 reliquit,
1292 3005 1346 3056 in
1375 3022 1478 3073 quo
1527 3021 1786 3060 summam
1818 3006 1978 3060 totius

381 3093 627 3157 inperii,
662 3094 933 3149 sociorum
982 3097 1220 3149 omnium
1263 3094 1488 3164 foedera,
1541 3099 1768 3152 hostium
1816 3098 1974 3161 vires,

381 3186 650 3253 rationes,
678 3185 904 3240 consilia
957 3188 1280 3255 explicuit...
1337 3190 1480 3259 Ergo
1528 3189 1808 3260 Egnatius,
1853 3188 1974 3243 libri

382 3292 496 3334 lus.
518 3291 834 3346 possessor,
859 3293 964 3333 non
984 3277 1153 3334 alium
1171 3281 1352 3351 operis
1371 3282 1586 3337 titulum
1607 3291 1788 3346 norat,
1809 3295 1972 3351 quam

381 3369 560 3424 solam
605 3368 854 3440 epistolae
885 3369 1319 3441 inscriptionem.

455 3457 649 3531 Longe
675 3459 840 3515 aliam
873 3458 1067 3517 faciem
1105 3461 1361 3531 aliudque
1420 3458 1703 3520 censilium
1754 3468 1979 3522 aherius

382 3551 510 3607 libri
542 3566 695 3617 esse,
719 3551 810 3622 qui
844 3551 1163 3608 inscribitur
1187 3553 1260 3609 De
1285 3556 1590 3621 proriuciis,
1618 3557 1670 3611 id
1695 3550 1839 3612 nuuc
1866 3573 1981 3612 ma-

388 3643 535 3697 xime
565 3645 947 3710 exponetidum
980 3657 1105 3700 esse
1136 3644 1372 3699 videtur.
1402 3644 1523 3700 Jam
1553 3648 1695 3701 hunc
1737 3648 1975 3702 libellum

388 3732 714 3805 Byzantina:
743 3734 986 3789 historiae
1035 3735 1274 3790 editores
1308 3736 1381 3791 ita
1433 3736 1546 3790 fere
1600 3746 1859 3801 tractant,
1921 3745 1979 3790 nt

383 3840 511 3882 eum
548 3826 731 3895 primo
760 3825 881 3880 loco
908 3834 1131 3895 ponant,
1157 3826 1402 3882 secundo
1449 3827 1668 3891 librum,
1700 3842 1861 3898 quem
1889 3827 1979 3882 di-

385 3929 521 3973 cunt
556 3916 637 3971 De
673 3918 1102 3971 administrando
1152 3919 1394 3983 imperio.
1450 3918 1589 3984 Quid
1628 3934 1780 3983 vero,
1814 3918 1860 3973 si
1890 3917 1978 3972 iu-

384 4026 553 4065 versn
578 4010 774 4064 ordine
809 4010 1133 4063 uterentur?
1162 4008 1356 4065 Nonne
1394 4011 1659 4089 lectorum
1687 4009 1980 4079 unusquis-

384 4118 519 4169 que,
547 4102 784 4155 lustrato
803 4111 929 4155 ante
953 4102 1186 4156 alterum
1214 4102 1355 4156 libro
1383 4104 1708 4170 posteriore,
1742 4102 1834 4170 qui
1867 4100 1980 4171 agit

383 4202 460 4250 de
520 4194 952 4264 Byzantinorunt
995 4194 1318 4264 geographia
1371 4195 1532 4248 ιιιοιιίί
1587 4194 1685 4248 αξνὶ
1739 4203 1977 4260 externa,

384 4292 701 4344 tbematum
736 4288 932 4341 librum
957 4288 1327 4356 conspicatus,
1357 4288 1740 4357 geographiam
1768 4285 1979 4354 Byzan-

385 4383 633 4436 tinorutn
661 4380 901 4449 ejusdem
924 4379 1022 4433 aevi
1046 4379 1311 4433 internum
1336 4389 1589 4450 exsperta
1601 4390 1680 4433 ret
1704 4380 1728 4432 ?
1759 4380 1811 4433 ld
1835 4378 1978 4449 quod

386 4474 523 4541 ipsa
543 4487 762 4539 quoque
785 4471 1018 4535 capitum
1056 4470 1427 4538 inscriptiones
1474 4470 1695 4525 indubie
1724 4469 1975 4524 suadent.

2083 2006 2241 2061 nunt,
2290 1998 2546 2066 exiguam
2601 1999 2749 2064 licet,
2810 2014 2896 2054 me
2951 1999 3203 2064 Hercule,
3260 2012 3433 2066 neque
3486 2006 3666 2052 tamen

2080 2102 2307 2155 prorsus
2345 2089 2796 2143 contemnendam
2832 2107 2849 2157 ;
2887 2090 3083 2144 deinde
3136 2089 3273 2143 liber
3328 2090 3463 2156 ipse,
3501 2087 3671 2141 tnaxi-

2081 2193 2306 2250 mopere
2330 2195 2457 2250 pars
2494 2180 2785 2250 posterior,
2822 2196 2870 2235 s.
2917 2180 3153 2247 Europa,
3199 2179 3472 2234 Hieroclei
3515 2178 3669 2235 codi-

2079 2271 2161 2326 cis
2189 2273 2545 2341 manuscripti
2567 2272 2685 2328 vice
2707 2272 2997 2343 fungitur;
3037 2283 3316 2339 postremo
3347 2270 3666 2326 Constanti-

2083 2378 2185 2418 nus
2211 2363 2491 2435 Stephano
2516 2365 2760 2434 pleniore
2787 2380 2915 2419 usus
2932 2375 3034 2428 est,
3065 2379 3171 2435 qua
3200 2366 3265 2419 de
3284 2379 3341 2417 re
3366 2372 3491 2417 ante
3532 2362 3669 2418 alios

2079 2456 2364 2511 adeundus
2381 2456 2834 2512 Westcrmannus
2857 2457 2908 2510 iu
2928 2457 3243 2525 praifatione
3259 2457 3478 2525 aptium:
3496 2454 3669 2525 frugis

2080 2547 2263 2618 plena,
2305 2562 2469 2618 quam
2497 2547 2724 2603 editioni
2776 2562 2888 2601 sua:
2950 2546 3333 2615 Stephaniana:
3382 2546 3666 2616 pra-misit.

2152 2635 2330 2704 Atque
2395 2634 2575 2690 dehis
2605 2634 2825 2703 quidem
2861 2634 3142 2689 hactenus.
3180 2630 3426 2703 Namque
3461 2633 3667 2687 editio-

2083 2742 2206 2782 nem
2258 2726 2522 2782 librorum
2545 2725 2886 2781 Constantini
2912 2724 3405 2795 geograplticorum
3441 2715 3668 2779 minime

2079 2819 2328 2889 equidem
2396 2833 2549 2886 paro,
2602 2828 2688 2872 sat
2736 2817 2989 2883 habens,
3054 2817 3331 2873 monuisse
3395 2817 3667 2886 quaedam,

2080 2914 2262 2967 minus
2313 2911 2397 2967 vel
2444 2912 2663 2981 cognita
2695 2912 2777 2966 vel
2801 2912 3188 2981 pervestigata,
3230 2910 3373 2964 unde
3420 2921 3668 2965 commo-

2079 3004 2182 3059 dus
2210 3005 2277 3057 ad
2338 3004 2545 3071 reliqua
2608 3001 2768 3071 hujus
2817 3002 3063 3072 epistolae
3132 3001 3396 3055 transitus
3458 3000 3666 3055 institui

2079 3110 2240 3164 posse
2297 3096 2528 3161 videtur,
2578 3108 2698 3163 qua:
2733 3093 3032 3163 periculum
3063 3092 3408 3164 geographiae
3451 3094 3669 3163 Byzan-

2086 3188 2229 3250 tinae,
2268 3187 2484 3242 tandem
2518 3186 2813 3255 aliquando
2840 3185 3158 3250 condendae,
3197 3182 3480 3252 suscipere
3530 3181 3670 3237 velle

2080 3279 2383 3347 proﬁtetur.
3257 3267 3264 3276 “

2154 3368 2212 3424 In
2247 3370 2558 3425 Occidentis
2605 3378 2659 3423 et
2698 3367 2938 3423 Orientis
2989 3366 3339 3421 distinctione
3391 3363 3667 3420 Constan-

2082 3463 2252 3517 tinum
2288 3479 2508 3531 sequor,
2533 3465 2623 3531 qui
2661 3480 2757 3518 sua
2797 3465 3022 3531 Europae
3092 3464 3328 3517 themata
3379 3458 3666 3516 Occitlenti

2081 3554 2289 3619 tribuit,
2363 3554 2505 3609 Asia:
2556 3555 2789 3608 themata
2838 3554 3070 3609 Orienti.
3108 3552 3307 3619 Prona,
3340 3550 3571 3620 inquies,
3604 3563 3669 3603 ea

2077 3643 2262 3698 omnia
2312 3652 2442 3695 sunt
2469 3652 2524 3695 ct
2555 3655 2740 3709 aperta
2780 3658 2795 3697 ε
2831 3657 3065 3709 namque
3108 3642 3323 3708 Europa
3376 3649 3461 3694 cst
3510 3637 3670 3693 Orci-

2080 3736 2280 3798 dentis,
2325 3735 2452 3790 Asia
2500 3734 2759 3788 Orientis.
2825 3734 3023 3788 Verum
3080 3731 3440 3800 inspiciamus
3497 3729 3662 3782 alium

2078 3826 2319 3896 ejusdem
2354 3826 2640 3897 scriptoris
2662 3825 2881 3890 librum,
2906 3839 2985 3880 sc.
3019 3824 3094 3877 De
3125 3822 3426 3878 cerimoniis
3467 3836 3532 3887 ll,
3569 3822 3661 3877 52.

2079 3920 2155 3978 lbi
2211 3928 2600 3976 enumerantur
2625 3933 2852 3973 summae
2900 3916 3111 3986 imperii
3164 3914 3447 3987 Byzantini
3493 3913 3668 3983 digni-

2083 4023 2247 4078 tates,
2299 4026 2530 4068 numero
2581 4010 2669 4069 60.
2700 4020 2965 4080 regnante
3013 4008 3185 4078 ipsius
3246 4016 3425 4077 patre,
3480 4004 3664 4061 Leone

2082 4105 2362 4173 Sapiente,
2387 4102 2649 4159 valentes.
2677 4102 2902 4158 Classes
2918 4115 3106 4156 earum
3135 4115 3226 4155 sex
3252 4109 3411 4154 erant
3444 4116 3458 4151 :
3490 4099 3666 4168 prima

2080 4209 2466 4268 strategornm,
2495 4210 2614 4265 quae
2632 4194 2768 4250 duas
2795 4192 3027 4250 habebat
3052 4201 3254 4262 partes,
3278 4191 3516 4249 Orientis
3538 4190 3671 4256 (τῶν

2094 4287 2477 4355 Ἀνατολικῶν)
2529 4297 2582 4342 et
2631 4285 2945 4343 Occidentis
2996 4285 3118 4356 (τῆς
3164 4282 3424 4349 Δύσεως).
3491 4281 3546 4335 In
3577 4280 3667 4335 illa

2083 4382 2367 4451 (Orientis,
2402 4378 2667 4449 iuqnatn,)
2739 4386 2858 4447 post
2898 4377 3036 4431 alios
3102 4375 3255 4429 venit
3295 4373 3326 4425 6
3357 4371 3667 4443 στρατηγὸς

2081 4472 2181 4539 τῆς
2214 4468 2457 4539 Θρᾴκηςο
2483 4468 2510 4520 6
2534 4465 2839 4536 στρατηγὸς
2893 4466 2994 4536 τῆς
3039 4463 3400 4526 Μακεδονίας·
3439 4461 3468 4515 6
3499 4478 3667 4532 στρα-

382 4565 535 4631 Quid
571 4577 703 4617 vero
736 4573 958 4632 pra-atat
992 4563 1295 4616 thcmatunt
1327 4560 1582 4616 libellus?
1614 4559 1728 4615 Non
1752 4575 1978 4631 geogra-

2083 4561 2249 4633 τηγδς
2287 4564 2388 4630 τῆς
2446 4560 2705 4623 Χαλδίας.
2736 4559 3041 4626 Statimque
3058 4557 3139 4612 sic
3166 4557 3407 4625 pergitnr
3444 4573 3458 4609 :
3494 4548 3666 4608 Δῦται

385 4655 580 4725 phiam
611 4653 783 4723 ipsius
819 4654 967 4721 regni
1002 4654 1386 4715 recentiorem,
1449 4654 1546 4708 sed
1601 4654 1978 4718 vetustiorem,

384 4750 426 4802 i.
463 4762 516 4801 c.
547 4745 969 4812 Justinianeam,
989 4755 1204 4800 servata
1230 4747 1606 4799 tantummodo
1631 4746 1828 4799 nouitio
1852 4762 1980 4814 pro-

384 4841 703 4893 vinciarum
729 4839 1143 4894 nomenclatura
1177 4848 1232 4893 et
1269 4826 1579 4905 divisione;
1632 4839 1778 4909 quod
1818 4855 1979 4906 quam

386 4931 688 4986 molestum
721 4930 1027 5000 legentibus
1044 4945 1170 4985 esse
1200 4931 1418 4994 debeat,
1449 4930 1502 4984 id
1534 4931 1787 5000 equidem
1811 4931 1982 4996 inan-

387 5020 772 5077 tecedentibus
802 5022 936 5078 satis
971 5034 1242 5093 superque
1279 5030 1641 5077 utettstratum
1667 5031 1721 5078 et
1743 5022 1979 5077 evictum

382 5129 513 5171 esse
544 5113 823 5170 existimo.

467 5206 618 5277 Ergo
654 5206 817 5262 libelli
846 5206 1136 5261 consilium
1170 5206 1396 5261 minime
1422 5207 1475 5260 in
1514 5207 1750 5263 obscuro
1794 5222 1981 5262 versa-

389 5311 504 5363 tur,
560 5297 765 5352 collato
806 5295 1081 5364 ilierocle,
1114 5296 1207 5368 qui
1247 5297 1314 5350 ad
1351 5299 1574 5352 verbum
1628 5299 1977 5362 exscribitur,

384 5393 524 5447 item
555 5389 837 5460 Stephano
885 5389 1205 5460 Byzantino,
1237 5405 1300 5443 ex
1353 5402 1462 5459 quo
1510 5389 1627 5445 fere
1672 5390 1789 5445 solo
1835 5390 1980 5445 anti-

386 5484 588 5553 quiora
623 5482 789 5552 petita
825 5496 949 5536 esse
971 5480 1246 5537 videntur.
1289 5480 1363 5534 De
1396 5497 1495 5535 usu
1551 5496 1769 5550 quoque
1821 5497 1977 5538 com-

392 5575 751 5629 mentationis
763 5572 1089 5644 quotidiano
1108 5589 1157 5627 s-.
1185 5574 1393 5643 vulgari
1410 5573 1498 5627 vix
1520 5573 1757 5627 dubitari
1780 5582 1977 5642 potest.

393 5664 611 5722 Etenim
642 5674 855 5737 spectat
889 5666 1191 5722 studiosam
1219 5665 1563 5735 antiquitatis
1610 5664 1977 5733 iuventutem,

391 5762 481 5815 cui
518 5759 796 5817 Hierocles
823 5760 1244 5816 commendatur
1273 5773 1396 5814 cum
1442 5757 1711 5813 similibus
1746 5758 1978 5827 scripto-

394 5853 568 5907 ribus.
604 5850 948 5921 Geographie
982 5850 1143 5905 medii
1187 5848 1285 5904 aevi
1322 5852 1552 5905 summis
1580 5848 1751 5905 labris
1803 5852 1976 5922 tangi-

2083 4650 2176 4706 οὗν
2206 4654 2261 4706 αἱ
2290 4652 2617 4721 στρατηγίαι
2675 4648 2778 4723 [ἐν]
2832 4651 2943 4713 τοῖς
2994 4647 3359 4709 Ἀνατολικοίς
3432 4646 3668 4716 θέμασιν

2085 4745 2468 4816 ἀριθμοῦνται.
2503 4745 2567 4798 Αἱ
2588 4744 2645 4797 δὲ
2679 4743 2781 4812 τῆς
2810 4742 3030 4804 Δύσεώς
3049 4743 3188 4795 εἰσιν
3215 4734 3375 4794 αὗται
3396 4754 3409 4767 ·
3435 4739 3464 4791 6
3506 4755 3670 4806 στρα-

2083 4840 2248 4909 τηγὸς
2310 4837 2725 4907 Πελοποννήσου
2746 4851 2760 4866 ο
2794 4837 2823 4888 ὁ
2852 4832 3159 4904 στρατηγὸς
3219 4830 3570 4893 Νικοπόλεως
3593 4847 3605 4860 ’
3639 4830 3668 4882 6

2084 4930 2389 5002 στρατηγὸς
2419 4928 2854 5009 Κιῧυῤῥαιωτῶν
2873 4943 2887 4958 ’
2916 4928 2945 4980 6
2963 4925 3268 4997 στρατηγὸς
3318 4923 3591 4985 Ἑλλάδος.
3616 4966 3628 4978 .
3651 4962 3667 4977 .

2082 5025 2111 5076 6
2141 5022 2448 5094 στρατηγὸς
2500 5021 2603 5090 τῆς
2648 5020 2831 5089 Σάμου
2855 5033 2871 5049 °
2901 5021 2928 5073 6
2960 5018 3266 5089 στρατηγὸς
3299 5015 3395 5069 τοῦ
3440 5015 3670 5084 Αίγαίου

2084 5113 2353 5181 πελάγους
2377 5128 2391 5143 ·
2423 5113 2452 5166 6
2472 5109 2776 5180 στρατηγὸς
2807 5109 3144 5179 Δαλματίας,
3174 5126 3229 5162 κ.
3254 5123 3308 5161 τ.
3335 5106 3385 5161 λ.
3412 5107 3490 5161 Ειι
3516 5119 3668 5166 vero,

2082 5221 2243 5275 quam
2306 5215 2466 5258 tenax
2521 5204 2688 5259 fuerit
2732 5202 2989 5257 san-nium
3041 5202 3336 5267 decimum,
3373 5200 3481 5255 imo
3512 5206 3670 5251 ante-

2086 5298 2250 5360 riora,
2293 5297 2481 5352 formte
2532 5295 2793 5366 pristinte,
2865 5309 2988 5362 qnte
3043 5303 3161 5348 crat
3218 5291 3399 5347 saeculi
3466 5285 3666 5357 quarti.

2086 5393 2326 5462 Namque
2355 5393 2419 5446 de
2481 5389 2842 5446 Constantino
2890 5387 3048 5458 plane
3082 5387 3160 5442 sic
3204 5385 3367 5439 refert
3418 5381 3669 5435 Zosimus

2086 5502 2146 5547 tt.
2168 5487 2238 5540 55
2264 5487 2340 5555 (p.
2370 5483 2438 5539 98
2465 5484 2552 5538 ed.
2581 5483 2779 5553 Bonn.)
2806 5500 2819 5534 :
2853 5482 3266 5540 Κωνσταντῖνος
3290 5476 3366 5539 δὲ,
3390 5472 3457 5524 τὰ
3484 5470 3667 5533 καλῶς

2084 5575 2405 5632 καθεστῶτα
2451 5575 2638 5635 κινῶν,
2710 5573 2841 5644 μίαν
2881 5568 3048 5627 οὖσαν
3077 5572 3134 5632 ις
3159 5567 3431 5631 τέσσαρας
3470 5559 3666 5613 διεῖλεν

2083 5668 2279 5741 ἀρχάς.
2318 5667 2581 5738 ’Υπάρχῳ
2602 5665 2709 5738 γὰρ
2740 5664 2822 5717 ἑνὶ
2849 5666 2949 5731 τὴν
2974 5661 3248 5727 Αἴγυπτον
3275 5656 3494 5709 ἃπασαν
3526 5650 3663 5723 πρὸς

2083 5765 2149 5832 τῇ
2192 5759 2531 5815 ιΙενταπόλει
2590 5755 2800 5823 Λιϐύης
2824 5752 2922 5807 καὶ
2955 5750 3052 5820 τὴν
3080 5746 3222 5817 ἑῴαν
3253 5746 3381 5815 ἄχρι
3406 5742 3660 5796 Μεσοπο-

2085 5853 2290 5927 ταμίας
2344 5853 2437 5906 καὶ
2497 5848 2716 5919 προσέτι
2752 5861 2815 5912 γε
2865 5843 3094 5904 Κίλικας
3135 5838 3227 5892 καὶ
3280 5832 3656 5895 Καππάδοκας
3750 5842 3755 5847 ’
