4166 6430
470 378 540 442 31
1597 372 2007 436 VARIORUM
2049 370 2629 434 PREFATIONES.
3692 378 3763 440 32

473 503 554 560 (p.
582 488 687 545 665
715 489 804 544 ed.
838 488 1036 558 Bonu.)
1072 507 1084 542 :
1113 488 1304 557 Τούτῳ
1351 489 1429 559 τῷ
1489 488 1600 544 ἔτει
1653 486 2064 542 Κωνσταντῖνος

2190 495 2395 537 :urrere
2419 481 2664 537 memini.
2706 479 2845 548 Ergo
2899 479 3156 534 thematis
3193 492 3390 534 nomen
3443 479 3494 534 in
3541 482 3761 536 unicam

473 583 576 647 τὰς
607 581 752 636 κατὰ
781 581 1123 635 Μακεδονίαν
1153 581 1478 644 Σκλαὸινίας
1506 580 1920 652 ᾐχμαλώτευσε.
1949 590 2056 644 quo

2193 592 2281 629 um
2325 577 2584 632 thematis
2626 576 2978 646 metropolin,
3013 573 3384 644 Naupactum,
3438 578 3762 634 translatqu

477 675 545 728 de
589 672 708 728 loco
739 672 825 726 adi
860 685 977 724 mea
1029 670 1524 726 Thessalonicensia
1564 673 1832 741 (prolegg.
1885 684 1936 737 p.
1990 683 2057 722 cv

479 765 662 831 ibique
693 763 854 831 uot.).
889 761 1034 818 Idem
1069 763 1134 816 ad
1163 780 1213 817 a.
1249 764 1350 817 794
1383 763 1590 832 (Irenes
1626 777 1679 816 a.
1717 762 1769 829 5)
1813 761 1898 815 ed.
1959 761 2054 814 cit.

479 870 536 922 p.
577 853 680 908 737
715 871 728 908 :
763 853 1220 924 Μονοστράτηγον
1259 855 1339 916 είς
1365 853 1463 924 τὴν
1493 853 1716 924 Θρᾴκην
1741 852 1836 906 καὶ
1873 853 2061 906 Μακε-

479 946 661 998 δονίαν
694 945 826 1000 :ubi
863 945 1304 1015 μονοστράτηγος
1334 946 1452 999 usui
1498 945 1706 1015 vulgari
1745 945 2061 1012 opponitur,

482 1037 776 1093 secundum
820 1053 980 1106 quem
1011 1036 1241 1091 Thracia
1273 1053 1430 1090 suurn
1467 1036 1775 1107 στρατηγὸν
1806 1035 2064 1099 habebat,

482 1139 539 1182 et
565 1128 874 1183 Macedonia
908 1143 1086 1180 suum.
1143 1125 1289 1197 Idem
1328 1144 1380 1196 p.
1423 1127 1532 1180 772
1567 1128 1640 1197 (τι.
1679 1125 1805 1196 804)
1847 1145 1860 1180 :
1903 1127 1966 1179 Οί
2009 1126 2067 1180 δὲ

483 1218 783 1289 Βούλγαροι
814 1217 975 1270 πλέον
995 1196 1329 1286 κατίσχυσαν
1349 1196 1582 1288 Θρᾴκης
1592 1216 1686 1270 καὶ
1701 1217 2064 1280 Μακεδονίας.

482 1311 616 1363 Τότε
647 1309 740 1362 καὶ
775 1309 1082 1378 Ἀγχίαλον,
1125 1327 1179 1362 κ.
1217 1327 1268 1363 τ.
1292 1308 1342 1362 λ.
1377 1309 1520 1363 Idem
1561 1325 1615 1376 p.
1651 1309 1748 1364 781
1783 1308 1853 1377 (a.
1884 1307 2010 1378 805)
2053 1324 2068 1362 :

483 1404 591 1456 Καὶ
633 1403 886 1473 Ἰωάννης
916 1402 1228 1473 (πατρίκιος
1254 1401 1350 1456 καὶ
1377 1402 1682 1472 στρατηγὸς
1706 1400 2069 1464 Μακεδονίας,

481 1499 564 1548 sic
594 1479 1078 1565 distinguendum)
1130 1496 1159 1546 ὁ
1193 1494 1496 1563 Ἀπλάκης.

555 1585 921 1654 Nicephorus,
964 1586 1304 1656 Cpolitauus,
1352 1596 1411 1640 ut
1461 1595 1674 1654 putant,
1733 1586 2068 1654 patriarcha,

483 1679 662 1745 quide
683 1680 844 1732 rebus
871 1687 993 1748 post
1033 1678 1358 1732 Mauricium
1403 1679 1574 1748 gestis
1620 1679 1865 1748 scripsit,
1927 1695 2071 1732 mor-

488 1778 613 1822 tuus
645 1783 699 1821 a.
726 1768 851 1822 8:28.
887 1768 934 1821 Is
967 1770 1172 1822 nuvitio
1227 1768 1555 1823 Macedoniae
1614 1785 1712 1823 usu
1766 1770 2075 1829 abstinens,

2172 668 2390 734 putabis
2413 669 2437 722 ?

2248 757 2644 812 Constantinus
2697 755 3197 828 Porphyrogenitus
3235 758 3252 827 (
3287 775 3337 812 a.
3362 760 3476 827 L9H
3505 793 3574 801 —
3611 763 3761 830 945).

2177 848 2252 903 De
2305 848 2620 902 cerimoniis
2650 847 2712 912 Il,
2736 847 2804 901 52
2842 865 2855 901 :
2893 845 2952 899 Ἦ
2987 847 3155 916 (ἀξία)
3185 848 3280 902 τοῦ
3319 853 3628 922 στρατηγοῦ
3668 855 3765 922 τῆς

2173 940 2421 1012 Θρᾴκης.
2459 940 2522 992 'II
2551 939 2644 992 τοῦ
2679 938 2989 1010 στρατηγοῦ
3019 941 3382 1005 Μακεδονίας.
3425 944 3628 998 Ibidem
3665 963 3679 997 :
3707 947 3768 997 Ὀ

2176 1033 2483 1104 στρατηγὸς
2531 1034 2631 1102 τῆς
2689 1033 2932 1103 Θρᾴκης.
2979 1032 3040 1086 '0
3071 1035 3375 1104 στρατηγὸς
3403 1037 3767 1099 Μακεδονίας.

2177 1125 2379 1178 Ibidem
2407 1145 2419 1178 :
2448 1123 2509 1176 '0
2532 1123 2844 1186 ἀνθύπατος
2872 1123 3162 1192 πατρίκιος
3194 1125 3289 1176 καὶ
3335 1127 3645 1194 στρατηγὸς
3672 1129 3772 1191 τῖς

2178 1216 2444 1287 Θρᾴκης..
2475 1217 2503 1268 ό
2533 1215 2654 1269 ἀνθ.
2687 1232 2850 1284 πατρ.
2871 1216 2968 1268 καὶ
3002 1233 3191 1286 στρατ.
3235 1219 3596 1281 Μακεδονίας.
3630 1220 3770 1270 ldum

2179 1309 2249 1364 de
2286 1308 2479 1364 ceritn.
2513 1322 2571 1370 tt,
2601 1307 2671 1361 41
2697 1326 2709 1360 :
2741 1307 3027 1378 Σχολάριοι
3053 1307 3431 1379 Θρᾴκησιὰνοι
3460 1310 3552 1362 καὶ
3581 1312 3772 1363 Maxe-

2177 1401 2331 1463 δόνες
2388 1400 2548 1455 1037.
2580 1399 2747 1453 Ibid.:
2783 1400 3155 1470 Θρᾳκησιάνοι
3203 1401 3299 1453 καὶ
3334 1401 3644 1463 ΜακεδΝες
3676 1402 3774 1470 ἄρα

2184 1509 2372 1563 χοντες
2399 1491 2528 1556 202,
2561 1492 2840 1561 σχολάριοι
2877 1491 3181 1559 (veterani)
3212 1492 3301 1555 99,
3345 1493 3457 1545 κσέοι
3499 1493 3772 1561 σχολὰριιι

2185 1583 2310 1637 608.
2346 1583 2491 1636 Idem
2523 1582 2650 1636 ibid.
2681 1582 2832 1647 11,45
2861 1601 2874 1635 :
2921 1581 3054 1635 Ἀπὸ
3082 1581 3177 1636 τοῦ
3201 1583 3436 1652 θέματος
3472 1585 3693 1655 Θρᾴκης
3716 1623 3728 1637 .
3752 1622 3768 1638 .

2184 1675 2291 1728 ἀπὸ
2317 1675 2411 1727 τοῦ
2438 1675 2674 1743 θέματος
2697 1674 3056 1737 Μακεδονίας.
3095 1675 3232 1729 Ibid.
3259 1692 3273 1727 :
3310 1676 3408 1727 Διὰ
3435 1675 3541 1727 τῶν
3566 1677 3600 1729 4
3639 1693 3776 1742 ταγ-

2189 1766 2376 1833 μάτων
2419 1765 2662 1834 Θρᾴκης.
2701 1764 2822 1818 ,διὰ
2878 1764 2987 1816 τῶν
3010 1766 3043 1820 ’5
3074 1766 3374 1834 ταγμάτων
3405 1766 3768 1830 Μακεδονίας.

488 1860 768 1926 puriorem
817 1860 1111 1914 dictionem
1165 1859 1302 1914 adeo
1352 1860 1588 1922 allectat,
1632 1870 1690 1912 ut
1741 1874 1845 1912 non
1907 1857 2076 1912 semel
2115 1834 2158 1888 Β
2186 1858 2328 1912 Idem
2387 1857 2453 1909 de
2481 1857 2787 1911 administr.
2827 1857 2955 1925 imp.
2998 1873 3119 1924 cap.
3153 1857 3223 1911 50
3253 1875 3265 1910 :
3298 1858 3453 1910 Μετὰ
3488 1858 3773 1925 δυνάμεως

493 1960 701 2004 tantum
728 1967 826 2020 pro
861 1953 972 2018 ipsa
1001 1953 1252 2018 Thracia,
1277 1969 1384 2006 non
1412 1953 1478 2006 de
1505 1954 1588 2006 eol
1614 1953 1733 2006 :niis
1756 1952 2073 2006 Graveormn

494 2038 803 2107 Thracicis,
835 2041 980 2096 dicat
1019 2043 1087 2095 τὰ
1129 2043 1223 2095 ἐπὶ
1255 2043 1501 2113 Θρᾴκης,
1548 2043 1710 2094 simil.
1754 2042 1887 2094 Vide
1934 2041 2073 2094 Bon-

493 2146 717 2187 nensem
771 2135 890 2203 ejus
939 2135 1234 2189 editionem
1295 2151 1346 2202 p.
1395 2134 1467 2188 20
1535 2133 1646 2202 (τὸν
1713 2135 1806 2186 ἐπὶ
1853 2133 2075 2203 Θρᾴκης

491 2224 730 2295 χῶρον);
765 2240 816 2294 p.
847 2225 916 2280 40
947 2227 1035 2294 (τὰ
1067 2227 1157 2278 ἐπὶ
1195 2225 1418 2296 Θρᾴκης
1455 2225 1631 2295 χωρία
1659 2242 1716 2276 τε
1754 2224 1848 2276 καὶ
1889 2224 2077 2276 πολίσ-

500 2312 704 2382 ματα);
746 2331 798 2382 p.
833 2315 900 2369 51
941 2314 1032 2385 (τὰ
1073 2315 1166 2368 ἐπὶ
1211 2315 1430 2386 Θρᾴκης
1485 2315 1719 2384 χωρία);
1767 2331 1819 2382 p.
1869 2315 1937 2366 59
1974 2312 2076 2384 (τὰ

495 2407 591 2459 ἐπὶ
629 2407 902 2478 Θρᾴκης);
952 2423 1002 2476 p.
1060 2408 1124 2460 ’71
1180 2407 1271 2476 (τὰ
1317 2408 1410 2460 ἐπὶ
1461 2407 1684 2477 Θρᾴκης
1733 2406 1954 2476 χωρία).
2006 2405 2078 2458 Ea

495 2496 739 2564 exempla
773 2497 857 2550 his
888 2498 1043 2558 adde,
1070 2511 1190 2565 qua:
1246 2497 1313 2550 de
1355 2496 1454 2549 hac
1488 2495 1907 2566 Byzantinorum
1957 2494 2084 2547 ιιίῖἰι-

495 2587 738 2641 etatione
775 2588 826 2639 in
866 2586 1180 2656 Egnatianis
1215 2587 1484 2655 congessi,
1511 2596 1861 2641 contutenlat.
1909 2603 1966 2648 ιι,
2015 2602 2068 2654 p.

495 2677 586 2732 ιιι.
619 2677 676 2732 In
713 2677 931 2747 reliquis
962 2678 1284 2747 simpliciter
1325 2677 1486 2732 habet
1513 2693 1600 2730 vv.
1635 2677 1883 2748 Θρᾴκην,
1932 2679 2080 2748 Θρᾴα

495 2768 636 2838 κῷα,
699 2768 952 2838 Θρᾴκικὰ
989 2769 1068 2838 (p.
1094 2767 1186 2833 28,
1223 2770 1313 2834 59,
1337 2767 1427 2831 41,
1454 2783 1562 2837 quo
1593 2767 1783 2823 ultimo
1820 2767 1939 2822 loco
1981 2779 2085 2821 ter-

502 2876 618 2914 ram
651 2861 785 2914 adeo
823 2859 1199 2930 Strymoniam
1227 2861 1359 2914 dicit
1391 2859 1703 2931 Θρᾳκῴανς
1743 2877 1795 2930 p.
1846 2859 1938 2924 49,
1991 2861 2082 2927 55,

501 2951 631 3023 69).
663 2951 863 3007 ‘v’erum
894 2953 961 3007 de
1010 2969 1124 3008 τενο
1153 2952 1312 3022 hujus
1336 2954 1622 3024 scriptoris
1657 2953 1853 3008 dnhius
1887 2954 2085 3009 haereo.

570 3043 802 3101 Omissis
843 3046 910 3100 iis
947 3047 1334 3116 scriptoribus,
1371 3047 1459 3116 qui
1503 3045 1855 3116 Theophanis
1911 3049 2088 3100 conti-

2174 1947 2270 2000 καὶ
2322 1948 2504 2016 ἰσχύος
2547 1948 2750 2016 πολλῆς
2776 1990 2788 2012 ,
2832 1949 3000 2018 ἧγουν
3050 1949 3282 2018 Θρᾳκῶν
3314 1952 3418 2003 καὶ.
3437 1949 3766 2002 Μακεδόνων

2176 2041 2270 2093 καὶ
2306 2039 2413 2093 τῶν
2449 2040 2658 2092 λοιπῶν
2684 2040 2922 2092 δυτικῶν
2975 2040 3230 2110 Θεμάτων
3276 2041 3450 2109 (imp.
3491 2041 3769 2106 Michacle,

2177 2131 2463 2202 Theophili
2490 2133 2588 2198 ιιι..
2623 2147 2674 2186 a.
2707 2131 2994 2201 842-867).

2248 2224 2492 2279 Incertus
2510 2223 2858 2293 Theophanis
2875 2227 3244 2290 continuatur,
3268 2229 3444 2281 medio
3462 2227 3661 2280 sarculo
3679 2228 3768 2282 de-

2175 2316 2318 2368 cimo
2357 2316 2740 2384 assignandus,
2781 2317 3047 2384 quijussu
3081 2316 3425 2372 Constantini
3463 2317 3772 2390 Porpher-

2176 2407 2342 2476 geniti
2380 2408 2519 2460 vitas
2546 2408 2938 2474 imperatorum
2972 2406 3172 2462 Leonis
3203 2409 3448 2462 Armenii
3481 2425 3652 2478 usque
3701 2412 3771 2464 ad

2181 2496 2512 2562 Romanum,
2532 2497 2874 2552 Constantini
2903 2497 3170 2570 Porphyr.
3213 2499 3285 2552 lil.
3325 2500 3399 2570 (a.
3425 2501 3602 2555 815-
3621 2501 3771 2572 959),

2164 2589 2328 2643 .libris
2359 2603 2451 2642 sex
2511 2589 2832 2658 perscripsit
2879 2591 2990 2658 (ed.
3033 2591 3205 2644 Bonn.
3269 2607 3320 2660 p.
3348 2592 3382 2646 5
3411 2623 3481 2631 -
3515 2593 3613 2646 481
3647 2594 3690 2662 ).
3725 2594 3774 2646 Is

2181 2695 2310 2747 ergo
2349 2679 2490 2734 libro
2523 2696 2562 2742 ι,
2590 2679 2751 2747 l9(p.
2784 2681 2924 2748 30):
2964 2681 3072 2733 Καὶ
3118 2681 3302 2746 πόλεις
3353 2681 3623 2753 πολλαχοῦ
3664 2683 3774 2737 τῶν

2191 2769 2335 2822 κατὰ
2358 2771 2580 2840 Θρᾴκην
2604 2770 2697 2822 καὶ
2725 2770 3068 2824 Μακεδονίαν
3093 2810 3106 2824 .
3132 2811 3144 2824 .
3185 2773 3484 2843 ἀνεγείρων
3507 2772 3640 2842 (Leo
3672 2772 3776 2826 Ar-

2184 2863 2399 2916 menius
2433 2880 2483 2916 a.
2523 2863 2629 2916 815
2665 2878 2786 2932 sqq.
2829 2863 2870 2930 ).
2904 2863 3050 2918 Idem
3103 2865 3154 2917 in
3195 2864 3334 2919 libro
3381 2882 3416 2920 ιι
3451 2867 3560 2932 (de
3610 2865 3773 2921 Miclt.

2187 2955 2495 3008 Amoriensi
2525 2954 2541 3022 )
2580 2955 2696 3009 solo
2731 2954 2979 3010 Thracia}
3011 2957 3228 3010 nomine
3259 2958 3332 3012 uti
3384 2958 3542 3012 solet.
3571 2959 3675 3012 Sed
3710 2957 3775 3012 li-

2185 3046 2281 3098 bro
2315 3063 2387 3108 Iv,
2412 3046 2527 3116 24(
2558 3063 2612 3116 p.
2670 3046 2790 3115 I77)
2824 3065 2835 3100 :
2881 3047 2943 3098 Ὁ
2975 3048 3194 3124 Μιχαῂλ
3227 3047 3549 3117 (Theophili
3579 3048 3727 3118 lil.).
3762 3089 3776 3103 .

502 3148 759 3195 nuatores
789 3139 892 3194 dici
923 3139 1120 3204 solent,
1149 3140 1216 3193 ad
1254 3140 1414 3214 linem
1445 3139 1688 3210 ejusdem
1721 3140 1903 3194 saeculi
1933 3139 2080 3208 (noni

2190 3137 2414 3207 Θρᾷκάς
2462 3155 2520 3190 τε
2588 3137 2683 3190 καὶ
2737 3137 3055 3202 Μακεδόνας
3120 3139 3279 3209 μέχρι
3330 3140 3439 3192 τῶν
3497 3141 3782 3211 τεσσάρων

501 3229 828 3299 initiumque
863 3230 1084 3295 decimi)
1127 3230 1518 3300 transgredior.
1547 3229 1622 3284 Illi
1671 3231 1817 3286 enim
1861 3246 1990 3285 suos
2019 3230 2087 3285 de

503 3322 772 3392 proximis
813 3322 1234 3390 imperatoribus
1275 3321 1698 3376 commentarios
1745 3322 1946 3377 saeculo
1991 3323 2090 3376 de—

503 3414 648 3466 cimo
677 3425 731 3468 et
770 3421 890 3482 post
940 3422 1258 3467 exararunt.
1314 3412 1528 3468 Citandi
1576 3413 1742 3484 igitur
1803 3414 1917 3468 fere
1963 3424 2091 3470 ante

504 3501 741 3559 Leonem
777 3504 1072 3558 Diaconum
1103 3518 1224 3559 esse
1256 3505 1529 3568 ridentur,
1558 3520 1697 3560 unus
1722 3520 1910 3559 eorum
1963 3517 2088 3575 post

501 3597 806 3652 Cedrenum
840 3612 962 3652 cum
990 3597 1247 3666 Scylitza.
1282 3597 1553 3652 Incertum
1585 3595 1934 3666 Theophanis
1959 3614 2091 3652 con-

503 3689 828 3744 tinuatorem
887 3705 1051 3760 regno
1098 3690 1438 3745 Constantini
1484 3688 1936 3760 Porphyrogeuiti
1997 3705 2088 3746 as-

505 3781 685 3852 signo.

580 3871 694 3926 Leo
727 3873 958 3940 Sapiens
991 3872 1061 3943 (a.
1103 3872 1207 3927 886
1238 3873 1475 3943 —907).
1514 3873 1565 3927 Is
1599 3874 1650 3927 in
1691 3889 1792 3929 suo
1832 3875 2095 3930 ecclesia-

505 3978 627 4018 rum
661 3963 838 4017 iudire
873 3963 948 4033 (1)
977 3965 1090 4018 hazc
1125 3965 1328 4019 habet:
1359 3965 1450 4034 Τῷ
1494 3965 1844 4036 Ἡρακλείας,
1871 3967 2094 4040 Θρᾴκης

504 4055 602 4109 καὶ
631 4054 992 4122 Μακεδονίας,
1017 4074 1070 4110 κ.
1089 4073 1139 4110 τ.
1160 4057 1212 4110 λ.
1233 4057 1390 4123 Quod
1415 4058 1662 4112 ultimum
1687 4059 1927 4114 additum
1948 4070 2095 4129 patet

504 4145 573 4201 ad
606 4146 1046 4217 distinguendam
1081 4149 1223 4204 hanc
1263 4150 1490 4221 Europa:
1531 4151 1847 4208 Ileracleam
1884 4153 2094 4222 (Perin-

507 4234 681 4305 thum)
700 4239 767 4291 ab
785 4237 977 4305 altera,
997 4239 1164 4304 Asiae,
1179 4256 1257 4294 sc.
1274 4240 1722 4297 Pontoheraclea.
1745 4242 1912 4299 Usum
1933 4246 2093 4299 medii

504 4330 606 4385 aevi
636 4331 881 4400 sequitur
906 4333 1071 4386 etiam
1102 4334 1210 4387 alio
1240 4334 1378 4398 loco,
1411 4335 1500 4388 ubi
1542 4332 1813 4390 Larissam
1868 4334 2094 4392 Graecia:

504 4423 755 4477 secundae
774 4422 984 4489 tribuit,
1003 4426 1316 4496 pariterque
1333 4424 1776 4482 Thessalonicam
1801 4427 2097 4485 Thessalia:

2189 3225 2562 3297 συνηθροικὼς
2634 3225 2933 3297 μυριάδων.
3006 3226 3140 3281 Ibid.
3190 3243 3242 3282 c.
3307 3229 3378 3281 25
3437 3230 3529 3298 (p.
3603 3228 3778 3298 ISI):

2199 3321 2293 3372 καὶ
2362 3319 2470 3371 τῶν
2535 3319 2760 3390 Θρᾴκης
2835 3319 2931 3371 καὶ
3006 3319 3351 3383 Μακεδονίας
3430 3321 3778 3391 στρατηγῶν.

2194 3414 2338 3468 Idem
2377 3414 2513 3467 libro
2559 3429 2587 3464 ν
2616 3453 2630 3476 ,
2662 3413 2683 3465 1
2714 3414 2809 3482 (p.
2850 3413 3027 3480 2H):
3083 3413 3450 3485 Αὐτοκράτωρ
3497 3415 3782 3480 Βασίλειος

2188 3507 2415 3576 ὡρμᾶτο
2462 3505 2560 3574 μὲν
2618 3507 2683 3558 ὲκ
2749 3505 2851 3574 τῆς
2894 3504 3221 3558 Μακεδόνων
3269 3506 3394 3575 γῆς,
3441 3505 3501 3558 τὸ
3555 3506 3785 3574 δὲγὲνος

2189 3592 2373 3652 εἷλκεν
2405 3599 2462 3664 ἐξ
2509 3597 2814 3668 Ἀρμενίων
2878 3597 3066 3659 ἔθνους
3109 3597 3435 3668 ’Λρσακίω-ι.
3500 3598 3631 3652 Ibid.
3667 3614 3716 3654 c.
3749 3597 3788 3652 2

2193 3690 2283 3761 (p.
2308 3689 2434 3761 2M)
2466 3713 2477 3744 :
2515 3690 2609 3752 Εἰς
2642 3690 2819 3759 Νίκην
2869 3689 3010 3742 κατὰ
3043 3689 3386 3758 Μακεδονίαν
3447 3688 3601 3741 πόλιν
3621 3727 3635 3742 .
3664 3729 3676 3742 .
3703 3691 3785 3752 είς

2189 3781 2492 3844 Φιλίππους
2513 3781 2982 3851 (Philippopolin),
3024 3781 3156 3850 μίαν
3183 3781 3279 3832 καὶ
3308 3779 3479 3850 αὐτὴν
3503 3779 3611 3833 τῶν
3645 3781 3788 3835 κατὰ

2193 3871 2566 3927 Μακεδονίαν.
2594 3910 2608 3925 .
2668 3871 2877 3923 πόλεων
2902 3912 2916 3925 .
2937 3908 2950 3924 .
2975 3907 2992 3924 .
3044 3871 3126 3933 εἰς
3169 3870 3632 3941 Ἀδριανούπολιν.
3679 3870 3787 3926 lbi-

2193 3965 2316 4021 dem
2351 3981 2399 4019 c.
2427 3965 2496 4018 65
2523 3964 2541 4034 (
2581 3979 2633 4034 p.
2667 3964 2795 4034 ’5115)
2847 3981 2860 4016 :
2897 3963 3052 4017 Λέων
3077 3965 3104 4016 ό
3126 3963 3234 4016 τῶν
3257 3963 3488 4034 Θρᾳκῶν
3517 3966 3610 4018 καὶ
3652 3965 3781 4018 Μα-

2195 4057 2432 4111 κεδόνων
2472 4055 2970 4126 στρατηγόςῌιιιι).
3009 4055 3210 4135 Basilio
3261 4054 3554 4110 Macedone
3601 4061 3638 4123 ).
3705 4055 3782 4109 Ib.

2193 4164 2245 4204 e.
2287 4149 2469 4218 66(p.
2502 4148 2658 4218 306):
2685 4147 2841 4200 Μετὰ
2863 4145 2971 4200 τῶν
3001 4146 3241 4217 Θρᾳκῶν
3288 4164 3346 4200 τε
3383 4148 3477 4200 καὶ
3532 4145 3787 4202 Μακεδό-

2192 4257 2320 4295 νων.
2355 4240 2431 4294 11).
2452 4254 2501 4294 c.
2538 4239 2599 4292 ’71
2640 4238 2658 4311 (
2687 4237 2873 4307 p.3l2)
2902 4253 2915 4289 :
2947 4239 3260 4309 Στρατηγὸν
3285 4238 3395 4291 τῶν
3414 4240 3479 4304 ¹ἑν
3503 4239 3788 4309 Λαγοϐαρ-

2197 4333 2286 4403 δίᾳ
2315 4333 2602 4403 δυνάμεων
2634 4330 2775 4402 μετὰ
2803 4330 3038 4400 Θρᾳκῶν
3069 4331 3164 4384 καὶ
3183 4330 3518 4385 Μακεδόνων
3541 4332 3636 4385 καὶ
3660 4334 3786 4384 ἑπι-

2199 4427 2408 4480 λέκτων
2442 4427 2825 4497 Χαρσιανιτῶν
2858 4427 2952 4480 καὶ
2984 4412 3396 4483 Καππαδόκων.
3446 4428 3591 4482 Idem
3649 4427 3787 4483 libro

504 4514 766 4584 assignat.
803 4513 860 4569 In
903 4517 1123 4586 reliquis
1159 4518 1469 4586 antiquiora
1521 4528 1690 4583 tenet,
1731 4535 1809 4574 se.
1859 4521 1911 4574 in
1946 4522 2083 4575 Nau-

2206 4535 2276 4582 vr,
2305 4520 2358 4586 9,
2403 4535 2456 4590 p.
2485 4520 2589 4575 558
2637 4521 2791 4589 (imp.
2829 4519 3007 4574 Leone
3049 4520 3177 4590 Sap.
3212 4522 3230 4587 )
3267 4540 3280 4576 :
3313 4520 3600 4590 Συμϐολῆς
3633 4521 3689 4574 δὲ
3725 4523 3784 4573 ὲν

512 4616 694 4674 pacto,
718 4603 1100 4675 Philippopoli,
1140 4607 1511 4676 Trajanopoli,
1544 4608 1925 4680 Adrianopoli,
1957 4628 2094 4681 quas

513 4694 656 4748 vide.
686 4694 738 4748 In
760 4696 864 4750 line
887 4695 1127 4763 ejusdem
1160 4697 1376 4761 indicis,
1399 4698 1490 4752 ubi
1526 4701 1852 4768 metropoles
1873 4717 2096 4758 enume-

516 4798 708 4840 rantur
739 4799 848 4841 tum
880 4790 1142 4858 temporis
1179 4806 1208 4844 a
1247 4791 1444 4850 tbr0no
1488 4790 1734 4845 Romano
1775 4794 1996 4854 avulsae.
2041 4804 2096 4850 et

515 4878 1124 4949 Constantinopolitano
1168 4881 1457 4950 adjuncta,
1503 4892 1624 4950 post
1668 4882 1805 4938 alios
1853 4886 2100 4940 Occurrit

511 4973 540 5024 ό
573 4971 920 5035 Νικοπόλεως
957 4972 1376 5042 (metropolita),
1407 4976 1499 5044 qui
1555 4979 1708 5030 locus
1732 4977 1876 5032 haud
1903 4994 2096 5048 parum

512 5063 852 5119 dilIicultatis
901 5065 1034 5120 ntihi
1076 5066 1294 5135 quidem
1337 5069 1541 5123 habere
1583 5069 1815 5123 videtur.
1854 5069 2100 5140 Namque

513 5157 695 5211 thema
719 5154 1150 5226 Nicopolitanum
1185 5167 1243 5212 ut
1267 5159 1586 5228 metropolin
1617 5161 1845 5215 habebat
1878 5161 2096 5232 Naupa-

515 5257 706 5314 ctum,
772 5249 898 5303 coll.
971 5248 1156 5305 Leone
1215 5251 1358 5305 libro
1422 5252 1681 5317 Iamlato,
1747 5253 1835 5309 ubi
1902 5254 2098 5322 singuli

515 5341 842 5412 suﬂ‘raganei
887 5354 1280 5411 memorantur,
1308 5346 1453 5399 inter
1486 5362 1622 5414 quos
1677 5349 1906 5416 primus,
1954 5365 2032 5403 se.
2070 5349 2099 5401 ό

517 5433 863 5504 Βουνδίτζης,
926 5436 1064 5490 idem
1121 5435 1234 5491 fere
1271 5454 1394 5492 cum
1450 5436 1827 5507 Niropolitano
1886 5440 2092 5506 fuerit;

522 5539 756 5593 namque
787 5524 1075 5595 Nieopolin
1121 5534 1230 5579 tum
1266 5541 1453 5581 revera
1503 5545 1607 5581 non
1661 5529 1936 5583 exstitisse
1983 5528 2098 5583 exi-

522 5617 704 5684 stimo,
736 5635 1046 5690 quanquam
1087 5637 1284 5674 nomen
1321 5620 1436 5690 ejus
1470 5629 1658 5690 postea
1697 5622 1987 5692 aliquoties
2014 5638 2096 5677 re-

2203 4611 2515 4682 Μακεδονίᾳ
2532 4612 2851 4682 γενομένης,
2883 4612 3154 4682 ἡττῶνται
3181 4612 3466 4684 Ῥωμαὶοι.
3487 4613 3619 4666 11)ἰι1.
3651 4629 3699 4668 c.
3723 4613 3791 4668 15

2205 4705 2301 4776 (p.
2338 4705 2464 4774 365)
2493 4721 2506 4758 :
2536 4704 2644 4755 Καὶ
2691 4705 2749 4755 ὲν
2784 4703 3097 4775 Μακεδονίᾳ
3124 4704 3445 4757 ἀπέστειλεν
3466 4742 3480 4756 .
3508 4743 3521 4757 .
3564 4703 3792 4772 ἀγαγὼν

2205 4795 2264 4848 δὲ
2301 4797 2364 4848 ὲκ
2389 4795 2730 4856 Μακεδονίας
2765 4793 3073 4848 Βασίλειον.
3104 4834 3118 4848 .
3152 4795 3293 4848 Idem
3328 4796 3379 4846 in
3412 4793 3657 4847 Ilontano
3685 4794 3790 4848 La-

2204 4898 2412 4951 capeno
2461 4899 2580 4951 cap.
2641 4884 2794 4953 l5(p.
2823 4883 2988 4952 406):
3024 4881 3270 4952 Συμεὼν,
3313 4882 3498 4952 ἄρχων
3545 4881 3790 4948 Βουλγα-

2207 4975 2332 5046 ρίας
2357 5015 2373 5028 .
2399 5012 2412 5025 .
2455 4974 2703 5042 ληῒζεται
2738 4975 2835 5044 μὲν
2885 4975 3108 5045 Θρᾴκην
3150 4973 3246 5026 καὶ
3287 4972 3650 5026 Μακεδονίαν.
3692 4973 3794 5026 Ibi-

2207 5069 2327 5122 dem
2360 5083 2409 5121 c.
2439 5066 2510 5120 22
2541 5067 2614 5136 (ρ.
2641 5066 2803 5134 412);
2837 5067 2950 5119 Καὶ
2983 5069 3040 5119 ὲν
3074 5065 3386 5136 Μακεδονίᾳ
3438 5065 3796 5135 καταλαμϐά-

2207 5175 2409 5212 νουσιν.
2441 5159 2576 5213 Ihid.
2615 5173 2664 5212 c.
2695 5159 2764 5214 ‘29
2797 5159 2872 5229 (p.
2904 5158 3030 5212 4‘20)
3065 5175 3079 5212 ι
3132 5157 3296 5209 Ὥστε
3337 5157 3640 5228 συμϐῆναι,
3672 5158 3797 5210 τού-

2206 5269 2334 5315 τους
2363 5252 2668 5324 (Bulgaros)
2691 5252 2800 5304 ἀπὸ
2838 5249 3143 5312 Μακέτιδος
3187 5249 3274 5302 διὰ
3299 5251 3611 5320 Στρυμόνος
3655 5250 3795 5320 πρὸς

2219 5345 2449 5400 Ἐλλάδα
2481 5346 2578 5398 καὶ
2611 5347 2709 5415 τὴν
2741 5343 3037 5397 Νικόπολιν
3069 5343 3449 5412 προχωρῆσαι.
3509 5342 3585 5396 11).
3629 5359 3679 5396 c.
3724 5340 3794 5394 55

2207 5440 2284 5509 (p.
2323 5439 2447 5509 HI)
2468 5455 2481 5490 :
2506 5439 2784 5500 Βασίλειος
2814 5436 2870 5489 δέ
2891 5453 2975 5500 τις
2993 5434 3281 5489 Μακεδών.
3305 5433 3380 5489 Ib.
3409 5450 3458 5490 ο.
3494 5435 3565 5489 15
3594 5452 3608 5487 :
3634 5431 3792 5487 11λείο

2207 5545 2361 5591 σταις
2400 5526 2752 5600 (1.πλείστας)
2787 5527 2972 5578 πόλεσι
3009 5527 3068 5595 (1.
3104 5526 3324 5594 πόλεις)
3357 5525 3498 5578 κατὰ
3542 5523 3792 5579 Μακεδο-

2204 5622 2324 5674 νίαν
2364 5622 2456 5674 καὶ
2479 5619 2700 5690 Θρᾴκην
2731 5661 2740 5674 .
2773 5659 2785 5672 .
2814 5661 2826 5672 .
2859 5620 3000 5675 I-letn
3033 5620 3088 5674 in
3135 5621 3495 5676 Constantino
3545 5617 3792 5686 Porphy-

588 5798 670 5864 (1)
700 5799 887 5854 Exstat
917 5803 1051 5854 inter
1086 5801 1205 5870 ejus
1242 5815 1405 5871 opera
1432 5802 1579 5856 varia
1607 5802 1656 5857 in
1690 5813 1830 5858 tomo
1857 5801 1993 5857 CVII
2038 5801 2363 5871 l’attoloyla‘
2389 5810 2604 5856 nostrae.
