4166 6446
503 246 576 309 39
1222 286 1229 287 ν
1634 257 2048 319 VARIORUM
2092 260 2640 325 PREFATIONES
3712 272 3789 339 10

507 361 615 416 \el.
649 361 689 423 I,
722 376 773 430 p.
804 360 932 431 210)
960 381 974 419 :
1014 363 1230 436 Μέχρις
1265 359 1359 421 οὗν
1396 368 1740 438 Ὀρεστιάδος
1765 371 2068 443 ὁριζομένη.

2197 377 2430 448 Θρᾷκες.
2481 380 2611 434 Ibid.
2646 395 2761 444 wn,
2792 379 2845 444 Ii,
2891 379 2953 433 9:
3006 380 3116 449 Τῆς
3146 380 3370 453 Θρᾴκης
3410 383 3533 438 ὅσον
3578 384 3641 439 τὸ
3677 388 3790 441 ἀπὸ

500 470 599 523 της
636 453 936 524 Ῥωμαϊδος
979 456 1075 510 καὶ
1108 457 1267 527 μόλις
1302 459 1592 533 πρότερον.
1629 464 1707 527 ὡς
1743 465 1851 518 τῶν
1880 466 2091 520 ἐκεῖθεν

502 546 609 598 ὑπὸ
641 545 974 618 Βουλγάροις
999 548 1216 605 ὄντων..
1235 590 1250 605 .
1280 550 1409 607 Ibid.
1441 568 1562 624 cap.
1585 555 1658 609 25
1687 574 1701 611 :
1732 557 1915 629 Μοῖρά
1934 576 2089 623 τις...

500 634 771 706 δυστυχὴς
818 636 1152 704 Μακεδόσιν,
1190 640 1331 695 εἴπω
1358 642 1415 695 δὲ
1464 644 1560 697 καὶ
1588 645 1829 717 Θρᾳξί...
1868 649 2000 704 Ibid.
2036 667 2090 719 v,

499 725 535 779 5
567 747 578 781 :
614 728 740 790 Τοῖς
775 727 917 782 κατὰ
947 730 1037 784 τὸν
1065 725 1241 801 Αἶμον
1271 735 1367 786 καὶ
1399 734 1534 807 αὐτῇ
1567 754 1631 805 γε
1655 739 1969 811 Μακεδονίᾳ
1993 745 2090 797 καὶ

498 818 711 890 Θρᾴκῃ.
750 818 894 874 Idem
930 822 983 875 in
1006 822 1317 877 Andronico
1348 823 1647 899 Palazologo
1671 847 1711 893 I,
1739 830 1844 888 29:
1880 833 1960 887 Τὰ
1989 835 2090 906 τῆς

498 906 843 971 Μακεδονίας
885 911 980 964 καὶ
1021 910 1265 980 Θρᾴκης.
1303 929 1378 980 ιν,
1413 916 1479 970 16
1507 918 1663 995 ιΑἘκ
1701 922 1897 992 χωρῶν
1939 923 2088 995 Θρᾳ-

498 1000 671 1055 κικῶν
712 1018 772 1054 τε
803 1004 897 1055 καὶ
940 996 1352 1059 Μακεδονικῶν.
1383 1023 1458 1074 Vl,
1489 988 1597 1066 3;:
1648 1012 1787 1076 Τοὺς
1834 1016 1963 1086 περὶ
1995 1019 2088 1070 τὸν

500 1092 677 1161 μέγαν
710 1094 1071 1165 πριμικήριον
1125 1096 1467 1164 Μακεδόνας.
1511 1103 1688 1172 Atque
1725 1104 1779 1159 in
1831 1106 1916 1161 his
1954 1109 2087 1164 locis

498 1182 941 1254 Pachymerianis
970 1202 1126 1242 usum
1152 1190 1314 1245 medii
1339 1192 1439 1247 aevi
1465 1194 1649 1264 vigere
1677 1197 1791 1266 ipse
1825 1199 2082 1255 historia-

493 1291 611 1329 rmn
648 1288 840 1331 sensus
873 1291 1153 1349 nexusque
1187 1282 1303 1337 sole
1349 1284 1550 1342 clarius
1582 1288 1820 1355 evincit;
1855 1292 1904 1344 id
1937 1292 2080 1361 quod

490 1368 561 1423 de
596 1367 851 1423 oumibus
897 1372 1339 1428 antecedentium
1372 1378 1704 1449 scriptorum
1755 1384 2083 1441 testimoniis

491 1481 654 1537 valet.

565 1572 720 1630 Hand
765 1591 891 1632 raro
934 1577 1095 1633 aliter
1140 1590 1434 1649 sequentes
1465 1594 1734 1650 auctores,
1762 1586 1817 1647 in
1853 1602 2079 1658 geogra-

487 1666 668 1735 phicis
711 1668 939 1724 minime
979 1673 1388 1739 contemnendi,
1426 1674 1768 1746 Nicepltorus
1802 1678 2078 1752 Gregoras

486 1767 542 1812 et
577 1757 1011 1816 Caulacuzenus.

558 1848 898 1920 Nicepltorus
944 1850 1215 1925 Gregoras
1250 1857 1419 1927 (saec.
1466 1858 1615 1930 xlv).
1662 1860 1709 1915 Is
1747 1861 1888 1918 libro
1923 1879 1961 1928 ι,
2016 1867 2070 1930 ι,

478 1940 521 1994 6
550 1941 660 2003 (ed.
685 1941 917 2015 Bonn.):
1042 1947 1341 2018 Κυψὲλλων
1361 1951 1458 2005 καὶ
1483 1952 1729 2023 Ἀπρων.
1755 1955 1919 2025 φημὶ,
1950 1957 2076 2012 ἁνα-

483 2031 670 2087 λασὼν
699 2037 728 2088 ό
753 2035 1006 2107 βασιλεὺς
1039 2041 1115 2111 (a.
1148 2041 1310 2113 I282)
1336 2043 1556 2115 Μιχαὴλ
1578 2045 1677 2111 τὰς
1704 2046 1988 2120 Θρᾳκικάς
2012 2069 2073 2105 τε

485 2218 678 2275 πουλοι
705 2222 845 2292 μετὰ
890 2223 1000 2276 τῶν
1034 2225 1417 2295 Μασσαγετῶν
1446 2230 1870 2302 ἐπληρώσαντο’
1896 2234 1960 2289 τὸ
1985 2236 2073 2290 δε-

485 2310 598 2375 ξιδν
627 2312 672 2364 δ’
703 2314 752 2366 οἱ
801 2313 913 2369 τῶν
960 2316 1355 2372 Μακεδονικῶν
1383 2337 1443 2373 τε
1483 2322 1579 2376 καὶ⁵
1621 2322 1919 2395 Θρᾳκικῶν
1948 2327 2070 2381 ἐπί-

484 2401 688 2458 λεκτοι.
719 2403 922 2459 Ibidem
954 2408 1009 2460 Η
1040 2408 1131 2476 (ad
1160 2425 1210 2463 a.
1248 2409 1446 2481 I282):
1482 2407 1657 2484 Αἷμον
1677 2415 1739 2469 τὸ
1770 2415 1919 2486 ὅρος,
1943 2417 1974 2471 ὃ
2002 2419 2067 2489 δὴ

484 2494 739 2564 μεθόριον
791 2495 889 2549 νῦν
940 2499 1055 2552 ἐστι
1109 2498 1403 2569 Ῥωμαίοις
1442 2519 1499 2556 τε
1559 2506 1654 2558 καὶ
1712 2505 2065 2577 Βουλγάροις.

472 2584 616 2643 Ibid.
645 2602 721 2651 Ix,
757 2586 811 2649 5,
845 2588 918 2641 5:
955 2589 1103 2642 Ἰδὼν
1127 2589 1182 2642 δὲ
1210 2591 1239 2642 ό
1268 2591 1383 2655 νέος
1424 2593 1680 2662 βασιλεὺς
1703 2598 1779 2668 (a.
1813 2597 2068 2669 1282)....

480 2676 552 2730 τὰ
588 2679 733 2731 κατὰ
766 2680 1112 2736 Μακεδονίαν
1135 2685 1233 2736 καὶ
1260 2684 1484 2757 Θρᾴκην
1514 2689 1694 2742 πάντα
1723 2693 2069 2763 καταστησά-

482 2784 667 2836 μενος.
688 2768 1010 2840 Quanquam
1041 2783 1271 2844 utroque
1296 2775 1416 2832 loco
1446 2789 1603 2834 vetus
1625 2779 1667 2832 Τ
1676 2782 1857 2837 Ιιτοεεε
1884 2795 1938 2838 et
1957 2784 2065 2837 Ma-

477 2860 705 2915 cedonia
745 2862 1109 2935 signiﬁcatur,
1143 2877 1200 2921 ιιι
1255 2870 1616 2937 sequentibus
1662 2886 1739 2937 Ix,
1785 2874 1839 2939 5,
1875 2876 1948 2929 5:
1982 2877 2063 2930 Τὰ

470 2951 625 3007 ,κατὰ
669 2953 1012 3009 Μακεδονίαν
1062 2958 1159 3011 καὶ
1213 2958 1439 3032 Θρᾴκην
1486 2965 1664 3019 πάντα
1717 2972 2066 3039 καταστησὰ-

481 3062 663 3113 μενος.
695 3061 812 3113 vm,
845 3047 947 3107 1ος
973 3062 1025 3112 v,
1058 3050 1126 3105 ϐε
1168 3051 1264 3105 Ἐκ
1293 3051 1588 3117 Βυζαντίου
1611 3058 1700 3111 διὰ
1724 3059 1946 3132 Θρᾴκης
1970 3065 2066 3118 καὶ

470 3136 818 3204 Μακεδονίας
848 3139 1101 3212 ἀπῄεσαν
1130 3143 1260 3214 ἄχρι
1300 3145 1651 3227 Γαδείρων...
1703 3146 2058 3226 κατατρέχειν

471 3245 536 3283 τε
562 3230 906 3286 Μακεδονίαν
939 3234 1036 3286 καὶ
1059 3234 1304 3307 Θρᾴκην.
1333 3254 1434 3295 vu.
1471 3242 1525 3304 6,
1566 3242 1598 3297 5
1626 3262 1640 3296 :
1676 3244 1801 3309 Τοῖς
1846 3249 1904 3301 ἐν
1943 3250 2064 3303 Μα-

473 3322 690 3394 κεδονίᾳ
734 3323 1052 3396 Ῥωμαίοις.
1084 3331 1358 3398 VIII,M,5
1384 3352 1396 3387 :
1424 3335 1712 3407 Στρυμόνα
1747 3342 2060 3412 ποταμὸν...

474 3413 806 3482 μέγιστος...
841 3418 1031 3489 ὀπόσοι
1070 3420 1297 3494 Θρᾴκην
1324 3426 1420 3479 καὶ
1461 3428 1807 3485 Μακεδονίαν
1837 3433 2063 3504 τέμνον-

469 3522 631 3570 τες...
674 3507 1143 3583 (Strymonem)...
1198 3514 1453 3587 ὁρίζοντα
1505 3520 1605 3591 μὲν
1649 3523 1789 3595 πρὸς
1841 3542 2058 3598 μεσημ-

469 3597 703 3667 ϐρίαν...
742 3600 967 3673 Θρᾴκην
1000 3606 1096 3659 καὶ
1144 3608 1515 3678 Μακεδονίαν,
1564 3614 1703 3685 πρὸς
1739 3616 1788 3669 δ’
1821 3597 2061 3688 ἄρκτους

466 3688 567 3752 τάς
596 3706 654 3742 τε
680 3691 888 3748 Μυσῶν
918 3695 1105 3767 χώρας
1134 3699 1229 3753 καὶ
1261 3704 1508 3774 ποταμὸν
1547 3708 1637 3760 τὸν
1671 3709 1906 3782 Ἴστρον.
1939 3728 2058 3775 vnt,

469 3777 659 3845 ll;tt,
691 3784 745 3845 3,
798 3783 868 3839 ιε
928 3787 1386 3860 Ἀποδοθήσεσθαι
1427 3795 1498 3848 τὰ
1544 3798 1676 3868 περὶ
1704 3777 1927 3873 Θρᾴκην
1967 3803 2062 3857 καὶ

465 3871 810 3927 Μακεδονίαν
858 3879 1036 3948 χωρία
1066 3883 1178 3943 τοῖς
1229 3885 1649 3957 προῦπάρξασιν
1695 3891 1754 3953 ἐς
1793 3871 1890 3946 τὸν
1929 3893 2062 3965 κλῆ-

689 3969 829 4037 μετὰ
856 3971 1059 4035 παντός
1106 3973 1203 4026 τοῦ
1248 3976 1533 4048 Θρᾳκικοῦ
1578 3984 2057 4056 στρατεύματος...

465 4056 527 4117 ἐς
567 4057 970 4135 Θεσσαλονίκην
1020 4065 1382 4138 ἐπίτροπος...
1409 4072 1519 4125 τῶν
1567 4074 1669 4146 τῆς
1714 4078 2057 4145 Μακεδονίας

468 4147 889 4216 πραγμάτιον...
928 4156 1065 4223 μετᾶ
1097 4158 1190 4211 τοῦ
1217 4160 1592 4218 Μακεδονικοῦ
1624 4171 2055 4240 στρατεύματος.

466 4250 545 4299 η,
569 4236 625 4301 4,
664 4237 740 4293 3:
779 4240 860 4294 Τὰ
902 4244 1254 4303 Μακεδονικὰ
1308 4251 1419 4305 τῶν
1461 4254 1747 4327 Ῥωμαίων
1791 4236 2056 4332 στρατεύ-

470 4342 642 4421 ματα.
675 4345 751 4396 xt,
786 4332 839 4399 3,
875 4336 895 4389 1
926 4354 941 4391 :
973 4337 1078 4391 Τὸν
1107 4340 1391 4411 Ἴστρον...
1424 4348 1766 4421 κατέδραμον
1789 4354 1889 4421 τὴν
1921 4355 2058 4410 Ῥω-

2200 469 2652 537 Χριστουπόλεως
2674 469 2807 540 ἄχρι
2832 469 2940 523 τῶν
2959 471 3090 541 περὶ
3117 472 3334 541 Ῥήγιον
3358 476 3670 544 προαυλίων
3692 478 3789 531 καὶ

2197 564 2536 632 προαστείων
2567 563 2666 633 τῆς
2703 564 3359 630 Κωνσταντινουπόλεως,
3401 568 3504 636 τήν
3537 585 3598 620 τε
3631 570 3790 623 Κων-

2196 654 2639 709 σταντινούπολιν
2666 655 2760 708 καὶ
2785 655 2883 718 τὰς
2907 655 3168 709 ἐπέκεινα
3196 657 3297 726 τῆς
3331 659 3374 711 Χ
3385 661 3788 727 ριστουπόλεως

2195 747 2390 811 λοιπὰς
2421 748 2801 812 Μακεδονικὰς
2831 748 3016 819 χώρας
3056 750 3148 802 καὶ
3186 750 3391 814 πόλεις.

2263 882 2673 938 Cantacuzenus
2720 885 2868 952 (smc.
2907 883 3021 950 xw)
3079 884 3171 938 Est
3225 885 3290 945 is.
3344 895 3399 939 ut
3445 884 3783 955 Nicephorus

2193 973 2487 1042 Grcgoras,
2512 976 2765 1045 puritatis
2791 978 2841 1029 in
2875 976 3106 1031 dicendo
3137 979 3427 1032 admodum
3458 987 3643 1044 tenax,
3668 978 3780 1031 itno

2194 1067 2468 1134 tenacior;
2506 1068 2558 1122 in
2598 1069 2848 1138 reliquis,
2884 1068 2930 1124 si
2964 1072 3088 1138 quis
3123 1070 3284 1133 alius,
3321 1069 3495 1124 fontes
3529 1071 3779 1140 egregios

2191 1162 2533 1230 geographiae
2593 1162 2768 1230 aperit
2818 1173 2929 1216 tum
2979 1165 3064 1218 sui
3095 1163 3218 1223 aevi,
3262 1173 3372 1216 tum
3413 1163 3780 1230 maximopere

2189 1250 2570 1306 rcmotissimi.
2621 1250 2700 1306 Ex
2759 1252 2905 1321 ejus'
2935 1253 3109 1322 copiis
3155 1252 3435 1320 sequentia
3486 1250 3773 1306 sttﬂicient.

2188 1338 2356 1405 Igitur
2387 1342 2524 1395 libro
2568 1358 2608 1406 ι,
2643 1343 2674 1396 7
2707 1344 2782 1412 (p.
2815 1343 2908 1409 35,
2952 1342 3063 1397 vol.
3096 1340 3136 1407 I,
3165 1344 3251 1397 ed.
3298 1341 3533 1411 Bonn.):
3576 1341 3688 1413 Τὴν
3716 1343 3776 1393 ἐν

2202 1430 2476 1502 Ὀδρυσοῖς
2507 1431 2795 1503 ἐπώνυμον
2829 1431 3096 1504 Ἀδριανῷ
3116 1431 3341 1485 πόλιν...
3365 1431 3465 1501 τὴν
3497 1432 3555 1484 ἐν
3581 1429 3771 1501 Θρᾴκῃ

2189 1522 2428 1594 Χριστοῦ
2456 1523 2631 1577 πόλιν.
2665 1522 2868 1579 Ibidem
2891 1539 3013 1593 cap.
3039 1522 3112 1577 ΩΟ
3139 1542 3152 1578 :
3191 1523 3301 1577 Καὶ
3330 1524 3386 1576 αί
3414 1521 3572 1577 ἄλλαι
3600 1523 3772 1575 πᾶσαι

2188 1615 2329 1667 κατὰ
2374 1615 2476 1679 τὴν
2535 1615 2760 1687 Θρᾴκην
2813 1615 2942 1687 ἄχρι
3025 1613 3495 1686 Χριστουπόλεως.
3569 1611 3772 1668 Ibidem

2113 1738 2152 1790 Β
2182 1719 2302 1774 cap.
2333 1705 2393 1759 21
2428 1724 2440 1758 :
2474 1705 2587 1775 Τῆς
2632 1705 2745 1759 ἄνω
2782 1706 3004 1779 Θρᾴκης
3040 1709 3134 1760 καὶ
3162 1706 3260 1777 τῆς
3292 1704 3564 1775 παραλίου
3605 1704 3771 1774 μέχρι

2192 1798 2292 1849 καὶ
2318 1796 2486 1851 αὐτοῦ
2514 1797 2829 1862 Βυζαντίου.
2857 1800 2990 1870 Cap.
3024 1799 3092 1853 37
3118 1817 3132 1852 :
3157 1798 3240 1850 Τὰ
3262 1796 3571 1867 ἀνωτερικὰ
3604 1795 3769 1866 μέχρι

2180 1890 2282 1959 τῆς
2308 1889 2604 1963 Θρᾴκης...
2633 1890 2763 1963 ἄχρι
2787 1888 2993 1963 Βήρας.
3037 1890 3180 1945 Idem
3207 1905 3265 1953 tt,
3293 1889 3360 1944 3:
3395 1887 3508 1952 Τὰς
3537 1889 3648 1943 ἄνω
3668 1886 3770 1957 τῆς

2180 1982 2477 2053 Θρᾴκης...
2512 1982 2717 2047 πόλεις.
2771 1982 2917 2037 Idem
2954 1998 2993 2048 t,
3026 1981 3136 2036 23:
3171 1981 3281 2034 Καὶ
3335 1978 3446 2032 τῶν
3491 1975 3600 2030 ἀπὸ
3627 1978 3767 2048 Χρι-

2152 2073 2523 2141 ⁶στουπόλεως
2551 2074 2940 2128 Μακεδονικῶν
2968 2091 3028 2127 τε
3064 2075 3157 2127 καὶ
3174 2072 3446 2142 ἐσπερίων
3488 2069 3767 2142 ἐπαρχιῶν

484 2124 582 2178 καὶ
612 2126 991 2193 Μακεδονικὰς
1016 2130 1298 2203 δυνάμεις.
1327 2134 1530 2191 Ibidem
1564 2137 1598 2192 6
1623 2157 1637 2193 :
1756 2142 1806 2194 oi
1840 2142 2077 2215 Τουρκό-
2144 2136 2153 2153 ³

2180 2169 2341 2239 ἄχρις
2376 2167 2706 2239 Ἐπιδάμνου
2733 2169 2828 2223 καὶ
2863 2167 3200 2238 Δαλματίας.
3231 2167 3433 2222 Ibidem
3467 2181 3505 2232 t,
3538 2163 3640 2217 εει
3675 2163 3768 2218 Ἐν

2181 2246 2518 2334 Γρατζιανοῦ
2550 2262 2729 2327 πόλει,
2752 2263 2884 2336 περὶ
2921 2262 3150 2327 ἐκϐολὰς
3174 2262 3336 2332 (lines
3359 2258 3765 2327 ttteridionales)

2179 2354 2278 2424 τῆς
2312 2352 2543 2426 Θρᾴκης
2589 2353 2891 2427 κειμένῃ...
2941 2355 3169 2425 Δράμαν
3203 2353 3297 2407 καὶ
3328 2353 3429 2424 τὴν
3468 2349 3764 2412 Φιλίππου,

2180 2444 2365 2510 πόλεις
2409 2445 2804 2511 Μακιδονικάς.
2843 2444 2988 2502 Idem
3041 2461 3079 2512 ι,
3122 2445 3233 2500 56:
3279 2442 3765 2514 Ἐπιτροπεύοντος

2178 2537 2279 2607 τῆς
2302 2537 2551 2610 Θρᾴκης.
2583 2537 2650 2592 Ει
2678 2553 2735 2604 ll,
2779 2540 2851 2594 3:
2887 2539 2997 2603 Τὰς
3039 2539 3151 2594 ἄνω
3174 2541 3273 2609 τῆς
3303 2538 3527 2609 Θρᾴκης
3555 2534 3761 2597 πόλεις.

2177 2631 2313 2687 Ibid.
2346 2648 2470 2702 cap.
2511 2632 2585 2687 6:
2636 2633 2749 2705 Τὴν
2795 2635 2860 2687 ἐκ
2889 2631 3190 2697 Βυζαντίου
3227 2632 3322 2685 καὶ
3375 2626 3760 2700 Διδυμοτείχου

2176 2728 2270 2780 καὶ
2302 2726 2794 2797 Ἀδριανουπόλεως
2822 2727 2918 2782 καὶ
2944 2727 3234 2799 Θρᾴκης...
3262 2723 3542 2794 στρατιὰν
3567 2721 3627 2775 οὐ
3651 2722 3761 2790 γὰρ

2174 2819 2304 2892 ἐξῆν
2333 2822 2434 2892 τήν
2482 2839 2542 2875 τε
2578 2821 2643 2875 ἐκ
2671 2820 3012 2884 Μακεδονίας
3049 2822 3273 2891 καὶτῆς
3311 2817 3481 2891 ἄλλης
3518 2815 3761 2885 ἑσπέρας

2181 2912 2629 2981 μετακαλεῖσθαι.
2683 2914 2757 2968 De
2810 2912 3036 2969 Sullano
3088 2911 3325 2984 Egypti,
3378 2910 3757 2980 imperatorem

2179 3003 2538 3078 Byzantinum
2570 3022 2621 3060 a.
2654 3007 2793 3062 I348
2828 3006 2888 3061 ‘in
2924 3005 3124 3061 litteris
3170 3005 3284 3059 suis
3314 3002 3548 3075 gladium
3585 3000 3761 3054 Mace-

2094 3121 2137 3179 C
2175 3099 2400 3163 donum,
2432 3112 2610 3166 regem
2650 3096 2892 3164 Grzeciae,
2928 3107 3060 3162 etc.,
3095 3098 3309 3151 dicente
3355 3092 3674 3167 (Cantacuz.
3716 3106 3755 3155 ι,

1703 3155 2066 3259 rita?“ng
2095 3155 2137 3179 ν
2178 3187 2291 3252 14),
2326 3155 2452 3244 vide
2493 3155 2814 3259 sequentia,
2848 3155 2937 3244 ubi
2967 3155 3337 3258 dispiciemus,
3362 3155 3639 3255 ‘quomodo
3673 3182 3757 3238 fa-

2172 3291 2319 3335 ctum
2354 3280 2444 3345 sit,
2499 3291 2558 3335 ut
2596 3278 2853 3348 Thracia,
2893 3280 3032 3334 inter
3081 3278 3312 3333 Hebrum
3350 3294 3467 3331 cum
3506 3275 3756 3343 Rhodope

2170 3382 2220 3426 et
2256 3371 2489 3426 Pontum
2524 3371 2791 3427 Euxinum
2816 3374 2944 3438 situ,
2973 3374 3248 3429 diceretur
3271 3371 3605 3425 Macedonia.

2242 3486 2582 3556 Nicephorus
2629 3486 2832 3542 Callisti
2885 3484 3089 3557 (ﬂoruit
3119 3500 3170 3537 a.
3206 3482 3367 3552 1555)
3411 3481 3464 3535 in
3509 3478 3754 3541 Historia

2168 3566 2522 3634 ecclesiastica
2561 3593 2716 3643 xvut,
2746 3577 2815 3633 38
2850 3577 2979 3648 (vol.
3027 3574 3094 3643 II,
3124 3590 3176 3645 p.
3218 3574 3323 3631 858
3345 3574 3435 3628 ed.
3461 3569 3753 3626 Frontonis

2172 3671 2411 3741 Durati):
2442 3669 2695 3739 Χαγᾶνός
2730 3669 2986 3738 (Avarus)
3014 3685 3075 3722 τε
3114 3666 3222 3738 μὴν
3259 3664 3420 3731 ἐξιὼν
3452 3662 3750 3734 λαθραίως,

2168 3764 2269 3820 καὶ
2312 3765 2413 3835 τὴν
2456 3762 2553 3816 τοῦ
2582 3761 2894 3825 Μακεδόνος
2929 3758 3365 3831 καταδραμὼν...
3422 3757 3480 3811 In
3529 3753 3751 3824 reliquis

2166 3857 2422 3912 omnibus
2456 3856 2591 3912 locis
2614 3855 2848 3910 Thracia
2880 3855 3053 3910 utitur
3087 3868 3281 3909 sensus
3310 3850 3530 3913 veteris,
3561 3865 3638 3903 sc.
3667 3863 3750 3913 tx,

2165 3948 2222 4015 ι,
2265 3948 2321 4013 5,
2352 3948 2406 4015 7,
2442 3948 2533 4015 35,
2561 3949 2668 4017 ﬂ;
2713 3964 2769 4012 ι,
2807 3949 2873 4013 9;
2918 3964 2994 4012 ιι,
3029 3949 3082 4015 7,
3123 3946 3214 4010 29,
3241 3944 3333 4007 48.
3359 3943 3461 4011 50;
3509 3958 3620 4006 xvi,
3656 3938 3746 4005 10.

2160 4040 2422 4110 25;xvn,
2450 4041 2507 4108 3,
2525 4040 2632 4107 28;
2667 4055 2824 4107 xvnt,
2842 4039 2935 4106 28,
2958 4039 3047 4095 37.
3086 4039 3229 4094 Idem
3253 4052 3384 4093 vero
3410 4052 3486 4104 xt,
3506 4035 3607 4090 59:
3634 4034 3748 4103 Τὴν

2163 4134 2388 4207 Θρᾴκην
2412 4133 2769 4205 παραμείψας
2801 4133 3055 4202 (Thracia
3087 4131 3318 4201 relicta),
3340 4130 3439 4201 τὴν
3468 4126 3748 4200 Ἀδριανοῦ

2163 4226 2600 4296 κατελάμϐανεν,
2632 4227 2667 4298 ἢ
2720 4228 2778 4280 ἐν
2832 4227 2945 4288 τοῖς
3002 4224 3175 4298 ὁρίοις
3215 4223 3555 4285 Μακεδονίας
3605 4220 3744 4276 ἐστί.

2167 4318 2271 4376 Ubi
2301 4334 2482 4375 sermo
2510 4328 2597 4375 est
2622 4322 2688 4375 de
2719 4320 2852 4389 imp.
2878 4318 3124 4383 Valente,
3153 4316 3531 4388 protlciscente
3558 4323 3745 4371 contra

468 4420 674 4520 μαῖκὴν
702 4420 927 4520 Θρᾴκην
952 4429 1084 4501 ἄχρι
1116 4404 1392 4507 οαλόιττης
1415 4404 1909 4511 Ἑλλησποντίαςῖ..
1937 4404 2058 4520 inﬂi-

2170 4412 2388 4469 Gotbos.
2446 4412 2748 4483 Imperator
2785 4421 2989 4476 autem,
3022 4424 3274 4480 egressus
3307 4404 3742 4520 Cpoli.mBarba-

460 4506 951 4606 [fth‘atAGpdx-qv.
985 4522 1139 4577 Adde
1181 4540 1258 4592 ιι,
1317 4506 1371 4594 4,
1402 4530 1489 4586 II.
1522 4506 1724 4590 Deinde
1768 4506 1847 4603 xi,
1881 4540 1933 4606 9,

475 4599 884 4700 ῖΔπδ-Θρᾴκης
931 4612 990 4673 ἐς
1034 4615 1444 4677 Μακεδονίαν...
1495 4629 1756 4696 μεταϐὰς,
1809 4599 1931 4696 xm,
1965 4633 2052 4700 I2,

464 4689 490 4743 1
519 4709 552 4790 :_
578 4694 672 4790 :E;
704 4695 803 4764 τὴν
850 4700 1074 4773 Θρᾴκην
1112 4689 1507 4782 ’περαιούμενοι⁷
1536 4689 1795 4790 Τοῦρκοι.
1836 4689 2056 4779 Εῑᾞωέ

460 4783 680 4851 quidem
725 4803 850 4843 vere
914 4798 1211 4853 secundum
1259 4817 1413 4858 usum
1473 4809 1686 4863 dicendi
1736 4811 2048 4871 classicum.

463 4874 723 4946 Strymon
762 4883 907 4937 enim
947 4903 1069 4942 cum
1116 4890 1314 4948 Cavala
1359 4896 1735 4956 Macedoniam
1777 4916 1833 4961 et
1865 4905 2044 4963 Thra-

459 4966 605 5074 ciam
654 4969 781 5025 olim
831 4975 1141 5047 dirimebat,
1196 4988 1320 5042 coll.
1360 4992 1534 5061 vu,6,
1568 4995 1640 5049 '5:
1678 4996 1750 5050 Τὸ
1784 5001 1913 5070 περὶ
1953 5000 2052 5074 τὴν

461 5058 876 5169 Χριστούθπολιῖ
916 5073 1129 5144 μακρὸν
1176 5076 1360 5133 ἔκτισε
1404 5058 1581 5156 τεῖχος
1631 5087 1741 5142 ἀπὸ
1769 5058 2050 5169 Θαλάσσης

463 5151 627 5254 μέχρι
657 5154 757 5254 της
783 5158 882 5254 τοῦ
918 5170 1330 5240 παρακειμένου
1363 5151 1526 5246 ὅρους
1548 5179 1896 5254 ἀκρωνυχίας
1920 5200 1935 5214 °
2132 5208 2133 5211 ‘

458 5241 659 5349 ἄδαιτον
681 5242 819 5349 εἶναι
836 5250 897 5304 τὸ
917 5241 1408 5331 χωρίονκαθάπαξ
1422 5269 1498 5338 μὴ
1529 5241 1840 5346 βουλομένη)
1853 5241 1928 5349 τῷ
1947 5241 2046 5349 βαί

460 5334 602 5443 ξιλεῖ
626 5340 739 5403 τοῖς
849 5347 914 5398 ἐκ
939 5350 1280 5420 Μακεδονίας
1313 5360 1371 5421 ἐς
1411 5334 1636 5443 Θρᾴκην
1664 5334 1913 5423 ἐδέλόυσί
1931 5334 2049 5427 δια-

460 5425 690 5531 ξαίνειν.ζ
705 5435 825 5531 ’τοῖς
931 5438 1040 5493 ἀπὸ
1063 5442 1286 5518 Θρᾴκης
1315 5449 1372 5513 ἐς
1398 5425 1763 5512 Μακεδονίαν.
1781 5461 1916 5516 Ibid.
1945 5425 2043 5531 vtt,

457 5514 521 5616 8,.
648 5520 729 5616 Τὰ
768 5526 900 5596 περὶ
929 5514 1398 5600 Χριστοῦπολιν...
1451 5544 1682 5602 στενὰ...
1736 5514 2044 5616 διεϐίδαζεν

461 5609 659 5709 αῦτοὺς
702 5614 767 5709 ἐκ
800 5619 1142 5690 Μακεδονίας
1174 5632 1255 5695 είς
1284 5635 1507 5707 Θρᾴκην
1534 5639 1662 5709 ἄχρι
1696 5642 1790 5695 τοῦ
1821 5609 2043 5705 Ἓλλησ-

459 5701 673 5757 πόντου.
731 5705 868 5766 Ibid.
906 5730 1026 5787 vnt,
1067 5721 1120 5789 6,
1158 5722 1231 5778 7:
1284 5701 1348 5779 0i
1376 5701 2043 5805 ’μένριᾶριστουπὸλεως

2164 4522 2255 4562 ros
2288 4507 2440 4574 juxta
2470 4505 2860 4575 Adrianopolin
2889 4506 3223 4574 assequitur,
3258 4504 3446 4559 relicta
3480 4500 3736 4566 Thracia,

2156 4615 2277 4670 qua:
2334 4600 2393 4653 in
2446 4596 2777 4655 Macedonica
2831 4597 3024 4675 finibus
3071 4598 3177 4651 sita
3220 4606 3321 4653 est.
3374 4596 3450 4653 Ita
3504 4595 3739 4662 scriptor

2158 4690 2515 4760 Byzantinus.
2538 4690 2918 4759 Adrianopolis
2950 4690 3114 4760 igitur
3144 4690 3195 4743 in
3232 4689 3458 4744 meridie
3483 4688 3738 4745 thematis

2159 4779 2498 4837 Macedonici
2530 4783 2696 4836 situm
2727 4782 2982 4843 habuisse
3009 4786 3243 4839 videtur.

2228 4893 2414 4949 Finem
2471 4895 2620 4951 nisce
2651 4898 2982 4952 testimoniis
3017 4899 3298 4967 imponant
3349 4899 3579 4955 Michael
3627 4898 3740 4955 Ilu-

2153 5001 2269 5051 cas,
2320 4986 2594 5043 Laonicus
2644 4989 3066 5062 Cbalcondylas,
3118 4991 3387 5063 Georgius
3441 4992 3739 5061 Pbrantza,

2150 5081 2348 5136 sarculo
2381 5083 2592 5138 decimo
2617 5084 2809 5154 quinto
2840 5085 3181 5157 assignandi.

2224 5189 2457 5246 Michael
2511 5193 2687 5248 Ducas
2744 5194 2833 5262 (ex
2881 5195 3120 5251 editione
3172 5197 3395 5264 Bonn.).
3450 5197 3501 5252 Is
3535 5197 3623 5265 (ad
3678 5212 3735 5257 a.

2153 5283 2316 5355 I33I)
2349 5300 2468 5353 cap.
2493 5285 2563 5341 5:
2604 5286 2815 5349 Ἕξεισι
2844 5288 2947 5358 τῆς
2988 5290 3425 5355 Κωνσταντίνου,
3468 5293 3563 5345 καὶ
3595 5293 3734 5362 πρὸς

2149 5362 2491 5432 Μακεδονίαν
2528 5379 2925 5448 μεθίσταται...
2950 5381 3052 5446 τὰς
3076 5382 3186 5436 τῶν
3221 5384 3553 5439 Μακεδόνων
3590 5385 3732 5449 ἴλας.

2148 5466 2294 5522 Idem
2340 5485 2460 5539 cap.
2503 5470 2577 5525 22
2622 5472 2700 5541 (p.
2759 5472 2881 5539 117,
2918 5475 3192 5543 ed.cit.):
3238 5478 3349 5532 Kal.
3400 5478 3590 5542 διαϐὰς
3639 5479 3733 5533 τὸν

2149 5560 2399 5633 πορθμὸν
2430 5563 2888 5637 (IIeIIcspOutum)
2915 5562 3052 5640 ἧκεν
3087 5570 3167 5634 εἰς
3219 5571 3729 5643 Ἀδριανούπολιν...

2149 5653 2241 5705 καὶ
2271 5653 2501 5720 ἐξελθὼν
2530 5656 2637 5708 ἀπὸ
2669 5656 2894 5730 Θρᾴκην
2925 5659 2986 5731 (i.
3016 5677 3066 5716 e.
3100 5663 3155 5716 ὰ.
3182 5663 3426 5736 Θρᾴκης)
3459 5657 3620 5739 ἦλθεν
3650 5668 3734 5730 είς

2149 5743 2561 5803 Μακεδονίαν...
2608 5748 2746 5820 πρὸς
2774 5750 2842 5805 τὰ
2884 5752 2983 5827 τῆς
3022 5753 3320 5821 Θετταλίας
3355 5758 3495 5831 μέρη
3528 5759 3730 5831 κατέρ-
