4166 6446
438 374 502 441 Μ
1565 383 1970 443 VARIORUM
2004 383 2564 444 PREFATIONES.
3623 379 3645 439 ξ
3657 378 3695 440 Ξ

440 489 550 557 νος)
586 482 755 559 ηἶνρον
805 487 952 552 λαὸν,
1004 489 1171 541 πολὺν
1220 506 1311 541 και
1368 491 1804 561 ᾑχμαλώτευσαν
1840 493 2013 543 αὐτόν.

2132 490 2217 544 adi
2250 490 2758 547 ilmlsrhi-Chall'am
2778 491 2830 544 in
2857 489 3099 545 Rumelia
3125 498 3178 545 et
3199 488 3394 543 Bosnia
3422 504 3473 558 p.
3500 487 3568 541 68
3585 504 3703 558 seq.

444 579 698 634 Formam
751 581 962 649 Ῥιγίαν
993 582 1144 634 nihili
1176 596 1317 645 esse,
1352 583 1719 651 unusquisque
1743 585 2021 637 concedet.
2128 583 2256 650 Ejus
2309 587 2472 653 igitur
2508 586 2785 638 nominum
2828 584 2962 636 ordo
3005 582 3420 647 chronologicus
3460 583 3508 634 is
3546 581 3650 634 erit
3688 600 3701 635 :

440 675 604 742 Lege,
638 689 724 737 me
752 675 1032 740 suadente,
1088 673 1372 740 Ῥιγινίαν.
1404 673 1710 740 Tage-nonis
1739 676 2026 745 descriptio
2123 677 2401 746 Agrianes,
2442 676 2661 745 Erigon,
2704 674 2955 743 Erginus.
2998 672 3265 741 Erginias,
3306 671 3706 741 "595115!"ch-

441 766 801 835 expeditionis
850 765 1103 827 ASiuliCa!
1137 764 1398 818 Frideriri
1435 764 1450 817 Ι
1485 766 1753 834 (Freher,
1810 767 2022 834 scripti.
2120 774 2263 839 gina,
2293 768 2491 822 Erkene
2518 766 2810 837 ('l‘urricc),
2851 766 3094 819 Vidimus
3116 766 3168 818 in
3202 766 3361 818 unius
3390 764 3534 817 ﬂuvii
3570 780 3708 816 nuu-

440 872 619 909 rerum
650 855 830 910 Germ.
861 855 968 909 vol.
1007 870 1097 921 tp.
1132 854 1258 919 Ml)
1288 872 1299 905 :
1336 852 1463 907 Kal.
1500 853 1662 909 Harl.
1695 853 1878 925 (ll90)
1913 857 2023 909 dua:
2121 860 2409 928 cupatione
2448 873 2695 927 magnam
2733 857 3049 911 surculorum
3088 857 3464 917 mlllallom'lll,
3501 857 3565 907 de
3598 868 3700 921 qua

440 946 644 999 Saevire
668 946 826 999 exivit
856 943 1244 1012 Iladrianopoli
1268 960 1382 996 cum
1406 960 1502 997 suo
1528 945 1756 1013 agmine.
1779 944 2024 1014 Sequenti

438 1037 525 1090 die
551 1038 796 1093 dominus
837 1037 962 1103 in'p.
997 1051 1113 1087 cum
1150 1051 1245 1087 suo
1276 1036 1511 1088 exercitu
1560 1036 1591 1090 4
1635 1035 1780 1091 Non.
1832 1035 2021 1090 Martii

438 1130 495 1198 (τι
526 1129 703 1193 Mart”
732 1129 1009 1181 Dominica
1040 1126 1267 1193 Larlare)
1288 1130 1614 1182 transierunt
1650 1127 1806 1181 Bima
1824 1128 2019 1196 [lumen

434 1237 549 1272 cum
586 1237 774 1288 magno
805 1220 1002 1284 labore,
1039 1232 1089 1274 et
1136 1222 1314 1275 eodem
1346 1222 1433 1273 die
1469 1221 1786 1273 cantabatur
1814 1219 2022 1272 Laetare

432 1309 755 1373 Jerusalem.
782 1308 884 1363 Ubi
921 1310 1203 1379 legendum
1246 1325 1369 1364 esse
1400 1310 1669 1380 Riyiniam
1729 1312 2021 1377 unusquis-

433 1414 538 1469 que
570 1402 846 1455 eoucedet.
881 1401 1146 1471 Georgius
1175 1402 1483 1470 Acropolita
1511 1403 1643 1471 (sec.
1679 1401 1800 1471 xm)
1834 1403 2021 1458 annal.

432 1507 552 1561 cap.
608 1493 671 1547 41
716 1491 858 1565 (pag.
891 1492 1014 1559 155,
1043 1495 1129 1548 ed.
1158 1492 1354 1560 Bonn.)
1386 1511 1398 1545 :
1437 1494 1499 1546 Οἱ
1547 1492 1644 1561 μὲν
1682 1489 1773 1546 οὖν
1813 1492 2018 1546 Σκύθαι

433 1580 714 1652 (Ιῖιιιςπῑ),
745 1582 845 1651 τὴν
878 1581 1159 1651 Ἀδριανοῦ
1184 1580 1651 1653 παραμείψαντες,
1677 1581 1743 1635 τὰ
1780 1582 1910 1649 περὶ
1928 1582 2020 1635 τὸν

2124 953 2174 1005 in
2209 952 2523 1005 universum
2570 950 2824 1018 legendus
2856 948 3186 1017 Nict-phorus
3216 940 3516 1016 Biyen'nius
3550 946 3699 1013 (sane.

2123 1044 2233 1112 ιιι)
2274 1043 2402 1096 hist.
2436 1059 2509 1105 tv,
2547 1042 2579 1096 5
2614 1041 2702 1108 (p.
2747 1041 2850 1094 151
2889 1056 3003 1107 seq.
3035 1040 3121 1092 ed.
3153 1036 3364 1105 Bonn.)
3400 1055 3414 1091 :

2122 1134 2387 1203 ποταμδν,
2430 1133 2530 1185 οὐκ
2563 1128 2657 1185 οῗδ⁹
2683 1132 2830 1193 ὅπως
2866 1129 3103 1201 ἀρχῆθεν
3138 1128 3492 1195 καλούμενον,
3523 1126 3610 1179 διὰ
3638 1125 3702 1177 τδ

2120 1226 2459 1295 ἀμειφθῆναι
2500 1223 2609 1277 τῶν
2647 1224 2926 1293 ὀνομάτων
2958 1222 3022 1275 τὰ
3066 1221 3289 1272 πλεῖστα
3310 1236 3324 1251 ’
3358 1218 3496 1279 τέως
3528 1217 3572 1270 δ’
3605 1214 3701 1271 οὖν

2117 1320 2182 1372 ἐκ
2223 1317 2330 1370 τῶν
2361 1316 2651 1387 Θρᾳκικῶν
2691 1314 2832 1385 ὀρῶν
2856 1312 3254 1381 καταρρέοντα,
3289 1309 3382 1361 καὶ
3429 1304 3700 1374 Ἀλμυρὸν
3785 1332 3791 1337 μ

2123 1411 2263 1462 κατά
2291 1409 2570 1477 ἐγχωρίων
2604 1406 2955 1474 καλούμενον.
2994 1404 3081 1455 Ἐν
3117 1395 3160 1469 ᾧ
3191 1401 3282 1454 καὶ
3315 1397 3571 1469 φρούριον
3606 1396 3699 1448 ἐπὶ

2115 1501 2279 1569 λὸρου
2307 1501 2518 1571 ἵδρυται
2544 1514 2558 1528 ·
2581 1497 2875 1566 Καλοϐρύη
2895 1494 3067 1564 τούτῳ
3097 1494 3156 1545 τὸ
3192 1492 3381 1561 ὄνομα.
3408 1489 3697 1558 Indigenas

2116 1589 2383 1660 signiﬁcat
2426 1589 2643 1642 Graecos
2678 1586 3026 1654 Byzantinos,
3063 1593 3274 1635 veteres
3305 1589 3484 1632 autem
3518 1576 3699 1630 Thra-

3454 1076 3467 1089 .
3503 1075 3518 1089 .
3550 1035 3749 1105 παρὰ-

433 1672 705 1741 ποταμὸν,
727 1666 789 1726 οὗ
817 1671 1045 1743 Ῥηγίνα
1072 1674 1335 1742 τοῦνομα,
1359 1672 1506 1724 λείαν
1522 1672 1820 1733 ἐποιοῦντο,
1838 1671 1933 1724 καὶ
1954 1671 2013 1723 τά

2119 1696 2229 1740 cas.
2278 1679 2402 1733 coll.
2458 1677 2663 1731 castelli
2717 1675 2933 1728 nomine
2985 1671 3389 1727 semithracico.
3455 1665 3695 1738 Halntyri

431 1761 595 1831 πέριξ
622 1761 716 1813 τοῦ
748 1761 1134 1832 Διδυμοτοίχου
1168 1761 1287 1832 (sic,
1317 1776 1415 1828 pro
1436 1801 1449 1813 .
1477 1800 1493 1815 .
1524 1760 1695 1829 είχουὶ
1726 1759 2013 1812 ἐσκύλευον

2121 1787 2337 1837 nomen,
2369 1770 2509 1836 quod
2541 1783 2568 1820 a
2602 1767 2746 1820 salso
2776 1780 2970 1833 sapore
3001 1771 3128 1817 cett.
3166 1761 3377 1814 venisse
3424 1767 3574 1826 puto,
3608 1770 3700 1809 ve-

587 1852 714 1922 περί
760 1830 964 1905 πουίτὰ
1006 1830 1147 1923 μέρη
1178 1830 1285 1922 τῆς
1330 1852 1533 1920 Βιζύης
1574 1892 1587 1906 .
1638 1892 1651 1907 .
1702 1854 1729 1904 6
1764 1850 2013 1921 βασιλεὺς

2123 1862 2364 1916 iustioris
2407 1860 2502 1914 :m'i
2552 1860 2787 1928 Speciem
2825 1871 2936 1924 pra:
2983 1870 3040 1908 se
3081 1853 3203 1917 fert,
3240 1865 3346 1919 quo
3384 1848 3697 1903 Crtecorum

432 1942 900 2016 (Byzantinorum)
920 1945 1049 2016 περὶ
1080 1945 1172 1998 τὸν
1204 1944 1467 2014 ποταμὸν,
1493 1944 1550 2007 δς
1582 1943 1810 2014 Ῥηγίνα
1832 1943 2013 1996 καλεῖ-

2122 1951 2348 2004 rolonia:
2391 1947 2732 2016 Propontidis
2774 1959 2926 1997 oram
2968 1942 3082 1996 fere
3123 1939 3249 1993 sola:
3293 1938 3567 1991 tenebant.
3603 1932 3699 1987 Est

432 2053 554 2099 ται,
607 2036 708 2107 τὴν
762 2038 964 2111 σκηνὴν
1019 2036 1209 2105 ἔπηξε.
1273 2036 1612 2105 Ephraunius
1664 2037 1715 2089 in
1780 2037 2011 2092 Cazsarr.

2120 2055 2299 2096 autem
2355 2038 2640 2108 Ilahnyrus
2683 2033 2874 2088 ﬂuvius
2920 2032 3062 2085 inter
3108 2030 3407 2098 Selybriam
3439 2035 3489 2080 et
3525 2023 3699 2079 Hera-

436 2142 488 2181 ν.
524 2125 700 2181 9079:
729 2128 873 2196 Πρὸς
901 2126 1147 2197 ποταμὸν
1176 2127 1544 2197 Ῥηγῖνα(Ιιοο
1570 2127 1841 2198 accentu).
1863 2128 2010 2182 Idetn

2120 2134 2287 2187 cleam
2326 2127 2691 2200 (Perinthum)
2727 2124 3070 2190 qumrendus,
3105 2121 3192 2174 ubi
3230 2123 3280 2172 in
3317 2116 3695 2185 Propontidem

434 2234 486 2272 ν.
521 2219 699 2275 9195:
732 2219 837 2274 Τὸν
868 2220 1113 2290 ποταμὸν
1146 2220 1388 2290 Ῥηγῖνα.
1411 2219 1507 2273 llic
1538 2219 1734 2289 Erigou
1763 2219 1849 2272 vix
1876 2219 2013 2272 alius

432 2323 553 2363 csse
586 2311 784 2378 poterit
813 2327 971 2379 quam
1003 2311 1268 2380 Agrianes
1308 2312 1560 2367 Herodoti
1595 2328 1666 2375 IV,
1712 2311 1802 2367 89.
1836 2312 2008 2378 90._In

432 2416 556 2455 eum
598 2401 772 2457 influit
812 2402 1231 2472 Contadesdus;
1286 2405 1338 2459 in
1395 2404 1537 2459 hunc
1587 2404 1813 2470 Tearus,
1877 2415 2013 2461 teste

434 2492 707 2551 Herodoto
751 2495 788 2550 Ι.
818 2512 891 2561 c.,
927 2494 1080 2563 cujus
1119 2498 1282 2550 verba
1318 2497 1687 2551 memorabilia
1725 2499 1777 2550 in
1822 2512 2009 2552 eorum

432 2586 657 2654 gratiam
689 2597 935 2655 repetere
964 2587 1132 2653 lubet,
1163 2588 1254 2658 qui
1294 2589 1449 2644 istam
1481 2590 1802 2659 quandoque
1834 2591 2012 2660 regio-

431 2690 552 2729 nem
578 2676 820 2731 adibunt.
862 2676 1003 2749 Ergo
1047 2689 1202 2747 pater
1232 2679 1511 2735 historiae:
1548 2680 1777 2752 Δαρεῖος
1806 2680 1883 2746 δὲ,
1918 2681 1998 2745 ὡς

428 2767 580 2837 διέϐη
631 2766 722 2820 τὸν
771 2767 1052 2838 Βόσπορον
1101 2770 1245 2823 κατά
1302 2772 1400 2840 τὴν
1440 2771 1675 2843 σχεδίην,
1718 2774 2013 2842 ἐπορεύετο

427 2857 516 2911 διὰ
542 2859 641 2927 τῆς
662 2858 907 2929 Θρηῒκης
931 2875 945 2890 ’
974 2859 1307 2931 ἀπικόμενος
1327 2861 1384 2914 δὲ
1409 2861 1499 2916 ἐπὶ
1524 2863 1733 2931 Τεάρου
1764 2865 2012 2933 ποταμοῦ

427 2949 529 3011 τὰς
564 2949 767 3027 πηγὰς,
813 2952 1350 3023 ἐστρατοπεδεύσατο
1393 2955 1607 3025 ἡμέρας
1646 2959 1815 3026 τρεῖς,
1871 2954 1927 3009 Ὀ
1953 2954 2011 3022 δὲ

431 3038 639 3109 Τέαρος
669 3039 886 3108 λέγεται
931 3041 1036 3093 ὑπὸ
1078 3042 1188 3097 τῶν
1228 3046 1524 3114 περιοίκων
1566 3041 1704 3100 εῖναι
1748 3048 2010 3118 ποταμῶν

2117 2225 2250 2285 exit,
2280 2222 2407 2276 coll.
2440 2220 2818 2274 Cautaruzeno
2841 2217 3075 2277 hist.m,
3098 2213 3276 2279 77(ad
3308 2227 3397 2265 an.
3436 2208 3595 2278 I3“)
3630 2225 3693 2261 :..

2121 2355 2131 2368 .
2166 2316 2315 2384 παρὰ
2336 2310 2579 2380 ποταμὸν
2607 2306 3143 2376 προσαγορευόμενον
3171 2301 3460 2373 Ἀλμυρδν,
3491 2298 3699 2370 μεταξὺ

2120 2405 2424 2477 Σηλυϐρίας
2454 2403 2550 2455 καὶ
2584 2399 2930 2470 Ἡρακλείας.
2969 2394 3066 2448 Ubi
3100 2393 3260 2449 simul
3285 2391 3525 2446 occurrit
3548 2390 3699 2443 locus

2116 2496 2419 2567 Δαφνίδιον.
2456 2491 2711 2546 Emudem
2760 2489 2847 2540 diu
2885 2497 3007 2539 ante
3044 2487 3187 2555 (sec.
3231 2481 3353 2550 xm)
3386 2487 3698 2547 respexerat

2118 2585 2454 2659 I‘lpbraamius
2495 2583 2548 2638 in
2588 2581 2820 2635 Cmsarr.
2868 2580 2885 2644 (
2911 2580 2961 2631 in
3006 2575 3291 2630 Theodoro
3348 2567 3595 2659 Lascari)
3643 2583 3697 2625 ν.

2119 2658 2257 2735 τεο).
2288 2698 2300 2732 ε
2337 2678 2428 2739 Et;
2482 2671 2751 2742 Ἀλμυρδν
2772 2668 3059 2722 δ’ἔσταλτο
3082 2665 3258 2735 χῶρον
3286 2661 3541 2728 ἑσπέρας.
3566 2658 3698 2723 Quae

2118 2773 2284 2829 verba
2333 2766 2652 2824 incredibile
2688 2765 2831 2817 dictu
2881 2758 3150 2830 quomodo
3203 2763 3379 2809 vertat
3419 2752 3486 2805 Α.
3526 2748 3698 2817 Maius

2116 2868 2190 2938 (et
2222 2872 2428 2935 repetat
2465 2863 2500 2915 I.
2536 2854 2861 2926 Bekkerus),
2904 2854 2982 2908 sic
3011 2852 3262 2905 nimirum
3290 2865 3303 2900 :
3335 2845 3471 2899 Tum
3498 2844 3567 2897 ad
3586 2844 3698 2896 He-

2116 2958 2350 3027 sperium
2377 2952 2509 3007 salsi
2553 2949 2692 3003 aeris
2721 2946 2891 3000 locum
2916 2944 3167 2997 mittitur.
3201 2939 3277 2991 En
3309 2938 3472 3005 igitur
3502 2946 3696 2986 novum

2117 3021 2240 3119 post
2266 3056 2344 3100 tot
2380 3044 2482 3097 alia
2528 3039 2725 3095 veteris
2758 3035 3097 3105 geographiae
3143 3033 3556 3087 incrementum,
3593 3021 3694 3076 soli

429 3129 675 3197 ἄριστος,
707 3130 775 3184 τά
806 3147 867 3183 τε
912 3130 1046 3185 ἄλλα
1077 3132 1132 3193 ἐς
1162 3131 1354 3185 ἄκεσιν
1405 3134 1663 3205 φέροντα,
1696 3138 1790 3189 καὶ
1823 3114 2013 3208 δήνκαὶ

2119 3114 2434 3212 13)·ῑιιιιιίιιω
2466 3132 2707 3189 historia:
2742 3128 3005 3184 debitum.
3032 3153 3104 3165 --
3124 3122 3366 3175 Curisca.
3409 3114 3699 3223 Theophy-

430 3221 657 3293 ἀνδράσι
687 3225 779 3277 καὶ
805 3225 1017 3277 ἵπποισι
1038 3223 1231 3295 ψώρην
1262 3225 1583 3281 ἀκέσασθαι.
1614 3230 1733 3282 Εἰσὶ
1767 3229 1822 3284 δὲ
1848 3229 2012 3283 αὐτοῦ

431 3315 489 3369 αἱ
521 3316 695 3386 πηγαὶ
720 3316 858 3370 δυῶν
884 3316 1099 3371 δέουσαι
1122 3320 1548 3390 τεσσερήκοντα,
1580 3323 1644 3374 ἐκ
1675 3322 1879 3393 πέτρης
1917 3324 2013 3392 τῆς

432 3405 600 3475 αὐτῆς
627 3406 848 3477 ῥέουσαι
874 3424 888 3439 ο
921 3409 1015 3461 καὶ
1035 3410 1090 3461 αἱ
1128 3410 1226 3479 μὲν
1250 3409 1458 3463 αὐτέων
1483 3412 1588 3464 εἰσὶ
1604 3412 1832 3483 ψυχραὶ,
1870 3415 1925 3466 αἱ
1955 3414 2013 3467 δὲ

429 3498 653 3568 θερμαί.
676 3497 825 3562 Ὁδὸς
851 3499 897 3552 δ’
922 3499 1009 3553 ἐπ’
1031 3501 1199 3565 αὐτάς
1230 3504 1345 3555 ἐστι
1372 3502 1461 3573 ῐση
1478 3504 1534 3569 ἐξ
1574 3503 1795 3574 Ἡραίου
1820 3521 1881 3556 τε
1912 3504 2013 3557 πό-

429 3590 544 3655 λιος
569 3589 670 3661 τῆς
716 3592 863 3661 παρά
887 3592 1154 3664 Περίνθῳ,
1196 3594 1292 3647 καλ¹
1322 3594 1380 3660 ἐξ
1433 3594 1796 3664 Ἀπολλωνίης
1821 3595 1920 3665 τῆς
1954 3599 2013 3648 ἐν

428 3680 505 3751 τῷ
537 3681 776 3753 Εὐξείνῳ
811 3684 1019 3755 Πόντῳ,
1060 3684 1203 3738 δυῶν
1233 3685 1487 3757 ἡμερέων
1522 3686 1757 3756 ἑκατέρη
1780 3728 1793 3740 .
1836 3687 2013 3740 Ἔκδι-

429 3775 510 3827 Coi
539 3774 596 3827 δὲ
620 3776 649 3827 6
682 3774 887 3845 Τέαρος
915 3771 1067 3838 οὗτος
1098 3779 1155 3839 ὲς
1175 3777 1265 3830 τὸν
1298 3779 1664 3832 Κονταδέσδον
1693 3778 1959 3847 ποταμὸν,
1985 3780 2015 3831 6

430 3863 488 3927 δὲ
515 3865 880 3927 Κονταδέσδος
913 3865 971 3928 ἐς
998 3864 1092 3918 τὸν
1129 3866 1441 3937 Ἀγριάνην,
1485 3868 1513 3919 6
1542 3866 1598 3920 δὲ
1638 3868 1931 3938 Ἀγριάνης
1956 3872 2014 3932 ἐς

430 3954 523 4009 τὸν
565 3955 788 4037 Ἕϐρον,
822 3959 849 4011 6
886 3957 942 4010 δὲ
965 3960 1042 4027 (sc
1076 3958 1351 4012 θάλασσαν
1380 3958 1480 4028 τὴν
1519 3962 1650 4030 παρ’
1680 3962 1822 4031 Αἴνῳ
1865 3962 2009 4016 πόλι.

432 4046 694 4115 Sequitur
737 4050 876 4119 apud
925 4049 1252 4105 Herodotum
1301 4068 1352 4107 c.
1398 4052 1460 4106 91
1514 4054 1796 4122 inscriptio
1851 4053 2010 4109 Teari

433 4139 760 4207 laudatorla,
799 4141 851 4195 in
880 4135 1036 4213 cippo
1071 4143 1269 4197 ibidem
1299 4143 1496 4220 posita.
1530 4143 1710 4209 Solus,
1746 4146 1797 4199 ni
1836 4145 2009 4206 fallor.

437 4231 855 4300 Byzantinorum
882 4234 1206 4304 scriptorum
1236 4235 1693 4306 Chalcocondylas
1730 4236 1885 4308 (saec.
1912 4240 2008 4308 xv)

435 4326 747 4377 memoriam
785 4323 943 4380 Teari
1004 4326 1213 4390 recolit,
1256 4325 1433 4381 Τιτανὶ
1473 4328 1709 4388 nomine,
1748 4345 1851 4382 non
1888 4328 2006 4385 Tae-

433 4415 554 4479 nari
580 4415 677 4486 (ut
709 4416 849 4471 male
887 4417 1049 4472 habet
1085 4417 1334 4471 Latinum
1376 4418 1819 4488 Chalcocondylm
1848 4420 2009 4475 Clau-

2119 3208 2293 3287 lztcttns
2331 3229 2627 3282 Simocatta
2653 3224 2777 3279 hist.
2804 3236 2902 3285 vn,
2933 3219 2968 3273 5
2991 3216 3137 3288 (pag.
3168 3211 3276 3266 274
3303 3210 3390 3266 ed.
3447 3208 3646 3276 Bono.)
3678 3222 3694 3259 :

2132 3325 2255 3378 Ἑπῖ
2289 3321 2387 3393 τὴν
2430 3316 2708 3389 Θεοδώρου
2744 3314 2921 3369 πόλιν.
2953 3351 2968 3367 .
3004 3303 3018 3364 .
3047 3307 3153 3360 ὑπὸ
3186 3304 3408 3378 πρώτην
3442 3299 3500 3354 δὲ
3531 3300 3608 3352 ξω

2118 3421 2184 3488 τῇ
2213 3390 2481 3485 λεγομένῃ
2509 3409 2791 3482 Κουρίσκα
2821 3399 3183 3475 (Curiscam)
3221 3397 3402 3468 φοιτᾷ.
3437 3393 3608 3488 Τρίτη
3638 3390 3699 3443 δὲ

2120 3487 2324 3580 ἡμέρα,
2349 3503 2442 3556 καὶ
2467 3505 2522 3554 ὲν
2548 3500 2757 3569 ’Λσίμῳ
2782 3500 2849 3567 τῇ
2873 3494 3025 3548 πόλει
3044 3493 3144 3555 τὰς
3164 3489 3420 3549 ἐπαύλεις
3441 3487 3695 3580 ποιεῖταιἶ

2123 3574 2378 3651 ῐξιιιιιςευιιι
2422 3595 2639 3647 invenio
2682 3590 2879 3644 ibidem
2924 3587 3061 3640 libro
3092 3598 3210 3648 vut,
3244 3582 3277 3636 6
3312 3580 3386 3649 (p.
3420 3577 3569 3646 585),
3606 3574 3697 3628 ttbi

2121 3687 2381 3758 Καρίσκα
2419 3697 2563 3736 nunc
2612 3680 2808 3751 legitur
2843 3688 2898 3732 et
2935 3678 3179 3744 ’Ᾱσημα.
3226 3671 3419 3725 Nostra
3474 3668 3699 3722 Curisca

2120 3794 2313 3835 nomen
2349 3777 2748 3831 Macedonicum
2769 3787 2888 3827 esse
2909 3771 3144 3832 videtur,
3165 3770 3306 3819 mute
3328 3765 3480 3817 locus
3499 3760 3697 3817 tabula!

2120 3871 2548 3939 Peulingerianm
2607 3866 2767 3936 (sect.
2809 3863 2865 3933 7)
2916 3862 3134 3916 Curisto
3176 3874 3222 3912 ε.
3275 3856 3512 3920 Euristo,
3555 3853 3701 3907 inter

2120 3964 2451 4036 Lychnidum
2477 3972 2531 4014 et
2566 3957 2880 4013 Heracleam
2914 3952 3221 4021 Pelagoniae
3250 3950 3405 4012 situs,
3435 3945 3699 4002 medelam

2117 4056 2362 4112 lectionis
2385 4052 2602 4106 habebit
2631 4069 2645 4105 :
2688 4048 2806 4117 lego
2836 4048 2978 4100 enim
3014 4044 3232 4098 Curisco
3271 4038 3370 4112 (τι).
3403 4069 3474 4080 --
3505 4037 3701 4105 Sequi-

2119 4157 2206 4200 tur
2241 4143 2450 4206 Nicaza,
2484 4150 2543 4193 ut
2563 4138 2887 4193 antecedens
2918 4137 3056 4189 inter
3078 4131 3417 4203 Lychnidum
3446 4140 3499 4184 et
3530 4129 3702 4182 Hera-

2116 4238 2286 4293 cleam
2318 4238 2418 4291 sita
2449 4232 2569 4303 (Via
2598 4232 2847 4299 Egnatia,
2888 4235 3183 4282 comment.
3228 4241 3267 4287 ι,
3304 4239 3355 4291 p.
3387 4222 3501 4293 '58).
3541 4221 3701 4274 Eam-

2119 4334 2240 4387 dem
2269 4341 2411 4384 terra
2438 4327 2771 4383 Paristriana
2802 4325 3009 4389 habuit,
3044 4323 3156 4375 sive
3202 4319 3453 4389 Bulgaria
3508 4319 3701 4373 boreae

2115 4422 2448 4486 Iis,scilicet
2502 4419 2667 4472 Nicen
2721 4435 2768 4473 s.
2801 4415 3033 4469 Nirzeam
3088 4411 3185 4483 (cf.
3242 4427 3401 4482 Supra
3445 4399 3548 4465 col.
3579 4407 3695 4482 52),

3727 4389 3739 4425 Ι

431 4508 723 4577 surianmn)
748 4508 885 4563 libro
914 4523 953 4575 ι,
987 4525 1043 4577 p,
1078 4510 1142 4564 12
1171 4511 1258 4565 ed.
1289 4509 1459 4564 Bonn.
1495 4526 1509 4561 :
1548 4551 1561 4565 .
1594 4550 1608 4565 .
1646 4552 1660 4565 .
1698 4513 1765 4566 τά
1790 4529 1849 4565 τε
1881 4513 2014 4566 ἄλλα
2047 4502 2091 4556 Ῑ)
2118 4544 2185 4554 -—
2223 4512 2507 4567 Perinthus
2570 4508 2889 4580 (Heraclea,
2921 4505 3230 4574 Propontidi
3263 4502 3527 4572 apposita.
3556 4498 3631 4553 Ea
3647 4515 3698 4553 tu

431 4599 525 4663 καὶ
567 4600 625 4662 ἐς
659 4599 899 4671 Ταίαρον
938 4600 1187 4670 ἐμϐάντα
1248 4604 1268 4670 (
1321 4601 1557 4655 Turrani
1604 4602 2009 4673 Orthogrulem)

2119 4602 2291 4659 Oresti
2341 4604 2597 4655 tributam
2643 4616 2802 4667 supra
2857 4599 3089 4651 vidimus
3123 4605 3248 4650 note
3290 4593 3379 4665 (j).
3413 4591 3702 4655 Eamdem-

429 4688 674 4757 ποταμὸν
707 4689 799 4742 τὸν
841 4689 982 4743 κατὰ
1011 4689 1108 4759 τὴν
1138 4686 1297 4743 Αἶνον
1339 4690 1434 4743 ἐπὶ
1465 4690 1599 4743 πολὺ
1629 4690 1724 4743 τοῦ
1764 4692 2012 4761 ποταμοῦ

2119 4712 2215 4766 que
2272 4694 2467 4749 Tzetza
2509 4692 2657 4763 (chil.
2701 4691 2757 4758 5,
2796 4692 2917 4755 100,
2966 4705 3087 4760 pag.
3130 4689 3353 4753 Ill,ed.
3378 4680 3696 4753 Kiessling).

432 4782 529 4833 σὺν
550 4784 671 4844 ταῖς
702 4782 864 4834 ναυσὶ⁸
895 4780 1202 4850 προελθεῖν.
1240 4781 1375 4836 Ibid.
1416 4798 1467 4851 p,
1508 4781 1579 4835 25
1614 4800 1630 4837 :
1675 4783 2013 4854 Ἐπέδραμόν

2119 4785 2485 4857 Mygdonicam
2519 4783 2686 4848 dicit,
2713 4781 2923 4836 scilicet
2975 4779 3191 4834 nomine
3230 4775 3593 4831 Macedonico.
3629 4801 3700 4813 --

433 4869 665 4941 (Turne)
693 4887 752 4925 τε
777 4872 876 4941 τὴν
904 4872 1124 4942 Θρᾴκην
1156 4871 1213 4934 ές
1242 4889 1302 4924 τε
1340 4872 1433 4925 ἐπὶ
1470 4873 1705 4943 Ταίαρον
1731 4874 1821 4927 τὸν
1852 4892 2013 4941 ποτα-

2119 4880 2297 4950 Scupi.
2319 4878 2456 4933 Urbs
2473 4875 2698 4931 Paeoniae
2710 4891 2803 4930 seu
2822 4874 3103 4929 Dardania:
3119 4868 3487 4925 meridionalis
3504 4869 3697 4938 (vetor.

435 4964 555 5031 μόν.
591 4962 723 5016 Ibid.
759 4979 810 5031 p.
843 4963 914 5016 50
941 4979 953 5014 :
998 4963 1055 5016 '0
1084 4962 1182 5043 μὲν
1215 4960 1308 5017 οὖν
1333 4964 1706 5036 Σουλαϊμάνης
1729 4964 1884 5037 ἔτυχε
1910 4983 2007 5021 που

2119 4970 2444 5025 Macedonia:
2462 4967 2717 5037 borealis)
2731 4966 3086 5029 nobilissima,
3104 4961 3222 5014 Axii
3239 4960 3409 5014 initiis
3425 4958 3698 5027 apposita,

429 5053 664 5125 λιορκῶν
704 5053 962 5131 πόλισμα,
998 5055 1058 5107 τὸ
1091 5058 1243 5126 παρά
1271 5057 1508 5127 Ταίαρον
1542 5059 1806 5129 ποταμὸν,
1833 5060 2009 5129 διέχον

2119 5065 2181 5118 de
2201 5076 2304 5130 qua
2331 5059 2559 5115 suﬁiciet
2579 5059 2831 5129 ablegare
2857 5057 2925 5111 ad
2968 5055 3028 5110 P.
3051 5053 3469 5123 Wesselingium
3509 5049 3701 5121 (Itine-

430 5145 541 5198 ἀπὸ
602 5144 1090 5214 Ἀδριανουπόλεως
1130 5148 1381 5212 σταδίους
1428 5149 1559 5203 ὡσεὶ
1611 5151 2006 5222 ἐϐδομήκοντα.

2119 5171 2296 5224 rar.p.
2325 5154 2471 5224 655).
2504 5154 2634 5223 Ejus
2649 5168 2775 5208 vero
2802 5167 2996 5207 nomen
3029 5152 3081 5203 in
3107 5149 3289 5217 Maesia
3313 5161 3524 5216 quoque
3559 5144 3700 5200 inre-

430 5238 567 5301 ιδιά.
604 5253 656 5303 D.
690 5239 752 5294 51
785 5254 798 5291 :
838 5240 994 5311 Παρὰ
1025 5241 1261 5310 Ταίαρον
1304 5243 1568 5311 ποταμὸν,
1607 5243 1665 5307 ὃς
1701 5243 1843 5317 ὕδωρ
1876 5246 2008 5298 κάλ-

2119 5248 2239 5302 riori
2297 5247 2438 5301 haud
2498 5247 2664 5300 semel
2705 5244 2961 5299 occurrit.
3013 5234 3358 5312 Stephanus:
3421 5237 3697 5321 22057:“!

430 5331 610 5384 λιστόν
642 5347 702 5383 τε
746 5332 1045 5403 παρέχεται
1079 5334 1171 5387 καὶ
1202 5334 1569 5403 ὑγιεινότατον
1595 5352 1609 5367 θ
1646 5336 1836 5407 θέρους
1864 5336 1918 5390 δὲ
1946 5332 2013 5408 ἦν

2119 5339 2267 5401 πόλις
2335 5337 2579 5409 Θρᾴκης.
2639 5334 3080 5405 Theophylactus
3132 5330 3433 5386 Simocatla
3489 5345 3604 5392 vit.
3666 5330 3691 5382 1

431 5423 570 5494 ὥρα.
601 5423 703 5479 Ubi
740 5435 1077 5481 memoratur
1108 5426 1255 5481 locus
1296 5428 1635 5499 Κερμιανόν.
1674 5431 1747 5484 De
1786 5429 2013 5498 Riginiae

2119 5433 2190 5500 (p.
2222 5429 2330 5483 972
2370 5431 2455 5483 ed.
2485 5428 2682 5489 Bonn.)
2714 5446 2727 5480 :
2762 5428 2842 5478 Τὰ
2869 5426 2977 5496 γὰρ
3006 5424 3259 5478 Ζαλδαπᾶ
3281 5425 3377 5477 καὶ
3404 5421 3578 5484 Ἀκυς
3601 5421 3699 5474 καὶ

433 5515 670 5578 fontibus
725 5517 896 5586 (juxta
949 5516 1237 5573 Turcicum
1287 5519 1511 5591 Burgas)
1555 5522 1780 5591 ejusque
1851 5532 2013 5589 ponte

2119 5523 2314 5584 Σκόπις
2333 5518 2755 5591 κατᾳπρονομεύ
2766 5535 2953 5581 σαντες
2974 5521 3153 5584 (antea
3176 5515 3480 5584 depopulati
3503 5513 3696 5579 Slavi):

430 5606 816 5687 pulcherrimo,
844 5616 1136 5679 antequam
1171 5610 1221 5664 in
1255 5609 1535 5666 Maritzam
1564 5611 1847 5683 (llebrum)
1878 5612 2013 5677 exit,
2116 5619 2259 5670 unde
2289 5616 2427 5669 situs
2462 5614 2612 5666 urbis
2650 5612 2784 5665 satis
2818 5609 3186 5679 cognoscitur,
3220 5608 3345 5665 coll.
3378 5607 3575 5663 ibidem
3611 5603 3699 5669 Si-

504 5782 583 5861 (ιι)
619 5784 719 5853 Ubi
749 5792 930 5853 tamen
966 5788 1056 5853 alii
1093 5791 1157 5846 de
1186 5790 1394 5860 Cyrrho
1425 5802 1475 5847 et
1519 5793 1734 5866 regione
1771 5793 2140 5875 Cyrrhestice,
2177 5794 2371 5849 ibidem
2405 5792 2618 5863 positis,
2663 5790 2996 5862 cogitabant.
