  <div class='ocr_page' id='page_1' title='image "/cluster/home/n/w/nwhite01/storage/ocr_20150623/113:no.2/coo.31924054870179/041.png"; bbox 0 0 4166 6494; ppageno 0'>
   <div class='ocr_carea' id='block_1_1' title="bbox 401 370 1987 466">
    <p class='ocr_par' dir='ltr' id='par_1_1' title="bbox 401 370 1987 466">
     <span class='ocr_line' id='line_1_1' title="bbox 401 370 1987 466; baseline -0.01 -1"><span class='ocrx_word' id='word_1_1' title='bbox 401 402 472 466; x_wconf 67' lang='lat'><strong>59</strong></span> <span class='ocrx_word' id='word_1_2' title='bbox 1502 370 1914 455; x_wconf 81' lang='lat' dir='ltr'><strong>VARIORUM</strong></span> <span class='ocrx_word' id='word_1_3' title='bbox 1941 389 1987 448; x_wconf 80' lang='grc' dir='ltr'><strong>Ρ</strong></span> 
     </span>
    </p>
   </div>
   <div class='ocr_carea' id='block_1_2' title="bbox 2096 370 3661 466">
    <p class='ocr_par' dir='ltr' id='par_1_2' title="bbox 2096 377 3661 455">
     <span class='ocr_line' id='line_1_2' title="bbox 2096 377 3661 455; baseline -0.004 -9"><span class='ocrx_word' id='word_1_4' title='bbox 2096 387 2516 448; x_wconf 69' lang='lat' dir='ltr'><strong>EFATIONES.</strong></span> <span class='ocrx_word' id='word_1_5' title='bbox 2576 444 2581 451; x_wconf 81' lang='grc'>,</span> <span class='ocrx_word' id='word_1_6' title='bbox 2758 450 2767 455; x_wconf 86' lang='lat'>_</span> <span class='ocrx_word' id='word_1_7' title='bbox 3589 377 3661 440; x_wconf 74' lang='lat'><strong>60</strong></span> 
     </span>
    </p>
   </div>
   <div class='ocr_carea' id='block_1_3' title="bbox 400 486 3662 579">
    <p class='ocr_par' dir='ltr' id='par_1_3' title="bbox 400 486 3662 579">
     <span class='ocr_line' id='line_1_3' title="bbox 400 486 3662 579; baseline -0.007 -15"><span class='ocrx_word' id='word_1_8' title='bbox 400 520 450 564; x_wconf 77' lang='lat' dir='ltr'><strong>te</strong></span> <span class='ocrx_word' id='word_1_9' title='bbox 478 505 817 579; x_wconf 78' lang='lat' dir='ltr'><strong>(imperator)</strong></span> <span class='ocrx_word' id='word_1_10' title='bbox 840 514 938 566; x_wconf 81' lang='lat' dir='ltr'><strong>est,</strong></span> <span class='ocrx_word' id='word_1_11' title='bbox 978 502 1296 558; x_wconf 77' lang='lat' dir='ltr'><strong>Macedones</strong></span> <span class='ocrx_word' id='word_1_12' title='bbox 1342 501 1615 572; x_wconf 92' lang='lat' dir='ltr'><strong>(militiam</strong></span> <span class='ocrx_word' id='word_1_13' title='bbox 1654 498 1978 570; x_wconf 83' lang='lat' dir='ltr'><strong>Byzantino—</strong></span> <span class='ocrx_word' id='word_1_14' title='bbox 2013 499 2053 554; x_wconf 75' lang='grc' dir='ltr'><strong>Α</strong></span> <span class='ocrx_word' id='word_1_15' title='bbox 2083 496 2272 549; x_wconf 74' lang='lat' dir='ltr'><strong>vitiant</strong></span> <span class='ocrx_word' id='word_1_16' title='bbox 2314 494 2600 551; x_wconf 85' lang='lat' dir='ltr'><strong>Kostendil</strong></span> <span class='ocrx_word' id='word_1_17' title='bbox 2644 492 3028 565; x_wconf 79' lang='lat' dir='ltr'><strong>(Justinianant</strong></span> <span class='ocrx_word' id='word_1_18' title='bbox 3073 490 3329 560; x_wconf 84' lang='lat' dir='ltr'><strong>primam,</strong></span> <span class='ocrx_word' id='word_1_19' title='bbox 3372 486 3662 543; x_wconf 81' lang='lat' dir='ltr'><strong>Justiniani</strong></span> 
     </span>
    </p>
   </div>
   <div class='ocr_carea' id='block_1_4' title="bbox 400 591 1970 665">
    <p class='ocr_par' dir='ltr' id='par_1_4' title="bbox 400 591 1970 665">
     <span class='ocr_line' id='line_1_4' title="bbox 400 591 1970 665; baseline -0.008 -12"><span class='ocrx_word' id='word_1_20' title='bbox 400 599 545 665; x_wconf 89' lang='lat' dir='ltr'><strong>rum)</strong></span> <span class='ocrx_word' id='word_1_21' title='bbox 587 598 724 650; x_wconf 79' lang='lat' dir='ltr'><strong>bello</strong></span> <span class='ocrx_word' id='word_1_22' title='bbox 759 599 921 649; x_wconf 84' lang='lat' dir='ltr'><strong>duros</strong></span> <span class='ocrx_word' id='word_1_23' title='bbox 951 596 1228 649; x_wconf 63' lang='lat' dir='ltr'><strong>exsistere.</strong></span> <span class='ocrx_word' id='word_1_24' title='bbox 1266 592 1369 648; x_wconf 87' lang='lat' dir='ltr'><strong>Ubi</strong></span> <span class='ocrx_word' id='word_1_25' title='bbox 1419 591 1759 661; x_wconf 80' lang='lat' dir='ltr'><strong>signiﬁcatur</strong></span> <span class='ocrx_word' id='word_1_26' title='bbox 1791 602 1970 642; x_wconf 82' lang='lat' dir='ltr'><strong>annus</strong></span> 
     </span>
    </p>
   </div>
   <div class='ocr_carea' id='block_1_5' title="bbox 400 676 1968 752">
    <p class='ocr_par' dir='ltr' id='par_1_5' title="bbox 400 676 1968 752">
     <span class='ocr_line' id='line_1_5' title="bbox 400 676 1968 752; baseline -0.008 -9"><span class='ocrx_word' id='word_1_27' title='bbox 400 689 601 744; x_wconf 81' lang='lat' dir='ltr'><strong>Christi</strong></span> <span class='ocrx_word' id='word_1_28' title='bbox 643 687 768 751; x_wconf 79' lang='lat' dir='ltr'><strong>9w,</strong></span> <span class='ocrx_word' id='word_1_29' title='bbox 824 687 940 739; x_wconf 83' lang='lat' dir='ltr'><strong>sive</strong></span> <span class='ocrx_word' id='word_1_30' title='bbox 970 685 1253 752; x_wconf 85' lang='lat' dir='ltr'><strong>imperium</strong></span> <span class='ocrx_word' id='word_1_31' title='bbox 1286 681 1514 737; x_wconf 83' lang='lat' dir='ltr'><strong>Romani</strong></span> <span class='ocrx_word' id='word_1_32' title='bbox 1549 678 1813 747; x_wconf 84' lang='lat' dir='ltr'><strong>Lecapeni</strong></span> <span class='ocrx_word' id='word_1_33' title='bbox 1869 676 1968 730; x_wconf 82' lang='lat' dir='ltr'><strong>Mi-</strong></span> 
     </span>
    </p>
   </div>
   <div class='ocr_carea' id='block_1_6' title="bbox 400 768 1969 845">
    <p class='ocr_par' dir='ltr' id='par_1_6' title="bbox 400 768 1969 845">
     <span class='ocr_line' id='line_1_6' title="bbox 400 768 1969 845; baseline -0.006 -13"><span class='ocrx_word' id='word_1_34' title='bbox 400 780 573 834; x_wconf 86' lang='lat' dir='ltr'><strong>litiam</strong></span> <span class='ocrx_word' id='word_1_35' title='bbox 628 778 1044 844; x_wconf 72' lang='lat' dir='ltr'><strong>Byzantinorum</strong></span> <span class='ocrx_word' id='word_1_36' title='bbox 1087 777 1237 845; x_wconf 86' lang='lat' dir='ltr'><strong>attigi</strong></span> <span class='ocrx_word' id='word_1_37' title='bbox 1274 776 1325 826; x_wconf 90' lang='lat' dir='ltr'><strong>in</strong></span> <span class='ocrx_word' id='word_1_38' title='bbox 1366 768 1969 832; x_wconf 79' lang='lat' dir='ltr'><strong>ThessaIonii-ensibus,</strong></span> 
     </span>
    </p>
   </div>
   <div class='ocr_carea' id='block_1_7' title="bbox 404 860 1974 941">
    <p class='ocr_par' dir='ltr' id='par_1_7' title="bbox 404 860 1974 941">
     <span class='ocr_line' id='line_1_7' title="bbox 404 860 1974 941; baseline -0.006 -19"><span class='ocrx_word' id='word_1_39' title='bbox 404 887 527 941; x_wconf 86' lang='lat' dir='ltr'><strong>pag.</strong></span> <span class='ocrx_word' id='word_1_40' title='bbox 556 870 660 924; x_wconf 76' lang='lat' dir='ltr'><strong>5l3</strong></span> <span class='ocrx_word' id='word_1_41' title='bbox 700 882 814 935; x_wconf 87' lang='lat' dir='ltr'><strong>seq.</strong></span> <span class='ocrx_word' id='word_1_42' title='bbox 851 866 1048 931; x_wconf 89' lang='lat' dir='ltr'><strong>;cujus</strong></span> <span class='ocrx_word' id='word_1_43' title='bbox 1100 866 1302 916; x_wconf 88' lang='lat' dir='ltr'><strong>utinam</strong></span> <span class='ocrx_word' id='word_1_44' title='bbox 1339 863 1649 930; x_wconf 86' lang='lat' dir='ltr'><strong>diligentior</strong></span> <span class='ocrx_word' id='word_1_45' title='bbox 1701 860 1974 925; x_wconf 84' lang='lat' dir='ltr'><strong>expositio</strong></span> 
     </span>
    </p>
   </div>
   <div class='ocr_carea' id='block_1_8' title="bbox 407 948 1970 1026">
    <p class='ocr_par' dir='ltr' id='par_1_8' title="bbox 407 948 1970 1026">
     <span class='ocr_line' id='line_1_8' title="bbox 407 948 1970 1026; baseline -0.01 -12"><span class='ocrx_word' id='word_1_46' title='bbox 407 961 623 1015; x_wconf 83' lang='lat' dir='ltr'><strong>tandem</strong></span> <span class='ocrx_word' id='word_1_47' title='bbox 662 958 954 1026; x_wconf 79' lang='lat' dir='ltr'><strong>aliquando</strong></span> <span class='ocrx_word' id='word_1_48' title='bbox 1010 970 1039 1006; x_wconf 87' lang='lat' dir='ltr'><strong>a</strong></span> <span class='ocrx_word' id='word_1_49' title='bbox 1072 953 1201 1006; x_wconf 88' lang='lat' dir='ltr'><strong>viris</strong></span> <span class='ocrx_word' id='word_1_50' title='bbox 1245 951 1641 1006; x_wconf 83' lang='lat' dir='ltr'><strong>eruditioribus</strong></span> <span class='ocrx_word' id='word_1_51' title='bbox 1700 948 1970 1004; x_wconf 82' lang='lat' dir='ltr'><strong>tentetur!</strong></span> 
     </span>
    </p>
   </div>
   <div class='ocr_carea' id='block_1_9' title="bbox 479 1042 1973 1122">
    <p class='ocr_par' dir='ltr' id='par_1_9' title="bbox 479 1042 1973 1122">
     <span class='ocr_line' id='line_1_9' title="bbox 479 1042 1973 1122; baseline -0.01 -14"><span class='ocrx_word' id='word_1_52' title='bbox 479 1053 651 1122; x_wconf 85' lang='lat' dir='ltr'><strong>Pergo</strong></span> <span class='ocrx_word' id='word_1_53' title='bbox 687 1053 738 1104; x_wconf 94' lang='lat' dir='ltr'><strong>in</strong></span> <span class='ocrx_word' id='word_1_54' title='bbox 771 1048 1110 1115; x_wconf 83' lang='lat' dir='ltr'><strong>expositione</strong></span> <span class='ocrx_word' id='word_1_55' title='bbox 1166 1042 1490 1099; x_wconf 81' lang='lat' dir='ltr'><strong>Vlachorum</strong></span> <span class='ocrx_word' id='word_1_56' title='bbox 1541 1043 1973 1109; x_wconf 75' lang='lat' dir='ltr'><strong>Bulgaricorun:,</strong></span> 
     </span>
    </p>
   </div>
   <div class='ocr_carea' id='block_1_10' title="bbox 406 1130 1975 1204">
    <p class='ocr_par' dir='ltr' id='par_1_10' title="bbox 406 1130 1975 1204">
     <span class='ocr_line' id='line_1_10' title="bbox 406 1130 1975 1204; baseline -0.01 -7"><span class='ocrx_word' id='word_1_57' title='bbox 406 1144 546 1197; x_wconf 89' lang='lat' dir='ltr'><strong>inter</strong></span> <span class='ocrx_word' id='word_1_58' title='bbox 578 1140 878 1194; x_wconf 85' lang='lat' dir='ltr'><strong>Danubium</strong></span> <span class='ocrx_word' id='word_1_59' title='bbox 902 1146 958 1191; x_wconf 89' lang='lat' dir='ltr'><strong>et</strong></span> <span class='ocrx_word' id='word_1_60' title='bbox 980 1135 1367 1204; x_wconf 83' lang='lat' dir='ltr'><strong>Propontidem</strong></span> <span class='ocrx_word' id='word_1_61' title='bbox 1387 1132 1714 1188; x_wconf 88' lang='lat' dir='ltr'><strong>sedentium.</strong></span> <span class='ocrx_word' id='word_1_62' title='bbox 1732 1130 1898 1200; x_wconf 87' lang='lat' dir='ltr'><strong>Bulga</strong></span> <span class='ocrx_word' id='word_1_63' title='bbox 1910 1131 1975 1193; x_wconf 90' lang='lat' dir='ltr'><strong>ri,</strong></span> 
     </span>
    </p>
   </div>
   <div class='ocr_carea' id='block_1_11' title="bbox 406 1227 1978 1294">
    <p class='ocr_par' dir='ltr' id='par_1_11' title="bbox 406 1227 1978 1294">
     <span class='ocr_line' id='line_1_11' title="bbox 406 1227 1978 1294; baseline -0.007 -7"><span class='ocrx_word' id='word_1_64' title='bbox 406 1249 525 1287; x_wconf 90' lang='lat' dir='ltr'><strong>cum</strong></span> <span class='ocrx_word' id='word_1_65' title='bbox 567 1233 671 1284; x_wconf 86' lang='lat' dir='ltr'><strong>line</strong></span> <span class='ocrx_word' id='word_1_66' title='bbox 695 1229 877 1284; x_wconf 69' lang='lat' dir='ltr'><strong>saeculi</strong></span> <span class='ocrx_word' id='word_1_67' title='bbox 908 1228 1123 1294; x_wconf 83' lang='lat' dir='ltr'><strong>septimi</strong></span> <span class='ocrx_word' id='word_1_68' title='bbox 1158 1227 1287 1281; x_wconf 86' lang='lat' dir='ltr'><strong>istas</strong></span> <span class='ocrx_word' id='word_1_69' title='bbox 1320 1237 1496 1280; x_wconf 87' lang='lat' dir='ltr'><strong>terras</strong></span> <span class='ocrx_word' id='word_1_70' title='bbox 1528 1230 1877 1292; x_wconf 86' lang='lat' dir='ltr'><strong>occuparent,</strong></span> <span class='ocrx_word' id='word_1_71' title='bbox 1900 1237 1978 1276; x_wconf 70' lang='lat' dir='ltr'><strong>eae</strong></span> 
     </span>
    </p>
   </div>
   <div class='ocr_carea' id='block_1_12' title="bbox 404 1315 1979 1389">
    <p class='ocr_par' dir='ltr' id='par_1_12' title="bbox 404 1315 1979 1389">
     <span class='ocr_line' id='line_1_12' title="bbox 404 1315 1979 1389; baseline -0.006 -13"><span class='ocrx_word' id='word_1_72' title='bbox 404 1322 610 1376; x_wconf 83' lang='lat' dir='ltr'><strong>incolas</strong></span> <span class='ocrx_word' id='word_1_73' title='bbox 656 1319 997 1389; x_wconf 89' lang='lat' dir='ltr'><strong>potissimum</strong></span> <span class='ocrx_word' id='word_1_74' title='bbox 1041 1316 1257 1371; x_wconf 83' lang='lat' dir='ltr'><strong>Thraco</strong></span> <span class='ocrx_word' id='word_1_75' title='bbox 1282 1346 1309 1357; x_wconf 90' lang='lat'><em>-</em></span> <span class='ocrx_word' id='word_1_76' title='bbox 1335 1315 1560 1370; x_wconf 82' lang='lat' dir='ltr'><strong>Latinos</strong></span> <span class='ocrx_word' id='word_1_77' title='bbox 1601 1316 1876 1369; x_wconf 91' lang='lat' dir='ltr'><strong>habebant</strong></span> <span class='ocrx_word' id='word_1_78' title='bbox 1923 1323 1979 1367; x_wconf 86' lang='lat' dir='ltr'><strong>et</strong></span> 
     </span>
    </p>
   </div>
   <div class='ocr_carea' id='block_1_13' title="bbox 407 1406 1980 1477">
    <p class='ocr_par' dir='ltr' id='par_1_13' title="bbox 407 1406 1980 1477">
     <span class='ocr_line' id='line_1_13' title="bbox 407 1406 1980 1477; baseline -0.006 -11"><span class='ocrx_word' id='word_1_79' title='bbox 407 1410 620 1473; x_wconf 88' lang='lat' dir='ltr'><strong>Slavos,</strong></span> <span class='ocrx_word' id='word_1_80' title='bbox 637 1411 832 1477; x_wconf 84' lang='lat' dir='ltr'><strong>quibus</strong></span> <span class='ocrx_word' id='word_1_81' title='bbox 850 1408 1103 1471; x_wconf 86' lang='lat' dir='ltr'><strong>victores,</strong></span> <span class='ocrx_word' id='word_1_82' title='bbox 1123 1420 1348 1460; x_wconf 89' lang='lat' dir='ltr'><strong>numero</strong></span> <span class='ocrx_word' id='word_1_83' title='bbox 1373 1406 1498 1459; x_wconf 89' lang='lat' dir='ltr'><strong>licet</strong></span> <span class='ocrx_word' id='word_1_84' title='bbox 1534 1407 1791 1466; x_wconf 86' lang='lat' dir='ltr'><strong>minores.</strong></span> <span class='ocrx_word' id='word_1_85' title='bbox 1819 1418 1980 1457; x_wconf 83' lang='lat' dir='ltr'><strong>suum</strong></span> 
     </span>
    </p>
   </div>
   <div class='ocr_carea' id='block_1_14' title="bbox 408 1494 1976 1570">
    <p class='ocr_par' dir='ltr' id='par_1_14' title="bbox 408 1494 1976 1570">
     <span class='ocr_line' id='line_1_14' title="bbox 408 1494 1976 1570; baseline -0.005 -15"><span class='ocrx_word' id='word_1_86' title='bbox 408 1515 600 1556; x_wconf 88' lang='lat' dir='ltr'><strong>nomen</strong></span> <span class='ocrx_word' id='word_1_87' title='bbox 628 1501 995 1570; x_wconf 82' lang='lat' dir='ltr'><strong>iinponebant.</strong></span> <span class='ocrx_word' id='word_1_88' title='bbox 1028 1496 1105 1550; x_wconf 89' lang='lat' dir='ltr'><strong>Eo</strong></span> <span class='ocrx_word' id='word_1_89' title='bbox 1143 1506 1381 1564; x_wconf 83' lang='lat' dir='ltr'><strong>tempore</strong></span> <span class='ocrx_word' id='word_1_90' title='bbox 1409 1499 1588 1560; x_wconf 76' lang='lat' dir='ltr'><strong>(stccc.</strong></span> <span class='ocrx_word' id='word_1_91' title='bbox 1616 1494 1815 1565; x_wconf 80' lang='lat' dir='ltr'><strong>vri-xii)</strong></span> <span class='ocrx_word' id='word_1_92' title='bbox 1851 1510 1976 1549; x_wconf 90' lang='lat' dir='ltr'><strong>num</strong></span> 
     </span>
    </p>
   </div>
   <div class='ocr_carea' id='block_1_15' title="bbox 408 1587 1976 1651">
    <p class='ocr_par' dir='ltr' id='par_1_15' title="bbox 408 1587 1976 1651">
     <span class='ocr_line' id='line_1_15' title="bbox 408 1587 1976 1651; baseline -0.004 -6"><span class='ocrx_word' id='word_1_93' title='bbox 408 1593 688 1645; x_wconf 88' lang='lat' dir='ltr'><strong>victiinter</strong></span> <span class='ocrx_word' id='word_1_94' title='bbox 717 1606 775 1645; x_wconf 86' lang='lat' dir='ltr'><strong>se</strong></span> <span class='ocrx_word' id='word_1_95' title='bbox 799 1602 989 1644; x_wconf 87' lang='lat' dir='ltr'><strong>etcum</strong></span> <span class='ocrx_word' id='word_1_96' title='bbox 1008 1587 1307 1642; x_wconf 83' lang='lat' dir='ltr'><strong>victoribus</strong></span> <span class='ocrx_word' id='word_1_97' title='bbox 1329 1587 1800 1651; x_wconf 87' lang='lat' dir='ltr'><strong>concreverint,an</strong></span> <span class='ocrx_word' id='word_1_98' title='bbox 1823 1601 1976 1640; x_wconf 86' lang='lat' dir='ltr'><strong>suam</strong></span> 
     </span>
    </p>
   </div>
   <div class='ocr_carea' id='block_1_16' title="bbox 423 1676 1981 1752">
    <p class='ocr_par' dir='ltr' id='par_1_16' title="bbox 423 1676 1981 1752">
     <span class='ocr_line' id='line_1_16' title="bbox 423 1676 1981 1752; baseline -0.003 -18"><span class='ocrx_word' id='word_1_99' title='bbox 423 1683 655 1752; x_wconf 86' lang='lat' dir='ltr'><strong>quisque</strong></span> <span class='ocrx_word' id='word_1_100' title='bbox 688 1683 911 1752; x_wconf 86' lang='lat' dir='ltr'><strong>stirpem</strong></span> <span class='ocrx_word' id='word_1_101' title='bbox 939 1690 995 1734; x_wconf 92' lang='lat' dir='ltr'><strong>et</strong></span> <span class='ocrx_word' id='word_1_102' title='bbox 1021 1679 1283 1747; x_wconf 74' lang='lat' dir='ltr'><strong>originem</strong></span> <span class='ocrx_word' id='word_1_103' title='bbox 1314 1679 1673 1746; x_wconf 86' lang='lat' dir='ltr'><strong>tenuerint,id</strong></span> <span class='ocrx_word' id='word_1_104' title='bbox 1691 1692 1820 1732; x_wconf 91' lang='lat' dir='ltr'><strong>vero</strong></span> <span class='ocrx_word' id='word_1_105' title='bbox 1844 1676 1981 1732; x_wconf 77' lang='lat' dir='ltr'><strong>ditii-</strong></span> 
     </span>
    </p>
   </div>
   <div class='ocr_carea' id='block_1_17' title="bbox 420 1771 1983 1841">
    <p class='ocr_par' dir='ltr' id='par_1_17' title="bbox 420 1771 1983 1841">
     <span class='ocr_line' id='line_1_17' title="bbox 420 1771 1983 1841; baseline -0.001 -14"><span class='ocrx_word' id='word_1_106' title='bbox 420 1777 522 1828; x_wconf 83' lang='lat' dir='ltr'><strong>eile</strong></span> <span class='ocrx_word' id='word_1_107' title='bbox 560 1776 705 1828; x_wconf 89' lang='lat' dir='ltr'><strong>dictu</strong></span> <span class='ocrx_word' id='word_1_108' title='bbox 757 1772 992 1827; x_wconf 88' lang='lat' dir='ltr'><strong>videtur.</strong></span> <span class='ocrx_word' id='word_1_109' title='bbox 1023 1771 1358 1840; x_wconf 79' lang='lat' dir='ltr'><strong>Recuperata</strong></span> <span class='ocrx_word' id='word_1_110' title='bbox 1381 1771 1652 1837; x_wconf 85' lang='lat' dir='ltr'><strong>libertate,</strong></span> <span class='ocrx_word' id='word_1_111' title='bbox 1685 1773 1827 1841; x_wconf 88' lang='lat' dir='ltr'><strong>quod</strong></span> <span class='ocrx_word' id='word_1_112' title='bbox 1859 1779 1983 1839; x_wconf 86' lang='lat' dir='ltr'><strong>post</strong></span> 
     </span>
    </p>
   </div>
   <div class='ocr_carea' id='block_1_18' title="bbox 415 1862 1980 1927">
    <p class='ocr_par' dir='ltr' id='par_1_18' title="bbox 415 1862 1980 1927">
     <span class='ocr_line' id='line_1_18' title="bbox 415 1862 1980 1927; baseline -0.001 -8"><span class='ocrx_word' id='word_1_113' title='bbox 415 1881 616 1919; x_wconf 88' lang='lat' dir='ltr'><strong>annum</strong></span> <span class='ocrx_word' id='word_1_114' title='bbox 652 1864 789 1920; x_wconf 79' lang='lat'><strong>“85</strong></span> <span class='ocrx_word' id='word_1_115' title='bbox 843 1863 1107 1918; x_wconf 86' lang='lat' dir='ltr'><strong>accidisse</strong></span> <span class='ocrx_word' id='word_1_116' title='bbox 1130 1870 1367 1927; x_wconf 87' lang='lat' dir='ltr'><strong>constat,</strong></span> <span class='ocrx_word' id='word_1_117' title='bbox 1406 1862 1729 1916; x_wconf 85' lang='lat' dir='ltr'><strong>Vlacborum</strong></span> <span class='ocrx_word' id='word_1_118' title='bbox 1755 1871 1980 1917; x_wconf 84' lang='lat' dir='ltr'><strong>nostro-</strong></span> 
     </span>
    </p>
   </div>
   <div class='ocr_carea' id='block_1_19' title="bbox 409 1952 1985 2024">
    <p class='ocr_par' dir='ltr' id='par_1_19' title="bbox 409 1952 1985 2024">
     <span class='ocr_line' id='line_1_19' title="bbox 409 1952 1985 2024; baseline -0.004 -10"><span class='ocrx_word' id='word_1_119' title='bbox 409 1974 531 2014; x_wconf 85' lang='lat' dir='ltr'><strong>rum</strong></span> <span class='ocrx_word' id='word_1_120' title='bbox 562 1956 820 2010; x_wconf 86' lang='lat' dir='ltr'><strong>memoria</strong></span> <span class='ocrx_word' id='word_1_121' title='bbox 855 1955 928 2009; x_wconf 91' lang='lat' dir='ltr'><strong>nil</strong></span> <span class='ocrx_word' id='word_1_122' title='bbox 958 1954 1294 2023; x_wconf 75' lang='lat' dir='ltr'><strong>frequentius</strong></span> <span class='ocrx_word' id='word_1_123' title='bbox 1339 1954 1390 2006; x_wconf 90' lang='lat' dir='ltr'><strong>in</strong></span> <span class='ocrx_word' id='word_1_124' title='bbox 1417 1952 1841 2024; x_wconf 80' lang='lat' dir='ltr'><strong>Byzantinoruin</strong></span> <span class='ocrx_word' id='word_1_125' title='bbox 1886 1970 1985 2008; x_wconf 86' lang='lat' dir='ltr'><strong>an-</strong></span> 
     </span>
    </p>
   </div>
   <div class='ocr_carea' id='block_1_20' title="bbox 412 2045 1982 2116">
    <p class='ocr_par' dir='ltr' id='par_1_20' title="bbox 412 2045 1982 2116">
     <span class='ocr_line' id='line_1_20' title="bbox 412 2045 1982 2116; baseline -0.003 -11"><span class='ocrx_word' id='word_1_126' title='bbox 412 2051 642 2113; x_wconf 88' lang='lat' dir='ltr'><strong>nalibus,</strong></span> <span class='ocrx_word' id='word_1_127' title='bbox 671 2050 1036 2116; x_wconf 79' lang='lat' dir='ltr'><strong>maximopere</strong></span> <span class='ocrx_word' id='word_1_128' title='bbox 1061 2045 1283 2108; x_wconf 74' lang='lat' dir='ltr'><strong>Nicetze,</strong></span> <span class='ocrx_word' id='word_1_129' title='bbox 1313 2062 1434 2100; x_wconf 90' lang='lat' dir='ltr'><strong>cum</strong></span> <span class='ocrx_word' id='word_1_130' title='bbox 1453 2046 1830 2116; x_wconf 85' lang='lat' dir='ltr'><strong>Bulgarorum,</strong></span> <span class='ocrx_word' id='word_1_131' title='bbox 1855 2048 1982 2101; x_wconf 86' lang='lat' dir='ltr'><strong>olim</strong></span> 
     </span>
    </p>
   </div>
   <div class='ocr_carea' id='block_1_21' title="bbox 413 2138 1989 2204">
    <p class='ocr_par' dir='ltr' id='par_1_21' title="bbox 413 2138 1989 2204">
     <span class='ocr_line' id='line_1_21' title="bbox 413 2138 1989 2204; baseline -0.003 -6"><span class='ocrx_word' id='word_1_132' title='bbox 413 2146 777 2202; x_wconf 84' lang='lat' dir='ltr'><strong>dominorum,</strong></span> <span class='ocrx_word' id='word_1_133' title='bbox 793 2154 982 2193; x_wconf 84' lang='lat' dir='ltr'><strong>nomen</strong></span> <span class='ocrx_word' id='word_1_134' title='bbox 1006 2138 1172 2199; x_wconf 87' lang='lat' dir='ltr'><strong>multo</strong></span> <span class='ocrx_word' id='word_1_135' title='bbox 1195 2138 1368 2192; x_wconf 86' lang='lat' dir='ltr'><strong>rarius</strong></span> <span class='ocrx_word' id='word_1_136' title='bbox 1389 2138 1678 2204; x_wconf 85' lang='lat' dir='ltr'><strong>audiatur;</strong></span> <span class='ocrx_word' id='word_1_137' title='bbox 1706 2141 1846 2194; x_wconf 89' lang='lat' dir='ltr'><strong>unde</strong></span> <span class='ocrx_word' id='word_1_138' title='bbox 1862 2141 1989 2194; x_wconf 88' lang='lat' dir='ltr'><strong>ista-</strong></span> 
     </span>
    </p>
   </div>
   <div class='ocr_carea' id='block_1_22' title="bbox 414 2232 1980 2304">
    <p class='ocr_par' dir='ltr' id='par_1_22' title="bbox 414 2232 1980 2304">
     <span class='ocr_line' id='line_1_22' title="bbox 414 2232 1980 2304; baseline -0.001 -14"><span class='ocrx_word' id='word_1_139' title='bbox 414 2253 533 2293; x_wconf 90' lang='lat' dir='ltr'><strong>rum</strong></span> <span class='ocrx_word' id='word_1_140' title='bbox 563 2236 802 2304; x_wconf 83' lang='lat' dir='ltr'><strong>gcntinm</strong></span> <span class='ocrx_word' id='word_1_141' title='bbox 827 2247 1053 2288; x_wconf 89' lang='lat' dir='ltr'><strong>numero</strong></span> <span class='ocrx_word' id='word_1_142' title='bbox 1099 2232 1489 2287; x_wconf 86' lang='lat' dir='ltr'><strong>validissimam</strong></span> <span class='ocrx_word' id='word_1_143' title='bbox 1517 2241 1627 2286; x_wconf 90' lang='lat' dir='ltr'><strong>tum</strong></span> <span class='ocrx_word' id='word_1_144' title='bbox 1660 2233 1980 2289; x_wconf 79' lang='lat' dir='ltr'><strong>Vlaclioruiu</strong></span> 
     </span>
    </p>
   </div>
   <div class='ocr_carea' id='block_1_23' title="bbox 412 2323 1987 2390">
    <p class='ocr_par' dir='ltr' id='par_1_23' title="bbox 412 2323 1987 2390">
     <span class='ocr_line' id='line_1_23' title="bbox 412 2323 1987 2390; baseline -0.001 -6"><span class='ocrx_word' id='word_1_145' title='bbox 412 2330 583 2384; x_wconf 77' lang='lat' dir='ltr'><strong>fuisse</strong></span> <span class='ocrx_word' id='word_1_146' title='bbox 606 2327 967 2390; x_wconf 80' lang='lat' dir='ltr'><strong>existimabis.</strong></span> <span class='ocrx_word' id='word_1_147' title='bbox 1016 2323 1055 2377; x_wconf 90' lang='lat' dir='ltr'><strong>li</strong></span> <span class='ocrx_word' id='word_1_148' title='bbox 1111 2324 1351 2379; x_wconf 67' lang='lat' dir='ltr'><strong>Haemum</strong></span> <span class='ocrx_word' id='word_1_149' title='bbox 1404 2326 1638 2378; x_wconf 74' lang='lat' dir='ltr'><strong>maxime</strong></span> <span class='ocrx_word' id='word_1_150' title='bbox 1692 2325 1987 2383; x_wconf 86' lang='lat' dir='ltr'><strong>incolentes</strong></span> 
     </span>
    </p>
   </div>
   <div class='ocr_carea' id='block_1_24' title="bbox 415 2416 1987 2491">
    <p class='ocr_par' dir='ltr' id='par_1_24' title="bbox 415 2416 1987 2491">
     <span class='ocr_line' id='line_1_24' title="bbox 415 2416 1987 2491; baseline 0 -16"><span class='ocrx_word' id='word_1_151' title='bbox 415 2421 656 2491; x_wconf 84' lang='lat' dir='ltr'><strong>(Nicetas</strong></span> <span class='ocrx_word' id='word_1_152' title='bbox 688 2439 740 2490; x_wconf 90' lang='lat' dir='ltr'><strong>p.</strong></span> <span class='ocrx_word' id='word_1_153' title='bbox 792 2419 918 2484; x_wconf 64' lang='lat'><strong>482,</strong></span> <span class='ocrx_word' id='word_1_154' title='bbox 944 2418 1048 2474; x_wconf 85' lang='lat'><strong>676</strong></span> <span class='ocrx_word' id='word_1_155' title='bbox 1102 2418 1190 2471; x_wconf 84' lang='lat' dir='ltr'><strong>ed.</strong></span> <span class='ocrx_word' id='word_1_156' title='bbox 1236 2416 1454 2485; x_wconf 86' lang='lat' dir='ltr'><strong>Bonn.),</strong></span> <span class='ocrx_word' id='word_1_157' title='bbox 1492 2434 1519 2471; x_wconf 86' lang='lat' dir='ltr'><strong>a</strong></span> <span class='ocrx_word' id='word_1_158' title='bbox 1574 2418 1778 2476; x_wconf 71' lang='lat' dir='ltr'><strong>Graecis</strong></span> <span class='ocrx_word' id='word_1_159' title='bbox 1810 2423 1987 2475; x_wconf 78' lang='lat' dir='ltr'><strong>vexati</strong></span> 
     </span>
    </p>
   </div>
   <div class='ocr_carea' id='block_1_25' title="bbox 414 2508 1988 2583">
    <p class='ocr_par' dir='ltr' id='par_1_25' title="bbox 414 2508 1988 2583">
     <span class='ocr_line' id='line_1_25' title="bbox 414 2508 1988 2583; baseline -0.003 -16"><span class='ocrx_word' id='word_1_160' title='bbox 414 2513 519 2567; x_wconf 56' lang='lat' dir='ltr'><strong>dei.</strong></span> <span class='ocrx_word' id='word_1_161' title='bbox 534 2528 659 2567; x_wconf 87' lang='lat' dir='ltr'><strong>cere</strong></span> <span class='ocrx_word' id='word_1_162' title='bbox 679 2513 698 2583; x_wconf 94' lang='lat'><strong>(</strong></span> <span class='ocrx_word' id='word_1_163' title='bbox 721 2511 838 2565; x_wconf 92' lang='lat' dir='ltr'><strong>Nic.</strong></span> <span class='ocrx_word' id='word_1_164' title='bbox 868 2525 991 2579; x_wconf 85' lang='lat' dir='ltr'><strong>pag.</strong></span> <span class='ocrx_word' id='word_1_165' title='bbox 1014 2508 1121 2563; x_wconf 64' lang='lat'><strong>48&#39;)</strong></span> <span class='ocrx_word' id='word_1_166' title='bbox 1146 2524 1260 2576; x_wconf 87' lang='lat' dir='ltr'><strong>seq.</strong></span> <span class='ocrx_word' id='word_1_167' title='bbox 1283 2509 1321 2576; x_wconf 90' lang='lat'><strong>),</strong></span> <span class='ocrx_word' id='word_1_168' title='bbox 1359 2510 1645 2575; x_wconf 80' lang='lat' dir='ltr'><strong>aliquoties</strong></span> <span class='ocrx_word' id='word_1_169' title='bbox 1677 2520 1853 2565; x_wconf 88' lang='lat' dir='ltr'><strong>tamen</strong></span> <span class='ocrx_word' id='word_1_170' title='bbox 1900 2510 1988 2563; x_wconf 83' lang='lat' dir='ltr'><strong>fu-</strong></span> 
     </span>
    </p>
   </div>
   <div class='ocr_carea' id='block_1_26' title="bbox 412 2596 1990 2673">
    <p class='ocr_par' dir='ltr' id='par_1_26' title="bbox 412 2596 1990 2673">
     <span class='ocr_line' id='line_1_26' title="bbox 412 2596 1990 2673; baseline -0.001 -17"><span class='ocrx_word' id='word_1_171' title='bbox 412 2603 520 2673; x_wconf 87' lang='lat' dir='ltr'><strong>gati</strong></span> <span class='ocrx_word' id='word_1_172' title='bbox 555 2602 695 2669; x_wconf 87' lang='lat' dir='ltr'><strong>(Nic.</strong></span> <span class='ocrx_word' id='word_1_173' title='bbox 750 2601 881 2654; x_wconf 89' lang='lat' dir='ltr'><strong>ibid.</strong></span> <span class='ocrx_word' id='word_1_174' title='bbox 916 2598 1122 2667; x_wconf 63' lang='lat' dir='ltr'><strong>p.487,</strong></span> <span class='ocrx_word' id='word_1_175' title='bbox 1179 2597 1328 2666; x_wconf 83' lang='lat'><strong>515).</strong></span> <span class='ocrx_word' id='word_1_176' title='bbox 1380 2596 1584 2652; x_wconf 84' lang='lat' dir='ltr'><strong>Nomen</strong></span> <span class='ocrx_word' id='word_1_177' title='bbox 1647 2615 1833 2653; x_wconf 88' lang='lat' dir='ltr'><strong>eorum</strong></span> <span class='ocrx_word' id='word_1_178' title='bbox 1894 2614 1990 2668; x_wconf 90' lang='lat' dir='ltr'><strong>pro</strong></span> 
     </span>
    </p>
   </div>
   <div class='ocr_carea' id='block_1_27' title="bbox 411 2689 1988 2763">
    <p class='ocr_par' dir='ltr' id='par_1_27' title="bbox 411 2689 1988 2763">
     <span class='ocr_line' id='line_1_27' title="bbox 411 2689 1988 2763; baseline -0.001 -15"><span class='ocrx_word' id='word_1_179' title='bbox 411 2695 658 2763; x_wconf 88' lang='lat' dir='ltr'><strong>Bulgaris</strong></span> <span class='ocrx_word' id='word_1_180' title='bbox 686 2707 974 2746; x_wconf 89' lang='lat' dir='ltr'><strong>occurrere</strong></span> <span class='ocrx_word' id='word_1_181' title='bbox 1000 2691 1135 2744; x_wconf 83' lang='lat' dir='ltr'><strong>solet</strong></span> <span class='ocrx_word' id='word_1_182' title='bbox 1157 2689 1296 2756; x_wconf 77' lang='lat' dir='ltr'><strong>(Nic.</strong></span> <span class='ocrx_word' id='word_1_183' title='bbox 1327 2706 1377 2759; x_wconf 93' lang='lat' dir='ltr'><strong>p.</strong></span> <span class='ocrx_word' id='word_1_184' title='bbox 1396 2690 1523 2755; x_wconf 73' lang='lat'><strong>490,</strong></span> <span class='ocrx_word' id='word_1_185' title='bbox 1551 2691 1674 2756; x_wconf 85' lang='lat' dir='ltr'><strong>5l6,</strong></span> <span class='ocrx_word' id='word_1_186' title='bbox 1723 2692 1988 2757; x_wconf 68' lang='lat'><strong>568,572,</strong></span> 
     </span>
    </p>
   </div>
   <div class='ocr_carea' id='block_1_28' title="bbox 413 2782 1990 2853">
    <p class='ocr_par' dir='ltr' id='par_1_28' title="bbox 413 2782 1990 2853">
     <span class='ocr_line' id='line_1_28' title="bbox 413 2782 1990 2853; baseline -0.003 -10"><span class='ocrx_word' id='word_1_187' title='bbox 413 2786 696 2851; x_wconf 73' lang='lat'><strong>573,589,</strong></span> <span class='ocrx_word' id='word_1_188' title='bbox 750 2783 877 2846; x_wconf 74' lang='grc' dir='ltr'><strong>διδ,</strong></span> <span class='ocrx_word' id='word_1_189' title='bbox 932 2783 1057 2847; x_wconf 86' lang='grc'><strong>617,</strong></span> <span class='ocrx_word' id='word_1_190' title='bbox 1103 2782 1385 2846; x_wconf 69' lang='lat'><strong>820,852,</strong></span> <span class='ocrx_word' id='word_1_191' title='bbox 1439 2782 1589 2853; x_wconf 77' lang='lat'><strong>833).</strong></span> <span class='ocrx_word' id='word_1_192' title='bbox 1642 2785 1783 2838; x_wconf 84' lang='lat' dir='ltr'><strong>Alibi</strong></span> <span class='ocrx_word' id='word_1_193' title='bbox 1849 2786 1990 2853; x_wconf 77' lang='lat' dir='ltr'><strong>apud</strong></span> 
     </span>
    </p>
   </div>
   <div class='ocr_carea' id='block_1_29' title="bbox 412 2872 1991 2945">
    <p class='ocr_par' dir='ltr' id='par_1_29' title="bbox 412 2872 1991 2945">
     <span class='ocr_line' id='line_1_29' title="bbox 412 2872 1991 2945; baseline -0.003 -13"><span class='ocrx_word' id='word_1_194' title='bbox 412 2878 664 2934; x_wconf 85' lang='lat' dir='ltr'><strong>eumdem</strong></span> <span class='ocrx_word' id='word_1_195' title='bbox 687 2891 809 2930; x_wconf 89' lang='lat' dir='ltr'><strong>cum</strong></span> <span class='ocrx_word' id='word_1_196' title='bbox 832 2875 1024 2945; x_wconf 81' lang='lat' dir='ltr'><strong>Mysis,</strong></span> <span class='ocrx_word' id='word_1_197' title='bbox 1047 2873 1290 2941; x_wconf 82' lang='lat' dir='ltr'><strong>Scythis,</strong></span> <span class='ocrx_word' id='word_1_198' title='bbox 1322 2872 1582 2927; x_wconf 88' lang='lat' dir='ltr'><strong>Cumanis</strong></span> <span class='ocrx_word' id='word_1_199' title='bbox 1600 2886 1991 2939; x_wconf 82' lang='lat' dir='ltr'><strong>memorantur,</strong></span> 
     </span>
    </p>
   </div>
   <div class='ocr_carea' id='block_1_30' title="bbox 414 2967 1986 3039">
    <p class='ocr_par' dir='ltr' id='par_1_30' title="bbox 414 2967 1986 3039">
     <span class='ocr_line' id='line_1_30' title="bbox 414 2967 1986 3039; baseline -0.003 -11"><span class='ocrx_word' id='word_1_200' title='bbox 414 2973 467 3028; x_wconf 85' lang='lat' dir='ltr'><strong>id</strong></span> <span class='ocrx_word' id='word_1_201' title='bbox 497 2979 583 3026; x_wconf 85' lang='lat' dir='ltr'><strong>cst</strong></span> <span class='ocrx_word' id='word_1_202' title='bbox 619 2986 740 3024; x_wconf 88' lang='lat' dir='ltr'><strong>cum</strong></span> <span class='ocrx_word' id='word_1_203' title='bbox 769 2969 1027 3023; x_wconf 78' lang='lat' dir='ltr'><strong>Cumanis</strong></span> <span class='ocrx_word' id='word_1_204' title='bbox 1064 2978 1118 3021; x_wconf 86' lang='lat' dir='ltr'><strong>et</strong></span> <span class='ocrx_word' id='word_1_205' title='bbox 1153 2968 1393 3034; x_wconf 85' lang='lat' dir='ltr'><strong>Bulgaris</strong></span> <span class='ocrx_word' id='word_1_206' title='bbox 1427 2967 1567 3039; x_wconf 78' lang='lat' dir='ltr'><strong>(Nic.</strong></span> <span class='ocrx_word' id='word_1_207' title='bbox 1601 2984 1652 3038; x_wconf 92' lang='lat' dir='ltr'><strong>p.</strong></span> <span class='ocrx_word' id='word_1_208' title='bbox 1684 2971 1811 3036; x_wconf 65' lang='lat'><strong>485,</strong></span> <span class='ocrx_word' id='word_1_209' title='bbox 1860 2972 1986 3035; x_wconf 73' lang='lat'><strong>5‘20,</strong></span> 
     </span>
    </p>
   </div>
   <div class='ocr_carea' id='block_1_31' title="bbox 414 3060 1993 3130">
    <p class='ocr_par' dir='ltr' id='par_1_31' title="bbox 414 3060 1993 3130">
     <span class='ocr_line' id='line_1_31' title="bbox 414 3060 1993 3130; baseline -0.002 -12"><span class='ocrx_word' id='word_1_210' title='bbox 414 3063 540 3127; x_wconf 85' lang='lat'><strong>569,</strong></span> <span class='ocrx_word' id='word_1_211' title='bbox 579 3063 704 3127; x_wconf 82' lang='lat' dir='ltr'><strong>8H,</strong></span> <span class='ocrx_word' id='word_1_212' title='bbox 727 3061 852 3126; x_wconf 73' lang='lat'><strong>837,</strong></span> <span class='ocrx_word' id='word_1_213' title='bbox 874 3060 991 3129; x_wconf 85' lang='lat' dir='ltr'><strong>aL).</strong></span> <span class='ocrx_word' id='word_1_214' title='bbox 1018 3060 1283 3129; x_wconf 86' lang='lat' dir='ltr'><strong>Linguam</strong></span> <span class='ocrx_word' id='word_1_215' title='bbox 1319 3073 1503 3113; x_wconf 89' lang='lat' dir='ltr'><strong>eorum</strong></span> <span class='ocrx_word' id='word_1_216' title='bbox 1530 3078 1635 3114; x_wconf 89' lang='lat' dir='ltr'><strong>non</strong></span> <span class='ocrx_word' id='word_1_217' title='bbox 1667 3066 1993 3130; x_wconf 64' lang='lat' dir='ltr'><strong>praetermit-</strong></span> 
     </span>
    </p>
   </div>
   <div class='ocr_carea' id='block_1_32' title="bbox 416 3144 1984 3220">
    <p class='ocr_par' dir='ltr' id='par_1_32' title="bbox 416 3144 1984 3220">
     <span class='ocr_line' id='line_1_32' title="bbox 416 3144 1984 3220; baseline 0.001 -14"><span class='ocrx_word' id='word_1_218' title='bbox 416 3157 482 3207; x_wconf 90' lang='lat' dir='ltr'><strong>tit</strong></span> <span class='ocrx_word' id='word_1_219' title='bbox 517 3153 735 3208; x_wconf 84' lang='lat' dir='ltr'><strong>Nicetas</strong></span> <span class='ocrx_word' id='word_1_220' title='bbox 756 3152 1027 3220; x_wconf 84' lang='lat' dir='ltr'><strong>pag.6|7.</strong></span> <span class='ocrx_word' id='word_1_221' title='bbox 1060 3151 1143 3204; x_wconf 83' lang='lat' dir='ltr'><strong>Ab</strong></span> <span class='ocrx_word' id='word_1_222' title='bbox 1195 3150 1383 3205; x_wconf 85' lang='lat' dir='ltr'><strong>iisdem</strong></span> <span class='ocrx_word' id='word_1_223' title='bbox 1434 3144 1746 3207; x_wconf 69' lang='lat' dir='ltr'><strong>Graecorum</strong></span> <span class='ocrx_word' id='word_1_224' title='bbox 1803 3154 1984 3207; x_wconf 88' lang='lat' dir='ltr'><strong>odium</strong></span> 
     </span>
    </p>
   </div>
   <div class='ocr_carea' id='block_1_33' title="bbox 416 3236 1989 3313">
    <p class='ocr_par' dir='ltr' id='par_1_33' title="bbox 416 3236 1989 3313">
     <span class='ocr_line' id='line_1_33' title="bbox 416 3236 1989 3313; baseline 0.002 -15"><span class='ocrx_word' id='word_1_225' title='bbox 416 3243 631 3311; x_wconf 85' lang='lat' dir='ltr'><strong>Bulgari</strong></span> <span class='ocrx_word' id='word_1_226' title='bbox 667 3243 971 3296; x_wconf 81' lang='lat' dir='ltr'><strong>didicerant</strong></span> <span class='ocrx_word' id='word_1_227' title='bbox 997 3241 1135 3310; x_wconf 78' lang='lat' dir='ltr'><strong>(Nic.</strong></span> <span class='ocrx_word' id='word_1_228' title='bbox 1183 3256 1236 3309; x_wconf 94' lang='lat' dir='ltr'><strong>p.</strong></span> <span class='ocrx_word' id='word_1_229' title='bbox 1271 3242 1421 3310; x_wconf 79' lang='grc'><strong>851).</strong></span> <span class='ocrx_word' id='word_1_230' title='bbox 1459 3242 1769 3313; x_wconf 86' lang='lat' dir='ltr'><strong>Eorumque</strong></span> <span class='ocrx_word' id='word_1_231' title='bbox 1824 3236 1989 3301; x_wconf 78' lang='lat' dir='ltr'><strong>duces</strong></span> 
     </span>
    </p>
   </div>
   <div class='ocr_carea' id='block_1_34' title="bbox 416 3332 1990 3404">
    <p class='ocr_par' dir='ltr' id='par_1_34' title="bbox 416 3332 1990 3404">
     <span class='ocr_line' id='line_1_34' title="bbox 416 3332 1990 3404; baseline 0.001 -15"><span class='ocrx_word' id='word_1_232' title='bbox 416 3333 791 3396; x_wconf 71' lang='lat' dir='ltr'><strong>fariiOsissimi,</strong></span> <span class='ocrx_word' id='word_1_233' title='bbox 831 3332 1068 3388; x_wconf 81' lang='lat' dir='ltr'><strong>Joannes</strong></span> <span class='ocrx_word' id='word_1_234' title='bbox 1110 3334 1320 3402; x_wconf 82' lang='lat' dir='ltr'><strong>(lvvan,&#39;</strong></span> <span class='ocrx_word' id='word_1_235' title='bbox 1348 3333 1598 3404; x_wconf 52' lang='lat' dir='ltr'><strong>lbancus)</strong></span> <span class='ocrx_word' id='word_1_236' title='bbox 1635 3374 1651 3399; x_wconf 89' lang='lat'><strong>,</strong></span> <span class='ocrx_word' id='word_1_237' title='bbox 1690 3336 1900 3389; x_wconf 86' lang='lat' dir='ltr'><strong>Asaims</strong></span> <span class='ocrx_word' id='word_1_238' title='bbox 1936 3346 1990 3390; x_wconf 89' lang='lat' dir='ltr'><strong>et</strong></span> 
     </span>
    </p>
   </div>
   <div class='ocr_carea' id='block_1_35' title="bbox 416 3423 1987 3495">
    <p class='ocr_par' dir='ltr' id='par_1_35' title="bbox 416 3423 1987 3495">
     <span class='ocr_line' id='line_1_35' title="bbox 416 3423 1987 3495; baseline -0.001 -15"><span class='ocrx_word' id='word_1_239' title='bbox 416 3426 680 3495; x_wconf 86' lang='lat' dir='ltr'><strong>Chrysus,</strong></span> <span class='ocrx_word' id='word_1_240' title='bbox 708 3441 816 3479; x_wconf 87' lang='lat' dir='ltr'><strong>non</strong></span> <span class='ocrx_word' id='word_1_241' title='bbox 842 3424 1054 3495; x_wconf 84' lang='lat' dir='ltr'><strong>Bulgari</strong></span> <span class='ocrx_word' id='word_1_242' title='bbox 1086 3433 1263 3489; x_wconf 91' lang='lat' dir='ltr'><strong>erant,</strong></span> <span class='ocrx_word' id='word_1_243' title='bbox 1297 3428 1389 3480; x_wconf 87' lang='lat' dir='ltr'><strong>sed</strong></span> <span class='ocrx_word' id='word_1_244' title='bbox 1417 3423 1629 3488; x_wconf 81' lang='lat' dir='ltr'><strong>Vlaclii,</strong></span> <span class='ocrx_word' id='word_1_245' title='bbox 1651 3427 1777 3480; x_wconf 92' lang='lat' dir='ltr'><strong>coll.</strong></span> <span class='ocrx_word' id='word_1_246' title='bbox 1804 3426 1987 3482; x_wconf 84' lang='lat' dir='ltr'><strong>Niceta</strong></span> 
     </span>
    </p>
   </div>
   <div class='ocr_carea' id='block_1_36' title="bbox 419 3516 1993 3589">
    <p class='ocr_par' dir='ltr' id='par_1_36' title="bbox 419 3516 1993 3589">
     <span class='ocr_line' id='line_1_36' title="bbox 419 3516 1993 3589; baseline 0.001 -16"><span class='ocrx_word' id='word_1_247' title='bbox 419 3532 528 3573; x_wconf 87' lang='lat' dir='ltr'><strong>non</strong></span> <span class='ocrx_word' id='word_1_248' title='bbox 561 3533 669 3571; x_wconf 92' lang='lat' dir='ltr'><strong>uno</strong></span> <span class='ocrx_word' id='word_1_249' title='bbox 734 3525 941 3571; x_wconf 90' lang='lat' dir='ltr'><strong>tantum</strong></span> <span class='ocrx_word' id='word_1_250' title='bbox 1001 3516 1140 3571; x_wconf 89' lang='lat' dir='ltr'><strong>loco.</strong></span> <span class='ocrx_word' id='word_1_251' title='bbox 1188 3516 1473 3572; x_wconf 87' lang='lat' dir='ltr'><strong>Postremo</strong></span> <span class='ocrx_word' id='word_1_252' title='bbox 1507 3519 1743 3588; x_wconf 78' lang='lat' dir='ltr'><strong>regionis</strong></span> <span class='ocrx_word' id='word_1_253' title='bbox 1776 3535 1993 3589; x_wconf 86' lang='lat' dir='ltr'><strong>quoque</strong></span> 
     </span>
    </p>
   </div>
   <div class='ocr_carea' id='block_1_37' title="bbox 417 3608 1990 3679">
    <p class='ocr_par' dir='ltr' id='par_1_37' title="bbox 417 3608 1990 3679">
     <span class='ocr_line' id='line_1_37' title="bbox 417 3608 1990 3679; baseline 0.002 -16"><span class='ocrx_word' id='word_1_254' title='bbox 417 3609 559 3663; x_wconf 86' lang='lat' dir='ltr'><strong>inter</strong></span> <span class='ocrx_word' id='word_1_255' title='bbox 583 3609 771 3679; x_wconf 89' lang='lat' dir='ltr'><strong>Cpolin</strong></span> <span class='ocrx_word' id='word_1_256' title='bbox 789 3618 845 3662; x_wconf 91' lang='lat' dir='ltr'><strong>et</strong></span> <span class='ocrx_word' id='word_1_257' title='bbox 872 3608 1107 3679; x_wconf 80' lang='lat' dir='ltr'><strong>Bizyam,</strong></span> <span class='ocrx_word' id='word_1_258' title='bbox 1127 3609 1377 3662; x_wconf 83' lang='lat' dir='ltr'><strong>Astorum</strong></span> <span class='ocrx_word' id='word_1_259' title='bbox 1401 3610 1527 3663; x_wconf 90' lang='lat' dir='ltr'><strong>olim</strong></span> <span class='ocrx_word' id='word_1_260' title='bbox 1552 3610 1777 3679; x_wconf 81' lang='lat' dir='ltr'><strong>regiam,</strong></span> <span class='ocrx_word' id='word_1_261' title='bbox 1801 3611 1990 3667; x_wconf 75' lang='lat' dir='ltr'><strong>incola:</strong></span> 
     </span>
    </p>
   </div>
   <div class='ocr_carea' id='block_1_38' title="bbox 417 3700 1990 3771">
    <p class='ocr_par' dir='ltr' id='par_1_38' title="bbox 417 3700 1990 3771">
     <span class='ocr_line' id='line_1_38' title="bbox 417 3700 1990 3771; baseline 0.004 -17"><span class='ocrx_word' id='word_1_262' title='bbox 417 3700 605 3756; x_wconf 85' lang='lat' dir='ltr'><strong>Vlaclii</strong></span> <span class='ocrx_word' id='word_1_263' title='bbox 632 3712 810 3766; x_wconf 87' lang='lat' dir='ltr'><strong>erant,</strong></span> <span class='ocrx_word' id='word_1_264' title='bbox 845 3711 990 3755; x_wconf 75' lang='lat' dir='ltr'><strong>teate.</strong></span> <span class='ocrx_word' id='word_1_265' title='bbox 1007 3700 1240 3771; x_wconf 80' lang='lat' dir='ltr'><strong>Georgio</strong></span> <span class='ocrx_word' id='word_1_266' title='bbox 1275 3702 1990 3771; x_wconf 83' lang='lat' dir='ltr'><strong>PacliyinereinAndronico</strong></span> 
     </span>
    </p>
   </div>
   <div class='ocr_carea' id='block_1_39' title="bbox 414 3792 1936 3866">
    <p class='ocr_par' dir='ltr' id='par_1_39' title="bbox 414 3792 1936 3866">
     <span class='ocr_line' id='line_1_39' title="bbox 414 3792 1936 3866; baseline 0.002 -19"><span class='ocrx_word' id='word_1_267' title='bbox 414 3793 745 3862; x_wconf 61' lang='lat' dir='ltr'><strong>Pala&#39;otago,</strong></span> <span class='ocrx_word' id='word_1_268' title='bbox 774 3807 813 3856; x_wconf 89' lang='lat' dir='ltr'><strong>l,</strong></span> <span class='ocrx_word' id='word_1_269' title='bbox 845 3793 914 3847; x_wconf 76' lang='lat'><strong>57</strong></span> <span class='ocrx_word' id='word_1_270' title='bbox 941 3792 1097 3862; x_wconf 89' lang='lat' dir='ltr'><strong>(Opp.</strong></span> <span class='ocrx_word' id='word_1_271' title='bbox 1129 3793 1215 3847; x_wconf 88' lang='lat' dir='ltr'><strong>ed.</strong></span> <span class='ocrx_word' id='word_1_272' title='bbox 1236 3792 1426 3863; x_wconf 83' lang='lat' dir='ltr'><strong>_Bonn.</strong></span> <span class='ocrx_word' id='word_1_273' title='bbox 1461 3795 1565 3847; x_wconf 91' lang='lat' dir='ltr'><strong>vol.</strong></span> <span class='ocrx_word' id='word_1_274' title='bbox 1601 3809 1664 3862; x_wconf 86' lang='lat' dir='ltr'><strong>ll,</strong></span> <span class='ocrx_word' id='word_1_275' title='bbox 1700 3810 1751 3864; x_wconf 91' lang='lat' dir='ltr'><strong>p.</strong></span> <span class='ocrx_word' id='word_1_276' title='bbox 1790 3796 1936 3866; x_wconf 86' lang='grc'><strong>106).</strong></span> 
     </span>
    </p>
   </div>
   <div class='ocr_carea' id='block_1_40' title="bbox 493 3881 1991 3954">
    <p class='ocr_par' dir='ltr' id='par_1_40' title="bbox 493 3881 1991 3954">
     <span class='ocr_line' id='line_1_40' title="bbox 493 3881 1991 3954; baseline 0.002 -17"><span class='ocrx_word' id='word_1_277' title='bbox 493 3885 690 3937; x_wconf 77' lang='lat' dir='ltr'><strong>Verum</strong></span> <span class='ocrx_word' id='word_1_278' title='bbox 716 3884 830 3937; x_wconf 82' lang='lat' dir='ltr'><strong>hare</strong></span> <span class='ocrx_word' id='word_1_279' title='bbox 858 3882 1138 3936; x_wconf 87' lang='lat' dir='ltr'><strong>hactenus.</strong></span> <span class='ocrx_word' id='word_1_280' title='bbox 1167 3881 1343 3937; x_wconf 85' lang='lat' dir='ltr'><strong>Minus</strong></span> <span class='ocrx_word' id='word_1_281' title='bbox 1371 3884 1514 3937; x_wconf 90' lang='lat' dir='ltr'><strong>enim</strong></span> <span class='ocrx_word' id='word_1_282' title='bbox 1541 3883 1991 3954; x_wconf 85' lang='lat' dir='ltr'><strong>etlmograpliiam</strong></span> 
     </span>
    </p>
   </div>
   <div class='ocr_carea' id='block_1_41' title="bbox 422 3974 1992 4046">
    <p class='ocr_par' dir='ltr' id='par_1_41' title="bbox 422 3974 1992 4046">
     <span class='ocr_line' id='line_1_41' title="bbox 422 3974 1992 4046; baseline 0.001 -17"><span class='ocrx_word' id='word_1_283' title='bbox 422 3976 633 4030; x_wconf 86' lang='lat' dir='ltr'><strong>illarum</strong></span> <span class='ocrx_word' id='word_1_284' title='bbox 691 3983 956 4028; x_wconf 85' lang='lat' dir='ltr'><strong>terrarum</strong></span> <span class='ocrx_word' id='word_1_285' title='bbox 1029 3974 1335 4038; x_wconf 81' lang='lat' dir='ltr'><strong>scribimus,</strong></span> <span class='ocrx_word' id='word_1_286' title='bbox 1371 3990 1532 4042; x_wconf 86' lang='lat' dir='ltr'><strong>quam</strong></span> <span class='ocrx_word' id='word_1_287' title='bbox 1590 3977 1992 4046; x_wconf 80' lang='lat' dir='ltr'><strong>geographiam.</strong></span> 
     </span>
    </p>
   </div>
   <div class='ocr_carea' id='block_1_42' title="bbox 422 4065 1919 4138">
    <p class='ocr_par' dir='ltr' id='par_1_42' title="bbox 422 4065 1919 4138">
     <span class='ocr_line' id='line_1_42' title="bbox 422 4065 1919 4138; baseline 0.002 -17"><span class='ocrx_word' id='word_1_288' title='bbox 422 4076 684 4138; x_wconf 87' lang='lat' dir='ltr'><strong>quantum</strong></span> <span class='ocrx_word' id='word_1_289' title='bbox 718 4065 1119 4134; x_wconf 87' lang='lat' dir='ltr'><strong>provinciarum</strong></span> <span class='ocrx_word' id='word_1_290' title='bbox 1147 4066 1361 4119; x_wconf 89' lang='lat' dir='ltr'><strong>nomina</strong></span> <span class='ocrx_word' id='word_1_291' title='bbox 1387 4076 1440 4120; x_wconf 91' lang='lat' dir='ltr'><strong>et</strong></span> <span class='ocrx_word' id='word_1_292' title='bbox 1462 4067 1659 4121; x_wconf 83' lang='lat' dir='ltr'><strong>limites</strong></span> <span class='ocrx_word' id='word_1_293' title='bbox 1690 4079 1919 4138; x_wconf 89' lang='lat' dir='ltr'><strong>spectat.</strong></span> 
     </span>
    </p>
   </div>
   <div class='ocr_carea' id='block_1_43' title="bbox 501 4153 1999 4229">
    <p class='ocr_par' dir='ltr' id='par_1_43' title="bbox 501 4153 1999 4229">
     <span class='ocr_line' id='line_1_43' title="bbox 501 4153 1999 4229; baseline 0.005 -18"><span class='ocrx_word' id='word_1_294' title='bbox 501 4157 734 4211; x_wconf 78' lang='lat' dir='ltr'><strong>Tertium</strong></span> <span class='ocrx_word' id='word_1_295' title='bbox 762 4156 955 4219; x_wconf 85' lang='lat' dir='ltr'><strong>thema,</strong></span> <span class='ocrx_word' id='word_1_296' title='bbox 1004 4153 1271 4225; x_wconf 81' lang='lat' dir='ltr'><strong>Strymon.</strong></span> <span class='ocrx_word' id='word_1_297' title='bbox 1310 4156 1570 4213; x_wconf 82' lang='lat' dir='ltr'><strong>Brevitati</strong></span> <span class='ocrx_word' id='word_1_298' title='bbox 1596 4161 1708 4229; x_wconf 87' lang='lat' dir='ltr'><strong>jam</strong></span> <span class='ocrx_word' id='word_1_299' title='bbox 1760 4164 1999 4218; x_wconf 81' lang='lat' dir='ltr'><strong>studebi-</strong></span> 
     </span>
    </p>
   </div>
   <div class='ocr_carea' id='block_1_44' title="bbox 433 4247 1999 4326">
    <p class='ocr_par' dir='ltr' id='par_1_44' title="bbox 433 4247 1999 4326">
     <span class='ocr_line' id='line_1_44' title="bbox 433 4247 1999 4326; baseline 0.006 -25"><span class='ocrx_word' id='word_1_300' title='bbox 433 4261 542 4315; x_wconf 91' lang='lat' dir='ltr'><strong>tur,</strong></span> <span class='ocrx_word' id='word_1_301' title='bbox 603 4248 782 4302; x_wconf 89' lang='lat' dir='ltr'><strong>minus</strong></span> <span class='ocrx_word' id='word_1_302' title='bbox 814 4247 884 4301; x_wconf 90' lang='lat' dir='ltr'><strong>ob</strong></span> <span class='ocrx_word' id='word_1_303' title='bbox 935 4248 1207 4302; x_wconf 85' lang='lat' dir='ltr'><strong>scribendi</strong></span> <span class='ocrx_word' id='word_1_304' title='bbox 1270 4249 1509 4315; x_wconf 69' lang='lat' dir='ltr'><strong>tmdium,</strong></span> <span class='ocrx_word' id='word_1_305' title='bbox 1559 4266 1718 4320; x_wconf 81' lang='lat' dir='ltr'><strong>quam</strong></span> <span class='ocrx_word' id='word_1_306' title='bbox 1782 4266 1999 4326; x_wconf 82' lang='lat' dir='ltr'><strong>propter</strong></span> 
     </span>
    </p>
   </div>
   <div class='ocr_carea' id='block_1_45' title="bbox 430 4338 1999 4408">
    <p class='ocr_par' dir='ltr' id='par_1_45' title="bbox 430 4338 1999 4408">
     <span class='ocr_line' id='line_1_45' title="bbox 430 4338 1999 4408; baseline 0.006 -15"><span class='ocrx_word' id='word_1_307' title='bbox 430 4340 656 4393; x_wconf 88' lang='lat' dir='ltr'><strong>lontium</strong></span> <span class='ocrx_word' id='word_1_308' title='bbox 706 4339 1009 4408; x_wconf 87' lang='lat' dir='ltr'><strong>penuriam,</strong></span> <span class='ocrx_word' id='word_1_309' title='bbox 1042 4338 1236 4407; x_wconf 89' lang='lat' dir='ltr'><strong>quibus</strong></span> <span class='ocrx_word' id='word_1_310' title='bbox 1305 4349 1478 4393; x_wconf 88' lang='lat' dir='ltr'><strong>tamen</strong></span> <span class='ocrx_word' id='word_1_311' title='bbox 1536 4340 1779 4399; x_wconf 86' lang='lat' dir='ltr'><strong>Edrisius</strong></span> <span class='ocrx_word' id='word_1_312' title='bbox 1822 4346 1999 4403; x_wconf 85' lang='lat' dir='ltr'><strong>Arabs</strong></span> 
     </span>
    </p>
   </div>
   <div class='ocr_carea' id='block_1_46' title="bbox 424 4431 1995 4508">
    <p class='ocr_par' dir='ltr' id='par_1_46' title="bbox 424 4431 1995 4508">
     <span class='ocr_line' id='line_1_46' title="bbox 424 4431 1995 4508; baseline 0.004 -21"><span class='ocrx_word' id='word_1_313' title='bbox 424 4434 535 4504; x_wconf 87' lang='lat' dir='ltr'><strong>jam</strong></span> <span class='ocrx_word' id='word_1_314' title='bbox 566 4435 787 4487; x_wconf 85' lang='lat' dir='ltr'><strong>accedat</strong></span> <span class='ocrx_word' id='word_1_315' title='bbox 814 4447 934 4486; x_wconf 89' lang='lat' dir='ltr'><strong>cum</strong></span> <span class='ocrx_word' id='word_1_316' title='bbox 961 4431 1138 4486; x_wconf 81' lang='lat' dir='ltr'><strong>Paetis</strong></span> <span class='ocrx_word' id='word_1_317' title='bbox 1172 4432 1488 4498; x_wconf 79' lang='lat' dir='ltr'><strong>quibusdam</strong></span> <span class='ocrx_word' id='word_1_318' title='bbox 1512 4432 1741 4501; x_wconf 50' lang='lat' dir='ltr'><strong>Latinis,</strong></span> <span class='ocrx_word' id='word_1_319' title='bbox 1772 4452 1995 4508; x_wconf 88' lang='lat' dir='ltr'><strong>regnum</strong></span> 
     </span>
    </p>
   </div>
   <div class='ocr_carea' id='block_1_47' title="bbox 2012 1831 2060 1890">
    <p class='ocr_par' dir='ltr' id='par_1_47' title="bbox 2012 1831 2060 1890">
     <span class='ocr_line' id='line_1_47' title="bbox 2012 1831 2060 1890; baseline 0 0"><span class='ocrx_word' id='word_1_320' title='bbox 2012 1831 2060 1890; x_wconf 85' lang='grc' dir='ltr'><strong>Β</strong></span> 
     </span>
    </p>
   </div>
   <div class='ocr_carea' id='block_1_48' title="bbox 2083 583 3663 658">
    <p class='ocr_par' dir='ltr' id='par_1_48' title="bbox 2083 583 3663 658">
     <span class='ocr_line' id='line_1_48' title="bbox 2083 583 3663 658; baseline -0.005 -18"><span class='ocrx_word' id='word_1_321' title='bbox 2083 588 2214 658; x_wconf 90' lang='lat' dir='ltr'><strong>imp.</strong></span> <span class='ocrx_word' id='word_1_322' title='bbox 2243 587 2516 658; x_wconf 88' lang='lat' dir='ltr'><strong>patriam),</strong></span> <span class='ocrx_word' id='word_1_323' title='bbox 2549 589 2703 657; x_wconf 80' lang='lat' dir='ltr'><strong>juxta</strong></span> <span class='ocrx_word' id='word_1_324' title='bbox 2732 584 3043 657; x_wconf 86' lang='lat' dir='ltr'><strong>Strymonis</strong></span> <span class='ocrx_word' id='word_1_325' title='bbox 3069 583 3282 637; x_wconf 89' lang='lat' dir='ltr'><strong>initimn</strong></span> <span class='ocrx_word' id='word_1_326' title='bbox 3319 583 3502 642; x_wconf 71' lang='lat' dir='ltr'><strong>sitam.</strong></span> <span class='ocrx_word' id='word_1_327' title='bbox 3555 596 3663 635; x_wconf 85' lang='lat' dir='ltr'><strong>non</strong></span> 
     </span>
    </p>
   </div>
   <div class='ocr_carea' id='block_1_49' title="bbox 2082 674 3667 745">
    <p class='ocr_par' dir='ltr' id='par_1_49' title="bbox 2082 674 3667 745">
     <span class='ocr_line' id='line_1_49' title="bbox 2082 674 3667 745; baseline -0.005 -10"><span class='ocrx_word' id='word_1_328' title='bbox 2082 682 2383 736; x_wconf 78' lang='lat' dir='ltr'><strong>excessisse</strong></span> <span class='ocrx_word' id='word_1_329' title='bbox 2431 694 2673 745; x_wconf 85' lang='lat' dir='ltr'><strong>autumo,</strong></span> <span class='ocrx_word' id='word_1_330' title='bbox 2725 680 2849 733; x_wconf 93' lang='lat' dir='ltr'><strong>coll.</strong></span> <span class='ocrx_word' id='word_1_331' title='bbox 2915 678 3168 731; x_wconf 81' lang='lat' dir='ltr'><strong>Ansberti</strong></span> <span class='ocrx_word' id='word_1_332' title='bbox 3234 674 3546 729; x_wconf 83' lang='lat' dir='ltr'><strong>narratione</strong></span> <span class='ocrx_word' id='word_1_333' title='bbox 3596 674 3667 727; x_wconf 86' lang='lat' dir='ltr'><strong>de</strong></span> 
     </span>
    </p>
   </div>
   <div class='ocr_carea' id='block_1_50' title="bbox 2084 766 3749 835">
    <p class='ocr_par' dir='ltr' id='par_1_50' title="bbox 2084 766 3749 835">
     <span class='ocr_line' id='line_1_50' title="bbox 2084 766 3749 835; baseline -0.008 -8"><span class='ocrx_word' id='word_1_334' title='bbox 2084 773 2365 827; x_wconf 87' lang='lat' dir='ltr'><strong>Friderico</strong></span> <span class='ocrx_word' id='word_1_335' title='bbox 2397 773 2433 825; x_wconf 93' lang='grc' dir='ltr'><strong>Ι.</strong></span> <span class='ocrx_word' id='word_1_336' title='bbox 2485 772 2665 826; x_wconf 90' lang='lat' dir='ltr'><strong>Suevo</strong></span> <span class='ocrx_word' id='word_1_337' title='bbox 2724 770 3017 825; x_wconf 86' lang='lat' dir='ltr'><strong>secundum</strong></span> <span class='ocrx_word' id='word_1_338' title='bbox 3050 770 3290 822; x_wconf 86' lang='lat' dir='ltr'><strong>codicem</strong></span> <span class='ocrx_word' id='word_1_339' title='bbox 3337 766 3661 835; x_wconf 82' lang='lat' dir='ltr'><strong>Pragensem</strong></span> <span class='ocrx_word' id='word_1_340' title='bbox 3732 788 3749 797; x_wconf 78' lang='grc' dir='ltr'><strong><em>ο</em></strong></span> 
     </span>
    </p>
   </div>
   <div class='ocr_carea' id='block_1_51' title="bbox 2084 859 3663 935">
    <p class='ocr_par' dir='ltr' id='par_1_51' title="bbox 2084 859 3663 935">
     <span class='ocr_line' id='line_1_51' title="bbox 2084 859 3663 935; baseline -0.005 -16"><span class='ocrx_word' id='word_1_341' title='bbox 2084 864 2344 935; x_wconf 80' lang='lat' dir='ltr'><strong>(Wilken,</strong></span> <span class='ocrx_word' id='word_1_342' title='bbox 2386 866 2719 933; x_wconf 80' lang='lat' dir='ltr'><strong>Kreuzzt‘ige,</strong></span> <span class='ocrx_word' id='word_1_343' title='bbox 2768 862 2878 917; x_wconf 87' lang='lat' dir='ltr'><strong>vol.</strong></span> <span class='ocrx_word' id='word_1_344' title='bbox 2924 878 2998 927; x_wconf 85' lang='lat' dir='ltr'><strong>tv,</strong></span> <span class='ocrx_word' id='word_1_345' title='bbox 3052 877 3104 929; x_wconf 87' lang='lat' dir='ltr'><strong>p.</strong></span> <span class='ocrx_word' id='word_1_346' title='bbox 3144 860 3300 929; x_wconf 67' lang='lat'><strong>101):</strong></span> <span class='ocrx_word' id='word_1_347' title='bbox 3334 859 3663 921; x_wconf 77' lang='lat' dir='ltr'><strong>Friderirus,</strong></span> 
     </span>
    </p>
   </div>
   <div class='ocr_carea' id='block_1_52' title="bbox 2085 950 3661 1025">
    <p class='ocr_par' dir='ltr' id='par_1_52' title="bbox 2085 950 3661 1025">
     <span class='ocr_line' id='line_1_52' title="bbox 2085 950 3661 1025; baseline -0.005 -15"><span class='ocrx_word' id='word_1_348' title='bbox 2085 958 2375 1010; x_wconf 82' lang='lat' dir='ltr'><strong>advocatus</strong></span> <span class='ocrx_word' id='word_1_349' title='bbox 2400 959 2464 1009; x_wconf 82' lang='lat' dir='ltr'><strong>de</strong></span> <span class='ocrx_word' id='word_1_350' title='bbox 2493 953 3063 1025; x_wconf 74' lang='lat' dir='ltr'><strong>Berge(i’hilippopoli</strong></span> <span class='ocrx_word' id='word_1_351' title='bbox 3089 950 3476 1019; x_wconf 88' lang='lat' dir='ltr'><strong>commorans),</strong></span> <span class='ocrx_word' id='word_1_352' title='bbox 3509 952 3661 1004; x_wconf 77' lang='lat' dir='ltr'><strong>inra-</strong></span> 
     </span>
    </p>
   </div>
   <div class='ocr_carea' id='block_1_53' title="bbox 2094 1045 3667 1117">
    <p class='ocr_par' dir='ltr' id='par_1_53' title="bbox 2094 1045 3667 1117">
     <span class='ocr_line' id='line_1_53' title="bbox 2094 1045 3667 1117; baseline -0.006 -14"><span class='ocrx_word' id='word_1_353' title='bbox 2094 1050 2162 1103; x_wconf 78' lang='lat' dir='ltr'><strong>sit</strong></span> <span class='ocrx_word' id='word_1_354' title='bbox 2212 1050 2474 1117; x_wconf 84' lang='lat' dir='ltr'><strong>regionem</strong></span> <span class='ocrx_word' id='word_1_355' title='bbox 2535 1049 2833 1113; x_wconf 82' lang='lat' dir='ltr'><strong>opulentam</strong></span> <span class='ocrx_word' id='word_1_356' title='bbox 2869 1086 2903 1111; x_wconf 60' lang='grc' dir='ltr'><strong>ι,</strong></span> <span class='ocrx_word' id='word_1_357' title='bbox 2940 1046 3217 1099; x_wconf 71' lang='grc' dir='ltr'><strong>Ι¹”ΙηεΙιὶαηι</strong></span> <span class='ocrx_word' id='word_1_358' title='bbox 3274 1045 3469 1097; x_wconf 76' lang='lat' dir='ltr'><strong>dictum</strong></span> <span class='ocrx_word' id='word_1_359' title='bbox 3504 1082 3520 1108; x_wconf 95' lang='lat'><strong>,</strong></span> <span class='ocrx_word' id='word_1_360' title='bbox 3563 1059 3667 1095; x_wconf 83' lang='lat' dir='ltr'><strong>non</strong></span> 
     </span>
    </p>
   </div>
   <div class='ocr_carea' id='block_1_54' title="bbox 2087 1135 3663 1202">
    <p class='ocr_par' dir='ltr' id='par_1_54' title="bbox 2087 1135 3663 1202">
     <span class='ocr_line' id='line_1_54' title="bbox 2087 1135 3663 1202; baseline -0.004 -9"><span class='ocrx_word' id='word_1_361' title='bbox 2087 1140 2309 1193; x_wconf 85' lang='lat' dir='ltr'><strong>multum</strong></span> <span class='ocrx_word' id='word_1_362' title='bbox 2375 1157 2408 1193; x_wconf 88' lang='lat' dir='ltr'><strong>a</strong></span> <span class='ocrx_word' id='word_1_363' title='bbox 2465 1139 2835 1194; x_wconf 75' lang='lat' dir='ltr'><strong>Thessalonica</strong></span> <span class='ocrx_word' id='word_1_364' title='bbox 2919 1138 3251 1202; x_wconf 71' lang='lat' dir='ltr'><strong>distantem,</strong></span> <span class='ocrx_word' id='word_1_365' title='bbox 3338 1145 3500 1200; x_wconf 89' lang='lat' dir='ltr'><strong>etc.,</strong></span> <span class='ocrx_word' id='word_1_366' title='bbox 3574 1135 3663 1188; x_wconf 89' lang='lat' dir='ltr'><strong>ubi</strong></span> 
     </span>
    </p>
   </div>
   <div class='ocr_carea' id='block_1_55' title="bbox 2092 1224 3663 1297">
    <p class='ocr_par' dir='ltr' id='par_1_55' title="bbox 2092 1224 3663 1297">
     <span class='ocr_line' id='line_1_55' title="bbox 2092 1224 3663 1297; baseline -0.004 -14"><span class='ocrx_word' id='word_1_367' title='bbox 2092 1224 2489 1284; x_wconf 64' lang='lat' dir='ltr'><strong>Thessalonica;</strong></span> <span class='ocrx_word' id='word_1_368' title='bbox 2560 1229 2837 1297; x_wconf 84' lang='lat' dir='ltr'><strong>provincia</strong></span> <span class='ocrx_word' id='word_1_369' title='bbox 2916 1227 3276 1295; x_wconf 82' lang='lat' dir='ltr'><strong>signiﬁcatur.</strong></span> <span class='ocrx_word' id='word_1_370' title='bbox 3328 1225 3663 1294; x_wconf 85' lang='lat' dir='ltr'><strong>——Slrategi</strong></span> 
     </span>
    </p>
   </div>
   <div class='ocr_carea' id='block_1_56' title="bbox 2093 1314 3665 1390">
    <p class='ocr_par' dir='ltr' id='par_1_56' title="bbox 2093 1314 3665 1390">
     <span class='ocr_line' id='line_1_56' title="bbox 2093 1314 3665 1390; baseline -0.004 -16"><span class='ocrx_word' id='word_1_371' title='bbox 2093 1319 2391 1390; x_wconf 82' lang='lat' dir='ltr'><strong>Strymonii</strong></span> <span class='ocrx_word' id='word_1_372' title='bbox 2455 1333 2579 1372; x_wconf 90' lang='lat' dir='ltr'><strong>raro</strong></span> <span class='ocrx_word' id='word_1_373' title='bbox 2610 1325 3006 1378; x_wconf 86' lang='lat' dir='ltr'><strong>memorantur,</strong></span> <span class='ocrx_word' id='word_1_374' title='bbox 3053 1316 3175 1370; x_wconf 80' lang='lat' dir='ltr'><strong>coll.</strong></span> <span class='ocrx_word' id='word_1_375' title='bbox 3208 1316 3490 1369; x_wconf 82' lang='lat' dir='ltr'><strong>Constant.</strong></span> <span class='ocrx_word' id='word_1_376' title='bbox 3529 1314 3665 1368; x_wconf 52' lang='lat' dir='ltr'><strong>Pure-</strong></span> 
     </span>
    </p>
   </div>
   <div class='ocr_carea' id='block_1_57' title="bbox 2090 1405 3667 1480">
    <p class='ocr_par' dir='ltr' id='par_1_57' title="bbox 2090 1405 3667 1480">
     <span class='ocr_line' id='line_1_57' title="bbox 2090 1405 3667 1480; baseline -0.006 -15"><span class='ocrx_word' id='word_1_377' title='bbox 2090 1411 2443 1480; x_wconf 86' lang='lat' dir='ltr'><strong>pliyrogenito</strong></span> <span class='ocrx_word' id='word_1_378' title='bbox 2501 1409 2579 1462; x_wconf 89' lang='lat' dir='ltr'><strong>De</strong></span> <span class='ocrx_word' id='word_1_379' title='bbox 2603 1408 2907 1462; x_wconf 68' lang='lat' dir='ltr'><strong>cerimaniis</strong></span> <span class='ocrx_word' id='word_1_380' title='bbox 2962 1407 3104 1461; x_wconf 78' lang='lat' dir='ltr'><strong>aula:</strong></span> <span class='ocrx_word' id='word_1_381' title='bbox 3144 1407 3282 1476; x_wconf 57' lang='lat' dir='ltr'><strong>*Byz.</strong></span> <span class='ocrx_word' id='word_1_382' title='bbox 3334 1422 3395 1471; x_wconf 79' lang='lat' dir='ltr'><strong>It,</strong></span> <span class='ocrx_word' id='word_1_383' title='bbox 3430 1405 3521 1460; x_wconf 73' lang='lat'><strong>5‘2.</strong></span> <span class='ocrx_word' id='word_1_384' title='bbox 3552 1407 3667 1458; x_wconf 82' lang='lat' dir='ltr'><strong>Ad-</strong></span> 
     </span>
    </p>
   </div>
   <div class='ocr_carea' id='block_1_58' title="bbox 2090 1490 3667 1558">
    <p class='ocr_par' dir='ltr' id='par_1_58' title="bbox 2090 1490 3667 1558">
     <span class='ocr_line' id='line_1_58' title="bbox 2090 1490 3667 1558; baseline -0.003 -1"><span class='ocrx_word' id='word_1_385' title='bbox 2090 1503 2157 1558; x_wconf 90' lang='lat' dir='ltr'><strong>de</strong></span> <span class='ocrx_word' id='word_1_386' title='bbox 2198 1499 2284 1555; x_wconf 81' lang='lat' dir='ltr'><strong>Jo.</strong></span> <span class='ocrx_word' id='word_1_387' title='bbox 2336 1490 2704 1556; x_wconf 83' lang='lat' dir='ltr'><strong>Cameniatam</strong></span> <span class='ocrx_word' id='word_1_388' title='bbox 2733 1501 2786 1554; x_wconf 92' lang='lat' dir='ltr'><strong>in</strong></span> <span class='ocrx_word' id='word_1_389' title='bbox 2830 1498 3144 1554; x_wconf 86' lang='lat' dir='ltr'><strong>narratione</strong></span> <span class='ocrx_word' id='word_1_390' title='bbox 3196 1498 3667 1554; x_wconf 83' lang='lat' dir='ltr'><strong>Thcssalonicensi</strong></span> 
     </span>
    </p>
   </div>
   <div class='ocr_carea' id='block_1_59' title="bbox 2091 1590 3666 1664">
    <p class='ocr_par' dir='ltr' id='par_1_59' title="bbox 2091 1590 3666 1664">
     <span class='ocr_line' id='line_1_59' title="bbox 2091 1590 3666 1664; baseline -0.003 -15"><span class='ocrx_word' id='word_1_391' title='bbox 2091 1610 2213 1664; x_wconf 86' lang='lat' dir='ltr'><strong>cap.</strong></span> <span class='ocrx_word' id='word_1_392' title='bbox 2245 1595 2355 1650; x_wconf 77' lang='lat'><strong>20:</strong></span> <span class='ocrx_word' id='word_1_393' title='bbox 2402 1593 2536 1647; x_wconf 82' lang='grc' dir='ltr'>Ὑπὸ</span> <span class='ocrx_word' id='word_1_394' title='bbox 2562 1593 2655 1646; x_wconf 82' lang='grc' dir='ltr'><strong>τὸν</strong></span> <span class='ocrx_word' id='word_1_395' title='bbox 2689 1591 2994 1663; x_wconf 79' lang='grc' dir='ltr'><strong>στρατηγὸν</strong></span> <span class='ocrx_word' id='word_1_396' title='bbox 3016 1592 3347 1662; x_wconf 78' lang='grc' dir='ltr'><strong>Στρυμόνος.</strong></span> <span class='ocrx_word' id='word_1_397' title='bbox 3376 1591 3511 1660; x_wconf 86' lang='lat' dir='ltr'><strong>Cap.</strong></span> <span class='ocrx_word' id='word_1_398' title='bbox 3547 1590 3617 1645; x_wconf 88' lang='lat'><strong>59</strong></span> <span class='ocrx_word' id='word_1_399' title='bbox 3651 1608 3666 1644; x_wconf 91' lang='lat'><strong>:</strong></span> 
     </span>
    </p>
   </div>
   <div class='ocr_carea' id='block_1_60' title="bbox 2092 1683 3673 1757">
    <p class='ocr_par' dir='ltr' id='par_1_60' title="bbox 2092 1683 3673 1757">
     <span class='ocr_line' id='line_1_60' title="bbox 2092 1683 3673 1757; baseline -0.003 -16"><span class='ocrx_word' id='word_1_400' title='bbox 2092 1687 2196 1741; x_wconf 78' lang='grc' dir='ltr'><strong>Τὸν</strong></span> <span class='ocrx_word' id='word_1_401' title='bbox 2228 1686 2538 1757; x_wconf 76' lang='grc' dir='ltr'><strong>στρατηγὸν</strong></span> <span class='ocrx_word' id='word_1_402' title='bbox 2570 1685 2879 1755; x_wconf 78' lang='grc' dir='ltr'><strong>Στρυμόνος</strong></span> <span class='ocrx_word' id='word_1_403' title='bbox 2909 1685 2986 1755; x_wconf 88' lang='lat' dir='ltr'><strong>(in</strong></span> <span class='ocrx_word' id='word_1_404' title='bbox 3016 1683 3344 1752; x_wconf 81' lang='lat' dir='ltr'><strong>Theophane</strong></span> <span class='ocrx_word' id='word_1_405' title='bbox 3384 1684 3673 1737; x_wconf 60' lang='lat' dir='ltr'><strong>continuae</strong></span> 
     </span>
    </p>
   </div>
   <div class='ocr_carea' id='block_1_61' title="bbox 2097 1776 3675 1849">
    <p class='ocr_par' dir='ltr' id='par_1_61' title="bbox 2097 1776 3675 1849">
     <span class='ocr_line' id='line_1_61' title="bbox 2097 1776 3675 1849; baseline -0.001 -16"><span class='ocrx_word' id='word_1_406' title='bbox 2097 1791 2148 1834; x_wconf 91' lang='lat' dir='ltr'><strong>to</strong></span> <span class='ocrx_word' id='word_1_407' title='bbox 2178 1795 2232 1849; x_wconf 90' lang='lat' dir='ltr'><strong>p.</strong></span> <span class='ocrx_word' id='word_1_408' title='bbox 2263 1779 2390 1842; x_wconf 74' lang='lat' dir='ltr'><strong>5H,</strong></span> <span class='ocrx_word' id='word_1_409' title='bbox 2417 1779 2522 1834; x_wconf 80' lang='lat'><strong>569</strong></span> <span class='ocrx_word' id='word_1_410' title='bbox 2545 1779 2632 1832; x_wconf 89' lang='lat' dir='ltr'><strong>ed.</strong></span> <span class='ocrx_word' id='word_1_411' title='bbox 2666 1776 2887 1847; x_wconf 84' lang='lat' dir='ltr'><strong>Bunn.).</strong></span> <span class='ocrx_word' id='word_1_412' title='bbox 2927 1777 3191 1831; x_wconf 75' lang='lat' dir='ltr'><strong>Plurimus</strong></span> <span class='ocrx_word' id='word_1_413' title='bbox 3234 1777 3390 1845; x_wconf 85' lang='lat' dir='ltr'><strong>hujus</strong></span> <span class='ocrx_word' id='word_1_414' title='bbox 3419 1776 3675 1831; x_wconf 86' lang='lat' dir='ltr'><strong>thematis</strong></span> 
     </span>
    </p>
   </div>
   <div class='ocr_carea' id='block_1_62' title="bbox 2090 1867 3675 1942">
    <p class='ocr_par' dir='ltr' id='par_1_62' title="bbox 2090 1867 3675 1942">
     <span class='ocr_line' id='line_1_62' title="bbox 2090 1867 3675 1942; baseline -0.003 -16"><span class='ocrx_word' id='word_1_415' title='bbox 2090 1873 2253 1927; x_wconf 88' lang='lat' dir='ltr'><strong>urbes</strong></span> <span class='ocrx_word' id='word_1_416' title='bbox 2278 1888 2398 1926; x_wconf 89' lang='lat' dir='ltr'><strong>cum</strong></span> <span class='ocrx_word' id='word_1_417' title='bbox 2431 1872 2543 1942; x_wconf 82' lang='lat' dir='ltr'><strong>agri</strong></span> <span class='ocrx_word' id='word_1_418' title='bbox 2573 1879 2726 1940; x_wconf 86' lang='lat' dir='ltr'><strong>parte</strong></span> <span class='ocrx_word' id='word_1_419' title='bbox 2747 1869 2969 1937; x_wconf 79' lang='lat' dir='ltr'><strong>exposui</strong></span> <span class='ocrx_word' id='word_1_420' title='bbox 3000 1870 3054 1922; x_wconf 91' lang='lat' dir='ltr'><strong>in</strong></span> <span class='ocrx_word' id='word_1_421' title='bbox 3101 1867 3196 1922; x_wconf 86' lang='lat' dir='ltr'><strong>Via</strong></span> <span class='ocrx_word' id='word_1_422' title='bbox 3240 1868 3471 1936; x_wconf 81' lang='lat' dir='ltr'><strong>Egnatia</strong></span> <span class='ocrx_word' id='word_1_423' title='bbox 3517 1868 3675 1923; x_wconf 86' lang='lat' dir='ltr'><strong>Com-</strong></span> 
     </span>
    </p>
   </div>
   <div class='ocr_carea' id='block_1_63' title="bbox 2089 1961 3677 2033">
    <p class='ocr_par' dir='ltr' id='par_1_63' title="bbox 2089 1961 3677 2033">
     <span class='ocr_line' id='line_1_63' title="bbox 2089 1961 3677 2033; baseline -0.001 -17"><span class='ocrx_word' id='word_1_424' title='bbox 2089 1972 2251 2016; x_wconf 84' lang='lat' dir='ltr'><strong>ment.</strong></span> <span class='ocrx_word' id='word_1_425' title='bbox 2306 1979 2363 2028; x_wconf 84' lang='grc'><strong>11,</strong></span> <span class='ocrx_word' id='word_1_426' title='bbox 2426 1978 2549 2033; x_wconf 88' lang='lat' dir='ltr'><strong>pag.</strong></span> <span class='ocrx_word' id='word_1_427' title='bbox 2583 1963 2743 2017; x_wconf 89' lang='lat'><strong>9-57.</strong></span> <span class='ocrx_word' id='word_1_428' title='bbox 2782 1961 2876 2016; x_wconf 86' lang='lat' dir='ltr'><strong>liis</strong></span> <span class='ocrx_word' id='word_1_429' title='bbox 2904 1961 3159 2027; x_wconf 88' lang='lat' dir='ltr'><strong>verojam</strong></span> <span class='ocrx_word' id='word_1_430' title='bbox 3192 1976 3255 2014; x_wconf 82' lang='lat' dir='ltr'><strong>cx</strong></span> <span class='ocrx_word' id='word_1_431' title='bbox 3291 1961 3502 2014; x_wconf 85' lang='lat' dir='ltr'><strong>Edrisio</strong></span> <span class='ocrx_word' id='word_1_432' title='bbox 3529 1976 3677 2029; x_wconf 66' lang='lat' dir='ltr'><strong>quie-</strong></span> 
     </span>
    </p>
   </div>
   <div class='ocr_carea' id='block_1_64' title="bbox 2087 2054 3676 2126">
    <p class='ocr_par' dir='ltr' id='par_1_64' title="bbox 2087 2054 3676 2126">
     <span class='ocr_line' id='line_1_64' title="bbox 2087 2054 3676 2126; baseline -0.003 -14"><span class='ocrx_word' id='word_1_433' title='bbox 2087 2059 2209 2112; x_wconf 91' lang='lat' dir='ltr'><strong>dam</strong></span> <span class='ocrx_word' id='word_1_434' title='bbox 2240 2058 2522 2121; x_wconf 89' lang='lat' dir='ltr'><strong>addantur,</strong></span> <span class='ocrx_word' id='word_1_435' title='bbox 2557 2057 2710 2111; x_wconf 86' lang='lat' dir='ltr'><strong>bonae</strong></span> <span class='ocrx_word' id='word_1_436' title='bbox 2750 2056 2918 2125; x_wconf 79' lang='lat' dir='ltr'><strong>frugis</strong></span> <span class='ocrx_word' id='word_1_437' title='bbox 2970 2054 3158 2126; x_wconf 88' lang='lat' dir='ltr'><strong>plena.</strong></span> <span class='ocrx_word' id='word_1_438' title='bbox 3193 2055 3263 2108; x_wconf 83' lang='lat' dir='ltr'><strong>Ea</strong></span> <span class='ocrx_word' id='word_1_439' title='bbox 3317 2054 3676 2108; x_wconf 85' lang='lat' dir='ltr'><strong>Thessaloni-</strong></span> 
     </span>
    </p>
   </div>
   <div class='ocr_carea' id='block_1_65' title="bbox 2091 2144 3676 2218">
    <p class='ocr_par' dir='ltr' id='par_1_65' title="bbox 2091 2144 3676 2218">
     <span class='ocr_line' id='line_1_65' title="bbox 2091 2144 3676 2218; baseline -0.004 -14"><span class='ocrx_word' id='word_1_440' title='bbox 2091 2164 2254 2205; x_wconf 82' lang='lat' dir='ltr'><strong>cense</strong></span> <span class='ocrx_word' id='word_1_441' title='bbox 2308 2158 2362 2203; x_wconf 91' lang='lat' dir='ltr'><strong>et</strong></span> <span class='ocrx_word' id='word_1_442' title='bbox 2407 2147 2780 2218; x_wconf 87' lang='lat' dir='ltr'><strong>Strymoninm</strong></span> <span class='ocrx_word' id='word_1_443' title='bbox 2839 2149 3019 2200; x_wconf 88' lang='lat' dir='ltr'><strong>thema</strong></span> <span class='ocrx_word' id='word_1_444' title='bbox 3051 2154 3318 2215; x_wconf 85' lang='lat' dir='ltr'><strong>spectant.</strong></span> <span class='ocrx_word' id='word_1_445' title='bbox 3369 2144 3676 2199; x_wconf 80' lang='lat' dir='ltr'><strong>Celeberri-</strong></span> 
     </span>
    </p>
   </div>
   <div class='ocr_carea' id='block_1_66' title="bbox 2090 2233 3675 2309">
    <p class='ocr_par' dir='ltr' id='par_1_66' title="bbox 2090 2233 3675 2309">
     <span class='ocr_line' id='line_1_66' title="bbox 2090 2233 3675 2309; baseline -0.005 -15"><span class='ocrx_word' id='word_1_446' title='bbox 2090 2255 2209 2294; x_wconf 88' lang='lat' dir='ltr'><strong>mus</strong></span> <span class='ocrx_word' id='word_1_447' title='bbox 2259 2239 2422 2309; x_wconf 89' lang='lat' dir='ltr'><strong>igitur</strong></span> <span class='ocrx_word' id='word_1_448' title='bbox 2480 2239 2654 2292; x_wconf 81' lang='lat' dir='ltr'><strong>Arabs</strong></span> <span class='ocrx_word' id='word_1_449' title='bbox 2698 2237 2752 2290; x_wconf 90' lang='lat' dir='ltr'><strong>in</strong></span> <span class='ocrx_word' id='word_1_450' title='bbox 2796 2236 3109 2290; x_wconf 78' lang='lat' dir='ltr'><strong>Macedonia</strong></span> <span class='ocrx_word' id='word_1_451' title='bbox 3158 2234 3441 2307; x_wconf 81' lang='lat' dir='ltr'><strong>superiori</strong></span> <span class='ocrx_word' id='word_1_452' title='bbox 3494 2233 3675 2305; x_wconf 86' lang='lat' dir='ltr'><strong>(Dar-</strong></span> 
     </span>
    </p>
   </div>
   <div class='ocr_carea' id='block_1_67' title="bbox 2091 2327 3677 2401">
    <p class='ocr_par' dir='ltr' id='par_1_67' title="bbox 2091 2327 3677 2401">
     <span class='ocr_line' id='line_1_67' title="bbox 2091 2327 3677 2401; baseline -0.004 -16"><span class='ocrx_word' id='word_1_453' title='bbox 2091 2332 2275 2401; x_wconf 84' lang='lat' dir='ltr'><strong>dania)</strong></span> <span class='ocrx_word' id='word_1_454' title='bbox 2332 2347 2386 2400; x_wconf 86' lang='lat' dir='ltr'><strong>p.</strong></span> <span class='ocrx_word' id='word_1_455' title='bbox 2447 2331 2510 2385; x_wconf 75' lang='lat'><strong>5!</strong></span> <span class='ocrx_word' id='word_1_456' title='bbox 2547 2370 2562 2394; x_wconf 92' lang='lat'><strong>,</strong></span> <span class='ocrx_word' id='word_1_457' title='bbox 2611 2329 2682 2383; x_wconf 75' lang='lat'><strong>&#39;52</strong></span> <span class='ocrx_word' id='word_1_458' title='bbox 2719 2369 2734 2393; x_wconf 91' lang='lat'><strong>,</strong></span> <span class='ocrx_word' id='word_1_459' title='bbox 2805 2329 2876 2383; x_wconf 75' lang='lat'><strong>55</strong></span> <span class='ocrx_word' id='word_1_460' title='bbox 2933 2327 3091 2395; x_wconf 86' lang='lat' dir='ltr'><strong>hujus</strong></span> <span class='ocrx_word' id='word_1_461' title='bbox 3143 2335 3436 2382; x_wconf 80' lang='lat' dir='ltr'><strong>comment.</strong></span> <span class='ocrx_word' id='word_1_462' title='bbox 3497 2327 3677 2380; x_wconf 87' lang='lat' dir='ltr'><strong>locum</strong></span> 
     </span>
    </p>
   </div>
   <div class='ocr_carea' id='block_1_68' title="bbox 2091 2417 3673 2488">
    <p class='ocr_par' dir='ltr' id='par_1_68' title="bbox 2091 2417 3673 2488">
     <span class='ocr_line' id='line_1_68' title="bbox 2091 2417 3673 2488; baseline -0.005 -10"><span class='ocrx_word' id='word_1_463' title='bbox 2091 2424 2251 2478; x_wconf 79' lang='lat' dir='ltr'><strong>habet</strong></span> <span class='ocrx_word' id='word_1_464' title='bbox 2308 2422 2516 2486; x_wconf 76' lang='lat' dir='ltr'><strong>Certos,</strong></span> <span class='ocrx_word' id='word_1_465' title='bbox 2582 2423 2632 2475; x_wconf 91' lang='lat' dir='ltr'><strong>id</strong></span> <span class='ocrx_word' id='word_1_466' title='bbox 2688 2429 2771 2476; x_wconf 89' lang='lat' dir='ltr'><strong>est</strong></span> <span class='ocrx_word' id='word_1_467' title='bbox 2829 2421 3017 2474; x_wconf 88' lang='lat' dir='ltr'><strong>urbem</strong></span> <span class='ocrx_word' id='word_1_468' title='bbox 3073 2419 3256 2472; x_wconf 79' lang='lat' dir='ltr'><strong>Cariia</strong></span> <span class='ocrx_word' id='word_1_469' title='bbox 3330 2418 3448 2488; x_wconf 88' lang='lat' dir='ltr'><strong>ejus</strong></span> <span class='ocrx_word' id='word_1_470' title='bbox 3502 2417 3673 2485; x_wconf 85' lang='lat' dir='ltr'><strong>privi-</strong></span> 
     </span>
    </p>
   </div>
   <div class='ocr_carea' id='block_1_69' title="bbox 2093 2510 3676 2584">
    <p class='ocr_par' dir='ltr' id='par_1_69' title="bbox 2093 2510 3676 2584">
     <span class='ocr_line' id='line_1_69' title="bbox 2093 2510 3676 2584; baseline -0.004 -14"><span class='ocrx_word' id='word_1_471' title='bbox 2093 2516 2244 2584; x_wconf 90' lang='lat' dir='ltr'><strong>legii,</strong></span> <span class='ocrx_word' id='word_1_472' title='bbox 2289 2515 2433 2584; x_wconf 88' lang='lat' dir='ltr'><strong>quod</strong></span> <span class='ocrx_word' id='word_1_473' title='bbox 2489 2514 2711 2569; x_wconf 80' lang='lat' dir='ltr'><strong>Venetis</strong></span> <span class='ocrx_word' id='word_1_474' title='bbox 2753 2515 2896 2567; x_wconf 90' lang='lat' dir='ltr'><strong>dedit</strong></span> <span class='ocrx_word' id='word_1_475' title='bbox 2948 2512 3171 2567; x_wconf 81' lang='lat' dir='ltr'><strong>Alexius</strong></span> <span class='ocrx_word' id='word_1_476' title='bbox 3206 2511 3294 2565; x_wconf 89' lang='lat' dir='ltr'><strong>Ill.</strong></span> <span class='ocrx_word' id='word_1_477' title='bbox 3321 2528 3369 2566; x_wconf 89' lang='lat' dir='ltr'><strong>a.</strong></span> <span class='ocrx_word' id='word_1_478' title='bbox 3406 2510 3544 2565; x_wconf 82' lang='grc'><strong>1199</strong></span> <span class='ocrx_word' id='word_1_479' title='bbox 3577 2510 3676 2579; x_wconf 89' lang='lat' dir='ltr'><strong>(b).</strong></span> 
     </span>
    </p>
   </div>
   <div class='ocr_carea' id='block_1_70' title="bbox 2092 2597 3680 2671">
    <p class='ocr_par' dir='ltr' id='par_1_70' title="bbox 2092 2597 3680 2671">
     <span class='ocr_line' id='line_1_70' title="bbox 2092 2597 3680 2671; baseline -0.007 -10"><span class='ocrx_word' id='word_1_480' title='bbox 2092 2608 2293 2661; x_wconf 78' lang='lat' dir='ltr'><strong>Ibidem</strong></span> <span class='ocrx_word' id='word_1_481' title='bbox 2330 2606 2569 2659; x_wconf 89' lang='lat' dir='ltr'><strong>locorum</strong></span> <span class='ocrx_word' id='word_1_482' title='bbox 2599 2612 2859 2658; x_wconf 82' lang='lat' dir='ltr'><strong>meruerat</strong></span> <span class='ocrx_word' id='word_1_483' title='bbox 2891 2604 3082 2656; x_wconf 88' lang='lat' dir='ltr'><strong>urbem</strong></span> <span class='ocrx_word' id='word_1_484' title='bbox 3110 2599 3378 2669; x_wconf 83' lang='lat' dir='ltr'><strong>Rhagoria</strong></span> <span class='ocrx_word' id='word_1_485' title='bbox 3413 2599 3473 2671; x_wconf 94' lang='lat' dir='ltr'><strong>(l.</strong></span> <span class='ocrx_word' id='word_1_486' title='bbox 3503 2597 3680 2669; x_wconf 87' lang='lat' dir='ltr'><strong>Zago-</strong></span> 
     </span>
    </p>
   </div>
   <div class='ocr_carea' id='block_1_71' title="bbox 2093 2690 3679 2765">
    <p class='ocr_par' dir='ltr' id='par_1_71' title="bbox 2093 2690 3679 2765">
     <span class='ocr_line' id='line_1_71' title="bbox 2093 2690 3679 2765; baseline -0.007 -14"><span class='ocrx_word' id='word_1_487' title='bbox 2093 2698 2175 2751; x_wconf 87' lang='lat' dir='ltr'><strong>ria</strong></span> <span class='ocrx_word' id='word_1_488' title='bbox 2205 2697 2446 2764; x_wconf 88' lang='lat' dir='ltr'><strong>ejusdem</strong></span> <span class='ocrx_word' id='word_1_489' title='bbox 2475 2695 2795 2765; x_wconf 87' lang='lat' dir='ltr'><strong>privilegii):</strong></span> <span class='ocrx_word' id='word_1_490' title='bbox 2838 2694 3146 2761; x_wconf 86' lang='lat' dir='ltr'><strong>ibidemque</strong></span> <span class='ocrx_word' id='word_1_491' title='bbox 3176 2692 3380 2745; x_wconf 88' lang='lat' dir='ltr'><strong>Drama</strong></span> <span class='ocrx_word' id='word_1_492' title='bbox 3405 2690 3556 2753; x_wconf 86' lang='lat' dir='ltr'><strong>urbs,</strong></span> <span class='ocrx_word' id='word_1_493' title='bbox 3584 2705 3679 2743; x_wconf 60' lang='lat' dir='ltr'><strong>suo</strong></span> 
     </span>
    </p>
   </div>
   <div class='ocr_carea' id='block_1_72' title="bbox 2094 2782 3680 2860">
    <p class='ocr_par' dir='ltr' id='par_1_72' title="bbox 2094 2782 3680 2860">
     <span class='ocr_line' id='line_1_72' title="bbox 2094 2782 3680 2860; baseline -0.003 -19"><span class='ocrx_word' id='word_1_494' title='bbox 2094 2806 2192 2860; x_wconf 88' lang='lat' dir='ltr'><strong>pra</strong></span> <span class='ocrx_word' id='word_1_495' title='bbox 2224 2789 2517 2857; x_wconf 86' lang='lat' dir='ltr'><strong>Philippos,</strong></span> <span class='ocrx_word' id='word_1_496' title='bbox 2541 2788 2780 2841; x_wconf 86' lang='lat' dir='ltr'><strong>occurrit</strong></span> <span class='ocrx_word' id='word_1_497' title='bbox 2806 2788 2824 2859; x_wconf 96' lang='lat'><strong>(</strong></span> <span class='ocrx_word' id='word_1_498' title='bbox 2856 2787 3028 2841; x_wconf 86' lang='lat' dir='ltr'><strong>Arabs</strong></span> <span class='ocrx_word' id='word_1_499' title='bbox 3059 2787 3199 2840; x_wconf 89' lang='lat' dir='ltr'><strong>male</strong></span> <span class='ocrx_word' id='word_1_500' title='bbox 3229 2785 3416 2839; x_wconf 76' lang='lat' dir='ltr'><strong>Ralma</strong></span> <span class='ocrx_word' id='word_1_501' title='bbox 3513 2784 3680 2838; x_wconf 85' lang='lat' dir='ltr'><strong>Hera-</strong></span> 
     </span>
    </p>
   </div>
   <div class='ocr_carea' id='block_1_73' title="bbox 2095 2877 3679 2952">
    <p class='ocr_par' dir='ltr' id='par_1_73' title="bbox 2095 2877 3679 2952">
     <span class='ocr_line' id='line_1_73' title="bbox 2095 2877 3679 2952; baseline -0.004 -16"><span class='ocrx_word' id='word_1_502' title='bbox 2095 2884 2267 2937; x_wconf 87' lang='lat' dir='ltr'><strong>cleam</strong></span> <span class='ocrx_word' id='word_1_503' title='bbox 2310 2880 2474 2951; x_wconf 85' lang='lat' dir='ltr'><strong>Lynci</strong></span> <span class='ocrx_word' id='word_1_504' title='bbox 2507 2878 2910 2952; x_wconf 82' lang='lat' dir='ltr'><strong>(Pelagoniam)</strong></span> <span class='ocrx_word' id='word_1_505' title='bbox 2953 2880 3077 2935; x_wconf 85' lang='lat' dir='ltr'><strong>dicit</strong></span> <span class='ocrx_word' id='word_1_506' title='bbox 3105 2878 3294 2943; x_wconf 85' lang='lat' dir='ltr'><strong>Tutili,</strong></span> <span class='ocrx_word' id='word_1_507' title='bbox 3321 2893 3415 2948; x_wconf 88' lang='lat' dir='ltr'><strong>pro</strong></span> <span class='ocrx_word' id='word_1_508' title='bbox 3436 2893 3543 2949; x_wconf 85' lang='lat' dir='ltr'><strong>quo</strong></span> <span class='ocrx_word' id='word_1_509' title='bbox 3562 2877 3679 2948; x_wconf 77' lang='lat' dir='ltr'><strong>lege</strong></span> 
     </span>
    </p>
   </div>
   <div class='ocr_carea' id='block_1_74' title="bbox 2100 2952 3683 3043">
    <p class='ocr_par' dir='ltr' id='par_1_74' title="bbox 2100 2952 3683 3043">
     <span class='ocr_line' id='line_1_74' title="bbox 2100 2952 3683 3043; baseline -0.004 -15"><span class='ocrx_word' id='word_1_510' title='bbox 2100 2974 2288 3038; x_wconf 79' lang='lat' dir='ltr'><strong>Butiti,</strong></span> <span class='ocrx_word' id='word_1_511' title='bbox 2316 2972 2665 3043; x_wconf 81' lang='lat' dir='ltr'><strong>Bnlgarorum</strong></span> <span class='ocrx_word' id='word_1_512' title='bbox 2702 2972 2904 3038; x_wconf 82' lang='lat' dir='ltr'><strong>regiam</strong></span> <span class='ocrx_word' id='word_1_513' title='bbox 2931 2970 3248 3043; x_wconf 86' lang='lat' dir='ltr'><strong>(Bitoliam),</strong></span> <span class='ocrx_word' id='word_1_514' title='bbox 3282 2969 3404 3024; x_wconf 92' lang='lat' dir='ltr'><strong>coll.</strong></span> <span class='ocrx_word' id='word_1_515' title='bbox 3433 2952 3683 3024; x_wconf 79' lang='lat' dir='ltr'><strong>Cedreno</strong></span> 
     </span>
    </p>
   </div>
   <div class='ocr_carea' id='block_1_75' title="bbox 2099 3059 3676 3133">
    <p class='ocr_par' dir='ltr' id='par_1_75' title="bbox 2099 3059 3676 3133">
     <span class='ocr_line' id='line_1_75' title="bbox 2099 3059 3676 3133; baseline -0.004 -15"><span class='ocrx_word' id='word_1_516' title='bbox 2099 3066 2164 3120; x_wconf 89' lang='lat' dir='ltr'><strong>ed</strong></span> <span class='ocrx_word' id='word_1_517' title='bbox 2182 3063 2353 3117; x_wconf 90' lang='lat' dir='ltr'><strong>Bonu.</strong></span> <span class='ocrx_word' id='word_1_518' title='bbox 2389 3073 2425 3117; x_wconf 90' lang='lat' dir='ltr'><strong>t.</strong></span> <span class='ocrx_word' id='word_1_519' title='bbox 2457 3079 2515 3126; x_wconf 87' lang='grc'><strong>11,</strong></span> <span class='ocrx_word' id='word_1_520' title='bbox 2541 3079 2591 3131; x_wconf 91' lang='lat' dir='ltr'><strong>p.</strong></span> <span class='ocrx_word' id='word_1_521' title='bbox 2614 3062 2949 3117; x_wconf 65' lang='lat' dir='ltr'><strong>460.!bidem</strong></span> <span class='ocrx_word' id='word_1_522' title='bbox 2977 3062 3174 3133; x_wconf 85' lang='lat' dir='ltr'><strong>legitur</strong></span> <span class='ocrx_word' id='word_1_523' title='bbox 3205 3061 3453 3115; x_wconf 86' lang='lat' dir='ltr'><strong>Budiana</strong></span> <span class='ocrx_word' id='word_1_524' title='bbox 3478 3059 3676 3132; x_wconf 67' lang='lat' dir='ltr'><strong>(Vedio</strong></span> 
     </span>
    </p>
   </div>
   <div class='ocr_carea' id='block_1_76' title="bbox 2101 3152 3681 3225">
    <p class='ocr_par' dir='ltr' id='par_1_76' title="bbox 2101 3152 3681 3225">
     <span class='ocr_line' id='line_1_76' title="bbox 2101 3152 3681 3225; baseline -0.003 -15"><span class='ocrx_word' id='word_1_525' title='bbox 2101 3154 2217 3225; x_wconf 86' lang='lat' dir='ltr'><strong>na).</strong></span> <span class='ocrx_word' id='word_1_526' title='bbox 2273 3155 2473 3209; x_wconf 87' lang='lat' dir='ltr'><strong>Deinde</strong></span> <span class='ocrx_word' id='word_1_527' title='bbox 2526 3170 2645 3225; x_wconf 87' lang='lat' dir='ltr'><strong>pag.</strong></span> <span class='ocrx_word' id='word_1_528' title='bbox 2707 3155 2778 3209; x_wconf 75' lang='grc'><strong>52</strong></span> <span class='ocrx_word' id='word_1_529' title='bbox 2804 3155 3044 3209; x_wconf 89' lang='lat' dir='ltr'><strong>occurrit</strong></span> <span class='ocrx_word' id='word_1_530' title='bbox 3075 3153 3207 3208; x_wconf 88' lang='lat' dir='ltr'><strong>urbs</strong></span> <span class='ocrx_word' id='word_1_531' title='bbox 3240 3153 3493 3207; x_wconf 82' lang='lat' dir='ltr'><strong>Malsuda</strong></span> <span class='ocrx_word' id='word_1_532' title='bbox 3549 3152 3681 3220; x_wconf 88' lang='lat' dir='ltr'><strong>(imo</strong></span> 
     </span>
    </p>
   </div>
   <div class='ocr_carea' id='block_1_77' title="bbox 2097 3244 3677 3316">
    <p class='ocr_par' dir='ltr' id='par_1_77' title="bbox 2097 3244 3677 3316">
     <span class='ocr_line' id='line_1_77' title="bbox 2097 3244 3677 3316; baseline -0.004 -12"><span class='ocrx_word' id='word_1_533' title='bbox 2097 3247 2365 3311; x_wconf 78' lang='lat' dir='ltr'><strong>Halsuba,</strong></span> <span class='ocrx_word' id='word_1_534' title='bbox 2415 3247 2681 3316; x_wconf 80' lang='lat' dir='ltr'><strong>privilegii</strong></span> <span class='ocrx_word' id='word_1_535' title='bbox 2738 3248 2889 3302; x_wconf 91' lang='lat' dir='ltr'><strong>citati</strong></span> <span class='ocrx_word' id='word_1_536' title='bbox 2952 3244 3281 3316; x_wconf 80' lang='lat' dir='ltr'><strong>Malesovo).</strong></span> <span class='ocrx_word' id='word_1_537' title='bbox 3318 3245 3382 3298; x_wconf 83' lang='lat' dir='ltr'><strong>Et</strong></span> <span class='ocrx_word' id='word_1_538' title='bbox 3414 3260 3535 3315; x_wconf 83' lang='lat' dir='ltr'><strong>pag.</strong></span> <span class='ocrx_word' id='word_1_539' title='bbox 3586 3244 3677 3306; x_wconf 78' lang='lat'><strong>56,</strong></span> 
     </span>
    </p>
   </div>
   <div class='ocr_carea' id='block_1_78' title="bbox 2103 3335 3686 3407">
    <p class='ocr_par' dir='ltr' id='par_1_78' title="bbox 2103 3335 3686 3407">
     <span class='ocr_line' id='line_1_78' title="bbox 2103 3335 3686 3407; baseline -0.004 -13"><span class='ocrx_word' id='word_1_540' title='bbox 2103 3340 2279 3395; x_wconf 82' lang='lat' dir='ltr'><strong>Arabs</strong></span> <span class='ocrx_word' id='word_1_541' title='bbox 2342 3338 2711 3392; x_wconf 82' lang='lat' dir='ltr'><strong>Platamonem</strong></span> <span class='ocrx_word' id='word_1_542' title='bbox 2761 3338 2923 3393; x_wconf 89' lang='lat' dir='ltr'><strong>habet</strong></span> <span class='ocrx_word' id='word_1_543' title='bbox 2960 3337 3274 3400; x_wconf 89' lang='lat' dir='ltr'><strong>civitatem,</strong></span> <span class='ocrx_word' id='word_1_544' title='bbox 3332 3336 3482 3391; x_wconf 85' lang='lat' dir='ltr'><strong>urbis</strong></span> <span class='ocrx_word' id='word_1_545' title='bbox 3511 3335 3686 3407; x_wconf 85' lang='lat' dir='ltr'><strong>Lyco-</strong></span> 
     </span>
    </p>
   </div>
   <div class='ocr_carea' id='block_1_79' title="bbox 2101 3427 3681 3498">
    <p class='ocr_par' dir='ltr' id='par_1_79' title="bbox 2101 3427 3681 3498">
     <span class='ocr_line' id='line_1_79' title="bbox 2101 3427 3681 3498; baseline -0.004 -14"><span class='ocrx_word' id='word_1_546' title='bbox 2101 3430 2282 3484; x_wconf 89' lang='lat' dir='ltr'><strong>stomii</strong></span> <span class='ocrx_word' id='word_1_547' title='bbox 2338 3428 2535 3484; x_wconf 81' lang='lat' dir='ltr'><strong>ﬂumen</strong></span> <span class='ocrx_word' id='word_1_548' title='bbox 2572 3427 2877 3498; x_wconf 87' lang='lat' dir='ltr'><strong>(Peneum),</strong></span> <span class='ocrx_word' id='word_1_549' title='bbox 2927 3427 3136 3483; x_wconf 88' lang='lat' dir='ltr'><strong>Citrum</strong></span> <span class='ocrx_word' id='word_1_550' title='bbox 3162 3468 3177 3492; x_wconf 94' lang='lat'><strong>,</strong></span> <span class='ocrx_word' id='word_1_551' title='bbox 3215 3427 3681 3491; x_wconf 87' lang='lat' dir='ltr'><strong>Thessalonicam,</strong></span> 
     </span>
    </p>
   </div>
   <div class='ocr_carea' id='block_1_80' title="bbox 2105 3515 3686 3588">
    <p class='ocr_par' dir='ltr' id='par_1_80' title="bbox 2105 3515 3686 3588">
     <span class='ocr_line' id='line_1_80' title="bbox 2105 3515 3686 3588; baseline -0.001 -15"><span class='ocrx_word' id='word_1_552' title='bbox 2105 3520 2424 3580; x_wconf 79' lang='lat' dir='ltr'><strong>Rendiuam,</strong></span> <span class='ocrx_word' id='word_1_553' title='bbox 2453 3516 2818 3587; x_wconf 81' lang='lat' dir='ltr'><strong>Christopolin</strong></span> <span class='ocrx_word' id='word_1_554' title='bbox 2842 3517 2992 3587; x_wconf 78' lang='lat' dir='ltr'><strong>(bis),</strong></span> <span class='ocrx_word' id='word_1_555' title='bbox 3019 3532 3047 3570; x_wconf 89' lang='lat' dir='ltr'><strong>a</strong></span> <span class='ocrx_word' id='word_1_556' title='bbox 3080 3516 3399 3588; x_wconf 82' lang='lat' dir='ltr'><strong>Clirysopoli</strong></span> <span class='ocrx_word' id='word_1_557' title='bbox 3423 3532 3543 3573; x_wconf 88' lang='lat' dir='ltr'><strong>eam</strong></span> <span class='ocrx_word' id='word_1_558' title='bbox 3574 3515 3686 3571; x_wconf 89' lang='lat' dir='ltr'><strong>dis-</strong></span> 
     </span>
    </p>
   </div>
   <div class='ocr_carea' id='block_1_81' title="bbox 2100 3608 3685 3678">
    <p class='ocr_par' dir='ltr' id='par_1_81' title="bbox 2100 3608 3685 3678">
     <span class='ocr_line' id='line_1_81' title="bbox 2100 3608 3685 3678; baseline -0.006 -12"><span class='ocrx_word' id='word_1_559' title='bbox 2100 3625 2329 3666; x_wconf 88' lang='lat' dir='ltr'><strong>cernens</strong></span> <span class='ocrx_word' id='word_1_560' title='bbox 2357 3627 2370 3675; x_wconf 93' lang='lat'><strong>;</strong></span> <span class='ocrx_word' id='word_1_561' title='bbox 2406 3609 2679 3669; x_wconf 82' lang='lat' dir='ltr'><strong>Cavalam,</strong></span> <span class='ocrx_word' id='word_1_562' title='bbox 2716 3625 2876 3678; x_wconf 84' lang='lat' dir='ltr'><strong>quam</strong></span> <span class='ocrx_word' id='word_1_563' title='bbox 2903 3608 3086 3663; x_wconf 78' lang='lat' dir='ltr'><strong>Calain</strong></span> <span class='ocrx_word' id='word_1_564' title='bbox 3112 3609 3266 3670; x_wconf 87' lang='lat' dir='ltr'><strong>dicit,</strong></span> <span class='ocrx_word' id='word_1_565' title='bbox 3288 3623 3409 3663; x_wconf 88' lang='lat' dir='ltr'><strong>eam</strong></span> <span class='ocrx_word' id='word_1_566' title='bbox 3444 3608 3510 3659; x_wconf 86' lang='lat' dir='ltr'><strong>ab</strong></span> <span class='ocrx_word' id='word_1_567' title='bbox 3534 3616 3685 3659; x_wconf 87' lang='lat' dir='ltr'><strong>utra-</strong></span> 
     </span>
    </p>
   </div>
   <div class='ocr_carea' id='block_1_82' title="bbox 2102 3696 3681 3772">
    <p class='ocr_par' dir='ltr' id='par_1_82' title="bbox 2102 3696 3681 3772">
     <span class='ocr_line' id='line_1_82' title="bbox 2102 3696 3681 3772; baseline -0.004 -17"><span class='ocrx_word' id='word_1_568' title='bbox 2102 3716 2207 3772; x_wconf 89' lang='lat' dir='ltr'><strong>que</strong></span> <span class='ocrx_word' id='word_1_569' title='bbox 2232 3701 2457 3771; x_wconf 73' lang='lat' dir='ltr'><strong>(tlbrist.</strong></span> <span class='ocrx_word' id='word_1_570' title='bbox 2480 3708 2535 3752; x_wconf 87' lang='lat' dir='ltr'><strong>et</strong></span> <span class='ocrx_word' id='word_1_571' title='bbox 2560 3698 2780 3768; x_wconf 81' lang='lat' dir='ltr'><strong>Chrys.)</strong></span> <span class='ocrx_word' id='word_1_572' title='bbox 2800 3708 2855 3751; x_wconf 89' lang='lat' dir='ltr'><strong>ut</strong></span> <span class='ocrx_word' id='word_1_573' title='bbox 2874 3713 2971 3752; x_wconf 90' lang='lat' dir='ltr'><strong>nos</strong></span> <span class='ocrx_word' id='word_1_574' title='bbox 2994 3698 3393 3768; x_wconf 75' lang='lat' dir='ltr'><strong>(Thessalonica</strong></span> <span class='ocrx_word' id='word_1_575' title='bbox 3417 3713 3537 3766; x_wconf 85' lang='lat' dir='ltr'><strong>pag.</strong></span> <span class='ocrx_word' id='word_1_576' title='bbox 3556 3696 3681 3766; x_wconf 84' lang='lat' dir='ltr'><strong>50l)</strong></span> 
     </span>
    </p>
   </div>
   <div class='ocr_carea' id='block_1_83' title="bbox 2103 3788 3681 3862">
    <p class='ocr_par' dir='ltr' id='par_1_83' title="bbox 2103 3788 3681 3862">
     <span class='ocr_line' id='line_1_83' title="bbox 2103 3788 3681 3862; baseline -0.005 -14"><span class='ocrx_word' id='word_1_577' title='bbox 2103 3796 2207 3848; x_wconf 90' lang='lat' dir='ltr'><strong>rite</strong></span> <span class='ocrx_word' id='word_1_578' title='bbox 2237 3806 2514 3862; x_wconf 85' lang='lat' dir='ltr'><strong>scparans.</strong></span> <span class='ocrx_word' id='word_1_579' title='bbox 2577 3788 2738 3844; x_wconf 72' lang='lat' dir='ltr'><strong>Juxta</strong></span> <span class='ocrx_word' id='word_1_580' title='bbox 2794 3788 3075 3860; x_wconf 80' lang='lat' dir='ltr'><strong>Philippos</strong></span> <span class='ocrx_word' id='word_1_581' title='bbox 3136 3800 3401 3843; x_wconf 88' lang='lat' dir='ltr'><strong>memorat</strong></span> <span class='ocrx_word' id='word_1_582' title='bbox 3462 3788 3681 3841; x_wconf 80' lang='lat' dir='ltr'><strong>llzivium</strong></span> 
     </span>
    </p>
   </div>
   <div class='ocr_carea' id='block_1_84' title="bbox 2104 3877 3686 3959">
    <p class='ocr_par' dir='ltr' id='par_1_84' title="bbox 2104 3877 3686 3959">
     <span class='ocr_line' id='line_1_84' title="bbox 2104 3877 3686 3959; baseline -0.006 -20"><span class='ocrx_word' id='word_1_583' title='bbox 2104 3885 2532 3959; x_wconf 70' lang='lat' dir='ltr'><strong>Marropotamos</strong></span> <span class='ocrx_word' id='word_1_584' title='bbox 2561 3882 2581 3952; x_wconf 93' lang='lat'><strong>(</strong></span> <span class='ocrx_word' id='word_1_585' title='bbox 2612 3883 2649 3936; x_wconf 95' lang='lat' dir='ltr'><strong>l.</strong></span> <span class='ocrx_word' id='word_1_586' title='bbox 2682 3882 3157 3950; x_wconf 79' lang='lat' dir='ltr'><strong>Mavropotainos).</strong></span> <span class='ocrx_word' id='word_1_587' title='bbox 3197 3880 3479 3934; x_wconf 78' lang='lat' dir='ltr'><strong>Postremo</strong></span> <span class='ocrx_word' id='word_1_588' title='bbox 3539 3877 3686 3932; x_wconf 81' lang='lat' dir='ltr'><strong>Rhu-</strong></span> 
     </span>
    </p>
   </div>
   <div class='ocr_carea' id='block_1_85' title="bbox 2101 3972 3683 4048">
    <p class='ocr_par' dir='ltr' id='par_1_85' title="bbox 2101 3972 3683 4048">
     <span class='ocr_line' id='line_1_85' title="bbox 2101 3972 3683 4048; baseline -0.008 -15"><span class='ocrx_word' id='word_1_589' title='bbox 2101 3980 2241 4034; x_wconf 77' lang='lat' dir='ltr'><strong>st&#39;um</strong></span> <span class='ocrx_word' id='word_1_590' title='bbox 2278 3981 2574 4048; x_wconf 87' lang='lat' dir='ltr'><strong>quoddam,</strong></span> <span class='ocrx_word' id='word_1_591' title='bbox 2612 3976 2793 4030; x_wconf 83' lang='lat' dir='ltr'><strong>Thaso</strong></span> <span class='ocrx_word' id='word_1_592' title='bbox 2826 3975 3016 4028; x_wconf 64' lang='lat' dir='ltr'><strong>insula?</strong></span> <span class='ocrx_word' id='word_1_593' title='bbox 3043 3973 3370 4042; x_wconf 85' lang='lat' dir='ltr'><strong>Oppositum,</strong></span> <span class='ocrx_word' id='word_1_594' title='bbox 3400 3989 3450 4042; x_wconf 89' lang='lat' dir='ltr'><strong>p.</strong></span> <span class='ocrx_word' id='word_1_595' title='bbox 3483 3972 3554 4027; x_wconf 77' lang='lat'><strong>&#39;55</strong></span> <span class='ocrx_word' id='word_1_596' title='bbox 3587 3986 3683 4039; x_wconf 87' lang='lat' dir='ltr'><strong>ag-</strong></span> 
     </span>
    </p>
   </div>
   <div class='ocr_carea' id='block_1_86' title="bbox 2102 4061 3684 4133">
    <p class='ocr_par' dir='ltr' id='par_1_86' title="bbox 2102 4061 3684 4133">
     <span class='ocr_line' id='line_1_86' title="bbox 2102 4061 3684 4133; baseline -0.008 -7"><span class='ocrx_word' id='word_1_597' title='bbox 2102 4086 2328 4127; x_wconf 89' lang='lat' dir='ltr'><strong>noscere</strong></span> <span class='ocrx_word' id='word_1_598' title='bbox 2353 4071 2596 4133; x_wconf 87' lang='lat' dir='ltr'><strong>videtur;</strong></span> <span class='ocrx_word' id='word_1_599' title='bbox 2622 4071 2763 4122; x_wconf 84' lang='lat' dir='ltr'><strong>unde</strong></span> <span class='ocrx_word' id='word_1_600' title='bbox 2781 4081 2906 4121; x_wconf 88' lang='lat' dir='ltr'><strong>vera</strong></span> <span class='ocrx_word' id='word_1_601' title='bbox 2929 4079 3049 4118; x_wconf 89' lang='lat' dir='ltr'><strong>esse</strong></span> <span class='ocrx_word' id='word_1_602' title='bbox 3067 4075 3291 4133; x_wconf 89' lang='lat' dir='ltr'><strong>apparet</strong></span> <span class='ocrx_word' id='word_1_603' title='bbox 3315 4074 3495 4117; x_wconf 83' lang='lat' dir='ltr'><strong>notam</strong></span> <span class='ocrx_word' id='word_1_604' title='bbox 3510 4061 3684 4117; x_wconf 81' lang='lat' dir='ltr'><strong>Graeci</strong></span> 
     </span>
    </p>
   </div>
   <div class='ocr_carea' id='block_1_87' title="bbox 2103 4155 3767 4231">
    <p class='ocr_par' dir='ltr' id='par_1_87' title="bbox 2103 4155 3767 4231">
     <span class='ocr_line' id='line_1_87' title="bbox 2103 4155 3767 4231; baseline -0.007 -14"><span class='ocrx_word' id='word_1_605' title='bbox 2103 4163 2380 4231; x_wconf 82' lang='lat' dir='ltr'><strong>cujusdam</strong></span> <span class='ocrx_word' id='word_1_606' title='bbox 2405 4160 2759 4229; x_wconf 85' lang='lat' dir='ltr'><strong>marginaleiu</strong></span> <span class='ocrx_word' id='word_1_607' title='bbox 2796 4159 2861 4210; x_wconf 89' lang='lat' dir='ltr'><strong>ad</strong></span> <span class='ocrx_word' id='word_1_608' title='bbox 2892 4156 3243 4210; x_wconf 62' lang='lat' dir='ltr'><strong>Ptolemaeum</strong></span> <span class='ocrx_word' id='word_1_609' title='bbox 3272 4170 3453 4225; x_wconf 86' lang='lat' dir='ltr'><strong>geogr.</strong></span> <span class='ocrx_word' id='word_1_610' title='bbox 3488 4170 3572 4215; x_wconf 88' lang='grc' dir='ltr'>ιιι.</span> <span class='ocrx_word' id='word_1_611' title='bbox 3597 4155 3681 4207; x_wconf 84' lang='lat' dir='ltr'><strong>li.</strong></span> <span class='ocrx_word' id='word_1_612' title='bbox 3762 4219 3767 4224; x_wconf 91' lang='lat'>_</span> 
     </span>
    </p>
   </div>
   <div class='ocr_carea' id='block_1_88' title="bbox 2175 4246 3685 4319">
    <p class='ocr_par' dir='ltr' id='par_1_88' title="bbox 2175 4246 3685 4319">
     <span class='ocr_line' id='line_1_88' title="bbox 2175 4246 3685 4319; baseline -0.004 -13"><span class='ocrx_word' id='word_1_613' title='bbox 2175 4254 2435 4319; x_wconf 83' lang='lat' dir='ltr'><strong>Quartum</strong></span> <span class='ocrx_word' id='word_1_614' title='bbox 2465 4254 2662 4315; x_wconf 86' lang='lat' dir='ltr'><strong>thema,</strong></span> <span class='ocrx_word' id='word_1_615' title='bbox 2699 4247 3106 4304; x_wconf 72' lang='lat' dir='ltr'><strong>Thessalonica.</strong></span> <span class='ocrx_word' id='word_1_616' title='bbox 3163 4246 3294 4315; x_wconf 84' lang='lat' dir='ltr'><strong>Ejus</strong></span> <span class='ocrx_word' id='word_1_617' title='bbox 3333 4248 3470 4302; x_wconf 83' lang='lat' dir='ltr'><strong>ﬁnes</strong></span> <span class='ocrx_word' id='word_1_618' title='bbox 3524 4250 3685 4301; x_wconf 81' lang='lat' dir='ltr'><strong>modo</strong></span> 
     </span>
    </p>
   </div>
   <div class='ocr_carea' id='block_1_89' title="bbox 2107 4341 3687 4414">
    <p class='ocr_par' dir='ltr' id='par_1_89' title="bbox 2107 4341 3687 4414">
     <span class='ocr_line' id='line_1_89' title="bbox 2107 4341 3687 4414; baseline -0.004 -12"><span class='ocrx_word' id='word_1_619' title='bbox 2107 4349 2360 4402; x_wconf 83' lang='lat' dir='ltr'><strong>vidimus.</strong></span> <span class='ocrx_word' id='word_1_620' title='bbox 2399 4346 2568 4400; x_wconf 87' lang='lat' dir='ltr'><strong>Erant</strong></span> <span class='ocrx_word' id='word_1_621' title='bbox 2612 4343 2869 4414; x_wconf 84' lang='lat' dir='ltr'><strong>Strymon</strong></span> <span class='ocrx_word' id='word_1_622' title='bbox 2899 4359 2963 4397; x_wconf 83' lang='lat' dir='ltr'><strong>ex</strong></span> <span class='ocrx_word' id='word_1_623' title='bbox 2989 4344 3220 4408; x_wconf 89' lang='lat' dir='ltr'><strong>oriente,</strong></span> <span class='ocrx_word' id='word_1_624' title='bbox 3259 4341 3472 4396; x_wconf 73' lang='lat' dir='ltr'><strong>Peneus</strong></span> <span class='ocrx_word' id='word_1_625' title='bbox 3498 4345 3566 4395; x_wconf 88' lang='lat' dir='ltr'><strong>ab</strong></span> <span class='ocrx_word' id='word_1_626' title='bbox 3583 4357 3687 4395; x_wconf 56' lang='lat' dir='ltr'><strong>“uc-</strong></span> 
     </span>
    </p>
   </div>
   <div class='ocr_carea' id='block_1_90' title="bbox 2106 4432 3687 4505">
    <p class='ocr_par' dir='ltr' id='par_1_90' title="bbox 2106 4432 3687 4505">
     <span class='ocr_line' id='line_1_90' title="bbox 2106 4432 3687 4505; baseline -0.004 -12"><span class='ocrx_word' id='word_1_627' title='bbox 2106 4439 2320 4493; x_wconf 87' lang='lat' dir='ltr'><strong>cidente</strong></span> <span class='ocrx_word' id='word_1_628' title='bbox 2351 4453 2471 4492; x_wconf 88' lang='lat' dir='ltr'><strong>cum</strong></span> <span class='ocrx_word' id='word_1_629' title='bbox 2500 4436 2741 4501; x_wconf 88' lang='lat' dir='ltr'><strong>meridie,</strong></span> <span class='ocrx_word' id='word_1_630' title='bbox 2772 4446 2826 4490; x_wconf 91' lang='lat' dir='ltr'><strong>et</strong></span> <span class='ocrx_word' id='word_1_631' title='bbox 2877 4436 3093 4501; x_wconf 83' lang='lat' dir='ltr'><strong>quidem</strong></span> <span class='ocrx_word' id='word_1_632' title='bbox 3125 4452 3222 4505; x_wconf 83' lang='lat' dir='ltr'><strong>per</strong></span> <span class='ocrx_word' id='word_1_633' title='bbox 3271 4436 3560 4489; x_wconf 79' lang='lat' dir='ltr'><strong>maximam</strong></span> <span class='ocrx_word' id='word_1_634' title='bbox 3587 4432 3687 4488; x_wconf 66' lang='lat' dir='ltr'><strong>invi</strong></span> 
     </span>
    </p>
   </div>
   <div class='ocr_carea' id='block_1_91' title="bbox 428 4522 3684 4598">
    <p class='ocr_par' dir='ltr' id='par_1_91' title="bbox 428 4522 3684 4598">
     <span class='ocr_line' id='line_1_91' title="bbox 428 4522 3684 4598; baseline -0.001 -17"><span class='ocrx_word' id='word_1_635' title='bbox 428 4525 741 4581; x_wconf 70' lang='lat' dir='ltr'><strong>Graecorum</strong></span> <span class='ocrx_word' id='word_1_636' title='bbox 778 4522 1146 4592; x_wconf 86' lang='lat' dir='ltr'><strong>spectantibus</strong></span> <span class='ocrx_word' id='word_1_637' title='bbox 1204 4523 1344 4577; x_wconf 84' lang='lat' dir='ltr'><strong>inter</strong></span> <span class='ocrx_word' id='word_1_638' title='bbox 1393 4540 1564 4579; x_wconf 90' lang='lat' dir='ltr'><strong>annos</strong></span> <span class='ocrx_word' id='word_1_639' title='bbox 1600 4527 1800 4582; x_wconf 79' lang='lat' dir='ltr'><strong>Christi</strong></span> <span class='ocrx_word' id='word_1_640' title='bbox 1857 4530 1994 4585; x_wconf 85' lang='grc'><strong>1199</strong></span> <span class='ocrx_word' id='word_1_641' title='bbox 2029 4542 2072 4595; x_wconf 82' lang='grc' dir='ltr'><strong>ῐ)</strong></span> <span class='ocrx_word' id='word_1_642' title='bbox 2103 4530 2263 4585; x_wconf 88' lang='lat' dir='ltr'><strong>medii</strong></span> <span class='ocrx_word' id='word_1_643' title='bbox 2288 4525 2810 4598; x_wconf 86' lang='lat' dir='ltr'><strong>partem.Provincia</strong></span> <span class='ocrx_word' id='word_1_644' title='bbox 2840 4528 2974 4581; x_wconf 84' lang='lat' dir='ltr'><strong>satis</strong></span> <span class='ocrx_word' id='word_1_645' title='bbox 3004 4542 3223 4595; x_wconf 87' lang='lat' dir='ltr'><strong>magna,</strong></span> <span class='ocrx_word' id='word_1_646' title='bbox 3259 4528 3301 4581; x_wconf 88' lang='lat' dir='ltr'><strong>si</strong></span> <span class='ocrx_word' id='word_1_647' title='bbox 3333 4527 3684 4581; x_wconf 78' lang='lat' dir='ltr'><strong>Chalcidiccn</strong></span> 
     </span>
    </p>
   </div>
   <div class='ocr_carea' id='block_1_92' title="bbox 427 4614 1999 4688">
    <p class='ocr_par' dir='ltr' id='par_1_92' title="bbox 427 4614 1999 4688">
     <span class='ocr_line' id='line_1_92' title="bbox 427 4614 1999 4688; baseline 0.002 -19"><span class='ocrx_word' id='word_1_648' title='bbox 427 4628 484 4669; x_wconf 85' lang='lat' dir='ltr'><strong>et</strong></span> <span class='ocrx_word' id='word_1_649' title='bbox 510 4615 649 4669; x_wconf 66' lang='grc'><strong>1901</strong></span> <span class='ocrx_word' id='word_1_650' title='bbox 678 4632 694 4680; x_wconf 89' lang='lat'><strong><em>;</em></strong></span> <span class='ocrx_word' id='word_1_651' title='bbox 729 4615 891 4667; x_wconf 90' lang='lat' dir='ltr'><strong>multa</strong></span> <span class='ocrx_word' id='word_1_652' title='bbox 925 4628 1051 4668; x_wconf 90' lang='lat' dir='ltr'><strong>vero</strong></span> <span class='ocrx_word' id='word_1_653' title='bbox 1075 4614 1125 4667; x_wconf 90' lang='lat' dir='ltr'><strong>in</strong></span> <span class='ocrx_word' id='word_1_654' title='bbox 1154 4615 1596 4669; x_wconf 88' lang='lat' dir='ltr'><strong>antecedentibus</strong></span> <span class='ocrx_word' id='word_1_655' title='bbox 1628 4629 1999 4688; x_wconf 59' lang='lat' dir='ltr'><strong>praeoccupata</strong></span> 
     </span>
    </p>
   </div>
   <div class='ocr_carea' id='block_1_93' title="bbox 425 4705 2003 4782">
    <p class='ocr_par' dir='ltr' id='par_1_93' title="bbox 425 4705 2003 4782">
     <span class='ocr_line' id='line_1_93' title="bbox 425 4705 2003 4782; baseline 0.002 -21"><span class='ocrx_word' id='word_1_656' title='bbox 425 4708 604 4761; x_wconf 78' lang='lat' dir='ltr'><strong>video.</strong></span> <span class='ocrx_word' id='word_1_657' title='bbox 637 4706 763 4774; x_wconf 80' lang='lat' dir='ltr'><strong>Ejus</strong></span> <span class='ocrx_word' id='word_1_658' title='bbox 801 4706 1086 4773; x_wconf 65' lang='lat' dir='ltr'><strong>provincia:</strong></span> <span class='ocrx_word' id='word_1_659' title='bbox 1116 4705 1248 4760; x_wconf 82' lang='lat' dir='ltr'><strong>lines</strong></span> <span class='ocrx_word' id='word_1_660' title='bbox 1303 4707 1441 4761; x_wconf 90' lang='lat' dir='ltr'><strong>inter</strong></span> <span class='ocrx_word' id='word_1_661' title='bbox 1504 4706 1738 4762; x_wconf 83' lang='lat' dir='ltr'><strong>Hebrqu</strong></span> <span class='ocrx_word' id='word_1_662' title='bbox 1770 4719 1824 4763; x_wconf 90' lang='lat' dir='ltr'><strong>et</strong></span> <span class='ocrx_word' id='word_1_663' title='bbox 1849 4711 2003 4782; x_wconf 83' lang='lat' dir='ltr'><strong>Stry-</strong></span> 
     </span>
    </p>
   </div>
   <div class='ocr_carea' id='block_1_94' title="bbox 429 4798 2003 4869">
    <p class='ocr_par' dir='ltr' id='par_1_94' title="bbox 429 4798 2003 4869">
     <span class='ocr_line' id='line_1_94' title="bbox 429 4798 2003 4869; baseline 0.002 -15"><span class='ocrx_word' id='word_1_664' title='bbox 429 4816 645 4854; x_wconf 78' lang='lat' dir='ltr'><strong>monem</strong></span> <span class='ocrx_word' id='word_1_665' title='bbox 689 4813 893 4867; x_wconf 72' lang='lat' dir='ltr'><strong>qtimro,</strong></span> <span class='ocrx_word' id='word_1_666' title='bbox 927 4798 1052 4853; x_wconf 87' lang='lat' dir='ltr'><strong>licet</strong></span> <span class='ocrx_word' id='word_1_667' title='bbox 1084 4798 1245 4852; x_wconf 79' lang='lat' dir='ltr'><strong>claris</strong></span> <span class='ocrx_word' id='word_1_668' title='bbox 1299 4799 1400 4853; x_wconf 84' lang='lat' dir='ltr'><strong>hoc</strong></span> <span class='ocrx_word' id='word_1_669' title='bbox 1450 4801 1780 4869; x_wconf 87' lang='lat' dir='ltr'><strong>scriptorum</strong></span> <span class='ocrx_word' id='word_1_670' title='bbox 1824 4803 2003 4857; x_wconf 77' lang='lat' dir='ltr'><strong>verbis</strong></span> 
     </span>
    </p>
   </div>
   <div class='ocr_carea' id='block_1_95' title="bbox 426 4877 2000 4961">
    <p class='ocr_par' dir='ltr' id='par_1_95' title="bbox 426 4877 2000 4961">
     <span class='ocr_line' id='line_1_95' title="bbox 426 4877 2000 4961; baseline 0.001 -15"><span class='ocrx_word' id='word_1_671' title='bbox 426 4892 788 4961; x_wconf 79' lang='lat' dir='ltr'><strong>signiﬁcatum</strong></span> <span class='ocrx_word' id='word_1_672' title='bbox 828 4906 931 4944; x_wconf 91' lang='lat' dir='ltr'><strong>non</strong></span> <span class='ocrx_word' id='word_1_673' title='bbox 966 4891 1137 4946; x_wconf 78' lang='lat' dir='ltr'><strong>video.</strong></span> <span class='ocrx_word' id='word_1_674' title='bbox 1163 4877 1420 4945; x_wconf 28' lang='lat' dir='ltr'><strong>Illi-ﬂuvii</strong></span> <span class='ocrx_word' id='word_1_675' title='bbox 1456 4892 1720 4946; x_wconf 87' lang='lat' dir='ltr'><strong>orientem</strong></span> <span class='ocrx_word' id='word_1_676' title='bbox 1746 4903 1800 4946; x_wconf 92' lang='lat' dir='ltr'><strong>et</strong></span> <span class='ocrx_word' id='word_1_677' title='bbox 1850 4895 2000 4948; x_wconf 85' lang='lat' dir='ltr'><strong>occi-</strong></span> 
     </span>
    </p>
   </div>
   <div class='ocr_carea' id='block_1_96' title="bbox 426 4984 1999 5053">
    <p class='ocr_par' dir='ltr' id='par_1_96' title="bbox 426 4984 1999 5053">
     <span class='ocr_line' id='line_1_96' title="bbox 426 4984 1999 5053; baseline -0.001 -15"><span class='ocrx_word' id='word_1_678' title='bbox 426 4985 790 5039; x_wconf 87' lang='lat' dir='ltr'><strong>deutcmcum</strong></span> <span class='ocrx_word' id='word_1_679' title='bbox 842 4984 1066 5038; x_wconf 86' lang='lat' dir='ltr'><strong>meridie</strong></span> <span class='ocrx_word' id='word_1_680' title='bbox 1122 4992 1391 5053; x_wconf 88' lang='lat' dir='ltr'><strong>spectant,</strong></span> <span class='ocrx_word' id='word_1_681' title='bbox 1436 4984 1759 5038; x_wconf 80' lang='lat' dir='ltr'><strong>adversante</strong></span> <span class='ocrx_word' id='word_1_682' title='bbox 1798 4994 1999 5051; x_wconf 91' lang='lat' dir='ltr'><strong>tamen,</strong></span> 
     </span>
    </p>
   </div>
   <div class='ocr_carea' id='block_1_97' title="bbox 428 5075 1995 5146">
    <p class='ocr_par' dir='ltr' id='par_1_97' title="bbox 428 5075 1995 5146">
     <span class='ocr_line' id='line_1_97' title="bbox 428 5075 1995 5146; baseline 0.001 -16"><span class='ocrx_word' id='word_1_683' title='bbox 428 5087 487 5130; x_wconf 92' lang='lat' dir='ltr'><strong>ut</strong></span> <span class='ocrx_word' id='word_1_684' title='bbox 519 5077 748 5142; x_wconf 90' lang='lat' dir='ltr'><strong>videtur,</strong></span> <span class='ocrx_word' id='word_1_685' title='bbox 780 5075 1083 5130; x_wconf 84' lang='lat' dir='ltr'><strong>Muntuneri</strong></span> <span class='ocrx_word' id='word_1_686' title='bbox 1117 5075 1343 5144; x_wconf 71' lang='lat' dir='ltr'><strong>Hispani</strong></span> <span class='ocrx_word' id='word_1_687' title='bbox 1384 5076 1631 5128; x_wconf 83' lang='lat' dir='ltr'><strong>chronica</strong></span> <span class='ocrx_word' id='word_1_688' title='bbox 1668 5075 1810 5146; x_wconf 88' lang='lat' dir='ltr'><strong>(cap.</strong></span> <span class='ocrx_word' id='word_1_689' title='bbox 1845 5076 1950 5131; x_wconf 72' lang='lat'><strong>250</strong></span> <span class='ocrx_word' id='word_1_690' title='bbox 1980 5119 1995 5143; x_wconf 95' lang='lat'><strong>,</strong></span> 
     </span>
    </p>
   </div>
   <div class='ocr_carea' id='block_1_98' title="bbox 426 5165 1993 5239">
    <p class='ocr_par' dir='ltr' id='par_1_98' title="bbox 426 5165 1993 5239">
     <span class='ocr_line' id='line_1_98' title="bbox 426 5165 1993 5239; baseline -0.001 -15"><span class='ocrx_word' id='word_1_691' title='bbox 426 5168 550 5224; x_wconf 86' lang='lat' dir='ltr'><strong>coll.</strong></span> <span class='ocrx_word' id='word_1_692' title='bbox 612 5183 765 5239; x_wconf 80' lang='lat' dir='ltr'><strong>capp.</strong></span> <span class='ocrx_word' id='word_1_693' title='bbox 836 5169 960 5235; x_wconf 62' lang='lat'><strong>2&#39;24,</strong></span> <span class='ocrx_word' id='word_1_694' title='bbox 1027 5169 1155 5239; x_wconf 68' lang='grc'><strong>228)</strong></span> <span class='ocrx_word' id='word_1_695' title='bbox 1217 5184 1247 5223; x_wconf 84' lang='lat' dir='ltr'><strong>e</strong></span> <span class='ocrx_word' id='word_1_696' title='bbox 1308 5169 1556 5220; x_wconf 80' lang='lat' dir='ltr'><strong>versione</strong></span> <span class='ocrx_word' id='word_1_697' title='bbox 1608 5165 1668 5220; x_wconf 83' lang='grc' dir='ltr'><strong>Β.</strong></span> <span class='ocrx_word' id='word_1_698' title='bbox 1701 5166 1993 5223; x_wconf 82' lang='lat' dir='ltr'><strong>Bucitoni:</strong></span> 
     </span>
    </p>
   </div>
   <div class='ocr_carea' id='block_1_99' title="bbox 424 5250 1993 5331">
    <p class='ocr_par' dir='ltr' id='par_1_99' title="bbox 424 5250 1993 5331">
     <span class='ocr_line' id='line_1_99' title="bbox 424 5250 1993 5331; baseline -0.002 -16"><span class='ocrx_word' id='word_1_699' title='bbox 424 5259 504 5315; x_wconf 89' lang='lat' dir='ltr'><strong>La</strong></span> <span class='ocrx_word' id='word_1_700' title='bbox 521 5262 622 5312; x_wconf 74' lang='lat' dir='ltr'><strong>cite</strong></span> <span class='ocrx_word' id='word_1_701' title='bbox 652 5265 716 5314; x_wconf 83' lang='lat' dir='ltr'><strong>de</strong></span> <span class='ocrx_word' id='word_1_702' title='bbox 738 5258 1034 5315; x_wconf 82' lang='lat' dir='ltr'><strong>Christoble</strong></span> <span class='ocrx_word' id='word_1_703' title='bbox 1079 5260 1298 5331; x_wconf 83' lang='lat' dir='ltr'><strong>(Cavala</strong></span> <span class='ocrx_word' id='word_1_704' title='bbox 1323 5250 1486 5327; x_wconf 55' lang='lat' dir='ltr'><strong>?)&#39;qui</strong></span> <span class='ocrx_word' id='word_1_705' title='bbox 1516 5267 1589 5310; x_wconf 81' lang='lat' dir='ltr'><strong>est</strong></span> <span class='ocrx_word' id='word_1_706' title='bbox 1637 5258 1669 5310; x_wconf 84' lang='grc' dir='ltr'><em>ὰ</em></span> <span class='ocrx_word' id='word_1_707' title='bbox 1697 5257 1904 5312; x_wconf 73' lang='lat' dir='ltr'><strong>l&#39;entrée</strong></span> <span class='ocrx_word' id='word_1_708' title='bbox 1923 5261 1993 5312; x_wconf 87' lang='lat' dir='ltr'><strong>du</strong></span> 
     </span>
    </p>
   </div>
   <div class='ocr_carea' id='block_1_100' title="bbox 427 5350 2000 5424">
    <p class='ocr_par' dir='ltr' id='par_1_100' title="bbox 427 5350 2000 5424">
     <span class='ocr_line' id='line_1_100' title="bbox 427 5350 2000 5424; baseline 0 -20"><span class='ocrx_word' id='word_1_709' title='bbox 427 5368 677 5422; x_wconf 79' lang='lat' dir='ltr'><strong>royaume</strong></span> <span class='ocrx_word' id='word_1_710' title='bbox 702 5354 765 5406; x_wconf 85' lang='lat' dir='ltr'><strong>de</strong></span> <span class='ocrx_word' id='word_1_711' title='bbox 795 5352 1098 5424; x_wconf 72' lang='lat' dir='ltr'><strong>Saturnique.</strong></span> <span class='ocrx_word' id='word_1_712' title='bbox 1123 5350 1286 5404; x_wconf 85' lang='lat' dir='ltr'><strong>Fines</strong></span> <span class='ocrx_word' id='word_1_713' title='bbox 1326 5350 1618 5418; x_wconf 82' lang='lat' dir='ltr'><strong>provincia:</strong></span> <span class='ocrx_word' id='word_1_714' title='bbox 1636 5350 1878 5404; x_wconf 85' lang='lat' dir='ltr'><strong>boreales</strong></span> <span class='ocrx_word' id='word_1_715' title='bbox 1904 5366 2000 5419; x_wconf 84' lang='lat' dir='ltr'><strong>pro</strong></span> 
     </span>
    </p>
   </div>
   <div class='ocr_carea' id='block_1_101' title="bbox 428 5443 1996 5514">
    <p class='ocr_par' dir='ltr' id='par_1_101' title="bbox 428 5443 1996 5514">
     <span class='ocr_line' id='line_1_101' title="bbox 428 5443 1996 5514; baseline -0.001 -16"><span class='ocrx_word' id='word_1_716' title='bbox 428 5456 730 5514; x_wconf 83' lang='lat' dir='ltr'><strong>temporum</strong></span> <span class='ocrx_word' id='word_1_717' title='bbox 760 5447 966 5500; x_wconf 86' lang='lat' dir='ltr'><strong>ratione</strong></span> <span class='ocrx_word' id='word_1_718' title='bbox 994 5446 1240 5500; x_wconf 80' lang='lat' dir='ltr'><strong>diversos</strong></span> <span class='ocrx_word' id='word_1_719' title='bbox 1271 5443 1437 5497; x_wconf 78' lang='lat' dir='ltr'><strong>fuisse</strong></span> <span class='ocrx_word' id='word_1_720' title='bbox 1467 5453 1620 5512; x_wconf 86' lang='lat' dir='ltr'><strong>puto,</strong></span> <span class='ocrx_word' id='word_1_721' title='bbox 1654 5443 1813 5496; x_wconf 87' lang='lat' dir='ltr'><strong>modo</strong></span> <span class='ocrx_word' id='word_1_722' title='bbox 1846 5443 1996 5496; x_wconf 80' lang='lat' dir='ltr'><strong>latio-</strong></span> 
     </span>
    </p>
   </div>
   <div class='ocr_carea' id='block_1_102' title="bbox 432 5536 1996 5607">
    <p class='ocr_par' dir='ltr' id='par_1_102' title="bbox 432 5536 1996 5607">
     <span class='ocr_line' id='line_1_102' title="bbox 432 5536 1996 5607; baseline -0.003 -16"><span class='ocrx_word' id='word_1_723' title='bbox 432 5552 539 5601; x_wconf 86' lang='lat' dir='ltr'><strong>res,</strong></span> <span class='ocrx_word' id='word_1_724' title='bbox 578 5538 734 5591; x_wconf 89' lang='lat' dir='ltr'><strong>modo</strong></span> <span class='ocrx_word' id='word_1_725' title='bbox 769 5538 1129 5607; x_wconf 87' lang='lat' dir='ltr'><strong>angustiores.</strong></span> <span class='ocrx_word' id='word_1_726' title='bbox 1180 5536 1393 5590; x_wconf 65' lang='lat' dir='ltr'><strong>Samnio</strong></span> <span class='ocrx_word' id='word_1_727' title='bbox 1435 5550 1535 5598; x_wconf 79' lang='lat' dir='ltr'><strong>xu,</strong></span> <span class='ocrx_word' id='word_1_728' title='bbox 1563 5549 1669 5602; x_wconf 88' lang='lat' dir='ltr'><strong>quo</strong></span> <span class='ocrx_word' id='word_1_729' title='bbox 1721 5538 1996 5597; x_wconf 62' lang='lat' dir='ltr'><strong>cruciatus,</strong></span> 
     </span>
    </p>
   </div>
   <div class='ocr_carea' id='block_1_103' title="bbox 431 5624 1999 5707">
    <p class='ocr_par' dir='ltr' id='par_1_103' title="bbox 431 5624 1999 5707">
     <span class='ocr_line' id='line_1_103' title="bbox 431 5624 1999 5707; baseline -0.003 -23"><span class='ocrx_word' id='word_1_730' title='bbox 431 5644 569 5707; x_wconf 77' lang='lat' dir='ltr'><strong>quas</strong></span> <span class='ocrx_word' id='word_1_731' title='bbox 608 5632 812 5697; x_wconf 90' lang='lat' dir='ltr'><strong>dicunt,</strong></span> <span class='ocrx_word' id='word_1_732' title='bbox 846 5629 1215 5700; x_wconf 79' lang='lat' dir='ltr'><strong>expeditiones</strong></span> <span class='ocrx_word' id='word_1_733' title='bbox 1249 5628 1522 5699; x_wconf 79' lang='lat' dir='ltr'><strong>vigebant,</strong></span> <span class='ocrx_word' id='word_1_734' title='bbox 1546 5640 1639 5680; x_wconf 87' lang='lat' dir='ltr'><strong>eos</strong></span> <span class='ocrx_word' id='word_1_735' title='bbox 1679 5624 1863 5680; x_wconf 90' lang='lat' dir='ltr'><strong>urbem</strong></span> <span class='ocrx_word' id='word_1_736' title='bbox 1900 5640 1999 5681; x_wconf 90' lang='lat' dir='ltr'><strong>no-</strong></span> 
     </span>
    </p>
   </div>
   <div class='ocr_carea' id='block_1_104' title="bbox 2106 4618 3683 4689">
    <p class='ocr_par' dir='ltr' id='par_1_104' title="bbox 2106 4618 3683 4689">
     <span class='ocr_line' id='line_1_104' title="bbox 2106 4618 3683 4689; baseline -0.001 -17"><span class='ocrx_word' id='word_1_737' title='bbox 2106 4635 2210 4673; x_wconf 91' lang='lat' dir='ltr'><strong>non</strong></span> <span class='ocrx_word' id='word_1_738' title='bbox 2239 4618 2627 4689; x_wconf 70' lang='lat' dir='ltr'><strong>praetermittas</strong></span> <span class='ocrx_word' id='word_1_739' title='bbox 2658 4634 2673 4684; x_wconf 88' lang='lat'><strong>;</strong></span> <span class='ocrx_word' id='word_1_740' title='bbox 2705 4632 2827 4669; x_wconf 89' lang='lat' dir='ltr'><strong>nam</strong></span> <span class='ocrx_word' id='word_1_741' title='bbox 2863 4618 2976 4671; x_wconf 71' lang='lat' dir='ltr'><strong>haec</strong></span> <span class='ocrx_word' id='word_1_742' title='bbox 3011 4632 3226 4688; x_wconf 86' lang='lat' dir='ltr'><strong>quoque</strong></span> <span class='ocrx_word' id='word_1_743' title='bbox 3251 4633 3375 4689; x_wconf 90' lang='lat' dir='ltr'><strong>pars</strong></span> <span class='ocrx_word' id='word_1_744' title='bbox 3409 4620 3524 4686; x_wconf 85' lang='lat' dir='ltr'><strong>ejus</strong></span> <span class='ocrx_word' id='word_1_745' title='bbox 3564 4618 3683 4671; x_wconf 82' lang='lat' dir='ltr'><strong>fuit.</strong></span> 
     </span>
    </p>
   </div>
   <div class='ocr_carea' id='block_1_105' title="bbox 2109 4705 3684 4774">
    <p class='ocr_par' dir='ltr' id='par_1_105' title="bbox 2109 4705 3684 4774">
     <span class='ocr_line' id='line_1_105' title="bbox 2109 4705 3684 4774; baseline -0.001 -12"><span class='ocrx_word' id='word_1_746' title='bbox 2109 4708 2305 4762; x_wconf 68' lang='lat' dir='ltr'><strong>Versus</strong></span> <span class='ocrx_word' id='word_1_747' title='bbox 2349 4708 2571 4761; x_wconf 83' lang='lat' dir='ltr'><strong>boream</strong></span> <span class='ocrx_word' id='word_1_748' title='bbox 2632 4721 2756 4760; x_wconf 89' lang='lat' dir='ltr'><strong>raro</strong></span> <span class='ocrx_word' id='word_1_749' title='bbox 2802 4705 2925 4760; x_wconf 82' lang='lat' dir='ltr'><strong>Axii</strong></span> <span class='ocrx_word' id='word_1_750' title='bbox 2955 4707 3167 4762; x_wconf 89' lang='lat' dir='ltr'><strong>alveum</strong></span> <span class='ocrx_word' id='word_1_751' title='bbox 3222 4707 3479 4774; x_wconf 90' lang='lat' dir='ltr'><strong>medium,</strong></span> <span class='ocrx_word' id='word_1_752' title='bbox 3522 4709 3684 4761; x_wconf 85' lang='lat' dir='ltr'><strong>etiam</strong></span> 
     </span>
    </p>
   </div>
   <div class='ocr_carea' id='block_1_106' title="bbox 2101 4798 3689 4870">
    <p class='ocr_par' dir='ltr' id='par_1_106' title="bbox 2101 4798 3689 4870">
     <span class='ocr_line' id='line_1_106' title="bbox 2101 4798 3689 4870; baseline -0.001 -14"><span class='ocrx_word' id='word_1_753' title='bbox 2101 4802 2323 4856; x_wconf 74' lang='lat' dir='ltr'><strong>Tzernm</strong></span> <span class='ocrx_word' id='word_1_754' title='bbox 2349 4799 2639 4870; x_wconf 83' lang='lat' dir='ltr'><strong>(Erigonis)</strong></span> <span class='ocrx_word' id='word_1_755' title='bbox 2679 4798 2873 4853; x_wconf 88' lang='lat' dir='ltr'><strong>vallem</strong></span> <span class='ocrx_word' id='word_1_756' title='bbox 2898 4813 3187 4868; x_wconf 87' lang='lat' dir='ltr'><strong>superasse</strong></span> <span class='ocrx_word' id='word_1_757' title='bbox 3206 4814 3322 4855; x_wconf 89' lang='lat' dir='ltr'><strong>eam</strong></span> <span class='ocrx_word' id='word_1_758' title='bbox 3347 4808 3494 4866; x_wconf 87' lang='lat' dir='ltr'><strong>puto,</strong></span> <span class='ocrx_word' id='word_1_759' title='bbox 3540 4808 3689 4854; x_wconf 87' lang='lat' dir='ltr'><strong>certe</strong></span> 
     </span>
    </p>
   </div>
   <div class='ocr_carea' id='block_1_107' title="bbox 2101 4890 3689 4960">
    <p class='ocr_par' dir='ltr' id='par_1_107' title="bbox 2101 4890 3689 4960">
     <span class='ocr_line' id='line_1_107' title="bbox 2101 4890 3689 4960; baseline 0.001 -16"><span class='ocrx_word' id='word_1_760' title='bbox 2101 4906 2207 4945; x_wconf 89' lang='lat' dir='ltr'><strong>non</strong></span> <span class='ocrx_word' id='word_1_761' title='bbox 2250 4901 2376 4944; x_wconf 88' lang='lat' dir='ltr'><strong>ante</strong></span> <span class='ocrx_word' id='word_1_762' title='bbox 2426 4890 2725 4944; x_wconf 82' lang='lat' dir='ltr'><strong>Manuelem</strong></span> <span class='ocrx_word' id='word_1_763' title='bbox 2778 4890 3117 4944; x_wconf 82' lang='lat' dir='ltr'><strong>Comnenum</strong></span> <span class='ocrx_word' id='word_1_764' title='bbox 3179 4891 3363 4946; x_wconf 71' lang='lat' dir='ltr'><strong>stecttli</strong></span> <span class='ocrx_word' id='word_1_765' title='bbox 3420 4907 3496 4945; x_wconf 82' lang='lat' dir='ltr'><strong>xu</strong></span> <span class='ocrx_word' id='word_1_766' title='bbox 3534 4904 3689 4960; x_wconf 81' lang='lat' dir='ltr'><strong>parte</strong></span> 
     </span>
    </p>
   </div>
   <div class='ocr_carea' id='block_1_108' title="bbox 2100 4980 3682 5054">
    <p class='ocr_par' dir='ltr' id='par_1_108' title="bbox 2100 4980 3682 5054">
     <span class='ocr_line' id='line_1_108' title="bbox 2100 4980 3682 5054; baseline 0.001 -18"><span class='ocrx_word' id='word_1_767' title='bbox 2100 4984 2291 5037; x_wconf 84' lang='lat' dir='ltr'><strong>altera.</strong></span> <span class='ocrx_word' id='word_1_768' title='bbox 2352 4980 2629 5050; x_wconf 85' lang='lat' dir='ltr'><strong>Strategos</strong></span> <span class='ocrx_word' id='word_1_769' title='bbox 2666 4981 2787 5051; x_wconf 88' lang='lat' dir='ltr'><strong>ejus</strong></span> <span class='ocrx_word' id='word_1_770' title='bbox 2821 4982 2986 5037; x_wconf 89' lang='lat' dir='ltr'><strong>babes</strong></span> <span class='ocrx_word' id='word_1_771' title='bbox 3041 4984 3181 5051; x_wconf 91' lang='lat' dir='ltr'><strong>apud</strong></span> <span class='ocrx_word' id='word_1_772' title='bbox 3215 4982 3551 5054; x_wconf 65' lang='lat' dir='ltr'><strong>Porphyrog,</strong></span> <span class='ocrx_word' id='word_1_773' title='bbox 3587 4983 3682 5038; x_wconf 90' lang='lat' dir='ltr'><strong>lib.</strong></span> 
     </span>
    </p>
   </div>
   <div class='ocr_carea' id='block_1_109' title="bbox 2105 5074 3689 5145">
    <p class='ocr_par' dir='ltr' id='par_1_109' title="bbox 2105 5074 3689 5145">
     <span class='ocr_line' id='line_1_109' title="bbox 2105 5074 3689 5145; baseline -0.001 -15"><span class='ocrx_word' id='word_1_774' title='bbox 2105 5087 2159 5131; x_wconf 90' lang='lat' dir='ltr'><strong>et</strong></span> <span class='ocrx_word' id='word_1_775' title='bbox 2191 5078 2312 5145; x_wconf 76' lang='lat' dir='ltr'><strong>ca‘p.</strong></span> <span class='ocrx_word' id='word_1_776' title='bbox 2358 5076 2453 5128; x_wconf 91' lang='lat' dir='ltr'><strong>cit.</strong></span> <span class='ocrx_word' id='word_1_777' title='bbox 2487 5074 2833 5130; x_wconf 86' lang='lat' dir='ltr'><strong>Uberiusboc</strong></span> <span class='ocrx_word' id='word_1_778' title='bbox 2849 5074 3029 5128; x_wconf 88' lang='lat' dir='ltr'><strong>thema</strong></span> <span class='ocrx_word' id='word_1_779' title='bbox 3057 5075 3284 5129; x_wconf 85' lang='lat' dir='ltr'><strong>tractavi</strong></span> <span class='ocrx_word' id='word_1_780' title='bbox 3314 5075 3367 5129; x_wconf 92' lang='lat' dir='ltr'><strong>in</strong></span> <span class='ocrx_word' id='word_1_781' title='bbox 3397 5074 3689 5132; x_wconf 84' lang='lat' dir='ltr'><strong>Thessalo-</strong></span> 
     </span>
    </p>
   </div>
   <div class='ocr_carea' id='block_1_110' title="bbox 2103 5167 2739 5234">
    <p class='ocr_par' dir='ltr' id='par_1_110' title="bbox 2103 5167 2739 5234">
     <span class='ocr_line' id='line_1_110' title="bbox 2103 5167 2739 5234; baseline 0.002 -13"><span class='ocrx_word' id='word_1_782' title='bbox 2103 5168 2222 5222; x_wconf 89' lang='lat' dir='ltr'><strong>nica</strong></span> <span class='ocrx_word' id='word_1_783' title='bbox 2255 5181 2392 5229; x_wconf 87' lang='lat' dir='ltr'><strong>mea,</strong></span> <span class='ocrx_word' id='word_1_784' title='bbox 2439 5181 2597 5234; x_wconf 90' lang='lat' dir='ltr'><strong>quam</strong></span> <span class='ocrx_word' id='word_1_785' title='bbox 2622 5167 2739 5222; x_wconf 84' lang='lat' dir='ltr'><strong>adi.</strong></span> 
     </span>
    </p>
   </div>
   <div class='ocr_carea' id='block_1_111' title="bbox 2174 5258 3687 5332">
    <p class='ocr_par' dir='ltr' id='par_1_111' title="bbox 2174 5258 3687 5332">
     <span class='ocr_line' id='line_1_111' title="bbox 2174 5258 3687 5332; baseline 0.003 -21"><span class='ocrx_word' id='word_1_786' title='bbox 2174 5258 2428 5323; x_wconf 77' lang='lat' dir='ltr'><strong>Quintum</strong></span> <span class='ocrx_word' id='word_1_787' title='bbox 2483 5258 2677 5322; x_wconf 86' lang='lat' dir='ltr'><strong>thema,</strong></span> <span class='ocrx_word' id='word_1_788' title='bbox 2716 5258 2921 5313; x_wconf 77' lang='lat' dir='ltr'><strong>Helias.</strong></span> <span class='ocrx_word' id='word_1_789' title='bbox 2950 5258 3006 5313; x_wconf 85' lang='lat' dir='ltr'><strong>in</strong></span> <span class='ocrx_word' id='word_1_790' title='bbox 3059 5260 3428 5315; x_wconf 86' lang='lat' dir='ltr'><strong>describendis</strong></span> <span class='ocrx_word' id='word_1_791' title='bbox 3476 5260 3687 5332; x_wconf 86' lang='lat' dir='ltr'><strong>Byzan-</strong></span> 
     </span>
    </p>
   </div>
   <div class='ocr_carea' id='block_1_112' title="bbox 2108 5350 3687 5421">
    <p class='ocr_par' dir='ltr' id='par_1_112' title="bbox 2108 5350 3687 5421">
     <span class='ocr_line' id='line_1_112' title="bbox 2108 5350 3687 5421; baseline 0.001 -16"><span class='ocrx_word' id='word_1_792' title='bbox 2108 5350 2343 5406; x_wconf 88' lang='lat' dir='ltr'><strong>tiuarmu</strong></span> <span class='ocrx_word' id='word_1_793' title='bbox 2372 5352 2774 5419; x_wconf 83' lang='lat' dir='ltr'><strong>provinciarum</strong></span> <span class='ocrx_word' id='word_1_794' title='bbox 2812 5352 3076 5406; x_wconf 89' lang='lat' dir='ltr'><strong>limitibus</strong></span> <span class='ocrx_word' id='word_1_795' title='bbox 3123 5354 3168 5408; x_wconf 91' lang='lat' dir='ltr'><strong>si</strong></span> <span class='ocrx_word' id='word_1_796' title='bbox 3227 5354 3489 5408; x_wconf 90' lang='lat' dir='ltr'><strong>terminos</strong></span> <span class='ocrx_word' id='word_1_797' title='bbox 3517 5353 3687 5421; x_wconf 82' lang='lat' dir='ltr'><strong>majo-</strong></span> 
     </span>
    </p>
   </div>
   <div class='ocr_carea' id='block_1_113' title="bbox 2107 5446 3688 5518">
    <p class='ocr_par' dir='ltr' id='par_1_113' title="bbox 2107 5446 3688 5518">
     <span class='ocr_line' id='line_1_113' title="bbox 2107 5446 3688 5518; baseline 0 -20"><span class='ocrx_word' id='word_1_798' title='bbox 2107 5460 2222 5498; x_wconf 89' lang='lat' dir='ltr'><strong>rum</strong></span> <span class='ocrx_word' id='word_1_799' title='bbox 2253 5446 2623 5515; x_wconf 86' lang='lat' dir='ltr'><strong>metropolcon</strong></span> <span class='ocrx_word' id='word_1_800' title='bbox 2673 5447 2920 5515; x_wconf 87' lang='lat' dir='ltr'><strong>sequaris</strong></span> <span class='ocrx_word' id='word_1_801' title='bbox 2954 5447 3078 5516; x_wconf 83' lang='lat' dir='ltr'><strong>(nec</strong></span> <span class='ocrx_word' id='word_1_802' title='bbox 3148 5447 3305 5502; x_wconf 89' lang='lat' dir='ltr'><strong>video</strong></span> <span class='ocrx_word' id='word_1_803' title='bbox 3353 5462 3525 5518; x_wconf 88' lang='lat' dir='ltr'><strong>quare</strong></span> <span class='ocrx_word' id='word_1_804' title='bbox 3584 5448 3688 5500; x_wconf 90' lang='lat' dir='ltr'><strong>alia</strong></span> 
     </span>
    </p>
   </div>
   <div class='ocr_carea' id='block_1_114' title="bbox 2103 5537 3691 5610">
    <p class='ocr_par' dir='ltr' id='par_1_114' title="bbox 2103 5537 3691 5610">
     <span class='ocr_line' id='line_1_114' title="bbox 2103 5537 3691 5610; baseline 0.001 -20"><span class='ocrx_word' id='word_1_805' title='bbox 2103 5550 2318 5606; x_wconf 74' lang='lat' dir='ltr'><strong>semper</strong></span> <span class='ocrx_word' id='word_1_806' title='bbox 2367 5538 2453 5591; x_wconf 89' lang='lat' dir='ltr'><strong>via</strong></span> <span class='ocrx_word' id='word_1_807' title='bbox 2513 5538 2724 5608; x_wconf 75' lang='lat' dir='ltr'><strong>utariS),</strong></span> <span class='ocrx_word' id='word_1_808' title='bbox 2773 5540 3011 5593; x_wconf 87' lang='lat' dir='ltr'><strong>ambitus</strong></span> <span class='ocrx_word' id='word_1_809' title='bbox 3059 5539 3215 5610; x_wconf 82' lang='lat' dir='ltr'><strong>hujus</strong></span> <span class='ocrx_word' id='word_1_810' title='bbox 3242 5540 3496 5596; x_wconf 86' lang='lat' dir='ltr'><strong>thematis</strong></span> <span class='ocrx_word' id='word_1_811' title='bbox 3547 5537 3691 5591; x_wconf 81' lang='lat' dir='ltr'><strong>facili</strong></span> 
     </span>
    </p>
   </div>
   <div class='ocr_carea' id='block_1_115' title="bbox 2105 5627 3692 5707">
    <p class='ocr_par' dir='ltr' id='par_1_115' title="bbox 2105 5627 3692 5707">
     <span class='ocr_line' id='line_1_115' title="bbox 2105 5627 3692 5707; baseline 0.003 -25"><span class='ocrx_word' id='word_1_812' title='bbox 2105 5642 2267 5695; x_wconf 78' lang='lat' dir='ltr'><strong>opera</strong></span> <span class='ocrx_word' id='word_1_813' title='bbox 2294 5627 2504 5684; x_wconf 84' lang='lat' dir='ltr'><strong>deliniri</strong></span> <span class='ocrx_word' id='word_1_814' title='bbox 2544 5630 2761 5699; x_wconf 88' lang='lat' dir='ltr'><strong>poterit.</strong></span> <span class='ocrx_word' id='word_1_815' title='bbox 2816 5628 3146 5687; x_wconf 85' lang='lat' dir='ltr'><strong>Habebimus</strong></span> <span class='ocrx_word' id='word_1_816' title='bbox 3167 5633 3322 5707; x_wconf 82' lang='lat' dir='ltr'><strong>enim</strong></span> <span class='ocrx_word' id='word_1_817' title='bbox 3347 5647 3439 5687; x_wconf 87' lang='lat' dir='ltr'><strong>eos</strong></span> <span class='ocrx_word' id='word_1_818' title='bbox 3464 5628 3692 5687; x_wconf 56' lang='lat' dir='ltr'><strong>Gracia:</strong></span> 
     </span>
    </p>
   </div>
   <div class='ocr_carea' id='block_1_116' title="bbox 510 5811 2906 5890">
    <p class='ocr_par' dir='ltr' id='par_1_116' title="bbox 510 5811 2906 5890">
     <span class='ocr_line' id='line_1_116' title="bbox 510 5811 2906 5890; baseline -0.001 -19"><span class='ocrx_word' id='word_1_819' title='bbox 510 5819 579 5890; x_wconf 77' lang='lat' dir='ltr'><strong>(li)</strong></span> <span class='ocrx_word' id='word_1_820' title='bbox 634 5818 820 5884; x_wconf 66' lang='grc' dir='ltr'><strong>’1111ιὶ11,</strong></span> <span class='ocrx_word' id='word_1_821' title='bbox 853 5814 990 5870; x_wconf 78' lang='lat' dir='ltr'><strong>Sor.</strong></span> <span class='ocrx_word' id='word_1_822' title='bbox 1039 5818 1134 5870; x_wconf 82' lang='lat' dir='ltr'><strong>civ.</strong></span> <span class='ocrx_word' id='word_1_823' title='bbox 1175 5834 1199 5869; x_wconf 87' lang='lat' dir='ltr'><strong>c</strong></span> <span class='ocrx_word' id='word_1_824' title='bbox 1231 5814 1376 5869; x_wconf 77' lang='lat' dir='ltr'><strong>nolit.</strong></span> <span class='ocrx_word' id='word_1_825' title='bbox 1440 5813 1524 5869; x_wconf 82' lang='lat' dir='ltr'><strong>del</strong></span> <span class='ocrx_word' id='word_1_826' title='bbox 1565 5813 1872 5869; x_wconf 79' lang='lat' dir='ltr'><strong>commercio</strong></span> <span class='ocrx_word' id='word_1_827' title='bbox 1900 5813 1982 5867; x_wconf 83' lang='lat' dir='ltr'><strong>dei</strong></span> <span class='ocrx_word' id='word_1_828' title='bbox 2020 5811 2320 5868; x_wconf 74' lang='lat' dir='ltr'><strong>i&#39;cneziam&#39;.</strong></span> <span class='ocrx_word' id='word_1_829' title='bbox 2360 5825 2395 5869; x_wconf 91' lang='lat' dir='ltr'><strong>t.</strong></span> <span class='ocrx_word' id='word_1_830' title='bbox 2442 5813 2528 5883; x_wconf 78' lang='lat' dir='ltr'><strong>lii,</strong></span> <span class='ocrx_word' id='word_1_831' title='bbox 2560 5830 2611 5885; x_wconf 80' lang='grc' dir='ltr'>ιι.</span> <span class='ocrx_word' id='word_1_832' title='bbox 2647 5817 2750 5870; x_wconf 74' lang='grc'><strong>510</strong></span> <span class='ocrx_word' id='word_1_833' title='bbox 2781 5815 2906 5870; x_wconf 61' lang='lat'><strong>527.</strong></span> 
     </span>
    </p>
   </div>
  </div>
