4166 6452
455 296 537 356 73
1567 303 1666 361 DE
1708 303 2208 365 THEMATIBUS
2242 303 2630 364 ORIENTIS.
3663 305 3733 370 74

459 412 601 476 τοὺς
634 411 1002 481 σταδιασμοὺς
1058 411 1159 483 τῆς
1197 413 1320 484 ὅλης
1352 416 1678 485 οἰκουμένης
1740 418 2061 488 ἀπογραψά‹

2173 419 2283 488 psit
2321 434 2335 470 :
2373 434 2552 488 neque
2603 419 2800 490 scylax
2833 419 3268 490 Caryandenus:
3303 437 3481 494 neque
3539 424 3748 482 Pausa—

459 516 660 569 μενος,
707 498 832 553 οὔτε
886 501 993 570 μὴν
1029 500 1246 566 Σκύλαξ
1269 505 1298 556 δ
1331 504 1732 575 Καρυανδηνὸς,
1764 504 1890 560 οὔτε
1919 508 2066 560 Παυ-

459 589 667 653 σανίας
702 589 815 661 (52)
840 591 869 642 ὁ
897 591 1288 662 Δαμασκηνὸς,
1317 591 1437 646 οὔτε
1478 593 1638 658 ἄλλος
1675 613 1757 660 τις
1784 595 1893 649 τῶν
1920 597 2066 649 ἱστο-

461 681 594 750 ρίας
627 681 1012 751 γεγραφότων·
1068 684 1171 736 καὶ
1205 684 1455 752 φαίνεται
1487 687 1731 758 νεωτέρα
1758 691 1791 757 ἠ
1840 687 2066 758 τοιαύτη

457 773 763 840 ὀνομασία·
804 771 926 826 οὔτε
959 773 1069 844 γὰρ
1101 775 1429 845 Προκόπιος,
1487 776 1611 831 οὔτε
1651 778 1756 849 μὴν
1781 778 2066 847 Ἀγαθίας,

454 862 590 916 οὔτε
628 863 942 934 Μένανδρος
972 864 1110 934 (55),
1161 863 1284 918 οὔτε
1332 865 1583 937 Ἦσύχιος
1639 869 1667 921 ὁ
1717 867 2068 940 Ἰλλούστριος

460 954 887 1022 ἐμνημόνευσαν
911 954 1021 1024 (54)
1057 954 1151 1008 τοῦ
1180 954 1422 1008 τοιούτου
1459 957 1746 1026 ὀνόματος,
1778 959 1826 1009 οἱ
1849 959 1920 1010 τὰ
1940 974 2069 1028 χρο-

464 1045 603 1098 νικά
635 1045 1005 1109 συντάξαντες
1037 1047 1133 1099 ἐπὶ
1186 1048 1284 1115 τῆς
1334 1047 1712 1102 Ἰουστινιανοῦ
1764 1047 2064 1117 βασιλείας.

461 1137 578 1206 τὴν
602 1136 718 1206 γὰρ
757 1137 1164 1191 Καππαδοκίαν
1199 1139 1310 1209 (55)
1348 1140 1398 1192 oi
1426 1139 1646 1192 παλαιοὶ
1677 1140 1757 1202 είς
1795 1141 1922 1209 τρία
1974 1139 2066 1193 τέ-

465 1243 670 1297 μνουσι
707 1225 878 1295 μέρηο
910 1225 991 1289 εἷς
1023 1243 1084 1279 τε
1124 1227 1434 1282 Καταονίαν
1469 1228 1607 1299 (56),
1635 1228 1734 1300 τὴν
1761 1229 1871 1283 άπὸ
1901 1229 2069 1283 Μελι-

460 1319 637 1388 τηνῆς
697 1318 1032 1388 ἀρχομένην,
1082 1319 1180 1372 καὶ
1219 1320 1318 1392 τὴν
1363 1321 1473 1375 ἀπὸ
1533 1321 1628 1375 τοῦ
1667 1321 1884 1392 Ταύρου
1919 1323 2067 1377 Tau-

468 1410 633 1479 ρικὴν
664 1409 1095 1480 ὠνομασμένην,
1154 1411 1250 1464 καὶ
1299 1413 1468 1481 αὐτὴν
1497 1413 1596 1483 τὴν
1643 1413 1954 1483 μεσόγαιον,
2006 1417 2064 1468 ὲν

469 1497 508 1574 ᾖ
532 1502 849 1572 Καισάρεια
875 1503 909 1573 η
942 1503 1096 1566 πόλις
1144 1503 1259 1573 (37)
1292 1504 1400 1556 τῶν
1435 1505 1822 1559 Καππαδοκῶν
1860 1507 2068 1578 μητρό-

477 1595 634 1658 πολις
671 1595 908 1666 ἵδρυται.
999 1595 1239 1649 Καλούσι
1283 1597 1339 1650 δὲ
1379 1599 1426 1650 oi
1463 1597 1685 1652 παλαιοὶ
1722 1599 1969 1670 μεγάλην
2006 1617 2066 1653 τε

2175 510 2298 565 nias
2328 511 2728 566 Damasceuus.
2783 510 2888 568 Sed
2921 528 3098 582 neque
3117 513 3259 568 alius
3327 516 3619 586 quisquam
3649 533 3747 572 eo-

2175 616 2297 656 rum
2338 601 2429 671 qui
2483 602 2768 656 historiam
2825 604 3189 674 scripserunt.
3261 606 3427 676 Atqui
3473 609 3748 663 recentio-

2177 706 2291 747 rem
2327 707 2451 747 esse
2481 692 2622 747 hanc
2649 695 3070 764 appellationem
3123 711 3190 750 ex
3243 711 3310 752 eo
3337 698 3516 769 colligi
3545 711 3748 769 potest,

2175 786 2321 856 quod
2369 800 2548 855 neque
2589 784 2915 857 Procopius,
2965 803 3148 857 neque
3225 789 3511 859 Agathias,
3574 808 3752 862 neque

2176 878 2491 943 Menander,
2555 893 2733 946 neque
2802 877 3109 949 Hesychius
3200 879 3508 950 lllustrius,
3585 885 3751 938 ullam

2175 968 2342 1037 hujus
2382 968 2620 1023 nominis
2657 969 2988 1024 mentionem
3043 967 3273 1031 faciant,
3339 970 3466 1025 licet
3513 972 3618 1041 ipsi
3666 973 3754 1027 hi-

2176 1059 2403 1116 storiam
2448 1059 2764 1114 Justiniano
2793 1061 3098 1128 imperante
3125 1063 3585 1130 conscripseriut.
3611 1062 3754 1132 Cap-

2175 1153 2462 1223 padociam
2522 1152 2667 1207 enim
2699 1163 2910 1208 veteres
2972 1153 3026 1206 in
3062 1161 3174 1208 tres
3211 1162 3394 1222 partes
3427 1165 3748 1219 secuerunt,

2172 1245 2429 1300 videlicet
2491 1245 2545 1299 in
2593 1243 2940 1308 Cataoniam,
2986 1260 3108 1314 qua:
3152 1260 3182 1299 a
3237 1246 3488 1302 Melitcna
3532 1248 3751 1303 initium

2174 1337 2397 1408 accipit,
2420 1347 2475 1392 et
2513 1340 2568 1391 in
2599 1352 2719 1391 eam
2763 1351 2888 1406 qua:
2937 1351 2967 1390 a
3025 1337 3210 1392 Tauro
3275 1348 3457 1394 monte
3514 1338 3752 1394 Taurica

2172 1439 2560 1497 nuncupatur;
2618 1442 2831 1482 necnon
2862 1429 2914 1482 iu
2950 1429 3224 1499 regionem
3260 1431 3437 1500 ipsam
3489 1432 3754 1487 mediter-

2173 1536 2420 1584 raneam,
2463 1520 2661 1588 inqua
2701 1529 2756 1574 et
2785 1519 3034 1574 Caesarea
3089 1521 3221 1576 urbs
3258 1533 3362 1588 est,
3390 1521 3754 1593 Cappadociae

2175 1611 2514 1681 metropolis.
2557 1609 2784 1665 Veteres
2844 1618 3026 1664 autem
3081 1611 3344 1681 majorem
3375 1622 3428 1665 et
3482 1613 3752 1668 minorem

485 1687 578 1738 καὶ
624 1687 830 1756 μικρὰν
881 1686 1301 1741 Καππαδοκίαν.
1366 1689 1626 1760 Μεγάλην
1655 1690 1754 1760 μὲν
1804 1691 1904 1762 τὴν
1959 1693 2061 1745 ἀπὸ

2175 1702 2582 1772 Cappadociam
2635 1702 2953 1771 appellant;
3015 1718 3079 1757 ac
3131 1704 3389 1772 majorem
3439 1705 3660 1776 qitidem
3717 1721 3752 1760 a

475 1779 821 1848 Καισαρείας
849 1795 910 1832 τε
967 1781 1062 1833 καὶ
1099 1779 1196 1834 τοῦ
1230 1781 1466 1852 Ταύρου,
1529 1783 1624 1836 καὶ
1656 1782 1760 1847 ἓως
1790 1784 1892 1853 τῆς
1935 1785 2061 1838 Πον-

2175 1795 2425 1850 Caesarea
2465 1803 2522 1849 et
2575 1794 2779 1860 Tauro,
2833 1798 2902 1850 ad
2960 1793 3252 1851 Ponticum
3323 1812 3477 1853 mare
3532 1813 3748 1868 usque;

468 1872 633 1939 τικῆς
676 1871 976 1942 θαλάσσης,
1036 1873 1106 1943 ἣν
1153 1875 1380 1945 διορίζει
1431 1875 1599 1938 ’Ἅλυς
1654 1877 1754 1946 μὲν
1818 1879 2067 1946 ποταμὸς

465 1963 536 2013 ἐκ
561 1961 815 2032 δυσμῶν,
833 1963 1112 2034 Μελιτηνὴ
1145 1965 1202 2018 δὲ
1231 1965 1290 2029 ἐξ
1320 1966 1614 2020 ἀνατολῶν.
1652 1967 1763 2021 Kal.
1794 1967 1936 2037 αὓτη
1969 1969 2068 2037 μὲν

467 2054 504 2122 ἠ
536 2053 757 2122 μεγάλη
791 2053 1177 2110 Καππαδοκίαο
1204 2057 1521 2110 καὶτούτων
1547 2057 1756 2127 μάρτυς
1781 2058 2064 2125 Πολύϐιος,

460 2147 490 2198 ὁ
522 2147 627 2215 τὴν
701 2145 1017 2219 Ῥωμαϊκὴν
1086 2148 1328 2220 ἱστορίαν
1381 2149 1698 2221 γεγραφώς·
1759 2152 1817 2215 ὃς
1845 2154 2071 2226 διορίζει

458 2237 568 2306 τὴν
608 2238 1010 2291 Καππαδοκίαν
1056 2239 1166 2293 ἀπό
1207 2257 1268 2294 τε
1309 2241 1525 2311 Ταύρου
1583 2245 1678 2298 καὶ
1739 2247 2064 2312 Λυκαονίας,

466 2329 571 2380 καὶ
604 2329 713 2391 ἓως
745 2331 843 2400 τῆς
875 2330 1149 2400 Ποντικῆς
1185 2331 1474 2402 Θαλάττης.
1553 2335 1664 2388 Καὶ
1708 2337 1847 2408 αὐτὴ
1879 2337 1988 2408 γὰρ
2033 2339 2066 2408 ἡ

462 2418 899 2490 Νεοκαισάρεια,
927 2423 964 2492 ἦ
1003 2439 1061 2475 τε
1108 2422 1384 2477 Κολώνεια
1437 2425 1548 2495 (58)
1589 2426 1743 2496 καὶὴ
1789 2427 2069 2501 Μελιτηνὴ

466 2510 770 2579 σύμπασα,
795 2512 1161 2567 Καππαδοκία
1198 2513 1434 2583 λέγεται.
1502 2518 1656 2571 Ἐστι
1703 2519 1762 2572 δὲ
1801 2519 1864 2572 τὸ
1897 2519 2069 2590 ὄνομα

469 2598 767 2666 Περσικὸν·
801 2599 1016 2670 Πέρσης
1050 2601 1160 2671 γάρ
1187 2619 1272 2665 τις
1310 2603 1450 2673 ἀνὴρ
1487 2605 1545 2657 ἐν
1576 2606 1824 2678 κυνηγίῳ
1862 2608 2064 2677 Ἀρτα-

467 2690 640 2762 ξέρξῃ
667 2691 745 2762 τῷ
779 2692 1007 2761 βασιλεῖ,
1038 2693 1072 2764 ἢ
1099 2694 1202 2747 ούκ
1228 2690 1344 2748 οἶδα
1371 2696 1515 2766 άλλῳ
1552 2698 1682 2763 τίνι,
1710 2699 1851 2752 λέων
1875 2716 2052 2770 προσ-

467 2783 830 2854 απαντησας,
863 2785 958 2838 τοῦ
1006 2785 1178 2838 ἵππου
1209 2786 1304 2840 τοῦ
1336 2787 1605 2857 βασιλέως
1637 2789 1926 2861 ἐδράξατο⁸
1971 2794 2066 2846 καὶ

466 2878 618 2929 κατὰ
657 2879 828 2948 τύχην
884 2878 1132 2948 εὑρεθεὶς
1166 2880 1194 2931 ὁ
1232 2880 1452 2952 Πέρσης
1507 2882 1564 2934 ὲν
1603 2881 1682 2952 τῷ
1734 2882 1830 2937 τοῦ
1897 2886 2064 2954 θηρὸς

467 2973 880 3039 συναντήματι,
908 2969 1002 3022 τὸν
1051 2970 1324 3040 ἀκινάκην
1363 2974 1737 3044 σπασάμενος,
1793 2975 2066 3047 ἐρρύσατο

2170 1901 2333 1954 quam
2366 1887 2624 1941 terminat
2659 1886 2825 1956 Halys
2853 1890 3071 1956 quidem
3139 1888 3340 1944 ﬂuvius
3376 1890 3446 1944 ab
3501 1889 3751 1956 Occasu,

2171 1979 2427 2034 Melitene
2469 1994 2599 2034 vero
2627 1981 2697 2034 ab
2753 1979 2996 2036 Oriente.
3033 1983 3210 2051 Atque
3243 1982 3355 2036 haec
3409 1983 3631 2052 quidem
3666 1991 3753 2039 est

2176 2072 2348 2140 major
2407 2072 2770 2142 Cappadocia.
2834 2083 2893 2127 ut
2974 2083 3208 2129 testatur
3278 2073 3560 2146 Polybius,
3654 2076 3754 2145 qui

2173 2161 2478 2218 Romanam
2520 2163 2809 2217 historiam
2860 2164 3116 2232 scripsit;
3171 2166 3264 2234 qui
3297 2166 3519 2234 quidem
3562 2167 3755 2221 termi-

2176 2261 2270 2308 nat
2295 2253 2700 2324 Cappadociam
2745 2270 2774 2308 a
2800 2253 2981 2309 Tauro
3011 2265 3064 2311 et
3097 2256 3394 2326 Lycaonia,
3431 2257 3499 2312 ad
3555 2257 3754 2312 Ponti-

2174 2360 2300 2400 cum
2343 2359 2494 2399 mare
2535 2346 2892 2414 usque;ipsa
2949 2347 3220 2416 siquidem
3301 2349 3643 2404 Neoca‘saria
3701 2359 3758 2404 et

2175 2436 2436 2500 Colonea,
2462 2444 2518 2490 et
2549 2435 2800 2491 Melitene
2831 2437 3109 2503 universa,
3139 2438 3485 2508 Cappadocia
3509 2440 3756 2509 appella-

2178 2538 2296 2588 tur.
2340 2527 2437 2582 Est
2468 2540 2598 2580 vero
2637 2541 2834 2580 nomen
2883 2524 3358 2591 Persicum;nam
3399 2543 3524 2582 cum
3556 2529 3614 2598 6
3657 2530 3758 2582 Ar-

2179 2617 2389 2671 taxerxi
2447 2619 2584 2686 regi,
2646 2625 2738 2669 aut
2802 2618 2993 2670 nescio
3030 2631 3100 2670 an
3163 2617 3321 2670 alteri
3366 2617 3610 2685 cuidam,
3669 2619 3755 2674 leo

2179 2710 2324 2764 inter
2355 2709 2667 2764 venandum
2711 2710 3073 2771 occurrisset,
3129 2709 3364 2778 ejusque
3415 2725 3618 2779 equum
3668 2711 3756 2765 in—

2175 2798 2430 2861 vasisset,
2474 2797 2694 2851 oblatus
2739 2812 2874 2851 casu
2921 2795 3087 2852 Persa
3118 2795 3340 2865 quidam
3370 2797 3423 2850 in
3451 2796 3556 2852 hoc
3580 2796 3756 2851 leonis

2175 2902 2435 2950 occursu,
2471 2889 2666 2942 stricto
2695 2888 2944 2951 acinace,
3000 2902 3180 2956 regem
3237 2887 3306 2941 de
3353 2887 3462 2940 vita
3528 2885 3756 2955 pericli-

2176 2986 2381 3034 tantem
2408 2979 2684 3043 liberavit,
2739 2988 2795 3034 et
2818 2979 3029 3034 leonem
3067 2977 3365 3034 interfecit.
3407 2977 3507 3032 Hic
3567 2978 3754 3048 itaque

465 3063 561 3112 τὸν
625 3061 853 3129 βασιλέα
907 3063 1061 3133 παρά
1119 3063 1318 3134 μικρὸν
1370 3065 1924 3131 κινδυνεύονταμκαὶ
1974 3067 2061 3121 τὸν

2176 3070 2343 3128 Persa
2363 3087 2489 3126 cum
2518 3071 2846 3126 altissimum
2889 3071 3178 3142 quemdam
3216 3077 3455 3125 montem
3485 3084 3756 3125 conscen-

465 3151 666 3204 λέοντα
699 3151 1065 3207 ἐθανάτωσεν.
1121 3145 1292 3218 Οὗτος
1345 3149 1438 3208 οὖν
1469 3155 1498 3206 ὁ
1537 3156 1758 3227 Πέρσης
1785 3156 1879 3210 ὲπί
1921 3175 2061 3222 τινος

2176 3164 2376 3230 disset,
2409 3165 2838 3236 universamque
2857 3167 3162 3236 regionem,
3187 3163 3368 3234 quoad
3431 3163 3754 3233 longissime

465 3247 634 3317 δρους
667 3245 1009 3317 ὑψηλοτάτου
1037 3248 1270 3316 ἀναϐὰς,
1301 3249 1396 3303 καὶ
1427 3252 1610 3304 πᾶσαν
1639 3250 1741 3322 τὴν
1772 3252 1877 3321 γῆν
1909 3269 2068 3322 περι-

467 3340 768 3408 σιωπήσας
792 3379 808 3404 ,
848 3341 981 3410 ὅσην
1025 3341 1305 3412 ὀφθαλμὸς
1351 3341 1694 3415 ἀνθρώπινος
1744 3345 2067 3415 περιϐλέπει

2176 3255 2400 3311 humani
2429 3258 2574 3311 oculi
2621 3257 2771 3311 acies
2812 3258 3126 3327 pertingere
3141 3263 3360 3325 posset,
3423 3254 3752 3324 circumspi-

2169 3350 2346 3412 ciens,
2399 3357 2508 3402 tam
2569 3348 2839 3404 orientem
2893 3358 2949 3404 et
3004 3347 3548 3418 occidentem,quam
3579 3346 3751 3402 meri-

1632 3477 1935 3535 ANSELMI
1969 3478 2294 3536 BANDURII
2324 3479 2556 3536 ΝΟΤΛΕ.

467 3607 782 3679 rogenitus,
833 3605 978 3660 idem
1011 3620 1146 3679 sane
1165 3617 1249 3660 est
1275 3605 1369 3679 qui
1393 3604 1785 3679 Pergamenus,
1807 3605 2059 3679 celebris

474 3675 561 3733 ille
598 3678 991 3746 Geograpbus,
1011 3676 1174 3746 cujus
1201 3677 1408 3731 mentio
1429 3675 1680 3746 occurrit
1706 3675 1774 3746 in_
1806 3675 2058 3744 Epitome

474 3743 810 3803 Artemidori
830 3743 1095 3816 Ephesii,
1125 3761 1246 3814 quae
1277 3761 1401 3799 cum
1429 3745 1709 3816 Marciano
1737 3743 2060 3816 Heracleota

463 3820 616 3873 edita
660 3826 769 3872 est.
823 3813 1058 3886 Menippi
1113 3813 1284 3886 hujus
1311 3817 1576 3885 periplum
1604 3813 1713 3886 τών
1733 3813 1827 3866 δύο
1845 3817 2059 3886 πόντιον

463 3893 605 3942 citat
669 3883 988 3956 Stephanus
1012 3883 1070 3939 in
1112 3883 1502 3956 Ἑρμώνασσα,
1542 3884 1812 3956 Χαδίσιοι,
1837 3883 2058 3956 ειΧαλ-

464 3960 576 4012 δία.
613 3953 1136 4036 Ideni—"Stephanus
1168 3953 1290 4036 ejus
1320 3955 1592 4036 periplum
1646 3953 1914 4036 Bithyna:
1961 3953 2060 4032 ad-

461 4037 632 4083 vocat
683 4027 737 4079 in
791 4023 1094 4094 Χαλκηδών
1133 4041 1147 4054 °
1182 4023 1612 4094 itcnrperiplutn
1677 4023 2066 4094 Paphlagonia:

464 4099 522 4151 in
559 4098 712 4159 Τίος.
760 4099 935 4166 Atque
981 4097 1123 4166 idern
1145 4095 1387 4166 periplus
1413 4094 1744 4166 signaturin
1798 4095 2060 4166 Ἀρμενη,

459 4171 676 4236 quippe
710 4163 1036 4235 quaa'vicus
1071 4163 1455 4235 Paphlagonia:
1502 4180 1624 4220 esse
1644 4163 2065 4219 dicatur.’Vid’e

464 4242 537 4292 de
565 4238 838 4292 ﬂeuimus
878 4235 1168 4291 Vossium.

505 4256 537 4292 Θ
565 4250 838 4292 HCIIZDDIS
885 4250 1138 4291 VOSSIUITI
1153 4272 1168 4289 .

565 4251 838 4305 nemppzs
885 4251 1168 4291 vossrum.

539 4308 659 4375 (δὴ
691 4306 783 4358 Su:
815 4323 917 4360 tus.
950 4306 1005 4360 In
1039 4305 1202 4362 editis
1268 4305 1391 4361 hac
1449 4303 1785 4374 transposita
1845 4319 1910 4360 ac
1977 4304 2064 4359 iu-

463 4393 636 4433 versa
671 4377 960 4430 habentur.

543 4449 664 4516 (⁸55)
712 4449 781 4498 At
835 4447 1130 4502 Menander
1161 4449 1268 4504 iste

469 4520 723 4574 stiuiauo
755 4520 847 4571 sed
879 4520 980 4572 sub
1017 4520 1289 4590 Miiuricio
1323 4518 1526 4582 ﬂoruit.
1577 4531 1634 4576 ut
1692 4523 1810 4590 ipse
1859 4518 1929 4572 de
1989 4533 2050 4572 se

471 4600 717 4644 tesmtur
769 4590 912 4657 apud
956 4589 1216 4661 Suidam;
1262 4599 1449 4661 narrat
1481 4593 1685 4661 quippe
1715 4589 1887 4661 inter
1943 4603 2050 4661 cae:

472 4671 623 4719 tera,
656 4661 933 4725 quomodo
987 4659 1162 4729 prius,
1219 4676 1327 4712 non
1389 4658 1596 4714 fratris
1619 4658 1724 4716 vsui
1787 4658 2049 4729 Herodoti

468 4730 753 4795 exemplo,
792 4728 1004 4798 legibus
1067 4744 1288 4797 operam
1343 4730 1578 4796 dederit,
1633 4741 1685 4786 et
1718 4728 2050 4798 eloquentia:

470 4802 700 4851 deditus
736 4801 934 4866 regiam
984 4801 1258 4868 porticum
1292 4799 1656 4868 frequentarit
1689 4817 1705 4865 ;
1736 4801 1831 4855 sed
1851 4799 2051 4852 amarit

471 4868 758 4937 equestria
790 4872 1113 4930 certamina,
1158 4872 1620 4937 pantomimorum
1679 4870 2002 4925 saltationes
2035 4907 2051 4932 ,

470 4954 537 4992 ac
565 4938 901 5019 palaestras“
927 4939 1243 5018 similesque
1284 4954 1480 5010 nugas,
1537 4941 1713 4996 donec
1759 4939 2054 4991 Mauricius

472 5017 821 5076 susneptsset
889 5017 1182 5075 imperium
1221 5025 1234 5059 :
1278 5020 1390 5063 tuin
1461 5026 1520 5064 se
1582 5025 1768 5064 amore
1830 5021 2052 5076 captum

471 5077 758 5131 Musarum
787 5095 801 5141 ;
840 5087 1224 5147 poemataque,
1247 5093 1297 5132 et
1319 5081 1582 5136 historias
1600 5081 1826 5134 audisse
1860 5077 2050 5141 avide;

477 5163 735 5218 magnam
768 5150 933 5201 etiam
975 5159 1154 5202 noctis
1184 5159 1392 5217 partem
1425 5151 1492 5203 iis
1522 5150 1858 5218 impendisse
1885 5165 1900 5214 ;
1924 5148 2052 5218 ani-

477 5217 630 5270 tuum
673 5232 895 5286 quoque
945 5220 1224 5286 appulisse
1254 5222 1320 5273 ad
1346 5217 1699 5274 seribendam
1735 5217 2048 5280 historiam,

473 5302 713 5356 eamque
764 5303 1088 5357 aggressum
1151 5291 1219 5343 ab
1259 5290 1410 5344 obitu
1439 5286 1705 5358 Ag/athiae.
1768 5288 1902 5342 Vide
1929 5286 2058 5340 Sui-

472 5360 604 5410 dam
639 5359 900 5429 uirerbo
969 5357 1303 5429 Μένανδρος.
1367 5357 1646 5429 Caeterum
1695 5373 1763 5411 ex
1823 5358 2055 5429 hujusce

475 5428 760 5482 Menandri
798 5429 1034 5482 historia
1092 5428 1371 5483 luculi-nta
1427 5431 1595 5485 habes
1630 5428 1937 5498 fragmenta
1996 5428 2054 5481 in

476 5498 816 5568 legationum
843 5500 1298 5568 Eclogisaquas
1329 5499 1538 5554 eMSS.
1591 5498 1892 5568 Codtcibus
1940 5499 2054 5568 pri-

472 5565 602 5622 mus
658 5565 1052 5642 ediditQar'id
1113 5565 1460 5625 Hdeschelius
1511 5576 1773 5642 Augustae
1837 5565 2054 5623 Viuilel.

471 5653 621 5693 anno
649 5639 857 5694 Christi
898 5639 1061 5693 1605.

545 5709 656 5779 (56)
689 5708 779 5763 Sic
818 5727 925 5762 IIIS.
981 5707 1273 5779 Perpcram
1329 5711 1382 5764 in
1451 5713 1612 5767 editis
1661 5709 2054 5782 ἐμνημόνευσε.

790 5805 1071 5865 Panos.
1103 5806 1220 5867 Gn.
1259 5806 1481 5868 CXIII.

2232 3605 2346 3677 (35)
2400 3606 2818 3677 Cappadociam
2832 3605 3092 3677 pluribus
3137 3605 3396 3660 laudibus
3426 3615 3608 3677 ornat
3648 3605 3751 3661 Ju-

2159 3675 2434 3732 stinianus
2469 3677 2765 3744 imperator
2801 3675 3012 3744 Nnrell.
3037 3675 3086 3740 λ,
3113 3685 3280 3744 atque
3327 3677 3471 3728 inter
3499 3676 3625 3744 alia
3647 3680 3745 3730 ait:

2159 3745 2325 3832 Fﬁ'Ts
2359 3743 2678 3832 adcoiiésrt
2701 3743 2867 3832 πολλῇ
2889 3761 2946 3796 τε
2981 3745 3081 3832 καί
3109 3743 3425 3832 θαυμαστὴ.
3444 3746 3540 3826 καὶ
3572 3743 3752 3832 obrui;

2159 3816 2407 3884 άρέσασα
2429 3819 2496 3886 τῇ
2533 3814 2804 3886 βασιλείᾳ,
2833 3813 2908 3886 ὡᾏς
2938 3813 3233 3886 καὶνάρχὴν
3297 3816 3592 3886 ἐπιστῆσαι
3626 3818 3752 3886 ταῖς

2160 3887 2341 3938 ἐκεῖσε
2366 3884 2625 3955 κτήσεσιν
2645 3884 2802 3955 ἰδίαν,
2834 3884 2934 3953 τῆς
2961 3885 3240 3954 πολιτικῆς
3272 3885 3444 3954 ἀρχῆς
3466 3886 3568 3939 οὐκ
3593 3885 3754 3939 ὲλάτο

2159 3971 2259 4017 τω,
2296 3952 2498 4023 μᾶλλον
2533 3957 2632 4024 μὲν
2669 3952 2762 4008 οὖν
2791 3952 2898 4008 καὶί
2942 3955 3137 4024 μείζω.

2245 4026 2358 4097 (55)
2398 4023 2770 4097 De_CaIaonia
2819 4023 3101 4097 ridendus
3145 4033 3342 4095 pratter
3392 4023 3750 4096 GcOgraphos

2177 4095 2438 4150 Emilius
2470 4095 2684 4152 Probus
2719 4097 2770 4148 in
2804 4096 3116 4151 Datamene.
3518 4095 3529 4096 ί
3612 4095 3622 4136 ῗ

2241 4166 2358 4233 (57)
2408 4165 2761 4235 Justinjanus
2795 4168 3096 4235 imperator
3117 4166 3280 4235 paulo
3301 4166 3554 4233 superius
3571 4165 3742 4221 citata

2176 4231 2400 4291 Novella
2441 4231 2764 4305 praeclarum
2795 4231 2920 4288 huic
2943 4237 3062 4289 urbi
3092 4231 3254 4288 simul
3279 4245 3332 4289 ct
3372 4231 3578 4289 Cmsari
3620 4236 3746 4289 elo-

2175 4309 2324 4376 gium
2355 4307 2547 4361 tribuit
2572 4323 2584 4356 :
2611 4305 3152 4376 Πολυανθρουποτάτη
3188 4322 3246 4357 τε
3272 4307 3380 4376 γάρ
3409 4305 3739 4376 καθέστηκε,

2178 4375 2371 4455 inquit.
2413 4377 2480 4431 de
2515 4377 2866 4455 Cappadocia
2899 4375 3152 4455 loquens,
3193 4375 3491 4455 minuam
3523 4392 3581 4426 τε
3607 4391 3750 4455 παρ-

1360 4458 1604 4506 rotector
1635 4467 1742 4506 non
1798 4447 1903 4504 sub
1949 4445 2052 4502 Ju-

2170 4437 2350 4516 ἐχεται
2412 4437 2701 4515 μεγίστην,
2730 4447 2827 4515 τὴν
2852 4445 2945 4498 τοῦ
2973 4437 3239 4516 "emam
3287 4445 3564 4516 Καίσαρος
3613 4437 3746 4514 ἡμῖν

2161 4514 2472 4586 ἐπώνυμον,
2504 4515 2600 4569 τοῦ
2636 4514 2848 4580 δόντος
2898 4519 3074 4586 ἀρχὴν
3109 4515 3320 4586 ἀγαθὴν
3351 4517 3416 4586 τῇ
3449 4514 3567 4567 καθ’
3599 4516 3750 4584 ἡμᾶς

2165 4585 2455 4657 μοναρχία.
2490 4587 2568 4638 Δι’
2593 4586 2652 4639 ὃν
2673 4588 2730 4638 ὲν
2760 4585 3068 4657 άπασιίτοῖς
3099 4585 3198 4654 τῆς
3225 4589 3324 4657 γῆς
3368 4585 3578 4638 ἔθνεσιν
3599 4585 3748 4657 ,ὀνο-

2167 4648 2505 4726 μαστότατόν
2562 4659 2680 4709 ὲστι
2703 4657 2763 4710 τὸ
2796 4648 3199 4726 τοῡηΚαίσαρος
3224 4648 3416 4726 δνομα,
3469 4657 3563 4708 καὶ
3588 4648 3749 4726 ᾧπερ

2164 4724 2324 4796 ἡμεῖς
2351 4725 2467 4779 ἀντ’
2493 4726 2654 4781 ἄλλου
2678 4727 2826 4787 τινὸς
2853 4725 2962 4778 τῶν
2989 4727 3088 4795 τῆς
3115 4724 3422 4796 βασιλείαςη
3457 4743 3520 4777 συ
3531 4724 3751 4796 μϐὀλων

2165 4795 2221 4848 σε
2232 4797 2564 4865 μνυνόμεθα.
2596 4796 2748 4866 Hanc
2763 4797 3066 4858 civitatem,
3085 4796 3217 4866 μίαν
3236 4795 3336 4864 μὲν
3357 4795 3434 4864 τῷ
3449 4795 3748 4866 περιϐόλῳ,
3775 4795 3783 4854 ί

2163 4864 2359 4936 διπλῆν
2384 4864 2441 4918 δὲ
2471 4870 2593 4929 ταῖς
2624 4865 2894 4936 γνώμαις,
2931 4864 3098 4934 atque
3121 4864 3261 4936 adeo
3295 4875 3466 4936 totam
3525 4864 3748 4934 Cappa-

2164 4933 2404 4999 dociam,
2422 4937 2526 4992 sub
2553 4952 2721 4990 unum
2741 4933 3120 5005 proconsulem
3141 4934 3349 5004 redegit
3371 4933 3746 4998 Justiuiauus;

2167 5021 2336 5074 penes
2379 5023 2543 5087 quem
2606 5016 2753 5087 esset
2811 5014 3051 5087 potestas
3103 5005 3240 5085 τῶν-
3267 5005 3586 5068 πολιτικῶν,
3640 5005 3750 5087 τών

2167 5073 2599 5144 στρατιωτικῶν,
2654 5073 2884 5128 καὶτῶν
2960 5073 3304 5144 ταμειακῶν,
3352 5091 3590 5145 quorum
3631 5076 3751 5129 olli-

2165 5148 2384 5199 ciorum
2447 5149 2736 5202 distractio
2768 5148 3088 5214 frequentes
3130 5155 3294 5200 antea
3365 5147 3748 5202 dissensiones

2166 5217 2466 5270 excitabat.
2501 5219 2591 5270 Sic
2629 5217 2930 5270 Vulcanius
2954 5217 3008 5270 in
3044 5215 3200 5272 Notis
3231 5216 3298 5270 ad
3328 5217 3582 5272 eumdem
3607 5214 3748 5270 Por-

2167 5287 2509 5356 phyrogeniti
2555 5289 2752 5342 locum.

2237 5352 2365 5426 (38f
2384 5356 2458 5410 De
2475 5359 2714 5412 Colouea
2749 5357 2997 5425 loquitur
3027 5355 3542 5427 Porphyrogenitus
3586 5352 3744 5427 infra

2165 5423 2406 5481 themate
2444 5427 2694 5492 decimo;
2722 5423 2950 5490 ubi—ait,
3005 5432 3072 5479 al)
3131 5423 3235 5480 hoc
3265 5423 3451 5482 ca'stro
3508 5423 3744 5477 inditum

2169 5496 2396 5550 themati
2430 5513 2654 5553 nomen.
2712 5496 2846 5551 Vide
2907 5498 3200 5567 Scylitzem
3237 5511 3293 5566 p.
3345 5496 3469 5567 8H.
3523 5493 3742 5567 Taxara

2167 5581 2302 5638 vero
2348 5567 2697 5638 postmodum
2749 5561 3082 5638 appellatum
3120 5561 3292 5621 fuisse
3324 5566 3491 5619 tradit
3523 5561 3742 5617 Nicetas

2169 5638 2222 5690 in
2258 5635 2526 5705 Manuele,
2559 5639 2656 5693 lib.
2694 5654 2733 5702 ι,
2787 5635 2938 5691 itum.
2975 5637 3031 5688 ἓ.

3388 5799 3427 5856 3
