4166 6446
563 302 632 362 99
1589 300 2003 362 CONSTANTI
2019 301 2062 360 N
2074 301 2097 357 l
2141 297 2391 358 PORPH
2405 297 2698 358 YROGEN
2711 297 2813 355 [TI

3748 294 3849 361 100

564 413 677 465 Soli
713 420 766 466 et
792 410 1013 482 digne,
1055 424 1108 467 et
1147 413 1549 484 Pompeiopolis
1585 425 1636 469 et
1678 415 2062 483 Aphrodisias,
2110 419 2161 466 et

2269 427 2354 472 νος
2390 410 2761 480 Κροκοφόρος,
2798 408 2948 461 Σόλοι
2986 423 3042 458 τε
3069 408 3162 460 καὶ
3191 408 3413 475 Αἰγαῖαι
3440 406 3539 478 (‘3),
3575 410 3667 462 καὶ
3698 411 3847 481 110p.-

565 501 736 569 lssus,
769 505 1036 574 sinusque
1062 507 1308 576 ejusdem
1341 508 1746 578 appellationis,
1773 508 1862 560 ubi
1893 516 2152 562 strenuus

563 596 657 652 ille
727 613 790 652 ac
831 599 1224 654 celeberrimus
1267 599 1520 663 Macedo,
1546 600 1875 662 Alexander,
1903 600 2150 668 inquam,

563 687 801 758 Philippi
833 691 1000 758 lilius,
1031 693 1276 762 prrelium
1334 708 1457 746 eum
1502 692 1660 745 Dario
1694 693 1981 746 Persarum
2029 707 2155 761 rege

566 784 867 838 commisit.
907 784 1003 840 llis
1046 786 1224 838 vit-ina
1271 795 1352 840 est
1400 785 1604 839 Tarsus
1642 785 1789 839 Pauli
1823 787 2018 855 patria.
2053 783 2154 840 Se-

565 871 744 928 leucia
772 875 934 943 igitur
959 876 1194 943 primum
1227 891 1403 944 neque
1432 877 1688 931 thematis
1707 876 2152 946 appellationem,

567 981 745 1036 neque
795 968 1132 1036 praefectura:
1179 983 1378 1021 nomen
1423 967 1646 1033 habuit;
1697 970 1790 1024 sed
1847 970 2152 1024 claustrum

565 1059 841 1128 quoddam
873 1067 1014 1122 erat,
1049 1067 1102 1112 et
1129 1060 1353 1127 specula
1381 1059 1451 1113 ob
1479 1061 1909 1114 Sarracenorum
1937 1059 2154 1115 eTarso

565 1149 940 1210 excursiones.
967 1148 1109 1217 qttod
1138 1149 1396 1202 nimirum
1427 1150 1599 1203 arduo
1647 1161 1698 1204 et
1730 1149 2006 1206 difficilem
2033 1152 2151 1205 adi-

566 1249 678 1292 tum
715 1239 946 1294 habente
983 1241 1101 1295 loco
1143 1241 1244 1295 sita
1278 1251 1446 1295 esset.
1474 1238 1728 1309 Optimus
1760 1257 1888 1296 vero
1920 1242 2154 1310 impera.-

563 1341 652 1385 tor
685 1333 942 1387 dominus
984 1331 1285 1398 Rullianus,
1327 1333 1420 1402 qui
1473 1333 1810 1388 latitudinem
1885 1335 2154 1404 quodam-

563 1423 749 1486 modo,
781 1434 835 1479 et
876 1425 1275 1494 longitudinem
1325 1426 1874 1496 magnitudinemque
1917 1428 2153 1496 imperio

561 1511 814 1568 Romano
842 1516 1066 1584 adjecit,
1108 1523 1398 1583 prazturant
1427 1531 1488 1569 ex
1526 1531 1589 1570 ea
1622 1519 1767 1570 fecit.
1790 1516 1996 1572 Nomen
2025 1533 2154 1572 vero

565 1609 742 1675 urbis,
771 1620 823 1663 et
848 1609 993 1677 quod
1029 1616 1220 1662 vocata
1255 1609 1327 1663 sit
1368 1608 1638 1672 Seleucia,
1679 1626 1706 1660 a
1737 1612 2020 1665 conditore
2055 1611 2156 1665 Sev

561 1700 744 1767 leuce,
781 1701 874 1770 qui
942 1709 1292 1768 nuncupatus
1339 1699 1595 1762 Nicanor,
1646 1699 1822 1757 ﬂuxit.
1880 1701 2150 1758 Ulteriora

2261 501 2609 570 πηῖούπολις,
2641 502 2735 554 καὶ
2773 499 3138 570 ’Δφροδισιὰς,
3193 499 3227 569 ἦ
3258 516 3317 551 τε
3363 500 3554 564 ἰσσδς,
3589 503 3682 553 καὶ
3723 502 3850 554 κόλ-

2261 607 2360 655 πος
2386 591 2698 663 ὁμώνυμος,
2732 593 2790 644 ὲν
2810 585 2856 659 ᾧ
2887 590 3156 645 Μακεδὼν
3205 592 3412 654 ἐκεῖνος
3443 593 3471 643 ὁ
3501 593 3760 660 γεννάδας
3785 611 3848 646 τε

2260 689 2355 739 καὶ
2381 685 2730 756 περικλυτός,
2762 683 3114 754 Ἀλέξανδρον
3143 684 3287 752 λέγω
3310 685 3399 738 τὸν
3427 685 3522 738 τοῦ
3551 686 3846 759 Φιλίππου,

2257 778 2350 831 τὸν
2381 778 2517 850 πρὸς
2547 781 2769 848 Δαρεῖον
2806 778 2898 831 τὸν
2931 779 3148 848 Πέρσην
3185 779 3554 849 διηγωνίσατο
3585 779 3849 850 πόλεμον.

2261 869 2536 940 Σύνεγγυς
2563 869 2620 922 δὲ
2651 869 2877 934 τούτων,
2913 871 3008 924 καὶ
3042 870 3276 941 Ταρσὸς,
3313 872 3345 941 ἡ
3381 871 3595 924 Παύλου
3623 873 3851 944 πατρὶς,

2259 962 2602 1034 καθίδρυται.
2667 963 2732 1016 Ἦ
2763 963 2944 1016 τοίνυν
3001 963 3311 1024 Σελεύκεια,
3350 965 3408 1017 οὐ
3457 965 3601 1036 θέμα
3657 967 3855 1036 τοπρ“ιν

2259 1054 2650 1124 ἐχρημάτιζεν,
2691 1055 2814 1108 οὐδὲ
2849 1056 3209 1126 στρατηγίδος
3241 1057 3595 1127 ἐκεκλήρωτο
3652 1059 3852 1129 ὄνομα,

2261 1145 2398 1197 ἀλλὰ
2438 1144 2730 1214 κλεισούρα
2756 1163 2839 1207 τις
2869 1142 2957 1213 ἦν,
3009 1150 3102 1199 καὶ
3135 1148 3376 1218 φυλακὴ,
3409 1149 3499 1201 διὰ
3527 1149 3625 1212 τὰς
3657 1151 3854 1222 ἐκδρο-

2262 1237 2369 1305 μὰς
2395 1236 2502 1288 τῶν
2539 1239 2602 1288 ἐκ
2637 1238 2856 1307 Ταρσοῦ
2908 1239 3206 1308 προϊόντων
3241 1239 3634 1311 Σαῤῥακηνῶν,
3668 1241 3757 1294 διὰ
3788 1241 3858 1294 τὸ

2260 1322 2400 1379 εἶναι
2434 1328 2524 1380 τὸν
2553 1327 2718 1380 τόπον
2751 1327 3140 1399 δυσπρόσοδον.
3183 1328 3242 1381 Ὀ
3269 1328 3324 1381 δὲ
3354 1327 3514 1398 κῠρις
3546 1329 3856 1400 Ῥωμᾶνος,

2260 1419 2288 1471 ὁ
2309 1418 2472 1482 καλός
2504 1437 2562 1472 τε
2587 1421 2678 1472 καὶ
2711 1421 2916 1488 ἀγαθὸς
2953 1420 3231 1490 βασιλεὺς,
3267 1421 3456 1492 ὥσπερ
3489 1422 3714 1486 πλάτος,
3742 1425 3858 1495 μῆ-

2259 1516 2354 1577 κός
2381 1533 2436 1566 τε
2467 1518 2560 1568 καὶ
2596 1516 2821 1585 μέγεθος
2849 1515 3114 1579 ἐπιτιθεὶς
3135 1519 3200 1586 τῇ
3227 1517 3335 1569 τῶν
3367 1517 3654 1586 Ῥωμαίων
3681 1520 3856 1588 ἀρχῇ,

2263 1607 2594 1678 στρατηγίδα
2623 1608 2791 1678 αὐτὴν
2826 1608 3142 1662 ἀπετέλεσε.
3177 1609 3250 1662 Τὸ
3279 1610 3334 1662 δὲ
3362 1609 3459 1678 τῆς
3499 1609 3707 1673 πόλεως
3734 1612 3860 1664 δνο-

2267 1716 2362 1767 μα,
2399 1701 2492 1750 καὶ
2555 1699 2614 1751 τὸ
2650 1700 2934 1754 καλεῖσθαι
2988 1701 3303 1765 Σελεύκεια,
3337 1700 3446 1754 ἀπὸ
3503 1700 3598 1754 τοῦ
3629 1704 3861 1756 κτίστου

559 1806 746 1850 autem
784 1796 1048 1852 Seleucia!
1125 1807 1178 1852 et
1223 1798 1624 1852 mediterranea
1665 1807 1935 1851 vcratttur
1984 1795 2153 1848 Deca-

2269 1792 2549 1860 Σ-λεύκου,
2582 1794 2674 1847 τοῦ
2698 1795 3038 1863 καλουμένου
3092 1795 3410 1866 Νικάνορος,
3445 1797 3542 1868 τὴν
3569 1814 3866 1868 προσωνυ-

565 1888 729 1956 polis,
767 1889 816 1942 id
851 1899 957 1950 est,
985 1889 1173 1944 decem
1216 1889 1380 1944 urbes
1410 1908 1423 1943 :
1462 1905 1696 1958 quantm
1723 1889 1943 1958 quidem
1973 1888 2148 1956 prima

567 1987 649 2030 est
681 1976 1181 2049 Germanicopolis.
1219 1981 1387 2033 altera
1417 1977 1730 2049 Titiopolis,
1763 1978 1920 2032 tertia
1953 1976 2158 2031 Dome-

560 2066 811 2136 tioiiolis,
873 2076 1072 2138 quarta
1111 2069 1423 2141 Zciiopolis,
1462 2072 1650 2141 quinta
1681 2069 1957 2141 Neapolis,
1998 2078 2155 2124 sexta

561 2143 1242 2232 Claudiopolispseptima
1273 2165 1596 2234 lrenopolis,
1645 2171 1838 2218 octava
1878 2161 2153 2228 Caesarea,

563 2267 709 2307 nona
740 2253 1053 2321 Lauzadus,
1083 2255 1293 2309 decima
1328 2255 1678 2322 Dalisandus,
1710 2257 1764 2310 in
1798 2271 1905 2326 qua
1929 2258 2154 2326 clypetls

565 2358 662 2397 seu
692 2353 908 2399 scutum
939 2346 1122 2415 magni
1155 2345 1303 2399 illius
1339 2346 1600 2417 martyris
1651 2347 1827 2401 sancti
1881 2344 2154 2400 Theodori

565 2437 620 2489 in
653 2437 822 2492 trullo
851 2438 1037 2508 templi
1087 2436 1259 2506 ipsius
1309 2440 1530 2508 pendet.
1563 2441 1742 2510 Atque
1770 2441 1884 2494 haec
1927 2439 2152 2510 quidem

561 2529 631 2583 de
665 2527 931 2585 Seleucia.
960 2566 965 2577 ς

813 2845 1009 2900 Thema
1040 2844 1202 2911 XIV,
1235 2846 1435 2901 dictum
1469 2846 1941 2918 Cibyrrceotarum.

639 2957 846 3013 Theitza
899 2973 1029 3014 vero
1083 2958 1574 3031 Cibyrraeotarum,
1629 2961 1698 3016 ab
1747 2961 1866 3032 ipsa
1908 2961 2158 3018 Seleucia

569 3048 785 3103 initium
841 3050 1034 3116 sumit,
1069 3066 1191 3119 qua:
1225 3051 1290 3105 ad
1332 3067 1482 3107 mare
1515 3054 1746 3110 orientis
1777 3054 1880 3107 sita
1914 3065 2017 3109 est.
2055 3056 2158 3110 De-

2263 1885 2394 1953 μίαν
2422 1885 2747 1956 ἐπλούτησε.
2785 1888 2866 1940 Τὰ
2909 1887 2966 1940 δὲ
3015 1891 3129 1942 ἄνω
3161 1888 3504 1953 Σελευκείας,
3561 1889 3657 1942 καὶ
3687 1891 3864 1960 μεσό-

2257 1994 2410 2046 γαια,
2449 1979 2694 2033 καλεῖται
2723 1979 3045 2044 Δεκάπολις.
3091 1982 3196 2034 Καὶ
3219 1981 3336 2035 ἔστι
3365 1982 3556 2054 πρώτη
3593 1983 3692 2054 μὲν
3715 1984 3862 2054 Γερ-

2263 2071 2653 2139 μανικούπολις
2687 2090 2700 2103 ·
2780 2072 3011 2142 δευτέρα
3069 2071 3128 2126 δὲ
3193 2073 3576 2136 Τιτιούπολις·
3651 2075 3858 2144 τρίτη,

2261 2171 2679 2240 Δομετιούπολις
2698 2186 2710 2199 ·
2737 2172 2993 2241 τετάρτη,
3025 2169 3355 2241 Ζηνούπολις
3380 2185 3392 2198 °
3424 2170 3676 2241 πέμπτη,
3705 2171 3864 2225 Νεά-

2264 2259 2415 2323 πολις
2442 2276 2455 2291 ·
2489 2260 2645 2328 ἕκτη,
2678 2259 3109 2321 Κλαυδιούπολις
3136 2277 3148 2291 ·
3179 2258 3402 2329 ἑϐδόμη,
3423 2259 3814 2329 Εἰρηνούπολις
3839 2275 3859 2289 ⁶

2263 2354 2448 2423 ὀγδόη,
2481 2355 2791 2423 Καισάρεια
2824 2355 2900 2424 i3)
2927 2370 2940 2384 '
2974 2354 3195 2424 ὲννάτη,
3245 2352 3525 2417 Λαύζαδος
3553 2368 3566 2382 °
3625 2353 3862 2423 δεκάτη,

2264 2445 2614 2510 Δαλισανδὶς,
2647 2448 2704 2498 ἐν
2801 2447 2833 2516 ἡ
2863 2445 3030 2506 ἀσπὶς
3063 2445 3236 2515 ἦγουν
3290 2444 3350 2496 τὸ
3385 2444 3707 2514 σκουτάριον
3757 2445 3865 2497 τοῦ

2263 2538 2422 2606 ἁγίου
2451 2537 2942 2607 μεγαλομάρτυρος
2972 2533 3254 2606 Θεοδώρου
3288 2536 3346 2588 ἐν
3376 2533 3452 2604 τῷ
3480 2534 3724 2604 τρούλ).ῳ
3755 2537 3862 2586 τοῦ

2264 2629 2395 2686 ναοῦ
2423 2631 2588 2684 αὑτοῦ
2640 2631 3040 2700 άποκρέμαται.
3086 2630 3195 2683 Καὶ
3246 2628 3418 2682 ταῦτα
3453 2627 3552 2699 μὲν
3580 2627 3709 2698 περὶ
3759 2626 3865 2678 Σε-

2264 2723 2536 2787 λευκείας.

2408 2837 2567 2907 Θέμα
2606 2839 2716 2902 ΙΔν,
2751 2837 2814 2890 τὸ
2845 2838 3227 2906 καλούμενον
3245 2834 3711 2905 Κιόυῤῥαιωτῶν.

2335 2955 2406 3008 Τὸ
2436 2953 2495 3008 δὲ
2552 2953 2694 3024 Θέμα
2723 2952 2832 3006 τῶν
2874 2950 3308 3026 ιςιϐυρῤαιωτῶν
3387 2950 3696 3020 ἀπάρχεται
3751 2947 3864 3019 μιν

2264 3047 2361 3098 ἀπ’
2412 3044 2584 3115 αὐτῆς
2629 3044 2731 3113 τῆς
2779 3044 3106 3108 Σελευκείας
3134 3043 3205 3096 τά
3251 3059 3388 3114 προς
3442 3042 3722 3097 θάλασσαν
3753 3043 3864 3111 τῆς

566 3139 700 3193 sinit
735 3148 919 3194 autem
953 3141 1006 3194 in
1059 3141 1402 3212 longitudine
1432 3157 1693 3199 occasum
1729 3159 1946 3209 versus,
1979 3147 2044 3198 ad
2075 3146 2158 3215 ip-

2269 3137 2528 3207 άνατολῆς
2560 3137 2636 3207 (ι)
2666 3137 2929 3206 κειμένης
2956 3153 2970 3167 ο
2995 3134 3299 3206 καταλήγει
3322 3136 3378 3189 δὲ
3404 3137 3540 3205 πρὸς
3571 3135 3739 3207 μῆκος
3757 3134 3864 3188 ἐπὶ

568 3243 684 3282 sam
716 3245 891 3300 usque
921 3232 1107 3286 urbem
1136 3231 1404 3299 Miletum,
1436 3242 1490 3288 et
1533 3233 1760 3303 Jasum;
1788 3245 1842 3291 et
1877 3236 1945 3291 ad
1979 3238 2166 3293 sinum

570 3321 973 3393 Bargyliacum,
1029 3325 1143 3380 sive
1196 3341 1292 3381 eos
1348 3327 1442 3398 qui
1474 3326 1713 3382 Andanii
1756 3338 2166 3399 nuncupantur,

569 3417 662 3469 ubi
700 3417 806 3470 sita
848 3427 933 3472 est
1003 3418 1256 3490 Mylassa,
1293 3420 1428 3476 urbs
1474 3422 1731 3487 celebris,
1772 3431 1826 3477 et
1875 3423 1990 3493 ipsa
2035 3423 2168 3477 Bar-

567 3510 734 3580 gylia,
763 3519 816 3564 et
846 3509 1098 3581 Myndus,
1133 3523 1185 3566 et
1214 3529 1336 3583 quce
1365 3514 1569 3568 dicitur
1615 3515 1926 3582 Strobelus,
1979 3525 2034 3570 et
2059 3515 2166 3570 lla-

567 3601 930 3668 licarnassus,
984 3603 1244 3659 llerodoti
1322 3605 1524 3674 patria,
1581 3613 1634 3660 et
1685 3605 1990 3661 Artemisiae
2038 3609 2169 3662 urbs

565 3693 952 3758 celebet'rima,
988 3693 1040 3746 in
1092 3710 1200 3763 qua
1256 3695 1767 3750 nominatissimum
1803 3697 2036 3751 Mausoli
2085 3714 2172 3752 se-

567 3786 819 3853 pulcrum
853 3794 1054 3840 exstat.
1082 3786 1138 3840 Si
1169 3802 1298 3840 vero
1325 3788 1596 3842 orientem
1616 3804 1810 3844 versus
1839 3791 2058 3852 tendas,
2087 3806 2172 3845 re-

568 3878 748 3944 peries
775 3877 980 3943 sinum,
1010 3877 1104 3947 qui
1131 3875 1451 3932 Ceramicus
1469 3877 1691 3941 dicitur,
1724 3888 1778 3934 et
1801 3881 1990 3936 urbem
2021 3881 2173 3951 ejus-

568 3968 690 4019 dem
725 3984 786 4020 ae
819 3969 975 4023 sinus
1011 3969 1414 4038 appellationis.
1458 3971 1512 4023 ln
1563 3972 1766 4025 extima
1799 3983 1978 4027 autem
2012 3975 2169 4030 sinus

567 4071 668 4112 ora
717 4058 1041 4114 Cnidinrum
1086 4060 1216 4116 urbs
1249 4059 1570 4126 habitatur;
1611 4069 1665 4116 et
1690 4063 1906 4118 celebre
1939 4062 2168 4121 Veneris

2270 3229 2483 3302 δυσμὰς
2516 3229 2622 3292 ἓως
2651 3229 2820 3298 αὐτῆς
2854 3229 3100 3297 Μιλήτου
3130 3228 3207 3296 (5)
3249 3228 3348 3299 τῆς
3370 3227 3602 3290 πόλεως,
3628 3226 3722 3281 καὶ
3751 3228 3865 3297 τῆς

2282 3325 2456 3379 Ἰασοῦ
2487 3325 2587 3394 (6),
2619 3323 2714 3376 καὶ
2752 3323 2844 3376 τοῦ
2899 3321 3278 3393 Βαργυλιακοῦ
3309 3322 3510 3375 κόλπου
3545 3324 3642 3390 (7),
3684 3322 3865 3392 ἧγουν

2266 3419 2375 3472 τῶν
2428 3418 2778 3487 καλουμένων
2829 3416 3118 3470 Ἀνδανίων
3171 3415 3272 3486 (8),
3328 3418 3387 3468 ἐν
3419 3407 3464 3483 ᾧ
3499 3418 3678 3467 κεῖται
3725 3413 3758 3482 ἦ
3795 3429 3867 3467 τε

2266 3512 2559 3574 Μύλασσα,
2597 3511 2748 3574 πόλις
2775 3509 3059 3581 διάσημος,
3085 3511 3180 3563 καὶ
3201 3509 3340 3562 αὐτὰ
3375 3509 3441 3562 τά
3461 3506 3867 3578 Βαργύλια(9),

2271 3601 2306 3670 ἦ
2338 3615 2396 3653 τε
2433 3598 2644 3661 Μύνδος
2675 3598 2809 3668 (10),
2843 3601 2937 3651 καὶ
2968 3597 3335 3668 ήκαλουμένη
3383 3598 3688 3668 Στρόϐηλος
3722 3597 3869 3667 (Η),

2271 3693 2306 3764 ἦ
2336 3709 2394 3745 τε
2429 3691 2846 3763 Ἀλικαρνασὸς,
2885 3692 2917 3761 ἡ
2963 3690 3248 3762 Ἡροδότου
3274 3692 3496 3763 πατρὶς,
3531 3692 3564 3760 ἡ
3587 3695 3689 3761 τῆς
3732 3693 3871 3765 Ἀρ-

2273 3785 2528 3854 τεμισίας
2558 3783 2713 3846 πόλις
2764 3783 2798 3852 ὴ
2847 3781 3309 3853 πολυϐρύλλητος,
3340 3785 3400 3835 ἐν
3435 3777 3468 3857 ᾗ
3497 3785 3525 3835 ό
3553 3783 3870 3838 Μαυσώλου

2273 3877 2443 3946 τάφος
2470 3877 2500 3928 ό
2534 3875 2858 3946 περιϐόητος
2890 3874 3001 3945 (12)
3031 3875 3264 3944 ἵδρυται.
3319 3876 3710 3946 Ἀνερχόμενος
3748 3876 3874 3929 τοί-

2275 3986 2372 4024 νυν
2407 3968 2544 4041 πρὸς
2573 3967 2862 4038 ἀνατολὴν,
2893 3969 3145 4037 εὑρήσεις
3167 3966 3259 4020 τὸν
3282 3968 3632 4037 Κεραμεικὸν
3661 3967 3871 4021 κόλπον

2275 4061 2634 4132 καλούμενον,
2671 4060 2768 4114 καὶ
2829 4059 2985 4114 πόλιν
3017 4059 3093 4129 τῷ
3142 4060 3326 4129 κόλπῳ
3362 4059 3674 4131 ὁμώνυμον.
3741 4059 3868 4113 Ἐπ’

1745 4225 2052 4282 ANSELMI
2081 4225 2419 4283 BANDURll
2446 4223 2678 4282 NOT/E.

641 4363 720 4434 (2)
759 4361 816 4439 In
857 4363 1052 4439 notitia
1105 4363 1654 4439 pmvinciarumins.
1698 4365 1894 4439 Αίξῖεια
1927 4365 2152 4439 dicitur.
2186 4355 2236 4412 Ῑ)
2263 4383 2428 4439 quam
2462 4365 2631 4421 Cares
2665 4365 2957 4439 Andanuni
2992 4365 3292 4439 appellant.

572 4432 851 4489 Fortassis
873 4435 1063 4505 eadem
1105 4449 1227 4503 (tua:
1254 4434 1511 4504 Αἴγειρα,
1541 4434 1722 4505 inquit
1756 4435 2078 4491 Holstenius
2108 4439 2162 4491 in

573 4505 726 4558 notis
758 4507 824 4558 ad
868 4504 1209 4574 Stephanum
1243 4507 1296 4557 in
1330 4506 1582 4574 Αἴγειρα.

647 4576 724 4643 ('5)
760 4576 817 4628 In
847 4576 1010 4629 editis
1044 4577 1262 4644 legitur,
1292 4576 1699 4643 Διοκαισάρεια.

647 4645 724 4714 (4)
765 4645 818 4697 ln
849 4661 958 4699 ms.
991 4647 1211 4716 legitur,
1242 4645 1312 4698 τὰ
1338 4646 1477 4713 πρὸς
1507 4647 1784 4700 Θάλασσαν
1814 4647 1951 4714 πρὸς
1975 4648 2169 4701 ἀνατο-

575 4715 1000 4786 λὴννκειμένην.

647 4785 984 4907 (Ἇδῗξιιιε.
1018 4788 1309 4858 perperam
1369 4786 1623 4852 editi,tb;
1662 4787 1872 4858 δυσμὰς
1909 4787 2016 4852 ’ἐως
2072 4787 2172 4841 αὐ-

649 4873 674 4907 ς
769 4875 796 4907 T‘.
841 4875 972 4907 ιτου.

573 4855 674 4921 τῆς
707 4856 972 4921 Μηλίτου.

609 4874 1171 4997 ηξϋῗιὲῒιιιιῖυιῖαὺθηι,
1209 4929 1320 4982 Καὶ
1351 4928 1453 4997 τῆς
1485 4928 1716 4982 Ἰασσοῦ.
1749 4927 1875 4982 llaec
1900 4929 2016 4999 ipsa
2042 4931 2176 4985 urbs

578 5001 765 5070 (lanae
791 4998 1074 5070 Stephano
1098 5000 1364 5054 scribitur
1409 5000 1615 5062 Ἰασσός
1638 5017 1651 5028 ·
1678 5001 1821 5070 apud
1849 4998 2174 5070 Athenaeum

580 5083 716 5191 ἴση)
757 5069 812 5122 in
850 5069 1198 5125 Archestrati
1245 5071 1503 5125 versibus
1538 5073 1633 5124 tib.
1669 5087 1731 5124 III
1774 5069 1950 5133 Ἰασὸς
1991 5071 2179 5143 appel-

607 5151 762 5191 ator:

607 5151 762 5194 atur:

588 5255 701 5307 Ἢν
730 5252 798 5306 δέ
828 5254 958 5308 ποτ*
983 5256 1072 5320 εὶς
1095 5256 1310 5309 Ἴασον
1348 5253 1561 5324 Καρῶν
1589 5257 1772 5311 πόλιν
1804 5258 2180 5327 εἰσαφίκηαι.

691 5372 748 5428 Si
773 5375 990 5444 quando
1019 5373 1214 5430 Iasum
1248 5377 1497 5445 oppidum
1530 5377 1710 5432 Caria?
1747 5378 1966 5431 veneris.

661 5490 1140 5564 (7)_Stﬁephanusi:
1172 5493 1284 5564 Kal
1313 5495 1347 5563 ὴ
1387 5492 1631 5546 Θάλασσα
1675 5494 2018 5564 Βαργυλικδς
2057 5495 2182 5548 κόλ-

585 5561 913 5635 ποςεΜείξυ
940 5577 1072 5616 vero
1104 5563 1191 5617 hic
1224 5561 1368 5618 idem
1418 5566 1576 5619 sinus
1605 5561 1982 5635 Bargyliacus,
2037 5567 2186 5621 sinus

584 5627 776 5684 Jasius
809 5631 1040 5686 dicitur.

658 5701 736 5776 (ἢ)
771 5703 1144 5776 Siceinendo.
1188 5705 1244 5759 In
1280 5704 1448 5760 editis
1474 5706 1609 5760 etin
1646 5722 1781 5761 mss.
1821 5707 2022 5776 legitur
2064 5709 2181 5760 Ἀν-

589 5771 812 5824 τανίων.
846 5772 915 5826 At
942 5773 1278 5843 Stephanus,
1307 5776 1558 5847 Bargyla,
1591 5778 1791 5846 inquit,
1818 5771 1950 5834 ur'bs
1981 5779 2178 5843 Cat-ite,

2343 4439 2418 4509 (9)
2453 4439 2751 4509 Perperam
2784 4437 2838 4509 in
2874 4434 3036 4490 editis
3065 4435 3290 4506 legitur,
3314 4435 3409 4488 καὶ
3441 4433 3583 4488 αὐτὰ
3603 4434 3674 4490 τὰ
3698 4436 3873 4509 Μαρ-

2269 4505 2451 4577 γύλια.
2491 4505 2626 4561 Vide
2654 4507 3018 4577 Stephanum.

2348 4579 2459 4650 (1,0)
2496 4573 2788 4650 Perperaiu
2823 4573 3104 4650 legiturin
3137 4574 3302 4650 editis
3329 4576 3553 4650 Μένδος,
3579 4584 3634 4630 et
3663 4577 3730 4650 iri
3745 4591 3860 4633 ms.

2273 4645 2474 4711 Μίνδος
2497 4665 2509 4678 ·
2549 4664 2671 4700 nam
2696 4645 2907 4708 Μύνδος
2933 4647 3285 4700 scribendum
3318 4646 3584 4701 docemur
3607 4662 3672 4701 ex
3699 4645 3864 4700 Stra-

2277 4722 2439 4780 bone.
2475 4717 2770 4772 Ptolemao
2793 4725 2848 4769 et
2872 4715 3171 4784 Stephano.
3208 4716 3423 4784 Mindas
3457 4717 3661 4770 dicitur
3697 4715 3874 4772 Pom-

2315 4791 2462 4874 onio.
2489 4788 2688 4874 Strabo
2721 4788 2818 4839 lib.
2852 4803 2941 4874 xiv
2971 4783 3136 4874 habet
3168 4804 3179 4837 :
3210 4783 3334 4874 liis”
3369 4787 3532 4874 είέρὺς
3557 4787 3874 4874 ηςΜύνδος,

2315 4807 2462 4843 οιιιο.
2489 4807 2688 4842 δῑτὶὶυο
2723 4807 2818 4839 Ill).
2852 4807 2941 4840 χιν
2975 4807 3136 4841 ιιθυθι
3168 4807 3179 4837 Ζ
3223 4807 3319 4840 ιιιτ
3369 4807 3532 4849 ευυυς
3557 4807 3591 4874 τι
3627 4807 3874 4854 Μυνοος,

2277 4807 2476 4929 λιμένα
2532 4859 2769 4928 ἐχουσαο
2823 4858 2918 4910 καὶ
2963 4858 3102 4927 μετὰ
3151 4856 3358 4926 ταύτην
3409 4857 3723 4927 Βαργυλια,
3771 4864 3876 4913 καὶ

2279 4931 2418 4991 αὕτη
2447 4930 2624 4991 πόλις.

2353 4948 2418 4998 τη
2447 4948 2624 4991 πολις.
2877 4999 2887 5010 .

2351 5001 2464 5071 (ll)
2517 4999 2571 5071 In
2619 5014 2730 5071 ius.
2785 4999 3008 5071 legitur,
3051 4999 3144 5071 xui.
3191 5000 3225 5068 ἠ
3281 4997 3593 5071 καλουμέ-νη
3640 4997 3875 5066 Στρόϐι-

2280 5068 2390 5134 λος.
2429 5070 2570 5137 Quid
2607 5069 2888 5125 Strobilus
2919 5070 3043 5124 vide
3066 5069 3357 5125 Ortelium.
3410 5086 3462 5124 ν.
3497 5068 3794 5123 Caucasus.

2354 5141 2467 5214 (ιὲ)
2502 5141 2592 5214 Sic
2630 5141 2965 5214 tns._Codex.
3003 5141 3076 5192 De
3114 5137 3473 5214 hoeMausoli
3497 5141 3753 5214 sepulcro
3789 5139 3876 5192 Ιο-

2284 5208 2481 5282 quitur
2503 5210 2706 5282 Strabo
2740 5212 2834 5264 lib.
2871 5226 2986 5282 xlv,
3020 5225 3144 5279 pag.
3183 5209 3281 5282 451
3315 5208 3464 5282 εγΕἷίΥ
3509 5209 3878 5282 ᾋλικαρνασ-

2286 5279 2397 5346 άὸς,
2439 5281 2500 5333 τὸ
2528 5281 2801 5350 βασίλειον
2825 5279 2932 5333 τῶν
2964 5283 3062 5350 τῆς
3085 5280 3298 5351 Καρίας
3329 5281 3628 5342 δυναστῶν,
3653 5279 3878 5351 Ζεφύρα

2286 5349 2598 5422 καλουμένη
2631 5352 2900 5422 πρότερον
2921 5368 2932 5380 -
2959 5349 3194 5404 ἐνταῦθα
3217 5351 3264 5402 δ’
3290 5352 3440 5422 ἐστὶν
3468 5352 3496 5403 ὅ
3515 5367 3575 5403 τε
3600 5350 3694 5404 τοῦ
3719 5349 3878 5404 Μαυ-

2288 5421 2682 5491 σώλοστάφος,
2719 5421 2828 5475 τῶν
2859 5423 3001 5474 ἑπτὰ
3042 5422 3332 5492 θεαμάτων
3357 5421 3540 5490 ἔργον,
3573 5422 3710 5492 ὅπερ
3754 5423 3879 5492 Ἀρι

2286 5495 2510 5563 τεμισία
2533 5493 2611 5564 τῷ
2648 5492 2804 5562 ἀνδρὶ
2833 5493 3235 5564 κατεσκεύασε.
3281 5491 3485 5564 Deinde,
3514 5491 3878 5564 Halicarnas-

2289 5560 2400 5638 sus,
2461 5560 2609 5638 regia
2630 5560 3008 5638 __doinir_t_orum
3029 5563 3255 5638 _Caria:,
3311 5563 3580 5634 quondam
3599 5635 3607 5638 _
3629 5560 3877 5632 Zephyra

2289 5637 2457 5688 dicta.
2506 5631 2587 5687 [οἳ
2620 5631 2856 5686 Mausoli
2891 5634 3191 5703 sepulcrum
3225 5631 3333 5700 est,
3373 5650 3537 5688 unum
3575 5635 3638 5686 (’2
3682 5631 3877 5700 septem

2288 5704 2626 5758 mirabilibus
2654 5704 2839 5756 mundi
2870 5707 3210 5773 spectaculis,
3240 5705 3380 5774 quod
3408 5705 3602 5758 marito
3645 5721 3740 5758 suo
3770 5706 3872 5758 Αν-

2294 5775 2502 5832 temisia
2539 5775 2840 5848 ediﬁcavtt.
