4166 6446
447 308 536 371 101
1534 305 1634 364 DE
1672 304 2176 364 THEMATIBUS
2215 304 2603 366 ORIENTIS.

3623 302 3729 368 102

443 427 504 476 5.7.
516 437 629 488 ρων
650 417 706 470 δὲ
737 417 828 470 τοῦ
849 416 940 468 κῦλ
951 433 1051 468 που
1073 416 1110 485 ἧ
1133 433 1193 468 τε
1231 415 1381 479 πόλις
1413 415 1644 470 Κνιδίων
1671 415 2032 487 κατῴκισται,

2141 419 2426 486 templum,
2459 420 2512 472 in
2548 433 2659 488 quo
2689 425 2807 472 erat
2830 425 2885 474 et
2917 419 3037 487 ejus
3070 419 3448 484 simulacrum,
3482 415 3730 471 Praxite-

441 514 532 566 καὶ
559 512 625 564 τὸ
653 513 758 581 τῆς
798 509 1118 580 Ἀφροδίτης
1146 511 1379 579 τέμενος
1411 510 1758 579 περιϐόητον,
1795 511 1852 562 ὲν
1879 501 2034 579 ᾧπερ

438 600 502 674 ἦν
532 603 598 656 τὸ
629 607 733 674 τῆς
770 601 1091 674 Ἀφροδίτης
1128 601 1373 670 ἄγαλμα,
1404 604 1669 672 μνημεῖον
1702 601 1801 670 τῆς
1834 601 2034 672 Πραξι-

439 695 631 759 τέλους
689 694 889 764 τέχνης
944 694 1425 764 ἀπαραμίλλητον.
1489 693 1940 748 Ἀπαναϐαίνοντι
1980 692 2036 745 δὲ

441 783 573 853 πρὸς
612 783 909 848 ἀνατολάς,
969 781 1172 845 κόλπος
1202 781 1354 834 ἐστὶν
1407 781 1642 851 Οῐδημος
1698 781 1892 851 ὄνομα,
1944 781 2038 834 καὶ

438 875 606 945 λιμὴν
666 873 1007 943 καλούμενος
1051 872 1291 943 Λάρυμα
1315 889 1329 903 ⁸
1365 865 1439 926 ὧν
1492 873 1780 926 κατέναντι
1810 873 1970 942 νῆσος
1999 874 2034 942 ἡ

439 968 618 1036 Σύμη.
649 967 764 1018 Καὶ
797 965 931 1035 πρὸς
961 965 1022 1016 τὸ
1055 964 1308 1032 πέλαγος,
1329 966 1661 1035 καταντικρὺ
1683 964 1784 1034 τῆς
1821 964 2036 1017 Ῥοδίων

440 1057 679 1129 περαίας
739 1057 833 1110 καὶ
867 1057 1196 1127 ὁπλοθήκης,
1219 1057 1432 1128 νῆσοςή
1476 1057 1670 1119 Ῥόδος,
1703 1055 1841 1124 αῦτη
1865 1055 2038 1110 Πελα-

440 1152 526 1218 γία
543 1151 690 1222 (1⁸5),
711 1150 1046 1219 ἐξήπλωται,
1074 1148 1209 1218 πρὸς
1229 1147 1430 1219 βορρᾶν
1457 1165 1516 1201 τε
1541 1149 1636 1200 καὶ
1669 1149 1819 1202 νότον
1841 1149 2038 1201 ἐναπο·

445 1241 742 1295 ϐλέπουσα.
767 1240 1072 1293 Διαὸαίνων
1096 1257 1154 1292 τε
1178 1241 1276 1312 τὴν
1297 1240 1496 1310 ἐφεξῆς
1536 1240 1835 1304 θάλασσαν,
1872 1242 2038 1312 εὑρή-

445 1353 553 1398 σεις
589 1335 749 1387 πόλιν
775 1333 1083 1400 Τελμισσὸν
1114 1333 1227 1403 (14)
1255 1333 1472 1403 ἐκείνην
1509 1334 1609 1406 τὴν
1654 1334 2032 1405 περιώνυμον

444 1428 638 1479 ἔπειτα
668 1426 928 1495 Πάταρα·
965 1420 1084 1476 εἶτα
1118 1423 1342 1486 Ξάνθον,
1362 1425 1459 1496 τὴν
1485 1427 1863 1496 πρωτογὲνους
1894 1428 2038 1484 ὲκεί-

447 1534 537 1569 νου
561 1516 657 1569 τοῦ
704 1517 1005 1585 ζωγράφου
1047 1516 1307 1585 πατρίδα,
1336 1515 1394 1581 ὃς
1446 1517 1508 1570 τὸ
1553 1517 1830 1573 Διονύσιον
1874 1520 1936 1572 τὸ
1979 1521 2036 1573 ἐν

461 1609 636 1678 Ῥόδῳ
650 1611 750 1670 τοῖς
779 1608 1158 1676 ζωγραφικοίς
1189 1609 1617 1681 κατελάμπρυνε
1639 1611 1872 1677 πίναξιν.
1901 1609 2036 1666 Εἶτα

461 1701 779 1769 τὴνΑυκέων
801 1697 983 1764 πόλιν,
1013 1699 1113 1770 τὴν
1147 1702 1451 1772 μυρίπνουν
1483 1720 1541 1756 τε
1586 1704 1681 1757 καὶ
1700 1704 2034 1776 τρισόλϐιον·

2146 507 2212 560 lis
2262 510 2694 575 monimentum,
2761 514 3006 565 omnium
3091 511 3229 566 citra
3295 510 3726 565 controversiain

2145 601 2679 668 prtestantissimum.
2713 600 2874 654 Eunti
2923 616 3054 656 vero
3091 603 3361 656 orientem
3403 615 3619 666 versus,
3650 601 3728 656 sio

2145 707 2249 747 nus
2284 701 2368 747 est
2391 691 2668 748 (Edemus
2718 695 2980 761 nomine;
3025 702 3079 749 et
3105 703 3319 764 portus,
3371 695 3464 762 qui
3497 692 3730 765 Laryma

2143 783 2384 850 dicitur;
2420 800 2654 854 quorum
2680 800 2745 840 ex
2789 786 3024 842 adverso
3053 787 3156 840 sita
3193 796 3278 842 est
3310 787 3488 842 insula
3526 785 3726 857 Syme:

2145 882 2198 928 et
2225 890 2418 930 versus
2443 891 2612 942 mare,
2641 891 2672 931 e
2701 877 2922 946 regione
2944 877 3360 933 translittoralis
3386 875 3728 932 Rhodiorum

2143 982 2276 1031 orae,
2307 975 2357 1022 et
2413 969 2819 1023 armamentarii
2848 1008 2863 1032 ,
2921 970 3103 1024 insula
3154 971 3272 1040 ipsa
3310 969 3558 1036 Rhodus,
3606 986 3731 1042 qua:

2142 1059 2305 1112 etiam
2356 1059 2572 1128 Pelagia
2617 1061 2840 1125 dicitur,
2879 1062 3213 1125 extenditur,
3277 1063 3500 1118 boream
3547 1071 3601 1117 et
3631 1079 3733 1118 au-

2143 1161 2319 1204 strum
2361 1166 2555 1206 versus
2607 1153 2928 1221 respiciens.
2969 1153 3214 1209 Ulterius
3263 1169 3392 1208 vero
3443 1169 3590 1208 mare
3626 1157 3736 1226 16

2146 1246 2450 1315 trajiciens,
2480 1246 2752 1300 celebrem
2797 1247 2944 1300 illam
2984 1249 3170 1302 urbem
3205 1246 3535 1302 Telmissum
3569 1261 3733 1316 repe-

2147 1339 2292 1401 ries;
2349 1336 2551 1392 deinde
2602 1337 2822 1402 Patara,
2882 1337 3010 1392 hinc
3056 1337 3359 1399 Xanthum,
3408 1337 3733 1405 Protogenis

2145 1429 2289 1484 illius
2321 1430 2544 1499 pictoris
2571 1429 2838 1497 patriam;
2871 1431 2964 1500 qui
2992 1429 3188 1484 Bacchi
3219 1430 3388 1484 aedem
3418 1430 3560 1499 apud
3585 1430 3732 1484 Rho-

2143 1522 2266 1576 dios
2302 1523 2551 1592 pictoriis
2586 1522 2786 1578 tabulis
2822 1523 3148 1587 illustravit;
3192 1524 3386 1578 deinde
3436 1523 3731 1594 Lyciorum

2145 1611 2357 1675 urbem,
2410 1620 2688 1679 unguenta
2737 1611 3060 1680 spirantem,
3109 1623 3162 1666 et
3209 1612 3362 1668 valde
3402 1611 3636 1673 beatam,
3671 1609 3732 1664 in

2144 1717 2251 1770 qua
2281 1716 2514 1772 magnus
2553 1703 2645 1756 ille
2679 1701 2962 1769 Nicolaus,
3001 1704 3095 1759 Dei
3128 1720 3318 1759 servus
3351 1719 3524 1775 myra,
3556 1703 3608 1757 id
3646 1709 3732 1757 est

457 1767 520 1842 ἐν
541 1785 679 1861 ᾗπερ
703 1792 730 1842 6
755 1791 930 1860 μέγας
951 1767 1241 1857 Νικόλαος,
1265 1794 1293 1845 6
1321 1793 1414 1846 τοῦ
1442 1794 1579 1847 Θεοῦ
1603 1767 1876 1864 θεράπων,
1903 1799 2036 1850 ἀνα-

2144 1804 2432 1860 unguenta
2472 1793 2883 1863 scaturitjnxta
2917 1795 3067 1850 urbis
3097 1810 3313 1849 nomen.
3349 1793 3483 1848 Hinc
3498 1794 3730 1849 Phoenix

445 1879 633 1943 ϐλύζει
682 1882 750 1934 τὰ
805 1880 952 1950 μύρα
994 1883 1139 1936 κατὰ
1180 1884 1242 1935 τὸ
1287 1885 1388 1953 τῆς
1420 1885 1628 1948 πόλεως
1661 1887 1851 1957 ὄνομα.
1905 1887 2037 1942 Εἶτα

437 1974 622 2039 Φοῖνιξ
650 1978 676 2027 ό
703 1975 972 2045 ποταμὸς,
1030 1977 1125 2028 καὶ
1158 1976 1313 2040 πόλις
1349 1975 1640 2048 ὁμώνυμος
1663 1993 1676 2006 ⁸
1719 1977 1840 2032 εἶτα
1866 1983 2034 2034 Φάσι-

433 2067 518 2128 λις
543 2067 662 2135 (15)
687 2066 1018 2135 nepita-ato;
1041 2083 1055 2097 ⁸
1101 2063 1273 2139 εἷταή
1311 2068 1566 2122 Ἀττάλου
1606 2071 1700 2123 τοῦ
1735 2072 2036 2145 Περγαμη-

431 2155 530 2208 νοῦ
557 2157 718 2220 πόλις
741 2155 1028 2226 ἐπώνυμος
1047 2172 1061 2186 ⁸
1111 2152 1230 2210 εἶτα
1260 2157 1319 2210 τὸ
1344 2157 1570 2211 Σύλαιον
1591 2176 1606 2192 ⁸
1636 2160 1828 2216 ἔπειτα
1849 2164 2035 2236 [Ιέργη

429 2251 467 2318 ἡ
497 2248 856 2318 περιώνυμος
882 2265 894 2277 ·
927 2243 1047 2301 εἶτα
1071 2249 1219 2316 Σίδη,
1237 2249 1297 2302 τὸ
1327 2250 1437 2302 τῶν
1467 2254 1743 2320 πειρατῶν
1768 2257 2037 2328 ἐργαστή-

429 2358 558 2410 ριον
582 2357 596 2370 ⁸
657 2337 783 2394 εἶτα
837 2340 1012 2410 Σέλγη
1040 2342 1072 2410 ἡ
1108 2341 1220 2394 τῶν
1284 2343 1733 2414 Λακεδαιμονίων
1767 2346 1996 2410 ἄποικος
2019 2367 2031 2379 ⁸

427 2427 561 2482 εἶτα
616 2430 681 2482 τὸ
709 2430 1040 2484 Καστὲλλιον
1104 2431 1229 2500 ὅρος
1262 2432 1594 2503 καλούμενον
1622 2436 1734 2506 (16)
1758 2454 1772 2466 ⁸
1822 2433 1943 2492 εἶτα
1977 2439 2038 2494 τὸ

431 2520 789 2591 καλούμενον
830 2521 1212 2594 Ἀνεμούριον·
1271 2518 1392 2576 εἶτα
1436 2526 1792 2599 Ἀντιόχειαὴ
1829 2531 2034 2600 μικρά·

431 2614 639 2665 ἔπειτα
669 2612 927 2684 1(ιὸύρρα
963 2613 1074 2686 (l7)
1123 2615 1301 2679 πόλις,
1328 2617 1388 2683 ἐξ
1418 2613 1486 2688 ἦς
1516 2619 1610 2672 καὶ
1657 2621 1717 2672 τὸ
1772 2621 1912 2691 Θέμα
1939 2625 2037 2695 τὴν

434 2701 783 2770 ὲφύόριστον
817 2701 916 2756 καὶ
944 2702 1188 2771 πονηρὰν
1222 2703 1524 2773 ὀνομασίαν
1555 2705 1996 2778 ἐκληρονόμησεν
2021 2727 2034 2740 ·

437 2789 561 2844 εἶτα
633 2791 923 2856 Σελινοῦς,
972 2793 1170 2864 μικρὸν
1225 2793 1586 2864 πολισμάτιον
1646 2799 1741 2851 καὶ
1804 2801 2038 2870 τοταμὸν

433 2885 742 2956 ὁμώνυμον
786 2885 982 2956 ἔχουσα
1025 2887 1138 2956 (18)
1168 2903 1181 2917 ⁸
1219 2882 1338 2940 εἶτα
1359 2889 1542 2953 Μέλας
1575 2893 1602 2944 6
1634 2891 1839 2963 ψυχρὸς
1872 2912 2038 2948 ποτα-

439 2979 543 3048 μός
569 2994 584 3008 ⁸
618 2978 818 3031 ἔπειτα
846 2978 946 3047 τῆς
977 2979 1154 3049 Συκῆς
1190 2980 1547 3050 πολισμάτιον
1571 2999 1586 3014 ⁸
1613 2980 1731 3036 εἶτα
1771 2985 1957 3056 λιμὴν,
2011 2988 2039 3040 6

435 3071 790 3141 καλούμενος
833 3071 1070 3134 Παλαιός
1097 3085 1111 3103 ⁸
1146 3065 1267 3124 εἶτα
1317 3073 1456 3144 αὐτὴ
1487 3074 1520 3144 ἡ
1555 3073 1881 3130 Σελεύκεια·
1944 3079 2039 3132 καὶ

437 3161 606 3214 αὑταὶ
638 3161 744 3230 μὲν
776 3163 831 3214 αἱ
885 3161 1328 3233 παραθαλάσσιοι
1379 3163 1586 3229 πόλεις,
1642 3166 1709 3229 ἃς
1736 3169 1765 3220 6
1796 3167 1906 3221 τῶν
1941 3171 2040 3222 Κι-

438 3253 816 3325 συρῤαιωτῶν
861 3255 1168 3326 στρατηγὸς
1225 3254 1564 3325 διανέμεται.
1621 3258 1768 3312 Ἀνω
1814 3259 1871 3312 δὲ
1903 3261 2040 3331 πρὸς

439 3344 534 3413 τὴν
565 3346 829 3415 ᾗπειρον,
881 3346 974 3397 καὶ
1012 3344 1184 3414 αὐτὴν
1217 3345 1316 3414 τὴν
1352 3347 1665 3416 μεσόγαιον,
1712 3351 1770 3402 ὲν
1805 3344 2039 3422 ᾖκατα-

439 3435 594 3504 λήγει
621 3437 684 3488 τὸ
709 3436 823 3489 τῶν
847 3435 1176 3506 Θρᾳκησίων
1215 3436 1549 3506 καλούμενον
1591 3438 1758 3508 Οέμα,
1791 3441 2040 3512 ἀπάρχε-

443 3546 528 3582 ut
556 3529 665 3599 μὲν
698 3530 812 3581 ἀπὸ
851 3529 1020 3600 αὐτῆς
1049 3528 1150 3598 τῆς
1175 3529 1418 3599 Μιλήτου
1444 3529 1578 3602 (19),
1622 3527 1742 3585 εἶτα
1767 3530 2036 3587 διαὸαίνει

449 3621 540 3690 τὴν
569 3621 1024 3691 Στρατονίκειαν,
1067 3623 1164 3676 καὶ
1190 3624 1257 3675 τά
1291 3623 1606 3692 καλούμενα
1646 3625 1915 3692 Μογωλᾶ,
1940 3626 2036 3679 καὶ

457 3713 550 3782 τὴν
595 3716 752 3768 πόλιν
789 3715 1040 3785 Πισύης·
1099 3717 1403 3786 διεκτρὲχει
1459 3717 1644 3789 δὲτὴν
1691 3719 2037 3791 καλουμένην

467 3805 664 3874 Ἁγίαν,
699 3809 802 3860 καὶ
845 3810 1188 3880 παρέρχεται
1235 3810 1333 3882 τὴν
1365 3811 1704 3881 Ταυρόπολιν
1728 3828 1739 3840 ⁸
1775 3816 2035 3868 συνάπτει

443 3898 495 3952 δὲ
525 3902 667 3970 πρὸς
697 3900 803 3967 τὴν
857 3901 977 3954 Τλῶ
1005 3904 1100 3954 καὶ
1133 3903 1376 3966 υἰνιάδα,
1414 3898 1535 3956 εἶτα
1586 3904 1924 3975 παρέρχεται
1946 3909 2038 3959 Φί-

443 3990 600 4059 λητα,
637 3993 736 4045 καὶ
793 3993 963 4062 αὐτὴν
991 3994 1091 4064 τὴν
1140 3993 1473 4049 Ποδάλειαν·
1525 3995 1832 4068 διεκτρέχει
1889 3999 1946 4053 δὲ
1975 4001 2037 4053 τὸ

439 4082 788 4154 καλούμενον
835 4085 1232 4157 Ἀνεμότειχος,
1284 4090 1380 4142 καὶ
1435 4088 1698 4142 συνάπτει
1754 4091 1888 4162 πρὸς
1936 4093 2036 4163 τὴν

438 4173 598 4225 πόλιν
635 4174 1032 4242 Σαγαλασσόν⁸
1092 4173 1210 4230 εἶτα
1255 4178 1553 4250 καταλήγει
1597 4181 1735 4251 πρὶς
1787 4181 1854 4234 τά
1893 4181 2036 4253 μέρη

435 4263 531 4317 τοῦ
569 4266 825 4337 Ταύρου,
859 4268 918 4321 ὲν
955 4261 1000 4337 ᾧ
1032 4269 1092 4322 τὺ
1119 4270 1229 4323 τῶν
1273 4271 1534 4342 Ἰσαύρων
1583 4272 1742 4338 γένος
1791 4276 2033 4343 κατῴκι-

437 4374 586 4412 σται.
618 4360 734 4412 Καὶ
769 4360 1004 4434 τοσαύτη
1043 4363 1144 4431 μὲν
1173 4364 1206 4434 ἡ
1240 4363 1334 4416 τοῦ
1400 4363 1824 4433 Κιϐυρραιώτου
1875 4382 2036 4437 περι-

2141 1885 2363 1947 ﬂuvius,
2401 1895 2455 1940 et
2512 1885 2645 1939 urbs
2681 1884 2941 1954 ejusdem
2995 1887 3236 1939 nominis
3271 1886 3553 1952 cernitur;
3599 1901 3729 1940 mox

2138 1976 2374 2032 l’ltasilis
2401 1977 2820 2032 celeberrimum
2846 1978 3126 2047 Oppidum,
3161 1977 3359 2033 deinde
3387 1976 3550 2031 Attali
3598 1975 3732 2031 Per-

2137 2069 2350 2140 gmneni
2399 2068 2554 2132 urbs,
2599 2067 2667 2122 ab
2694 2082 2761 2123 eo
2794 2085 2992 2123 nomen
3041 2069 3270 2123 habens.
3306 2068 3438 2123 Inde
3468 2067 3730 2139 Sylaeum,

2139 2157 2335 2214 deinde
2363 2157 2557 2229 Perge,
2590 2157 2823 2213 celebris
2861 2159 3016 2222 urbs,
3053 2172 3179 2211 mox
3224 2155 3374 2222 Side,
3425 2157 3730 2226 piratarum

2138 2250 2352 2307 oliicina
2375 2267 2390 2316 ;
2417 2249 2613 2306 exinde
2647 2250 2805 2319 Selga
2840 2249 2992 2314 urbs,
3026 2247 3562 2303 Lacedaemoniorum
3592 2247 3738 2302 colo-

2140 2343 2251 2395 nia.
2279 2339 2409 2396 Inde
2437 2355 2598 2396 mons
2625 2339 2947 2396 Castellium
2968 2341 3416 2410 cognominatus,
3439 2340 3567 2395 hinc
3589 2339 3734 2392 Ane-

2141 2435 2404 2498 murium,
2432 2433 2632 2489 exinde
2667 2434 2957 2488 Antiochia
2991 2433 3191 2499 minor,
3229 2433 3462 2488 ulterius
3497 2433 3728 2503 Cibyrra

2143 2526 2296 2588 urbs,
2347 2540 2376 2578 a
2407 2539 2512 2593 qua
2544 2534 2594 2580 et
2635 2527 2818 2579 thema
2855 2524 3275 2594 ignominiosam
3333 2538 3396 2576 ac
3432 2523 3592 2577 vilem
3633 2536 3733 2592 ap-

2142 2619 2495 2687 pellationem
2532 2618 2766 2687 accepit.
2801 2616 2931 2672 Inde
2958 2617 3197 2678 Selinus,
3243 2631 3468 2686 parvum
3498 2615 3730 2683 oppidu-

2143 2713 2276 2772 lum,
2337 2720 2392 2765 et
2441 2709 2643 2764 ﬂumen
2695 2709 2942 2778 ejusdem
2984 2707 3253 2772 nominis;
3311 2715 3498 2776 postea
3564 2704 3734 2760 Melas

2143 2803 2354 2872 gelidus
2375 2800 2609 2865 ﬂuvius;
2645 2801 2843 2856 deinde
2865 2801 3034 2872 Syces
3064 2799 3404 2869 Oppidulum.
3435 2797 3570 2852 llinc
3599 2813 3734 2870 por-

2143 2905 2253 2961 tus,
2287 2897 2468 2950 dictus
2495 2894 2808 2964 Antiquus;
2831 2894 2958 2947 inde
2991 2892 3241 2948 Seleucia
3272 2891 3413 2961 ipsa.
3441 2893 3618 2960 Atque
3650 2892 3733 2946 ba:

2142 2986 2365 3055 quidem
2398 2991 2529 3040 sunt
2557 2983 2849 3038 maritimae
2879 2982 3066 3046 urbes,
3099 2996 3240 3051 quas
3267 2980 3732 3050 Cibyrraeotarum

2145 3086 2346 3148 praetor
2395 3076 2768 3132 administrat.
2818 3074 3082 3146 Superius
3131 3083 3312 3129 autem
3359 3073 3731 3128 continentem

2142 3177 2196 3223 et
2229 3166 2627 3222 mediterranea
2665 3181 2882 3230 versus,
2923 3164 3017 3220 ubi
3045 3163 3248 3220 desinit
3277 3163 3735 3228 thema,Tht-aee~

2144 3260 2352 3313 siorum
2413 3259 2644 3323 dictum,
2697 3257 2890 3328 incipit
2953 3257 3173 3328 quidem
3221 3257 3290 3311 ab
3351 3256 3468 3326 ipsa
3522 3255 3730 3318 Mileto.

2142 3350 2346 3404 transit
2389 3348 2588 3405 deinde
2625 3348 3046 3413 Stratoniriam,
3087 3357 3142 3404 et
3175 3362 3297 3418 quas
3322 3354 3588 3402 vocantur
3617 3345 3733 3400 Mo-

2141 3443 2288 3511 gola,
2319 3451 2373 3497 et
2404 3443 2595 3496 urbem
2643 3441 2900 3511 Pisyaut;
2943 3441 3220 3510 percurrit
3249 3440 3414 3494 etiam
3465 3453 3585 3494 eam
3611 3451 3739 3508 qua

2140 3535 2313 3606 Hagia
2347 3535 2574 3600 dicitur,
2601 3542 2655 3588 et
2688 3531 3042 3600 Tauropolim
3071 3549 3084 3585 :
3113 3530 3380 3601 pertingit
3405 3545 3532 3584 vero
3563 3531 3729 3583 etiam

2141 3627 2303 3693 Tlon,
2337 3638 2389 3680 et
2419 3626 2720 3680 (Eniadetn
2753 3639 2946 3692 usque.
2993 3623 3215 3676 Transit
3260 3621 3460 3676 deinde
3494 3619 3728 3684 Phileto,

2139 3728 2192 3774 et
2229 3721 2402 3788 ipsam
2441 3717 2756 3782 l’odaliam;
2791 3715 3281 3785 pertransiensque
3311 3713 3386 3778 id,
3422 3712 3567 3781 quod
3596 3712 3734 3764 Ane-

2140 3810 2415 3866 motichos
2458 3810 2682 3873 dicitur,
2720 3805 2980 3878 pertingit
3023 3805 3091 3860 ad
3124 3805 3316 3860 urbem
3343 3803 3727 3874 Sagalassum.
3766 3830 3779 3844 κ

2140 3904 2281 3956 Hinc
2329 3901 2532 3956 desinit
2564 3901 2615 3953 in
2642 3907 2825 3969 partes
2860 3897 3054 3961 Tauri,
3098 3911 3236 3968 quas
3268 3895 3441 3952 Isauri
3484 3895 3730 3950 incolue-

2140 4005 2292 4052 rttnt.
2333 3994 2513 4062 Atque
2549 3992 2638 4046 hic
2681 3991 2900 4061 quidem
2932 3996 3017 4044 est
3046 3989 3307 4043 thematis
3354 3984 3730 4056 Cibyrrteotici

2142 4085 2402 4141 ambitus.
2436 4083 2789 4155 Cibyrrmotte
2830 4091 3011 4135 autem
3054 4078 3352 4150 appellatio
3401 4092 3432 4131 a
3469 4076 3730 4146 Cibyrra,

2139 4178 2254 4243 vili,
2301 4186 2354 4233 et
2385 4174 2606 4231 obscuri
2661 4175 2943 4238 nominis,
2993 4171 3276 4242 oppidulo,
3333 4170 3411 4224 uti
3464 4168 3729 4232 diximus,

2138 4269 2335 4324 ﬂuxit:
2391 4281 2566 4337 eaque
2619 4265 2914 4335 appellatio
2962 4265 3030 4318 ad
3079 4260 3474 4332 ignominiam,
3515 4274 3626 4314 non
3658 4256 3728 4312 ad

2138 4361 2380 4426 laudem,
2413 4360 2583 4413 indita
2609 4365 2732 4423 est;
2761 4355 2907 4426 quod
2939 4354 3257 4424 frequenter
3287 4367 3374 4407 res
3405 4365 3577 4405 novas
3608 4366 3729 4405 mo-

434 4451 786 4521 οζήπΕλαόε
811 4453 867 4505 δὲ
892 4454 990 4524 τὴν
1020 4459 1432 4528 προσωνυμίαν,
1463 4460 1652 4528 ὥσπερ
1686 4459 1917 4530 ἔφαμεν,
1938 4459 2032 4514 τοῦ

2141 4457 2242 4519 liti,
2304 4461 2358 4509 et
2399 4451 2754 4506 refractarios
2821 4464 2944 4502 sese
3003 4448 3268 4502 adversus
3331 4445 3727 4512 imperatorum

435 4543 736 4596 καλεῖσθαι
797 4545 1243 4620 Κιϐυρραιὼτης,
1277 4552 1386 4604 ἀπὸ
1440 4551 1749 4623 Κιὸύῤῥας,
1782 4552 2036 4616 εὐτελοῦς

436 4636 532 4688 καὶ
558 4637 1017 4705 ἀκατονομάστου
1043 4638 1398 4709 πολίσματος,
1434 4642 1572 4713 πρὸς
1605 4641 1784 4713 ὓϐριν,
1809 4643 1869 4695 οὐ
1903 4642 2034 4710 πρὸς

2145 4547 2403 4603 mandata
2442 4543 2793 4614 praebuerint.
2826 4541 3055 4594 Rhodus
3083 4550 3262 4594 autem
3297 4539 3496 4605 insula,
3526 4537 3580 4590 in
3614 4547 3733 4588 me-

2146 4640 2361 4695 ditullio
2389 4637 2606 4707 quidem
2645 4635 2809 4703 hujus
2844 4633 3100 4688 thematis
3135 4633 3237 4685 sita
3270 4638 3374 4696 est,
3406 4630 3472 4683 ad
3505 4629 3728 4682 boream

1608 4799 1910 4857 ANSELMI
1941 4803 2072 4858 ΒΑΝ
2084 4801 2170 4858 DU
2181 4800 2270 4855 ΒΗ
2298 4797 2532 4853 ΝΟΤίΕ.

510 4938 631 5017 (l3)
671 4936 903 5017 Siqms.
935 4939 1141 5017 Codex.
1188 4942 1334 4998 Editi
1365 4943 1793 5017 habent,gvﬁcro;
1834 4947 1867 5017 ἡ
1911 4947 2032 5000 Ῥό-

435 5009 529 5071 ὼς
554 5007 700 5077 αὕτη
732 5007 941 5080 πλαγία
985 5011 1316 5080 ὲξήπλωται.
1351 5015 1486 5080 Quae
1516 5007 1824 5070 Vt'tlca'nius
1856 5007 2034 5071 inter-

436 5088 730 5153 pretatur:
771 5079 1196 5153 intuLa_R/tt_)dlt8
1229 5079 1436 5153 oblique
1477 5085 1806 5140 extenditur.
1857 5089 1924 5140 At
1956 5089 2034 5142 le-

434 5150 707 5227 gendum
727 5164 850 5204 esse
879 5150 1124 5227 Πελαγία
1171 5150 1369 5227 etnon
1402 5153 1610 5227 πλαγία
1661 5167 2051 5227 praeterquam~

433 5218 649 5293 exgms.
675 5218 941 5274 docemur
963 5218 1356 5288 ex'Antonino,
1387 5226 1481 5293 qtti
1508 5218 1744 5280 insulam
1778 5218 2032 5283 Rhodum

433 5290 718 5363 Pelagiani
750 5293 1325 5363 etiam_nttncupatattt
1364 5290 1538 5349 fuisse
1565 5297 1780 5350 scribit.

512 5362 630 5436 (H_)
663 5360 754 5414 Sic
782 5377 884 5436 tus.
908 5359 1064 5436 Ειιῐι)⁸
1082 5359 1236 5436 πόλιν
1261 5365 1552 5436 Τελμισόν.
1588 5366 1909 5436 Τελμησσὸς
1935 5383 2034 5423 att-

434 5438 550 5504 tem
588 5431 711 5504 haec
744 5435 884 5504 urbs
920 5433 1200 5504 scribitur
1245 5431 1386 5504 apud
1441 5431 1792 5491 Ptolemaeum
1830 5445 1885 5492 et
1929 5437 2042 5493 Pli-

433 5501 633 5623 Eium;
670 5501 977 5573 Τελμισσὸς
1022 5519 1156 5558 vero
1191 5501 1448 5560 Straboni
1497 5517 1554 5560 et
1581 5506 1865 5575 Arriano;
1901 5511 2038 5565 urbs

484 5586 643 5623 vene.

481 5586 729 5718 ’δόξ’-ηε
762 5661 868 5703 ms.
901 5642 1214 5718 Perperam
1253 5644 1307 5699 in
1337 5647 1503 5701 editis
1531 5647 1753 5718 legitur,
1787 5647 2035 5713 Βασιλίς.

431 5711 608 5784 Apud
639 5711 1287 5788 Ptolemaeum'ti’acﬁkt;
1336 5711 1624 5785 scribitur,
1655 5711 1834 5790 Lycia:
1875 5711 2036 5791 oppi-

2133 4948 2262 5002 dum
2285 4987 2299 5006 ,
2335 4945 2478 5012 apud
2497 4955 2628 4995 vero
2643 4939 2879 5012 Plinium
2899 4945 2954 4992 et
2983 4935 3344 5012 Stephanum,
3369 4930 3727 5012 Ifampltvlite.

2213 5003 2327 5087 (16)
2364 5003 2506 5087 ἷξὐίιί
2538 5012 2766 5087 habent,
2802 5007 2922 5062 εἶτα
2941 5003 3344 5087 ,τομὰ-λλιστεζν
3366 5003 3506 5087 ’ὅρος
3533 5003 3729 5084 καλού-

2181 5073 2324 5140 ενονί
2372 5083 2667 5138 Casteliutn
2707 5094 2906 5134 nomen
2941 5079 3043 5132 loci
3089 5078 3240 5132 circa
3283 5073 3638 5129 Palaestinam
3668 5075 3725 5127 in

2187 5165 2258 5212 ita
2287 5155 2467 5210 sancti
2503 5151 2660 5208 Saba:
2688 5149 2830 5220 apud
2863 5147 3308 5220 Metaphrastem.

2207 5226 2319 5296 (l7)
2340 5223 2588 5296 iSicrms.
2637 5212 2840 5296 Codex.
2891 5212 3021 5272 mm;
3068 5219 3231 5296 hujus
3257 5216 3516 5296 _np‘minis
3559 5212 3725 5267 urbes

2136 5286 2311 5368 apud"
2331 5295 2658 5368 Strabonem
2712 5291 3044 5368 habentprp
3071 5291 3210 5342 alter
3227 5286 3474 5368 hKi6upa
3526 5297 3722 5368 magna

2144 5357 2291 5422 haud
2321 5368 2567 5436 procula
2597 5361 2871 5436 Maeandro
2898 5359 3122 5436 ﬂumine
3144 5357 3361 5436 ;_al_tera
3387 5369 3518 5436 vero
3544 5357 3724 5436 minor

2141 5439 2288 5492 haud
2321 5424 2543 5506 'procul
2572 5448 2614 5506 a_
2635 5433 2770 5506 Mela
2825 5430 2993 5506 ﬂuvio
3033 5439 3126 5506 :_et
3149 5429 3217 5482 de
3245 5429 3345 5506 hac
3371 5424 3592 5493 quidem
3629 5435 3722 5476 sc-

2141 5508 2320 5564 cunda
2351 5500 2570 5559 videtur
2605 5504 2695 5558 hic
2719 5503 2865 5575 loqui
2890 5500 3420 5575 Porphyrogenitus.

2214 5577 2329 5648 (18)
2362 5577 2491 5630 Haec
2520 5573 2981 5648 et_sequen_ti_a_ex
3009 5585 3110 5624 ms.
3129 5573 3478 5648 reponimus.

2213 5627 2330 5719 iis;
2363 5627 2651 5704 nitate;
2672 5627 2775 5715 im)
2804 5640 3052 5710 Μιλήτου
3091 5627 3291 5704 ubique
3319 5629 3515 5702 ιδειιυτ
3543 5627 3718 5700 unus-

2136 5735 2252 5774 του.
