4166 6430
413 338 523 399 157

422 434 1073 479 mm

1073 676 2518 870 CONSTANTINI
2642 705 3093 882 IMP.

3587 434 3680 462 ι.ις

1724 1015 2432 1085 PORPHYROGENITI

995 1192 1180 1305 DE
1262 1191 2458 1324 ADMINISTRANDO
2549 1213 3135 1334 IMPERIO

1860 1440 2258 1532 LIBER.

1449 1627 1594 1691 (Anc.
1625 1628 1865 1691 mnuum,
1893 1627 2165 1694 Imperium
2198 1631 2462 1698 Orientale,
2495 1641 2613 1690 tom.
2639 1638 2706 1703 Ι.)

1793 1907 2249 1964 ΚΩΝΣΤΑΝΤΙΝ
2252 1911 2345 1965 ΟΥ

1087 2025 1229 2082 ΤΟΥ
1286 2026 1377 2082 ΕΝ
1419 2025 1672 2099 ΧΡΙΣΤῼ
1725 2027 1996 2084 ΒΑΣΙΛΕΙ
2054 2031 2284 2103 ΑΙΩΝΙῼ
2337 2033 2669 2090 ΒΔΣΙΛΕΩΣ
2725 2037 3052 2108 ⁸ΡΩΜΑΙΩΝ

1499 2146 1680 2200 ΠΡΟΣ
1719 2144 1860 2200 TON
1897 2146 2082 2200 ῙΔΙΟΝ
2114 2148 2280 2203 ΥΙΟΝ
2318 2150 2658 2206 ΡΩΜΑΝΟΝ

1189 2261 1327 2316 ΤΟΝ
1357 2260 1714 2318 ΘΕΟΣΤΕΦΗ
1749 2261 1870 2316 ΚΑΙ
1910 2261 2609 2322 ΠΟΡΦΥΡΟΓΕΝΝΗΤΟΝ
2647 2266 2964 2326 ΒΔΣΙΛΕΔ.

1787 2572 2328 2637 CONSTANTINI

745 2698 1068 2763 CHRISTI
1137 2700 1458 2762 IETERNI
1528 2699 1790 2777 REGIS}
1829 2701 2138 2764 GRATIA
2212 2701 2771 2764 IMPERATORIS
2848 2703 3376 2769 ROMANORUM

1553 2825 1664 2887 AD
1712 2802 2124 2888 ROMANUM
2186 2825 2482 2901 FlLlUM,

836 2954 888 3013 Α
934 2949 1095 3013 1)Εο
1136 2950 1640 3014 CORONATUM
1681 2951 1785 3013 ET
1825 2950 2639 3016 PORPHYROGENITUM
2685 2952 3296 3018 IMPERATOREM.

1025 3293 1433 3349 ΠΡΟΟΙΜΙΟΝ.

496 3389 633 3451 ub;
674 3384 840 3455 σοφὸς
887 3383 1168 3456 εὖφραίνει
1208 3389 1444 3458 πατέρα,
1485 3389 1580 3442 καὶ
1626 3387 1810 3460 πατὴρ
1861 3389 2010 3457 φιλό-

431 3498 664 3552 στοργος
687 3481 783 3534 ἐπὶ
805 3478 905 3551 υίῷ
938 3480 1194 3551 τέρπετα-
1229 3480 1501 3551 φρονίμῳ.
1525 3478 1732 3551 Κύριος
1769 3480 1878 3552 γὰρ
1928 3481 2003 3536 δί-

438 3573 562 3625 δωσι
588 3571 720 3627 νοῦν
753 3571 924 3644 ἡνίκα
942 3571 1024 3625 δεῖ
1048 3573 1239 3634 εἰπεῖν,
1271 3571 1368 3623 καὶ
1423 3570 1778 3640 προστίθησιν
1803 3567 1896 3635 οὖς
1913 3572 2008 3625 τοῦ

447 3663 687 3716 ὣσούειν·
731 3664 866 3734 παρ’
896 3662 1048 3731 αὐτῷ
1084 3661 1358 3734 θησαυρὸς
1390 3662 1606 3730 σοφίας,
1634 3663 1727 3714 καὶ
1753 3662 1812 3727 ἐξ
1837 3663 2006 3716 αὐτοῦ

450 3755 636 3809 δίδοται
663 3757 778 3810 πᾶν
808 3754 1045 3826 δώρημα
1069 3755 1280 3807 τέλειον
1303 3770 1320 3787 ·
1367 3754 1602 3825 καθιστᾷ
1642 3753 1878 3824 βασιλεῖς
1915 3755 2009 3808 ἐπὶ

443 3846 652 3917 θρόνου,
677 3848 776 3902 καὶ
802 3847 1001 3918 κυρίαν
1035 3845 1132 3900 τοῦ
1190 3847 1392 3910 παντὸς
1412 3847 1627 3911 δίδωσιν
1652 3847 1856 3909 αὐτοῖς.
1889 3847 2005 3900 Νῦν

431 3939 778 3994 οὗνᾶκουσόν
812 3956 939 4008 μου,
969 3938 1080 4003 υἱὲ,
1113 3938 1207 3992 καὶ
1244 3938 1401 4009 τήνδε
1432 3937 1768 4008 μεμαθηκὼς
1795 3937 1895 4008 τὴν
1938 3938 2012 3992 δι-

431 4031 630 4101 δαχὴν,
679 4031 781 4103 ἔσῃ
839 4029 1003 4098 σοφὸς
1051 4028 1202 4100 παρὰ
1263 4027 1568 4100 φρονίμοις,
1599 4029 1691 4081 καὶ
1746 4029 2010 4099 φρόνιμος

429 4121 588 4190 παρὰ
631 4122 816 4189 σοφοῖς
838 4118 1162 4190 λογισθήσῃ.
1191 4117 1560 4188 Εὑλογήσουσί
1593 4133 1651 4169 σε
1676 4117 1725 4170 οἱ
1750 4116 1888 4180 λαοὶ,
1915 4118 2010 4172 καὶ

429 4215 774 4286 μακαριοῦσί
823 4231 884 4266 σε
935 4212 1114 4284 πλήθη
1152 4211 1342 4265 ἐθνῶν.
1408 4211 1697 4282 Διδάχθητι
1743 4210 1779 4265 ἃ
1806 4211 1911 4280 χρή
1948 4227 2008 4263 σε

427 4306 541 4366 πρὸ
575 4306 795 4358 πάντων
815 4304 1036 4366 εἰδέναι,
1063 4303 1157 4357 καὶ
1183 4301 1448 4373 νουνεχῶς
1473 4301 1581 4356 τῶν
1607 4302 1705 4372 τῆς
1733 4301 2009 4371 βασιλείας

426 4397 643 4450 οίᾶκων
668 4393 981 4448 ἁντιλαὸοὖ.
1040 4395 1177 4465 Περὶ
1198 4393 1306 4447 τῶν
1335 4390 1643 4446 ἐνεστώτων
1692 4392 2008 4462 μελέτησον,

426 4490 530 4544 καὶ
553 4487 687 4557 περὶ
711 4487 822 4540 τῶν
860 4483 1166 4556 μελλόντων
1218 4483 1517 4554 διδάχθητι,
1547 4483 1631 4536 ἵνα
1669 4485 1866 4554 πεῖραν
1892 4483 2010 4554 μετ’

424 4577 719 4640 εὐϐουλίας
749 4576 1032 4648 ἁθροίσῃς,
1081 4576 1174 4627 καὶ
1230 4574 1673 4645 μεγαλεπήὸολος
1725 4575 1824 4646 ἔσῃ
1881 4575 2010 4644 περὶ

2040 3301 2089 3361 Α
2121 3317 2124 3321 ,

2683 3299 3107 3358 PROOEMIUM.

2188 3387 2294 3462 53
2343 3387 2517 3446 Filius
2563 3391 2785 3459 sapiens
2838 3393 3080 3449 lmtiﬁeat
3134 3401 3368 3464 patrem,
3430 3402 3484 3450 et
3541 3403 3696 3466 pater

2118 3480 2291 3549 prolis
2322 3494 2514 3535 amans
2541 3480 2596 3534 in
2634 3479 2746 3535 tilio
2784 3482 3054 3551 prudente
3078 3483 3398 3538 delectatur.
3430 3481 3696 3540 Dominus

2117 3571 2318 3641 quippe
2355 3581 2440 3626 est
2487 3573 2582 3641 qui
2631 3579 2865 3626 mentem
2918 3573 3056 3627 indit
3095 3575 3318 3643 quando
3365 3574 3694 3643 loquendum

2116 3669 2220 3728 est,
2249 3671 2304 3716 et
2326 3676 2512 3717 aurem
2543 3664 2610 3716 ad
2638 3661 2968 3717 audiendum
3001 3665 3261 3734 impertit.
3299 3665 3472 3721 Penes
3515 3666 3695 3735 ipsum
3766 3688 3774 3694 -

2118 3757 2398 3826 sapientia:
2467 3755 2576 3828 54
2625 3757 2918 3811 thesaurus
2986 3757 3327 3822 reconditur,
3376 3769 3430 3813 et
3489 3758 3557 3813 ah
3602 3757 3696 3812 illo

2118 3863 2280 3903 omne
2323 3849 2527 3903 donum
2565 3847 2868 3919 perfectum
2907 3858 3144 3904 emanat.
3187 3847 3363 3922 Reges
3403 3849 3457 3904 in
3495 3850 3696 3903 throno

2117 3943 2366 4008 collocat,
2434 3943 2790 4014 universique
2829 3943 3165 3999 dominatum
3219 3943 3353 4015 ipsis
3406 3943 3690 4013 clargitur.

2119 4036 2276 4092 Nunc
2301 4051 2432 4108 ergo
2460 4050 2646 4091 aurem
2687 4036 2891 4106 praebe,
2947 4035 3042 4103 ﬁli,
3084 4045 3137 4091 et
3170 4036 3275 4091 hac
3323 4035 3564 4090 imbutus
3602 4035 3699 4088 do-

2116 4131 2313 4195 ctrina,
2361 4130 2583 4197 sapiens
2627 4127 2770 4199 apud
2807 4128 3106 4198 prudentes
3145 4130 3277 4194 eris,
3321 4136 3377 4182 et
3409 4127 3553 4197 apud
3603 4141 3694 4180 sa-

2116 4223 2326 4293 pientes
2378 4221 2619 4292 prudens
2672 4221 3009 4278 censeberis.
3063 4221 3393 4277 Benedicent
3437 4220 3532 4274 tibi
3599 4234 3698 4287 pn-

2117 4309 2254 4380 puli,
2287 4318 2340 4361 et
2382 4307 2603 4362 beatum
2653 4307 3030 4376 praedicabunt
3065 4307 3249 4361 multa:
3289 4312 3499 4376 gentes.
3537 4301 3701 4358 Disce

2115 4416 2238 4471 qua:
2275 4414 2386 4470 prae
2425 4400 2683 4455 omnibus
2729 4398 2873 4456 scitu
2927 4413 3065 4468 opus
3113 4404 3263 4460 sunt,
3295 4402 3350 4450 et
3400 4395 3705 4465 prudenter

2116 4490 2335 4560 imperii
2362 4489 2733 4560 gubernacula
2773 4489 2984 4560 accipe.
3014 4489 3089 4544 De
3114 4485 3478 4559 praesentibus
3514 4494 3696 4541 tecum

2117 4581 2318 4654 cogita,
2371 4581 2557 4637 futura
2598 4579 2804 4646 edisce,
2851 4589 2913 4636 ut
2949 4595 3058 4636 una
3110 4594 3234 4634 cum
3279 4586 3431 4635 recto
3466 4578 3698 4634 consilio

429 4672 502 4723 τὰ
527 4669 852 4739 πράγματα,
906 4668 1039 4720 Ἰδοὺ
1074 4665 1334 4735 ὲκτίθημί
1363 4683 1444 4718 σοι
1468 4664 1838 4729 διδασκαλίαν,
1867 4663 2008 4717 ὥστε

2116 4652 2507 4744 experientiam
2535 4673 2783 4743 colligas,
2830 4680 2886 4727 et
2927 4671 3194 4742 praeclare
3226 4685 3312 4724 res
3344 4683 3566 4740 magnas
3598 4684 3696 4738 ag-

427 4765 498 4831 τῇ
535 4762 601 4813 ὲκ
626 4757 830 4832 ταύτης
859 4759 1026 4830 πείρᾳ.
1058 4757 1151 4811 καὶ
1199 4757 1397 4827 γνώσει
1440 4755 1826 4810 συνετισθέντα
1883 4755 2014 4825 περὶ

426 4853 534 4915 τὰς
555 4851 836 4922 βελτίστας
859 4851 1053 4921 βουλὰς
1088 4851 1181 4904 καὶ
1213 4848 1337 4923 [τῷ]
1369 4848 1428 4901 τὸ
1449 4852 1600 4920 κοινῇ
1635 4848 1914 4919 συμφέρον
1937 4847 2016 4918 μὴ

428 4944 848 5016 διαμαρτάνειν.
886 4943 1086 5015 Πρῶτα
1118 4941 1239 5012 μὲν,
1274 4943 1427 4994 ποῖον
1465 4940 1634 5006 ἔθνος,
1664 4938 1805 4992 κατὰ
1828 4939 1880 4991 τί
1914 4939 2014 5008 μὲν

427 5037 718 5107 ὠφελῆσαι
745 5034 1311 5103 δύναταιῬωμαίους,
1339 5035 1478 5086 κατὰ
1504 5033 1556 5085 τί
1579 5031 1635 5085 δὲ
1664 5030 1896 5103 βλάψαι·
1919 5031 2014 5082 καὶ

427 5137 610 5200 ποῖον,
661 5132 905 5196 καὶπῶς
961 5131 1189 5185 ἕκαστον
1243 5129 1471 5194 τούτων,
1503 5129 1597 5181 καὶ
1649 5126 1802 5197 παρὰ
1852 5125 2008 5178 ποίου

425 5225 658 5279 δύναται
690 5223 902 5288 ἔθνους,
939 5225 1034 5276 xui.
1066 5223 1443 5292 πολεμεῖσθαι,
1465 5223 1560 5274 καὶ
1585 5217 2007 5273 ὑποτάσσεσθαι.

433 5317 698 5382 Ἔπειτα,
721 5317 849 5387 περὶ
881 5317 982 5386 τῆς
1008 5315 1281 5385 ἀπλήστου
1327 5314 1421 5367 καὶ
1467 5311 1768 5382 ἀκορέστου
1827 5307 2009 5362 αὐτῶν

428 5405 681 5476 γνώμης,
721 5405 812 5460 καὶ
843 5399 920 5460 ὧν
949 5404 1278 5474 παραλόγως
1320 5401 1663 5470 ἐξαιτοῦνται
1689 5399 2005 5470 λαμϐάνειν.

428 5496 549 5556 Εἶθ’
569 5500 744 5565 οὕτως
773 5502 864 5555 καὶ
891 5500 1024 5572 περὶ
1060 5499 1326 5568 διαφορᾶς
1358 5497 1560 5567 ἐτέρων
1595 5494 1788 5555 ἐθνῶν,
1812 5508 2008 5560 γενεα-

428 5594 617 5661 λογίας
641 5612 700 5648 τε
739 5594 930 5661 ἐθνῶν,
957 5593 1054 5647 καὶ
1088 5592 1201 5663 βίου
1232 5590 1528 5659 διαγωγῆς,
1582 5587 1672 5642 καὶ
1696 5576 1906 5648 θέσεωέ
1924 5585 2015 5638 καὶ

428 5689 679 5758 κρὰσεως
737 5687 837 5759 τῆς
893 5684 1328 5762 κατοικουμένης
1381 5682 1511 5749 παρ’
1569 5677 1751 5735 αὐτῶν
1782 5677 1882 5748 γῆς
1912 5676 2003 5730 καὶ

2110 4761 2263 4831 gredi
2286 4761 2511 4816 valebis.
2545 4759 2686 4816 Ecce
2717 4761 3026 4816 doctrinam
3061 4760 3158 4814 tibi
3200 4774 3448 4830 propono
3476 4775 3496 4824 ;
3534 4765 3596 4814 ut
3628 4773 3697 4814 ex

2108 4848 2228 4916 ejus
2268 4847 2606 4918 experientia
2650 4857 2700 4903 et
2750 4847 2947 4902 notitia
2990 4845 3057 4899 ad
3090 4845 3297 4915 Optima
3336 4843 3568 4899 consilia
3603 4857 3695 4898 as-

2110 4937 2410 5004 suefactus,
2465 4938 2522 4992 in
2567 4937 2795 5008 publicae
2845 4937 3097 4992 utilitatis
3129 4937 3294 4991 rebus
3334 4949 3404 4989 ne
3449 4934 3694 4989 aberres.

2111 5034 2356 5088 Primum
2398 5032 2618 5102 quidem
2653 5032 2865 5086 tradam
2914 5046 3036 5101 quae
3080 5045 3214 5101 gens
3245 5029 3297 5082 in
3332 5043 3437 5098 qua
3476 5041 3532 5082 re
3567 5041 3696 5095 pro-

2117 5126 2276 5180 desse
2313 5123 2575 5179 Romanis
2607 5125 2804 5194 possit,
2845 5123 2900 5177 in
2938 5137 3042 5192 qua
3072 5123 3267 5177 obesse
3303 5139 3317 5178 :
3354 5121 3482 5174 item
3519 5118 3705 5188 quali-

2120 5227 2201 5271 ter
2227 5227 2282 5272 et
2305 5215 2580 5286 quomodo
2606 5215 2836 5286 singulm
2874 5227 2934 5271 se
2965 5215 3221 5278 habeant,
3256 5221 3309 5268 et
3343 5227 3373 5267 a
3398 5226 3504 5282 qua
3535 5217 3700 5281 gente

2119 5308 2330 5378 possint
2372 5318 2425 5362 et
2463 5307 2605 5362 bello
2645 5305 2837 5376 impeti
2881 5313 2935 5359 ct
2977 5302 3283 5375 subjugari.
3318 5299 3524 5356 Deinde
3561 5311 3700 5353 vero

2117 5401 2186 5456 (te
2232 5399 2548 5468 inexplebili
2593 5397 2998 5467 insatiabilique
3038 5411 3226 5450 earum
3271 5393 3477 5455 animo,
3517 5402 3582 5442 ac
3623 5387 3694 5442 de

2114 5491 2318 5560 iniquis
2357 5491 2673 5546 earumdem
2707 5489 3022 5559 postulatis.
3059 5486 3174 5542 Sub
3216 5485 3328 5538 haec
3351 5482 3419 5536 de
3454 5480 3688 5535 aliarum

2115 5598 2332 5654 quoque
2364 5583 2604 5654 gentium
2641 5581 2984 5644 discriminc,
3009 5578 3244 5649 origine.
3279 5572 3494 5628 vivendi
3530 5571 3691 5624 insti-

2114 5682 2250 5740 tuto,
2285 5673 2352 5728 de
2395 5674 2526 5742 situ,
2563 5671 2630 5729 de
2659 5671 2974 5728 conditione
3015 5675 3177 5722 terra:
3209 5678 3372 5736 quam
3404 5661 3692 5752 incolunt;
