4166 6484
406 332 509 394 159

1415 332 1927 395 CONSTANTINI
1968 329 2644 397 PORPHYROGENITI

3543 331 3647 398 160

403 443 629 508 insuper
668 437 735 495 de
776 438 1008 495 circuitu
1057 448 1112 497 et
1158 456 1413 497 mensura
1453 450 1637 507 terrai,
1685 457 1750 498 ac
1797 442 1865 498 de
1908 442 1976 497 iis

2096 445 2463 515 περιηγήσεως
2495 444 2688 514 αὐτῆς,
2741 441 2835 497 καὶ
2888 428 3221 512 σταδιασμοῦ
3259 440 3391 513 πρὸς
3413 440 3646 507 τούτοις,

402 546 524 601 qua}
579 531 733 587 vario
796 539 1044 602 tempore
1093 532 1238 588 inter
1296 533 1575 589 Romanos
1623 532 1981 603 diversasque

402 632 593 693 gentes
631 623 931 679 acciderint
976 641 993 679 :
1036 624 1237 681 deinde
1267 624 1337 680 de
1375 626 1443 681 iis
1482 639 1604 696 quae
1641 640 1809 695 penes
1854 639 1979 691 nos,

406 716 519 769 imo
582 716 748 770 etiam
813 717 867 770 in
919 717 1181 772 universo
1225 715 1472 773 Romano
1530 717 1760 787 imperio
1812 716 1981 773 certis

405 808 751 878 temporibus
784 808 1041 863 innovata
1063 818 1213 864 sunt.
1251 808 1376 863 Haec
1413 824 1626 864 mecum
1664 825 1730 865 ex
1761 810 1982 880 sapien-

408 900 501 952 tiae
546 898 759 967 legibus
798 899 1165 964 considerata,
1201 898 1298 953 tibi
1330 900 1530 955 dilecto
1558 899 1669 955 lilio
1703 916 1825 955 meo
1853 910 1979 957 nota

410 988 591 1043 facere
618 988 861 1051 decrevi,
904 998 963 1041 ut
1001 988 1339 1059 singulorum
1384 988 1681 1047 discrimen
1738 992 1983 1061 apprime

411 1088 622 1142 teneas,
671 1079 923 1149 sciasque
968 1094 1076 1149 qua
1123 1080 1337 1137 ratione
1368 1081 1507 1149 ista),
1558 1084 1643 1138 vel
1686 1086 1985 1139 tractandae

392 1171 528 1228 ‘sive
583 1171 964 1238 conciliandae,
1024 1174 1112 1229 vel
1167 1174 1503 1229 debellanda:
1548 1190 1621 1245 ac
1661 1177 1986 1246 repellenda:

372 1261 545 1314 -sint.
582 1258 659 1315 Te
709 1260 913 1331 quippe
954 1268 1013 1316 ut
1057 1264 1464 1332 magnanimum
1506 1265 1982 1335 reformidabunt;

410 1359 466 1405 et
501 1351 599 1405 abs
628 1357 682 1404 te
710 1352 858 1406 velut
887 1352 955 1407 ab
1003 1352 1128 1424 igne
1158 1353 1388 1425 fugient.
1421 1357 1591 1412 Labia
1636 1372 1826 1413 eorum
1858 1359 1984 1414 irae-

413 1440 710 1507 nabuntur,
746 1443 1038 1513 verbisque
1078 1445 1186 1500 tuis
1223 1446 1388 1501 veluti
1424 1448 1546 1503 telis
1579 1447 1983 1505 eonfodientur.

415 1528 552 1598 Ipsis
600 1539 827 1601 aspectu
880 1532 1146 1588 terribilis
1195 1534 1327 1599 eris,
1372 1546 1428 1591 et
1482 1551 1512 1589 a
1548 1545 1849 1605 conspectu
1891 1545 1986 1592 tuo

411 1632 619 1677 tremor
648 1624 869 1679 invadet
911 1624 1058 1691 illos,
1097 1624 1349 1697 Deusque
1394 1627 1745 1695 omnipotens
1776 1637 1828 1685 te
1860 1643 1987 1699 pro-

414 1721 580 1784 teget,
614 1729 678 1770 ac
704 1715 932 1771 Creator
961 1725 1090 1774 tuus
1127 1728 1178 1773 te
1214 1719 1506 1788 prudentia
1549 1720 1803 1788 instruet,
1835 1736 1989 1792 gres-

415 1821 514 1862 sus
552 1814 679 1862 tuos
729 1807 950 1876 diriget,
993 1817 1156 1880 atque
1209 1787 1265 1864 in
1313 1811 1432 1866 basi
1476 1811 1744 1867 immobili
1789 1787 1995 1869 consti-
2024 1787 2067 1842 Β

416 1906 552 1952 tuet.
608 1899 865 1958 Thronus
916 1912 1043 1957 tuus
1099 1904 1256 1975 quasi
1310 1906 1392 1960 sol
1445 1906 1554 1961 erit
1603 1920 1789 1961 coram
1852 1907 2037 1979 ipso,-

414 1990 561 2044 oculi
611 1990 731 2061 ejus
781 2000 835 2048 te
880 1993 1173 2062 respicient
1202 2034 1219 2062 ,
1269 2011 1445 2066 neque
1498 2005 1553 2053 te
1600 2014 1690 2055 res
1754 1999 1998 2055 adversae

418 2079 762 2150 contingent,
812 2084 1073 2152 quoniam
1121 2084 1243 2155 ipse
1295 2094 1348 2141 te
1396 2087 1583 2158 elegit,
1635 2096 1690 2145 et
1735 2090 1803 2144 ab
1844 2099 1998 2146 utero

416 2170 612 2227 matris
664 2165 1007 2244 segregavit,
1058 2174 1460 2248 imperiumque
1504 2195 1665 2235 suum
1720 2181 1814 2236 tibi
1878 2190 2000 2237 tan-

420 2275 582 2329 quam
631 2264 848 2321 caeteris
902 2267 1233 2336 praiceilenti
1292 2270 1535 2337 tradidit,
1594 2272 1888 2341 posuitque
1950 2280 2001 2328 te

416 2352 576 2419 quasi
604 2356 880 2424 speculam
919 2358 975 2412 in
1010 2359 1170 2425 colle,
1204 2373 1267 2415 ac
1294 2360 1457 2416 veluti
1509 2377 1728 2418 auream
1761 2372 1998 2418 statuam

418 2443 473 2495 in
499 2444 742 2511 excelso,
768 2456 821 2501 et
838 2448 1004 2503 veluti
1036 2450 1222 2506 urbem
1255 2451 1310 2506 in
1335 2459 1520 2508 monte
1542 2460 1596 2509 te
1623 2454 1917 2522 exaltavit;
1943 2445 2003 2510 ιιι

418 2550 645 2589 munera
680 2537 774 2592 tibi
804 2537 982 2594 ferant
1007 2550 1219 2612 gentes,
1242 2551 1296 2599 et
1328 2544 1556 2600 adorent
1590 2556 1641 2601 te
1665 2546 2000 2601 habitatores

419 2632 596 2678 terrai.
637 2624 739 2681 Sed
792 2635 872 2691 tu,
908 2628 1153 2695 Domine,
1198 2632 1339 2688 Deus
1374 2650 1546 2700 meus,
1586 2636 1746 2705 cujus
1774 2651 2000 2705 regnum

416 2714 806 2786 incorruptible
816 2727 1141 2776 etaiternum
1163 2730 1270 2786 est,
1286 2738 1410 2779 eum
1430 2725 1484 2779 in
1503 2726 1587 2779 via
1605 2725 1777 2794 dirige
1794 2726 1886 2796 qui
1907 2743 2003 2797 per

417 2822 471 2874 ιο
490 2823 556 2862 ex
575 2823 662 2864 me
688 2820 851 2866 natus
872 2822 977 2879 est,
1003 2814 1105 2884 ipsi
1130 2815 1403 2872 vultustui
1428 2819 1715 2887 prmsentia
1734 2817 2005 2874 colluceat

415 2911 471 2956 et
499 2903 649 2957 auris
677 2910 771 2957 tua
798 2904 863 2958 ad
894 2920 1082 2974 preces
1113 2907 1233 2976 ejus
1262 2908 1574 2964 inclinetur.
1598 2910 1849 2980 Protegat
1876 2926 2003 2966 eum

419 3006 615 3047 manus
647 3002 760 3059 tua,
793 3006 981 3065 regnet
1019 3006 1244 3067 propter
1272 3002 1580 3062 veritatem,
1614 3001 1846 3055 deducat
1876 3016 2002 3055 eum

418 3083 641 3139 dextera
672 3092 782 3149 tua,
810 3087 1302 3160 etdiriganturviai
1332 3091 1452 3161 ejus
1484 3092 1538 3146 in
1571 3091 1675 3163 55
1700 3102 1999 3165 conspectu
2029 3130 2071 3187 ο

420 3189 537 3241 tuo,
592 3186 651 3232 ut
705 3181 981 3236 custodiat
1017 3182 1435 3253 justiﬁrationes
1498 3192 1646 3251 tuas,
1701 3200 1887 3240 coram
1933 3201 2000 3242 eo

421 3272 705 3339 procident
746 3274 949 3341 hostes,
979 3287 1032 3332 et
1086 3278 1295 3333 inimici
1342 3279 1461 3347 ejus
1524 3286 1725 3334 terram
1772 3279 1998 3347 Iingent.

420 3363 794 3448 Adumbrctiir
841 3370 1005 3439 stirps
1038 3371 1158 3439 ejus
1199 3371 1464 3426 facunda?
1505 3371 1711 3427 sobolis
1751 3370 1917 3435 foliis,
1946 3379 2001 3427 et

421 3455 617 3510 umbra
646 3456 857 3514 fructus
879 3460 997 3529 ejus
1038 3470 1249 3517 montes
1288 3463 1467 3533 regios
1490 3462 1882 3534 operiat,fquia
1907 3478 2000 3533 per

423 3551 476 3599 te
504 3561 659 3617 reges
690 3560 936 3619 regnant,
982 3562 1032 3606 te
1053 3553 1395 3608 celebrantes
1420 3553 1472 3606 in
1503 3551 1722 3607 secula.

2084 536 2332 606 καὶπερὶ
2366 535 2476 589 τῶν
2505 534 2562 589 έν
2582 552 2690 588 τινι
2719 534 2898 606 καιρῷ
2954 533 3159 604 μεταξὺ
3218 533 3508 601 Ῥωμαίων
3563 536 3664 589 καὶ

2084 626 2356 698 διαφόρων
2384 626 2553 679 ὲθνῶν
2581 624 3033 696 συμϐεϐηκότων,
3094 626 3192 679 καὶ
3252 626 3391 694 μετά
3458 624 3660 689 ταῦτα,

2084 719 2185 772 ὃσα
2213 719 2270 771 ἐν
2298 720 2364 789 τῇ
2399 717 2519 771 καθ’
2545 718 2692 788 ἡμᾶς
2725 716 2986 789 πολιτείᾳ,
3019 716 3156 770 ἀλλὰ
3185 716 3279 770 καὶ
3306 718 3363 770 ὲν
3394 717 3541 787 πάσῃ
3589 720 3661 788 τῇ

2100 809 2388 879 Ῥωμαίων
2416 811 2558 878 ἀρχῇ
2580 808 2725 863 κατά
2741 825 2895 871 τινας
2952 810 3177 879 χρόνους
3233 807 3659 878 ὲκαινοτομήθη.

2086 901 2273 955 Ταῦτα
2305 903 2647 973 ὲσοφισάμην
2678 901 2813 956 κατ’
2851 901 3111 972 ἐμαυτὸν,
3137 900 3233 954 καὶ¹
3276 894 3410 955 εἶπα
3443 900 3668 968 γνωστά

2088 1011 2172 1047 σοι
2205 994 2431 1063 ποιῆσαι
2463 994 2541 1063 τῷ
2574 993 2917 1065 ἠγαπημένῳ
2949 1012 3051 1065 μου
3092 992 3215 1063 υἰῷ,
3260 992 3326 1047 ἵν’
3356 991 3491 1065 ἔχῃς
3522 992 3666 1047 εἰδέο

2086 1102 2175 1140 ναι
2196 1084 2293 1156 τὴν
2315 1086 2546 1139 ἑκάστου
2573 1086 2781 1138 τούτων
2796 1083 3058 1157 διαφοράν
3084 1101 3098 1116 ο
3129 1085 3226 1138 καὶ
3253 1083 3392 1147 πῶς,
3426 1082 3460 1154 ή
3494 1098 3667 1152 μετα·-

2087 1177 2420 1248 χειρίζεσθαι
2450 1175 2622 1230 ταῦτα
2647 1176 2741 1230 καὶ
2769 1175 3106 1230 οἰκειοῦσθαι
3132 1191 3145 1206 ·
3181 1175 3215 1246 ἢ
3256 1175 3539 1245 πολεμεῖν,
3570 1173 3670 1226 καὶ

2088 1266 2528 1321 ἀντιτάσσεσθαι.
2556 1265 2962 1336 Πτοηθήσονται
2992 1266 3101 1336 γάρ
3134 1282 3194 1318 σε
3216 1265 3293 1329 ώς
3322 1264 3670 1335 μεγαλοφυῆ,

2089 1357 2183 1409 καὶ
2206 1357 2281 1420 ώς
2313 1357 2420 1410 ἀπὸ
2448 1356 2618 1427 πυρὸς
2646 1356 2932 1425 φεύξονται
2984 1356 3093 1409 ἀπὸ
3122 1356 3215 1409 σοῦ
3242 1371 3256 1385 ο
3313 1354 3669 1424 φιμωθήσον-

2089 1466 2178 1503 ται
2205 1449 2273 1501 τὰ
2302 1448 2457 1519 χείλη
2489 1447 2691 1513 αὐτῶν,
2719 1448 2814 1503 καὶ
2837 1448 2913 1511 di;
2945 1444 3049 1500 ὑπὸ
3076 1446 3246 1516 βελῶν
3275 1448 3387 1508 τοῖς
3417 1448 3532 1509 σοῖς
3564 1463 3669 1501 κα-

2088 1540 2528 1609 τατρωθήσονται
2549 1538 3063 1609 ρήμασιν.’οφθήσῃ
3085 1538 3268 1600 αὐτοῖς
3290 1537 3540 1608 φοϐερὸς,
3570 1538 3671 1591 καὶ

2089 1631 2199 1684 ἀπὸ
2223 1629 2514 1700 προσώπου
2543 1647 2636 1684 σου
2662 1630 2861 1701 τρόμος
2891 1628 3121 1700 λήψεται
3151 1628 3367 1695 αὐτοὺς,
3388 1630 3481 1683 καὶ⁵
3510 1628 3604 1682 σοῦ
3637 1630 3669 1682 6

2091 1721 2493 1793 Παντοκράτωρ
2518 1722 2850 1793 ὑπερασπιεῖ
2868 1737 2881 1751 ·
2909 1722 3001 1774 καὶ
3030 1722 3264 1775 συνετιεῖ
3300 1738 3359 1773 σε
3389 1722 3418 1774 6
3442 1720 3666 1785 πλάσας

2098 1829 2179 1877 σε,
2207 1812 2530 1866 κατευθυνεῖ
2554 1829 2649 1866 σου
2692 1812 2763 1866 τὰ
2791 1811 3127 1883 διαδήματα,
3174 1810 3269 1865 καὶ
3321 1810 3541 1882 ἐδράσει
3601 1827 3663 1863 σε

2097 1904 2192 1957 ἐπὶ
2248 1904 2405 1974 βάσιν
2449 1905 2766 1959 ἀσάλευτον.
2831 1903 2889 1957 '0
2910 1904 3098 1975 θρόνος
3148 1920 3267 1967 σου,
3311 1902 3387 1966 ώς
3434 1904 3464 1957 6
3513 1902 3669 1973 ἥλιος

2097 1996 2342 2051 ἐναντίον
2372 1998 2557 2061 αὐτοῦ,
2588 1998 2681 2051 καὶ¹
2709 1999 2758 2050 οἰ
2800 1996 3071 2066 ὀφθαλμοὶ
3093 1994 3259 2049 αὑτοῦ
3287 1994 3507 2049 ἔσονται
3541 1994 3667 2065 βλέ-

2100 2106 2295 2153 ποντες
2346 2090 2439 2143 ἐπὶ
2469 2090 2562 2143 σέο
2595 2090 2693 2143 καὶ
2748 2089 2901 2143 οὐδὲν
2930 2089 2991 2142 ού
3050 2088 3125 2158 μὴ
3169 2087 3376 2159 ἀψηταί
3409 2104 3507 2141 σου
3551 2087 3665 2141 τῶν

2098 2180 2375 2251 χαλεπῶν,
2421 2181 2610 2236 καθότι
2641 2180 2805 2244 αὑτός
2864 2198 2923 2234 σε
2970 2179 3274 2245 ἐξελέξατο,
3301 2178 3396 2233 καὶ
3422 2179 3530 2233 ἀπὸ
3565 2181 3670 2250 μή-

2098 2289 2234 2343 τρας
2267 2271 2568 2344 ἀφώρισεν,
2601 2274 2697 2327 καὶ
2720 2272 2820 2343 τὴν
2847 2271 3014 2327 αὐτοῦ
3050 2270 3329 2342 βασιλείαν
3372 2269 3448 2335 ώς
3481 2269 3673 2339 ἁγαθῷ

2101 2364 2240 2435 ὑπὲρ
2270 2363 2478 2428 πάντας
2499 2381 2581 2417 σοι
2605 2363 2793 2427 ἔδωκε,
2818 2363 2913 2416 xui.
2936 2362 3179 2416 τέθεικεν
3197 2362 3293 2428 Idi;
3345 2360 3553 2430 σκοπὴν
3578 2360 3672 2412 ἐπὶ

2105 2454 2320 2525 βουνοῦ,
2350 2455 2447 2509 καλ⁵
2465 2454 2541 2518 ὡς
2561 2454 2795 2525 χρυσοῦν
2851 2454 3143 2525 ἀνδριάντα
3192 2454 3277 2523 ἐφ’
3318 2451 3547 2524 ὑψηλοῦ,
3578 2452 3674 2505 καὶ

2101 2546 2176 2608 ὡς
2205 2546 2359 2600 πόλιν
2380 2546 2468 2599 ἐπ’
2498 2546 2658 2617 ὅρους
2690 2546 2996 2616 ἀνύψωσεν,
3034 2545 3186 2616 ζῶστε
3241 2544 3671 2617 δωροφορεῖσθαι

2104 2638 2198 2692 ὑπ’
2235 2637 2426 2701 ἐθνῶν,
2473 2638 2567 2692 καὶ
2596 2636 3021 2708 προσκυνεῖσθαι
3046 2635 3151 2690 ὑπὸ
3191 2635 3299 2689 τῶν
3354 2633 3673 2688 κατοικούν-

2104 2746 2212 2782 των
2232 2731 2331 2798 τὴν
2364 2728 2492 2797 γῆν.
2526 2727 2687 2782 Ἀλλά
2722 2728 2808 2792 σὺ,
2840 2727 3013 2800 Κύριε
3045 2730 3072 2781 6
3096 2726 3228 2791 Θεός
3263 2743 3387 2796 μου,
3413 2718 3475 2779 οῦ
3504 2726 3539 2793 ὴ
3579 2724 3675 2794 βα-

2106 2820 2279 2874 σιλεία
2308 2819 2607 2891 ἀνώλεθρος
2631 2820 2725 2874 καὶ
2747 2818 2987 2885 αἰώνιος,
3047 2819 3165 2889 εῐης
3230 2816 3537 2870 κατευοδῶν
3581 2814 3675 2867 τὸν

2104 2909 2193 2962 διὰ
2226 2908 2319 2962 σοῦ
2363 2909 2420 2976 ἐξ
2480 2908 2616 2981 ἐμοῦ
2636 2909 2989 2980 γεννηθέντα,
3044 2908 3138 2961 καὶ
3167 2907 3364 2977 ἔστωή
3398 2906 3676 2975 ἑπισκοπή

2105 3000 2200 3054 τοῦ
2225 2999 2525 3072 προσώπου
2564 3018 2658 3054 σου
2691 3002 2779 3054 ἐπ’
2813 3000 2995 3065 αὐτδν,
3014 2999 3107 3052 καὶ
3132 2998 3194 3051 τὸ
3218 2993 3311 3061 οῦς
3342 3014 3436 3051 σου
3460 2995 3675 3050 ἐπικλι-

2106 3094 2281 3147 νέσθω
2307 3095 2428 3158 ταῖς
2454 3092 2645 3147 τούτου
2675 3094 2918 3165 δεήσεσι,
2951 3092 3278 3147 σκεπασάτω
3306 3090 3470 3147 αὐτὸν
3499 3089 3678 3161 ήχείρ

2110 3201 2224 3249 σου,
2250 3185 2345 3239 καὶ
2396 3184 2728 3255 βασιλευέτω
2793 3184 2981 3237 ἕνεκεν
3005 3181 3286 3252 ἀληθείας,
3318 3179 3415 3235 καὶ
3435 3179 3678 3249 ὁδηγήσῃ

2106 3277 2267 3331 αὐτὸν
2294 3278 2328 3346 ή
2363 3274 2513 3341 δεξιά
2546 3293 2665 3341 σου,
2707 3274 3208 3343 κατευθυνθείησαν
3237 3272 3293 3327 αἰ
3342 3270 3450 3324 όδοὶ
3506 3268 3677 3324 αὐτοῦ

2106 3365 2460 3421 ἐνώπιόν”σου
2489 3366 2583 3420 τοῦ
2627 3365 2967 3436 φυλάξασθαι
3023 3363 3094 3417 τὰ
3141 3361 3487 3431 δικαιώματά
3532 3376 3628 3412 σου
3658 3376 3676 3391 ο

2107 3458 2215 3528 πρὸ
2272 3456 2568 3528 προσώπου
2620 3456 2784 3511 αὐτοῦ
2838 3455 3131 3509 πεσοῦνται
3202 3452 3452 3523 πολέμιοι
3486 3491 3502 3513 ,
3581 3449 3681 3503 καὶ

2107 3550 2341 3617 λείξουσι
2390 3549 2520 3621 χοῦν
2562 3550 2612 3603 οἰ
2666 3548 2851 3620 ἐχθροὶ
2890 3546 3079 3602 αὐτοῦ.
3122 3541 3567 3612 Κατασκιασθείη
3613 3542 3680 3594 τὺ

422 3638 669 3709 στέλεχος
705 3640 798 3694 τοῦ
820 3642 1010 3711 γένους
1050 3642 1217 3697 αὑτοῦ
1251 3642 1588 3712 πολυγονίας
1612 3643 1851 3714 φύλλοις,
1907 3642 2002 3698 καὶ
2046 3643 2080 3715 ἡ
2134 3642 2261 3695 σκιά
2293 3640 2387 3695 τοῦ
2422 3638 2635 3713 καρποῦ
2672 3638 2837 3693 αὐτοῦ
2887 3637 3217 3709 animosa:
3255 3637 3358 3709 ὅρη
3408 3635 3675 3706 βασίλεια·

421 3732 501 3786 ὅτι
530 3733 617 3789 διὰ
640 3735 734 3789 σοῦ
761 3736 1105 3808 βασιλεύουσι
1157 3737 1396 3808 βασιλεῖς
1437 3737 1755 3803 δοξάζοντές
1801 3752 1865 3791 σε
1916 3737 1997 3802 εἰς
2025 3735 2118 3791 τὸν
2138 3734 2333 3790 αἰῶνα.

933 3846 1164 3903 CAPUT
1198 3847 1492 3903 PRIMUM.

424 3936 502 3992 De
560 3936 933 4008 Patzinacilis,
988 3946 1038 3991 et
1113 3948 1369 4006 quantum
1432 3938 1636 4008 prosint
1691 3939 2003 4008 imperatori

684 4006 921 4059 Romano
946 4008 991 4060 si
1015 4024 1195 4076 pacem
1216 4025 1332 4061 cum
1368 4010 1496 4077 ipsis
1521 4007 1733 4064 habeat.

496 4160 636 4215 Audi
664 4175 817 4231 ergo,
848 4160 945 4228 Illi,
968 4175 1090 4231 qua!
1122 4162 1218 4217 tibi
1247 4177 1356 4217 non
1386 4162 1684 4232 ignoranda
1717 4164 1995 4231 existimo,

2529 3847 2924 3902 ΚΕΦΔΔΑΙΟΝ
2955 3845 3252 3900 ΠΡΩΤΟΝ.

2100 3939 2240 4011 Περί
2293 3939 2411 4011 τῶν
2461 3936 2895 4011 Πατζὶνακιτῶν
2933 3937 3095 4011 (θθλ,
3144 3936 3249 4011 καί
3304 3933 3455 4011 πρός
3508 3935 3681 4011 ,πόσα

2172 4004 2625 4079 ἱγυμϐάλλονται
2689 4008 2841 4078 μετὰ
2880 4004 2986 4063 τοῦ
3021 4004 3351 4073 ,βασιλέως
3375 4004 3685 4074 Ῥωμαίων

2167 4080 2597 4147 εἰρηνεύοντες.

2171 4172 2435 4224 ’Ἄκουσον
2466 4169 2666 4235 τοίνυν,
2699 4168 2806 4231 υἰὲ,
2839 4166 2876 4221 ἆ
2917 4184 3009 4238 μοι
3037 4167 3187 4220 δοκεῖ
3224 4183 3283 4221 σε
3336 4167 3411 4239 μή
3438 4169 3679 4237 ἀγνοεῖν,

426 4263 483 4308 et
518 4252 826 4324 intelligens
859 4262 979 4310 esto
1013 4264 1073 4308 ut
1110 4264 1315 4310 rectam
1346 4254 1685 4324 gubernandi
1728 4257 1996 4310 rationem

2106 4265 2201 4317 καὶ
2236 4264 2453 4334 νοήμων
2477 4262 2655 4331 γενοῦ,
2690 4260 2776 4315 ῖνα
2805 4260 2985 4332 κτήσῃ
3011 4259 3358 4331 κυϐέρνησιν.
3389 4259 3535 4329 Φημὶ
3568 4258 3683 4330 γὰρ

427 4345 764 4414 assequaris.
798 4345 1080 4413 Siquidem
1117 4346 1203 4400 vel
1239 4345 1474 4401 subditis
1500 4345 1755 4402 omnibus
1800 4361 1998 4417 oppor-

2109 4354 2204 4408 καὶ
2230 4356 2341 4417 τοῖς
2371 4352 2551 4415 ἄλλοις
2581 4351 2784 4405 ἅπασιν
2817 4347 2953 4403 εῖναι
2974 4350 3137 4405 καλὸν
3161 4349 3270 4403 τῶν
3297 4347 3681 4419 ὑποτεταγμέ-

429 4445 617 4491 tunain
661 4452 785 4493 esse
835 4438 1121 4493 scientiam
1171 4435 1319 4503 dico,
1368 4435 1642 4506 praicipue
1705 4450 1835 4490 vero
1876 4436 1998 4502 tibi,

2106 4464 2211 4501 νων
2243 4445 2341 4517 τήν
2378 4444 2639 4515 μάθησιν,
2669 4442 3037 4512 διαφερόντως
3068 4440 3125 4494 δὲ
3176 4440 3261 4494 σοὶ
3295 4440 3372 4511 τῷ
3411 4441 3551 4510 ὑπὲρ
3577 4438 3683 4508 τῆς

424 4528 520 4596 qui
571 4529 815 4583 omnium
862 4528 1024 4583 saluti
1070 4528 1404 4598 prospicere,
1448 4542 1512 4582 ac
1566 4526 1753 4581 mundi
1806 4542 1998 4583 navem

2110 4537 2325 4591 πάντων
2385 4534 2658 4605 σωτηρίας
2696 4533 2969 4603 ὀφείλοντι
3021 4531 3406 4602 διαμεριμνᾷν,
3434 4531 3530 4584 καὶ
3578 4529 3683 4600 τὴν

427 4632 620 4687 regere
671 4627 726 4674 et
772 4620 1081 4689 gubernare
1123 4621 1341 4675 debeas.
1380 4618 1535 4685 Quod
1584 4618 1629 4673 si
1685 4618 1998 4689 perspicuo,

2108 4626 2377 4697 κοσμικὴν
2406 4626 2605 4680 ὁλκάδα
2633 4624 3016 4695 πηδαλιουχεῖν
3040 4640 3100 4676 τε
3132 4623 3228 4676 καὶ
3276 4622 3569 4692 κυϐερνᾷν.
3616 4622 3683 4675 Εἰ

428 4712 584 4775 trito,
612 4719 798 4780 atque,
823 4718 883 4765 ut
913 4726 1011 4781 par
1038 4721 1141 4776 est,
1161 4710 1352 4777 ﬂuido,
1386 4710 1623 4780 pedestri
1658 4725 1723 4765 ac
1760 4711 1998 4781 simplici

2105 4720 2165 4773 δὲ
2202 4718 2362 4787 σαφεῖ
2388 4718 2481 4770 καὶ
2540 4716 3016 4787 κατημαξευμένῳ
3070 4713 3235 4784 λόγῳ,
3289 4715 3383 4767 καὶ
3411 4708 3523 4765 οἷον
3553 4713 3684 4784 εἰκῆ

427 4803 683 4872 loquendi
728 4818 926 4874 genere
970 4814 1115 4870 utar,
1145 4804 1213 4858 ad
1254 4818 1318 4870 ea
1356 4820 1479 4873 quae
1523 4803 1785 4873 proposui
1818 4802 1998 4859 decla-

2110 4808 2287 4881 ῥέοντι
2317 4807 2465 4878 πεζῷ
2505 4808 2600 4861 καὶ
2649 4805 2896 4875 ἁπλοῖκῷ
2935 4806 3068 4877 πρὸς
3108 4806 3206 4873 τὴν
3232 4804 3339 4857 τῶν
3380 4804 3683 4873 προκειμέ-

429 4894 623 4959 randa,
665 4910 732 4949 ne
770 4895 988 4959 mirere,
1034 4894 1130 4950 ﬁli.
1174 4893 1293 4949 Non
1334 4896 1479 4949 enim
1519 4901 1664 4949 recte
1699 4894 1998 4960 scribendi,

2109 4916 2215 4952 νων
2237 4898 2556 4968 ἐχρησάμην
2574 4896 2805 4968 δήλωσιν
2824 4895 2993 4966 μηδὲν
3010 4894 3445 4965 θαυμάσῃς,ζυίέ.
3476 4893 3550 4946 Οὐ
3571 4892 3683 4963 γὰρ

427 5002 609 5058 neque
646 4988 841 5044 Atticae
873 4988 1133 5044 dictionis
1175 4987 1404 5057 turgidae
1432 5002 1497 5043 ac
1531 4987 1782 5044 sublimis
1822 4987 1998 5058 speci-

2106 4986 2366 5052 ὲπίδειξιν
2400 4986 2826 5057 καλλιγραφίας,
2876 4986 2910 5057 ἢ
2946 4985 3199 5057 φράσεως
3251 4981 3678 5056 ὴττικισμένης,

1580 5096 1882 5154 ANSELMI
1923 5098 2151 5155 BANDU
2164 5099 2255 5156 Rll
2286 5099 2519 5156 ΝΟΤΑΞ.

500 5210 614 5279 (68)
666 5209 958 5279 Meursius,
1022 5223 1087 5263 ac
1112 5208 1157 5264 si
1207 5208 1478 5278 legeretur
1500 5207 1840 5279 στασιασμοῦ
1892 5222 1991 5276 pro

2096 5208 2398 5266 Vulcanius
2454 5194 2800 5279 σταδιιιισμὸνΔ
2824 5210 3221 5279 interpretatur
3265 5204 3675 5279 dime_n_sionei_n

461 5274 821 5352 σταδιασμοῦ,
856 5274 1795 5352 hazc_itainterpretatur,seditionis
1823 5274 1991 5352 motu,
2096 5295 2194 5352 per
2244 5281 2442 5352 stadia.
2509 5274 2757 5352 Addatur
2822 5274 3005 5349 itaque
3058 5277 3177 5332 haec
3226 5292 3332 5333 vox
3396 5274 3682 5331 Glossario

432 5350 635 5422 Verum
679 5350 734 5402 in
787 5365 923 5422 mss.
972 5348 1157 5419 Regiis
1182 5348 1241 5403 et
1272 5350 1325 5422 iii
1356 5348 1602 5422 Palatino
1642 5364 1761 5422 non
1816 5348 1993 5401 solum
2098 5348 2292 5422 'Grzeco
2331 5348 2628 5422 pucangii.
2711 5417 2765 5422 ,Δ
2835 5416 2865 5422 _
2920 5348 2927 5349 “
2967 5415 3018 5422 ,Δ
3261 5421 3267 5422 γ
3430 5412 3442 5422 ⁸
3553 5412 3582 5422 __

433 5420 524 5473 hic
552 5434 744 5490 verum
761 5419 924 5490 etiam
957 5412 1082 5487 cap'.
1114 5435 1234 5474 xui.
1262 5419 1409 5473 circa
1446 5418 1604 5472 llneni
1642 5417 1840 5490 legitur
1866 5433 1999 5490 στα-
2178 5419 2289 5490 (69)
2331 5418 2407 5473 De
2446 5412 2800 5490 Pat'zinacitis
2831 5415 3085 5490 Scythica
3146 5421 3308 5490 gente
3352 5412 3445 5490 qui
3513 5412 3680 5466 etiam

430 5488 684 5569 διασμοῦ,
732 5489 845 5571 ubi_
867 5483 1137 5568 Meursius
1176 5504 1458 5571 perperam
1493 5483 1750 5571 e‘men'dat
1825 5486 1999 5571 σταδι-
2104 5483 2563 5571 Ratzinacaialiis
2584 5489 2868 5571 dicuntur,
2908 5483 3168 5571 pluribus
3186 5483 3681 5571 agitiscriptor‘iio-

436 5556 574 5629 σμοῦ
599 5574 697 5629 pro
715 5558 1079 5629 σταδιασμοῦή
1103 5556 1471 5629 quippeideiu
1501 5556 2002 5629 Porphyrogenitus
2109 5566 2223 5615 ster
2268 5560 2543 5629 capitibus
2574 5558 2951 5629 sequentibus,
2990 5556 3080 5610 ubi
3104 5556 3171 5629 de
3198 5569 3389 5629 eorum
3434 5556 3677 5629 regione,

440 5575 574 5679 οἵου
599 5574 697 5628 pro
715 5571 1079 5629 σταδιασμουο
1103 5576 1305 5629 quippe
1332 5571 1471 5612 idem
1501 5571 2002 5681 i'orpnyrogenitus
2109 5571 2223 5615 ster
2268 5571 2543 5629 capitibus
2574 5571 2951 5629 sequentibus,
2990 5571 3080 5610 uni
3104 5571 3171 5609 oe
3198 5571 3389 5609 eorum
3434 5571 3677 5629 regione,

440 5629 475 5680 li
522 5666 536 5681 .
571 5642 612 5706 ι.
648 5627 718 5683 de
752 5628 948 5709 Thom.
992 5628 1081 5709 tibi
1131 5630 1221 5709 "de
1256 5626 1547 5709 _'_I‘.heniate
1584 5641 1774 5709 'Secllll
1818 5641 1850 5679 0
1896 5627 2004 5709 ρι’-
2112 5630 2238 5709 vitm.
2302 5630 2579 5709 instituto,
2642 5628 2919 5709 gentibus
2951 5640 3073 5696 quae
3126 5624 3260 5709 ipsis
3322 5628 3681 5709 90‘ISIECI‘EIAI‘IIE‘E

441 5697 711 5769 nieiiiaco.
743 5701 821 5753 sic
858 5699 1042 5769 liabet,
1098 5698 1219 5751 οὔτε
1254 5696 1543 5759 Μένιππος
1574 5697 1600 5748 ό
1632 5696 1757 5769 τοὺς
1789 5696 1998 5769 σταδιατ

2114 5707 2242 5753 sunt
2277 5700 2464 5756 multis
2520 5690 2781 5769 loquitur.
2824 5690 2983 5754 γωδ·
3011 5690 3161 5766 «μιαί
3199 5694 3268 5751 de
3322 5693 3457 5764 ipsis
3520 5690 3681 5745 liabet

426 5766 614 5855 .OjLOi);
675 5770 773 5840 τῆς
833 5768 960 5840 ὅλης
1011 5769 1337 5839 οἰκουμένης
1398 5764 1879 5837 ἀπογραψάμενος,
1914 5764 1998 5821 ubi

2116 5769 2369 5825 Urtelius.
