4166 6450
367 337 471 397 ιθδ
1384 322 1892 394 CONSTANTINI
1925 306 2604 383 PORPHYROGENITI
3519 317 3627 382 164

369 442 631 498 micitiam
669 439 936 504 deviteut,
973 447 1028 494 et
1057 437 1261 492 auxilio
1292 437 1566 492 fruantur.
1605 436 1787 505 Neque
1817 449 1946 505 pos-

2070 435 2289 488 ῖοιοῦτον
2318 433 2468 496 ἔθνος
2520 433 2839 502 συμμαχίαν
2886 431 3017 502 παρ’
3065 429 3246 484 αὐτῶν
3300 431 3627 502 λαμϐάνειν.

367 541 497 587 sunt
554 533 683 586 item
732 530 896 585 Russi
945 529 1350 599 imperatricem
1399 529 1543 583 lianc
1572 528 1947 580 Romanorum

2070 528 2148 580 ιαὶ
2180 527 2321 596 ἐχειν
2355 525 2550 586 αὐτοὺς
2581 525 2659 586 εἰς
2684 521 2959 594 βοήθειαν,
2977 521 3052 585 ὡς
3086 521 3152 576 ἂν
3179 522 3272 576 καὶ
3300 522 3397 592 τῆς
3426 521 3632 592 ἔχθρας

373 625 586 688 urbem,
609 621 724 676 sive
746 619 901 684 belli,
929 621 1046 675 sive
1070 618 1384 675 commercii
1416 633 1582 673 causa
1610 627 1816 687 petere,
1841 616 1949 670 nisi

370 729 560 785 pacem
595 727 719 767 cum
750 711 1104 768 Patzinacitis
1134 713 1314 765 colant
1355 729 1366 764 :
1395 724 1520 764 nam
1563 710 1657 763 ubi
1691 723 1816 762 cum
1848 721 1950 760 na-

375 805 533 858 vibus
573 803 736 858 ltussi
767 803 834 856 ad
871 803 990 858 loca
1020 801 1264 856 ﬂuminis
1293 810 1564 871 prmrupta
1607 799 1952 863 devenerim,

375 908 503 948 cum
543 909 652 949 non
696 895 839 948 ultra
887 895 1183 964 procedere
1231 900 1457 962 queant,
1510 893 1618 948 nisi
1672 892 1956 946 naviculas

377 1001 512 1040 suas
551 973 774 1039 ﬂumine
816 985 1042 1040 eductas
1091 984 1334 1039 humeris
1383 983 1670 1052 impositas
1719 980 1956 1038 transfe-

381 1084 525 1138 rant,
558 1085 688 1131 tunc
735 1076 997 1146 temporis
1036 1075 1158 1130 illos
1199 1073 1556 1131 Patzinacitaz
1587 1074 1871 1140 invadunt,
1901 1081 1956 1128 et

380 1167 541 1222 facile
567 1167 691 1236 quia
728 1165 931 1236 duplici
977 1166 1150 1221 labori
1195 1165 1423 1222 ferendo
1454 1180 1615 1237 pares
1660 1181 1767 1220 non
1801 1173 1952 1229 sunt,

381 1258 435 1311 in
464 1257 640 1328 fugam
677 1265 894 1313 vertunt
920 1266 973 1312 et
999 1256 1355 1313 interﬁciunt.

2064 619 2244 672 αὐτῶν
2295 614 2767 677 ἀπαλλάττωνται,
2812 614 3036 684 καὶτῆς
3092 613 3346 683 βοηθείας
3386 629 3630 666 καταπο·

2057 707 2292 760 λαύοιεν.
2363 704 2484 756 Ὅτι
2513 702 2634 755 οὐδὲ
2671 703 2802 774 πρὸς
2848 702 2946 772 τὴν
3001 703 3391 772 βασιλεύουσαν
3429 703 3635 772 ταύτην

2059 799 2168 851 τῶν
2207 795 2497 866 Ῥωμαίων
2527 793 2682 846 πόλιν
2704 795 2752 847 οἱ
2792 793 2928 857 Ῥὦς
2989 794 3393 865 παραγίνεσθαι
3440 792 3638 844 δύναν-

2059 904 2186 952 ται,
2220 888 2269 939 εἰ
2305 885 2379 956 μὴ
2441 884 2581 956 μετὰ
2597 884 2708 938 τῶν
2777 883 3186 948 Πατζινακιτῶν
3224 878 3635 952 εἰρηνεύοντες,

2061 978 2186 1032 οὔτε
2224 977 2465 1048 πολέμου
2492 977 2672 1046 χάριν,
2706 975 2831 1030 οὗτε
2862 975 3269 1047 πραγματείας.
3318 970 3540 1043 Ἐπειδὴ
3573 973 3636 1024 ἐν

2075 1069 2154 1140 τῷ
2188 1071 2325 1140 μετὰ
2365 1071 2473 1122 τῶν
2493 1069 2694 1121 πλοίων
2724 1069 2802 1130 εἰς
2838 1071 2964 1132 τοὺς
2997 1066 3285 1140 φραγμοὺς
3342 1065 3438 1120 τοῦ
3469 1081 3640 1118 ποτα-

2066 1161 2168 1232 μοῦ
2199 1161 2310 1232 (77)
2333 1159 2731 1226 γίνεσθαιτοὺς
2774 1160 2933 1226 Ῥῶς,
2963 1163 3058 1214 καὶ
3113 1160 3188 1230 μὴ
3215 1157 3470 1212 δύνασθαι
3493 1155 3606 1208 διελ
3654 1144 3671 1161 “

2063 1252 2197 1316 θεῖν,
2258 1252 2308 1304 εἰ
2367 1253 2442 1322 μὴ
2492 1251 2803 1320 ἐξαγάγωσι
2857 1251 2948 1306 τοῦ
2979 1251 3224 1322 ποταμοῦ
3247 1253 3316 1305 τὰ
3348 1251 3508 1305 πλοῖα
3534 1250 3638 1304 αὑ-

378 1350 509 1413 τῶν,
541 1355 634 1402 καῖ
659 1352 753 1402 ἐπὶ
799 1350 909 1402 τῶν
972 1349 1138 1420 ῶμων
1193 1348 1552 1420 βαστάζοντες
1585 1349 1918 1420 διαϐήσωσιν
1953 1365 1968 1379 ο
2009 1343 2342 1398 ἐπιτίθενται
2375 1344 2497 1396 τότε
2523 1345 2705 1406 αὐτοῖς
2733 1343 2782 1396 οἰ
2813 1347 2906 1396 τοῦ
2968 1344 3210 1396 τοιούτου
3260 1343 3448 1408 ἔθνους
3531 1343 3640 1396 τῶν

381 1445 812 1509 Πατζινακιτῶν,
840 1445 936 1497 καὶ
959 1444 1178 1513 ῥᾳδίως,
1231 1445 1327 1498 ἀτε
1366 1445 1501 1516 πρὸς
1524 1444 1618 1497 δύο
1641 1445 1838 1507 πόνους
1867 1441 2114 1512 ἀντέχειν
2141 1437 2216 1510 μὴ
2239 1437 2516 1503 δύνανται,
2543 1435 2869 1508 τροποῦνται
2917 1436 3010 1489 καὶ
3038 1436 3496 1506 κατασφάζονται.

987 1533 1217 1590 CAPUT
1259 1535 1349 1591 Ill.

772 1628 850 1684 De
884 1629 1241 1684 Patzinacitis
1274 1640 1322 1684 et
1364 1629 1564 1684 Turcis.

455 1720 755 1775 Turcarum
781 1737 917 1790 gens
959 1729 1297 1776 memoratos
1337 1720 1703 1776 Patzinaeitas
1739 1733 1961 1791 magno-

381 1827 513 1881 pere
564 1810 902 1876 reformidat,
949 1813 1079 1882 quia
1118 1811 1435 1882 frequenter
1475 1813 1528 1864 in
1560 1811 1762 1882 praeliis
1793 1811 1862 1865 ab
1896 1810 1962 1864 iis

2623 1527 2895 1598 ικΕΦΑΑ.
2937 1525 3014 1582 Γ’.

2235 1623 2374 1691 Περὶ
2405 1619 2524 1675 τῶν
2563 1618 2998 1680 Πατζὶνακιτῶν
3031 1619 3129 1673 καὶ
3184 1621 3472 1687 Τούρκων.

2143 1715 2267 1769 ’Ότι
2297 1717 2389 1770 καὶ
2419 1716 2480 1768 τὸ
2513 1714 2618 1767 τῶν
2645 1713 2905 1782 Τούρκων
2928 1714 3082 1782 γένος
3123 1713 3370 1782 μεγάλως
3397 1715 3640 1766 πτοεῖται

2067 1806 2161 1860 καὶ
2185 1805 2322 1859 δέδιε
2344 1805 2471 1868 τοὺς
2496 1805 2825 1874 εἰρημένους
2853 1794 3278 1868 Πατζινακίτας,
3309 1803 3397 1856 διά
3416 1803 3478 1856 τὸ
3507 1803 3641 1856 πολ-

381 1901 582 1955 devirti
609 1914 662 1955 et
683 1901 749 1956 ad
780 1902 1212 1957 internecionem
1249 1902 1362 1958 fere
1389 1902 1516 1958 caesi
1545 1909 1694 1957 sunt.
1724 1901 1962 1971 Ideoque

2070 1899 2226 1962 λάκις
2278 1897 2586 1968 ἡττηθῆναι
2631 1896 2766 1967 παρ’
2817 1895 3021 1959 αὐτῶν,
3074 1896 3170 1948 καὶ
3219 1895 3643 1965 τελείωςσχεδδν

383 1987 578 2043 Turcis
621 1988 975 2046 Patzinacitaa
1009 2007 1250 2063 .semper
1300 1991 1642 2049 formidolosi
1701 1968 1964 2053 suun—ab

2070 1989 2445 2058 παραδοθῆναι
2476 1985 2791 2058 ἀφανισμῷ.
2827 1986 2937 2041 Καὶ
2965 1985 3054 2040 διὰ
3103 1985 3260 2040 τοῦτο
3295 1987 3383 2040 ἀεὶ
3422 1986 3644 2057 φοϐεροὶ

381 2082 560 2153 iisque
586 2091 930 2140 coercentur.

981 2288 1212 2345 CAPUT
1262 2287 1352 2344 IV.

627 2377 704 2432 De
757 2377 1138 2445 Palzinacitis,
1190 2378 1377 2432 Russis
1418 2387 1468 2432 et
1521 2375 1730 2432 Turcis.

455 2468 510 2522 Si
533 2484 717 2539 pacem
737 2485 860 2524 cum
874 2470 1235 2526 Patzinacitis
1267 2471 1463 2526 habeat
1479 2467 1852 2523 Romanorum
1868 2467 1973 2521 int-

381 2571 623 2630 perator,
652 2563 937 2636 imperium
976 2563 1349 2619 Romanorum
1373 2578 1553 2634 neque
1577 2561 1764 2626 Russi,
1795 2575 1974 2631 neque

382 2651 846 2708 Turcaeinfestare
865 2662 1124 2722 possunt:
1142 2669 1319 2725 neque
1335 2654 1465 2708 item
1482 2661 1714 2723 possunt
1729 2666 1760 2706 a
1775 2651 1975 2706 Roma-

382 2745 468 2797 nis
494 2759 592 2814 pro
610 2745 922 2799 redimenda
942 2760 1071 2814 pace
1091 2760 1340 2816 magnam
1363 2745 1718 2814 pecuniarum
1733 2744 1840 2799 vim
1859 2743 1976 2798 exi-

384 2849 533 2903 gere,
548 2837 926 2904 imperatorem
940 2836 1171 2905 hujusce
1181 2840 1358 2905 gentis
1376 2837 1641 2892 subsidiis
1656 2851 1718 2889 ac
1735 2833 1977 2904 potentia

385 2927 571 2980 nixum
589 2925 1061 2996 pertimescentes.
1083 2929 1214 2981 Dum
1234 2928 1380 2981 enim
1395 2927 1470 2982 illi
1490 2929 1543 2981 in
1560 2927 1763 2981 bellum
1782 2933 1978 2980 contra

385 3015 665 3073 Romanos
706 3017 1152 3087 proficiscuntur,
1197 3017 1571 3081 Patzinacitaa.
1598 3021 1711 3074 sive
1740 3018 1978 3073 amicitia

380 3125 508 3164 cum
566 3110 897 3181 imperatore
940 3113 1204 3180 devincti,
1251 3115 1366 3169 sive
1397 3113 1595 3169 litteris
1639 3113 1759 3184 ejus
1813 3124 1976 3183 atque

393 3203 718 3259 uulneribus
750 3205 985 3274 pellecti,
1024 3205 1182 3261 facile
1220 3205 1524 3260 Turcarum
1563 3207 1976 3274 ltussorumque

2067 2083 2179 2142 τοῖς
2207 2079 2472 2150 Τούρκοις
2497 2081 2547 2132 οἱ
2600 2072 2993 2144 Πατζινακῖται
3032 2077 3365 2148 νομίζονται,
3421 2079 3515 2133 καὶ
3554 2095 3642 2133 συ-

2071 2173 2380 2228 στέλλονται
2405 2173 2494 2227 ὐπ’
2527 2171 2727 2226 αὐτῶν.

2682 2287 2933 2341 ΚΕΦΛΛ.
2969 2287 3042 2341 A'.

2072 2378 2211 2446 Περὶ
2244 2378 2362 2432 τῶν
2391 2377 2848 2445 Πατζὶνακιτῶν,
2890 2379 2990 2433 καὶ
3025 2379 3185 2446 Ῥῶς,
3217 2377 3316 2433 καὶ
3351 2379 3644 2448 Τούρκων.

2149 2471 2279 2524 Ὀτι
2309 2471 2404 2524 τοῦ
2435 2469 2703 2540 βασιλέως
2738 2471 3052 2542 Ῥωμαίωνς
3074 2473 3212 2544 μετά
3238 2472 3347 2526 τῶν
3377 2473 3639 2538 Πατζιναο

2077 2563 2246 2617 κιτῶν
2277 2563 2673 2634 εἰρηνεύοντος,
2707 2564 2833 2617 οὒτε
2873 2563 3008 2628 Ῥὦς
3057 2565 3300 2636 πολέμου
3329 2565 3479 2635 νόμῳ
3510 2563 3646 2619 κατὰ

2077 2654 2178 2724 τῆς
2221 2654 2512 2725 Ῥωμαίων
2551 2655 2936 2726 ἐπικρατείας,
2959 2654 3082 2708 οὔτε
3116 2657 3164 2708 οἰ
3196 2654 3434 2724 Τοῦρκοι
3457 2653 3641 2708 δύναν-

2078 2761 2172 2799 ται
2237 2744 2519 2797 ἐπελθεῖν’
2568 2745 2683 2799 ἀλλ’
2737 2744 2860 2798 οὔτε
2895 2745 3035 2817 ὑπὲρ
3061 2748 3158 2816 τῆς
3191 2747 3416 2816 εἰρήνης
3438 2744 3646 2815 μεγάλα

2078 2838 2173 2892 καὶ
2198 2838 2482 2906 ὑπέρογκα
2513 2839 2772 2909 χρήματα
2802 2855 2862 2892 τε
2890 2839 2986 2892 καὶ
3032 2838 3337 2909 πράγματα
3371 2836 3520 2909 παρὰ
3545 2836 3653 2891 τῶν

2093 2930 2382 3001 Ῥωμαίων
2402 2929 2655 2984 δύνανται
2687 2930 2962 2995 ἀπαιτεῖν,
2999 2929 3230 2994 δεδιότες
3285 2928 3384 3000 τὴν
3418 2929 3507 2984 διὰ
3555 2929 3657 2984 τοῦ

2079 3021 2322 3075 τοιούτου
2387 3021 2572 3085 ἔθνους
2595 3021 2747 3092 παρὰ
2799 3019 2894 3074 τοῦ
2951 3020 3219 3091 βασιλέως
3275 3019 3398 3074 κατ’
3470 3017 3658 3074 αύτῶν

2084 3110 2256 3181 ἰσχύν.
2327 3111 2520 3181 Ἔντῴ
2567 3111 2810 3174 ἐκείνους
2872 3111 3015 3166 κατὰ
3077 3109 3366 3182 Ῥωμαίων
3422 3110 3658 3179 ἐκστρα-

2079 3203 2278 3269 τεύειν,
2302 3205 2352 3256 οἱ
2377 3203 2786 3269 Πατζινακίται,
2813 3204 2908 3257 καὶ
2936 3207 3002 3274 τῇ
3033 3203 3169 3276 πρὸς
3191 3203 3280 3256 τὸν
3306 3203 3527 3274 βασιλέα
3560 3220 3642 3271 φιν

381 3299 590 3345 terram
623 3292 907 3360 invadere,
953 3308 1018 3349 ac
1047 3310 1249 3351 uxores
1295 3295 1610 3366 liberosque
1653 3295 1873 3348 illorum
1911 3294 1964 3348 in

2079 3295 2168 3366 λίᾳ
2221 3296 2594 3366 συνδούμενοι,
2650 3295 2746 3348 καὶ
2775 3296 2908 3366 παρ’
2939 3296 3149 3348 ἐκείνου
3180 3294 3269 3348 διὰ
3308 3295 3658 3366 γραμμάτων

381 3385 702 3440 servitutem
735 3401 916 3458 agere,
960 3390 1351 3460 regionemque
1390 3390 1678 3444 devastare
1705 3395 1958 3459 possunt.

2075 3387 2171 3442 καὶ
2225 3386 2415 3458 δώρων
2465 3386 2914 3458 ἀναπειθόμενοι,
2949 3386 3206 3440 δύνανται
3253 3385 3448 3458 ῥᾳδίως
3510 3385 3650 3437 κατὰ

377 3476 481 3546 τῆς
517 3479 700 3552 χώρας
730 3482 837 3536 τῶν
859 3501 918 3538 τε
960 3483 1096 3548 Ῥῶς
1118 3486 1213 3538 καὶ
1263 3485 1370 3538 τῶν
1426 3485 1687 3557 Τούρκων
1725 3483 2082 3556 ἐπέρχεσθαι,
2120 3483 2215 3536 καὶ
2287 3480 2838 3553 ἐξανδραποδίζεσθαι
2895 3480 2964 3535 τὰ
3010 3482 3216 3534 τούτων
3279 3481 3495 3549 γύναια,
3561 3479 3649 3533 καὶ

381 3572 665 3644 παιδάρια,
702 3574 797 3627 καὶ
825 3573 1106 3648 ληῖζεσθαι
1137 3578 1234 3648 τὴν
1273 3577 1459 3650 χώραν
1481 3580 1682 3632 αὐτῶν.

930 3672 1035 3743 57
1105 3673 1332 3730 CAPUT
1372 3673 1437 3728 v.

743 3787 817 3843 De
855 3787 1214 3842 Patzinacitis
1253 3798 1302 3843 et
1341 3787 1611 3858 Bulgaria.

459 3872 710 3948 Bulgaris
741 3893 962 3947 quoque
1002 3877 1412 3932 formidabilior
1450 3878 1824 3932 Romanorum
1868 3878 1973 3932 int—

2705 3665 2957 3721 ΚΕΦΑΑ.
2993 3666 3035 3720 Ε
3056 3705 3071 3720 .

2215 3783 2352 3850 Περὶ
2379 3780 2497 3834 τῶν
2524 3778 2962 3842 Πατζὶνακιτῶν
2991 3777 3088 3835 καί
3133 3781 3516 3852 Βουλγάρων.

2174 3874 2300 3926 Ὅτι
2337 3874 2430 3927 καὶ
2457 3876 2569 3936 τοῖς
2623 3873 2953 3944 Βουλγάροις
3017 3871 3392 3945 φοϐερώτερος
3417 3875 3485 3929 ἂν
3517 3869 3660 3930 εἶναι

387 3975 615 4034 perator
658 3964 954 4031 videbitur,
1007 3964 1272 4034 ipsosque
1305 3967 1370 4019 ad
1413 3981 1604 4036 pacem
1651 3975 1705 4020 et
1735 3966 1964 4035 quietem

2075 3967 2278 4034 δόξειεν
2308 3967 2462 4020 ότῶν
2497 3967 2784 4036 Ῥωμαίων
2821 3965 3095 4037 βασιλεὺς,
3119 3966 3214 4020 καὶ
3240 3967 3489 4038 ἀνάγκην
3519 3969 3644 4036 ἠσυο

387 4053 609 4122 adigere
627 4052 790 4118 valet,
817 4053 863 4108 si
890 4053 961 4107 sit
989 4051 1196 4108 fmdere
1213 4069 1340 4107 eum
1368 4053 1964 4125 Patziuacitisjunctus.

2077 4064 2201 4133 χίας
2256 4059 2558 4114 ἐπιτιθέναι
2609 4059 2821 4123 τούτοις
2870 4059 3116 4124 δύναται,
3146 4061 3212 4113 ἐκ
3253 4059 3349 4112 τοῦ
3377 4058 3516 4128 μετά
3547 4058 3652 4112 τῶν

385 4144 672 4213 Siquidem
739 4145 1027 4198 memorati
1091 4143 1445 4200 Patzinacita:
1509 4145 1756 4217 Bulgaris
1807 4149 1964 4204 etiam

2081 4151 2494 4218 Πατζινακιτῶν
2551 4151 2889 4222 εἰρηνεύειν·
2923 4150 3112 4220 ἐπειδὴ
3162 4151 3256 4204 καὶ
3288 4151 3426 4220 πρὸς
3459 4150 3652 4215 αὐτοὺς

385 4237 602 4291 ﬁnitimi
627 4245 755 4292 sunt
787 4253 801 4289 :
829 4244 883 4290 et
913 4235 1184 4290 arbitratu
1209 4253 1332 4303 suo,
1358 4239 1473 4293 sive
1499 4239 1701 4308 proprii
1733 4252 1964 4310 quaestus

2077 4248 2200 4310 τοὺς
2227 4247 2570 4318 Βουλγᾴρους
2604 4246 2651 4297 οἰ
2679 4245 2956 4315 εἰρημένοι
3004 4240 3396 4306 Πατζινακῖται
3431 4243 3668 4312 πλησιά-

385 4343 578 4393 causa,
617 4328 734 4384 sive
761 4326 829 4381 ad
868 4328 1163 4383 ineundam
1192 4343 1320 4384 eum
1358 4328 1608 4384 Bouiania
1644 4331 1964 4400 imperatore

2083 4339 2237 4403 ζουσι
2259 4355 2274 4371 ο
2308 4339 2404 4392 καὶ
2436 4337 2594 4408 ἡνίκα
2635 4336 2966 4408 βουληθῶσι,
2997 4335 3028 4406 ἦ
3056 4335 3127 4388 δι’
3183 4337 3385 4388 οἰκεῖον
3443 4335 3652 4405 κέρδος,

385 4421 642 4490 gratiam,
665 4421 975 4490 Bulgariatn
999 4421 1152 4476 nullo
1183 4423 1403 4491 negotio
1432 4424 1689 4478 invadere
1721 4435 1964 4495 possunt,

2084 4429 2117 4499 ἢ
2157 4431 2222 4500 τῇ
2273 4430 2411 4499 πρὸς
2455 4429 2548 4480 τὸν
2587 4426 2812 4497 βασιλέα
2850 4425 3140 4498 Ῥωμαίων
3168 4427 3376 4496 χάριτι,
3416 4424 3650 4497 εὐχερῶς

382 4527 446 4567 ac
485 4513 852 4576 multitudine,
901 4514 1208 4584 roboreque
1257 4531 1360 4570 suo
1405 4515 1556 4586 ipsos
1600 4514 1890 4572 devincere
1919 4528 1964 4572 el

2081 4521 2336 4573 δύνανται
2363 4519 2504 4572 κατὰ
2565 4517 2901 4588 Βουλγαρίας
2948 4515 3354 4586 ἐκστρατεύειν,
3399 4517 3493 4571 καὶ
3550 4513 3664 4568 ἀπὸ

390 4603 704 4674 profligare.
754 4605 1098 4675 Quapmpter
1148 4606 1368 4677 Bulgari
1415 4623 1669 4678 magnam
1717 4611 1868 4679 pacis
1909 4626 1964 4665 ac

2078 4609 2174 4663 τοῦ
2206 4612 2490 4680 περιόντος
2513 4608 2750 4679 πλήθους
2771 4609 2866 4660 καί.
2890 4605 2992 4676 τῆς
3024 4606 3208 4677 ἰσχύος
3254 4606 3456 4670 αὐτῶν,
3486 4607 3650 4674 ὑπερ·

383 4697 701 4752 concordia:
728 4713 853 4751 cum
889 4698 1237 4754 Patzinacitis
1259 4704 1544 4755 servanda:
1573 4716 1785 4766 curam,
1822 4703 1964 4757 solli-

2082 4703 2238 4774 νικᾷν
2256 4703 2455 4763 αὐτοὺς
2483 4703 2576 4754 καὶ
2604 4701 2792 4771 ήττᾷν.
2835 4700 2932 4752 Διὰ
2965 4699 3123 4753 τοῦτο
3143 4698 3239 4752 καὶ
3279 4701 3326 4752 οἰ
3354 4697 3652 4766 Βούλγαροι

382 4790 794 4861 citudinemque
835 4802 1053 4862 gerunt.
1096 4790 1232 4847 Nam
1262 4793 1612 4864 frequenter
1658 4795 1726 4850 ab
1763 4797 1829 4851 iis
1873 4795 1964 4851 de-

2081 4796 2270 4864 ἀγῶνα
2307 4795 2400 4846 καὶ
2431 4791 2668 4863 σπουδὴν
2691 4791 2956 4862 διηνεκῶς
2987 4792 3170 4862 έχουσι
3196 4789 3292 4845 τοῦ
3352 4789 3652 4862 εἰρηνεύειν

383 4881 568 4936 bellati
637 4892 803 4955 atque
876 4885 1116 4949 vastati,
1186 4889 1564 4957 experimento
1627 4888 1963 4954 didicerunt,

2084 4889 2180 4943 καὶ
2203 4889 2451 4958 ὁμονοεῖν
2477 4887 2616 4957 μετά
2648 4887 2757 4940 τῶν
2794 4884 3226 4951 [Ιατζινακιτῶν.
3277 4887 3373 4940 Ἐκ
3396 4885 3492 4939 τοῦ
3547 4885 3653 4956 γὰρ

379 4985 651 5044 quantum
701 4977 806 5034 sibi
853 4978 1124 5034 conferat
1165 4989 1358 5050 pacate
1421 4997 1546 5036 cum
1591 4982 1700 5037 illis
1751 4996 1964 5051 semper

2077 4979 2340 5042 πολλάκις
2365 4978 2456 5029 ὑπ’
2492 4978 2672 5031 αὐτῶν
2705 4977 3231 5048 καταπολεμηθῆναι
3275 4977 3372 5032 καὶ
3401 4977 3652 5047 πραιδευ-

378 5082 558 5136 agere.
2077 5071 2262 5141 θῆναι,
2293 5073 2360 5141 τῇ
2387 5071 2552 5142 πείρᾳ
2583 5070 2855 5139 ἐγνώκασι
2887 5071 3051 5125 καλὸν
3074 5073 3167 5124 καὶ
3205 5071 3483 5142 συμφέρον
3515 5065 3652 5124 εἶναι

2080 5161 2142 5213 τὸ
2172 5161 2472 5231 εἰρηνεύειν
2507 5161 2596 5214 ἀεὶ
2636 5161 2771 5231 πρὸς
2809 5161 3025 5224 αύτούς.

1523 5310 1826 5367 ANSELM]
1856 5311 2187 5369 BANDL‘RII
2219 5313 2451 5368 NOTIE.

451 5425 563 5497 (77)
603 5425 890 5490 Nimirum,
931 5427 1001 5481 ad
1040 5428 1156 5481 loca
1196 5428 1434 5497 ﬂuminis
1487 5441 1776 5499 prmrupta.
1830 5431 1960 5485 Per-

2064 5441 2363 5503 nequeant,
2401 5430 2861 5503 frequentissima:
2909 5437 2962 5489 in
3001 5433 3234 5489 laudatis
3265 5431 3442 5487 ﬂuviis
3463 5447 3653 5486 occur-

381 5513 563 5570 petam
593 5500 708 5570 bace
743 5499 1135 5570 interpretatur
1168 5499 1464 5564 Meursius,
1495 5504 1548 5554 in
1571 5501 1813 5570 ﬂuminis
1843 5519 1961 5554 mu-

2067 5514 2219 5572 runt.
2251 5501 2481 5556 Nomina
2504 5501 2686 5558 autem
2722 5508 2964 5560 locorum
3008 5513 3428 5572 praeruptorum,
3451 5520 3572 5570 qua:
3600 5506 3652 5555 in

382 5568 666 5629 "intentis;
697 5567 900 5638 quippe
937 5570 990 5622 in
1046 5567 1318 5636 Danubio,
1354 5567 1589 5641 Danapri
1621 5581 1674 5625 et
1713 5573 1961 5626 Danastii
2068 5575 2177 5629 illis
2204 5571 2520 5628 ﬂuminibus
2543 5577 2907 5644 reperiuntur,
2927 5567 3653 5641 recensenturaPor'ltyrc-

382 5635 691 5691 ﬂuminibus
739 5641 883 5692 nulla
937 5639 1271 5693 munimenta
1319 5650 1434 5693 arte
1471 5645 1630 5693 laeta.
1663 5657 1782 5693 uua:
1815 5642 1966 5693 naviv
2072 5645 2256 5693 uenite
2312 5643 2474 5693 naulo
2534 5646 2672 5693 infra
2736 5661 2857 5693 ean-
2919 5663 2989 5693 nr-
3043 5646 3130 5693 ubi
3176 5645 3285 5693 agit
3341 5645 3404 5693 de
3457 5587 3653 5693 i‘iussis

379 5635 896 5715 ηιιιιιῑηίἰιιιει·ίιιιιιίιιΔ
937 5639 1271 5715 munimenta
1306 5635 1434 5694 arte
1471 5635 1630 5715 laeta,
1663 5657 1782 5708 quae
1815 5642 1966 5696 naviv
2072 5645 2256 5715 genito
2312 5643 2474 5715 paulo
2534 5635 2672 5699 infra
2736 5661 2857 5715 cap.
2895 5635 2989 5709 ⁷η,
3043 5646 3130 5699 ubi
3176 5645 3285 5713 agit
3341 5645 3404 5696 tle
3457 5635 3658 5715 Russis

383 5708 654 5786 gationem
700 5708 1020 5776 impediant,
1059 5710 1408 5778 reperiuntur
1454 5728 1467 5774 ;
1507 5713 1637 5786 loca
1667 5727 1795 5764 vero
1833 5727 1970 5786 praef
2076 5708 2135 5786 a__
2168 5708 2364 5767 liussia
2407 5708 2944 5786 Constantinopolim
2979 5708 2983 5709 ί
3016 5717 3069 5770 in
3119 5708 3374 5769 lintribus
3433 5714 3653 5768 venien-

381 5784 558 5844 rupta,
595 5791 684 5829 seu
721 5793 886 5847 rupes
912 5789 1256 5848 transversae,
1280 5797 1400 5852 qua:
1441 5781 1672 5851 navigiis
1702 5781 1970 5851 permeari
2078 5784 2245 5839 tibus.
2780 5781 2795 5786 ’
3452 5787 3454 5789 ’
