4108 6422
403 377 502 438 207

1429 377 1936 437 CONSTANTINI
1969 377 2220 438 PORPH
2233 377 2268 436 Y
2281 377 2652 438 ROGENITI

3545 363 3653 426 208

473 485 574 543 1E5
607 494 812 550 autem,
835 499 900 539 ex
936 498 1046 554 quo
1075 485 1362 541 conlectus
1387 494 1524 549 erat,
1547 483 1792 548 abstulit,
1824 491 1977 537 tran-

2100 484 2282 539 Ἐλαϐε
2331 486 2389 539 δὲ
2433 485 2527 539 τὸν
2575 482 2775 555 χαλκὸν
2801 480 2968 535 αὐτοῦ
3004 481 3098 534 καὶ
3127 477 3451 546 διεπέρασεν
3485 477 3542 528 ἐν
3587 479 3657 547 τῇ

407 579 785 649 sportavitque
814 577 868 632 in
909 576 1145 648 Syriam,
1197 585 1252 632 ct
1287 576 1516 631 cuilibet
1555 576 1748 630 venale
1779 588 1980 644 propo-

405 670 536 724 suit.
570 669 714 724 Emit
742 685 872 724 vero
913 668 1048 723 illud
1084 667 1348 723 Hebraeus
1377 666 1600 736 quidam
1655 665 1979 731 Emesenus,

405 763 496 834 qui
530 778 559 816 a
591 762 729 817 mari
757 761 1137 818 advehentium
1180 761 1446 830 imposuit
1481 758 1707 814 camelis
1730 774 1979 830 nongeno

405 853 480 907 tis
510 861 563 906 et
589 853 882 922 octoginta.

474 943 687 998 Mortuo
732 943 900 1013 igitur
944 942 1259 1006 Uthmanc,
1328 941 1570 996 Arabum
1620 942 1982 1012 principatum

419 1035 526 1104 73
569 1035 814 1104 suscepit
855 1034 1100 1102 Mavias;
1138 1049 1202 1089 ac
1241 1035 1345 1090 sub
1389 1034 1756 1104 imperiosuo
1797 1035 1986 1089 habuit

404 1133 653 1180 sanctam
686 1125 898 1190 urbem,
925 1125 1234 1180 Palaestinae
1263 1135 1466 1196 partes,
1497 1125 1848 1190 Damascum,
1876 1127 1987 1180 An-

406 1217 690 1282 tiochiam,
730 1225 784 1271 et
825 1231 1015 1272 omnes
1042 1217 1259 1288 IEgypti
1303 1217 1494 1272 urbes.
1537 1219 1679 1272 Alim
1718 1231 1850 1272 vero
1892 1215 1986 1286 qui

405 1308 730 1364 Mahometis
761 1309 925 1362 tiliam
959 1308 1245 1364 Phatimeu
1275 1323 1501 1363 uxorem
1532 1309 1784 1373 duxerat,
1811 1307 1990 1362 tenuit

403 1399 721 1455 xEthribum
747 1407 802 1455 et
828 1399 1086 1453 Arabiam
1114 1399 1378 1454 Petratam
1404 1400 1744 1454 universam.
1772 1397 1868 1453 His
1895 1398 1992 1452 ita-

405 1505 511 1560 que
554 1489 748 1545 diebus
796 1489 865 1544 de
906 1489 1079 1559 Syriae
1117 1489 1351 1558 imperio
1391 1497 1583 1542 mtttuu
1616 1488 1991 1558 disceptantes

406 1582 546 1636 Alim
588 1592 643 1638 et
684 1579 907 1645 Mavias,
955 1581 1010 1634 in
1053 1589 1304 1650 apertum
1346 1580 1550 1634 bellum
1600 1586 1988 1649 proruperunt,

405 1683 674 1745 atroxque
726 1672 976 1742 pralium
1031 1672 1099 1726 ad
1153 1672 1485 1741 Euphratem
1536 1681 1988 1737 conseruet-unt;

406 1766 644 1822 durante
687 1763 970 1830 conﬂictu,
1005 1777 1070 1818 ac
1100 1763 1292 1819 multis
1324 1763 1454 1818 hinc
1483 1763 1612 1818 inde
1639 1763 1987 1829 cadentibus,

331 1861 336 1866 ’
404 1872 472 1914 ex
505 1865 742 1926 utraque
783 1856 1164 1925 Agarenorum
1211 1861 1366 1923 parte
1413 1854 1817 1908 conclamatum
1854 1862 1983 1910 est:

406 1946 590 2015 Quare
631 1953 878 2002 mutuam
923 1946 980 2000 in
1024 1945 1227 2001 eaedem
1269 1947 1519 2011 ruimus,
1560 1959 1845 2018 genusque
1891 1960 1991 2002 no-

409 2050 584 2096 strum
618 2055 684 2096 ex
717 2038 1038 2095 hominibus
1070 2038 1320 2094 tollitur?
1352 2039 1551 2096 Verum
1569 2039 1678 2094 duo
1708 2053 1870 2095 senes
1898 2038 1993 2094 de-

408 2133 651 2202 ligantur
687 2145 754 2186 ex
797 2139 1034 2202 utraque
1073 2138 1249 2198 parte,
1280 2139 1335 2184 et
1365 2129 1412 2185 is
1441 2129 1810 2199 principatum
1842 2129 1989 2184 obti-

408 2232 558 2288 neat,
581 2238 742 2294 quem
768 2221 875 2292 ipsi
894 2222 1051 2278 alteri
1075 2221 1436 2292 praatulerint.
1461 2220 1678 2276 Placuit
1698 2220 1991 2277 consilium

406 2318 549 2371 Alim
580 2325 636 2372 et
668 2315 860 2372 Maviae
885 2357 901 2384 ,
950 2315 1348 2387 detractosque
1374 2313 1441 2370 de
1472 2315 1728 2370 manibus
1758 2314 1992 2370 annulos

408 2410 626 2465 duobus
658 2409 886 2466 senibus
911 2408 1222 2476 dederunt;
1251 2407 1398 2479 quod
1425 2407 1646 2479 quidem
1679 2407 1825 2478 apud
1850 2407 1992 2478 Aga-

407 2518 570 2558 renos
600 2503 947 2572 principatus
979 2502 1195 2573 signum
1223 2509 1330 2564 est,
1361 2509 1803 2571 potestatemque
1835 2515 1992 2555 suam

409 2611 604 2653 senum
628 2597 865 2651 duorum
897 2595 1170 2650 voluntati
1194 2595 1623 2658 commiserunt,
1645 2601 1995 2650 sacramento

411 2688 566 2759 prius
595 2689 765 2754 edito,
805 2703 865 2744 se
904 2703 1293 2759 quemcunque
1327 2702 1490 2743 senes
1533 2686 1854 2757 deligerent,
1895 2701 1996 2758 pro

411 2781 636 2835 domino
669 2793 735 2835 ac
765 2779 1012 2850 principe
1061 2780 1306 2834 omnium
1342 2777 1744 2834 Saracenorum
1775 2777 1996 2832 habitu-

412 2887 528 2928 ros.
579 2871 928 2941 Senibusque
974 2872 1244 2927 ambobus
1296 2871 1350 2925 in
1401 2871 1640 2926 medium
1689 2881 1995 2926 casrrorum

411 2961 743 3033 progressis,
774 2969 830 3016 et
859 2961 916 3016 in
946 2961 1125 3032 spatio
1155 2961 1300 3016 inter
1329 2961 1470 3017 duas
1491 2962 1640 3017 acies
1667 2960 1998 3030 interposito

415 3050 894 3117 consistentibus;
927 3052 1019 3122 qui
1058 3067 1087 3106 a
1123 3051 1375 3123 partibus
1412 3049 1557 3106 Alim
1593 3051 1776 3106 stabat
1808 3066 1996 3116 senex,

2083 579 2272 649 Συρίᾳ,
2301 579 2394 632 καὶ
2425 578 2652 649 ἔστησεν
2678 577 2840 630 αὐτὸν
2870 577 2950 638 εἰς
2980 571 3187 643 αγορὰν
3213 570 3377 624 παντὶ
3407 567 3486 638 τῷ
3532 567 3654 638 βου-

2083 668 2294 739 λομένῳ
2312 683 2325 698 °
2357 669 2608 740 ὠνήσατο
2623 667 2678 721 δὲ
2716 667 2876 721 αὐτὸν
2913 665 3162 737 Ἐϐραῖος
3183 665 3212 715 6
3230 659 3528 732 Ἐμεσηνὸς
3546 657 3662 729 (17)

2083 761 2466 830 ἐπιφορτώσας
2512 760 2680 813 αὐτὸν
2719 759 2825 812 ἀπὸ
2855 758 3134 827 θαλάσσης
3180 755 3460 824 καμήλους
3501 753 3660 806 ἐννα-

2084 853 2276 916 κοσίας
2307 852 2403 905 καὶ
2435 851 2768 921 ὀγδοήκοντα
2793 848 2930 922 (18).

2158 943 2592 1013 Τελευτήσαντος
2611 938 2705 996 οὖν
2729 941 2825 994 τοῦ
2849 941 3094 1012 Οὐθμάν,
3117 941 3229 1008 (19)
3251 935 3524 1000 διεδέξατο
3562 934 3664 1004 τὴν

2084 1036 2194 1089 τῶν
2228 1035 2478 1106 Ἀράϐων
2531 1035 2708 1106 ἀρχὴν
2763 1037 2792 1088 6
2820 1033 3061 1096 Μαϐῐας.
3107 1032 3416 1102 Ἐκράτησε
3459 1028 3516 1080 δὲ
3562 1025 3664 1094 τῆς

2086 1127 2249 1196 ἁγίας
2277 1127 2483 1191 πόλεως
2514 1129 2608 1180 καὶ
2643 1127 2753 1180 τῶν
2781 1126 2879 1195 τῆς
2907 1123 3279 1192 Παλαιστίνης
3333 1117 3540 1190 μερῶν,
3563 1117 3666 1187 τήν

2087 1235 2147 1272 τε
2201 1217 2517 1287 Δαμασκὸν,
2555 1217 2650 1271 καὶ
2699 1215 3052 1285 Ἀντιόχειαν,
3081 1213 3176 1266 καὶ
3231 1211 3413 1273 πάσας
3443 1209 3543 1271 τὰς
3567 1207 3669 1275 τῆς

2088 1309 2367 1377 Αἰγύπτου
2405 1309 2610 1371 πόλεις.
2657 1309 2716 1362 Ὀ
2753 1309 2810 1362 δὲ
2855 1307 3051 1376 Ἀλὴμ,
3076 1306 3135 1370 ὃς
3167 1300 3236 1374 ἦν
3273 1302 3524 1374 γαμϐρὸς
3571 1299 3668 1353 τοῦ

2089 1402 2352 1471 Μουάμεθ
2374 1402 2470 1455 ἐπὶ
2493 1402 2728 1474 θυγατρὶ
2745 1404 2810 1472 τῇ
2829 1401 2996 1455 καλου
3005 1399 3142 1471 μένῃ
3161 1393 3669 1468 Φατιμὲ,ἐκράτησε

2091 1495 2194 1564 τῆς
2227 1495 2508 1566 Ᾱίθρίϐου,
2560 1494 2656 1548 καὶ
2690 1497 2872 1564 πάσης
2931 1494 3031 1564 τῆς
3069 1491 3342 1563 Τραχείας
3385 1487 3667 1560 Ἀραϐίας.

2103 1585 2194 1640 Ἐν
2217 1587 2449 1649 ταύταις
2476 1580 2569 1638 οὖν
2597 1587 2718 1647 ταῖς
2744 1585 2984 1654 ἡμέραις
3013 1581 3389 1654 διηγέρθησαν
3415 1578 3552 1649 πρὸς
3570 1576 3672 1630 πό-

2091 1677 2258 1750 λεμον
2291 1679 2404 1747 (20)
2433 1679 2554 1733 κατ’
2579 1677 2828 1748 ἀλλήλων
2862 1677 2891 1730 ὅ
2920 1693 2981 1730 τε
3029 1675 3204 1744 Ἀλὴμ
3229 1673 3326 1727 καὶ
3374 1672 3403 1724 6
3426 1667 3671 1731 Μαϐίας,

2094 1771 2368 1840 ἐρίζοντες
2398 1770 2529 1841 περὶ
2569 1770 2668 1839 τῆς
2695 1769 2891 1840 ἀρχῆς,
2921 1767 3006 1830 τίς
3029 1765 3210 1819 αὐτῶν
3254 1763 3536 1833 κυριεύσει
3565 1759 3672 1813 πά-

2097 1878 2198 1932 σης
2223 1861 2444 1931 Συρίας.
2474 1859 2831 1931 Συνήχθησαν
2862 1857 2920 1910 δὲ
2946 1855 3097 1928 παρὰ
3129 1855 3224 1909 τὸν
3253 1853 3547 1925 Εὐφράτην
3577 1868 3676 1904 πο-

2091 1954 2286 2024 ταμὸν,
2331 1954 2428 2007 καὶ
2454 1953 2787 2006 συνάπτουσι
2825 1949 3065 2018 πόλεμον
3095 1947 3316 2020 ἰσχυρὸν
3358 1948 3478 2017 μετ’
3500 1944 3671 2015 ἀλλή-

2091 2044 2220 2098 λων.
2260 2042 2367 2098 Τοῦ
2409 2043 2468 2097 δὲ
2507 2042 2746 2111 πολέμου
2782 2039 3146 2112 κρατοῦντος,
3201 2037 3294 2092 καὶ
3353 2035 3566 2090 πολλῶν
3615 2035 3676 2100 ἐξ

2093 2134 2422 2206 ἀμφοτέρων
2447 2133 2781 2197 πιπτόντων,
2816 2129 3058 2202 ἔκραξαν
3079 2129 3149 2183 τὰ
3178 2127 3361 2200 πλήθη
3388 2127 3498 2180 τῶν
3514 2129 3678 2195 Ἀγα-

2093 2227 2274 2298 ρηνῶν
2302 2224 2632 2296 ἀμφοτέρων
2659 2223 2770 2278 τῶν
2792 2222 2887 2276 δύο
2919 2219 3104 2292 μερῶν
3126 2237 3140 2253 ο
3171 2219 3292 2273 Τίνι
3312 2220 3501 2290 τρόπῳ
3532 2218 3677 2286 σφά-

2095 2320 2261 2389 ζομεν
2279 2317 2375 2372 καὶ
2404 2314 2743 2388 σφαζόμεθα,
2777 2315 2872 2368 καὶ
2889 2311 3216 2382 ἀφανίζεται
3246 2311 3306 2365 τὸ
3335 2311 3493 2380 γένος
3515 2311 3676 2382 ήμῶν

2094 2413 2161 2466 ἐκ
2189 2410 2291 2481 τῆς
2323 2409 2434 2464 τῶν
2475 2407 2780 2480 ἀνθρώπων
2812 2405 2995 2476 βιοτῆς
3019 2421 3035 2469 ;
3057 2403 3220 2457 Ἀλλά
3245 2402 3677 2476 χωρισθήτωσαν

2094 2503 2189 2558 δύο
2217 2503 2474 2573 γέροντες
2511 2500 2571 2568 ἐξ
2602 2498 2932 2570 ἀμφοτέρων
2981 2495 3092 2549 τῶν
3145 2495 3350 2567 μερῶν,
3382 2494 3477 2548 καὶ
3517 2492 3577 2546 ὃν
3609 2493 3678 2546 ἂν

2097 2595 2497 2667 προκρίνωσιν,
2535 2592 2708 2662 ἐχέτω
2735 2591 2834 2660 τὴν
2864 2589 3061 2660 ἀρχήν.
3105 2588 3163 2642 '0
3215 2586 3274 2640 δὲ
3306 2586 3481 2656 Ἀλὴμ
3526 2583 3623 2637 καὶ
3648 2585 3680 2639 6

2098 2689 2320 2752 Μαϐίας
2353 2686 2669 2759 ἠρέσθησαν
2689 2683 2782 2737 ἐπὶ
2821 2681 2900 2752 τῷ
2928 2680 3072 2752 λόγῳ
3101 2679 3311 2734 αὐτῶνθ
3344 2680 3441 2734 καὶ
3478 2678 3680 2732 ἐκϐάλ-

2100 2779 2283 2841 λοντες
2309 2778 2374 2830 ἐκ
2405 2777 2510 2830 τῶν
2537 2773 2736 2846 χειρῶν
2766 2771 2891 2834 τοὺς
2930 2770 3142 2825 ἑαυτῶν
3170 2769 3492 2832 δακτυλίους
3515 2766 3680 2822 δεδώ-

2102 2887 2231 2924 κασι
2256 2871 2369 2934 τοῖς
2396 2868 2521 2922 δυσὶ
2549 2866 2800 2937 γέρουσι,
2829 2863 2967 2933 ὅπερ
2997 2863 3115 2916 ἐστὶ
3135 2863 3363 2933 σημεῖον
3385 2863 3485 2932 τῆς
3505 2860 3682 2933 ἀρχῆς

2099 2962 2212 3016 τῶν
2256 2960 2596 3030 ’Δγαρηνῶν,
2633 2957 2726 3010 καὶ
2759 2955 3036 3026 παρέσχον
3073 2955 3173 3025 τὴν
3221 2955 3470 3021 ἐξουσίαν
3499 2953 3683 3008 αὐτῶν

2103 3055 2186 3117 εἰς
2211 3052 2314 3124 τὴν
2339 3051 2562 3121 θέλησιν
2582 3049 2692 3102 τῶν
2721 3046 2816 3101 δύο
2846 3047 3141 3117 γερόντων,
3178 3045 3239 3099 τὸ
3272 3047 3504 3117 πρᾶγμα
3529 3044 3684 3115 ἔνορ-

414 3145 501 3198 vir
527 3143 652 3214 pius
679 3158 709 3196 a
741 3142 1033 3200 Saracenis
1058 3144 1364 3199 habebatur
1393 3159 1458 3200 ex
1491 3143 1710 3198 illorum
1745 3157 1995 3211 numero,

2105 3163 2198 3201 κον
2223 3148 2611 3215 ποιησάμενοι,
2637 3143 2732 3196 καὶ
2757 3142 2918 3196 τοῦτο
2966 3139 3359 3210 στοιχίσαντες,
3395 3137 3482 3190 ἵνα
3509 3136 3569 3190 ὃν
3615 3136 3683 3191 ἆν

415 3247 557 3297 quos
601 3232 710 3304 ipsi
743 3233 920 3290 Cades
952 3234 1252 3306 appellant,
1283 3235 1388 3290 boc
1419 3243 1524 3300 est,
1562 3234 1748 3290 tideles
1781 3243 1836 3290 et
1866 3249 1996 3290 san-

418 3331 560 3379 ctos.
607 3323 798 3379 Mevia:
837 3333 1020 3380 autem
1059 3341 1226 3380 senex
1267 3325 1453 3379 habitu
1491 3333 1702 3379 tantum
1740 3326 1998 3395 pietatem

418 3413 788 3484 praeferebat,
834 3424 1034 3471 caetero
1087 3415 1315 3472 dolosus
1365 3423 1797 3486 contumaxque,
1842 3415 2000 3470 mali-

418 3502 609 3572 tiaque
649 3503 977 3558 mortalibus
1022 3504 1280 3559 omnibus
1327 3504 1583 3573 superior
1627 3521 1640 3556 :
1690 3503 1787 3573 qui
1825 3501 1998 3558 Alemi

418 3608 606 3648 senem
644 3595 720 3648 ita
755 3595 1110 3664 compellavit
1143 3613 1157 3649 :
1191 3595 1297 3659 Tu,
1341 3595 1543 3665 inquit,
1585 3597 1736 3664 prior
1773 3602 2001 3651 senten-

419 3687 550 3742 tiam
573 3687 766 3751 dicito,
785 3697 976 3759 utpote
1001 3688 1262 3759 prudens,
1285 3689 1408 3758 pius
1431 3702 1495 3742 ac
1520 3703 1605 3743 me
1627 3688 1818 3744 multis
1843 3688 2002 3745 annis

415 3781 755 3847 provectior.
785 3779 1092 3850 Respondit
1121 3796 1291 3835 senex
1317 3780 1490 3834 Alemi
1527 3798 1541 3836 :
1582 3778 1654 3834 Ut
1680 3781 1824 3833 Alim
1856 3781 2004 3849 prin-

417 3870 601 3938 cipatu
622 3868 835 3938 "deieci,
864 3883 988 3923 eum
1029 3869 1295 3922 annulum
1328 3882 1493 3922 manu
1522 3867 1644 3937 ejus
1669 3876 2000 3932 extractum,

419 3959 591 4030 digito
619 3974 741 4014 meo
769 3957 1110 4015 circumdedi
1135 3976 1150 4026 ;
1185 3959 1257 4012 ita
1290 3957 1452 4028 ejicio
1477 3958 1654 4014 Alemi
1687 3958 1950 4013 annulum
1973 3974 2005 4014 e

417 4051 593 4122 digito
619 4065 762 4113 meo,
785 4058 957 4118 atque
992 4064 1098 4104 una
1139 4036 1322 4120 ipsum
1351 4065 1382 4105 e
1414 4048 1746 4119 principatu.
1781 4048 1882 4105 Cui
1915 4066 2005 4107 re-

417 4143 578 4213 ponit
622 4158 790 4198 senex
827 4142 1020 4198 Maviaa
1063 4159 1078 4196 :
1123 4141 1472 4216 thMaviam
1520 4143 1578 4198 in
1626 4144 2001 4216 principatum

419 4234 724 4299 introduxi,
771 4250 894 4289 cum
936 4235 1201 4289 annulum
1236 4234 1358 4307 ejus
1389 4234 1563 4304 digito
1603 4250 1725 4292 meo
1759 4237 2002 4303 inserui;

421 4322 498 4378 ita
529 4323 794 4376 annulum
829 4321 1019 4376 Mariae
1051 4322 1104 4376 in
1131 4323 1358 4392 digitum
1387 4321 1507 4390 ejus
1537 4324 1758 4379 induco.
1781 4325 1849 4380 Et
1877 4336 2005 4382 tunc

419 4413 490 4468 ab
534 4414 769 4469 invicem
821 4414 1222 4470 discesserunt.
1285 4414 1532 4470 Assuniit
1582 4415 1750 4486 igitur
1797 4416 2005 4475 Mavias

2103 3237 2476 3310 προκρίνωσιν
2506 3237 2554 3289 οἱ
2597 3235 2878 3306 γέροντες,
2932 3233 3142 3294 ἐκεῖνος
3177 3231 3332 3284 ἔσται
3364 3229 3553 3300 κύριος
3585 3229 3686 3283 καὶ

2101 3330 2346 3402 άρχηγδς
2375 3329 2596 3382 πάντων
2653 3327 2764 3380 τῶν
2795 3324 3152 3397 Σαρακηνῶν.
3194 3322 3303 3376 Καὶ
3336 3321 3686 3376 εἰσελθόντων

2102 3422 2212 3474 τῶν
2245 3419 2340 3474 δύο
2394 3420 2670 3491 γερόντων
2701 3417 2805 3471 ἀνά
2859 3417 3024 3488 μέσον
3056 3415 3156 3482 τῆς
3201 3411 3558 3483 παρεμϐολῆς
3585 3411 3684 3466 τοῦ

2113 3509 2355 3579 πολέμου
2378 3508 2488 3562 τῶν
2517 3507 2610 3561 δύο
2641 3506 2847 3578 μερῶν,
2875 3504 2972 3559 καὶ
3016 3502 3324 3558 σταθέντων
3353 3503 3413 3555 ὲν
3436 3501 3514 3571 τῷ
3551 3519 3686 3573 μετ-

2104 3597 2310 3670 αιχμίῳ
2361 3597 2458 3652 τοῦ
2526 3596 2893 3669 στρατοπέδου
2942 3593 3382 3664 ἀντιπροσώπου,
3439 3592 3534 3645 τοῦ
3585 3592 3688 3662 μὲν

2117 3691 2289 3762 Ἀλὴμ
2341 3691 2370 3744 6
2422 3690 2600 3760 γέρων
2631 3688 2847 3759 ὑπῆρχε
2881 3685 3024 3741 κατὰ
3071 3686 3132 3739 τδ
3199 3685 3307 3740 τῶν
3352 3684 3689 3754 Σαρακηνῶν

2105 3782 2257 3847 ἔθνος
2306 3781 2566 3852 εὐλαϐὴς,
2601 3781 2750 3844 οἴους
2815 3781 3014 3833 ἐκεῖνοι
3058 3777 3278 3846 λέγουσι
3327 3776 3496 3846 καδῆς
3549 3774 3689 3843 (21),

2104 3875 2354 3928 τουτέστι
2384 3873 2609 3936 πιστοὺς
2647 3873 2741 3926 καὶ
2778 3870 3152 3941 ήγιασμένους
3176 3883 3188 3898 ·
3216 3868 3245 3920 6
3267 3867 3324 3919 δὲ
3345 3867 3440 3920 τοῦ
3469 3865 3686 3920 Μαϐίου

2108 3967 2285 4037 γέρων
2314 3968 2372 4020 ἐν
2407 3967 2648 4037 σχήματι
2675 3965 2821 4035 μόνῳ
2853 3959 2923 4034 ἦν
2955 3961 3216 4032 εὐλαϐὴς,
3247 3959 3316 4014 τά
3354 3959 3400 4013 δ’
3447 3959 3581 4015 ἄλλα
3607 3958 3692 4011 δο-

2107 4056 2266 4125 λερὸς
2292 4056 2388 4110 καὶ
2417 4053 2688 4124 αὐθάδης,
2713 4054 2808 4107 καὶ
2830 4055 3068 4124 πονηρίᾳ
3087 4053 3298 4114 πάντας
3323 4049 3686 4120 ὑπερϐάλλων

2108 4146 2453 4217 ἀνθρώπους.
2511 4141 2649 4198 Εἷπε
2684 4144 2742 4196 δὲ
2786 4145 2815 4196 6
2839 4141 2935 4196 τοῦ
2966 4142 3183 4196 Μαϐίου
3207 4142 3387 4211 γέρων
3431 4141 3569 4212 πρὸς
3597 4139 3692 4193 τὸν

2107 4236 2336 4308 γέροντα
2379 4233 2474 4288 τοῦ
2512 4233 2690 4304 Ἀλὴμ
2739 4231 2876 4303 (22),
2917 4234 2999 4285 ὅτι
3052 4232 3123 4284 Σὺ
3153 4230 3370 4299 πρῶτος
3399 4224 3519 4283 εἶπε
3549 4229 3690 4300 ὅπερ

2110 4327 2296 4399 βούλῃ,
2329 4325 2470 4380 ὥστε
2502 4326 2768 4396 φρᾶνιμος
2805 4324 2919 4395 (25)
2951 4323 3046 4378 καὶ
3077 4323 3334 4392 εὐλαϐὴς,
3366 4325 3461 4376 καὶ
3500 4321 3689 4393 μακρὰ

2108 4421 2219 4481 τοῖς
2248 4420 2402 4489 ἐμοῖς
2427 4416 2646 4488 χρόνοις
2678 4414 3181 4486 ὑπερϐαλλόμενος.
3207 4415 3319 4468 Καὶ
3357 4413 3636 4484 ἀπεκρίθη
3664 4415 3693 4466 6

423 4503 595 4576 Syria:
629 4507 1024 4576 principatum,
1058 4505 1205 4578 quod
1237 4505 1458 4560 Aminei
1500 4521 1690 4562 omnes
1717 4507 1995 4578 iurassent

2107 4510 2286 4580 γέρων
2314 4508 2407 4563 τοῦ
2447 4507 2620 4577 Ἀλὴμ
2651 4505 2830 4572 τοῦτο,
2854 4507 2937 4558 ὅτι
2975 4505 3262 4570 Ἐξέϐαλον
3293 4505 3386 4560 τὸν
3427 4505 3601 4576 ’Δλὴμ
3624 4507 3690 4557 ἐκ

423 4611 619 4650 senum
651 4611 712 4650 se
741 4595 905 4651 dictis
933 4597 1300 4652 obsecuturos
1329 4613 1472 4653 esse.
1500 4599 1643 4653 Alim
1679 4601 1846 4669 igitur
1873 4618 1998 4657 cum

421 4687 541 4742 suis
563 4694 618 4741 et
644 4694 758 4741 tota
789 4689 1116 4757 cognatione
1141 4689 1198 4741 in
1225 4688 1464 4744 Aithribi
1497 4698 1682 4758 partes
1709 4691 2002 4758 abscessit,

421 4779 610 4849 ibique
641 4779 785 4832 diem
817 4779 954 4833 obiit
983 4795 1323 4850 supremum.

2111 4601 2209 4672 τῆς
2233 4601 2433 4671 ἀρχῆς,
2458 4599 2531 4663 ὡς
2559 4597 2832 4670 ἐξήγαγον
2857 4598 2949 4652 τὸν
2977 4597 3266 4651 δακτύλιον
3309 4597 3475 4650 αὐτοῦ
3502 4598 3566 4650 ἐκ
3593 4598 3696 4666 τῆς

2113 4693 2294 4763 χειρὸς
2323 4691 2514 4756 αὐτοῦ,
2539 4693 2634 4744 καὶ
2665 4692 2961 4762 εἰσήγαγον
3013 4691 3094 4754 είς
3127 4691 3216 4743 τὸν
3245 4690 3376 4758 ἐμὸν
3404 4688 3693 4754 δάκτυλον,

2118 4785 2366 4838 ἐκϐάλλω
2391 4785 2485 4837 καὶ
2507 4785 2598 4837 τὸν
2622 4784 2907 4837 δακτύλιον
2931 4781 3024 4836 τοῦ
3073 4782 3249 4853 ’Δλὴμ
3277 4784 3342 4834 ἐκ
3371 4780 3466 4835 τοῦ
3488 4780 3694 4836 δακτύ-

422 4871 517 4927 λου
573 4888 696 4940 μου,
741 4871 1086 4930 συνεκϐαλὼν
1114 4873 1276 4927 αὐτὸν
1308 4875 1402 4927 καὶ
1450 4873 1550 4944 τῆς
1602 4873 1780 4945 ἀρχῆς
1813 4875 2002 4930 αὐτοῦ.
2047 4877 2571 4948 Καὶ-ἀνταπεκρίθη
2613 4877 2641 4930 6
2678 4874 2773 4929 τοῦ
2811 4874 3024 4930 Μαϐίου
3055 4873 3255 4946 γέρων,
3313 4874 3390 4938 ὡς
3435 4873 3517 4927 ὅτι
3545 4873 3722 4956 είσήολ

1602 4967 1904 5022 ANSELMI
1935 4969 2266 5025 BANDURII
2288 4969 2518 5024 ΝΟΤιΕ.
3051 4971 3082 4977 ’

497 5057 611 5133 (17)
652 5056 742 5114 Sic
771 5060 1194 5133 habetur_etiam
1242 5063 1294 5117 in
1325 5077 1426 5116 ms.
1462 5064 1532 5118 Λι
1580 5063 1758 5133 capite
1798 5079 2004 5133 praece-

423 5128 573 5200 denti
600 5129 744 5184 hunc
773 5132 953 5200 ipsum
992 5130 1240 5187 Judaeum
1292 5128 1842 5189 Edesscnnm’fuiss'e
1891 5135 2002 5198 ait;

424 5207 480 5251 ct
508 5199 590 5253 sic
629 5199 1198 5273 quidcinglegendum,
1233 5217 1355 5273 nam
1405 5204 1494 5256 hic
1542 5203 1821 5273 Ἐδεσηνός
1870 5203 2007 5257 dici-

425 5279 518 5350 tur
563 5277 622 5324 et
666 5269 1011 5342 Theophani,
1065 5273 1139 5326 uti
1191 5271 1258 5326 ad
1305 5273 1586 5328 laudatum
1651 5269 1831 5328 locum
1888 5290 2006 5329 mo-

424 5354 672 5394 nutmus.

497 5409 610 5482 (18)
639 5410 748 5465 ’8ἰο
795 5410 1064 5482 scriptum
1103 5422 1224 5466 erat
1273 5413 1450 5481 prima
1504 5429 1666 5466 manu
1718 5414 1773 5468 in
1821 5413 2011 5468 codice

428 5479 944 5561 RegioOvetustiori,
980 5482 1056 5535 uti
1087 5483 1154 5535 ad
1202 5479 1366 5552 caput
1396 5483 1730 5540 antecedens
1761 5485 2012 5556 pluribus

429 5563 768 5606 ιιιοηυιῐηυε.
1237 5591 1240 5594 ~
1550 5563 1556 5567 ’

859 5591 1251 5694 Theophanem
1298 5624 1365 5678 ad
1415 5638 1620 5680 annum
1673 5625 1741 5680 M
1793 5625 2011 5698 imperii

430 5683 774 5746 Constantis.

503 5756 619 5835 (20)
663 5758 737 5835 Qe
769 5761 870 5835 hoc
893 5762 1123 5835 dissidio
1153 5763 1296 5818 inter
1321 5764 1551 5831 Arabes,
1574 5766 1832 5820 nimirum
1863 5769 2006 5822 inter

428 5826 572 5881 Alim
599 5826 655 5885 et
681 5829 916 5888 Mariam
944 5834 1184 5904 loquitur
1214 5836 1380 5895 etiam
1411 5826 1580 5909 supra
1619 5839 1857 5909 scriptor
1907 5853 2010 5894 no—

2113 5074 2229 5149 ster
2263 5068 2409 5149 circa
2445 5067 2661 5123 initium
2697 5068 2931 5140 hujusce
2965 5067 3186 5139 capitis,
3224 5068 3317 5122 ubi
3343 5065 3578 5136 vidiqute
3602 5062 3694 5118 adv

2115 5146 2446 5192 notavimus.

2188 5207 2300 5277 (21)
2336 5209 2524 5280 Καδής
2555 5217 2628 5280 ει
2650 5209 2818 5280 Καδίς
2847 5207 2988 5278 apud
3019 5206 3233 5280 Turcos
3281 5208 3453 5280 judea:
3483 5203 3699 5280 signifl-f

2117 5275 2224 5340 cat,
2255 5275 2347 5348 qui
2385 5279 2449 5331 de
2479 5275 2666 5333 causis
2705 5275 3035 5348 litigantium
3071 5278 3257 5346 aliquo
3283 5275 3347 5332 in
3379 5279 3580 5347 oppitlu
3613 5275 3698 5328 vel

2117 5348 2274 5401 urbe.
2312 5347 2397 5401 vel
2429 5349 2710 5401 provincia
2747 5349 3051 5401 comtoscit.
3099 5355 3156 5400 ut
3191 5355 3275 5401 est
3316 5349 3458 5401 apud
3511 5345 3698 5399 Leuna-

2117 5349 2274 5410 urbe,
2312 5349 2397 5401 vel
2429 5349 2710 5416 provincia
2747 5349 3051 5418 cognoscit,
3099 5355 3156 5400 ut
3191 5355 3275 5402 est
3316 5349 3458 5414 apud
3511 5349 3699 5399 Leuna-

2115 5417 2348 5471 clavium
2409 5418 2463 5471 in
2519 5417 2692 5473 Pand.
2747 5417 2912 5473 Ture.
2975 5433 3129 5472 num.
3183 5417 3271 5471 29.
3332 5416 3460 5472 Vide
3515 5415 3697 5471 Gloss.

2116 5485 2288 5559 Graec.
2327 5487 2612 5559 Qucangii.

2187 5558 2299 5628 (22)
2339 5557 2430 5612 Sic
2477 5555 2545 5612 εἰ
2574 5573 2677 5612 ms.
2720 5557 2930 5613 codice.
2971 5555 3029 5610 1n
3059 5556 3227 5613 editis
3265 5556 3380 5612 btec
3411 5555 3601 5628 mutila
3634 5567 3701 5628 ac

2115 5625 2416 5695 depravata
2447 5637 2596 5682 sunt.
3595 5625 3598 5630 ’
3642 5625 3662 5695 ί

2188 5694 2301 5767 (25)
2341 5696 2433 5772 Sic
2479 5697 2532 5752 in
2575 5713 2691 5772 ms._
2721 5696 3101 5772 l'_erperam_in
3149 5697 3317 5772 editis
3353 5696 3573 5772 legitur.
3601 5694 3702 5772 ﬂos

2117 5763 2240 5908 top?
2268 5763 2565 5838 φρόνίμος;
2602 5769 2696 5826 sed
2721 5763 2992 5828 Meursius
3019 5763 3317 5842 legendum’
3337 5763 3449 5834 ait',
3483 5763 3700 5820 ὡσείτε

2119 5855 2155 5907 φ
2226 5854 2401 5909 νιμος.
3361 5871 3366 5874 -
3585 5867 3592 5873 ι
