4108 6466
526 331 634 394 ΞΞἹ

1564 326 2068 390 CONSTANTINI
2100 324 2776 388 POBPHYROGENITI

3691 323 3805 387 228

530 446 691 518 Syria
719 457 862 509 esse,
897 441 952 497 id
979 449 1088 505 est,
1124 439 1181 496 in
1219 439 1461 496 Arabum
1493 440 1840 511 principatu;
1873 453 2104 510 quorum

2227 437 2407 509 Συρίᾳ,
2430 438 2600 507 ἧγουν
2623 439 2680 492 ὲν
2699 441 2763 510 τῇ
2782 438 2890 490 τῶν
2907 434 3156 506 Ἀράϐων
3179 433 3345 506 ἀρχῇ.
3368 426 3510 488 Ὦνὸ
3525 434 3624 505 μὲν
3653 436 3814 506 πρῶο

515 539 750 609 quidem
782 537 1000 606 primus
1039 533 1245 611 residet
1274 534 1333 589 in
1361 532 1602 604 Bagdad,
1631 539 1827 602 estque
1856 548 1920 587 ex
1958 529 2114 606 Mna-

529 630 703 685 metlii
724 627 840 681 sive
861 624 1200 680 Muchumeti
1230 624 1528 694 progenie;
1563 622 1842 679 secundus
1871 622 2027 677 sedet
2058 621 2113 675 in

527 718 716 776 Africa
742 727 798 773 et
842 725 928 773 est
970 731 1038 771 ex
1087 715 1341 786 prosapia
1379 714 1522 769 Alim
1564 721 1621 770 et
1665 715 1945 770 Phatemae
1989 713 2115 769 tiliae

530 809 807 865 Muameth
848 808 964 864 sive
1003 806 1338 869 Mucltumet,
1381 805 1495 875 80
1525 805 1670 860 unde
1703 807 1874 860 etiam
1916 804 2118 860 Pliate-

531 905 682 958 mitae
709 909 1012 964 vocantur;
1042 897 1242 952 tertius
1271 908 1401 952 vero
1433 898 1489 951 in
1519 897 1781 966 Hispania
1812 897 1971 952 sedes
2014 897 2118 951 ha-

529 995 644 1056 bet,
681 1002 736 1048 et
771 1006 800 1047 a
839 990 1014 1045 Mavia
1049 989 1324 1060 originem
1365 989 1538 1045 ducit.
1593 988 1705 1045 Nec
1751 990 2118 1060 ignorandum

533 1092 638 1148 est,
670 1096 699 1135 a
739 1081 1008 1150 principio
1049 1094 1178 1134 cum
1214 1078 1478 1136 Saraceni
1503 1065 1687 1136 totum
1728 1080 1902 1153 Syriae
1945 1083 2123 1153 impe-

2215 543 2309 591 τος
2341 527 2640 592 καθέζεται
2675 529 2735 580 ὲν
2763 525 2842 597 τῷ
2873 523 3087 593 Βαγδάδ
3113 522 3211 594 (ιγ
3236 522 3431 586 ἔστιδὲ
3455 527 3518 577 ὲκ
3546 523 3644 594 τῆς
3690 521 3787 576 τοῦ

2214 619 2481 689 Μουάμεθ
2561 618 2782 687 γενεᾶς,
2835 618 2957 688 ῆτοι
3007 613 3104 669 τοῦ
3165 613 3528 684 Μουχούμετ·
3581 616 3611 667 δ
3661 613 3720 666 δὲ
3756 612 3806 682 β’

2217 709 2509 774 καθέζεται
2532 711 2592 763 ὲν
2621 709 2884 782 Ἀφρικῇ,
2945 707 3039 762 καὶ
3095 707 3243 761 ἔστιν
3264 708 3329 760 ὲκ
3354 707 3454 777 τῆς
3477 708 3571 761 τοῦ
3631 707 3819 778 Ἀλὴμ.

2217 803 2435 868 γενεᾶς,
2460 803 2554 856 καὶ
2574 802 2806 872 Φατιμὲ,
2831 803 2929 872 τῆς
2961 800 3235 870 θυγατρὸς
3248 799 3539 869 Μουάμεθ,
3572 801 3690 871 ῆτοι
3711 798 3814 853 τοῦ

2217 892 2549 964 Μουχούμετ
2573 911 2588 926 ο
2625 892 2684 958 se
2716 887 2776 947 οὗ
2802 894 2897 946 καὶ
2952 893 3268 963 Φατημῖται
3329 890 3710 972 ὀνομάζονται.
3749 890 3817 943 ’0

2219 984 2276 1038 δὲ
2319 984 2507 1056 τρίτος
2555 984 2847 1050 καθέζεται
2877 985 2936 1038 ὲν
2972 983 3246 1056 Ἰσπανίᾳ.’
3300 983 3417 1036 ἐστι
3468 982 3526 1036 δὲ
3559 981 3668 1036 ἀπὸ
3712 982 3818 1051 τῆς

2219 1079 2415 1146 γενεᾶς
2453 1075 2549 1130 τοῦ
2578 1077 2832 1139 Μαϐίου.
2900 1073 3104 1131 Ἴστέον
3134 1076 3218 1131 ὅτι
3261 1076 3319 1130 έν
3349 1073 3429 1146 τῷ
3460 1075 3582 1129 κατ’
3633 1074 3818 1145 ἀρχὰς

534 1177 680 1229 rium
725 1172 1069 1238 obtinerent,
1126 1172 1571 1228 Amermumnem
1613 1172 1668 1228 in
1718 1172 1932 1244 Bagdad
1980 1189 2125 1229 rese.

2227 1167 2370 1239 ἱντῷ
2394 1168 2684 1240 κυριεῦσαι
2715 1169 2842 1234 τοὺς
2885 1169 3240 1240 Σαρακηνοῦς
3268 1167 3450 1238 πάσης
3467 1167 3566 1238 τῆς
3609 1165 3820 1237 Συρίας

529 1265 704 1320 disse.
759 1261 1069 1333 lmperabat
1119 1271 1254 1317 vero
1295 1261 1499 1318 Persia;
1553 1265 1848 1328 universae,
1898 1265 2121 1333 Africae,

2227 1261 2494 1332 ἐκαθέσθη
2517 1260 2920 1333 άμερμουμνὴς
2963 1262 3043 1325 είς
3067 1259 3146 1332 τῷ
3173 1259 3408 1329 Βαγδάδ.
3441 1258 3732 1324 Ἐδέσποζε
3756 1258 3819 1312 δὲ

531 1355 773 1426 Egypto
801 1362 857 1410 et
889 1353 1108 1410 Arabiae
1147 1351 1358 1422 Felici;
1401 1363 1456 1410 et
1523 1356 1831 1412 ameradias
1869 1370 2122 1426 magnas,

2227 1350 2409 1422 πάσης
2457 1351 2558 1420 τῆς
2615 1351 2884 1423 Περσίας,
2937 1352 3035 1406 καὶ
3077 1351 3180 1423 τῆς
3241 1351 3534 1422 Ἀφρικῆς,
3592 1351 3814 1421 καὶτῆς

534 1448 653 1501 sive
689 1455 957 1517 praeturas
990 1444 1180 1500 habuit
1211 1445 1378 1501 hasce
1423 1462 1436 1500 :
1490 1445 1664 1516 prima
1697 1446 1976 1501 ameradia
2007 1457 2126 1502 erat

2227 1442 2526 1513 Δίγύπτου,
2591 1445 2686 1498 καὶ
2714 1443 2812 1516 τῆς
2845 1443 3180 1515 Εὐδαίμονος
3217 1442 3504 1514 Ἀραϐίας.
3530 1443 3643 1496 Καὶ
3666 1437 3818 1513 εἶχεν

531 1536 732 1592 Persia
761 1535 879 1591 sive
905 1535 1265 1604 Chorossan;
1302 1535 1547 1591 seCunda
1583 1545 1703 1592 erat
1761 1535 1984 1604 Africa;
2014 1546 2127 1594 ter-

2227 1535 2542 1607 ἀμηραδίας
2595 1535 2862 1605 μεγάλας,
2945 1535 3066 1606 ῆτοι
3125 1533 3511 1606 στρατηγίδας,
3574 1531 3817 1598 ταὺταςο

530 1630 634 1694 tia,
663 1626 982 1699 Egyptus;
1030 1636 1252 1697 quarta,
1297 1626 1616 1695 Philistiim’,
1666 1628 1784 1683 sive
1821 1626 2124 1696 Rhamble;

2228 1629 2459 1700 πρώτην
2518 1627 2836 1699 ἀμηραδίαν
2854 1628 2956 1698 τὴν
2977 1626 3241 1700 Περσίαν,
3273 1628 3440 1698 ῆγουν
3481 1626 3542 1680 τδ
3586 1626 3821 1698 Χωροσ-

533 1719 757 1789 quinta,
805 1718 1143 1783 Damascus;
1195 1725 1374 1782 sexta,
1410 1715 1673 1786 Cbemps,
1714 1719 1831 1772 sive
1865 1715 2126 1783 Emessa;

2230 1718 2368 1772 σάν⁶
2428 1718 2689 1789 δευτέραν
2751 1717 3067 1789 ἀμηραδίαν
3117 1716 3218 1790 τὴν
3259 1716 3531 1788 Ἀφρικὴν
3558 1755 3574 1782 ,
3625 1715 3823 1788 τρίτην

535 1811 796 1898 septima,
840 1809 1083 1879 Chalep;
1127 1816 1344 1874 octava,
1395 1806 1724 1876 Antiochia;
1769 1823 1939 1872 nona,
1976 1806 2126 1862 Cha-

2227 1809 2541 1881 άμηραδίαν
2592 1809 2695 1880 τὴν
2736 1810 3012 1880 Αἴγυπτον
3043 1810 3144 1882 (5),
3199 1809 3472 1882 τετάρτην
3502 1809 3823 1880 ἀμηραδίαν

536 1891 672 1968 van;
705 1901 946 1967 decima,
975 1899 1174 1966 Emet;
1203 1899 1517 1964 undecima,
1549 1891 1746 1967 Esibe;
1779 1901 2123 1967 duodecima,

537 1993 747 2060 Musei;
796 1991 1177 2048 decimatertia
1235 1989 1540 2059 ameradia,
1564 1991 1758 2048 Ticrit.
1788 1992 1974 2048 Africa
1997 2009 2127 2049 vero

536 2085 608 2140 ab
637 2086 1049 2142 Amermumnis
1085 2082 1460 2156 Bagdadensis
1493 2093 1768 2156 potestate
1792 2085 2007 2151 avulsa,
2040 2085 2126 2140 sui

531 2173 680 2244 juris
709 2175 875 2240 facta,
909 2183 964 2231 et
995 2175 1278 2245 proprium
1311 2175 1414 2232 sibi
1459 2189 1703 2230 ameram
1730 2174 2123 2242 censtituente,

539 2269 718 2339 prima
767 2266 1068 2335 ameradia,
1098 2263 1562 2338 quemadmodum
1598 2267 1829 2334 solebat,
1863 2266 1966 2322 fuit
1991 2265 2128 2322 Per-

535 2358 657 2424 sia;
695 2359 959 2423 secunda,
1003 2357 1317 2430 Egyptus,
1363 2367 1420 2414 et
1468 2359 1698 2430 reliqua:
1737 2359 2023 2431 deinceps,
2066 2366 2130 2414 ut

535 2464 705 2518 supra
743 2449 951 2504 dictum
983 2457 1090 2505 est.
1140 2450 1328 2523 Nuper
1368 2466 1496 2507 vero
1541 2466 1667 2507 cum
1707 2452 2131 2510 Amermumnes

536 2541 917 2610 Bagdadensis
963 2543 1176 2598 viribus
1227 2543 1406 2615 impar
1450 2555 1619 2602 esset.
1663 2559 1880 2600 emeras
1925 2545 2130 2602 Persia:

535 2633 656 2688 sive
699 2633 986 2689 Chorasan
1029 2636 1115 2690 sui
1157 2635 1301 2706 juris
1347 2643 1401 2692 et
1465 2638 1753 2707 potestatis
1800 2635 1979 2694 factus
2023 2647 2128 2705 est,

537 2738 774 2795 seseque
807 2724 1259 2782 Amermumnem
1294 2726 1614 2796 appellavit,
1649 2735 1872 2799 gestans
1898 2727 2128 2782 Alcora-

2227 1903 2326 1975 τὴν
2349 1903 2664 1974 Φιλιστιὴμ,
2688 1903 2809 1974 ἦτοι
2841 1903 2902 1957 τὸ
2932 1903 3191 1973 Ῥάμϐλε⁸
3217 1902 3476 1974 πέμπτην
3501 1899 3823 1973 ἀμηραδίαν

2227 1993 2326 2064 τὴν
2362 1994 2678 2064 Δαμασκὸν,
2709 1994 2878 2068 ἕκτην
2941 1994 3261 2066 ἀμηραδίαν
3291 1994 3352 2048 τὸ
3385 1993 3570 2064 Χὲμψ,
3603 1994 3725 2065 ῆτοι
3757 1990 3824 2046 τδ

2233 2084 2482 2156 Ἐμεσσα
2517 2101 2532 2117 ’
2578 2083 2818 2156 ἑϐδόμην
2867 2084 3183 2157 ἁμηραδίαν
3225 2085 3288 2139 τὸ
3340 2084 3565 2146 Χάλεπ,
3620 2083 3824 2154 ὀγδόην

2228 2174 2544 2247 ἀμηραδίαν
2587 2175 2685 2244 τὴν
2742 2175 3080 2248 Ἀντιόχειαν
3109 2216 3124 2241 ,
3191 2176 3425 2247 ὲννάτην
3505 2175 3826 2247 ἀμηραδίαν

2227 2268 2290 2322 τὸ
2319 2269 2531 2341 Χαρὰν,
2591 2267 2828 2334 δεκάτην
2875 2268 3220 2340 ἅμηραδίαν,
3265 2269 3462 2339 Ἐμετ,
3525 2267 3827 2337 ἑνδεκάτην

2227 2361 2543 2433 άμηραδίαν
2593 2362 2696 2433 τὴν
2755 2363 2970 2435 Ἐσιϐὴ,
3033 2362 3346 2433 δωδεκάτην
3409 2362 3724 2434 ἀμηραδίαν
3760 2362 3826 2416 τὸ

2229 2453 2474 2520 Μοὺσελ,
2519 2453 2880 2528 τρισδεκάτην
2940 2455 3256 2528 ἁμηραδίαν
3288 2453 3350 2509 τὸ
3372 2455 3588 2526 Τικρίτ.
3620 2455 3733 2525 Τῆς
3757 2453 3826 2509 δὲ

2241 2549 2512 2620 Ἀφρικῆς
2559 2547 2978 2617 ἀποσπαθείσης
3041 2546 3152 2601 ἀπὸ
3191 2546 3292 2618 τῆς
3318 2546 3414 2600 τοῦ
3453 2545 3829 2616 άμερμουμνῆ
3945 2551 3954 2559 ’

2231 2641 2290 2692 ὲν
2320 2639 2401 2711 τῷ
2425 2639 2640 2710 Βαγδὰδ
2698 2635 2969 2704 ἐξουσίας,
3023 2639 3120 2694 καὶ
3180 2639 3661 2710 ίδιοκρατησάσης,
3729 2638 3829 2691 καὶ

2231 2731 2459 2801 ἁμηρᾶν
2512 2729 2648 2786 rem
2691 2727 3144 2800 άναγορευσάσης
3207 2727 3317 2800 (6),
3371 2728 3590 2797 γέγονε,
3636 2723 3828 2791 καθὼς

536 2832 670 2871 num
704 2833 735 2872 e
768 2818 914 2874 collo
963 2833 1060 2887 per
1103 2818 1340 2874 tabellas
1389 2821 1570 2874 instar
1617 2821 1838 2890 torquis
1881 2822 2127 2890 penden-

2231 2822 2328 2878 καὶ
2353 2821 2736 2894 προὺπῆρχεν,
2763 2819 2956 2891 πρώτη
2984 2820 3312 2891 ὰμηραδίαή
3329 2817 3563 2888 Περσία,
3594 2815 3828 2884 δευτέρα

535 2914 646 2959 tem
676 2923 690 2959 :
723 2906 901 2977 deque
933 2921 1134 2978 genere
1165 2907 1308 2962 Allm
1343 2908 1646 2964 oriundum
1680 2925 1751 2966 se-
1775 2911 1936 2966 dicit.
1967 2913 2127 2967 Ame-

2228 2913 2590 2984 ήΑίγυπτος,
2649 2911 2748 2967 καὶ
2807 2911 3046 2982 καθεξῆς
3074 2912 3130 2966 αἱ
3153 2909 3360 2974 λοιπαὶ,
3426 2907 3608 2971 καθὼς
3633 2906 3830 2977 προεί-

538 3009 634 3052 ras
677 3009 860 3053 autem
911 2999 1128 3054 Arabiae
1179 2997 1379 3055 Felicis
1432 3001 1538 3057 sub
1591 3009 1870 3072 potestate
1931 3017 2127 3060 amere

2234 3016 2420 3070 ρηται.
2451 2998 2685 3070 Ἀρτίως
2714 2998 2772 3052 δὲ
2794 2999 2960 3054 πάλιν
2989 2997 3086 3052 τοῦ
3110 2997 3480 3070 άμερμουμνῆ
3512 2996 3608 3050 τοῦ
3662 2997 3720 3048 ὲν
3745 2995 3832 3066 τῷ

537 3085 763 3158 Egypti
789 3095 1007 3159 semper
1035 3088 1161 3144 fuit.
1193 3087 1400 3144 Verum
1437 3090 1526 3145 hic
1554 3106 1776 3163 quoque
1806 3108 1922 3149 sum
1949 3093 2121 3150 ditio-

2233 3088 2449 3159 Βαγδὰδ
2495 3089 2942 3161 άδυνατήσαντος
3015 3089 3242 3160 γέγονεν
3293 3087 3604 3160 ίδιόρυθμος
3649 3091 3678 3140 ὀ
3723 3087 3833 3158 τῆς

539 3176 630 3230 nis
663 3176 914 3244 eﬂ‘ectns,
957 3178 1413 3236 Amermumnem
1453 3194 1578 3238 sese
1616 3192 1932 3254 nuncupat,
1963 3194 2127 3256 atque

2232 3184 2473 3257 Περσίας
2499 3185 2744 3256 ἅμηρᾶς,
2772 3184 2940 3254 ἤγουν
2972 3182 3034 3236 τὸ
3049 3181 3335 3254 .Χορασάν’
3363 3180 3461 3236 καὶ
3484 3178 3833 3234 ἀπεκάλεσεν

537 3264 608 3320 ad
641 3264 787 3320 Alim
820 3267 1090 3339 originem
1123 3267 1315 3325 refert.

2249 3276 2441 3332 ἑαυτὸν
2487 3273 2910 3348 ἀμερμουμνῆν,
2947 3273 3131 3346 φορῶν
3169 3273 3349 3328 καὶτὸ
3394 3273 3602 3344 κουρὰν
3631 3269 3710 3344 (7)
3737 3269 3836 3324 διὰ

540 3362 866 3417 πινακιδίων
907 3364 992 3428 είς
1038 3363 1132 3418 τὸν
1181 3365 1458 3438 τράχηλον
1513 3365 1683 3422 αὑτοῦ
1737 3368 1895 3442 δίκην
1943 3372 2236 3442 μανιακίου
2270 3373 2371 3444 (8).
2402 3372 2583 3443 ’Λέγει
2648 3372 2706 3426 δὲ
2757 3371 2926 3426 αὑτὸν
2975 3365 3118 3426 εἶναι
3165 3369 3277 3426 ἀπὸ
3327 3372 3426 3440 τῆς
3484 3369 3680 3438 γενεᾶς
3731 3368 3836 3425 τοῦ

553 3452 749 3522 Ἀλήμο
819 3452 878 3508 ὀ
935 3453 994 3508 δὲ
1079 3455 1306 3526 ἀμηρᾶς
1357 3457 1457 3527 τῆς
1516 3458 1854 3530 Εὐδαίμονος
1907 3461 2171 3533 Ἀραϐίας
2245 3464 2494 3536 ὑπῆρχεν
2551 3465 2641 3520 ἀεὶ
2677 3462 2777 3518 καὶ
2831 3465 3068 3519 πάντοτε
3121 3461 3228 3518 ὑπὸ
3277 3461 3378 3534 τὴν
3429 3460 3677 3527 ἐξουσίαν
3729 3458 3837 3518 τοῦ

540 3549 734 3620 ἀμηρᾶ
779 3550 1077 3620 Αἰγύπτου.
1123 3552 1321 3622 Γέγονε
1347 3552 1523 3609 δὲκαὶ
1553 3555 1716 3621 αὑτὸς
1766 3557 2098 3630 ίδιόρυθμος,
2162 3560 2258 3614 καὶ
2312 3559 2653 3616 άπεκάλεσεν
2713 3561 2810 3615 καὶ
2893 3559 3058 3624 αὐτὸς
3127 3557 3321 3613 ἑαυτὸν
3371 3559 3772 3631 άμερμουμνήν
3812 3579 3837 3601 ο

539 3644 690 3716 λέγει
716 3646 775 3701 δὲ
794 3649 890 3702 καὶ
941 3648 1107 3713 αὐτὸς
1167 3649 1362 3705 ἑαυτὸν
1407 3646 1550 3706 εἶναι
1579 3649 1644 3706 ὲκ
1685 3652 1789 3724 τῆς
1825 3654 1918 3709 τοῦ
1952 3653 2130 3728 Ἀλὴμ
2165 3657 2383 3726 γενεᾶς.

1113 3761 1345 3822 CAPUT
1381 3763 1576 3823 XXVI.

785 3851 1110 3925 Genealogia
1149 3857 1424 3926 conspicui
1463 3859 1600 3930 regis
1633 3862 1895 3931 Hugom’s.

617 4003 915 4062 Sciendum
937 4014 1044 4072 est,
1072 4007 1241 4063 Italiae
1269 4023 1477 4080 regem,
1505 4026 1760 4082 magnum
1787 4012 2151 4082 Lotharium,.

545 4096 834 4166 conspicui
862 4098 1009 4170 regis
1043 4097 1290 4169 Hugonis
1320 4115 1482 4155 avum
1513 4117 1543 4155 a
1569 4101 1768 4159 Carolo
1795 4121 1994 4177 magno
2023 4112 2136 4166 ori-

543 4185 727 4256 ginem
754 4187 979 4254 ducere,
1002 4189 1094 4258 qui
1123 4203 1152 4242 a
1185 4189 1380 4244 bellica
1413 4189 1738 4250 fortitudine
1767 4204 1934 4267 atque
1963 4201 2132 4269 gestis

545 4281 838 4336 admodum
865 4281 1197 4338 celebratur.
1239 4280 1341 4338 Hic
1369 4285 1558 4355 itaque
1580 4285 1812 4344 Carolus
1840 4306 1982 4347 unus
2010 4307 2130 4348 om.

543 4371 710 4427 nibus
735 4373 1281 4443 regnis'impcrabat.
1315 4373 1587 4446 Regnavit
1618 4385 1805 4434 autem
1839 4381 1895 4436 in
1930 4396 2126 4454 magna

544 4460 814 4530 Francia;
847 4464 1079 4536 ipsoque
1107 4473 1394 4535 regnante,
1419 4480 1587 4522 nemo
1619 4469 1761 4526 alius
1793 4484 1916 4528 sese
1943 4486 2125 4543 regem

545 4555 824 4625 appellare
848 4571 1017 4613 ausus
1042 4568 1160 4624 est;
1189 4558 1285 4614 sed
1314 4557 1497 4616 fcedus
1519 4574 1646 4616 cum
1669 4576 1737 4618 eo
1759 4578 1952 4620 omnes
1975 4566 2131 4637 pepi-

546 4654 759 4715 gerant.
791 4646 886 4703 Ille
914 4655 1096 4703 autem
1131 4649 1321 4705 multis
1353 4650 1574 4722 opibus,
1611 4653 1930 4724 ingentique
1962 4671 2133 4726 pecu-

545 4737 764 4791 niarum
797 4739 851 4794 vi
893 4738 948 4794 in
1001 4737 1351 4796 Palaestinam
1389 4744 1758 4810 transmissis,
1796 4750 2132 4804 monasteria

2810 3774 3066 3830 ΚΕΦΑΛ.
3096 3773 3243 3842 KG’.

2256 3868 2326 3924 Ἦ
2370 3866 2731 3938 rer-salaria
2790 3865 2896 3922 τοῦ
2949 3867 3347 4008 πφῖξὶλέπτου
3407 3869 3598 3940 sum
3629 3870 3838 3940 οὕτω·

2927 3955 3037 4004 νος
3141 3977 3154 3991 .

2927 3955 3037 4004 νος
3055 3955 3154 4004 (υ).

2313 4027 2514 4084 ’ἰστέον
2554 4029 2687 4084 ὅτιὸ
2717 4030 2821 4101 ρὴξ
2865 4029 3100 4094 Ἰταλίας
3140 4031 3169 4083 ὁ
3237 4028 3416 4100 μέγας
3460 4031 3767 4103 Λωθάριος,
3795 4033 3838 4085 ϐ

2235 4122 2460 4187 πάππος
2497 4120 2592 4176 τοῦ
2649 4122 3019 4194 περιϐλέπτου
3067 4121 3236 4195 ρηγδς
3284 4124 3688 4196 Οὑγωνος,άπὸ
3715 4127 3831 4196 τῆς

2229 4214 2428 4282 γενεᾶς
2484 4213 2727 4282 μεγάλου
2756 4213 3043 4285 Καρούλυυ
3079 4215 3374 4286 κατήγετο,
3405 4216 3535 4284 περὶ
3564 4208 3626 4270 οὗ
3653 4215 3834 4279 πολὺς

2228 4302 2454 4366 ἔπαινος
2475 4302 2730 4373 ἐγκώμιά
2749 4320 2808 4357 τε
2824 4305 2918 4358 καὶ
2935 4304 3270 4376 διηγήματα,
3303 4308 3398 4360 καὶ
3418 4308 3547 4378 περὶ
3561 4307 3835 4378 πολέμους

2235 4394 2554 4466 ἀνδραγαθή
2564 4413 2728 4468 ματα.
2760 4385 2932 4460 Οὗτος
2959 4392 3054 4452 οὖν
3084 4397 3370 4469 Κάρουλος
3381 4393 3449 4470 ἦν
3470 4401 3834 4470 μονοκράτωρ

2235 4485 2455 4540 πάντων
2464 4485 2573 4540 τῶν
2593 4485 3368 4558 ρηγάτωνῖ(10).Ἐϐασίλευσε
3381 4489 3439 4545 δὲ
3457 4492 3538 4554 είς
3551 4491 3651 4561 τὴν
3667 4491 3838 4561 μεγά-

2235 4576 2340 4647 λην
2363 4577 2670 4648 Φραγγίαν.
2700 4579 2794 4633 Ἐν
2823 4579 2882 4633 δὲ
2907 4583 3028 4644 ταῖς
3068 4581 3306 4652 ἡμέραις
3331 4581 3495 4636 αὖτοῦ
3528 4581 3704 4646 οὐδεὶς
3723 4580 3839 4638 τῶν

2157 4695 2211 4755 D
2238 4668 2549 4724 ὑπολοίπων
2607 4669 2793 4741 ῥηγῶν
2846 4671 3117 4743 ἐτόλμησε
3147 4673 3293 4743 ῥῆγα
3346 4674 3545 4728 ἑαυτὸν
3577 4674 3833 4740 καλέσαι,

2239 4757 2380 4825 una
2425 4759 2630 4825 πάντες
2651 4760 2901 4834 ὑπῆρχον
2923 4762 3249 4818 ὑπόσπονδοι
3276 4763 3444 4818 αὑτοῦ
3471 4779 3486 4794 ·
3528 4765 3676 4828 ὅστις
3698 4767 3838 4836 χρή-

1735 4885 2040 4943 ANSELMI
2069 4890 2396 4952 BANDURII
2423 4895 2653 4957 NOTAE.

619 4997 696 5065 ιι)
736 4995 829 5053 Sic
856 5015 921 5055 ex
955 5015 1057 5058 ms.
1095 5000 1315 5058 codice.
1357 5003 1416 5058 ln
1449 5003 1614 5061 editis
1638 5003 1796 5060 locus
1840 5006 1930 5061 hic
1969 5010 2135 5063 muti-

547 5065 634 5142 !us
698 5083 762 5142 ac
823 5069 1192 5142 depravatus,
1274 5083 1333 5126 ut
1408 5076 1618 5142 optime
1671 5075 2137 5133 animadverterat

546 5137 839 5212 siem-sius.
869 5141 1009 5212 (Quae
1039 5137 1292 5198 vcro'liic
1332 5137 1523 5197 narrat
1555 5143 1798 5212 scriptor
1844 5155 2036 5202 noster
2069 5150 2136 5204 de

546 5208 821 5286 divisione
860 5210 1280 5286 Saracenorum
1311 5213 1552 5286 imperii,
1608 5208 1852 5286 conferri
1903 5228 2137 5286 possunt

546 5293 679 5358 cum
706 5280 946 5358 ζιελ-ηυδε
969 5284 1040 5358 _in
1072 5281 1316 5338 diversis
1354 5283 1491 5338 locis
1523 5298 1639 5339 sua:
1665 5280 2137 5358 Clironograpliiaa

547 5319 1168 5421 Ξέἔξῖυὲἱξθιίἶὲζριέἕηέξ.

546 5417 828 5544 ἱηξῖηὲἐο
861 5417 1068 5477 οιίιιε.
1095 5421 1351 5492 expletur
1373 5421 1658 5491 lacunula,
1695 5440 1818 5496 quae
1850 5437 2136 5498 comparet

621 5557 696 5628 (6)
727 5557 830 5638 _S_ic
863 5559 1225 5638 emendantus
1259 5575 1385 5638 cum
1428 5560 1696 5638 Meursio.
1745 5564 2038 5638 Perperam
2061 5569 2131 5624 in

549 5627 825 5702 Ins._'el.__in
860 5627 1023 5702 editis
1065 5631 1285 5700 legitur,
1309 5632 1756 5702 ἀναγορεύσασα.

620 5695 700 5775 (7)
740 5698 952 5775 Ιςυρριν.
989 5695 1314 5775 Κουράιέιον,
1366 5695 1454 5775 ςιιᾲ
1478 5695 1684 5775 Κοράν.
1718 5706 1920 5770 Curan,
1955 5706 2140 5762 Lvnn-

550 5763 727 5821 ela'vio
759 5763 1128 5826 in'Onomast'.
1166 5763 1391 5828 llist.ad
1414 5763 1578 5828 Τειτοῖ
1601 5763 1920 5830 Αιὲονηηωιὶ
1949 5776 2140 5832 Malm-

2245 5025 2610 5092 metanqrum.
2643 5020 2778 5077 Vide
2801 5021 3066 5092 Ducangii
3096 5023 3281 5081 Gloss.
3312 5023 3489 5080 (Erice.

2316 5088 2762 5166 (8LMEﬂdXtOjI.
2816 5088 3132 5166 Μανιάξιης,
3186 5106 3248 5166 ct_
3284 5095 3550 5160 Μανιάκι,
3602 5091 3834 5166 Terque:

2245 5155 2473 5232 Martiis.
2513 5160 2639 5215 Vide
2699 5161 2960 5232 Ducangii
2992 5155 3175 5232 Gloss.
3210 5163 3387 5218 Graec.

2319 5229 2397 5300 (9)
2433 5230 2537 5303 _Sic
2565 5245 2641 5303 εξ
2671 5247 2773 5303 ms.
2821 5229 3030 5303 codice.
3075 5231 3192 5303 Ugo
3223 5234 3325 5288 iste
3355 5235 3425 5289 ab
3465 5233 3618 5290 Italis
3661 5250 3831 5290 voca-

2245 5306 2358 5373 t_ns,
2397 5300 2574 5373 ejecto
2609 5299 2924 5373 Rodnlpbo,
2956 5299 3378 5373 Italiae'regnum
3424 5305 3691 5369 obtinuit,
3729 5305 3826 5358 sed

2242 5368 2492 5444 Francia
2523 5386 2641 5435 rex,
2692 5379 2750 5424 ut
2793 5368 2958 5444 paulo
3000 5370 3142 5444 inira
3175 5368 3706 5444 a'Porphyt'ogenito
3738 5390 3834 5442 ap-

2243 5441 2500 5508 pellatur,
2534 5441 2808 5509 nnsqnani
2841 5442 2963 5508 fuit,
3009 5441 3107 5498 sed
3147 5441 3577 5499 contes’taittuin
3604 5441 3836 5498 Provin-

2241 5509 2342 5563 cia:
2367 5511 2485 5565 sive
2518 5509 2881 5566 Arelatensis.

2317 5579 2430 5654 (ω)
2483 5579 2752 5649 Ῥηγάτον
2799 5579 3009 5654 Graecis
3048 5582 3476 5654 recentioribus,
3515 5599 3736 5654 regnum
3771 5590 3834 5638 ut

2570 5647 2988 5721 ’πριγκιπάτοῃ
3050 5663 3159 5710 etc.
3228 5653 3351 5710 Vide
3405 5647 3615 5712 ϐίοιεῖλ
3650 5653 3831 5711 Graec.
