4108 6434
506 303 608 370 231

1531 290 2036 353 CONSTANTINI
2083 288 2756 347 PORPHYROGENiTI

3662 292 3769 356 232

507 432 573 473 ex
615 409 889 479 Rodulplii
939 403 1228 468 ini-litibus,
1279 400 1472 472 pedem
1519 401 1642 470 ejus
1688 399 1958 454 venabulo
2012 396 2085 450 1ο-

2191 395 2442 466 ὲποίησεν
2470 397 2662 450 ἑαυτὸν
2689 397 2763 460 ὡς
2795 396 3083 461 τεθνεῶτα,
3116 400 3211 450 καὶ
3238 401 3431 453 ἔπεσεν
3465 404 3628 472 μέσον
3658 406 3768 458 τῶν

508 506 606 560 riit
654 521 666 556 :
717 511 773 555 at
841 501 1103 553 immotus
1160 496 1249 550 ille
1296 493 1546 558 mansit;
1601 506 1838 560 cumque
1904 492 2085 559 ipsum

453 614 459 622 ·
511 601 721 664 absque
781 591 894 645 ullo
943 596 1094 643 motu
1149 586 1306 640 miles
1361 591 1656 648 cerneret,
1712 597 1812 652 pro
1870 589 2090 636 mortuo

511 687 707 743 habuit
751 699 817 738 ac
852 683 1096 752 reliquit.
1130 678 1410 747 Rodulphi
1446 691 1578 730 vero
1618 677 1901 730 exercitus
1942 675 2090 730 hunc

514 778 906 848 Berengarium
937 789 1061 829 esse
1089 771 1403 842 ignorabat.
1439 768 1696 822 Prazlium
1733 777 1916 822 autem
1961 781 2088 821 cum

517 875 816 933 cessasset,
848 865 1089 922 surrexit
1115 863 1506 933 Berengarius,
1530 861 1795 930 solusque
1822 859 2086 930 palatium

513 978 675 1018 suum
742 959 918 1020 adiit;
987 955 1299 1024 iterumque
1363 966 1535 1022 regno
1604 953 1854 1020 potitus,
1919 951 2089 1004 armis

512 1065 706 1108 contra
748 1045 1098 1114 Rodulphum
1132 1044 1396 1114 sumptis,
1432 1059 1558 1098 eum
1595 1043 1898 1111 superavit.
1928 1040 2087 1095 Post-

515 1143 630 1197 liaec
669 1148 854 1195 autem
888 1142 1051 1206 pacto
1078 1133 1308 1197 foedere,
1340 1148 1573 1204 regnum
1616 1134 1757 1186 inter
1789 1147 1848 1187 se
1887 1131 2090 1186 divise-

511 1243 679 1298 runt,
726 1235 803 1284 ita
847 1235 907 1283 ut
941 1239 1068 1296 pars
1109 1239 1218 1279 una
1259 1223 1377 1287 uni,
1424 1223 1596 1277 altera
1645 1223 1800 1276 alteri
1852 1222 2087 1277 cederet.

511 1323 840 1392 Rodulphus
871 1331 1053 1377 tamen
1079 1319 1186 1374 sub
1217 1316 1458 1372 consilio
1487 1323 1543 1370 et
1573 1321 1851 1385 potestate
1882 1313 2090 1368 Beren-

512 1416 650 1487 garii
696 1413 975 1470 manebat.
1028 1411 1242 1468 Venere
1291 1415 1477 1479 postea
1525 1423 1590 1464 ex
1640 1406 1956 1477 Burgundia
1987 1403 2090 1458 Pa-

513 1510 658 1578 piam
705 1515 816 1562 tres
863 1505 1234 1568 Marcbiones,
1282 1511 1343 1556 ut
1376 1500 1658 1570 principes
1705 1498 2086 1562 exturbarent,

515 1601 670 1671 IIugo
703 1600 964 1654 nimirum
997 1593 1375 1666 Taliaplierni,
1403 1593 1566 1654 Boso,
1596 1599 1651 1645 et
1678 1589 1830 1660 Ilugo
1857 1589 2089 1645 Bosonis

513 1692 700 1756 frater,
741 1707 837 1746 rex
875 1690 966 1744 ille
997 1687 1400 1748 nobilissimus.
1445 1683 1606 1752 cujus
1647 1690 1806 1736 antea
1857 1681 2085 1734 mentio-

2189 486 2524 552 τεθνεώτων,
2565 488 2848 551 σκεπάσας
2899 488 3062 542 αὑτὸν
3128 490 3267 558 μετά
3295 494 3395 561 τῆς
3423 493 3626 563 δορκᾶς
3670 495 3772 548 αύ-

2190 579 2284 632 τοῦ
2317 577 2452 649 (18),
2477 579 2568 633 τὸν
2593 580 2649 633 δὲ
2687 581 2822 634 πόδα
2862 579 3028 634 αὑτοῦ
3058 578 3202 652 εἶχεν
3221 582 3346 647 ἔξω.
3379 583 3578 638 Ἐλθὼν
3613 585 3672 639 δέ
3690 581 3775 650 εἷς

2191 671 2257 722 ἐκ
2283 669 2390 722 τῶν
2418 671 2771 740 ,στρατιωτῶν
2826 678 2922 726 τού
2964 672 3307 743 Ῥοδούλφου,
3361 675 3592 731 δέδωκεν
3619 679 3775 748 αὐτῷ

2193 762 2331 831 μετά
2364 762 2628 829 μεναύλου
2655 762 2764 830 (19)
2799 765 2882 826 είς
2911 765 3000 817 τὸν
3035 766 3173 819 πόδα
3201 782 3214 794 ·
3251 766 3415 830 αὐτὸς
3464 768 3521 820 δὲ
3546 770 3608 824 τὸ
3639 771 3775 824 σύν-

2190 851 2311 903 ολον
2335 851 2435 903 οὐκ
2464 851 2730 920 ἐσαλεύθη
2758 871 2768 883 ·
2800 853 2892 905 τοῦ
2927 855 2983 907 δὲ
3014 855 3090 926 μὴ
3125 855 3496 922 σαλευθέντος,
3541 861 3777 932 ἀφίησιν

2191 939 2352 992 αὐτὸν
2371 939 2447 1002 ὡς
2478 939 2639 1008 δῆθεν
2661 941 2852 1011 νεκρὸν
2881 944 3029 997 ὄντα⁴
3048 947 3231 1014 ἠγνόει
3268 947 3368 1000 δὲό
3396 948 3490 1002 τοῦ
3527 950 3778 1006 Ῥοδούλ-

2193 1048 2298 1099 φου
2329 1030 2456 1094 λαὸς
2485 1032 2565 1084 ὅτι
2594 1032 2621 1082 6
2655 1034 2991 1103 Βεριγγέρης
3032 1037 3169 1090 ἐστί.
3202 1040 3311 1092 Καὶ
3341 1041 3651 1107 παύσαντος
3675 1045 3776 1100 τοῦ

2193 1122 2458 1191 πολέμου,
2509 1123 2719 1193 ἠγέρθη
2739 1124 2766 1174 6
2786 1123 3142 1195 Βεριγγέρης,
3169 1129 3261 1181 καὶ
3283 1127 3442 1200 ἦλθεν
3464 1133 3544 1196 είς
3576 1135 3638 1187 τὺ
3663 1153 3781 1188 πα-

2190 1211 2372 1266 λάτιον
2396 1213 2564 1266 αὐτοῦ
2600 1213 2790 1283 μόνος,
2839 1217 2933 1268 καὶ
2976 1218 3137 1271 πάλιν
3167 1222 3437 1292 ἐκράτησε
3465 1225 3565 1295 τῆς
3613 1228 3778 1295 βασι-

2189 1305 2358 1369 λείας,
2391 1307 2487 1360 καὶ
2525 1308 2833 1377 ἐπολέμησε
2863 1309 2953 1362 τὸν
2999 1309 3337 1380 Ῥοδοῦλφον,
3375 1315 3469 1368 καὶ
3519 1317 3779 1386 ἐνίκησεν

2189 1396 2376 1450 αὐτόν.
2415 1397 2570 1450 Μετὰ
2607 1397 2664 1451 δὲ
2688 1399 2847 1452 τοῦτο
2881 1401 3350 1472 συνεόιὸἁσθησαν
3379 1407 3458 1469 είς
3483 1407 3776 1478 ἀλλήλους,

2192 1497 2287 1548 καὶ
2313 1497 2682 1568 ἐμερίσθησαν
2703 1499 2801 1570 τὴν
2824 1499 3012 1570 χώραν
3037 1501 3116 1562 είς
3160 1498 3254 1552 δύο
3287 1516 3301 1531 ο
3335 1499 3433 1552 καὶ
3477 1500 3506 1551 6
3547 1498 3648 1568 μὲν
3689 1493 3778 1564 εἷς

2190 1571 2484 1641 ἀνελὰἀτο
2539 1590 2601 1642 τὸ
2647 1591 2706 1642 ἓν
2758 1593 2922 1660 μέρος
2950 1592 3051 1660 τῆς
3100 1591 3285 1662 χώρας
3306 1609 3320 1624 ·
3353 1591 3464 1644 όδέ
3494 1593 3680 1664 ἕτερος
3711 1593 3779 1644 τὸ

2192 1677 2402 1746 ἕτερον.
2430 1672 2538 1731 τΗν
2568 1679 2624 1732 δὲ
2646 1680 2674 1731 6
2722 1680 3041 1750 Ῥοδοῦλφος
3090 1681 3194 1733 ὑπὸ
3216 1681 3316 1751 τὴν
3349 1680 3548 1751 βουλὴν
3573 1682 3667 1735 καὶ
3695 1682 3781 1749 ἐξ·

514 1800 638 1840 nem
688 1755 942 1838 lecimus.
983 1779 1037 1836 Is
1089 1792 1258 1850 porro
1309 1789 1504 1845 magna
1560 1773 1797 1842 stipatus
1842 1771 2085 1825 multitu-

2193 1768 2378 1822 ουσίαν
2429 1770 2524 1822 τοῦ
2569 1771 2896 1842 Βεριγγέρη.
2956 1771 3066 1824 Καὶ
3111 1755 3435 1839 μετάτοῦτο
3473 1768 3636 1844 ἦλθον
3663 1775 3778 1827 ἀπ’)

513 1874 644 1929 dine
675 1873 916 1928 accessit
947 1888 961 1926 :
993 1884 1104 1940 quo
1136 1874 1424 1938 comperto
1464 1865 1853 1935 Berengarius,
1886 1862 2086 1917 bellum

514 1966 800 2028 instruxit,
838 1971 1002 2032 atque
1046 1964 1100 2016 in
1151 1973 1442 2016 occursum
1473 1958 1596 2027 ejus
1637 1957 1809 2020 venit,
1855 1956 2090 2010 interce—

512 2066 718 2127 ptoque
764 2063 1098 2118 commeatu,
1141 2052 1338 2107 famem
1393 2049 1661 2107 exercitui
1712 2047 1834 2116 ejus
1879 2045 2086 2111 intulit,

512 2149 908 2218 interdixitque
962 2148 1080 2203 suis
1129 2161 1198 2201 ne
1245 2143 1558 2214 quempiam
1594 2140 1947 2204 occiderent;
1991 2138 2086 2192 sed

511 2255 896 2312 quemcunque
947 2247 1225 2308 caperent,
1283 2248 1421 2288 naso
1462 2242 1515 2287 et
1557 2230 1772 2286 duabus
1824 2228 2088 2283 auriculis

512 2332 851 2394 mutilarent,
915 2329 1106 2397 sicque
1153 2323 1533 2387 dimitterent;
1589 2319 1643 2374 id
1694 2335 1826 2374 vero
1878 2317 2086 2373 factum

512 2427 618 2475 est.
686 2420 800 2484 Qua
857 2433 919 2472 re
973 2421 1269 2484 conspecta
1328 2423 1440 2468 tres
1522 2409 1812 2465 memorati
1881 2410 2085 2473 duces,

513 2511 674 2565 nudis
732 2507 1002 2578 pedibus,
1054 2505 1240 2560 divina
1306 2502 1598 2572 Evangelia
1671 2515 1781 2569 prae
1834 2501 2090 2555 manibus

509 2609 761 2655 tenentes
794 2597 1187 2667 Bercngarium
1240 2595 1518 2654 adierunt.
1557 2593 1774 2648 veniam
1817 2601 2088 2663 petentes,

507 2690 885 2760 jurantesque,
917 2688 1028 2757 82
1055 2703 1113 2742 se
1139 2700 1422 2755 nunquam
1456 2685 1548 2738 illo
1578 2684 1878 2752 superstite
1907 2683 2091 2736 istliuc

510 2789 774 2834 venturos
805 2793 948 2833 esse.
991 2777 1148 2832 Tunc
1179 2777 1310 2832 sivit
1343 2790 1437 2830 eos
1477 2775 1680 2830 liberos
1720 2775 1775 2827 in
1809 2774 2088 2843 regionem

514 2872 716 2926 redire.
753 2868 959 2924 Deinde
986 2884 1117 2924 vero
1148 2883 1270 2922 cum
1312 2865 1583 2921 Veronam
1614 2865 1845 2920 abiisset
1889 2865 2090 2920 Beren-

511 2965 720 3032 garius.
749 2977 780 3016 a
808 2961 1194 3016 Phalamberto
1227 2968 1511 3028 compatre
1563 2973 1664 3012 suo
1711 2957 1930 3013 occisus
1956 2968 2037 3012 est
2072 2977 2084 3014 :

511 3062 568 3108 et
612 3037 745 3108 tunc
790 3060 907 3106 toto
954 3065 1122 3120 regno
1169 3050 1378 3119 potitus
1437 3057 1522 3104 est
1568 3047 1912 3117 Rodulphus.
1972 3047 2086 3102 Sub

510 3143 631 3198 haec
686 3141 956 3196 universae
998 3139 1240 3208 regionis
1280 3138 1514 3208 populus
1567 3136 1852 3208 praefatum
1904 3153 2083 3207 regem

511 3234 796 3304 Ilugonem
825 3248 891 3288 ex
924 3231 1240 3301 Burgundia
1278 3229 1592 3294 accersivit,
1629 3229 1814 3283 oblato
1847 3229 2088 3298 regionis

511 3341 625 3380 suae
676 3325 1006 3393 principatu,
1066 3322 1110 3377 si
1161 3320 1446 3376 accederet
1483 3337 1496 3374 :
1527 3336 1764 3390 cumque
1822 3321 2086 3385 venisset,

512 3417 734 3473 sustulit
791 3431 913 3470 eum
972 3413 1230 3486 populus,
1287 3422 1343 3468 et
1400 3413 1456 3467 in
1519 3412 1779 3482 palatium
1831 3411 2084 3476 adduxit,

515 3523 811 3577 regemque
861 3506 1192 3560 constituit:
1226 3503 1516 3574 Rodulplio
1568 3518 1698 3558 vero
1745 3503 2038 3558 edixerunt
2071 3544 2085 3569 ,

510 3610 568 3653 ut
619 3602 734 3654 sive
783 3600 834 3653 in
868 3600 1140 3668 regionem
1180 3613 1358 3663 suam,
1392 3598 1508 3652 sive
1548 3611 1879 3667 quocunque
1904 3597 2088 3663 vellet,

508 3690 740 3754 sublatis
802 3689 1004 3760 opibus
1041 3689 1182 3754 suis.
1234 3688 1432 3744 abiret.
1502 3686 1551 3743 Is
1601 3687 1654 3741 in
1717 3687 2088 3758 Burgundiam

2191 1860 2474 1931 Βεργώνια
2519 1865 2667 1934 τρεῖς
2727 1866 3027 1934 μαρκήσιοι
3077 1865 3190 1935 (20)
3246 1866 3386 1936 πρὸς
3428 1866 3645 1926 Παπίαν
3672 1865 3775 1920 τοῦ

2191 1951 2447 2018 ἐκδιῶξαι
2479 1955 2603 2016 τοὺς
2629 1954 2966 2023 κρατοῦντας
3002 1955 3096 2010 καὶ
3131 1957 3405 2026 κρατῆσαι
3429 1958 3585 2011 αὐτοί
3617 1959 3732 2029 (21)
3757 1976 3773 1989 ·

2190 2040 2332 2114 ἦσαν
2364 2045 2418 2098 δὲ
2445 2039 2610 2129 οὗτοι,
2635 2045 2828 2114 Οὖγων
2844 2049 2872 2100 6
2897 2047 3295 2118 Ταλιαφέρνου,
3326 2049 3418 2103 καὶ
3437 2050 3640 2114 Βόζων,
3671 2051 3777 2105 καὶ

2191 2132 2382 2202 Οὕγων
2408 2137 2436 2187 6
2465 2134 2691 2202 ἀδελφὸς
2712 2136 2806 2189 τοῦ
2838 2137 3027 2201 Βόζου,
3062 2139 3090 2190 6
3119 2138 3416 2208 προρηθεὶς
3447 2139 3776 2208 εὐγενέστα-

2188 2242 2281 2289 τος
2324 2225 2444 2297 ῥήξ.
2475 2221 2647 2279 *Ηλθε
2678 2227 2733 2280 δὲ
2767 2227 2906 2296 μετά
2951 2227 3082 2281 λαοῦ
3125 2229 3334 2282 ἱκανοῦ.
3383 2231 3494 2284 Καὶ
3530 2230 3717 2300 μαθὼν
3751 2233 3778 2285 5

2190 2317 2548 2388 Βεριγγέρης,
2583 2317 2918 2388 ήτοιμάσθη,
2943 2319 3038 2373 καὶ
3063 2319 3304 2389 ἀπῆλθεν
3337 2321 3415 2382 είς
3444 2321 3774 2390 συνάντησιν

2189 2410 2354 2462 αὐτοῦ
2385 2409 2520 2480 πρὸς
2553 2409 2810 2479 πόλεμον,
2851 2411 2945 2462 καὶ
2972 2410 3360 2481 παρακαθίσας
3395 2411 3774 2483 ἐστενοχὼρη-

2192 2519 2284 2558 cev
2313 2503 2510 2566 αὐτοὺς
2532 2503 2640 2555 ἀπὸ
2673 2500 2856 2571 λιμοῦ,
2885 2501 2980 2556 καὶ
3001 2501 3182 2573 ὥρισε
3223 2501 3314 2556 τὸν
3341 2503 3470 2557 λαὸν
3494 2504 3658 2559 αὑτοῦ
3693 2505 3770 2576 μὴ

2191 2593 2440 2662 φονεύειν
2473 2593 2614 2657 τινὰ,
2649 2593 2764 2645 ἀλλ’
2798 2593 2933 2645 ὅπου
2977 2593 3043 2646 ἂν
3086 2593 3398 2664 κρατήσωσι
3423 2612 3543 2648 τινα
3581 2595 3640 2660 ἐξ
3667 2597 3772 2650 αύ-

2189 2683 2322 2753 τῶν,
2358 2685 2601 2738 κόπτωσι
2633 2683 2730 2754 τὴν
2781 2685 2902 2754 ῥῖνα
2924 2683 3090 2738 αὐτοῦ
3124 2685 3215 2737 καὶ
3261 2687 3330 2738 τὰ
3355 2685 3448 2739 δύο
3489 2686 3649 2751 ὠτία,
3676 2689 3772 2741 καὶ

2190 2777 2499 2830 ἀπολύωσιν
2526 2794 2538 2806 ο
2568 2777 2595 2830 ὂ
2627 2777 2692 2848 δὴ
2727 2781 2822 2830 κα)⁵
2861 2776 3100 2831 ἐποίουν.
3133 2777 3474 2847 Θεασάμενοι
3496 2778 3588 2832 οὖν
3610 2778 3773 2834 τοῦτο

2188 2871 2245 2922 al
2279 2869 2676 2940 προῤῥηθεῖσαι
2707 2873 2854 2939 τρεῖς
2888 2868 3141 2937 κεφαλαὶ,
3176 2869 3410 2940 ἄραντες
3450 2869 3770 2924 ἀνυπόδετοι

2187 2960 2258 3012 τὰ
2281 2959 2400 3014 θεῖα
2437 2960 2746 3029 Εὑαγγέλια
2769 2962 2881 3030 (22)
2926 2963 3005 3023 είς
3036 2962 3135 3023 τὰς
3164 2963 3351 3031 χεῖρας
3373 2961 3572 3028 αὐτῶν,
3601 2958 3772 3034 ἦλθον

2197 3051 2333 3122 πρὸς
2364 3051 2455 3104 τὸν
2508 3052 2869 3122 Βεριγγέρην,
2915 3051 3226 3122 αἰτούμενοι
3269 3052 3636 3124 συγχώρησιν,
3673 3056 3773 3109 καὶ

2195 3141 2485 3210 ὀμνύοντες
2532 3143 2625 3195 τοῦ
2685 3144 2882 3213 μηκέτι
2932 3143 3106 3196 ἐλθεῖν
3152 3143 3336 3198 ἐνθάδε
3379 3145 3541 3214 μέχρι
3583 3145 3772 3210 τέλους

2189 3233 2335 3305 ζωῆς
2369 3234 2562 3298 αὑτοῦ,
2597 3235 2692 3288 καὶ
2721 3236 2841 3288 τότε
2867 3235 3025 3288 ἔασεν
3057 3236 3252 3300 αὐτοὺς
3284 3235 3538 3289 ἀπελθεῖν
3565 3237 3646 3298 εἰς
3669 3234 3772 3306 τὴν

2191 3327 2328 3380 ίδίαν
2360 3326 2566 3398 χώραν.
2591 3328 2858 3398 ’Ὕστερον
2888 3327 2942 3381 δὲ
2971 3328 3066 3380 τοῦ
3104 3328 3406 3397 Βεριγγέρη
3444 3327 3774 3392 ἀπελθόντος

2186 3419 2265 3480 εἰς
2293 3419 2550 3487 Βερόναν,
2605 3418 2927 3472 ἀπέκτεινεν
2955 3418 3116 3472 αὐτὸν
3169 3417 3554 3488 Φαλάμὸερτος
3582 3419 3612 3471 6
3641 3417 3775 3471 σύν-

2185 3526 2378 3571 τεκνος
2405 3508 2571 3561 αὑτοῦ
2603 3507 2740 3578 (25),
2774 3510 2870 3560 καὶ
2889 3508 3011 3560 τότε
3034 3506 3336 3576 ἐκράτησεν
3353 3507 3472 3559 ὅλον
3502 3506 3563 3558 τὸ
3597 3508 3775 3577 ρηγόιο

2185 3618 2276 3654 τον
2301 3600 2641 3671 Ῥοδοῦλφος.
2666 3601 2777 3654 Καὶ
2799 3599 2938 3671 μετὰ
2966 3600 3125 3652 τοῦτο
3149 3599 3418 3670 ἐμήνυσεν
3441 3599 3469 3651 6
3495 3598 3620 3662 λαὸς
3653 3598 3772 3670 (24)

2188 3693 2286 3761 τῆς
2317 3690 2501 3764 χώρας
2532 3691 2660 3760 ὅλης
2683 3693 2762 3755 είς
2789 3690 3102 3762 Βεργωνίαν
3123 3690 3201 3759 τῷ
3235 3688 3449 3758 Ούγωνι
3483 3689 3563 3760 τῷ
3595 3693 3772 3762 προρο

507 3783 788 3852 regionem
846 3797 1000 3836 suam
1052 3797 1112 3836 se
1164 3781 1418 3844 contulit,
1474 3780 1661 3849 ibique
1711 3781 1850 3836 satis
1896 3781 2085 3850 amplae

2191 3784 2410 3855 ῥηθέντι
2444 3786 2596 3854 ρηγὶ,
2627 3784 2899 3852 λέγοντες,
2932 3784 3015 3836 ὅτι
3056 3781 3234 3844 Ἐλθὲ,
3269 3782 3364 3836 καὶ
3400 3781 3773 3852 παραδίδομεν

430 3858 442 3928 ί
509 3873 852 3929 multitudini
891 3873 1201 3942 imperavit.
1253 3871 1465 3925 Mortuo
1511 3871 1824 3939 Rodulplio,
1880 3887 2086 3925 memo-

2192 3889 2273 3925 σοι
2309 3874 2408 3944 τὴν
2446 3875 2650 3942 χώραν.
2683 3875 2791 3927 Καὶ
2838 3873 3084 3937 ἐλθόντος
3131 3874 3319 3938 αὐτοῦ,
3360 3875 3572 3945 ἐπῆραν
3602 3874 3773 3930 αὐτὸν

1653 3986 1951 4041 ANSELMI
1991 3987 2316 4043 BANDUIIII
2353 3987 2585 4044 NOTAE.

579 4107 690 4177 (18)
730 4104 1128 4177 Interpretatus
1196 4121 1316 4159 sum
1367 4105 1607 4177 dubius,
1659 4103 1793 4173 pelle
1820 4105 2035 4177 cervina
2062 4146 2076 4169 ,

509 4175 679 4248 quant
723 4176 946 4248 ferebat,
1000 4193 1054 4230 se
1115 4186 1408 4244 contegens,
1461 4175 1610 4248 q_uod
1670 4177 1810 4248 apud
1857 4175 2080 4248 Suidam

509 4243 760 4316 δόρκων,
812 4246 1010 4312 ἔλαφος
1069 4243 1414 4316 exponatur,
1460 4245 1669 4316 Cervus
1732 4245 1812 4297 vel
1855 4243 2078 4316 Caprea.

511 4315 806 4377 Meursius,
852 4315 982 4381 pelle
1023 4331 1076 4369 se
1122 4332 1220 4370 sua
1267 4315 1419 4382 texit,
1456 4315 1869 4382 interpretatur,
1919 4315 2077 4382 quasi

509 4386 736 4465 legisset
778 4383 969 4465 6096;
1035 4401 1138 4465 pro
1203 4385 1790 4465 bop.x&;.hliesycliius
1842 4400 1855 4436 :
1907 4383 2075 4465 δορὰ,

507 4435 733 4524 {ea};
764 4435 1469 4523 Maxentium;“manu
1496 4435 1867 4524 “euestigata;
1935 4435 2076 4522 rego;
2115 4435 2156 4489 ο

509 4523 701 4595 δόρκαι
732 4525 959 4588 κόνιδες.
991 4524 1154 4579 Forte
1177 4524 1477 4587 κωνοειδές,
1512 4535 1571 4577 ut
1599 4523 1779 4595 Cassi;
1810 4524 2082 4595 intelliga-

513 4591 895 4648 turztametsi
949 4595 1021 4646 ita
1075 4595 1238 4647 etiam
1301 4595 1561 4646 scribitur
1614 4593 1754 4662 apud
1810 4591 2078 4646 Phavoris

511 4679 666 4716 num.
698 4663 964 4717 Cmterum
999 4665 1100 4715 hac
1132 4679 1262 4716 voce
1313 4666 1485 4731 utitur
1529 4664 1669 4718 idem
1701 4662 2081 4731 Porpliyroge-

508 4735 660 4787 nitus
685 4735 848 4785 etiam
887 4732 1028 4786 infra
1067 4747 1187 4801 cup.
1220 4733 1310 4797 51,
1348 4729 1458 4786 οἷον
1496 4729 1823 4803 σκουτάρια,
1856 4729 2078 4802 δόρκας,

509 4803 784 4864 κλιϐάνια,
822 4810 927 4855 etc.
1250 4838 1253 4839 ν
1667 4850 1684 4863 ,

581 4872 694 4940 (I9)
735 4871 1035 4938 Μέναυλος,
1081 4871 1384 4936 Μέναυλον,
1429 4882 1482 4926 et
1527 4871 1850 4940 Μεναύλιον,
1893 4868 2080 4934 Spicu-

507 4937 641 5007 lum,
678 4937 1033 5006 'Venabulum,
1084 4943 1250 4995 hast
1282 4944 1501 5009 species,
1534 4937 1673 5003 εἶδος
1716 4941 1987 5004 ἀκοντίου,
2023 4941 2076 4992 in

510 5014 830 5078 tragmenlis
885 5023 1004 5080 post
1058 5011 1261 5067 IEliani
1327 5012 1568 5066 Tactica.
1642 5011 1763 5064 Vide
1818 5009 2074 5078 Ducangii

492 5081 688 5137 'Gloss.
723 5083 894 5135 Gnrc.

578 5153 690 5220 (:20)
730 5153 1052 5221 Μαρκήσιος
1099 5161 1153 5206 et
1186 5151 1519 5220 Μαρκέσιος,
1569 5149 1808 5221 Marc/tio
1860 5159 1914 5203 et
1953 5147 2074 5206 Ital.

504 5219 801 5275 Marc/rese.
841 5219 974 5275 Vide
1015 5219 1612 5290 Ducangii’utrurnqne
1653 5219 1834 5273 Gloss.

576 5294 688 5361 (21)
743 5293 832 5346 Sic
881 5308 944 5346 ex
1006 5309 1109 5345 ms.
1158 5295 1214 5344 In
1263 5291 1601 5361 editishhzec
1658 5291 1951 5358 depravata
2013 5304 2076 5342 ac

501 5359 696 5418 mutila
728 5362 801 5415 ita
841 5363 1118 5432 leguntur,
1149 5361 1242 5414 τοῦ
1297 5359 1549 5425 ἐκδιῶξαι
1590 5361 1713 5423 τοὺς
1765 5362 2046 5428 κρατεῖσαι

501 5435 673 5487 αὐτοί.

575 5503 686 5573 (κῖ)
728 5500 1117 5556 Observandus
1155 5499 1356 5573 (inquit
1398 5499 1669 5573 Meursius
1718 5500 1773 5573 in
1825 5499 1971 5573 notis
2005 5498 2070 5550 ad

503 5570 753 5627 eumdem
800 5570 1497 5642 I’orpliyrogenililocum)
1553 5585 1671 5622 mos
1711 5571 1929 5642 jurandi
1977 5584 2074 5642 per

505 5651 860 5696 sacrosancta
905 5639 1219 5708 Evangelia.
1249 5639 1688 5708 Harmcnopnlus
1711 5640 1803 5690 Iil).
1834 5657 1871 5700 t,
1893 5641 1976 5691 tit.
2004 5641 2067 5691 7:

512 5709 573 5762 Ὀ
607 5713 668 5764 ἐκ
697 5711 1016 5780 δικαστικῆς
1047 5712 1248 5780 ψήφου,
1285 5710 1316 5781 ἦ
1343 5709 1400 5773 ἐξ
1437 5709 1704 5780 αἱτῆσεως
1736 5709 1829 5761 τοῦ
1871 5709 2070 5762 ἀντιδί-

2188 4127 2305 4172 κου,
2363 4110 2524 4177 ὅρκον
2547 4107 2912 4181 ῃὲ-πὲχωνᾼὶτέ
2961 4108 3432 4181 ἐκκλησίαςητῶν
3478 4109 3768 4181 ἀχράντων

2186 4181 2490 4247 ἁπτόμενος
2544 4178 2910 4249 Εύαγγελίων,
2966 4178 3244 4249 ἐπιορκεῖν
3297 4179 3354 4232 δὲ
3416 4180 3552 4249 μετά
3586 4179 3768 4249 ταῦτα

2187 4245 2502 4318 ἐλεγχθεὶς,
2559 4245 3427 4318 γλωσσοκοπείσθω.’Μεηεηόοιί
3467 4249 3535 4304 de
3582 4247 3710 4318 Leg.
3749 4268 3764 4304 :

2187 4313 2534 4389 Παρᾷχρῆμα
2553 4313 2660 4389 ,οὖν
2681 4319 2707 4369 6
2730 4318 2830 4389 τῆς
2858 4319 3179 4389 Σιγγηδόνος
3205 4319 3412 4389 πόλεως
3443 4320 3540 4388 τὴν
3571 4313 3764 4389 ἀρίιε-

2187 4386 2435 4458 pucequ
2460 4457 2463 4458 ν
2487 4386 2687 4458 διέπῳν
2719 4387 2830 4458 τὰς
2852 4386 3167 4458 θεσπεσίας
3218 4387 3433 4458 βίϐλους
3472 4386 3619 4456 αύτῷ
3649 4386 3758 4442 διὰ

2185 4453 2292 4510 τῶν
2316 4458 2374 4528 ἐν
2392 4453 2550 4528 μέσῳ
2580 4453 2679 4517 τὰς
2709 4456 2968 4528 ἀγγελίας
2989 4453 3412 4528 διακομιζόντων
3437 4453 3755 4528 ἐνεχείρισε,

2185 4529 2282 4596 κα)
2330 4526 2387 4589 ὃς
2429 4525 2772 4596 δολερὼτατά
2821 4544 2934 4586 πως
2984 4525 3426 4596 ἐπικρυψάμενος
3474 4525 3565 4579 τὸν
3608 4525 3758 4591 νοῦν,

2184 4595 2466 4648 ἀνίσταταί
2502 4611 2558 4646 τε
2592 4596 2659 4666 ἐκ
2687 4597 2786 4664 τῆς
2824 4595 3242 4666 καθέδραςκαὶ
3285 4600 3380 4650 σὺν
3424 4596 3572 4664 φόϐῳ
3598 4596 3765 4666 δῆθεν

2185 4666 2365 4735 πολλῷ
2386 4666 2475 4717 καὶ
2515 4664 2816 4732 σεϐάσματι
2841 4664 3015 4718 ταῦτα
3047 4666 3570 4736 ,προσποιησάμενος
3600 4664 3762 4734 δέχε-

2184 4737 2330 4805 σθαι,
2373 4736 2468 4788 καὶ
2500 4736 2883 4805 προσκυνήσας
2929 4735 3354 4804 προθυμώτατα,
3382 4736 3760 4805 δσνυμῃκατὰ

2181 4804 2273 4856 τοῦ
2296 4805 2639 4874 λαλήσαντος
2677 4806 2744 4857 τὰ
2769 4804 2833 4857 ἐν
2865 4809 2982 4867 ταῖς
3015 4807 3200 4872 ἁγίαις
3230 4805 3510 4874 διφθέραις
3537 4804 3760 4874 ῥήματα

2182 4873 2369 4946 βεούν.
2400 4873 2567 4944 μηδὲν
2601 4876 2909 4946 εςρημένῳν
2946 4875 3078 4946 παρ’
3121 4876 3287 4946 αὐτού
3327 4873 3754 4946 διαψεύσασθαι.

2181 4923 2615 5014 minutiam
2638 4923 3078 5005 Ϊὶίὲῖὁέῗιίδῖἶῖ.
3119 4923 3248 5014 ξέρξ
3265 4923 3417 4998 ιδ’
3434 4923 3555 5014 Ῥεῖ
3572 4923 3756 5014 ’ᾖς’ὲᾶ

2182 5013 2480 5135 {Evangelii
2493 5025 2541 5066 et
2564 5015 2888 5068 venerandae
2913 5011 3217 5068 sanctorum
3245 5014 3498 5083 imagines
3522 5011 3757 5082 ﬁdeliter

2182 5101 2360 5135 iurare
2395 5101 2445 5135 lu
2485 5100 2560 5135 es.

2205 5101 2360 5137 urare
2395 5100 2560 5137 ιιιοεδ.

2176 5101 2360 5152 ιιιγανε
2384 5101 2560 5152 μιοεδ.

2249 5156 2360 5223 (25)
2404 5153 2734 5207 lnterﬁcitur
2784 5152 3146 5223 Berengarius
3190 5169 3219 5206 a
3265 5153 3614 5216 Flamberto,
3672 5152 3751 5206 uti

2180 5221 2349 5292 Supra
2377 5225 2640 5287 diximus,
2691 5237 2834 5276 anno
2865 5221 3072 5277 Christi
3106 5221 3230 5292 924.
3279 5225 3752 5292 Σύντεκνοςγγονυ

2179 5297 2480 5416 gompaler,
2539 5292 2706 5346 Pater
2754 5295 3072 5361 spiritualis.
3134 5291 3264 5348 Vide
3328 5294 3510 5348 Gloss.
3568 5291 3746 5346 (ἔταξε.

2227 5381 2463 5416 ucanmi.

2227 5381 2463 5418 Ut'allﬂll.

2247 5381 2529 5504 igiigiibst
2573 5433 2887 5504 Berengarii
2931 5433 3168 5504 obitum,
3223 5431 3545 5501 Rodulplius
3572 5429 3746 5504 Italize

2177 5503 2404 5572 regnum
2466 5505 2605 5556 haud
2663 5503 2767 5557 diu
2831 5503 3096 5569 retinuit;
3159 5504 3356 5572 quippe
3422 5503 3744 5572 populorum

2176 5571 2588 5642 conspiratione
2651 5574 2863 5642 llngoni
2925 5571 3387 5626 Art-Iatt-nsi’scu
3450 5571 3749 5626 Pi‘ovittcim

2175 5645 2360 5697 comiti
2397 5659 2619 5711 regnum
2651 5645 2895 5699 defertur
2931 5659 3075 5696 anno
3106 5643 3308 5698 (llirist.
3337 5645 3459 5697 926.
