4108 6430
530 311 638 375 269

1557 301 2062 366 CONSTANTINI
2102 301 2302 362 PORP
2313 301 2792 363 HYllOGENlTI

3683 311 3792 373 260

534 424 761 494 ignarus
825 427 1085 476 venatum
1141 417 1469 489 egreditur;
1525 432 1761 486 cumque
1813 422 2113 468 revertere-

2219 411 2664 483 βουλευσάμενον.
2714 414 2777 466 Οἱ
2823 412 2879 466 δὲ
2936 412 3196 485 ἄρχοντες
3244 415 3558 480 πεισθέντες
3591 418 3666 488 τῷ
3701 419 3795 472 τοῦ

537 524 647 580 tur,
683 514 963 583 principes
1001 511 1174 582 ipsius
1225 510 1330 565 loci
1379 508 1514 562 urbe
1557 513 1848 575 occupata,
1907 504 2114 558 intrare

534 616 661 655 eum
699 599 925 653 minime
967 599 1358 668 permiserunt.
1389 595 1502 650 Rex
1559 595 1743 664 itaque
1769 592 2109 658 Ludovicus,

535 693 887 761 insurgentes
911 700 1103 745 contra
1132 704 1189 744 sc
1217 687 1494 758 principes
1536 685 1752 752 videns,
1786 685 1851 738 ad
1888 700 1985 738 sua
2023 701 2111 740 re-

535 785 806 856 greditur.
841 782 1126 852 Principes
1155 796 1284 834 vcro
1313 778 1555 835 Soldano
1583 779 1770 833 dixere
1800 797 1813 834 :
1844 777 1984 844 Quid
2017 777 2112 832 tibi

535 876 622 930 vis
650 875 920 929 faciamus
954 887 1050 941 pro
1069 886 1134 925 eo
1165 871 1310 939 quod
1341 885 1443 924 nos
1467 871 1775 925 servaveris
1809 869 1832 922 ?
1860 869 1954 924 llie
1984 883 2114 924 vero

535 967 740 1022 dimitti
760 967 825 1019 ad
857 979 989 1018 suos
1021 963 1213 1028 voluit,
1235 977 1412 1033 eoque
1435 962 1581 1016 facto
1604 962 1657 1014 in
1701 959 1946 1016 Africam
1981 975 2109 1032 pro-

537 1057 714 1112 fectus
752 1057 807 1109 in
840 1055 1112 1124 propriam
1171 1055 1448 1125 regionem
1497 1069 1556 1109 se
1599 1054 1826 1122 recepit.
1861 1051 2114 1109 Pristina’.

535 1155 714 1200 autem
739 1145 970 1200 malitia:
1024 1145 1250 1199 minime
1305 1144 1536 1209 oblitus,
1584 1144 1829 1198 exercitu
1883 1143 2113 1197 collecto

533 1253 656 1291 cum
692 1251 888 1307 magna
922 1250 1088 1290 manu
1123 1236 1189 1290 ad
1218 1236 1554 1292 obsidendas
1587 1235 1993 1306 capiendasque
2021 1251 2113 1288 ur-

535 1330 634 1383 bes
673 1328 918 1398 Capuam
948 1343 1014 1382 ac
1057 1328 1432 1382 Beneventum
1479 1328 1645 1383 venit.
1693 1327 1938 1396 Capuani
1981 1340 2113 1380 veto

531 1435 598 1472 ac
630 1419 1002 1475 Beneventani
1041 1419 1251 1489 legatos
1285 1419 1339 1472 in
1371 1417 1659 1474 Franciam
1683 1418 1750 1472 ad
1783 1433 1962 1488 regem
2002 1415 2112 1472 Lu-

531 1509 788 1564 dovicum
820 1510 1068 1576 mittunt,
1097 1509 1174 1562 uti
1201 1509 1485 1580 suppetias
1520 1509 1652 1578 ipsis
1679 1508 1937 1564 adversus
1989 1509 2112 1564 Sol-

533 1601 738 1654 danum
775 1610 828 1654 et
862 1599 1026 1654 Afros
1079 1600 1267 1656 ferret.
1318 1602 1385 1654 At
1423 1616 1517 1655 rex
1551 1599 1867 1654 Ludovicus
1904 1599 1991 1656 bis
2019 1615 2113 1655 co-

532 1693 724 1762 gnitis,
761 1701 814 1747 et
859 1692 1140 1762 quomodo
1193 1693 1398 1764 egisset
1428 1691 1725 1756 Soldanus,
1771 1691 2112 1762 principibus

2218 503 2479 557 Σολδανοῦ
2525 504 2689 575 λόγῳ,
2740 505 3067 575 Θεασάμενοι
3093 506 3147 559 δὲ
3201 506 3295 559 καὶ
3323 507 3421 570 τὰς
3456 507 3675 573 ἁλύσεις
3707 513 3800 564 καὶ

2216 595 2285 648 τὰ
2317 595 2509 665 δεσμά,
2546 595 2760 648 τελείαν
2810 596 3185 667 πληροφορίαν
3231 597 3444 662 ἔλαϐον,
3476 600 3570 652 καὶ
3611 599 3800 652 ἔκτοτε

2218 686 2488 756 ἐμελέτων
2515 687 2613 756 τὴν
2651 685 2928 741 ἀπώλειαν
2970 687 3064 740 τοὺ
3109 688 3275 759 ρηγδς
3311 690 3606 761 Λοδοήχου.
3651 691 3709 744 '0
3741 692 3801 744 δὲ

2221 777 2322 850 ρὴξ
2346 775 2515 830 ταῦτα
2561 779 2739 832 πάντα
2775 779 2987 846 ἀγνοῶν
3020 779 3212 848 ἐξῆλθε
3267 780 3404 850 προς
3455 782 3514 834 τὸ
3555 784 3804 853 κυνηγῆ-

2219 886 2308 922 σαι
2331 886 2344 900 ο
2376 868 2814 940 ὑποστρέψαντος
2842 870 2919 936 δέ,
2962 873 3010 925 οί
3051 874 3240 925 τούτου
3282 872 3540 942 ἄρχοντες
3564 873 3806 944 ἐκράτηο

2219 977 2318 1013 σαν
2348 958 2409 1014 τὸ
2438 962 2694 1030 κάστρον,
2728 960 2802 1032 μὴ
2849 961 3111 1026 ἐάσαντες
3160 963 3324 1016 αὑτὸν
3371 964 3632 1017 εἰσελθεῖν
3659 965 3801 1036 (l7).

2231 1052 2289 1106 Ὀ
2320 1053 2375 1106 δὲ
2431 1052 2531 1124 ρὴξ
2580 1052 2848 1123 Λοδόηχος
2893 1054 2994 1125 τὴν
3047 1055 3157 1108 τῶν
3211 1055 3489 1124 ἀρχόντων
3545 1055 3806 1111 ἔνστασιν

2219 1147 2576 1217 Θεασάμενος,
2609 1149 2688 1211 είς
2719 1149 2816 1219 τὴν
2869 1148 3004 1202 ἰδίαν
3037 1150 3221 1219 χώραν
3250 1149 3614 1217 ὑπέστρεψεν.
3645 1149 3710 1201 Οἱ
3745 1148 3808 1200 δὲ

2216 1241 2476 1310 ἄρχοντες
2519 1233 2672 1294 εἷπον
2707 1241 2841 1311 πρὸς
2890 1241 2982 1294 τὸν
3025 1241 3314 1293 Σο).δανόν’
3357 1239 3422 1292 Τί
3466 1240 3572 1310 ἄρα
3627 1239 3810 1302 ϐέλεις

2217 1333 2363 1403 ἡμᾶς
2391 1332 2614 1402 ποιῆσαί
2665 1351 2747 1384 σοι
2783 1333 2912 1404 περὶ
2941 1332 3040 1404 τῆς
3061 1333 3360 1403 γενομένης
3387 1334 3467 1395 είς
3511 1335 3656 1403 ἡμᾶς
3691 1351 3809 1386 πα-

2219 1422 2289 1493 ρά
2317 1421 2410 1474 σοῦ
2438 1421 2750 1492 σωτηρίας;
2798 1423 2856 1476 ’0
2894 1424 2949 1477 δὲ
2977 1425 3217 1496 ᾐτήσατο
3267 1426 3325 1477 ἐν
3371 1427 3438 1496 τῇ
3493 1423 3600 1495 ἰδία
3646 1423 3813 1496 χώρᾳ

2219 1508 2492 1562 ἀπολῦσαι
2524 1511 2688 1564 αὑτὸν
2709 1529 2722 1542 ·
2765 1511 2860 1564 καὶ
2907 1513 3098 1566 τούτου
3131 1513 3427 1584 γενομένου
3473 1513 3713 1584 ἀπῆλθεν
3746 1517 3812 1568 ἐν

2230 1599 2462 1672 ’Δφρικῇ
2497 1602 2576 1664 εἰς
2600 1603 2698 1670 τὴν
2723 1601 2860 1654 ίδίαν
2894 1602 3060 1657 αὑτοῦ
3086 1604 3288 1676 χώραν.
3341 1604 3432 1674 Μὴ
3468 1604 3810 1676 ἐπιλαθόμε-

2218 1706 2307 1754 νος
2335 1691 2392 1746 δέ
2433 1690 2532 1755 τῆς
2575 1684 2816 1762 Δἀρχαίας
2863 1693 3028 1748 αὑτοῦ
3067 1694 3264 1758 κακίας
3312 1696 3810 1767 ἐστρατοπέδευσε,

535 1784 878 1854 persuadens
919 1799 1103 1854 regem
1152 1783 1501 1854 compeditos
1534 1783 1590 1838 in
1645 1781 1932 1836 Franciam
1997 1784 2114 1836 mit-

2219 1781 2312 1835 καὶ
2339 1777 2468 1852 ἦλθε
2506 1759 2957 1852 μετάνδυνάμεως
2989 1787 3047 1839 ἐν
3087 1785 3288 1857 Καπύῃ
3319 1759 3421 1840 καὶ.
3461 1790 3517 1841 ὲν
3548 1759 3814 1843 Βενεεῐένζ

536 1883 654 1932 tere
686 1876 946 1940 voluisse,
984 1876 1064 1930 sic
1093 1874 1230 1946 ipsis
1262 1875 1548 1944 respondit
1580 1892 1594 1930 :
1631 1872 1868 1928 Prenitet
1895 1872 2112 1944 quidem

535 1982 623 2022 me
661 1967 833 2022 etiam
872 1981 1060 2020 eorum
1121 1981 1242 2036 qua:
1275 1975 1439 2020 antea
1485 1967 1641 2020 vobis
1685 1965 1934 2035 praestiti,
1990 1980 2112 2020 cum

535 2073 640 2113 vos
677 2061 745 2111 ab
773 2058 1032 2112 hostibus
1069 2057 1354 2121 servarint,
1397 2072 1498 2127 pro
1530 2072 1640 2128 quo
1673 2057 1940 2112 beneficio
1972 2055 2115 2111 mala

537 2149 669 2204 mibi
703 2148 1030 2219 reposuistis
1058 2164 1074 2214 ;
1108 2155 1163 2203 et
1192 2147 1656 2218 quemadmodum
1692 2145 1906 2216 ejectns
1937 2146 2055 2217 ipse
2084 2162 2114 2201 a

531 2241 688 2296 vobis
726 2240 825 2305 lui,
871 2241 945 2296 ita
984 2255 1129 2296 nunc
1161 2240 1230 2294 de
1263 2247 1450 2295 vestro
1473 2237 1642 2294 exitio
1696 2237 1928 2309 gaudeo.
1962 2235 2116 2292 Tunc

533 2333 601 2386 ad
642 2346 910 2388 summam
947 2330 1255 2401 angustiam
1305 2328 1552 2395 redacti,
1595 2343 1625 2383 a
1669 2344 1796 2399 rege
1835 2326 2115 2383 Ludovico

535 2424 602 2478 ad
635 2422 1011 2479 Romanorum
1050 2423 1438 2492 imperatorem
1471 2421 1681 2492 lagatos
1711 2421 1938 2475 mittunt
1971 2419 2111 2491 peti-

535 2523 675 2578 tum,
715 2523 772 2569 ut
803 2515 940 2585 ipsis
990 2514 1382 2584 opitularetur,
1412 2521 1578 2583 atque
1615 2511 1684 2566 ab
1714 2508 1983 2579 ejusmodi
2022 2526 2117 2579 pe-

532 2606 709 2660 riculo
741 2622 836 2662 eos
868 2607 1147 2662 liberaret.
1225 2603 1525 2659 Pollicetur
1560 2618 1718 2674 opem
1777 2603 2113 2673 imperator;

533 2701 629 2754 sed
677 2700 854 2768 legato
885 2697 952 2751 ab
1001 2697 1138 2752 urbe
1185 2695 1801 2765 Constantinopolitana
1829 2693 2113 2759 redeunte,

533 2803 699 2861 atque
729 2793 848 2845 Irata
890 2790 1010 2847 suis
1046 2788 1242 2842 nuntia
1274 2787 1538 2841 allerente
1568 2787 1636 2841 de
1667 2785 1874 2840 auxilio
1909 2784 1977 2840 ab
2005 2785 2112 2838 im-

532 2889 786 2949 peratore
833 2877 1121 2942 mittendo,
1154 2877 1477 2946 priusquam
1547 2876 1602 2930 in
1638 2873 1828 2930 urbem
1882 2889 1941 2930 se
1972 2874 2115 2928 reci-

532 2988 664 3044 pere
697 2979 904 3042 posset,
945 2985 975 3024 a
1008 2968 1235 3024 Soldani
1288 2967 1538 3022 excubiis
1570 2976 1767 3037 captus
1801 2965 1924 3020 fuit.
1970 2964 2116 3020 Prte-

535 3067 775 3121 sciverat
809 3065 1013 3134 quippe
1053 3061 1144 3116 ille
1197 3060 1528 3131 legationem
1573 3058 1785 3114 factam
1817 3059 1882 3114 ad
1939 3059 2114 3128 impe-

533 3165 772 3212 ratorem
825 3154 1156 3219 Romanum,
1204 3161 1258 3208 et
1310 3152 1460 3207 omni
1512 3151 1698 3206 studio
1754 3151 2008 3206 incubuit
2053 3162 2114 3206 ut

533 3251 772 3321 legatum
796 3255 1037 3318 caperet,
1071 3247 1218 3318 quod
1241 3253 1294 3303 et
1314 3245 1518 3299 factum
1553 3243 1678 3298 fuit.
1706 3243 2115 3314 Comprehensa

533 3351 714 3396 autem
751 3339 952 3410 legato,
993 3337 1265 3392 intellexit
1315 3351 1428 3406 quo
1463 3334 1760 3390 defunctus
1804 3333 1978 3388 fuerat
2003 3332 2118 3388 ofﬁ-

531 3432 641 3497 cio,
666 3440 719 3485 et
765 3425 891 3501 post
924 3444 1131 3500 paucos
1157 3429 1275 3484 dies
1307 3427 1509 3480 auxilia
1540 3424 1775 3480 Romani
1819 3425 2118 3488 imperato-

531 3524 608 3578 ris
657 3523 942 3578 adfutura.
1006 3521 1149 3576 Dicit
1197 3522 1380 3590 itaque
1431 3518 1482 3574 ei
1515 3518 1835 3573 Soldanus:
1872 3515 2030 3582 Quod
2061 3515 2111 3572 si

529 3629 650 3683 qua:
677 3613 866 3668 dixero
903 3611 1122 3674 feceris,
1173 3608 1449 3674 libertate,
1480 3617 1534 3662 et
1573 3607 1832 3662 maximis
1866 3603 2117 3660 muneri-

2215 1873 2289 1941 δῳ
2317 1873 2454 1944 πρὸς
2502 1872 2562 1927 τὸ
2612 1874 2973 1947 πολιορκῆσαι
3031 1878 3126 1932 καὶ
3177 1879 3442 1946 ὑποτάξαι
3489 1881 3811 1944 αὐτούς.οί

2215 1963 2272 2018 δὲ
2305 1963 2371 2018 τὰ
2413 1966 2637 2020 τοιαῦτα
2681 1967 2895 2038 κάστρα
2942 1967 3273 2040 κρατοῦντες
3306 1972 3632 2027 ἀπέστειλαν
3661 1975 3811 2044 πρέ-

2219 2055 2371 2119 σϐεις
2403 2057 2541 2125 πρὸς
2584 2058 2674 2110 τὸν
2701 2060 2844 2129 ρἦα
2874 2060 3140 2131 Λοδόηχον
3187 2062 3244 2113 ἐν
3271 2063 3542 2133 Φραγγίᾳ,
3579 2066 3662 2118 ἵνα
3711 2066 3812 2119 ἐλ-

2217 2146 2326 2200 θὼν
2369 2148 2814 2219 συνεπαμύνηται
2863 2149 3044 2214 αὑτοῖς
3081 2151 3222 2205 κατὰ
3267 2155 3360 2206 τοῦ
3411 2156 3671 2209 Σολδανοῦ
3703 2158 3813 2211 καὶ

2215 2238 2325 2292 τῶν
2375 2241 2669 2311 Ἀφρικῶν.
2719 2243 2776 2293 ὐ
2822 2241 2878 2295 δὲ
2922 2243 3023 2312 ρὴξ
3061 2244 3327 2315 Λοδόηχος
3378 2248 3550 2301 ταῦτα
3591 2248 3813 2320 μαθὼν,

2216 2331 2310 2385 καὶ
2358 2333 2528 2402 ὅνπερ
2578 2334 2802 2403 ἐποίησε
2850 2335 3051 2406 τρόπον
3101 2337 3130 2389 ὁ
3168 2337 3433 2403 Σολδανδς
3468 2341 3661 2405 πείσας
3707 2344 3816 2398 καὶ

2215 2423 2342 2486 τοὺς
2379 2425 2670 2493 ἄρχοντας,
2701 2425 2784 2479 ὅτι
2824 2427 3092 2497 Δεσμίους
3134 2428 3318 2499 μέλλει
3362 2432 3505 2502 ὑμᾶς
3542 2435 3569 2485 ὀ
3607 2431 3704 2504 et}:
3743 2435 3815 2488 ἐν

2214 2509 2465 2582 Φραγγίᾳ
2526 2513 2800 2584 ἐξορίσαι,
2858 2515 3225 2586 ἀντεδήλωσεν
3286 2519 3490 2584 αὑτοῖς,
3549 2523 3631 2574 ὅτι
3690 2524 3814 2576 Καὶ

2218 2603 2363 2673 ἅπερ
2393 2603 2626 2674 ἐποίησα
2684 2605 2947 2678 πρότερον
2996 2608 3072 2672 είς
3124 2610 3268 2680 ὑμᾶς
3319 2613 3810 2684 μεταμεμέλημαι,

2215 2694 2295 2746 ὅτι
2328 2693 2508 2748 ἔσωσα
2551 2695 2696 2765 ὑμᾶς
2725 2696 2832 2750 ἀπὸ
2905 2697 3018 2750 τῶν
3068 2699 3279 2772 ἐχθρῶν
3328 2703 3506 2770 ὑμῶν,
3539 2705 3634 2758 καὶ
3670 2706 3814 2759 ἀντ-

2231 2783 2552 2838 απεδώκατέ
2588 2803 2677 2854 μοι
2739 2788 2951 2860 πονηρά
3009 2789 3130 2842 ἀντὶ
3177 2791 3430 2860 ἀγαθῶνο
3480 2796 3574 2848 καὶ
3621 2795 3815 2861 καθὼς

2218 2875 2486 2946 ἐδιώχοην
2519 2877 2650 2947 παρ’
2689 2877 2865 2948 ὑμῶν,
2899 2879 3102 2952 ἀρτίως
3129 2882 3306 2951 χαίρω
3338 2881 3431 2937 ἐπὶ
3461 2886 3527 2955 τῇ
3559 2883 3816 2958 ἀπωλείᾳ.

2217 2966 2395 3036 ὑμῶν.
2427 2968 2560 3020 Τότε
2605 2968 2985 3040 ἀπορήσαντές
3027 2971 3137 3025 ἀπὸ
3178 2973 3274 3026 τοῦ
3330 2975 3499 3044 ρηγὺς
3527 2975 3812 3046 Λοδοήχου

2219 3057 2546 3110 ἀπέστειλαν
2590 3058 2851 3128 πρέσϐεις
2899 3061 3036 3132 πρὸς
3096 3061 3187 3115 τὸν
3233 3063 3456 3134 βασιλέα
3514 3065 3813 3136 Ῥωμαίων

2221 3149 2316 3204 τοῦ
2350 3149 2537 3206 δοῦναι
2579 3153 2764 3217 αὐτοῖς
2815 3153 3089 3224 βοήθειαν,
3142 3156 3238 3208 καὶ
3277 3154 3660 3225 λυτρώσασθαι
3709 3158 3814 3212 τοῦ

2223 3242 2469 3296 τοιούτου
2500 3243 2778 3296 κινδύνου·
2820 3247 2849 3297 ὁ
2885 3245 2944 3298 δέ
2990 3245 3242 3316 βασιλεὺς
3278 3247 3549 3317 ὑπέσχετο
3599 3247 3814 3318 βοηθῆ-

2222 3349 2313 3388 σαι
2343 3333 2549 3397 αὑτοῖς.
2605 3332 2713 3387 Τοῦ
2747 3333 2805 3387 δέ
2835 3335 3255 3408 ἀποκρισιαρίου
3305 3337 3413 3390 ἀπὸ
3439 3338 3540 3409 τῆς
3589 3339 3810 3405 πόλεως

2222 3423 2691 3494 ὑποστρέψαντος,
2722 3427 2816 3478 καὶ
2851 3426 3064 3496 ἀγαοάς
3087 3427 3346 3496 ἀγγελίας
3376 3431 3489 3494 τοῖς
3520 3428 3816 3500 πέμψασιν

2222 3517 2386 3571 αὑτὸν
2416 3518 2865 3588 ἀποκομίζοντος,
2893 3521 3139 3590 περὶτῆς
3161 3519 3255 3574 τοῦ
3284 3520 3546 3591 βασιλέως
3580 3539 3815 3594 συμμα-

2222 3607 2371 3677 χίας,
2419 3607 2588 3679 μήπω
2647 3607 2839 3662 τούτου
2886 3608 3264 3675 ἀποσωθέντος
3314 3611 3372 3664 ἐν
3429 3609 3507 3681 τῷ
3557 3611 3811 3686 κάστρῳ,

1664 3779 1969 3837 ANSELMI
2003 3779 2331 3838 BANDUllll
2359 3779 2571 3839 ΝΟΤᾹΞ

601 3929 713 3999 (l7)
752 3927 950 3999 Eadem
983 3925 1153 3999 ferme
1176 3932 1414 3999 narrant
1436 3923 1720 3999 Cedrenus
1753 3931 1808 3977 et
1841 3921 2112 3999 Zonaras,

530 3991 626 4054 sed
663 3991 1026 4066 scriptoi-ibus
1070 3996 1281 4052 Latinis
1321 4011 1430 4050 non
1470 3994 1836 4066 conveniunt,
1876 3993 1970 4066 qui
2002 3991 2115 4066 Lu-

531 4063 1068 4123 doricum—custodire
1093 4075 1224 4121 tunc
1248 4069 1620 4132 mancipatum
1653 4063 1825 4118 fuisse
1853 4065 1922 4115 ab
1945 4063 2111 4117 Adel-

528 4141 651 4210 giso
697 4139 968 4192 scribunt.
1001 4136 1291 4210 lta‘porro
1345 4135 1769 4210 Ercliempertus
1816 4147 1938 4210 cap.
1967 4133 2058 4210 _.’_>4
2097 4152 2110 4188 :

533 4202 736 4274 Quibus
785 4211 861 4261 ita
903 4202 1153 4275 patratis',
1207 4208 1404 4274 (capta
1458 4204 1670 4258 scilicet
1724 4203 1880 4267 Bari)
1930 4202 2112 4257 videns

529 4279 776 4332 diabolus
809 4295 932 4332 suos
955 4277 1246 4340 eliminari,
1277 4276 1590 4344 Christoque
1619 4275 1864 4344 universa
1905 4283 2113 4326 restau-

530 4351 664 4410 rari,
705 4361 753 4401 ct
795 4350 993 4402 damna
1040 4347 1230 4415 inferni
1273 4346 1476 4410 dolens,
1506 4343 1605 4397 suo
1641 4343 1895 4415 instinctu
1944 4359 2112 4410 cwpeo

2221 3924 2552 3995 quiescebat,
2592 3938 2848 3988 occupare
2869 3923 3085 3995 nititur.
3123 3920 3427 3993 Imperator
3461 3925 3692 3981 clamore
3723 3930 3774 3983 ir
3806 3960 3813 3969 -

2221 3994 2486 4048 ruentium
2522 3995 2823 4060 excitatus,
2856 3994 2990 4048 lecto
3035 3995 3236 4060 desilit,
3271 4012 3427 4050 arma
3469 3998 3709 4066 corripit,
3753 4017 3808 4054 et

2219 4081 2338 4118 cum
2383 4065 2666 4132 perpaucis
2715 4067 2950 4127 corporis
2979 4066 3085 4118 “sui
3137 4066 3440 4121 custodibus
3479 4066 3547 4120 ad
3606 4065 3811 4124 ostium

2217 4137 2417 4206 domus
2443 4137 2686 4187 turbatus
2726 4134 2985 4206 procedit,
3023 4134 3331 4206 aditumque
3362 4142 3505 4205 ferro
3553 4138 3810 4192 interclu-

2216 4205 2366 4264 dens,
2388 4204 2601 4276 hostem
2642 4221 2680 4276 7a
2725 4205 2998 4276 liminibus
3023 4215 3192 4276 arcet.
3237 4204 3526 4276 Adalgisus
3571 4210 3808 4263 sentiens

2218 4291 2321 4328 non
2348 4275 2460 4328 sine
2487 4274 2791 4328 discrimine
2824 4275 2963 4327 ostia
2997 4273 3186 4328 domus
3207 4291 3318 4330 esse
3348 4273 3700 4344 penetrantia,
3737 4279 3807 4332 ab

2216 4345 2450 4414 introitu
2479 4344 2659 4412 pedem
2702 4347 2945 4408 retrahit,
2986 4346 3350 4414 palatiumque
3375 4347 3610 4414 ﬂammis
3647 4351 3808 4402 exuri

529 4408 659 4471 runt
695 4417 840 4472 Galli
879 4408 1110 4488 graviter
1153 4408 1543 4469 Beneventanos
1578 4413 1841 4488 persequi,
1884 4429 1949 4488 ae
1988 4408 2112 4465 cru-
2144 4408 2191 4466 D
2211 4416 2383 4484 jubet.
2423 4408 2635 4488 Interea
2664 4415 2953 4488 imperator
2983 4408 3199 4488 deatras
3227 4408 3330 4469 sibi
3360 4408 3483 4469 dari
3514 4418 3664 4485 petit,
3696 4434 3804 4486 pa-

531 4491 722 4542 deliter
780 4483 988 4542 vexare.
1044 4487 1161 4553 Qua
1209 4488 1272 4540 de
1330 4502 1385 4539 re
1436 4495 1485 4538 et
1541 4483 2111 4553 Adelgisusgprinceps

530 4551 1333 4627 (Beneventanus)Wadversns
1381 4551 1749 4627 Lodoguicum
1813 4551 2114 4627 Augustum

530 4621 730 4682 erectus
765 4645 881 4680 cum
927 4621 1035 4680 suis
1082 4625 1362 4680 Beneventi
1403 4621 1552 4692 infra
1582 4624 1772 4677 nimnia
1805 4621 2110 4689 degentem,

531 4715 594 4750 ac
627 4715 806 4751 secure
843 4699 1186 4766 quiescentem
1222 4707 1341 4748 astu
1379 4696 1565 4766 doloso
1601 4695 1994 4766 sanctissimum
2043 4692 2117 4766 ui-

531 4785 689 4829 rum,
741 4762 1074 4822 Saluatorem
1121 4767 1320 4832 scilicet
1388 4764 1769 4818 Beneventano:
1832 4762 2116 4832 prouincia:

499 4839 698 4904 ‘cepit,
748 4847 797 4890 et
842 4837 1096 4891 custodiis
1139 4831 1491 4903 mancipauit,
1539 4834 1775 4901 bonaque
1815 4832 1932 4904 ejus
1973 4831 2111 4883 diri-

531 4901 721 4974 piens,
755 4909 960 4961 ditatus
1005 4919 1078 4960 est
1108 4950 1120 4968 ,
1156 4901 1473 4973 cunctosque
1499 4905 1637 4956 viros
1679 4901 2006 4974 exercitales
2034 4913 2117 4952 ea:-

533 4971 777 5043 spoliavit
801 5018 816 5042 ,
863 4988 912 5033 et
946 4977 1121 5045 fugere
1151 4971 1422 5045 conrpulit.
1478 4974 1551 5029 lis
1595 4987 1839 5026 consona
1864 4971 2116 5045 _t_radu_nt

537 5040 648 5102 Leo
677 5040 953 5103 Ostiensis
989 5040 1088 5102 lib.
1124 5062 1177 5112 ι,
1220 5040 1342 5116 οιῖρ.
1394 5045 1486 5108 58,
1527 5051 1576 5116 et
1614 5051 1809 5096 auctor
1855 5040 2114 5116 C_b_ron_ici

535 5119 595 5172 S.
633 5117 902 5173 Vincentii
927 5159 943 5183 ,
989 5133 1132 5188 smpc
1163 5109 1208 5169 va
1257 5109 1415 5188 nobis
1449 5115 1703 5188 laudatus
1746 5111 1898 5188 :_qu_i
1925 5109 2118 5188 Ludo-

536 5189 715 5243 virum
770 5178 1036 5244 custodia:
1068 5178 1467 5256 'mancipatuni
1521 5185 1693 5238 fuisse
1742 5181 1810 5235 ab
1829 5178 2118 5256 ‘_Adelgi_so

533 5268 798 5325 narrant;
856 5274 884 5312 a
943 5273 1051 5326 qua
1113 5247 1334 5326 quide'm
1389 5253 1527 5307 infra
1581 5251 1950 5326 quadraginta
2001 5247 2118 5326 dies

531 5318 926 5384 innumerabili
962 5318 1363 5381 Saracenorum
1409 5318 1652 5379 exercitu
1703 5321 1772 5374 ab
1800 5318 1984 5374 Africa
2024 5318 2118 5369 ad-

533 5402 822 5462 veniente,
876 5399 1139 5452 dimissus
1189 5404 1310 5456 cst,
1363 5402 1423 5446 ut
1477 5395 1669 5448 scribit
1697 5391 1970 5444 laudatus
2007 5386 2116 5440 Leo

533 5467 833 5523 Ostiensis.
865 5469 932 5522 At
957 5468 1194 5537 scriptor
1226 5464 1519 5518 Annalium
1565 5462 1910 5537 Francorum
1957 5471 2120 5537 linen-

535 5540 676 5592 sium
727 5555 839 5592 rem
893 5528 1266 5607 paulo-aliter
1315 5539 1502 5588 narrat
1531 5531 1747 5607 an..8_'i_l
1791 5528 2118 5597 :Adalgisus

535 5600 908 5676 imperatorem
958 5607 1271 5662 destitutum
1323 5618 1540 5676 suorum
1602 5600 1810 5676 viribus
1857 5614 2072 5652 cernens
2102 5637 2116 5658 ,

538 5670 850 5736 iamdudum
883 5688 1184 5736 conceptam
1227 5675 1560 5747 iniquitatem
1585 5670 1854 5747 parturit,
1903 5678 1951 5721 et
1999 5681 2119 5747 eum

539 5735 647 5800 suis
681 5747 980 5816 fautoribus
1019 5735 1327 5811 Palatium;
1348 5744 1399 5797 in
1435 5759 1534 5813 quo
1579 5735 1870 5812 imperator
1900 5735 2121 5792 meridie

2217 4500 2430 4554 cemque
2485 4486 2674 4537 obnixe
2717 4483 2976 4552 deposcit.
3028 4484 3128 4538 Cui
3176 4483 3644 4555 responsum‘est,
3696 4483 3807 4541 non

2218 4555 2385 4624 aliter,
2423 4555 2588 4621 petita
2634 4556 3079 4622 impetraturum,
3112 4556 3218 4608 nisi
3248 4558 3395 4620 prius
3441 4557 3806 4624 jurejurando

2217 4623 2568 4693 promitteret,
2626 4641 2902 4693 nunquam
2933 4641 2986 4677 se
3019 4626 3200 4679 diebus
3230 4626 3347 4679 vita:
3377 4623 3487 4680 sua:
3521 4626 3805 4681 Beneventi

2217 4695 2746 4765 ﬁnesqinlraturum,
2781 4710 2942 4762 neque
2987 4709 3082 4760 pro
3134 4695 3436 4758 calumnia,
3465 4713 3622 4765 quam
3678 4707 3809 4750 tunc

2217 4763 2524 4832 patiebatur
2545 4804 2561 4828 ,
2593 4765 2882 4817 vindictam
2910 4765 3200 4832 aliquando
3235 4763 3569 4821 exacturum.
3603 4767 3805 4821 Allatis

2219 4836 2395 4902 itaque
2427 4845 2734 4887 sanctorum
2764 4835 3094 4903 pignoribus,
3138 4836 3443 4889 necessitate
3482 4839 3799 4903 rontrictus,

2219 4915 2612 4958 sacramentum
2645 4905 2783 4968 quod
2815 4903 2878 4956 ab
2909 4920 2969 4957 eo
2995 4904 3304 4973 exigebatur
3329 4906 3556 4973 juravit,
3586 4909 3806 4960 statim-

2221 4989 2317 5043 que
2355 4983 2563 5038 postero
2612 4975 2711 5043 die
2741 4990 2772 5026 a
2824 4973 3114 5027 Benevento
3145 4976 3296 5027 exiit.
3345 4974 3471 5038 Mox
3506 4987 3695 5030 narrat
3742 4985 3804 5029 ut

2223 5042 2370 5114 anno
2404 5045 2655 5114 sequenti
2693 5042 3010 5098 Ludovicus
3035 5045 3341 5114 imperator
3375 5044 3604 5098 Romam
3635 5061 3804 5100 vene-

2221 5113 2332 5184 rit,
2373 5121 2427 5168 et
2470 5130 2498 5166 a
2545 5113 2757 5169 Joanne
2809 5128 2945 5184 papa
2997 5113 3284 5170 absolutus
3333 5129 3362 5168 a
3417 5124 3803 5184 sacramento,

2223 5182 2540 5253 Adclgisum
2584 5182 2874 5254 tyrannum
2912 5183 3298 5254 denuntiatum
3326 5184 3378 5238 in
3415 5183 3694 5238 Carsicam
3729 5188 3806 5238 l’u-

2221 5268 2352 5318 gere
2372 5251 2728 5321 compulerit,
2764 5268 2828 5307 ac
2857 5252 3076 5306 tandem
3124 5251 3440 5309 Ludovicus
3478 5270 3624 5309 anno
3653 5255 3762 5310 874
3788 5293 3804 5318 ,

2221 5324 2388 5395 vitam
2465 5323 2688 5395 finierit.
2764 5324 3036 5395 caeterum
3087 5321 3158 5395 de
3217 5323 3474 5379 Ludovici
3549 5328 3804 5395 captione

2223 5393 2427 5464 S_ll|li|l:l
2470 5393 2634 5464 habet
2666 5391 2774 5446 Leo
2797 5391 3072 5446 Ostiensis
3104 5393 3200 5446 lib.
3235 5411 3273 5456 ι,
3313 5408 3437 5464 cap.
3468 5395 3560 5459 38,
3595 5391 3686 5448 ubi
3733 5396 3804 5448 de

2221 5461 2406 5532 Capua
2441 5476 2472 5514 a
2522 5460 2812 5516 Saracenis
2853 5464 3115 5526 obsessa,
3165 5472 3220 5516 et
3272 5478 3300 5514 a
3353 5460 3631 5519 Ludovico
3661 5464 3804 5520 fusis

2225 5533 2296 5585 ibi
2338 5534 2629 5604 Saracenis
2653 5533 2919 5604 norinulla
2943 5573 2956 5594 ,
2999 5533 3135 5586 nihil
3169 5541 3351 5588 tamen
3387 5535 3453 5588 de
3486 5535 3663 5604 legato
3695 5535 3804 5589 Ca-

2225 5617 2541 5676 puanorum
2559 5603 2624 5656 ad
2652 5603 2912 5676 B:isiliu_t_n
2945 5604 3148 5676 misso,
3181 5606 3248 5658 de
3279 5619 3388 5672 quo
3424 5603 3803 5676 Porpliyrogc-

2225 5673 2399 5737 nitus,
2435 5671 2717 5728 Cedrcnus
2751 5687 2814 5727 ac
2848 5670 3093 5728 Zonaras
3131 5670 3449 5744 loquuntur.
