4108 6428
304 325 424 392 εει

1415 329 1513 388 DE
1551 329 2183 391 ADMINISTRANDO
2215 332 2559 393 ΙΜΡΕΒΙΟ.

3507 338 3616 408 262

301 443 611 514 ἐκρατήθη
639 439 788 511 παρὰ
812 440 920 493 τᾶν
946 441 1156 511 βιγλῶν
1194 441 1287 496 τοῦ
1318 443 1580 498 Σολδανοῦ
1601 460 1615 472 ·
1649 447 1921 515 προεγνω-

2030 446 2133 502 bus
2154 446 2626 502 cobeaestaberis:
2648 447 2734 502 sin
2752 454 2958 510 autem,
2980 448 3119 503 mala
3143 456 3316 505 morte
3381 453 3610 521 peribis.

303 553 392 588 κει
427 536 555 605 γὰρ
585 536 614 586 ὁ
653 533 914 597 Σολδανὸς
955 534 1059 605 τὴν
1084 537 1377 604 γεγονυῖαν
1430 537 1736 608 ἀποστολὴν
1785 538 1920 606 πρὸς

305 629 539 682 ἱκεσίαν
566 627 661 681 τοῦ
695 627 967 697 βασιλέως
1008 628 1320 698 Ῥωμαίων,
1353 628 1447 682 καὶ
1467 630 1772 683 ἐπύκτευσε
1800 626 1925 682 τοῦρ

303 738 399 773 τον
431 718 876 789 ἀποκρισιάριον
926 718 1112 773 αὑτῶν
1163 718 1458 790 κρατῆσαι,
1512 719 1646 789 ὅπερ
1699 720 1794 772 καὶ
1825 719 1923 787 γέ-

304 831 461 879 γονε.
501 811 900 882 Κρατηθέντος
931 809 989 864 δέ
1019 811 1187 864 αὑτοῦ
1218 810 1388 881 ἔμαθε
1418 811 1519 882 τὴν
1545 810 1923 865 ἀποτελεσθεί-

308 922 414 956 σιν
447 903 592 974 παρ’
623 901 794 957 αὑτοῦ
823 901 1098 968 δουλείαν,
1128 902 1224 956 καὶ
1253 903 1334 956 ὄτι
1377 902 1444 956 δι’
1469 902 1666 972 ὀλίγων
1700 902 1924 976 ἡμερῶν

310 995 748 1068 καταλαμϐάνει
799 997 834 1066 ἡ
883 994 980 1048 τοῦ
1036 994 1300 1066 βασιλέως
1342 996 1628 1064 Ῥωμαίων
1677 995 1920 1066 βοήθεια.

322 1090 383 1141 '0
407 1089 472 1142 δὲ
509 1087 777 1150 Σολδανὸς
810 1081 933 1141 εἶπε
961 1086 1040 1158 τῷ
1081 1087 1229 1157 αὐτῷ
1254 1087 1658 1159 ἀποκρισιαρίῳ
1681 1129 1694 1152 ,
1727 1088 1810 1142 ὅτι
1861 1088 1924 1141 Ei

316 1180 575 1248 ποιήσεις
609 1179 752 1248 ὅπερ
789 1193 876 1229 σοι
908 1177 1070 1238 εἴπω,
1111 1177 1425 1247 ἐλευθερίας
1453 1179 1544 1230 καὶ
1578 1179 1799 1248 δωρεῶν
1823 1194 1922 1247 μευ

318 1273 532 1339 πίστιον
583 1270 910 1340 ἁξιωθήσῃ·
961 1269 1010 1321 εἰ
1056 1269 1114 1322 δέ
1174 1270 1272 1341 μὴ,
1311 1269 1533 1340 πονηρῷ
1578 1269 1794 1339 Θανάτῳ
1827 1269 1926 1340 τὴν

325 1361 476 1429 ζωὴν
530 1359 842 1420 ἀπολέσεις.
892 1357 1000 1410 Τοῦ
1044 1357 1101 1409 δὲ
1152 1357 1526 1428 ὑποσχομένου
1571 1357 1924 1429 ἐκπληρῶσαι

325 1452 404 1503 τὰ
433 1451 769 1520 κελεώμενα
803 1449 976 1519 αὑτῷ,
1005 1443 1158 1500 εἶπεν
1204 1449 1232 1500 ὀ
1275 1448 1532 1512 Σολδανδς
1561 1450 1698 1519 πρὸς
1741 1449 1923 1518 αὑτὸν,

334 1547 428 1596 δτι
449 1543 670 1597 Relatis)
698 1540 891 1612 στῆναί
916 1558 973 1593 σε
999 1541 1226 1611 πλησίον
1257 1541 1350 1595 τοῦ
1375 1542 1604 1613 τείχους,
1635 1543 1728 1596 καὶ
1753 1559 1923 1614 προσ-

349 1635 674 1689 καλέσασθαι
711 1635 836 1696 τοὺς
880 1633 1313 1697 ἀποστείλαντας
1346 1651 1428 1700 σε,
1457 1635 1550 1688 καὶ
1577 1635 1754 1688 εἰπεῖν
1787 1635 1924 1704 πρὸς

357 1728 549 1789 ain-:6;
571 1745 585 1758 ·
627 1725 762 1793 Ἐγὼ
791 1725 891 1796 μὲν
924 1727 1025 1794 τὴν
1059 1727 1305 1781 δουλείαν
1336 1728 1402 1798 ῆν
1429 1726 1660 1797 ὤφειλον
1699 1727 1924 1798 ποιῆσαι

2023 536 2275 606 Cumque
2290 539 2502 608 legatus
2521 537 2791 592 facturum
2828 555 2888 595 se
2921 539 3174 594 mandata
3213 541 3492 610 pollicitus
3524 559 3616 599 es-

2024 625 2280 694 Set,dixit
2301 628 2347 683 ei
2371 626 3185 700 Soldauus:Jubeoteproxime
3210 646 3395 685 muros
3419 631 3614 688 sistere

2025 733 2090 774 ac
2114 734 2233 784 eos,
2265 719 2358 789 qui
2392 729 2443 773 te
2470 721 2741 775 miserunt
2762 721 3051 787 advocare,
3076 722 3322 792 ipsisque
3373 723 3555 778 dicere
3590 739 3609 778 :

2024 811 2139 884 Ego
2168 811 2386 884 quidem
2418 812 2564 884 quod
2588 813 2742 868 vobis
2763 812 2998 867 cilicium
3013 812 3175 869 debui
3230 815 3480 885 praestiti,
3507 814 3614 868 im-

2025 912 2446 976 peratoremque
2469 905 2772 960 Romanum
2791 921 2888 975 pro
2915 907 3069 961 vobis
3093 907 3270 970 oravi,
3292 922 3480 962 verum
3503 921 3604 961 no-

2027 1002 2140 1048 tqu
2171 993 2327 1048 vobis
2346 994 2489 1060 volo,
2511 993 2711 1049 frustra
2750 994 2879 1048 mihi
2925 1004 3234 1066 susceptam
3261 997 3403 1050 hanc
3429 997 3610 1066 profe-

2026 1084 2269 1141 etionem
2299 1084 2509 1153 fuisse;
2541 1095 2596 1143 et
2629 1087 3095 1158 supplicationem
3144 1095 3382 1143 vestram
3430 1089 3604 1159 impe-

2028 1183 2183 1230 rator
2214 1175 2424 1244 rejecit,
2462 1193 2641 1247 neque
2670 1186 2754 1233 est
2785 1178 2931 1248 quod
2986 1193 3145 1248 opem
3185 1180 3254 1234 ab
3303 1180 3398 1234 illo
3442 1182 3610 1234 ullam

2029 1267 2386 1336 cXSpectetis.
2419 1266 2623 1336 Legato
2639 1276 2821 1323 autem
2853 1269 2966 1323 haec
2992 1284 3051 1324 se
3069 1278 3458 1325 exsecuturum
3483 1285 3609 1325 cum

2029 1356 2218 1412 laetitia
2256 1358 2631 1430 promittente,
2678 1360 2745 1414 ad
2794 1361 2986 1416 urbem
3029 1377 3154 1416 eum
3201 1361 3498 1419 duxerunt.
3539 1361 3610 1416 At

2029 1455 2232 1524 spretis
2267 1453 2524 1508 omnibus
2548 1467 2670 1522 quae
2707 1451 2987 1506 Soldauus
3017 1453 3250 1519 dixerat,
3284 1466 3460 1521 neque
3503 1451 3610 1506 mi-

2030 1545 2116 1601 nis
2159 1545 2280 1615 ejus
2322 1544 2571 1608 territus,
2632 1557 2811 1610 neque
2865 1543 3354 1611 pollicitationibus
3390 1557 3612 1613 persua-

2028 1654 2146 1704 sus,
2175 1638 2268 1694 sed
2304 1637 2396 1692 Dei
2423 1636 2677 1691 timorem
2717 1637 2770 1690 in
2798 1645 3024 1706 pectore
3055 1636 3160 1706 91
3192 1647 3443 1706 gestans,
3489 1636 3607 1690 haec

2030 1731 2085 1785 in
2121 1729 2307 1785 animo
2357 1728 2618 1800 cogitavit
2654 1746 2668 1781 :
2711 1726 2897 1783 Satius
2938 1737 3025 1782 est
3087 1743 3258 1782 umun
3315 1744 3402 1783 me
3447 1729 3609 1793 mori,

347 1819 634 1886 πεποίηκα,
691 1817 790 1870 καὶ
836 1817 928 1871 τὸν
987 1818 1212 1886 βασιλέα
1253 1819 1542 1889 Ῥωμαίων
1591 1817 1724 1890 περὶ
1767 1818 1921 1889 ὑμῶν

2025 1836 2189 1892 quam
2227 1827 2304 1875 tot
2337 1818 2552 1876 animas
2589 1819 2758 1874 verbo
2795 1820 3124 1890 compediri,
3160 1830 3214 1875 et
3264 1820 3328 1874 ad
3377 1827 3609 1875 mortem

336 1909 697 1974 ἐδυσὼκησαο
731 1908 874 1978 πλὴν
909 1906 1002 1961 οὖν
1033 1907 1353 1976 γινώσκετε,
1381 1909 1464 1962 ὃτι
1494 1910 1574 1973 είς
1611 1909 1767 1962 κενὸν
1799 1909 1921 1977 ἐγέ-

327 2016 452 2052 νετο
493 2002 528 2066 ἠ
570 1998 692 2060 ὁδός
727 2015 853 2067 μου,
891 2000 986 2050 καὶ
1019 2000 1048 2050 ὁ
1085 1997 1340 2067 βασιλεὺς
1383 1997 1710 2068 πάμφαυλον
1755 1998 1920 2066 ἔθηκε

325 2089 422 2158 τὴν
456 2090 594 2158 παρ’
628 2089 786 2158 ὑμῶν
841 2089 1129 2157 γεγονυῖαν
1158 2088 1386 2152 ἱκεσίαν,
1444 2089 1537 2142 καὶ
1567 2089 1675 2144 ἀπὸ
1705 2091 1797 2144 τοῦ
1827 2091 1921 2161 βαο

328 2183 525 2246 σιλέως
569 2181 650 2253 μὴ
693 2180 942 2246 ἐλπίζετε
973 2179 1243 2250 βοήθειαν.
1287 2180 1396 2234 Τοῦ
1423 2181 1495 2250 ,δὲ
1545 2182 1920 2254 ὑποσχομένου

320 2273 496 2328 ταῦτα
535 2274 679 2342 μετὰ
726 2275 902 2344 χαρᾶς
928 2272 1041 2344 (18)
1076 2271 1455 2344 ἐκπληρῶσαι,
1505 2275 1713 2346 ἤγαγον
1759 2274 1922 2329 αὑτὸν

320 2367 560 2436 πλησίον
587 2364 686 2418 τοῦ
713 2367 973 2436 κάστρου,
1011 2365 1106 2420 καὶ
1129 2367 1187 2419 ἐν
1214 2364 1389 2420 οὐδενὶ
1416 2365 1645 2438 Θέμενος
1676 2367 1744 2422 τὰ
1770 2368 1923 2440 παρὰ

319 2459 413 2512 τοῦ
467 2458 744 2512 Σολδανοῦ
799 2459 1038 2529 ρηθέντα
1093 2457 1293 2526 πάντα,
1353 2460 1493 2532 μήτε
1539 2461 1638 2526 τὰς
1690 2462 1924 2526 ἀπειλὰς

316 2551 491 2605 αὑτοῦ
547 2552 836 2621 φοϐηθεὶς,
881 2553 1020 2621 μήτε
1059 2550 1180 2614 ταῖς
1219 2550 1578 2621 ὑποσχέσεσιν
1600 2551 1769 2605 αὑτοῦ
1801 2567 1922 2605 πει-

323 2647 494 2712 σθεὶς,
531 2646 673 2700 ἀλλὰ
718 2647 812 2699 τὸν
841 2644 935 2699 τοῦ
966 2643 1104 2698 Θεοῦ
1141 2643 1306 2714 φόϐον
1333 2645 1392 2698 ἐν
1419 2647 1484 2716 τῇ
1533 2645 1729 2717 καρδίᾳ
1753 2645 1920 2699 αὑτοῦ

321 2739 560 2808 θέμενος
592 2737 938 2804 διελογίσατο
976 2737 1035 2789 ἐν
1069 2734 1269 2807 ἐαυτῷ,
1309 2736 1392 2790 ὅτι
1421 2736 1714 2806 Σνμφέρον
1769 2737 1922 2791 ἐστὶν

313 2830 415 2899 ἐμὲ
456 2831 634 2901 μόνον
682 2828 1000 2892 ἀποθανεῖν,
1049 2828 1146 2882 καὶ
1193 2828 1268 2899 μὴ
1307 2827 1567 2891 τοιαύτας
1606 2827 1784 2899 ψυχὰς
1830 2828 1921 2882 διὰ

321 2925 485 2991 λόγου
540 2921 877 2992 παγιδεῦσαι
912 2921 1008 2975 καὶ
1052 2921 1343 2992 προδοῦναι
1390 2921 1471 2985 εἰς
1510 2919 1743 2976 θάνατον
1771 2937 1786 2953 ο
1825 2921 1922 2975 καὶ

320 3015 382 3084 δὴ
417 3015 658 3083 πλησίον
691 3011 790 3066 τοῦ
828 3015 1046 3083 τείχους
1094 3011 1258 3066 αὑτοῦ
1294 3012 1615 3082 γενομένου,
1663 3013 1756 3066 καὶ
1785 3013 1920 3068 πάν-

2021 1914 2201 1986 prodi.
2253 1913 2319 1967 Et
2355 1929 2492 1969 sane
2518 1928 2642 1966 cum
2670 1914 2921 1982 proxime
2945 1928 3136 1969 muros
3186 1922 3352 1974 esset.
3387 1928 3610 1968 eumes-

2021 2023 2130 2078 que
2165 2007 2438 2078 principes
2467 2008 2808 2071 advucasset,
2843 2006 2916 2060 ita
2949 2006 3104 2062 urbis
3135 2005 3396 2076 primates
3468 2006 3610 2060 allo~

2022 2109 2185 2156 cutus
2215 2108 2300 2155 est
2335 2116 2348 2152 :
2381 2100 2495 2171 Ego
2531 2097 2777 2170 quidem,
2837 2099 3043 2153 domini
3107 2099 3234 2162 mei,
3270 2097 3447 2154 oliieio
3487 2114 3612 2154 meo

2023 2191 2318 2247 defunctus
2345 2207 2492 2256 sum,
2539 2199 2594 2247 et
2624 2206 2748 2261 quae
2819 2191 3113 2262 signiﬁcari
3148 2191 3301 2246 vobis
3330 2190 3613 2246 Romano-

2023 2298 2146 2339 rum
2202 2284 2506 2354 imperator
2547 2283 2718 2354 jussit
2761 2282 3076 2338 nuntiabo:
3122 2291 3177 2336 at
3221 2283 3466 2338 obtestor
3511 2298 3608 2339 vos

2024 2391 2120 2448 per
2143 2373 2338 2432 Filium
2373 2375 2491 2440 Dei,
2520 2374 2786 2444 urbisque
2843 2383 3040 2429 vestra:
3079 2375 3366 2440 universae,
3399 2383 3452 2430 et
3492 2376 3612 2430 aui-

2024 2481 2238 2521 marum
2263 2473 2570 2522 vestrarum
2598 2465 2852 2528 salutem,
2887 2465 2963 2518 uti
2993 2480 3089 2532 pro
3121 2480 3204 2520 me
3239 2464 3601 2520 benefaeiatis

2024 2558 2221 2614 liberis
2253 2558 2412 2620 meis,
2449 2565 2504 2612 et
2545 2573 2666 2627 quae
2695 2572 2780 2611 me
2812 2556 3072 2625 amplecti
3112 2565 3299 2626 sperat
3325 2556 3543 2627 conjugi
3579 2574 3595 2610 :

2026 2647 2494 2719 quemadmodum
2518 2647 2664 2703 enim
2716 2646 2824 2702 illis
2874 2645 3140 2710 feceritis,
3179 2648 3252 2700 ita
3290 2662 3317 2700 a
3345 2647 3499 2717 justo
3551 2659 3606 2700 et

2022 2738 2292 2794 bonorum
2352 2747 2768 2792 remuneratore
2818 2735 2950 2802 Deo,
3004 2737 3095 2805 qui
3130 2736 3480 2807 iudicaturus
3521 2749 3607 2792 est

2022 2834 2178 2890 vivos
2208 2840 2263 2889 et
2294 2841 2562 2898 mortuos,
2599 2831 2905 2886 mercedem
2957 2829 3252 2900 recipietis.
3283 2827 3348 2881 Et
3378 2829 3492 2884 ltazc
3521 2831 3601 2881 lo-

2023 2935 2188 2982 cutus
2219 2926 2406 2980 animo
2445 2926 2569 2980 illos
2601 2925 2745 2980 bono
2775 2939 2898 2980 esse
2943 2923 3131 2992 jussit,
3167 2922 3462 2991 inquiens:
3492 2922 3606 2992 Ego

2024 3017 2274 3090 profecto
2313 3019 2378 3074 de
2411 3018 2520 3073 vita
2585 3017 2890 3088 periclitor,
2933 3027 2986 3071 et
3016 3031 3047 3070 a
3095 3013 3340 3070 Soldauo
3393 3014 3603 3068 interfi-

323 3125 417 3169 τας
465 3108 598 3168 τοὺς
656 3107 930 3176 ἄρχοντας
993 3104 1541 3176 προσκαλεσαμένου,
1595 3100 1718 3158 εἷπε
1777 3105 1916 3176 πρὸς

2025 3113 2140 3170 ciar
2167 3128 2182 3166 :
2212 3127 2312 3168 vos
2337 3121 2524 3166 autem
2555 3111 2792 3168 resistite
2817 3111 3052 3175 fortiter,
3079 3125 3254 3180 neque
3275 3110 3478 3172 timete,
3512 3109 3606 3163 sed

327 3202 451 3262 τοὶς
505 3199 939 3262 ἑξουσιὰσαντας
994 3195 1088 3249 τοῦ
1149 3195 1394 3249 τοιούτου
1451 3197 1722 3269 κάστρουο
1781 3196 1925 3266 Ἐγὼ

334 3289 652 3362 μὲν,κύριοί
684 3306 816 3358 μου,
838 3290 935 3358 τὴν
974 3287 1252 3343 διακονίαν
1283 3305 1384 3359 μου
1419 3289 1796 3361 ἐξεπλήρωσα,
1828 3290 1924 3342 καὶ

334 3389 397 3434 τὰ
443 3383 595 3453 παρὰ
627 3380 726 3434 τοῦ
783 3381 1048 3450 βασιλέως
1099 3365 1390 3451 Ῥωμαίων
1424 3380 1740 3451 δηλωθέντα
1791 3381 1923 3452 ὑμῖν

343 3475 663 3543 ὸπαγγελῶ·
719 3473 861 3544 πλὴν
917 3474 1122 3543 ὁρκίζω
1167 3473 1313 3542 ὑμᾶς
1364 3474 1443 3536 είς
1499 3471 1590 3525 τὸν
1648 3473 1776 3526 Υἱὸν
1823 3465 1920 3527 τοῦ

351 3569 470 3620 θεοῦ
497 3574 592 3623 καὶ
615 3570 698 3633 είς
730 3565 829 3638 τὴν
862 3566 1138 3639 σωτηρίαν
1170 3565 1374 3630 παντὸς
1408 3563 1501 3619 τοῦ
1537 3565 1800 3637 κάστρου,
1829 3565 1924 3619 καὶ

355 3662 520 3716 αὑτῶν
566 3663 672 3716 τῶν
731 3661 924 3732 ψυχῶν
958 3660 1134 3731 ὑμῶν,
1186 3661 1273 3716 ἵνα
1307 3661 1430 3714 ἀντὶ
1465 3658 1599 3728 ἐμοῦ
1631 3661 1923 3733 εὐεργετη-

359 3771 480 3823 σητε
506 3755 569 3808 τὰ
621 3756 782 3809 τέκνα
835 3771 961 3824 μου,
998 3753 1092 3808 καὶ
1114 3753 1212 3826 τὴν
1245 3750 1574 3817 ἐλπίζουσαν
1627 3753 1922 3806 ἀπολαϐεῖν

352 3864 420 3915 με
449 3847 663 3917 σύμϐιον
709 3867 816 3918 μου
845 3865 859 3880 ·
917 3848 994 3911 ὡς
1042 3846 1151 3916 γὰρ
1200 3847 1466 3916 ποιήσητε
1521 3845 1660 3914 μετὰ
1711 3843 1917 3910 αὐτῶν,

343 3941 484 4008 παρὰ
519 3941 616 3995 τοῦ
667 3940 883 3995 δικαίου
915 3941 1010 3994 καὶ
1046 3940 1445 4010 μισθαποδότου
1498 3937 1706 4008 ἀγαθοῦ
1753 3934 1915 4002 Θεοῦ,

330 4033 618 4100 μέλλοντος
665 4035 851 4104 κρῖναι
903 4033 1113 4098 ζῶντας
1159 4034 1253 4087 καὶ
1311 4033 1560 4104 νεκροὺς,
1585 4032 1678 4084 τὴν
1724 4028 1916 4101 μισθὸν

327 4127 701 4198 ἀπολήψεσθε.
731 4128 838 4181 Καὶ
864 4126 1040 4181 ταῦτα
1062 4125 1234 4181 εἰπὼν
1267 4125 1688 4196 παρεθάρρυνεν
1719 4123 1917 4185 αὑτοὺς

325 4219 497 4287 λέγων
517 4237 533 4251 ο
584 4220 732 4288 Ἐγὼ
762 4221 862 4289 μὲν
890 4219 1000 4274 ἀπὸ
1039 4219 1135 4273 τοῦ
1165 4219 1424 4272 Σολδανοῦ
1464 4216 1794 4288 ἀπολοῦμαι,
1823 4216 1918 4268 καὶ

2028 3215 2346 3279 exspectate
2373 3207 2684 3277 paulisper;
2720 3215 2838 3276 post
2873 3221 3076 3276 paucos
3099 3204 3302 3274 quippe
3330 3203 3448 3258 dies
3482 3203 3610 3256 ade-

2023 3311 2154 3355 runt
2223 3299 2430 3354 auxilia
2497 3301 2566 3353 ab
2623 3299 2952 3367 imperatore
3021 3296 3397 3351 Romanorum
3447 3296 3611 3349 vobis

2023 3388 2211 3444 missa.
2247 3389 2486 3459 Legatus
2517 3403 2645 3442 vero
2679 3404 2803 3443 cum
2830 3387 2945 3442 brec
2977 3388 3142 3441 verba
3165 3386 3609 3456 pronuntiasset,

2023 3479 2249 3535 Soldani
2307 3480 2512 3536 milites
2543 3481 2636 3549 qui
2670 3496 2794 3535 eum
2833 3478 3196 3545 deduxerant,
3237 3478 3446 3532 auditis
3485 3493 3609 3546 quo

2019 3583 2220 3642 prazter
2237 3572 2705 3641 exspectationem
2736 3572 2954 3627 locutus
2984 3577 3123 3634 erat,
3155 3569 3413 3622 dentibus
3439 3583 3607 3636 super

2019 3681 2144 3720 eum
2169 3662 2498 3727 stridebant,
2531 3676 2595 3715 ac
2626 3673 3015 3731 procurrentes
3038 3658 3292 3713 certatim
3319 3659 3496 3726 ipsmn
3517 3659 3605 3712 in-

2021 3754 2317 3809 terﬁciunt.
2343 3751 2420 3806 Eo
2444 3761 2626 3806 autem
2667 3750 2873 3809 occiso.
2903 3747 3176 3804 Soldanus
3203 3748 3603 3803 validissimum

2030 3844 2382 3917 imperatoris
2417 3843 2720 3898 exercitum
2757 3841 2850 3912 qui
2883 3841 3213 3897 adventabat
3249 3849 3502 3894 metuens
3534 3840 3602 3893 ad

2019 3951 2119 3992 sua
2152 3935 2479 4006 regreditur.
2541 3934 2610 3988 Et
2661 3949 2727 3988 ex
2763 3934 2856 3988 illo
2911 3942 3153 4004 tempore
3183 3934 3236 3986 iu
3273 3933 3600 3986 hodiernum

2027 4046 2200 4100 usque
2227 4029 2371 4084 diem
2395 4028 2640 4098 Capuani
2673 4043 2736 4082 ac
2767 4027 3139 4083 Beneventani
3191 4026 3296 4081 sub
3329 4033 3603 4096 potestate

2029 4120 2261 4175 Romani
2312 4120 2663 4190 imperatoris
2695 4119 2922 4190 degunt,
2978 4119 3215 4190 ipsique,
3269 4117 3601 4188 propterin-

2027 4229 2160 4284 gens
2189 4213 2294 4268 hoc
2333 4212 2386 4267 in
2410 4213 2534 4268 illos
2557 4212 2816 4267 collatum
2852 4212 3198 4276 beneficium,
3230 4211 3390 4281 plene
3417 4210 3602 4278 sulrje-
3685 4249 3688 4252 .

320 4311 447 4379 περὶ
501 4309 606 4380 τὴν
653 4309 801 4380 ζωὴν
849 4310 1183 4364 κινδυνεύωτ
1223 4311 1382 4378 ὑμεῖς
1423 4309 1482 4362 δὲ
1513 4309 1678 4379 στῆτε
1711 4307 1918 4379 ἑδραῖοι

2025 4306 2096 4360 eti
2125 4307 2394 4360 serviunt.

319 4404 408 4455 καὶ
447 4402 530 4474 μὴ
559 4402 1003 4474 δειλανδρήσητε,
1048 4402 1162 4456 ἀλλ’
1191 4403 1520 4473 ὑπομείνατε
1563 4401 1784 4472 μικρὸν,
1818 4399 1913 4453 καὶ
1950 4400 2030 4462 είς
2057 4397 2240 4466 ὀλίγον
2287 4397 2513 4468 ἡμερῶν
2548 4396 2743 4467 φθάσει
2779 4395 2811 4465 ἡ
2877 4392 3245 4450 ἀποσταλεῖσα
3315 4391 3444 4460 ὑμῖν
3491 4404 3600 4440 σω-

315 4496 489 4568 τηρία
531 4493 691 4564 παρὰ
723 4494 818 4548 τοῦ
862 4494 1130 4564 βασιλέως
1167 4495 1476 4564 Ῥωμαίων.
1513 4493 1700 4547 Ταῦτα
1724 4493 1780 4546 δὲ
1821 4492 1984 4546 αὑτοῦ
2009 4491 2278 4555 εἰπόντος,
2315 4491 2365 4543 οί
2392 4490 2718 4560 κατέχοντες
2778 4487 2942 4540 αὑτὸν
2977 4487 3167 4539 οἰκεῖοι
3237 4482 3332 4536 τοῦ
3398 4481 3597 4535 Συλδα-

314 4592 402 4645 νοῦ
471 4588 634 4658 παρὰ
689 4583 1020 4656 προσδοκίαν
1071 4585 1140 4638 τὰ
1213 4584 1342 4654 παρ’
1398 4583 1564 4637 αὑτοῦ
1613 4581 1918 4652 λαληθέντα
1955 4581 2310 4644 ἀκούσαντες,
2360 4579 2595 4651 ἐϐρυξαν
2645 4579 2731 4631 ἐπ’
2775 4578 2939 4631 αὑτὸν
3017 4577 3142 4638 τοὺς
3215 4575 3456 4639 ὀδόντας,
3507 4576 3600 4628 καὶ

313 4683 389 4750 εἷς
421 4685 532 4738 τοῦ
567 4681 762 4753 ἐτέρου
793 4681 1146 4752 προέτρεχον,
1173 4680 1256 4743 τίς
1297 4680 1405 4751 ἄρα
1468 4679 1568 4749 τῆς
1612 4678 1781 4732 αὑτοῦ
1855 4677 2072 4747 σφαγῆς
2122 4677 2330 4745 γένειεν
2380 4673 2680 4742 αὐτουργός
2731 4672 2866 4744 (l9).
2945 4669 3051 4724 Τοῦ
3101 4670 3157 4724 δὲ
3239 4667 3369 4735 παρ’
3419 4666 3601 4720 αὐτῶν

309 4773 731 4846 ἀναιρεθέντος,
766 4771 1074 4842 πτοηθεὶςὸ
1103 4771 1360 4835 Σολδσνὸς
1382 4773 1482 4841 τὴν
1543 4772 1636 4825 τοῦ
1713 4769 1980 4841 βασιλέως
2016 4770 2322 4841 ἐρχομένην
2373 4766 2715 4832 δυναστείαν,
2777 4763 3118 4836 ὑπέστρεψεν
3172 4763 3253 4825 είς
3309 4761 3407 4831 τὴν
3463 4761 3600 4813 ίδίαν

310 4874 532 4944 χώραν,
571 4871 685 4924 Καὶ
733 4870 918 4923 ἔκτοτε
950 4871 1044 4922 καὶ
1101 4871 1263 4940 μέχρι
1297 4868 1391 4922 τοῦ
1444 4868 1538 4921 νῦν
1580 4868 1676 4921 καὶ
1725 4869 1774 4920 oi
1813 4869 1912 4938 τῆς
1953 4866 2190 4936 Καπύης
2230 4866 2324 4918 καὶ
2367 4865 2417 4918 οἱ
2449 4866 2547 4934 τῆς
2587 4859 2908 4916 Βενεϐενδοῦ
2941 4859 3080 4913 εἰσὶν
3111 4858 3216 4911 ὑπὸ
3287 4858 3386 4928 τὴν
3445 4856 3599 4922 ἐξου-

314 4966 442 5019 σέαν
478 4963 594 5015 τῶν
629 4959 918 5031 Ῥωμαίων
940 4959 1018 5023 εἰς
1047 4958 1263 5012 τελείαν
1287 4957 1547 5011 δούλωσιν
1578 4954 1671 5010 καὶ
1708 4957 2012 5027 ὑποταγὴν,
2042 4955 2130 5008 διὰ
2154 4955 2252 5025 τὴν
2297 4957 2379 5018 εἰς
2419 4954 2617 5016 αὐτοὺς
2693 4951 2998 5022 γενομένην
3071 4947 3316 5019 μεγάλην
3379 4947 3587 5020 ταύτην

310 5065 398 5116 εὑε
411 5056 678 5132 ργεσίαν.

382 5161 530 5214 Ὀτι
561 5153 624 5206 τὺ
647 5151 884 5220 κάστρον
908 5148 1004 5202 τοῦ
1038 5147 1322 5204 Ῥαουσίου
1349 5149 1412 5203 οὑ
1443 5147 1691 5202 καλεῖται
1725 5147 1915 5202 Ῥαού-

311 5270 378 5323 ση
412 5253 494 5319 τῇ
543 5243 834 5313 Ῥωμαίων
884 5239 1174 5310 διαλέκτῳ,
1222 5239 1336 5292 ἀλλ’
1387 5240 1511 5293 ἐπεὶ
1564 5238 1751 5292 ἐπάνω
1803 5238 1913 5292 τῶν

310 5339 595 5413 κρημνῶν
646 5336 886 5396 ἵσταται,
941 5331 1161 5399 λέγεται
1220 5331 1522 5402 Ῥωμαϊστὶ
1572 5331 1601 5383 ὁ
1643 5329 1910 5401 κρημνὸς,

314 5433 456 5491 iaci}
497 5431 612 5504 (20)
638 5446 653 5461 ·
690 5424 1002 5498 ἐκλήθησαν
1031 5423 1172 5477 δὲέκ
1204 5423 1395 5479 τούτου
1430 5426 1712 5488 Δαυσαῖοι,
1748 5424 1914 5495 ἤγουν

2097 5141 2240 5197 Urbs
2269 5139 2538 5195 Rausium
2577 5151 2688 5192 non
2735 5135 3044 5206 appellatur
3095 5131 3359 5188 Rausium
3410 5127 3598 5184 Grmca

2023 5234 2232 5304 lingua,
2266 5231 2359 5288 sed
2394 5231 2524 5301 quia
2579 5230 2636 5284 in
2683 5229 2820 5283 locis
2877 5226 3172 5298 praeruptis
3223 5223 3404 5295 posita
3469 5229 3596 5285 est,

2019 5325 2387 5399 praecipitium
2416 5323 2608 5379 Graece
2632 5331 2861 5376 vocatur
2889 5318 3028 5382 Λαῦ,
3054 5318 3195 5372 unde
3225 5313 3597 5368 inhabitantes

2024 5418 2328 5489 mmeupati
2355 5425 2487 5472 sunt
2527 5414 2758 5478 Lausaei,
2794 5413 2848 5469 id
2881 5420 2989 5476 est,
3043 5408 3405 5483 praecipitium
3463 5403 3598 5459 insi-

1454 5537 1755 5595 ANSELMI
1798 5533 2120 5592 BANDURII
2162 5532 2402 5589 ΝΟἸἾΕ.

545 5641 645 5724 _Sic
681 5659 746 5698 ex
782 5640 1132 5724 ms:_eodice’.
1198 5706 1220 5724 ν
1343 5706 1435 5724 Α
1478 5701 1637 5724 “3
1697 5699 1869 5724 mu“:

397 5706 510 5787 ζιθ)
545 5713 604 5787 Ιιι
637 5730 741 5769 ms.
786 5714 1027 5787 legitur,
1070 5708 1153 5773 τίς
1190 5706 1298 5778 ἄρα
1337 5706 1437 5776 τῆς
1472 5706 1640 5757 αὑτοῦ
1693 5706 1908 5770 σφαγῆς

324 5785 511 5856 γέγονε
546 5785 876 5859 αὐτουργός.

2091 5628 2203 5697 (20)
2239 5625 2341 5697 Sic
2369 5623 2602 5697 habetur
2631 5632 2686 5697 e_t
2718 5612 3271 5697 in-mss._:At_Gr-,e'eis
3299 5609 3592 5697 λᾶαξτ-τοῦ

2017 5679 2220 5759 λάἆὸς’,
2263 5679 2345 5750 vel
2391 5693 2548 5758 λᾶας,
2594 5689 2688 5745 τοῦ
2736 5691 2890 5751 λάου,
2926 5685 3127 5740 dicitur
3175 5679 3597 5759 Lapis.__Nef|ue

2019 5746 2570 5826 ξδίίι-ἶιίὺένίὶαιιεὶιίῆ
2595 5802 2610 5829 ,
2637 5760 2781 5832 quod
2812 5746 3014 5814 inloco
3046 5746 3317 5826 pta-rupto
3345 5749 3449 5806 sita
3472 5746 3596 5801 fue-
