4108 6424
360 252 476 316 273

1450 262 1547 323 DE
1573 260 1729 322 ΑΒΜ
1742 262 2202 324 INISTRANDO
2241 265 2589 327 ῙΜΡΕΗΙΟ.

3526 271 3635 335 274

376 360 649 433 ’Δσάρων
673 377 693 392 ⁸
722 361 776 414 οι
824 362 933 435 γάρ
971 364 1224 438 Ἀϐάρεις
1277 365 1488 421 ἐκεῖθεν
1532 368 1627 421 τοῦ
1674 366 1959 421 Λανουϐίου

2073 371 2342 438 viderent,
2369 372 2624 443 trajicere
2669 371 2791 429 illis
2831 371 3127 444 aliquando
3165 375 3345 433 visum
3403 377 3550 444 fuit,
3580 392 3640 436 et

364 453 631 525 ποταμοῦ
661 455 761 520 τὰς
790 455 1082 525 διατριϐὰς
1133 458 1441 526 ἐποιοῦντο,
1471 458 1603 515 ἔνθα
1645 461 1846 531 ἀρτίως
1880 461 1960 514 εί-

2068 463 2403 532 investigarc
2442 461 2668 531 quinam
2704 460 2782 517 ibi
2806 461 3092 533 degerent.
3125 464 3263 520 Cum
3301 467 3488 538 itaque
3523 477 3638 524 tra-

364 545 456 597 σὶν
491 543 844 614 οίςτοῦρκοι,
894 546 1101 618 νομάδα
1132 547 1247 617 βίον
1274 549 1474 615 ζῶντες
1514 551 1648 623 (61)·
1697 553 1959 623 Ἀπερχό⁴

2063 554 2348 625 jecissent,
2379 554 2622 609 Abarum
2663 552 2898 610 feminas
2926 562 2981 611 et
3004 570 3208 625 pueros
3238 557 3391 612 solos
3412 559 3641 616 invene-

363 653 529 707 μενοι
564 638 624 692 δὲ
672 638 724 690 ei
766 637 1075 709 Δελματίας
1116 640 1235 694 κατ’
1274 642 1394 706 ἔτος
1440 643 1671 698 ἐὸλεπον
1702 644 1962 710 πολλάκις

359 728 592 782 ἐκεῖθεν
625 729 722 783 τοῦ
753 730 1000 800 ποταμοῦ
1031 731 1100 786 τά
1138 750 1197 786 τε
1246 734 1415 806 κτήνη
1466 735 1561 789 καὶ
1592 736 1718 800 τοὺς
1749 735 1963 809 ἀνθρὼ-

362 835 533 880 mw.
572 820 797 885 Ἐδοεεν
847 817 942 875 οὖν
985 822 1168 887 αὐτοῖς
1215 826 1356 879 κατά
1383 842 1505 879 τινα
1546 827 1739 897 χρόνον
1769 827 1962 882 διαπε-

365 914 542 982 ράσαι
577 913 679 967 καὶ¹
715 915 1032 986 ἐρευνῆσαι,
1058 917 1200 982 τίνες
1234 919 1374 973 εἰσὶν
1393 921 1442 973 οί
1474 921 1653 974 ἐκεῖσε
1683 920 1783 993 τὴν
1826 921 1965 976 δίαι-

362 1022 467 1061 ταν
520 1005 765 1076 ἔχοντες.
825 1008 1172 1078 Περάσαντες
1212 1008 1306 1063 οὖν
1353 1004 1514 1081 εὖρον
1548 1012 1649 1074 τὰς
1701 1014 1964 1080 γυναῖκας

362 1097 479 1151 τῶν
529 1098 786 1168 Ἀδάρων
816 1099 913 1153 καὶ
954 1099 1023 1153 τά
1069 1101 1257 1154 παιδία
1297 1100 1456 1172 μόνα,
1504 1103 1631 1167 τοὺς
1677 1102 1877 1174 ἄνδρας
1905 1103 1964 1159 δὲ

368 1186 470 1241 καὶ
525 1186 631 1258 τὴν
682 1185 1041 1257 ἀκμάζουσαν
1095 1187 1313 1259 ἠλικίαν
1366 1192 1426 1244 ὲν
1474 1191 1747 1264 ταξειδίῳ.
1776 1193 1964 1261 Ἀφνω

369 1269 470 1330 οὖν
486 1274 845 1339 ὶπιπεσόντες
876 1276 1307 1347 ᾐχμαλώτευσαν
1329 1279 1550 1345 αὐτοὺς,
1568 1280 1667 1334 καὶ
1697 1280 1935 1351 ὑπέστρε
1951 1310 1964 1321 -

376 1366 491 1435 ψαν
541 1365 941 1438 ἀταλαιπώρως
964 1408 980 1434 ,
1041 1369 1484 1438 ἀποκομίσαντες
1553 1371 1653 1445 τὴν
1704 1371 1963 1443 τοιαύτην

384 1459 620 1530 spanch
664 1458 742 1523 εις
785 1458 1034 1515 Σαλῶνα.
1086 1460 1175 1525 Ὠς
1207 1456 1301 1516 οὖν
1345 1462 1691 1534 ὑπέστρεψαν
1719 1466 1768 1518 οἱ
1806 1464 1964 1521 Ἀϐά-

395 1565 514 1621 ρεις
530 1551 610 1619 ,ὲκ
635 1549 720 1603 τοῦ
742 1540 1036 1617 ταξειδίου,
1088 1551 1180 1606 καὶ
1208 1552 1268 1606 τὸ
1294 1554 1585 1625 γενόμενον
1616 1555 1710 1625 ἀφ’
1735 1548 1810 1610 ὧν
1832 1555 1963 1610 ἔπαι

402 1641 503 1693 θον
536 1638 733 1711 Em,
785 1641 1170 1715 ἐταράχθησαν
1207 1644 1327 1715 μὲν,
1380 1646 1609 1716 ἠγνόουν
1661 1646 1721 1700 δὲ
1766 1649 1963 1703 ὁπόθεν

407 1730 580 1793 αὐτοῖς
621 1731 655 1802 ἡ
692 1730 917 1802 τοιαύτη
968 1733 1154 1807 πληγὴ
1199 1736 1596 1806 προσεγένετο·
1648 1737 1829 1804 ἔδοξεν
1865 1735 1962 1796 οὖν

392 1822 570 1885 αὐτοῖς
610 1824 994 1894 παραφυλάξαι
1033 1825 1127 1881 τὸν
1160 1828 1372 1899 καιρὸν,
1414 1829 1509 1883 καὶ
1543 1829 1736 1900 μαθεῖν
1769 1830 1831 1885 τὺ
1852 1833 1961 1886 πᾶν

382 1911 650 1977 ἑξαῦτοῦ.
700 1914 855 1969 Ἐπεὶ
901 1911 995 1973 οὖν
1030 1917 1175 1973 κατὰ
1203 1917 1265 1972 τὸ
1311 1919 1545 1991 σύνηθες
1587 1916 1746 1986 αὖθις
1778 1921 1829 1976 οί
1861 1940 1959 1976 τας

376 2002 575 2070 suam
629 2005 1018 2079 ἀπεστάλησαν
1074 2007 1187 2063 ἀπὸ
1237 2008 1505 2079 Σαλῶνος,
1556 2007 1700 2084 ἦσαν
1748 2013 1805 2068 δὲ
1856 2016 1960 2069 οὐκ

374 2095 577 2152 ἐκεῖνοι
608 2095 730 2150 ἀλλ’
773 2098 972 2169 ἕτεροι,
1007 2097 1182 2155 ταῦτα
1237 2101 1467 2167 ἐκείνοις
1504 2105 1600 2158 καὶ
1640 2097 1789 2160 οὗτοι
1818 2107 1959 2161 κατὰ

369 2185 572 2256 βουλάς
613 2188 822 2244 ἔθεντο.
852 2192 1196 2263 Διεπέρασαν
1238 2190 1334 2248 οὖν
1378 2196 1501 2248 κατ’
1531 2195 1712 2249 αὐτῶν
1737 2212 1753 2229 ο
1800 2196 1959 2250 ἐντυ-

369 2279 558 2351 χόντες
580 2281 646 2335 δὲ
672 2282 857 2346 αὐτοῖς
881 2284 1245 2355 συνηγμένοις
1281 2284 1443 2357 ὁμοῦ,
1477 2285 1577 2356 οὐχ
1602 2285 1678 2350 ὡς
1706 2286 1769 2340 τὸ
1818 2288 1956 2358 πρό-

368 2389 527 2443 τερον
569 2373 1056 2444 ἐσκορπισμένοις,
1105 2376 1167 2430 οὐ
1223 2377 1385 2445 μόνον
1438 2376 1593 2432 οὐδὲν
1629 2378 1733 2432 οὐκ
1772 2379 1958 2451 ἐποίη-

368 2480 471 2519 σιν
508 2464 657 2537 (62),
704 2465 846 2520 ἀλλὰ
882 2466 978 2520 καὶ
1007 2466 1078 2520 τά
1122 2466 1342 2522 πάντων
1400 2467 1682 2523 δεινότατα
1730 2467 1955 2525 ἔπαθον.

367 2556 433 2610 οι
459 2557 565 2627 μιν
592 2556 708 2628 γάρ
739 2556 921 2611 αὐτῶν
948 2557 1270 2628 ἐσφάγησαν
1294 2574 1308 2589 ο
1346 2558 1397 2611 oi
1430 2558 1489 2612 δὲ
1532 2558 1707 2614 λοιποὶ
1739 2559 1959 2633 ἐχειρώ-

368 2650 548 2723 θησαν
582 2652 814 2717 ζῶντες,
862 2653 957 2706 καὶ
994 2650 1168 2715 οὐδεὶς
1206 2651 1432 2707 ἐκείνων
1462 2652 1572 2706 τῶν
1622 2654 1823 2725 χειρῶν
1869 2653 1957 2721 ἐξ·

367 2741 601 2811 όφυγσν.
641 2740 1027 2807 Ἔξετάσαντες
1058 2740 1114 2794 δὲ
1139 2740 1337 2805 αὐτοὺς
1363 2740 1506 2805 τίνες
1535 2742 1629 2797 καὶ
1656 2742 1782 2796 ὅθεν
1826 2745 1955 2810 εἰσὶ,

371 2833 466 2889 καὶ
500 2833 889 2905 ἀναμαθόντες
926 2834 1011 2887 ὅτι
1061 2833 1121 2899 ἐξ
1154 2833 1334 2888 αὐτῶν
1364 2833 1567 2888 ἔπαθον
1595 2835 1693 2906 τὴν
1728 2835 1954 2908 είρημὲ-

367 2946 468 2998 νην
502 2927 760 2998 πληγήνο
792 2925 875 2980 ἔτι
907 2925 965 2980 δὲ
1011 2926 1105 2979 καὶ
1130 2927 1258 2997 περὶ
1295 2927 1397 2998 τῆς
1424 2927 1715 2999 ποιότητος
1740 2927 1835 2982 τοῦ
1862 2928 1953 2983 τό·

370 3037 476 3074 που
505 3019 698 3074 αὐτῶν
745 3019 1163 3090 ἐρευνήσαντες,
1213 3020 1308 3073 καὶ
1361 3019 1486 3074 ὅσον
1520 3018 1579 3086 ἐξ
1619 3018 1791 3089 ἀκοῆς
1827 3020 1950 3091 ὲραο
1985 3060 2028 3119 c

372 3112 616 3177 ιθέντες,
648 3111 965 3182 ἐκράτησαν
1005 3106 1132 3175 τοὺς
1182 3110 1391 3175 ζῶντας
1433 3111 1688 3183 δεσμίους
1732 3112 1828 3165 καὶ
1872 3113 1958 3165 ὲν-

372 3204 637 3260 ιδὺσαντο
666 3204 737 3257 τά
770 3203 962 3274 ἱμάτια
985 3202 1164 3258 αὐτῶν
1203 3202 1348 3257 καθά
1368 3204 1591 3271 ἐκεῖνοι,
1622 3202 1719 3258 καὶ
1742 3203 1806 3274 δὴ
1831 3203 1960 3268 τοὺς

377 3297 576 3362 ἵππους
634 3296 962 3361 ἀναϐάντες,
1002 3295 1096 3349 ἐπὶ
1128 3298 1314 3367 χεῖρας
1343 3296 1415 3350 τά
1451 3313 1512 3348 τε
1542 3294 1830 3366 φλάμουλα
1862 3296 1959 3350 καὶ

382 3390 449 3444 τά
468 3389 632 3443 λοιπὰ
662 3391 887 3461 σημεῖα,
914 3388 952 3443 ά
985 3388 1314 3459 ἐπεφέροντο
1365 3388 1481 3459 μετ’
1510 3387 1712 3454 αὐτῶν,
1736 3389 1959 3460 ἀπῆραν

390 3483 576 3544 πάντες
602 3481 938 3552 φοσατικῶς,
971 3480 1064 3534 καὶ
1103 3479 1244 3533 κατά
1270 3480 1370 3551 τῆς
1393 3479 1640 3544 Σαλῶνος
1666 3479 1954 3552 ὥρμησαν.

405 3569 490 3635 Ὦς
512 3569 609 3626 οὖν
634 3574 729 3629 καὶ
750 3573 845 3626 τὸν
885 3570 1080 3640 καιρὸν
1108 3568 1312 3639 ἔμαθον
1355 3569 1693 3640 ζητήσαντες
1735 3568 1858 3623 καθ’
1898 3569 1959 3623 ὃν

402 3662 453 3714 οἱ
480 3663 728 3728 ταξιῶται
784 3663 851 3714 ὲκ
880 3660 975 3715 τοῦ
1002 3658 1297 3713 Λανουϐίου
1336 3659 1677 3730 ὑπέστρεφον
1699 3655 1789 3731 (ἦν
1810 3659 1868 3712 δὲ
1896 3659 1960 3712 τὺ

410 3753 545 3821 μέγα
574 3754 658 3809 καὶ
690 3754 852 3821 ἆγιον
892 3751 1213 3816 Σάϐϐατόν),
1243 3745 1409 3822 ἦλθον
1437 3752 1532 3806 καὶ
1560 3749 1703 3804 κατὰ
1730 3750 1829 3821 τὴν
1856 3749 1957 3804 αὐ-

402 3843 495 3913 τὴν
525 3844 749 3916 ἡμέραν.
788 3842 900 3897 Καὶ
937 3842 999 3896 τὸ
1029 3841 1127 3912 μὲν
1159 3841 1361 3912 πλῆθος
1397 3843 1487 3896 ὅτε
1522 3840 1695 3913 δήπου
1730 3841 1958 3913 πλησίον

386 3935 627 4004 ἐγένοντο
670 3934 770 3988 τοῦ
828 3932 1105 4002 φοσσάτου
1136 3931 1462 4004 ἁπεκρύϐη·
1526 3931 1689 4003 μέχρι
1732 3931 1791 3986 δὲ
1849 3932 1957 3986 τῶν

376 4027 583 4098 χιλίων,
616 4027 814 4089 οἵτινες
864 4024 992 4089 τούς
1024 4041 1084 4078 τε
1118 4024 1320 4087 ἵππους
1368 4024 1466 4078 καὶ
1514 4023 1614 4087 τὰς
1654 4023 1850 4088 στολάς
1876 4025 1959 4090 είς

369 4120 593 4190 ἀπάτην
665 4115 965 4185 ἐκέκτηντο
1030 4112 1139 4167 τῶν
1213 4113 1597 4184 Δελματινῶν,
1663 4115 1953 4184 ἐξήλασαν.

378 4207 893 4279 ’Δνατνωρίσαντες
935 4204 992 4258 δὲ
1035 4204 1088 4257 οἱ
1146 4203 1240 4258 τοῦ
1279 4203 1518 4274 κάστρου
1550 4204 1621 4258 τά
1659 4222 1721 4257 τε
1754 4207 1957 4277 σημεῖα

364 4305 460 4358 καὶ
507 4303 614 4372 τὴν
641 4299 915 4371 ἀμφίασιν
966 4296 1169 4363 αὐτῶν,
1201 4295 1339 4350 ἀλλὰ
1385 4296 1479 4350 καὶ
1514 4296 1611 4367 τὴν
1636 4297 1854 4368 ἡμέραν
1882 4298 1959 4362 ὡς

2067 656 2215 711 runt,
2250 646 2387 701 viris
2407 657 2462 701 et
2488 644 2788 714 juvenibus
2817 645 3327 716 adexpeditionetn
3385 650 3637 707 bellicam

2064 733 2329 805 profectis
2356 749 2372 800 ;
2404 735 2548 789 unde
2568 733 2755 809 subito
2784 733 3106 803 ingruentes
3127 750 3320 792 omnes
3350 751 3643 809 ceperunt,

2065 825 2325 896 nulloque
2345 831 2574 895 accepto
2599 823 2799 880 damno
2818 826 3028 882 reversi
3047 828 3522 896 sunt,,praeda.hac
3551 829 3645 884 Βλ-

2064 914 2249 970 lonam
2295 914 2553 970 abducta.
2588 914 2796 972 Abares
2834 924 3018 971 autem
3059 932 3129 972 ex
3178 917 3372 974 bellica
3421 920 3644 989 expedi-

2065 1007 2216 1062 tione
2243 1006 2449 1063 reversi
2476 1021 2537 1061 re
2566 1006 2785 1077 cognita
2811 1008 3152 1063 consternati
3185 1008 3407 1079 quidem
3444 1020 3637 1076 erant;

2064 1105 2120 1151 at
2143 1095 2290 1153 unde
2326 1097 2528 1152 vulnus
2560 1096 2666 1153 hoc
2717 1097 2856 1168 ipsis
2888 1098 3156 1153 inuictum
3189 1108 3359 1165 esset,
3418 1101 3642 1173 ignora-

2065 1187 2218 1256 bant,
2254 1189 2613 1259 quamobrem
2664 1188 3069 1245 observandum
3107 1190 3213 1245 sibi
3263 1199 3483 1262 tempus
3522 1202 3639 1248 sta-

2064 1289 2246 1346 tuunt,
2282 1289 2339 1336 et
2365 1281 2532 1337 ab‘eo
2556 1280 2741 1337 omnia
2783 1280 3070 1337 discenda.
3119 1281 3422 1354 Postquam
3471 1284 3639 1356 igitur

2066 1389 2165 1442 pro
2196 1389 2350 1428 more
2378 1389 2597 1428 rursum
2636 1374 2794 1431 missi
2820 1387 2952 1430 sunt
2976 1374 3177 1430 Salona
3210 1377 3562 1447 praesidiarii,
3587 1389 3640 1435 et

2064 1465 2157 1520 alii
2184 1473 2373 1520 essent
2401 1480 2432 1519 a
2456 1466 2670 1534 primis,
2702 1466 2845 1521 idem
2868 1467 3165 1523 consilium
3218 1475 3273 1522 et
3307 1468 3412 1538 ipsi
3473 1482 3639 1539 cepe-

2061 1563 2215 1621 runt,
2233 1557 2679 1627 trajecet'untque
2701 1566 2898 1613 contra
2919 1557 3151 1612 Abares.
3181 1556 3491 1613 lncidentes
3509 1574 3639 1612 vero

2063 1649 2120 1703 in
2148 1647 2270 1704 illos
2302 1662 2412 1702 non
2443 1662 2692 1718 sparsos,
2726 1655 2782 1702 ttt
2815 1656 2997 1712 antea,
3033 1648 3131 1703 sed
3185 1648 3467 1711 collectos,
3525 1665 3635 1704 non

2066 1739 2246 1796 solum
2309 1739 2447 1793 nihil
2493 1737 2822 1805 eil‘ecerunt,
2875 1739 2970 1794 sed
3018 1739 3266 1793 omnium
3313 1739 3637 1810 gravissima

2065 1831 2216 1902 passi
2270 1839 2441 1898 sunt;
2501 1830 2707 1900 quippe
2754 1831 2951 1901 partim
3028 1830 3178 1897 ausi,
3243 1832 3442 1900 partim
3493 1833 3635 1899 capti

2068 1919 2221 1978 fuere
2247 1939 2263 1989 ;
2310 1937 2489 1992 neque
2514 1923 2809 1992 quisquam
2837 1921 2941 1976 fuit
2974 1920 3068 1991 qui
3091 1936 3122 1976 e
3144 1921 3637 1976 manibusillornm

2065 2014 2345 2071 evaderet.
2388 2015 2700 2071 Percontati
2729 2030 2863 2070 vero
2904 2014 3129 2085 quinam
3161 2021 3216 2068 et
3251 2014 3397 2069 unde
3427 2023 3635 2074 essent,

2063 2106 2483 2176 intellectosque
2510 2107 2580 2162 ab
2622 2105 2755 2176 ipsis
2797 2121 2859 2162 se
2902 2104 3042 2163 mala
3085 2120 3253 2175 supra
3306 2120 3638 2160 commemo-

2064 2205 2184 2253 rata
2209 2212 2502 2269 perpessos
2533 2213 2679 2263 esse,
2719 2198 2944 2266 insuper
2975 2197 3042 2252 de
3092 2196 3199 2252 loci
3249 2197 3515 2267 qualitate
3558 2196 3640 2249 in-

2064 2288 2368 2359 quirentes,
2407 2287 2567 2357 quasi
2605 2302 2672 2343 ex
2703 2286 2892 2342 auditu
2927 2302 3114 2342 amore
3155 2287 3397 2351 accensi,
3434 2287 3487 2340 in
3515 2287 3637 2340 viu-

2065 2378 2211 2435 culis
2276 2393 2374 2434 eos
2428 2386 2762 2444 tenuerunt,
2822 2377 3068 2433 restibus
3127 2393 3318 2433 eorum
3380 2378 3636 2446 sumptis,

2062 2479 2330 2548 equisque
2379 2477 2722 2544 conscensis,
2769 2476 3047 2531 ﬂammula
3095 2485 3150 2531 et
3196 2476 3406 2545 reliqua
3458 2476 3637 2538 signa,

2065 2583 2185 2640 quae
2217 2583 2402 2623 secum
2436 2568 2763 2634 attulerant,
2808 2566 3065 2622 tollentes
3128 2579 3283 2620 more
3338 2565 3637 2628 exercitus,

2068 2662 2325 2716 Salonam
2358 2661 2653 2732 petierunt.
2695 2644 2929 2731 Cognito
2954 2659 3121 2728 igitur
3162 2669 3429 2728 tempore,
3469 2671 3579 2727 quo
3604 2672 3633 2709 a

2065 2752 2314 2809 Danubio
2344 2753 2523 2809 redire
2545 2753 2691 2810 soliti
2736 2760 2895 2808 erant
2925 2750 3274 2823 praesidiarii,
3332 2749 3480 2820 quod
3512 2757 3636 2803 erat

2066 2861 2325 2916 magnum
2365 2845 2693 2909 Sabbatnm,
2727 2845 2891 2900 etiam
2945 2841 3135 2897 eodem
3196 2841 3284 2897 die
3340 2849 3632 2895 venerunt.

2064 2934 2362 2990 Multitudo
2384 2942 2567 2990 autem
2599 2933 2805 2998 omnis,
2833 2949 2959 2988 cum
2994 2931 3116 2987 urbi
3139 2929 3632 3002 appropinquaret,

2065 3042 2189 3085 sese
2214 3027 2553 3092 occultavit;
2588 3027 2739 3083 mille
2766 3040 2923 3092 vero,
2978 3025 3072 3094 qui
3112 3038 3288 3093 equos
3337 3030 3392 3079 et
3450 3030 3633 3076 vestes

2065 3120 2438 3176 Dalmatarum
2463 3125 2840 3189 sumpserant,
2861 3125 2920 3173 ut
2943 3116 3218 3180 fallerent,
3245 3114 3476 3170 ulterius
3513 3128 3633 3183 per.

2061 3221 2343 3269 rexerunl.
2377 3209 2645 3280 Oppidani
2685 3210 2920 3281 cognitis
2950 3209 3125 3280 signis
3161 3208 3298 3270 suis,
3328 3214 3382 3261 ct
3412 3205 3631 3265 vestitu,

2062 3312 2328 3375 praeterea
2387 3302 2497 3369 die,
2544 3317 2656 3372 quo
2706 3303 2889 3356 redire
2945 3302 3080 3371 ipsis
3136 3301 3401 3361 solemne,
3464 3297 3635 3365 portis

2061 3392 2289 3463 apertis,
2355 3390 2746 3461 gratulabuudi
2806 3405 2903 3445 eos
2956 3396 3309 3459 exceperunt.
3378 3386 3454 3440 illi
3503 3399 3634 3439 vero

2062 3486 2248 3539 statim
2271 3498 2335 3539 ac
2363 3484 2684 3544 intrassent,
2711 3488 2901 3553 portas
2917 3489 3213 3551 occupant,
3244 3488 3298 3535 et
3320 3480 3478 3548 signo
3506 3476 3633 3532 reli-

2060 3576 2207 3646 quis,
2223 3576 2388 3645 quiin
2420 3574 2632 3633 insidiis
2654 3574 3312 3639 erant,dato,'accnrrcre
3331 3586 3397 3624 ac
3422 3569 3633 3639 ingredi

2056 3667 2273 3737 jnbcnt.
2307 3658 2710 3721 lnterl‘ecerunt
2743 3665 2930 3733 itaque
2973 3677 3167 3719 omnes
3193 3662 3367 3725 cives,
3397 3672 3450 3715 et
3474 3677 3540 3715 ex
3569 3676 3634 3715 eo

2062 3769 2308 3829 tempore
2361 3756 2688 3811 Dalmatiam
2747 3756 3059 3809 universam
3122 3758 3489 3823 occuparunt,
3545 3764 3634 3805 sev

2061 3852 2293 3921 denique
2325 3850 2438 3906 illic
2470 3865 2626 3905 suam
2667 3849 3038 3915 collocarunt,
3072 3848 3321 3918 exceptis
3358 3844 3635 3916 oppidulis

2061 3944 2196 4000 mari
2225 3943 2626 4014 adiacentibus,
2649 3957 2770 4013 quae
2803 3956 2927 3998 sese
2962 3940 3099 4010 ipsis
3126 3954 3234 3995 non
3266 3936 3636 3999 tradiderunt,

2061 4037 2156 4094 sed
2182 4036 2259 4100 ,in
2318 4037 2692 4092 Romanorum
2773 4043 3045 4106 potestate
3101 4031 3517 4104 permanebant,
3570 4044 3638 4083 en

2061 4128 2209 4199 quod
2257 4127 2367 4199 95
2418 4143 2487 4183 ex
2546 4128 2687 4182 mari
2750 4127 3091 4182 victitarent.
3140 4123 3403 4180 Videntes
3454 4123 3640 4191 itaque

2060 4220 2273 4276 Abares
2298 4202 2725 4291 pulcherrimam
2750 4235 2875 4276 esse
2906 4221 3047 4273 hanc
3078 4225 3305 4282 terram,
3330 4214 3490 4271 sedes
3521 4213 3639 4268 illis

2060 4319 2392 4384 posuerunt.
2453 4310 2713 4367 Chrobati
2760 4325 2893 4367 vero
2946 4317 3075 4364 tunc
3114 4307 3437 4363 habitabant
3494 4304 3637 4358 ultra

360 4400 527 4462 ἔθους
552 4397 709 4460 ὄντος
737 4396 918 4458 αὐτοῖς
944 4393 1038 4447 τοῦ
1067 4392 1430 4463 ὑποστρέφειν
1460 4395 1518 4447 ἐν
1543 4395 1705 4466 αὐτῇ,
1735 4395 1957 4467 ἤνοιξαν

2064 4402 2443 4475 Bagibaream,
2485 4402 2581 4458 ubi
2616 4416 2763 4457 nunc
2795 4408 2925 4456 sunt
2954 4397 3361 4455 Beloehrobati.
3394 4394 3515 4450 Una
3539 4410 3637 4447 an-

354 4490 458 4555 τὰς
499 4490 712 4562 πόρτας
740 4486 875 4557 (65),
906 4486 1003 4540 καὶ
1034 4485 1361 4552 ὑπεδέξαντο
1383 4486 1583 4549 αὐτοὺς
1627 4487 1766 4558 μετὰ
1794 4505 1954 4559 περι-

352 4583 595 4656 χαρζας.
646 4581 876 4632 Ἐκεῖνοι
906 4577 964 4632 δὲ
994 4577 1112 4648 ἅμα
1158 4576 1255 4634 τοῦ
1293 4576 1558 4631 εἰσελθεῖν
1589 4578 1690 4642 τάς
1720 4595 1778 4632 τε
1814 4577 1952 4649 πόρ-

351 4693 459 4739 τας
505 4672 847 4743 ἐκράτησαν,
879 4670 977 4723 καὶ
1024 4669 1191 4740 δήλην
1224 4668 1315 4723 διὰ
1360 4668 1590 4740 σημείου
1621 4669 1724 4741 τὴν
1755 4670 1956 4742 πρᾶξιν

350 4768 433 4838 τῷ
473 4763 743 4835 φοτσάτῳ
774 4760 1138 4832 πεποιηκότες
1165 4759 1580 4831 συνεισδραμείν
1612 4760 1708 4814 καὶ
1738 4777 1956 4815 συνεισ-

349 4859 549 4918 ελθεῖν
595 4852 1038 4928 παρεσκεύασαν.
1087 4851 1452 4920 Κατέσφαξαν
1471 4846 1565 4905 οὖν
1593 4850 1799 4917 πάντας
1830 4854 1959 4918 τοὺς

348 4954 455 5023 τῆς
500 4948 737 5014 πόλεως,
785 4948 883 5001 καὶ
927 4946 1114 5000 ἔκτοτε
1162 4945 1581 5015 κατεκράτησαν
1627 4946 1807 4999 πᾶσαν
1855 4945 1956 5017 τὴν

346 5047 561 5118 χώραν
583 5039 911 5111 Δελματίας,
939 5039 1034 5093 καὶ
1062 5036 1490 5108 κατεσκήνωσαν
1522 5038 1581 5090 ἐν
1603 5037 1763 5109 αὐτῇ.
1796 5036 1951 5091 Μόνα

346 5139 410 5195 δὲ
454 5136 539 5191 τά
589 5133 728 5206 πρὸς
769 5132 1047 5187 θάλασσαν
1104 5130 1355 5202 πολίχνια
1398 5129 1461 5184 οὐ
1504 5130 1813 5184 συνέδωκαν
1853 5130 1954 5184 αὑ-

345 5235 508 5297 τοῖς,
533 5226 675 5285 ἀλλὰ
725 5225 1044 5297 κατείχοντο
1071 5224 1224 5296 παρὰ
1258 5223 1370 5278 τῶν
1407 5221 1718 5294 Ῥωμαίων,
1769 5221 1857 5277 διά
1893 5223 1955 5277 τὸ

2063 4501 2170 4550 tem
2205 4494 2508 4567 generatio,
2573 4507 2771 4564 nempe
2819 4492 3068 4563 quinque
3134 4489 3359 4555 fratres,
3410 4486 3635 4551 Clucas,

2062 4584 2326 4652 Lobelus,
2369 4587 2683 4647 Colentzes.
2727 4585 2963 4652 Muchlo,
3020 4583 3354 4646 Chrobattts,
3408 4580 3639 4650 dumque

2068 4692 2318 4746 sorores,
2347 4678 2498 4750 Tuga
2536 4689 2592 4735 et
2610 4678 2784 4750 Buga,
2814 4694 2920 4733 una
2968 4692 3095 4734 cum
3144 4676 3262 4732 suis
3292 4674 3512 4746 populis
3550 4673 3640 4728 di-

2062 4769 2293 4826 scedens
2317 4770 2555 4841 abipsis
2598 4771 2650 4825 in
2683 4770 3009 4825 Dalmatiam
3059 4768 3234 4835 venit,
3287 4767 3378 4823 tibi
3425 4766 3636 4825 Abarcs

2063 4863 2279 4921 incolas
2312 4865 2680 4929 invenerunt,
2737 4862 2993 4934 belloque
3055 4876 3152 4932 per
3198 4875 3375 4917 annos
3427 4860 3639 4929 aliquot

2059 4954 2209 5011 inter
2256 4970 2354 5012 eos
2405 4966 2562 5026 gesto
2611 4956 2866 5010 vicerunt
2931 4953 3231 5019 Chrobati;
3286 4951 3638 5022 Abarumque

2059 5046 2199 5104 alios
2220 5046 2443 5119 quidem
2479 5047 2902 5113 interfecerunt,
2949 5046 3089 5102 alios
3119 5060 3252 5102 vero
3280 5058 3478 5118 parere
3529 5044 3639 5105 sibi.

2058 5149 2360 5211 coegerunt
2397 5158 2414 5197 :
2444 5149 2609 5213 atque
2638 5156 2704 5197 ex
2745 5140 2837 5198 illo
2858 5147 3105 5212 tempore
3127 5154 3158 5196 a
3178 5139 3473 5196 Chrobatis
3509 5152 3635 5209 ροσε

2060 5246 2216 5289 sessa
2254 5233 2372 5290 hac
2407 5235 2557 5305 regio
2593 5233 2716 5299 fuit,
2764 5240 3007 5306 suntque
3035 5232 3342 5290 etiamnum
3374 5231 3431 5286 in
3458 5228 3637 5286 Chro-

1543 5366 1846 5425 ANSELMI
1876 5368 2203 5431 BANDURII
2236 5374 2467 5434 ΝΟΤιΕ.

434 5491 559 5563 (6i)
592 5489 769 5563 quie
801 5489 951 5563 Unni
982 5505 1079 5563 seu
1120 5486 1386 5563 ﬂungari.
1418 5484 1497 5541 De
1532 5482 1733 5541 Turcis
1762 5492 1946 5540 autem

355 5559 1355 5636 pluribusPorpltyrogenitusinfra.
1397 5628 1411 5636 _
1508 5626 1522 5636 Δ
1576 5601 1585 5609 .

438 5634 555 5702 (62)
592 5632 685 5688 Sic
718 5625 866 5701 πτὼξ
917 5625 1054 5689 οῖίίιὶ
1090 5630 1312 5696 habent,
1360 5628 1420 5683 οὐ
1455 5626 1617 5702 μόνον
1648 5625 1803 5686 οὐδὲν
1850 5626 1951 5681 οὐκ

362 5705 691 5774 ὶκοπεασαν,
718 5712 827 5762 etc.

2135 5492 2250 5563 (65)
2283 5494 2491 5564 Πόρτα.
2527 5508 2728 5564 purum
2764 5490 3249 5564 putnquatinum
3281 5481 3593 5550 est,Porta.
3619 5495 3640 5534 :

2060 5569 2117 5686 ξι
2144 5556 2380 5633 ἰιίιεείιιῖ
2398 5556 2645 5621 occurrit
2677 5556 2823 5635 apud
2868 5562 3175 5633 scriptores
3200 5556 3419 5614 Graecos
3445 5565 3642 5611 recen-

2088 5649 2250 5695 tores.
