4108 6462
454 296 565 360 283

1489 289 1991 355 CONSTANTINI
2022 289 2698 356 PORPIIYROGENITI

3622 298 3721 360 $.81

453 402 838 476 confugissent
885 397 954 456 ad
987 400 1238 457 eumdem
1273 400 1661 469 imperatorem
1698 399 2037 462 lleraclium;

2153 398 2307 452 ϐἀτοι
2358 401 2442 464 είς
2489 399 2581 452 τὸν
2641 397 2867 469 βασιλέα
2899 398 3007 453 τῶν
3073 400 3363 472 Ῥωμαίων
3407 404 3729 476 Ἡράκλειον

455 511 566 566 quo
589 506 833 565 tempore
854 493 1066 549 Abares
1087 492 1260 549 armis
1287 492 1411 548 inde
1436 491 1720 546 Romanos
1735 491 2044 560 eiecerant;

454 603 600 658 quos
643 587 818 641 Roma
872 584 1141 642 adducws
1186 584 1559 639 Diocletianus
1601 583 1899 652 imperator
1935 580 2046 635 illic

458 681 710 735 habitare
743 681 976 743 lecerat,
1013 679 1160 734 unde
1210 686 1266 733 et
1293 676 1525 730 Romani
1560 676 1862 745 nuncupati
1890 682 2044 740 sunt,

455 773 600 842 quod
635 771 806 826 Roma
844 773 1128 827 venientes
1171 773 1334 827 sedes
1358 769 1674 840 posuissent
1731 767 1782 822 in
1816 767 1925 823 illis
1957 783 2044 823 re-

459 862 739 933 gionibus,
787 877 980 930 nempe
1043 859 1342 914 Chrobatia
1395 867 1450 914 et
1502 858 1717 924 Servia,
1761 857 1841 912 uti
1894 871 2043 912 nunc

455 963 750 1008 vocantur.
787 953 969 1008 Pulsis
997 967 1128 1006 vero
1169 951 1436 1008 Romanis
1472 952 1581 1008 illis
1638 952 1707 1007 ab
1744 951 2040 1015 Abaribus,

454 1051 701 1112 tempore
730 1042 975 1111 ejusdem
1004 1041 1377 1096 Romanorum
1407 1043 1757 1112 imperatoris
1783 1041 2038 1110 Heraclii,

452 1134 693 1190 desolata
726 1147 915 1186 eorum
951 1134 1098 1202 regio
1153 1133 1352 1202 jacuil,
1379 1142 1713 1204 quapropter
1741 1135 1902 1204 jussu
1933 1132 2036 1187 Iut-

446 1225 542 1294 jus
617 1225 970 1294 imperatoris
1035 1226 1197 1279 iidem
1259 1225 1522 1280 Chrobali
1575 1225 1744 1279 armis
1805 1225 2041 1296 arreptis

451 1319 660 1373 Ahares
688 1334 757 1373 ex
805 1317 914 1373 illis
968 1317 1105 1374 locis
1159 1318 1508 1389 expulerunt,
1570 1324 1624 1372 et
1682 1317 1739 1371 in
1792 1317 2038 1387 ipsorum

453 1419 620 1475 terra,
652 1425 817 1479 quam
853 1409 1020 1465 etiam
1048 1410 1210 1465 hodie
1242 1417 1456 1473 tenent,
1483 1409 1643 1465 sedes
1673 1410 2038 1464 collocarunt.

450 1502 584 1557 Erat
620 1511 804 1559 autem
830 1503 1126 1558 Chrobatis
1159 1502 1272 1556 illis
1299 1513 1432 1556 tunc
1471 1502 1734 1571 temporis
1781 1502 2038 1571 princeps

449 1595 639 1666 Perga:
691 1605 872 1668 pater,
922 1595 1322 1666 lleracliusque
1377 1597 1676 1664 imperator
1723 1593 1892 1648 Roma
1942 1609 2039 1665 per

447 1687 687 1756 legatum
744 1686 1129 1742 sacerdotibus
1175 1685 1484 1749 accersitis,
1520 1685 1933 1756 constitutoque
1969 1701 2033 1741 ex

2153 492 2467 563 πρόσφυγες
2526 491 2894 562 παρεγένοντο
2960 492 3068 562 πρὸ
3133 493 3230 546 τοῦ
3281 496 3405 559 τοὺς
3461 497 3728 568 Σέρϐλους

2149 585 2487 654 προσφυγεῖν
2520 584 2601 646 είς
2631 583 2726 635 τὸν
2755 581 2920 636 αύτδν
2959 582 3182 651 βασιλέα
3217 583 3559 653 Ἡράκλειον,
3585 590 3737 641 κατὰ·

2145 675 2238 728 τὸν
2277 675 2468 746 καιρὸν
2500 675 2560 728 ὃν
2605 677 2655 728 οἱ
2689 675 2943 746 Ἀϐἀρεις
2976 675 3388 747 πολεμήσαντες
3425 679 3523 732 ἀπ’
3551 678 3732 733 ἐκεῖσε

2145 771 2271 833 τοὺς
2303 769 2617 839 Ῥωμάνους
2666 769 3038 833 ὲναπεὸίωξαν
3061 785 3078 801 ο
3123 769 3218 833 οὓς
3251 770 3280 822 ὁ
3317 769 3569 840 βασιλεὺς
3608 773 3732 826 Διο-

2144 859 2429 930 κλητιανδς
2487 861 2597 914 ἀπὸ
2648 859 2870 931 Ῥώμης
2909 861 3171 930 ἀγαγὼν,
3219 863 3398 915 ἐκεῖσε
3452 865 3735 934 κατεσκή-

2143 968 2306 1018 νωσε,
2337 951 2420 1005 διὸ
2453 952 2548 1004 καὶ
2592 950 2862 1021 Ῥωμάνοι
2893 952 3202 1022 ἐκλήθησαν
3231 951 3319 1005 διὰ
3353 953 3413 1005 τὸ
3443 953 3552 1006 ἀπὸ
3595 953 3735 1006 Ῥώ-

2147 1055 2255 1110 μης
2298 1039 2587 1110 μετοίκους
2638 1041 2839 1104 αὐτοὺς
2891 1041 3148 1110 γενέσθαι
3179 1043 3236 1096 ἐν
3285 1044 3405 1106 ταῖς
3448 1042 3737 1109 τοιαύταις

2142 1129 2369 1202 χώραις,
2401 1131 2570 1202 ἧγουν
2613 1132 2714 1201 τῆς
2754 1132 2852 1186 νῦν
2886 1133 3230 1204 καλουμένης
3262 1133 3587 1201 Χρωϐατίας
3631 1135 3738 1188 καὶ

2143 1223 2429 1292 Σερϐλίας.
2477 1223 2638 1294 Παρὰ
2694 1224 2750 1276 δὲ
2783 1223 2892 1276 τῶν
2934 1223 3186 1295 Ἀϐάρων
3237 1224 3628 1293 ἐκδιωχθέντες
3676 1226 3735 1278 οἱ

2142 1314 2298 1368 αὐτοὶ
2334 1315 2610 1385 Ῥωμάνοι
2641 1315 2700 1368 ὲν
2728 1317 2850 1378 ταῖς
2881 1315 3117 1386 ἡμέραις
3137 1314 3228 1368 τοῦ
3261 1315 3428 1368 αύτοῦ
3460 1315 3739 1385 βασιλέως

2153 1405 2444 1476 Ῥωμαίων
2480 1405 2831 1476 Ἡρακλείου,
2881 1408 2938 1460 αἱ
2971 1406 3178 1460 τούτων
3222 1407 3420 1478 ἔρημοι
3452 1409 3737 1480 καθεστήο

2142 1513 2270 1550 κασι
2318 1497 2515 1568 χῶραι.
2581 1498 2884 1568 Προστάξει
2934 1498 3029 1552 οὖν
3091 1497 3186 1551 τοῦ
3235 1498 3500 1568 βασιλέως
3553 1500 3740 1570 Ἦρα-

2141 1587 2323 1641 κλείου
2375 1588 2452 1660 (2)
2496 1589 2546 1642 οἱ
2599 1590 2758 1643 αὐτοὶ
2813 1591 3102 1662 Χρωϐἀτοι
3143 1592 3733 1662 καταπολεμήσαντες,

2141 1679 2236 1732 καὶ
2294 1678 2403 1732 ἀπὸ
2454 1681 2561 1733 τῶν
2625 1683 2805 1734 ἐκεῖσε
2844 1683 2973 1745 τοὺς
3017 1681 3284 1752 ’Δϐἁρους
3342 1684 3732 1751 ὲκδιώξαντες,

450 1777 588 1844 ipsis
630 1776 1069 1847 archiepiscopo,
1111 1777 1394 1847 episeOpo,
1452 1777 1788 1858 presbyteris
1835 1786 1887 1830 et
1917 1776 2037 1831 dia-

2155 1770 2482 1841 Ἥρακλείου
2521 1771 2614 1827 τοῦ
2644 1773 2912 1844 βασιλέως
2958 1772 3206 1826 κελεύσει
3237 1775 3295 1826 ὲν
3333 1777 3400 1844 τῇ
3433 1777 3568 1846 αὐτῇ
3617 1776 3738 1829 τῶν

449 1870 638 1933 conis,
669 1870 984 1925 Chrobatos
1019 1870 1338 1940 baptizavit.
1372 1868 1438 1923 Et
1465 1881 1593 1924 tunc
1639 1870 1857 1938 quidem
1892 1881 2035 1924 tem-

448 1961 598 2028 poris
658 1959 1064 2016 Chrobatorum
1125 1961 1386 2030 princeps
1439 1967 1557 2014 erat
1608 1959 1803 2030 Perga.
1867 1957 2036 2030 Regio

450 2061 633 2106 autem
663 2053 779 2106 hanc
827 2067 990 2122 quam
1029 2052 1380 2106 incoluerunt
1434 2051 1713 2119 Chrobati,
1760 2051 1829 2106 ab
1878 2052 2035 2106 initio

447 2145 554 2200 sub
607 2151 878 2214 potestate
908 2151 1028 2199 enat
1071 2143 1448 2199 Romanorum
1474 2145 1860 2213 imperatoris;
1893 2145 2036 2200 unde

447 2237 612 2290 etiam
650 2237 703 2290 in
734 2236 1062 2291 hodiernum
1099 2251 1274 2306 usque
1312 2237 1457 2292 diem
1503 2237 1708 2293 Palatia
1743 2252 1808 2292 ac
1840 2239 2036 2308 hippo-

448 2329 678 2384 dromus
776 2327 1098 2384 Diocletiani
1170 2329 1521 2399 imperatoris
1603 2338 1902 2400 supersunt
1978 2330 2032 2384 in

446 2421 670 2492 regione
719 2419 1145 2487 Chrobatorum,
1197 2421 1250 2476 in
1305 2423 1438 2478 urbe
1503 2423 1726 2488 Salona,
1780 2439 1902 2494 qua:
1953 2432 2038 2479 est

447 2513 695 2582 proxima
777 2513 896 2568 urbi
977 2513 1314 2583 Aspalatho.
1389 2513 1456 2569 Ili
1514 2523 1692 2571 autem
1771 2516 2034 2571 Chrobati

449 2605 706 2676 haptizati
731 2614 888 2662 extra
916 2605 1116 2662 limites
1149 2608 1385 2677 propriae
1416 2617 1580 2664 terrae
1635 2623 1744 2663 non
1798 2608 2039 2664 libenter

447 2697 576 2752 aliis
602 2697 806 2752 bellum
841 2698 1104 2767 inl‘erunt,
1163 2699 1330 2770 idque
1379 2700 1510 2769 quia
1541 2699 1828 2754 oraculum
1861 2697 2038 2764 quod-

445 2790 575 2844 dam
595 2790 714 2846 sive
739 2798 1005 2845 statutum
1046 2799 1380 2862 acceperunt
1409 2807 1439 2845 a
1467 2787 1720 2846 Rcuiano
1756 2791 2034 2861 pontiﬁce,

447 2882 542 2952 qui
585 2882 690 2936 sub
720 2881 976 2937 lleraclio
1008 2879 1384 2938 Romanorum
1425 2884 1756 2954 imperatore
1781 2882 2039 2939 sacerdo-

447 2984 533 3028 tes
593 2973 768 3040 misit,
825 2989 1033 3044 cosque
1096 2974 1416 3044 baptizavit.
1445 2974 1709 3030 Chrubali
1762 2973 2036 3045 siquidem

447 3074 574 3135 post
603 3074 888 3136 acceptum
923 3065 1255 3136 baptismum
1287 3065 1634 3136 pepigerunt,
1666 3076 1722 3122 et
1749 3067 2036 3140 chirogra-

451 3157 578 3228 phis
611 3157 857 3229 propriis
888 3157 1034 3212 datis
1067 3166 1260 3213 saneto
1315 3155 1479 3212 Petro
1527 3155 1780 3228 apostolo
1809 3157 2036 3228 jurave-

453 3258 891 3320 runl,nunquam
915 3263 976 3305 se
1004 3249 1236 3305 alienam
1261 3247 1375 3320 98
1399 3257 1602 3304 terram
1627 3249 2041 3306 armisinvasu-

445 3355 562 3404 ros,
594 3341 688 3396 sed
721 3354 909 3410 pacem
933 3339 1219 3396 habituros
1252 3355 1376 3396 cum
1399 3340 1659 3396 omnibus
1698 3342 2035 3408 volentibus,

443 3436 503 3485 et
519 3430 968 3499 lniprecationem
995 3429 1240 3486 vicissim
1273 3445 1303 3484 a
1323 3430 1575 3487 Romano
1601 3432 1862 3502 pontiﬁce
1877 3447 2035 3490 acce-

445 3531 686 3592 perunt;
722 3530 782 3576 ut
808 3521 856 3578 si
889 3522 1112 3592 quando
1144 3523 1267 3580 aliae
1291 3531 1483 3595 gentes
1518 3525 1763 3595 ipsorum
1791 3524 2038 3583 Chrobao

448 3625 630 3670 torum
661 3623 861 3669 terram
893 3614 1243 3683 invaderent,
1276 3615 1530 3687 belloque
1553 3615 1907 3682 infestarent,
1937 3633 2039 3688 pro

442 3706 518 3762 iis
553 3715 840 3777 pugnaret.
877 3706 1188 3778 vindexque
1211 3717 1363 3765 esset
1414 3723 1603 3765 eorum
1637 3708 1807 3776 Deus,
1856 3710 2037 3766 victo-

445 3799 586 3854 riam
639 3799 972 3855 conciliante
1017 3798 1184 3855 Petro
1233 3799 1441 3857 Christi
1493 3799 1790 3873 discipulo.
1850 3798 2039 3860 Multis

445 3906 574 3945 vero
611 3891 773 3946 annis
807 3891 1008 3961 elapsis
1044 3892 1100 3946 in
1139 3892 1335 3948 diebus
1369 3894 1637 3965 principis
1669 3893 2036 3966 Terpemere,

443 3983 536 4052 qui
577 3992 729 4053 pater
758 3982 862 4038 fuit
885 3983 1149 4054 principis
1174 3984 1520 4053 Crasemere,
1549 4002 1580 4042 e
1608 3983 1864 4052 Francia,
1919 4002 2040 4058 quas

445 4073 589 4130 Inter
615 4074 972 4130 Chrobatiam
1020 4085 1076 4131 et
1107 4077 1392 4132 Venetiam
1443 4079 1622 4135 media
1675 4088 1780 4146 est,
1811 4081 2040 4138 veniens

448 4169 529 4222 vir
553 4167 776 4238 quidam
804 4167 1072 4226 Martinus
1101 4171 1346 4236 nomine,
1371 4171 1609 4228 maxime
1633 4173 1865 4244 quidem
1890 4174 2036 4242 pius,

448 4261 544 4318 sed
581 4261 768 4316 habitu
821 4262 1110 4330 smculari;
1143 4278 1306 4333 quem
1335 4261 1498 4319 iidem
1529 4279 1748 4335 quoque
1775 4265 2036 4322 Chrobati

447 4351 713 4406 miracula
771 4349 972 4408 fecisse
1017 4352 1255 4424 plurima
1307 4351 1543 4422 dicunt;
1593 4355 1685 4410 hic
1735 4370 1903 4427 porro
1954 4357 2038 4413 vir

2153 1862 2405 1934 Ἀϐἀρων
2431 1862 2607 1936 χώρᾳ,
2651 1868 2732 1929 εἰς
2773 1867 2840 1938 ῆν
2870 1864 2964 1919 νῦν
2999 1864 3229 1933 οἰκοῦσι,
3278 1869 3736 1936 κατεσκήνωσαν.

2139 1946 2296 2022 Εἶχον
2320 1951 2376 2004 δὲ
2408 1954 2456 2005 οἱ
2493 1952 2650 2006 αὐτοὶ
2679 1953 2968 2024 Χρωϐἀτοι
2998 1951 3076 2024 τῷ
3103 1953 3225 2006 τότε
3270 1955 3448 2026 καιρῷ
3491 1957 3741 2026 ἄρχονται

2137 2044 2230 2100 τὸν
2276 2045 2490 2118 πατέρα
2519 2044 2613 2099 τοῦ
2648 2046 2855 2116 Ποργά.
2902 2045 2962 2100 Ὁ
3004 2046 3062 2100 δὲ
3115 2047 3368 2118 βασιλεὺς
3407 2048 3740 2119 Ἡράκλειος

2138 2137 2470 2201 ἀποστείλας
2501 2136 2596 2191 κα)⁸
2627 2137 2737 2191 ἀπὸ
2777 2139 2996 2209 Ῥώμης
3045 2139 3272 2208 ἀγαγὼν
3325 2142 3511 2211 ἱερεῖς,
3545 2142 3639 2195 καὶ
3671 2141 3744 2208 ἐξ

2138 2229 2319 2283 αὐτῶν
2363 2229 2600 2301 ποιήσας
2647 2231 3102 2302 ἀρχιεπίσκοπον,
3141 2232 3237 2285 καὶ
3289 2233 3593 2286 ἐπίσκοπον
3636 2237 3750 2288 καὶ

2139 2321 2567 2392 πρεσϐυτέρους,
2601 2323 2696 2376 καὶ
2723 2323 3028 2388 διακόνους,
3063 2325 3190 2388 τοὺς
3228 2326 3562 2396 Χρωϐἀτους
3597 2325 3741 2380 ἐϐά-

2139 2430 2300 2466 πτισε
2324 2429 2340 2444 ο
2374 2410 2520 2484 εἶχον
2549 2414 2604 2466 δὲ
2637 2413 2715 2485 τῷ
2749 2415 2872 2468 τότε
2895 2415 3076 2486 καιρῷ
3106 2417 3156 2469 οἱ
3179 2416 3411 2469 τοιοῦτοι
3441 2397 3744 2487 Χρωϐἀτοι

2139 2502 2382 2571 ἄρχοντα
2413 2501 2506 2555 τὸν
2536 2503 2726 2571 Ποργά
2756 2505 2856 2574 (5).
2897 2505 3023 2558 ’Ότι
3057 2507 3091 2576 ἡ
3116 2505 3344 2574 τοιαύτη
3375 2506 3529 2576 χώρα
3557 2509 3638 2570 εις
3663 2506 3746 2578 ἦν

2139 2595 2189 2645 οἱ
2211 2589 2502 2670 Χρωϐἀτοι
2533 2594 3041 2666 κατεσκηνώθησαν
3074 2596 3134 2663 ἐξ
3165 2597 3343 2667 ἀρχῆς
3378 2597 3486 2650 ὑπὸ
3514 2597 3614 2668 τὴν
3644 2598 3741 2663 ἑξ-

2139 2682 2330 2736 ουσίαν
2361 2677 2430 2754 ἦν
2474 2681 2569 2736 τοῦ
2622 2683 2892 2754 βασιλέως
2935 2685 3044 2739 τῶν
3083 2688 3398 2755 Ῥωμαίων,
3433 2688 3492 2751 ἐξ
3524 2681 3587 2742 οὗ
3636 2692 3747 2744 καὶ

2142 2772 2384 2828 παλάτια
2407 2774 2500 2826 καὶ
2535 2773 2874 2844 ίπποδρόμια
2904 2774 3001 2828 τοῦ
3037 2775 3306 2846 βασιλέως
3337 2777 3756 2850 Διοκλητιανοῦῖ

2140 2865 2201 2919 ὲν
2231 2869 2300 2938 τῇ
2349 2867 2462 2922 τῶν
2513 2867 2696 2923 αὐτῶν
2744 2869 3059 2940 Χρωϐἀτων
3086 2867 3245 2944 ¹χώρᾳ
3283 2871 3447 2942 μέχρι
3493 2873 3592 2942 τῆς
3636 2871 3753 2926 νῦν

2141 2957 2549 3030 περισώζονται
2575 2962 2657 3025 είς
2683 2961 2744 3015 τὸ
2784 2961 3022 3030 κάστρον
3053 2959 3328 3030 Σαλώνας,
3369 2963 3598 3031 πλησίον
3635 2963 3762 3018 τοῦιη

2147 3049 2393 3119 κάστρου
2442 3050 2808 3106 Ἀσπαλάθου.
2867 3053 2989 3107 ’Ότι
3044 3047 3192 3108 οὗτοι
3255 3055 3304 3108 oi
3369 3054 3742 3128 βαπτισμένοι

2062 3110 2107 3169 c
2146 3110 2440 3213 Χρωϐἀτοι
2476 3140 2676 3210 ἔξωθεν
2705 3143 2807 3214 τῆς
2844 3144 2983 3209 ιδίας
3025 3144 3212 3200 αὐτῶν
3254 3110 3442 3219 χώρας
3473 3110 3745 3217 πολεμεῖν

2144 3228 2452 3302 ἀλλοτρίοις
2513 3231 2575 3285 οὐ
2634 3231 2956 3302 βούλονται*
3002 3236 3252 3306 χρησμὸν
3297 3236 3408 3308 γάρ
3466 3253 3588 3290 τινα
3636 3236 3744 3290 καὶ

2143 3322 2373 3395 ὁρισμὸν
2400 3323 2596 3379 ἔλαϐον
2618 3325 2770 3398 παρά
2791 3325 2889 3380 τοῦ
2922 3327 3084 3382 πάπα
3117 3327 3344 3400 Ῥώμης
3373 3331 3470 3384 τοῦ
3516 3332 3609 3384 ἐπὶ
3637 3332 3739 3385 τοῦ

2154 3415 2480 3485 Ἡρακλείου
2519 3417 2616 3472 τοῦ
2662 3417 2929 3489 βασιλέως
2972 3419 3262 3492 Ῥωμαίων
3311 3422 3744 3492 ἀποστείλαντος

2147 3507 2317 3580 ἱερεῖς
2358 3510 2454 3565 καὶ
2486 3509 2712 3576 τούτους
2742 3512 3133 3584 βαπτίσαντος.
3167 3513 3278 3569 Καὶ
3325 3515 3436 3588 γὰρ
3479 3507 3628 3570 οὗτοι
3685 3521 3741 3572 oi

2145 3601 2457 3671 Χρωϐἀτοι,
2491 3602 2633 3672 μετὰ
2677 3603 2739 3658 τὸ
2787 3604 2986 3668 αὐτοὺς
3021 3605 3412 3677 βαπτισθῆναι,
3459 3609 3742 3680 συνθήκας

2132 3693 2241 3782 ἴκαὶ
2266 3692 2530 3765 ίδιόχειρα
2564 3695 2916 3766 ἐποιήσαντο,
2946 3698 3040 3750 καὶ
3063 3697 3201 3768 πρὸς
3226 3698 3318 3752 τὸν
3347 3699 3500 3767 ἀγιον
3527 3700 3750 3770 Πέτρον

2145 3782 2241 3839 τὺν
2293 3784 2594 3838 ἀπόστολον
2644 3786 2843 3858 ὅρκους
2888 3788 3140 3859 βεϐαίους
3193 3791 3288 3844 καὶ
3317 3791 3602 3859 ἀσφαλεῖς,
3647 3793 3751 3850 ἵνα

2150 3876 2421 3947 μηδέποτε
2457 3879 2538 3942 είς
2567 3879 2860 3950 ἀλλοτρίαν
2888 3880 3077 3952 χώραν
3109 3883 3411 3951 ἀπέλθωσι,
3449 3885 3545 3938 καὶ
3571 3883 3746 3937 πολε-ο

2151 3973 2422 4043 μήσωσιν,
2453 3969 2593 4026 ἀλλά
2623 3973 2830 4043 μᾶλλον
2869 3975 3176 4045 εἰρηνεύειν
3206 3977 3344 4048 μετά
3378 3978 3597 4032 πάντων
3625 3981 3744 4034 τῶν

2150 4065 2518 4137 βουλομένων,
2564 4067 2821 4132 λαϐόντες
2873 4071 2968 4124 καὶ
3024 4070 3176 4140 παρά
3220 4072 3315 4125 τοῦ
3363 4071 3529 4126 αὐτοῦ
3576 4074 3744 4129 πάπα

2159 4151 2381 4224 Ῥώμης
2423 4153 2593 4227 εὐχὴν
2647 4157 2882 4223 τοιάνδε,
2916 4157 2994 4222 ὡς
3046 4158 3102 4210 εῐ
3142 4177 3290 4224 τινες
3328 4161 3481 4214 ἄλλοι
3527 4161 3747 4218 ἐθνικοὶ

2147 4246 2292 4300 κατά
2320 4249 2420 4318 τῆς
2464 4248 2574 4301 τῶν
2617 4249 2801 4303 αὐτῶν
2832 4250 3150 4322 Χρωϐάτων
3179 4251 3365 4322 χώρας
3407 4253 3737 4322 ἐπέλθωσιν,

2151 4338 2249 4393 καὶ
2306 4341 2546 4412 πόλεμον
2594 4342 2989 4411 ὲπενέγκωσιν,
3037 4343 3127 4397 ἵνα
3177 4345 3204 4396 ὀ
3253 4343 3362 4396 τῶν
3414 4345 3742 4423 Χρωϐἀτων

446 4441 570 4512 pius
608 4441 920 4498 imbecillus
965 4442 1286 4514 admodum,
1340 4453 1396 4502 et
1424 4445 1658 4517 pedibus
1713 4449 2035 4516 mutilatus,

2144 4431 2276 4496 Θεὸς
2335 4431 2714 4503 προσπολεμεῖ
2748 4433 2843 4486 καὶ
2888 4435 3236 4506 προΐσταται.
3284 4436 3376 4489 καὶ
3423 4438 3580 4500 νίκας
3627 4438 3740 4491 αύ-

447 4533 522 4588 ita
548 4542 611 4588 ut
642 4550 673 4588 a
711 4544 951 4606 quatuor
981 4536 1182 4606 baiulis
1228 4552 1564 4610 quocunque
1605 4540 1767 4596 vellet
1795 4540 2036 4598 deferre-

445 4635 560 4693 tur,
593 4625 726 4681 illuc
749 4628 1091 4684 sanctissimi
1120 4630 1400 4700 pontiﬁcis
1431 4631 1754 4688 mandatum
1783 4632 2034 4689 Chroba-

445 4718 518 4772 tis
558 4717 627 4772 ad
664 4718 918 4774 ultimum
947 4719 1074 4776 vitm
1104 4720 1267 4777 linem
1300 4723 1635 4780 servandum
1667 4740 1792 4782 esse
1844 4725 2032 4781 itidem

446 4809 654 4878 sanxit,
704 4811 895 4869 eadem
954 4815 1121 4870 etiam
1181 4817 1314 4885 illis,
1378 4833 1501 4890 quae
1555 4827 1718 4875 antea
1785 4818 2032 4890 pontifex

447 4901 804 4972 imprecatus.
860 4906 1207 4979 Quapropter
1259 4925 1436 4981 neque
1500 4923 1717 4983 sagena:
1784 4913 2031 4982 ipsorum

449 4991 880 5064 Chrobatorum,
912 5012 1090 5070 neque
1117 5000 1398 5068 condurae,
1433 5016 1678 5073 unquam
1707 5002 1774 5058 ad
1797 5002 2034 5073 aliquem

2141 4523 2257 4585 τοῖς
2284 4522 2361 4593 (4)
2416 4523 2624 4592 Πέτρος
2671 4525 2699 4575 ὁ
2732 4523 2830 4576 τοῦ
2881 4523 3121 4595 Χριστοῦ
3160 4526 3412 4596 μαθητὴς
3454 4527 3732 4598 προξενεῖ.

2143 4615 2304 4671 Μετὰ
2335 4614 2392 4668 δὲ
2427 4614 2659 4686 χρόνους
2699 4615 2931 4680 πολλοὺς
2975 4619 3034 4669 ὲν
3082 4621 3204 4682 ταῖς
3237 4619 3476 4690 ἡμέραις
3506 4621 3736 4690 Τερπη-

2145 4707 2288 4778 μέρη
2315 4705 2412 4761 τοῦ
2443 4706 2730 4777 ἄρχοντος,
2761 4707 2859 4762 τοῦ
2905 4711 3116 4781 πατρὸς
3157 4710 3252 4763 τοῦ
3283 4710 3544 4781 ἄρχοντος
3574 4713 3737 4782 Κρα-

2143 4797 2360 4870 σημέρη
2398 4797 2500 4870 (5),
2540 4798 2714 4854 ἐλθὼν
2737 4801 2846 4854 ἀπὸ
2876 4801 3160 4871 Φραγγίας
3191 4802 3290 4872 τῆς
3337 4802 3544 4872 μεταξὺ
3578 4804 3718 4874 Χρω

2143 4891 2338 4956 ϐατίας
2382 4891 2478 4946 καὶ
2511 4892 2760 4957 Βενετίας
2789 4893 2933 4965 ἀνήρ
2967 4911 3054 4957 τις
3094 4894 3205 4948 τῶν
3237 4895 3380 4949 πάνυ
3433 4896 3531 4966 μὲν
3567 4897 3734 4950 εύλαο

2141 4984 2254 5039 ϐῶν
2293 4984 2409 5058 (6),
2467 4986 2744 5058 Μαρτῖνος
2796 4974 3049 5057 ὀνόματι,
3112 4987 3298 5059 σχῆμα
3354 4986 3414 5042 δὲ
3469 4990 3744 5061 κοσμικὺν

1647 5112 1951 5172 ANSELMI
1977 5115 2307 5173 BANDUBII
2345 5114 2578 5174 ΝΟΤᾹΞ.

522 5200 605 5274 (2)
643 5198 876 5272 Quando
911 5203 1179 5261 Dalmatia
1201 5208 1269 5264 ab
1295 5205 1595 5274 Aharibus,
1626 5208 1709 5264 vel
1742 5208 1924 5265 Slavis
1949 5221 2042 5264 oc-

450 5283 650 5350 cupata
691 5278 856 5350 fuerit
896 5277 1151 5350 pluribus
1200 5279 1314 5348 agit
1346 5278 1645 5350 Luciusde
1690 5280 1882 5350 Regno
1917 5274 2041 5332 Dal-

453 5345 638 5419 matia:
659 5355 716 5401 et
737 5345 972 5419 Croatiaa
1000 5347 1096 5403 lib.
1129 5364 1168 5412 ι,
1195 5345 1319 5419 cap.
1347 5350 1401 5405 9.
1444 5347 1521 5406 D'e
1554 5345 1830 5419 baptisnio
1855 5361 2036 5404 autem

452 5417 781 5490 tiroatorum
817 5417 1062 5490 diximus
1102 5417 1368 5490 nonnulla
1389 5417 1660 5490 supraiad
1695 5435 1817 5488 cap.
1858 5419 1952 5487 30,
1984 5428 2040 5473 et

456 5485 712 5614 lapqatluf
745 5487 948 5569 bucius
985 5488 1231 5560 loquitur
1264 5485 1516 5563 pluribus
1556 5489 1625 5546 de
1656 5485 1847 5547 eodem
1877 5485 1945 5545 c.'
1975 5491 2033 5545 ll

456 5571 504 5610 Ci
533 5572 562 5610 a
594 5574 605 5608 ι
665 5575 793 5612 ιιι-ι.

455 5557 605 5610 citati
643 5558 793 5612 libri.

534 5626 612 5695 (ὅ)
643 5628 735 5702 §ic
763 5643 828 5682 ex
863 5645 964 5684 ms.
994 5628 1203 5702 codice.
1231 5629 1490 5702 Chrobati
1513 5630 1674 5702 igitur
1709 5630 1811 5688 sub
1831 5630 2034 5687 Porino

462 5696 622 5759 duce,
657 5698 844 5772 Porgm
876 5708 1028 5772 patre
1059 5701 1270 5772 Abares
1303 5715 1364 5755 ex
1401 5696 1665 5756 Daluiatia
1706 5703 2034 5772 expulerunt

466 5721 622 5759 nuce,
657 5721 844 5766 τυτκω
877 5721 1028 5767 patre
1059 5721 1270 5757 ADEI‘CS
1303 5721 1364 5755 CX
1402 5721 1665 5756 uaunaua
1706 5721 1966 5772 exputeru
1991 5721 2034 5757 ιι

466 5776 714 5835 tempore
763 5769 1015 5836 llcraclii,
1072 5781 1132 5828 ut
1182 5770 1680 5845 Porphvrogenitus
1733 5774 1820 5830 hic
1874 5721 2035 5844 pauio

2143 5211 2422 5296 superius,
2478 5221 2534 5268 et
2586 5212 3152 5296 capite_pr:_ecedenti
3215 5223 3482 5296 narratur
3537 5213 3740 5296 deinde

2147 5279 2319 5364 forga
2356 5297 2548 5364 eorum
2595 5279 2739 5341 duce
2786 5279 3100 5356 baptizatos
3147 5284 3371 5343 eosdem
3418 5285 3739 5342 Chrobatos

2146 5350 2532 5504 [ιῖιῗῗῗὲἰιύέι
2575 5439 2680 5481 ms.
2719 5427 2777 5480 In
2820 5423 2985 5482 editis
3023 5425 3246 5498 legitur,
3285 5425 3384 5482 καὶ
3423 5425 3581 5490 νίκας
3628 5426 3738 5481 αύ-

2143 5501 2404 5636 τῗξΰξιὸξ
2433 5563 2764 5636 Oroatorum
2799 5566 3037 5636 ducibus
3081 5576 3135 5621 et
3179 5583 3368 5624 eorum
3405 5567 3577 5635 stirpe
3611 5567 3736 5636 plu-

2140 5633 2295 5706 ribus
2323 5634 2432 5704 agit
2473 5635 2676 5691 Lucius
2722 5638 2789 5692 de
2838 5633 3027 5706 Reguo
3074 5639 3360 5694 Dalmatia;
3400 5650 3453 5694 et
3499 5633 3736 5692 Oroatia:

2138 5703 2236 5759 lib.
2273 5719 2346 5762 χι,
2368 5703 2500 5773 cap.
2543 5707 2591 5758 l.

2212 5773 2287 5842 (6)
2317 5774 2405 5830 Sic
2434 5773 2486 5830 in
2515 5791 2618 5838 ms.
2643 5775 2712 5830 At
2738 5775 3009 5834 Meursius
3034 5793 3132 5849 pro
3160 5777 3404 5832 εύλαϐῶν
3432 5776 3727 5850 legendum
