4108 6466
428 343 536 406 319

1455 324 1964 403 CONSTANTINI
1989 339 2675 402 PORPHYROGENITI

3597 324 3709 407 320

430 470 487 513 at
518 457 608 512 ille
642 455 929 526 respondit
966 468 980 509 :
1025 453 1292 510 Aﬂ‘ectum
1333 462 1486 510 tuum
1530 471 1661 526 erga
1706 471 1811 522 me,
1836 465 1889 510 et
1921 471 2010 508 vo-

2116 458 2204 510 τῦν
2261 457 2477 529 πρῶτον
2527 453 2708 508 αὐτῶν
2759 454 3022 524 βοέόοδον.
3085 453 3144 506 '0
3206 451 3467 517 Λεϐεδῖας
3521 453 3705 509 τοίνυν

428 550 696 604 luntatem
791 545 1122 611 exosculor,
1186 547 1505 617 gratiasque
1570 546 1763 616 dignas
1850 546 2008 611 dico;

431 639 656 711 quando
695 653 831 694 vero
872 638 966 693 tali
1007 638 1347 708 principatui
1390 651 1498 691 non
1552 635 1781 700 suﬂicio,
1817 651 2013 706 parere

431 747 541 786 non
590 745 820 801 possum
857 747 871 785 :
904 730 999 785 sed
1043 738 1128 785 est
1171 729 1311 783 alter
1351 743 1379 781 ιι
1418 740 1503 782 me
1541 726 1853 793 Boebodus,
1896 727 2017 782 Sal-

431 829 647 875 mutch
675 819 917 884 nomine,
957 818 1052 888 qui
1082 824 1135 872 et
1176 815 1344 870 ﬁlium
1386 816 1549 871 habet
1577 814 1832 886 Arpaden
1865 834 2012 872 nuu-

432 906 690 982 cupatum
737 929 751 965 :
786 911 982 965 horum
1024 908 1139 963 sive
1178 909 1298 978 ipse
1343 906 1675 974 Salmutzes,
1721 908 1837 964 sive
1873 909 2016 965 ﬁiius

431 1002 553 1069 ejus
610 1001 856 1070 Arpades
905 999 1165 1070 princeps
1224 997 1338 1066 ﬁat,
1405 999 1614 1069 tibique
1662 999 2011 1068 subjiciatur.

431 1090 645 1146 Placuit
676 1090 862 1159 itaque
912 1090 1029 1144 haec
1061 1089 1239 1144 oratio
1276 1088 1556 1160 Chagano,
1590 1091 1850 1161 virosque
1889 1106 2014 1147 cum

431 1179 551 1248 ipso
591 1180 659 1232 ad
708 1178 918 1234 Turcas
967 1179 1135 1244 misit,
1163 1180 1260 1251 qui
1303 1181 1394 1235 ubi
1437 1197 1562 1235 cum
1606 1181 1675 1238 iis
1707 1197 2015 1238 sermonem

433 1268 963 1333 communicassent,
996 1270 1173 1323 visum
1222 1270 1410 1339 potius
1450 1270 1558 1327 illis
1601 1270 1706 1324 fuit
1739 1270 2015 1341 Arpadem

431 1350 736 1427 principem
791 1360 1156 1424 constituere,
1208 1374 1371 1429 quam
1414 1370 1624 1432 patrem
1680 1360 2015 1430 Salmutzen,

431 1454 620 1516 utpote
664 1446 993 1516 digniorem,
1027 1459 1081 1503 et
1113 1450 1424 1520 prudentia,
1467 1452 1722 1519 consilio,
1762 1467 1825 1507 ac
1861 1452 2019 1508 forti-

429 1537 618 1593 tudine
661 1538 955 1609 insignem,
982 1541 1188 1610 talique
1220 1542 1551 1614 principatui
1586 1558 1770 1614 parem
1805 1560 1822 1596 :
1852 1560 2017 1615 quem

428 1629 594 1683 etiam
622 1629 871 1698 solemni;
893 1631 1265 1687 Chazarnrum
1298 1636 1463 1690 ’more
1499 1649 1564 1690 ac
1611 1637 2017 1694 consuetudine

430 1721 486 1773 in
520 1730 680 1775 scuto
713 1730 956 1778 erectum
983 1725 1288 1796 principem
1326 1725 1595 1782 fecerunt.
1626 1726 1692 1782 Et
1720 1738 1847 1784 ante
1869 1730 2015 1785 hunc

430 1807 702 1876 Arpadeut
735 1807 928 1864 Turcae
961 1811 1262 1881 principem
1311 1812 1476 1867 alium
1519 1815 1732 1868 nulltun
1772 1831 2013 1886 unquam

435 1897 781 1964 habuerunt;
814 1915 882 1954 ex
917 1900 1078 1970 cujus
1116 1902 1279 1956 etiam
1303 1903 1540 1979 posteris
1570 1904 1637 1959 ad
1666 1904 1810 1960 hunc
1839 1921 2015 1975 usque

434 1990 580 2046 diem
636 1991 891 2062 princeps
941 1991 1158 2048 Turciae
1203 1995 1579 2060 constituitur,
1628 1996 1757 2051 Post
1805 1997 2015 2067 aliquot

433 2096 566 2137 vero
628 2097 802 2139 annos
848 2082 1058 2141 Turcas
1118 2085 1437 2142 invadentes
1498 2086 1871 2155 l’atzinacitat,
1919 2103 2017 2144 eos

430 2188 555 2228 cum
587 2175 833 2245 principe
865 2175 1084 2246 Arpade
1119 2178 1393 2246 persecuti
1434 2186 1586 2233 sunt.
1609 2177 1803 2233 Turcas
1832 2180 2016 2245 itaque

432 2264 704 2335 proﬂigati
727 2264 1024 2338 fugientes,
1049 2275 1104 2322 et
1145 2278 1344 2323 terram
1383 2269 1449 2324 ad
1481 2270 1639 2325 sedes
1661 2270 2017 2326 collocandas

430 2365 763 2424 quaerentes,
820 2372 1077 2428 magnam
1139 2358 1438 2415 M‘oraviam
1485 2361 1746 2431 ingressi,
1802 2363 2015 2418 incolas

429 2448 550 2518 ejus
577 2450 931 2520 expulerunt,
976 2451 1161 2523 ibique
1196 2452 1356 2508 sedes
1397 2468 1528 2511 suas
1572 2463 1900 2525 posuerunt,
1935 2463 2016 2512 te-

431 2550 673 2612 nentque
716 2543 882 2597 etiam
928 2543 983 2597 in
1034 2544 1361 2601 hodiernum
1405 2561 1582 2618 usque
1616 2548 1759 2603 diem
1805 2566 1820 2602 :
1855 2558 1909 2604 et
1946 2563 2015 2604 ex

428 2648 495 2689 eo
542 2645 789 2703 tempore
840 2634 1043 2689 bellum
1096 2651 1222 2691 cum
1268 2635 1626 2693 Patziuacitis
1664 2639 1860 2694 'l‘ureze
1900 2654 2012 2693 non

429 2725 761 2780 habuerunt.
816 2724 895 2779 Ad
936 2725 1146 2783 Turcas
1198 2742 1328 2783 vero
1392 2728 1656 2784 orientem
1702 2745 1896 2785 versus
1956 2731 2017 2783 in

429 2815 676 2873 Persidis
721 2818 972 2885 partibus
1012 2819 1344 2887 habitantes,
1388 2835 1625 2890 quorum
1666 2835 1833 2890 supra
1859 2837 2016 2877 men~

432 2910 637 2965 tionem
675 2911 931 2974 fecimus,
967 2913 1338 2982 negotiatores
1374 2928 1506 2971 suos
1546 2915 1775 2968 mittunt
1816 2915 2015 2968 etiam-

431 3016 561 3055 num
598 3002 635 3056 ii
676 3003 769 3072 qui
816 3001 1171 3058 Occidentem
1222 3002 1474 3059 incolunt
1514 3005 1755 3074 praedicti
1799 3004 2012 3071 τοι-ειη,

432 3093 788 3164 invisumque
835 3094 977 3161 illos,
1034 3102 1089 3149 et
1128 3110 1389 3166 responsa
1435 3111 1578 3167 saepe
1621 3098 1691 3152 ab
1734 3097 1872 3167 ipsis
1916 3112 2015 3168 per

433 3185 535 3240 hos
596 3186 897 3255 accipiunt.
963 3185 1231 3241 Caeterum
1306 3184 1771 3243 Putzinncitarum
1840 3190 2012 3252 locus,

430 3289 593 3344 quem
641 3282 778 3331 tunc
842 3276 1224 3331 inhabitabant
1277 3275 1491 3344 Turcac,
1547 3293 1575 3333 a
1643 3278 1847 3346 ﬂuviis,
1918 3280 2012 3348 qui

435 3365 549 3419 illic
596 3373 746 3429 sunt,
795 3368 1256 3437 cognominatur;
1313 3367 1540 3423 ﬂumina
1579 3378 1761 3424 autem
1824 3369 2016 3425 isthaec

432 3466 562 3511 sunt
596 3472 613 3511 :
648 3458 859 3527 primus
890 3457 1089 3516 ﬂuvius
1121 3458 1335 3515 Baruch
1369 3462 1711 3531 appellatur;
1735 3462 2014 3518 secundus

431 3546 626 3613 Cubu;
672 3550 865 3605 tertius
916 3549 1178 3617 Trullus;
1228 3558 1457 3620 quartus
1501 3550 1742 3615 Brutus;
1788 3551 2014 3622 quintus

429 3637 667 3707 denique
692 3640 920 3696 Seretus
948 3647 1325 3712 nuncupatur.

2118 548 2256 618 πρὸς
2298 548 2390 601 τὸν
2436 548 2690 615 Χαγάνον
2741 545 3023 616 Χαζαρίας
3057 544 3399 614 ἀφικόμενος
3439 545 3702 615 ἀνηρώτα

2116 640 2216 710 τὴν
2265 638 2447 695 αἰτίαν
2488 639 2556 691 δι’
2594 640 2662 710 ἢν
2689 637 2862 692 ἐλθεῖν
2893 637 3032 708 πρὸς
3062 637 3227 690 αὐτὸν
3259 636 3648 707 μετεπέμψατο
3683 655 3698 668 ο

2117 733 2145 783 6
2186 731 2243 783 δὲ
2291 729 2543 796 Χαγάνος
2594 725 2717 782 εἶπε
2752 729 2889 799 πρὸς
2933 728 3115 794 αὑτὸν,
3176 728 3259 781 ὅτι
3293 726 3391 781 Διά
3440 725 3599 780 τοῦτό
3642 744 3706 781 σε

2119 817 2666 888 προσεκαλεσάμεθα,
2701 817 2787 870 ἵνα
2820 817 3008 888 ἐπειδὴ
3039 817 3268 887 εὐγενὴς
3301 817 3397 870 καὶ
3437 816 3703 888 φρόνιμος

2117 909 2213 963 καὶ
2244 908 2641 978 ὴνδρειωμένος
2698 906 2810 979 (99)
2859 908 3151 979 ὑπάρχεις,
3180 907 3276 961 καὶ
3331 907 3546 976 πρῶτος
3594 908 3708 961 τῶν

2118 999 2399 1070 Τούρκων,
2428 998 2669 1070 ἄρχοντά
2698 1017 2756 1053 σε
2784 999 2876 1052 τοῦ
2911 999 3098 1064 ἔθνους
3137 1015 3229 1052 σου
3271 998 3704 1069 προϐαλώμεθα,

2119 1091 2213 1144 καὶ
2255 1090 2344 1145 ἴνα
2385 1089 2617 1161 ὑπείκῃς
2639 1090 2717 1161 τῷ
2747 1090 2889 1160 λόγῳ
2923 1090 3020 1144 καὶ
3081 1092 3147 1161 τῇ
3191 1089 3484 1162 προστάξει
3524 1091 3707 1159 ἡμῶν.

2118 1184 2147 1236 6
2172 1182 2228 1235 δὲ
2258 1181 2578 1252 ἀποκριθεὶς
2618 1182 2755 1252 πρὸς
2812 1182 2902 1236 τὸν
2951 1182 3203 1250 Χαγάνον
3256 1182 3585 1251 ἀντέφησεν,
3621 1182 3713 1235 ὅτε

2118 1272 2231 1343 Τὴν
2280 1274 2407 1343 περὶ
2424 1272 2525 1344 ἐμὲ
2553 1290 2646 1327 σου
2672 1274 2853 1344 σχέσιν
2882 1291 2939 1328 τε
2970 1274 3063 1327 καὶ
3096 1275 3417 1343 προαίρεσιν
3454 1272 3708 1342 μεγάλως

2118 1362 2512 1433 ὲναποδέχομαι
2539 1404 2552 1429 ,
2612 1364 2708 1417 καὶ
2766 1363 2864 1435 τὴν
2919 1362 3268 1434 εὐχαριστῑαν
3313 1362 3562 1432 ὁμολογῶ
3622 1379 3711 1416 σοι

2118 1455 2502 1524 προσήκουσαν
2531 1470 2545 1485 °
2586 1454 2708 1507 ἐπεὶ
2732 1453 2789 1507 δὲ
2830 1454 3106 1517 ἀδυνάτως
3143 1452 3252 1524 ἔχω
3291 1454 3427 1522 πρὸς
3462 1455 3563 1524 τὴν
3590 1468 3704 1505 τοι·

2120 1540 2294 1612 αὐτην
2326 1542 2523 1612 ἀρχὴν,
2560 1542 2871 1595 ὑπακοῦσαι
2917 1542 2981 1595 οὔ
3016 1542 3273 1613 δύναμαι,
3326 1542 3462 1595 ἀλλὰ
3499 1541 3703 1611 μᾶλλον

2119 1630 2265 1685 ἔστιν
2294 1631 2482 1703 ἕτερος
2513 1616 2623 1686 ἀπ’.
2657 1631 2794 1703 ἐμοῦ
2844 1632 3105 1703 βοέὼδος,
3132 1632 3419 1703 λεγόμενος
3453 1632 3554 1684 Σα)
3568 1632 3706 1702 μού-

2119 1723 2251 1794 τζης
2282 1721 2382 1794 (l),
2418 1725 2515 1778 καὶ
2547 1724 2662 1778 υἱὸν
2700 1725 3042 1794 κεκτημένος
3092 1724 3319 1794 ὀνόματι
3379 1725 3657 1795 Ἀρπαδήν
3687 1741 3699 1754 ·

2046 1794 2087 1849 Β
2118 1817 2185 1870 ὲκ
2213 1816 2420 1870 τούτων
2464 1817 2666 1887 μᾶλλον
2713 1818 2825 1870 εἴτε
2870 1819 3077 1879 ἐκεῖνος
3115 1817 3488 1886 Σαλμοιέτζης,
3526 1794 3635 1870 εἴτε
3676 1818 3704 1869 6

2117 1906 2232 1970 υἱὸς
2260 1907 2427 1961 αὐτοῦ
2470 1908 2766 1978 Ἀρπαδὴς,
2809 1907 2900 1961 ἵνα
2928 1909 3152 1978 γένηται
3189 1907 3393 1978 ἄρχων,
3426 1906 3523 1961 καὶ
3551 1904 3715 1961 ἔστιν

2118 1996 2226 2050 ὕπο
2254 1997 2348 2051 τοῦ
2382 1998 2542 2066 λόγου
2572 1997 2749 2068 ὑμῶν.
2787 1998 2877 2053 Ἑν
2900 1998 3077 2068 τούτῳ
3107 1997 3199 2050 οὖν
3250 1997 3328 2067 τῷ
3379 1997 3525 2067 λόγῳ
3573 1999 3707 2068 ἀρε-

2119 2087 2263 2152 σθεὶς
2293 2089 2322 2142 6
2360 2089 2616 2156 Χαγάνος
2648 2088 2878 2153 ἐκεῖνος,
2909 2085 3140 2140 δέδωκεν
3172 2087 3495 2159 ἀνθρώπους
3532 2089 3704 2142 αὐτοῦ

2118 2178 2246 2250 μετ’
2287 2178 2478 2243 αὐτοῦ,
2528 2179 2623 2233 καὶ
2653 2181 2734 2244 εἰς
2759 2178 2887 2243 τοὺς
2926 2178 3202 2249 Τούρκους
3252 2178 3595 2245 ἀπέστειλεν,
3648 2180 3707 2233 οἳ

2116 2273 2209 2325 καὶ
2240 2271 2676 2342 συλλαλήσαντες
2716 2272 2844 2342 περὶ
2870 2270 3064 2325 τούτου
3102 2272 3239 2343 μετά
3272 2270 3380 2325 τῶν
3419 2270 3705 2342 Τοὺρκων,

2119 2362 2322 2433 μᾶλλον
2349 2363 2398 2416 οἱ
2421 2362 2653 2434 Τοῦρκοι
2680 2363 2770 2415 τὸν
2818 2362 3056 2433 Ἀρπαδὴ
3082 2361 3339 2432 γενέσθαι
3364 2363 3707 2434 προέκριναν

2116 2454 2375 2526 ἄρχοντα,
2430 2453 2575 2525 ἥπερ
2632 2452 2956 2525 Σαλμούτζη
3000 2452 3078 2525 (2)
3125 2451 3217 2505 τὸν
3250 2450 3416 2505 αὐτοῦ
3467 2451 3704 2519 πατέρα,

2116 2545 2193 2608 ὡς
2238 2543 2665 2615 ἀξιολογώτερον
2698 2542 2827 2597 ὄντα
2879 2544 2975 2597 καὶ⁸
3029 2541 3494 2614 περισπούδαστον
3539 2540 3599 2593 ἓν
3642 2557 3704 2592 τε

2119 2639 2377 2707 φρονήσει
2409 2638 2506 2691 καὶ
2563 2635 2724 2707 βουλῇ
2762 2636 2858 2690 καὶ
2908 2634 3152 2706 ἀνδρεία,
3204 2633 3299 2688 καὶ
3339 2631 3521 2687 ἱκανὸν
3566 2633 3703 2703 πρὸς

2117 2725 2217 2795 τὴν
2255 2724 2515 2793 τοιαύτην
2559 2725 2734 2796 ἀρχήν
2759 2739 2773 2754 ⁵
2812 2723 2873 2777 ὃν
2916 2724 3010 2777 καὶ
3048 2724 3284 2794 ἄρχοντα
3320 2722 3462 2775 κατὰ
3492 2721 3552 2774 τὸ
3592 2721 3704 2773 τῶν

2122 2815 2396 2887 Χαζάρων
2445 2816 2565 2880 ἒοος
2618 2816 2712 2869 καὶ
2748 2815 2985 2881 ζάκανον
3028 2814 3103 2885 (5)
3134 2815 3469 2884 πεποιήκασι
3521 2811 3709 2882 σηκώ-

2118 2927 2313 2972 σαντες
2345 2909 2508 2962 αὐτὸν
2534 2909 2615 2972 εἰς
2646 2908 2968 2978 σκουτάριον
3014 2906 3111 2978 (4‘).
3159 2906 3273 2977 Πρὸ
3313 2906 3369 2959 δὲ
3423 2904 3518 2957 τοῦ
3572 2905 3701 2971 ’Λρ-

2118 3000 2261 3072 παδὴ
2290 2998 2481 3053 τούτου
2513 2998 2751 3069 ἄρχοντα
2784 2998 2973 3073 ἓτερον
3015 2997 3065 3050 οι
3116 2984 3353 3065 Τοῦρκοι
3389 2996 3490 3048 οὐκ
3542 2995 3708 3064 ἒκτὴι-

2120 3107 2285 3145 σαντο
2328 3089 2550 3144 πώποτε
2577 3105 2591 3119 ⁰
2630 3089 2688 3157 ἐξ
2731 3082 2794 3144 οῦ
2841 3090 2938 3143 καὶ
2992 3089 3155 3160 μέχρι
3200 3088 3298 3158 τῆς
3350 3074 3605 3157 σήμερον
3635 3085 3705 3136 ἐκ

2120 3183 2224 3254 τῆς
2287 3183 2481 3237 τούτου
2542 3184 2737 3251 γενεᾶς
2791 3182 2976 3254 ἄρχων
3029 3179 3304 3250 Τουρκίας
3350 3178 3701 3232 καθίσταται.

2119 3275 2276 3331 Μετά
2302 3275 2359 3329 δέ
2380 3254 2538 3337 τινας
2572 3274 2796 3345 χρόνους
2827 3274 2942 3337 τοῖς
2975 3273 3240 3343 Τοῦρκοις
3268 3269 3627 3331 ἐπιπεσόντες
3652 3268 3715 3320 οἱ·

2120 3368 2513 3431 Πατζινακῖται
2539 3366 2879 3432 κατεδίωξαν
2914 3365 3114 3429 αὐτοὺς
3145 3363 3284 3436 μετά
3312 3361 3404 3416 τοῦ
3441 3361 3706 3430 ἄρχοντος

2121 3460 2302 3514 αὐτῶν
2345 3459 2614 3532 Ἀρπαδή.
2650 3461 2713 3512 Οἱ
2737 3455 2833 3513 οὖν
2862 3457 3097 3530 Τοῦρκοι
3119 3456 3425 3528 τραπέντες
3445 3454 3537 3507 καὶ
3565 3451 3704 3522 πρὸς

2122 3552 2442 3623 κατοίκησιν
2482 3554 2587 3622 γῆν
2635 3550 3051 3619 ἐπιζητοῦντες,
3109 3548 3356 3610 ἐλθόντες
3399 3541 3706 3607 ἁπεδξωξαν

2124 3637 2271 3697 οῦτοι
2300 3645 2428 3707 τοὺς
2452 3645 2553 3715 τὴν
2578 3643 2824 3714 μεγάλην
2844 3640 3132 3712 Μοραὸξαν
3162 3637 3572 3698 κατοικοῦντας,
3605 3633 3707 3686 καὶ

430 3736 511 3797 εἰς
554 3735 653 3805 τὴν
693 3735 800 3804 γῆν
851 3736 1034 3790 αὐτῶν
1079 3737 1527 3808 κατεσκήνωσαν,
1576 3738 1657 3801 εἰς
1689 3738 1755 3809 ἢν
1803 3735 1899 3791 νῦν
1949 3739 1999 3790 οἱ
2037 3737 2269 3809 Τοῦρκοι
2305 3737 2469 3810 μέχρι
2519 3739 2618 3809 τῆς
2648 3739 2889 3809 σήμερον
2956 3734 3268 3789 κατοικοῦσι
3293 3750 3307 3764 °
3348 3731 3441 3785 καὶ
3514 3730 3703 3782 ἔκτοτε

430 3831 668 3901 πὸλεμον
694 3834 743 3885 οἱ
772 3831 1005 3900 Τοῦρκοι
1035 3832 1174 3902 μετά
1204 3833 1313 3887 τῶν
1349 3832 1764 3897 Πατζινακιτῶν
1831 3833 1907 3904 (5)
1943 3833 2046 3888 οὐκ
2118 3835 2399 3905 ἐποίησαν.
2468 3834 2560 3897 Εἰς
2609 3833 2665 3886 δὲ
2727 3833 2787 3885 τὸ
2839 3829 3271 3901 κατασκηνῶσαν
3295 3828 3356 3881 τὸ
3390 3823 3705 3896 προρρηθὲν

430 3922 583 3986 ἔθνος
618 3922 726 3975 τῶν
768 3923 1029 3993 Τούρκων
1061 3923 1197 3993 πρὸς
1236 3923 1345 3995 τὴν
1385 3923 1651 3995 ἀνατολὴν
1688 3925 1767 3988 εἰς
1806 3924 1874 3977 τὰ
1902 3925 2004 3996 τῆς
2045 3926 2304 3997 Περσίδος
2345 3927 2486 3997 μέρη
2548 3926 2714 3995 μέχρι
2776 3923 2869 3978 τοῦ
2927 3922 3022 3977 νῦν
3065 3926 3492 3994 πραγματευτὰς
3559 3924 3704 3975 ἀπο-

431 4012 740 4066 στέλλουσιν
771 4005 917 4066 οῦτοι
955 4014 1004 4066 οι
1034 4014 1171 4086 πρὸς
1232 4013 1295 4067 τὸ
1325 4014 1539 4070 δυτικὸν
1582 4015 1748 4084 μέρος
1773 4014 2051 4080 οἰκοῦντες
2093 4017 2479 4089 προειρημένοι
2528 4014 2786 4086 Τοῦρκοι,
2841 4016 2935 4069 καὶ
2971 4014 3256 4085 βλέπουσιν
3307 4014 3506 4076 αὐτοὺς
3531 4055 3546 4079 ,
3601 4027 3701 4079 κη

430 4101 751 4173 ἀποκρίσεις
775 4103 906 4173 παρ’
935 4104 1115 4160 αὐτῶν
1189 4103 1326 4174 πρὸς
1399 4104 1596 4169 αὐτοὺς
1659 4105 1918 4170 πολλάκις
1989 4101 2438 4177 ἀποκομίζοὺσιν.
2481 4108 2603 4162 Ὀτι
2676 4110 2703 4161 6
2760 4107 2868 4161 τῶν
2907 4104 3314 4169 Πατζινακιτῶν
3351 4105 3529 4169 τόπος,
3563 4105 3621 4155 ὲν
3656 4096 3704 4169 ᾧ

434 4196 514 4265 τῷ
577 4198 696 4250 τότε
753 4197 929 4269 καιρῷ
979 4197 1312 4269 κατῴκησαν
1356 4200 1407 4253 οι
1454 4198 1707 4270 Τοῦρκοι,
1775 4200 2020 4256 καλεῖται
2061 4203 2204 4256 κατά
2247 4202 2345 4273 τὴν
2393 4204 2708 4273 ἐπωνυμίαν
2763 4202 2873 4255 τῶν
2916 4202 3095 4255 ἐκεῖσε
3163 4201 3332 4256 ὄντων
3403 4199 3693 4270 ποταμῶν.

434 4293 498 4346 Οἱ
532 4292 590 4348 δὲ
634 4296 869 4366 ποταμοὶ
903 4294 1040 4348 εἰσὶν
1076 4288 1222 4349 οὗτοι
1257 4312 1270 4326 ·
1329 4296 1572 4367 ποταμὲς
1617 4297 1834 4368 πρῶτος
1879 4298 1908 4349 6
1982 4298 2249 4371 καλοῦμεν
2277 4318 2315 4364 -ς
2347 4299 2566 4372 Βαρούχ
2597 4315 2610 4329 ·
2660 4299 2905 4370 ποταμὸς
2943 4298 3196 4369 δεύτερος
3241 4300 3269 4351 6
3338 4297 3676 4368 καλούμενος

1582 4440 1881 4498 ANSELMI
1912 4442 2049 4497 ΒΑΝ
2056 4444 2246 4502 DURII
2270 4443 2503 4501 NOTAE.

503 4557 621 4629 (99)
654 4556 754 4632 _Sic
781 4570 849 4612 ex
878 4570 1015 4611 mss.
1041 4555 1335 4628 Perperam
1368 4575 1497 4616 vero
1525 4561 1727 4632 legitur
1757 4562 1811 4617 in
1842 4561 2005 4618 editis
2041 4570 2081 4625 ι)
2113 4565 2365 4620 Latinum
2415 4571 2644 4618 scutum.
2695 4559 2803 4632 Sed
2856 4558 3235 4632 observanzlus
3279 4567 3363 4632 est
3402 4556 3492 4632 hic
3525 4558 3695 4621 ritus.

439 4628 592 4699 ἰδριω
600 4628 782 4699 μ-ένος.

508 4699 588 4767 (1)
630 4696 688 4771 lu
715 4697 875 4771 editis
903 4700 1068 4769 paulo
1095 4699 1237 4755 infra
1282 4700 1371 4755 hic
1402 4701 1743 4770 ’Λλμούτζης
1770 4703 2007 4771 appella-

437 4766 548 4852 t'ur,
576 4768 718 4848 unde
756 4766 1026 4849 Mettrsius
1060 4771 1353 4852 utrehique
1389 4766 2009 4852 ’Aipodzzﬂb‘sérihgu-

435 4839 571 4960 illumt
590 4835 695 4904 ait;
730 4846 785 4892 at
817 4837 871 4892 in
925 4854 1027 4893 ms.
1079 4835 1275 4896 codice
1319 4835 2009 4912 ιιιιοὺῖίιιιοιΣαλμούτζης

463 4924 545 4960 cet
576 4922 661 4959 ur.
1244 4952 1268 4960 -

463 4909 661 4975 cgitur.

509 4952 916 5048 iii-Perperam
969 4977 1023 5033 in
1092 4952 1268 5035 editis;
1299 4988 1353 5034 et
1401 4980 1454 5034 in
1506 4995 1639 5035 mss.
1686 4980 1885 5048 legitur
1925 4982 2009 5033 ei-

445 5063 570 5107 περ,
605 5055 714 5103 (διε.

505 5064 510 5097 ;
605 5064 714 5103 etc.

505 5064 582 5183 ἕξ)
624 5114 915 5184 Nimirum,
958 5134 1108 5187 quem
1153 5119 1314 5172 etiam
1361 5118 1583 5172 solemni
1619 5116 1991 5172 Claasarornm

439 5201 581 5238 more
606 5202 667 5239 ac
688 5190 1060 5242 consuetudine
1085 5190 1136 5242 in
1163 5199 1313 5242 scuto
1346 5198 1576 5242 erectum
1602 5189 1894 5257 principem
1927 5188 2008 5256 [e-

437 5267 640 5309 cernnt.
673 5257 916 5310 Ζάκανον
960 5274 1123 5324 μοι·το
1164 5273 1268 5311 vox
1301 5257 1514 5327 lllyrica
1553 5273 1645 5327 seu
1695 5257 1854 5310 Slnva
1886 5273 2009 5311 σοι·-

439 5333 597 5396 rupte
648 5327 853 5396 scripta
909 5328 1156 5382 videlicet
1215 5325 1412 5389 Sakon,
1475 5327 1559 5381 vel
1608 5325 1801 5391 Sacen,
1843 5337 1898 5382 et
1951 5327 2007 5381 in

441 5394 633 5466 plurali
660 5394 891 5458 Sakona,
939 5398 1110 5466 legem
1137 5406 1190 5451 ct
1230 5398 1684 5450 consuetudinem
1727 5397 2004 5463 signiﬁcat

439 5464 516 5517 uti
538 5465 783 5533 pluribus
803 5464 1116 5519 monuimus
1139 5480 1303 5534 supra
1321 5466 1521 5535 atlcap.
1547 5467 1580 5520 8
1609 5467 1836 5533 hujusce
1858 5467 2005 5532 libri,

440 5535 529 5586 ubi
565 5535 652 5589 hic
682 5537 796 5604 ipsa
832 5550 963 5589 voce
1002 5537 1175 5588 utitur
1217 5537 1454 5604 scriptor
1495 5546 1700 5590 uoster.
1736 5536 2003 5590 Creteruut

441 5618 721 5675 perperam
746 5606 857 5675 huc.
884 5606 1081 5675 legitur
1116 5605 1166 5658 in
1204 5604 1385 5667 editis,
1415 5604 1562 5675 ἔθνος
1590 5621 1689 5675 pro
1717 5607 1853 5668 ἔθος.

512 5672 585 5744 (γι)
626 5672 900 5739 Σικὼνειν,
941 5672 1210 5727 σικόννειν
1264 5682 1317 5729 ct
1368 5672 1653 5744 σηκώνεξν,
1713 5678 2003 5737 subletare,

445 5741 627 5795 tollere
652 5752 699 5795 et
728 5745 924 5813 erigere
975 5745 1279 5816 signiﬁcat;
1321 5741 1646 5816 σκοντάριον
1709 5759 1897 5802 autem
1922 5756 2005 5802 cst

2117 4643 2279 4690 scuto
2328 4634 2644 4703 impositum
2681 4628 2905 4703 tollendi
2956 4627 3260 4703 principem
3318 4627 3702 4703 designatum;

2115 4706 2208 4772 qui
2237 4696 2457 4773 quidem
2502 4701 2816 4773 communis
2873 4696 3003 4773 erat
3043 4696 3501 4773 tam_»l{0tuanis_
3530 4714 3699 4773 quam

2117 4764 2394 4828 liarb'ttris.
2414 4772 2740 4827 Ammianus
2771 4768 3116 4823 Marcellinus
3145 4766 3240 4819 lih.
3267 4781 3356 4829 xx,
3379 4764 3448 4820 de
3475 4764 3702 4822 Iuliano

2118 4859 2145 4896 ιι
2182 4843 2478 4897 Gallicanis
2521 4841 2786 4895 militibus
2816 4839 3062 4907 principe
3111 4834 3430 4907 renuntiato
3460 4834 3700 4907 :Almpq-

2118 4915 2354 4983 situsque
2383 4921 2532 4966 scuto
2560 4905 3702 4983 pedestri,“_subtatius_entinens,_:populo

2118 4973 2329 5046 silente,
2382 4973 2653 5051 Angustus
2696 4978 3085 5051 renuntiatus,
3113 4973 3700 5051 jubebatur-"dicacula

2118 5040 2374 5121 proferre,
2420 5040 2664 5106 anaras
2696 5049 2755 5103 in
2801 5040 3138 5121 Justiniano,
3178 5043 3280 5121 ubi
3304 5043 3372 5121 dc
3403 5040 3641 5121 iiypatig
3670 5059 3702 5098 τι

2117 5111 2396 5177 seditiosis
2441 5122 2495 5173 in
2520 5122 2899 5187 impenderent
2943 5115 3118 5187 electo
3150 5131 3163 5166 :
3197 5113 3291 5187 nati.
3333 5112 3427 5165 ἐπὶ
3455 5111 3701 5187 ξάσπλίᾷος

2116 5192 2280 5245 αὑτὸν
2336 5181 2630 5261 μετάρσιον
2686 5189 2941 5261 ἀραντες,
2998 5182 3395 5261 ἀναγορεύουσι
3450 5181 3703 5252 βασιλέα,

2116 5272 2272 5331 atque
2300 5255 2556 5331 ciypeo'in
2589 5255 2810 5331 snbtinte
2840 5255 3060 5313 elatum,
3098 5257 3474 5331 imperatorem
3504 5267 3707 5331 censu-

2119 5321 2315 5384 luiant.
2350 5321 2627 5385 tmterum
2675 5328 2742 5381 de
2770 5328 2870 5379 hoc
2925 5338 3076 5377 more
3119 5323 3353 5391 eligendi
3393 5321 3704 5390 principem

2121 5401 2378 5470 pluribus
2431 5415 2590 5470 egere
2634 5397 2876 5470 Pitlneus
2931 5394 3027 5447 lib.
3080 5407 3117 5445 ιι
3165 5393 3414 5470 Advers.‘
3449 5405 3575 5470 cap.
3623 5406 3703 5452 vt:

2116 5461 2334 5540 Lipsius
2384 5461 2779 5540 ad"'l‘acitum,
2833 5465 3149 5540 Demsterus
3235 5461 3301 5513 ad
3342 5461 3703 5540 .Corippum,

2118 5531 2373 5596 valesius
2412 5541 2478 5592 ad
2516 5536 2886 5597 Ammianum,
2925 5543 2979 5586 cl
3016 5532 3104 5584 alii
3135 5531 3554 5600 qnatnplurimi.

2187 5612 2263 5679 (5)
2305 5612 2359 5663 In
2390 5625 2523 5664 mss.
2552 5608 2765 5677 legitur.
2803 5606 2952 5673 παρὶ
2986 5602 3090 5656 τῶν
3122 5600 3533 5664 Ιικτζινακιτῶν
3586 5600 3691 5652 οὐκ

2116 5681 2389 5745 ἐδέξαντο.
