4108 6426
473 327 584 394 323

1511 326 2024 390 CONSTANTINI
2059 325 2745 390 PORPHYROGENITI

3649 321 3757 388 324

474 447 737 502 nimirum
775 445 1020 516 regione,
1051 459 1219 515 quam
1263 460 1294 499 a
1341 443 1666 500 ﬂuminibus
1700 445 2064 514 cognomina-

2179 447 2358 509 κάκως
2385 446 2495 518 (12)
2522 445 2850 510 ἀπεδίωξαν.
2875 444 2940 498 Οἱ
2958 443 3014 497 δὲ
3033 443 3078 496 Τ
3080 441 3268 513 οῦρκοι
3290 441 3756 514 ὑποστρέψαντες,

477 548 590 594 tam
639 554 764 596 esse
806 553 974 610 supra
1020 537 1286 593 diximus.
1324 537 1504 592 Locus
1528 546 1733 602 autem,
1763 551 1924 606 quem
1953 535 2065 606 pri-

477 634 648 686 mitus
713 630 908 685 'i‘urca:
962 631 1332 700 occupabant,
1399 643 1429 682 a
1483 627 1650 682 ﬂuvio
1702 628 2067 682 interlabente

477 733 828 792 nuncupatur
881 721 997 776 Etei
1043 729 1098 776 et
1142 720 1317 785 Cuzu,
1360 718 1414 773 in
1453 735 1564 789 quo
1616 731 1765 774 nunc
1813 717 2068 772 Patzina-

476 817 602 870 cita:
634 825 1088 878 commorantur;
1130 828 1160 867 a
1202 811 1402 883 quibus
1438 826 1570 866 sane
1601 809 1749 881 pulsi
1781 808 1978 865 Turca:
2012 819 2067 866 et

476 909 872 978 profugientes,
907 905 1067 961 sedes
1123 913 1430 975 posuerunt
1471 905 1605 968 illic,
1657 904 1750 959 ubi
1791 918 1940 958 nunc
1973 903 2070 957 ba-

477 1001 677 1056 bitant.
715 999 772 1053 in
825 999 928 1052 hoc
962 1004 1145 1052 autem
1193 998 1316 1053 ioco
1347 998 1572 1066 antiqua
1603 995 1852 1065 quaedam
1890 995 2070 1050 monio

477 1103 664 1146 menta
707 1083 1003 1160 supersunt
1030 1104 1046 1155 ;
1082 1091 1223 1144 inter
1252 1104 1374 1160 quae
1403 1103 1543 1159 pons
1572 1088 1797 1160 'Irajani
1833 1089 2070 1158 impera-

475 1184 614 1237 toris
661 1181 727 1236 ad
779 1179 937 1235 initia
972 1180 1211 1246 Turcize,
1263 1189 1318 1236 et
1359 1179 1676 1252 Beiegrada,
1723 1195 1846 1251 qua:
1897 1177 2067 1233 trium

476 1272 690 1328 dierum
726 1271 926 1328 itinere
958 1273 1028 1328 ab
1057 1272 1178 1342 ipso
1224 1280 1396 1343 ponte
1427 1271 1618 1339 distat,
1649 1271 1742 1328 ubi
1779 1272 1951 1327 turris
1984 1277 2070 1327 est

476 1363 654 1418 sancti
690 1379 753 1419 ac
782 1365 965 1434 magni
993 1363 1346 1419 Constantini
1376 1365 1754 1435 imperatoris,
1783 1372 1839 1419 et
1869 1377 2068 1420 rursus

474 1455 542 1508 ad
598 1469 824 1510 cursum
869 1454 1114 1510 ﬂuminis
1157 1461 1338 1512 exstat
1394 1454 1683 1520 Sirmium,
1714 1455 1886 1526 quod,
1915 1454 2072 1509 Bele-

475 1545 643 1614 grada
695 1544 848 1600 abest
900 1545 1139 1600 duorum
1185 1545 1402 1601 dierum
1444 1547 1640 1601 itinere
1677 1545 1845 1601 :inde
1876 1559 2070 1617 magna

474 1637 718 1692 Moravia
747 1638 1022 1706 baptismo
1043 1651 1264 1700 carens,
1285 1652 1450 1707 quam
1475 1635 1668 1693 Turcae
1689 1637 2068 1698 devastarunt,

475 1730 750 1800 cujusque
797 1729 1055 1800 princeps
1085 1728 1216 1784 olim
1246 1729 1351 1784 fuit
1389 1728 1873 1799 Spbendoplocus.
1912 1729 2073 1799 110

2166 539 2263 594 καὶ
2315 539 2415 610 τὴν
2468 537 2653 608 χώραν
2691 536 2872 592 αὐτῶν
2925 535 3100 600 οὕτως
3138 535 3387 606 εὑρόντες
3424 534 3630 606 ἔρημον
3661 535 3760 590 καὶ

2167 631 2674 702 κατηφανισμὲνην,
2719 631 3149 699 κατεσκήνωσαν
3195 629 3275 690 εἰς
3306 627 3404 700 τὴν
3436 627 3657 697 γῆνςείς
3689 628 3759 698 ἣν

2169 725 2265 778 καὶ
2297 725 2543 795 σήμερον
2593 721 2933 786 κατοικοῦσι,
2963 721 3065 790 τὴν
3092 718 3576 792 ἐπονομαζομένην
3613 719 3759 773 κατὰ

2167 818 2266 890 τὴν
2305 817 2566 887 ἀνωτέρω
2601 816 2738 888 (i3),
2771 815 2846 878 ὡς
2877 813 3116 884 εἴρηται,
3163 813 3274 866 τῶν
3310 810 3574 881 ποταμῶν
3609 811 3759 863 ἐπω-

2167 909 2390 981 νυμίαν.
2439 908 2498 961 '0
2519 909 2577 962 δέ
2617 907 2783 972 τόπος
2814 908 2874 962 ἐν
2903 901 2948 975 ᾧ
2977 906 3247 977 πρότερον
3279 905 3329 957 oi
3379 901 3612 972 Τοῦρκοι
3661 902 3764 954 ὐπ-

2168 1003 2362 1072 ἦρχον,
2411 998 2737 1071 ὀνομάζεται
2764 999 2907 1053 κατὰ
2943 998 3042 1069 τὴν
3107 997 3424 1068 ἐπωνυμίαν
3452 992 3549 1047 τοῦ
3579 995 3763 1047 ἐκεῖσε

2169 1092 2518 1165 διερχομένου
2551 1089 2801 1163 ποταμοῦ
2844 1088 2997 1144 Ἐτέλ
3039 1089 3134 1142 καὶ
3185 1085 3399 1151 Κουζοὺ
3456 1084 3590 1156 (14),
3625 1085 3684 1138 ἐν
3715 1076 3764 1152 ᾧ

2169 1185 2374 1258 ἀρτίως
2406 1185 2455 1237 οἱ
2486 1183 2880 1248 Πατζινακῖται
2921 1177 3271 1235 κατοικοῦσιν
3301 1195 3316 1210 ·
3353 1179 3401 1230 οῖ
3433 1176 3490 1230 δὲ
3524 1174 3766 1246 Τοῦρκοι

2170 1280 2324 1350 παρὰ
2350 1279 2460 1332 τῶν
2495 1275 2908 1342 Πατζινακιτῶν
2927 1273 3243 1344 διωχθέντες
3290 1264 3456 1340 ἦλθον
3493 1267 3590 1322 καὶ¹
3622 1284 3764 1322 κατ-

2170 1372 2491 1443 εσκήνωσαν
2557 1369 2640 1433 είς
2675 1366 2776 1438 τὴν
2815 1365 2922 1437 γῆν
2974 1368 3054 1428 εἰς
3105 1363 3173 1435 ἢν
3223 1361 3321 1416 νῦν
3371 1359 3633 1415 οἰκοῦσιν.
3674 1359 3769 1413 Ἐν

2171 1463 2324 1534 αὐτῷ
2362 1461 2421 1516 δέ
2460 1461 2539 1532 τῷ
2585 1461 2738 1532 τόπῳ
2789 1457 2995 1512 παλαιά
3048 1455 3173 1511 τινά
3204 1454 3322 1508 ἐστι
3349 1452 3713 1525 γνωρίσματα
3745 1467 3766 1485 ο

2172 1555 2269 1611 καὶ
2299 1555 2516 1627 πρῶτον
2545 1554 2646 1625 μέν
2677 1555 2825 1607 ἐστιν
2853 1553 2886 1622 ἡ
2918 1549 3013 1604 τοῦ
3043 1547 3306 1621 βασιλέως
3348 1543 3622 1618 Τραϊανοῦ
3667 1546 3768 1613 γέ-

2174 1665 2322 1720 φυρα
2353 1646 2496 1702 κατὰ
2519 1645 2618 1718 τὴν
2648 1645 2750 1716 τῆς
2783 1643 3057 1716 Τουρκίας
3092 1642 3271 1713 ἀρχήν
3307 1656 3321 1670 ο
3355 1639 3550 1693 ἔπειτα
3580 1637 3636 1690 δέ
3668 1635 3770 1690 καὶ

2174 1739 2491 1812 Βελὰγραδα
2521 1739 2628 1794 ἀπὸ
2655 1736 2824 1808 τριῶν
2857 1734 3082 1806 ἡμερῶν
3127 1733 3228 1803 τῆς
3269 1731 3442 1801 αὐτῆς
3494 1727 3769 1799 γεφύρας,

474 1821 654 1892 Atque
714 1821 829 1876 inec
873 1821 1094 1891 quidem
1144 1820 1300 1892 juxta
1353 1821 1556 1876 istrum
1606 1822 1810 1876 ﬂumen
1871 1835 2069 1874 monu-

2179 1834 2231 1886 ἐν
2330 1829 2426 1883 καὶ
2451 1830 2480 1882 6
2503 1828 2715 1899 πύργος
2741 1828 2860 1880 ἐστὶ
2894 1825 2988 1879 τοῦ
3015 1826 3172 1894 ἁγίου
3201 1824 3296 1878 καὶ
3331 1820 3572 1892 μεγάλου
3605 1821 3771 1895 Κων-

476 1921 659 1969 menta
711 1921 864 1979 sunt,
921 1920 974 1968 et
1019 1912 1371 1984 cognomina.
1419 1912 1696 1968 Ulteriora
1742 1928 1894 1980 vero,
1949 1927 2072 1982 qua:

475 2007 661 2062 omnia
695 2004 896 2062 Turcis
935 2005 1279 2071 habitantur,
1325 2005 1656 2076 cognomina
1689 2020 1835 2061 nunc
1867 2004 2074 2060 habent

475 2112 506 2151 λ
566 2098 887 2154 ﬂuminibus
955 2097 1496 2154 transcurrentibus.
1548 2096 1748 2152 Eorum
1831 2097 2070 2166 primum

475 2187 729 2245 'l‘imeses
781 2198 907 2256 est;
956 2189 1192 2244 alterum
1248 2188 1464 2257 Tutes;
1517 2189 1740 2245 tertium
1790 2187 2071 2257 Moreses;

476 2288 737 2348 quartum
778 2279 1018 2346 Crisus;
1055 2279 1306 2352 quintum
1359 2279 1538 2336 Titza.
1585 2281 1846 2338 Conﬁnes
1885 2291 2072 2336 autem

475 2367 676 2425 Turcis
736 2379 866 2441 sunt
913 2369 1186 2426 orientem
1253 2386 1450 2428 versus
1509 2371 1770 2444 Buigari;
1827 2371 1920 2428 ubi
1977 2386 2075 2428 eos

474 2463 615 2518 ister
655 2460 880 2529 ﬂuvius,
935 2462 1030 2534 qui
1070 2471 1127 2518 et
1181 2463 1467 2524 Danubius
1513 2465 1742 2532 dicitur,
1786 2472 2008 2536 separat
2055 2483 2071 2520 :

473 2552 907 2623 septentrionem
960 2567 1152 2610 versus
1190 2552 1579 2623 Patzinacitaa;
1617 2555 1683 2611 ad
1727 2556 2072 2612 occidentem

474 2641 708 2711 Franci;
771 2645 866 2714 ad,
901 2645 1188 2702 meridiem
1233 2645 1523 2703 Cbrobati.
1582 2646 1719 2706 Octo
1790 2662 1923 2704 vero
1991 2646 2076 2702 ba:

475 2736 779 2793 Turcarum
842 2745 1034 2808 gentes
1093 2738 1445 2810 principibus
1478 2740 1596 2797 suis
1639 2739 1904 2811 subjectae
1961 2753 2076 2796 non

477 2836 630 2894 sunt,
679 2828 777 2884 sed
808 2828 1061 2899 singulae,
1110 2844 1208 2900 pro
1250 2829 1596 2900 ﬂuminibus,
1635 2832 1840 2903 quibus
1875 2831 2078 2888 distin-

477 2927 743 2988 guuntur,
803 2931 998 2974 ιιιυῑιιο
1076 2919 1218 2975 inter
1279 2935 1344 2977 εθ
1405 2930 1699 2979 contractu
1763 2931 2079 2980 statuerunt

477 3027 872 3083 quamcunque
914 3023 1125 3084 partem
1187 3013 1334 3072 bello
1371 3015 1626 3071 infestari
1671 3017 1990 3088 contigerit,
2024 3016 2077 3074 ei

477 3103 850 3160 communiter
891 3105 1041 3160 omni
1075 3103 1263 3162 studio
1292 3115 1348 3164 et
1395 3121 1529 3164 cura
1572 3108 1854 3180 suppetias
1904 3107 2074 3166 ferre.

479 3192 697 3250 Habent
725 3203 907 3252 autem
955 3195 1195 3268 primum
1229 3198 1428 3255 ducem
1463 3199 1744 3257 exercitus
1767 3199 2076 3272 principem

478 3305 511 3344 c
548 3289 810 3360 prosapia
851 3288 1092 3359 Arpade,
1143 3306 1269 3347 cum
1322 3306 1435 3362 quo
1493 3292 1602 3349 duo
1651 3293 1745 3349 alii
1809 3293 1962 3365 gyias
2023 3302 2078 3352 et

479 3385 762 3452 carclian,
809 3387 902 3458 qui
947 3387 1198 3458 judicum
1265 3389 1441 3446 vicem
1486 3389 1761 3447 obtinent.
1807 3389 1875 3445 Et
1912 3389 2079 3447 habet

481 3493 820 3550 unaquaeque
865 3495 1002 3552 gens
1052 3462 1388 3551 peculiarem
1442 3483 1793 3555 principem;
1836 3492 2078 3556 suntque

478 3573 634 3643 gylas
685 3583 740 3629 et
784 3574 1027 3629 carcban
1057 3589 1168 3630 non
1219 3575 1443 3632 nomina
1474 3578 1722 3649 propria,
1772 3577 1867 3634 sed
1898 3577 2078 3649 digni-

478 3677 644 3723 tates.
697 3667 998 3726 Sciendum
1051 3683 1184 3725 vcro
1227 3669 1500 3740 Arpadem
1545 3685 1808 3740 magnum
1859 3670 2079 3728 Turcite

478 3761 786 3834 principem
827 3761 972 3818 tilios
997 3762 1263 3834 genuisse
1289 3771 1552 3834 quatuor.
1587 3779 1829 3835 quorum
1863 3765 2078 3836 primus

480 3850 823 3918 'l‘areatzus;
895 3851 1176 3910 secundus
1236 3851 1467 3919 Jclecb;
1527 3855 1726 3911 tertius
1783 3853 2078 3923 Jutotzas;

481 3950 721 4012 quartus
789 3941 1011 4000 Zaltan.
1084 3943 1304 4001 Rursus
1387 3945 1609 4017 Arpade
1679 3947 2080 4019 primogenitus

480 4034 786 4092 'l’arcatzus
869 4034 1040 4092 lilium
1119 4035 1314 4092 habuit
1386 4035 1622 4106 Tebeie;
1685 4039 1827 4094 alter
1894 4038 2080 4096 Jeiech

481 4127 656 4181 tilium
728 4127 920 4197 genuit
992 4127 1268 4195 Ezeiecb;
1344 4129 1544 4187 tertius
1599 4131 2081 4195 Jutotzasﬁlium

481 4221 731 4292 suscepit
777 4219 1075 4288 Phalitzin,
1105 4221 1202 4292 qui
1258 4238 1406 4278 nunc
1446 4223 1813 4294 principatum
1864 4231 2014 4280 tenet
2064 4243 2078 4279 :

480 4323 714 4384 quartus
777 4313 963 4372 Zaltas
1025 4314 1198 4372 ﬁlium
1261 4315 1452 4372 babuit
1523 4316 1722 4372 Taxin.
1785 4315 2084 4385 Etﬂomnes

478 4406 702 4478 quidem
751 4406 976 4478 Arpade
1033 4407 1132 4464 lilii
1190 4410 1395 4467 mortui
1459 4419 1626 4478 sunt,
1689 4410 2084 4482 superstitibus

2177 1923 2463 1978 σταντίνου
2513 1921 2610 1975 τοῦ
2664 1919 2932 1991 βασιλέως
2965 1934 2981 1951 ο
3013 1918 3108 1973 καὶ
3136 1916 3300 1971 πάλιν
3331 1916 3477 1968 κατὰ
3522 1913 3622 1983 τὴν
3670 1913 3773 1965 τοῦ

2177 2014 2425 2086 ποταμοῦ
2480 2013 2755 2085 ἐκδρομὴν
2807 2012 2920 2066 ἔστι
2957 2012 3017 2065 τὸ
3056 2011 3292 2082 Σέρμιον
3335 2009 3515 2062 ἐκεῖνο
3557 2007 3618 2060 τὸ
3675 2008 3776 2060 λε-

2177 2108 2432 2178 γόμενον,
2460 2105 2569 2161 ἀπὸ
2607 2105 2708 2175 τῆς
2740 2104 3053 2177 Βελγράδας
3078 2103 3193 2156 ὁδὸν
3225 2101 3348 2171 ἕχον
3377 2099 3603 2172 ἡμερῶν
3635 2099 3730 2153 δύο
3752 2115 3771 2131 ·

2177 2203 2272 2258 καὶ
2292 2200 2404 2257 ἀπὸ
2431 2200 2540 2255 τῶν
2566 2200 2746 2253 ἐκεῖσε
2775 2203 2807 2268 ἡ
2865 2197 3081 2270 μεγάλη
3120 2195 3396 2266 Μοραόία,
3450 2194 3484 2264 ἡ
3536 2193 3777 2246 ἀδάπτι-

2178 2311 2327 2358 στος,
2360 2295 2427 2365 ἣν
2463 2293 2558 2349 καὶ
2599 2289 2893 2360 ἐξήλειψαν
2941 2292 2990 2341 οἱ
3013 2286 3249 2358 Τοῦρκοι
3274 2287 3411 2357 (i5),
3441 2278 3508 2374 ᾗς
3536 2280 3675 2355 ἦρχε
3710 2283 3779 2336 τὸ

2177 2385 2445 2456 πρότερον
2477 2385 2506 2438 6
2536 2379 2942 2451 Σφενδοπλόκος
2980 2377 3117 2450 (i6).
3156 2375 3345 2432 Ταῦτα
3389 2375 3489 2446 μὲν
3526 2375 3594 2428 τά
3627 2374 3778 2430 κατὰ

2176 2478 2268 2534 τὸν
2297 2478 2511 2547 Ἴστρον
2535 2473 2780 2544 ποταμὸν
2810 2471 3170 2542 γνωρίσματα
3199 2487 3260 2523 τε
3295 2469 3391 2522 καὶ
3424 2467 3774 2538 ἐπωνυμίαι·

2175 2569 2278 2624 τὰ·
2300 2569 2360 2622 δέ
2410 2567 2662 2640 ἀνώτερα
2709 2565 2939 2629 τούτων,
2991 2563 3050 2617 ἐν
3097 2557 3337 2631 ᾧέστιν
3389 2563 3422 2632 ή
3473 2561 3626 2615 πᾶσα
3670 2560 3776 2630 τῆς

2180 2661 2458 2733 Τουρκίας
2503 2659 2951 2730 κατασκήνωσις,
3012 2656 3219 2726 ἀρτίως
3270 2651 3600 2724 ὀνομάζουσι
3628 2651 3774 2706 κατᾶ

2177 2755 2279 2818 τὰς
2301 2754 2511 2808 τούτων
2541 2753 2720 2808 ἐκεῖσε
2756 2751 2990 2822 ῥεόντων
3040 2747 3302 2818 ποταμῶν
3333 2745 3671 2816 ἐπωνυμίας.
3706 2745 3777 2798 Οῖ

2177 2844 2235 2897 δὲ
2270 2842 2510 2914 ποταμοὶ
2555 2842 2698 2896 εἰσὶν
2739 2835 2889 2894 οὗτοι
2917 2857 2931 2872 ·
2966 2839 3215 2911 ποταμὸς
3255 2839 3476 2910 πρῶτος
3520 2841 3548 2891 6
3595 2838 3779 2906 Τιμήο

2181 2952 2282 3007 σης
2308 2951 2322 2964 ·
2350 2935 2597 3006 ποταμὸς
2644 2932 2898 3003 δεύτερος
2941 2931 3153 3000 Τούτης
3194 2931 3343 3001 (17)“
3398 2929 3642 2998 ποταμὸς
3669 2925 3718 2998 γ’
3747 2930 3779 2986 ὁ

2180 3025 2447 3098 Μορήσης
2479 3041 2494 3055 ο
2524 3024 2566 3078 δ’
2599 3025 2630 3078 6
2661 3023 2866 3094 Κρίσος
2902 3039 2917 3054 ·
2950 3023 3046 3078 καὶ
3081 3021 3248 3076 πάλιν
3299 3021 3485 3091 ἕτερος
3529 3019 3780 3090 ποταμὶς

2181 3119 2216 3190 ή
2248 3117 2441 3182 Τίτζα.
2479 3115 2850 3186 Πλησιὰζουσι
2888 3114 2946 3170 δέ
2990 3116 3104 3176 τοῖς
3151 3113 3416 3184 Τούρκοις
3469 3113 3580 3184 (18)
3637 3112 3780 3183 πρὸς

2182 3211 2284 3282 μὲν
2337 3211 2398 3265 τὸ
2443 3208 2769 3266 ἀνατολικὸν
2814 3208 2980 3280 μέρος
3010 3207 3059 3261 οἱ
3114 3205 3436 3276 Βοὺλγαροι,
3487 3207 3546 3259 ἐν
3593 3197 3638 3272 ᾧ
3679 3205 3784 3258 καὶ

2179 3303 2498 3377 διαχωρίζει
2530 3304 2729 3368 αὐτοὺς
2758 3305 2787 3357 6
2817 3305 3052 3373 Ἴστρος,
3089 3304 3117 3356 6
3165 3301 3262 3356 καὶ
3303 3285 3592 3364 Δανούϐιος
3616 3300 3780 3368 λεγόο

2184 3413 2347 3468 μενος
2373 3396 2620 3461 ποταμός
2648 3411 2662 3428 ο
2687 3395 2826 3467 πρὸς
2843 3394 2902 3448 δέ
2926 3395 2988 3448 τὸ
3017 3394 3226 3466 βόρειον
3249 3393 3300 3446 oi
3339 3391 3740 3456 Πατζινακῖται
3762 3409 3778 3424 ·

2181 3491 2321 3562 πρὸς
2370 3490 2432 3543 δέ
2470 3487 2533 3542 τὸ
2587 3486 2950 3559 δυτικὼτερον
2982 3487 3032 3540 οἱ
3064 3486 3310 3556 Φράγγοι
3343 3499 3357 3514 °
3411 3485 3548 3556 πρὸς
3597 3483 3652 3538 δέ
3715 3484 3780 3537 τὸ

2184 3578 2565 3652 μεσημϐρινὸν
2613 3579 2664 3632 οῖ
2711 3577 3023 3650 Χρὼὅατοι.
3057 3577 3124 3632 Αἱ
3155 3575 3212 3628 δὲ
3243 3575 3390 3630 ὀκτὼ
3436 3573 3622 3644 γενεαὶ
3663 3573 3780 3628 τῶν

2181 3671 2442 3741 Τούρκων
2475 3661 2637 3722 αὗται
2687 3668 2826 3737 πρὸς
2885 3668 3014 3732 τοὺς
3065 3669 3301 3730 οἰκείους
3358 3667 3630 3738 ἄρχοντας
3675 3665 3783 3736 οὐχ

2184 3762 2582 3826 ὑπακούουσιν,
2610 3761 2728 3816 ἀλλ’
2766 3759 3025 3832 ὁμόνοιαν
3076 3759 3293 3830 ἔχουσιν
3336 3760 3415 3823 εἰς
3441 3759 3568 3822 τοὺς
3602 3774 3780 3811 ποτα-

2182 3857 2346 3929 μοὺς,
2381 3857 2462 3918 εἰς
2511 3847 2624 3908 οἷον
2655 3852 2820 3924 μέρος
2857 3851 3156 3923 προϐάλλει
3198 3850 3434 3920 πόλεμος
3471 3847 3780 3916 συναγωνί-

2186 3949 2378 4017 ζεσθαι
2406 3946 2547 4019 μετὰ
2569 3946 2752 4018 πάσης
2779 3944 3059 4015 φροντίδος
3077 3961 3136 3996 τε
3161 3943 3256 3998 καὶ
3275 3941 3531 4014 σπουδῆς.
3556 3942 3786 4012 Ἔχουσι

2183 4043 2242 4097 δὲ
2266 4038 2512 4111 κεφαλὴν
2545 4038 2657 4108 (i9)
2685 4036 2911 4108 πρώτην
2936 4035 3028 4090 τὸν
3058 4035 3297 4107 ἄρχοντα
3329 4033 3438 4088 ἀπὸ
3463 4034 3563 4104 τῆς
3584 4034 3786 4103 γενεᾶς

2183 4133 2281 4190 τοῦ
2331 4131 2574 4204 Ἀρπαδὴ
2611 4131 2754 4188 κατὰ
2785 4129 3129 4194 ἀκολουθίαν,
3157 4128 3253 4183 καὶ
3285 4126 3381 4181 δύο
3413 4127 3656 4198 ἐτέρους,
3687 4126 3784 4178 τόν

2184 4245 2246 4282 τε
2294 4224 2501 4295 γυλὰν,
2555 4225 2655 4280 καὶ
2707 4223 2799 4276 τὸν
2854 4220 3090 4292 καρχὰν,
3135 4219 3334 4284 οἵτινες
3387 4219 3569 4290 ἔχουσι
3627 4217 3784 4283 τάξιν

2189 4316 2382 4390 κριτοῦ
2408 4333 2421 4347 ·
2451 4316 2567 4388 ἔχει
2595 4315 2654 4369 δὲ
2684 4315 2889 4384 ἑκάστη
2945 4312 3110 4382 γενεὰ
3159 4311 3421 4384 ἄρχοντα.
3470 4311 3669 4365 ’ἰστέον
3697 4312 3785 4364 ὅτι

2191 4413 2221 4465 6
2259 4409 2432 4480 γυλὰς
2480 4407 2577 4463 καὶ
2605 4408 2633 4461 6
2682 4407 2898 4477 καρχὰν
2937 4405 3042 4459 οὐκ
3098 4405 3237 4459 εἰσὶν
3296 4403 3539 4474 ὀνόματα
3589 4403 3783 4476 κύρια,

481 4505 697 4552 tantum
738 4511 931 4553 eorum
989 4499 1284 4570 nepotibus
1329 4500 1497 4557 Pbaie
1546 4511 1603 4558 et
1633 4500 1776 4558 Tase
1807 4517 1930 4557 cum
1983 4517 2075 4572 pa-

2191 4501 2330 4557 ἁλλὰ
2377 4498 2686 4570 ἀξιώματα.
2737 4496 2934 4551 ’ἰστέον
2983 4497 3066 4550 ὃτι
3114 4498 3144 4550 6
3198 4495 3477 4567 ’Δρπαδὴς
3525 4497 3554 4549 6
3609 4495 3785 4566 μέγας

479 4588 646 4642 trueli
709 4603 901 4643 eorum
945 4587 1116 4657 Taxi;
1185 4591 1526 4664 chelesque
1604 4593 1850 4649 moriens
1911 4593 2083 4648 lilium

479 4676 704 4749 reliquit
771 4676 1162 4747 Termatzum,
1225 4681 1321 4753 qui
1374 4697 1553 4753 nuper
1598 4683 1655 4738 iu
1710 4683 1942 4753 gratiam
2005 4697 2088 4738 rc-

2194 4592 2468 4665 Τουρκίας
2497 4590 2681 4662 ἅρχων
2707 4589 2934 4660 ἐποίησε
2963 4587 3005 4640 δ’
3035 4586 3207 4651 υἱοὺς,
3257 4586 3482 4658 πρῶτον
3515 4586 3609 4639 τὸν
3640 4587 3792 4658 Ταρ-

2199 4685 2458 4751 κατζοῦν,
2488 4685 2740 4754 δεύτερον
2770 4681 2862 4737 τὸν
2886 4682 3078 4753 ἰέλεχ,
3128 4681 3310 4753 τρίτον
3343 4682 3434 4735 τὸν
3456 4680 3784 4746 ἰουτοτζὰν,

1641 4797 1947 4874 ANSELMI
1973 4819 2305 4878 BANDURII
2333 4819 2569 4878 uorsa.

552 4944 775 5025 (i2)_§ic
799 4949 854 5005 in
883 4966 988 5007 ms.
1011 4951 1226 5010 codice.
1258 4953 1316 5025 in
1339 4953 1505 5010 editis
1529 4953 1956 5025 icgitnr,’.xaxl]v
1983 4971 2082 5007 κα-

479 5019 616 5104 κῶς.
648 5019 798 5077 ’γὶὀο
839 5039 964 5094 qua:
1009 5039 1176 5096 supra
1217 5024 1286 5080 ad
1321 5040 1446 5096 cap.
1497 5019 1725 5091 t5,'liac
1769 5026 1837 5081 de
1877 5019 1936 5081 re
1967 5040 2084 5079 mo-

481 5108 728 5150 nutmus.

556 5163 666 5234 (i5)
687 5162 778 5236 Sic
797 5179 863 5218 ex
891 5179 997 5236 ms.
1018 5163 1312 5234 Perperam
1335 5165 1538 5235 legitur
1559 5167 1612 5219 in
1635 5164 1935 5236 CdiliS,‘ti‘)V
1960 5167 2088 5219 ἐπο-

481 5234 864 5307 νομαζομένην
901 5235 1010 5307 ξκαὶ
1069 5236 1167 5306 τὴν
1219 5234 1500 5307 ἀνωτέρω,
1548 5248 1656 5292 etc.
1721 5235 1830 5291 Sed
1881 5234 2090 5306 Optime

480 5305 755 5362 Meursius
789 5306 1066 5360 emendat.

523 5375 664 5448 (l6)
712 5374 824 5430 lloc
864 5377 1133 5448 _il_tttit¢t|_
1161 5374 1306 5448 Atei)
1336 5374 1542 5431 dicitur
1595 5375 2076 5448 Porpbyrogcnito

483 5444 605 5527 cap.
639 5447 732 5511 37,
783 5446 881 5502 sed
927 5445 1061 5501 Ede!
1091 5444 1382 5501 Tartarice
1430 5456 1683 5512 \‘ocatur,
1708 5444 1794 5500 _ut’
1830 5447 1904 5500 ibi
1952 5463 2074 5501 mo-

483 5532 731 5572 Hunnus.

555 5586 669 5656 (15)
706 5587 783 5659 Ita
809 5586 875 5659 in
911 5603 1031 5659 gms.
1063 5586 1282 5659 legitur.
1316 5585 1770 5659 Perperam_\_'ero
1801 5587 2077 5659 inpeditis,

484 5656 554 5724 ἣν
589 5657 997 5729 meamea»
1039 5659 1090 5711 οἱ
1129 5656 1392 5728 Τοῦρκοι,
1421 5656 1580 5729 quam
1619 5657 1805 5714 Turcaz
1835 5658 2081 5713 deserue-

487 5736 636 5789 runt,
691 5727 802 5782 imo
839 5730 1020 5796 potius
1070 5727 1443 5799 occuparunt,
1494 5741 1553 5785 ut
1594 5745 1662 5786 cx
1717 5732 2080 5801 sequentibus

494 5807 740 5863 apparet.

2261 4955 2375 5028 (ιο)
2395 4954 2504 5028 δίο
2534 4953 2589 5008 in
2624 4967 2729 5008 ms.
2758 4951 2851 5028 hic
2875 4959 2930 5028 et
2964 4949 3146 5022 capite
3171 4947 3449 5028 sequenti.
3515 4947 3573 5004 in
3617 4949 3788 5009 editis

2185 5018 2320 5083 vero
2356 5018 2444 5079 hic
2475 5038 2771 5095 perperam
2801 5018 3540 5095 ιεείῑυιοίσφενᾷονοπλόκος.

2259 5096 2373 5167 (17)
2416 5089 2508 5149 sae
2544 5089 2611 5150 ci
2647 5109 2752 5167 ms.
2791 5089 3004 5167 codice.
3056 5089 3114 5167 In
3143 5090 3308 5167 editis
3332 5106 3464 5167 vero
3497 5089 3784 5167 iucusde-

2189 5161 2449 5238 praratus
2472 5181 2537 5220 ac
2580 5163 2844 5231 mutiius;
2879 5165 2992 5218 duo
3022 5161 3227 5232 quippe
3260 5161 3489 5215 ﬂumina
3524 5161 3597 5217 ibi
3635 5162 3786 5216 desi-

2190 5243 2478 5294 dcrantur.

2263 5310 2377 5377 (18)
2415 5305 2710 5377 Hungarize
2743 5306 3024 5362 hodierna:
3060 5311 3174 5377 tum
3230 5317 3354 5377 cum
3400 5316 3430 5354 a
3456 5301 3665 5377 Turcis
3697 5317 3788 5377 ec-

2189 5372 2390 5448 cupata
2451 5372 2580 5442 fuit}
2637 5377 3033 5433 describuntur
3078 5373 3169 5428 hic
3222 5389 3254 5428 a
3309 5372 3788 5444 Porphyrogenito

2189 5451 2416 5506 limites.

2259 5519 2372 5589 (i9)
2425 5517 2694 5588 Κεφαλή,
2741 5520 2852 5571 dua;
2903 5515 3296 5589 exercitusch
3367 5516 3618 5572 cohortis.
3674 5513 3792 5589 linc

2188 5585 2322 5646 voce
2356 5585 2551 5643 autem
2601 5585 2774 5658 utitur
2813 5590 2980 5642 etiam
3025 5586 3538 5658 Porpiiyrogenitus
3587 5585 3789 5640 eadem

2191 5607 2322 5646 voce
2366 5602 2551 5643 autem
2601 5602 2774 5643 utitur
2813 5602 2980 5642 etiam
3026 5602 3538 5710 rorgnyrogemtus
3587 5602 3788 5640 eadem

2191 5661 2424 5717 notione
2451 5673 2575 5727 cap.
2606 5657 2677 5713 26
2709 5670 2763 5713 et
2797 5659 2942 5714 inira
2973 5672 3096 5727 cap.
3182 5658 3230 5727 in.
3258 5659 3366 5715 Sed
3399 5667 3453 5714 et
3488 5658 3646 5727 plura
3678 5659 3788 5709 alia

2193 5730 2444 5799 exempla
2480 5725 2649 5802 habes
2686 5732 2830 5802 apud
2852 5725 3155 5800 scripturcs
3191 5725 3545 5802 Byzantinos,
3570 5742 3788 5783 necnon

2193 5803 2355 5857 etiam
2392 5799 2535 5870 apud
2571 5801 2823 5856 tacticos.
