4108 6424
261 383 368 445 333
1319 375 1416 434 DE
1451 363 2083 432 ADMINISTBANDO
2123 357 2470 420 IMPERIO.
3425 346 3532 407 33$

271 486 731 562 παραθαλάσσιον
765 486 880 540 ἀπὸ
907 485 1007 556 τῆς
1039 481 1486 555 συμπληρώσεως
1520 481 1618 551 τῆς
1647 477 1856 549 Ζιχίας,
1891 477 2013 546 ἦτοι
2038 471 2323 540 Νικόψεως
2358 462 2626 534 ποταμοῦ,
2658 462 2804 516 ἔστιν
2834 460 2992 532 ἡ·τῆς
3072 458 3362 527 ’Λϐασγὶας
3434 462 3541 532 χώ.

275 603 361 656 ρα,
395 585 570 654 μέχρι
604 579 702 634 τοῦ
743 580 987 650 κάστρου
1023 577 1532 646 Σωτηριουπόλεως·
1570 575 1676 628 εἰσὶ
1705 573 1764 626 δὲ
1798 570 1952 642 μίλια
1983 566 2049 622 τ’.

909 671 1164 725 ΚΕΦΑΛ.
1210 666 1341 723 MI".

2517 652 2747 710 CAPUT
2777 652 2966 708 XLIII.

624 763 770 834 Περὶ
796 763 909 831 τῆς
937 761 1131 832 χώρας
1154 761 1262 816 τοῦ
1295 759 1514 830 Ταρών.
1625 790 1634 797 -

346 858 520 915 Ἀλλὰ
557 857 662 928 μὲν
699 855 832 926 περὶ
854 853 964 907 τῶν
993 852 1219 924 βορείων
1264 851 1488 906 Σκυθῶν
1525 851 1724 913 ἱκανῶς
1773 865 1856 903 σοι

267 952 589 1021 δεδήλωται,
630 947 825 1000 τέκνον
857 943 1214 1014 ποθούμενον,
1271 939 1346 998 ὢν
1397 945 1432 1014 ὴ
1502 943 1704 1011 γνῶσις
1761 943 1860 996 επ-

282 1044 503 1114 ωφελής
532 1058 593 1093 τε
625 1038 723 1092 καὶ
757 1037 1060 1108 εὔχρηστος
1085 1038 1143 1088 ὲν
1160 1034 1337 1107 καιρῷ
1351 1033 1667 1098 σοιπάντως
1696 1034 1862 1104 γενή-

276 1149 448 1188 σεται·
508 1131 596 1184 δεῖ
645 1129 706 1182 δέ
769 1145 828 1182 σε
870 1127 1006 1198 μηδὲ
1057 1126 1126 1180 τὰ
1176 1127 1313 1197 πρὸς
1362 1125 1651 1196 ἀνίσχοντα
1709 1125 1862 1196 ἥλιον

278 1226 517 1293 ἀγνοεῖν,
541 1222 670 1276 ὅθεν
704 1221 922 1291 ὑπήκοα
945 1219 1111 1272 πάλιν
1137 1221 1252 1282 τοῖς
1297 1216 1594 1286 Ῥωμαίοις
1621 1217 1859 1285 ἐγένετο,

281 1317 370 1386 ἀφ’
397 1309 460 1369 οῦ
489 1315 552 1369 τὸ
584 1313 807 1384 πρῶτον
836 1314 935 1382 τῆς
961 1309 1168 1364 τούτων
1201 1309 1554 1381 ἐπικρατείας
1584 1309 1861 1374 ἐξέπεσον.

283 1407 504 1478 Πρῶτος
539 1407 651 1476 γὰρ
682 1407 710 1458 ὁ
766 1404 1124 1474 Κρικορίκιος
1176 1403 1382 1466 ἐκεῖνος
1419 1401 1515 1456 τοῦ
1546 1403 1739 1472 Ταρὼν
1763 1402 1863 1472 άρ-

291 1519 402 1571 χων
433 1498 570 1566 πρὸς
600 1497 688 1550 τδν
736 1494 966 1566 βασιλέα
1027 1493 1314 1564 Ῥωμαίων
1368 1493 1562 1548 ἑαυτὸν
1605 1493 1865 1548 ὑπέκλινε

297 1595 400 1645 καὶ
452 1588 718 1654 ὑπέταξεν·
782 1585 902 1641 ἀλλ’
941 1585 1003 1652 ἐξ
1053 1586 1230 1656 ἀρχῆς
1278 1585 1376 1652 μὲν
1408 1585 1868 1657 ὲπαμφοτβρίζων

307 1682 570 1750 ἱφαίνετο,
599 1678 686 1732 καὶ
728 1676 878 1746 λόγῳ
938 1675 1037 1746 μὲν
1084 1675 1184 1745 τὴν
1233 1674 1332 1728 τοῦ
1388 1674 1655 1745 βασιλέως
1685 1675 1870 1744 φιλίαν

315 1771 666 1842 προσεποιεῖτο
692 1768 860 1838 τιμᾷν
889 1766 1030 1836 (40),
1060 1764 1210 1836 ἔργῳ
1252 1765 1311 1818 δὲ
1348 1765 1427 1836 τῷ
1471 1766 1582 1820 τῶν
1608 1767 1868 1837 Σαρακη-

304 1863 401 1913 νῶν
445 1860 776 1930 κατάρχοντι
825 1857 896 1912 τὰ
955 1857 1081 1913 καθ’
1115 1856 1310 1928 ἡδονὴν
1354 1856 1732 1928 διεπράττετο,
1775 1857 1869 1911 καὶ

292 1951 556 2021 διαφόρως
588 1948 816 2020 ἡγεμὼν
850 1947 1190 2020 ἐχρημάτισε
1218 1955 1328 2002 τῶν
1347 1948 1456 2003 ἀπὸ
1487 1949 1688 2020 Συρίας
1717 1949 1870 2020 ἑξερο

2503 746 2578 801 De
2602 746 2819 814 regione
2848 743 3012 798 Taro.
3549 795 3554 800 ,

2035 841 2144 898 Sed
2163 842 2232 898 de
2255 837 2998 910 septentrionalibusquidem
3022 833 3244 904 Scythis
3257 835 3389 892 satis
3407 852 3550 890 nunc

1963 936 2227 1000 diximus;
2260 932 2334 987 iiii
2371 931 2586 988 dclecte
2613 949 2626 984 :
2658 930 2874 1000 eritque
2905 929 3019 982 haec
3045 928 3286 996 cognitio
3328 929 3555 983 omnino

1962 1025 2064 1080 tibi
2083 1025 2229 1080 utilis
2250 1037 2354 1079 suo
2380 1031 2642 1092 tempore,
2676 1027 2890 1090 oportet
2916 1035 3046 1074 vero
3074 1033 3251 1090 neque
3269 1033 3331 1074 ea
3351 1034 3469 1089 quae
3487 1021 3554 1073 ad

1963 1117 2232 1185 orientem
2267 1124 2396 1169 sunt
2431 1115 2704 1185 ignorare,
2761 1127 2871 1182 quo
2925 1119 3086 1181 pacto
3111 1127 3346 1167 excusso
3384 1127 3557 1181 semei
3669 1159 3674 1163 _

1969 1208 2347 1263 Romanorum
2385 1205 2541 1276 jugo,
2576 1206 2774 1260 iterum
2817 1217 2943 1258 mox
2979 1204 3235 1258 subillud
3279 1206 3568 1264 venerint.-

1964 1298 2097 1354 Nam
2116 1296 2672 1368 primusCricoricius
2695 1297 2783 1352 ille
2801 1296 3056 1366 princeps
3069 1297 3324 1362 Taronis,
3349 1297 3572 1354 Iiomav.

1968 1401 2170 1442 norum
2203 1401 2264 1442 se
2299 1385 2617 1456 imperatori
2651 1385 2912 1448 submisit
2943 1401 2958 1450 ;
3005 1386 3099 1440 sed
3135 1385 3206 1440 ab
3240 1387 3395 1439 initio
3433 1387 3555 1441 Iidci

1967 1479 2146 1536 dubiae
2164 1479 2316 1534 visus
2334 1488 2438 1543 est,
2463 1478 2630 1533 verbo
2648 1478 2868 1548 quidem
2893 1478 3239 1548 imperatoris
3259 1481 3556 1536 amicitiam

1969 1572 2178 1636 colens,
2211 1587 2270 1626 re
2313 1585 2444 1626 vero
2504 1570 2624 1640 ipsa
2693 1569 3094 1626 Saracenorum
3156 1571 3391 1642 principi
3428 1588 3558 1642 gra-

1969 1665 2212 1730 tiﬁcans,
2248 1671 2304 1720 et
2347 1663 2542 1718 ducem
2585 1677 2644 1718 se
2676 1663 2972 1733 aliquoties
3014 1663 3268 1733 praebens
3319 1665 3493 1733 capiis
3527 1679 3562 1720 θ

1973 1755 2134 1827 Syria
2166 1763 2359 1812 contra
2390 1756 2641 1810 themata
2679 1755 2929 1810 Romano
2956 1755 3271 1825 imperatori
3312 1755 3559 1825 subjecta

1969 1845 2316 1901 venientibus
2333 1883 2355 1914 ,
2390 1854 2706 1916 cunctaque
2756 1845 3020 1902 Romanis
3059 1855 3275 1902 secreto
3320 1845 3560 1916 cogitata

1971 1936 2238 1994 adversus
2269 1939 2454 1996 hostes
2513 1937 2822 1994 Saracenos
2868 1938 2924 1993 in
2958 1937 3119 2009 Syria
3151 1935 3557 2004 denuntiabat;

294 2013 851 2107 zop'évvaoea-dwv
881 2013 1044 2091 ’κατὰ
1087 2037 1198 2090 τῶν
1223 2037 1480 2109 ὑπηκόων
1511 2013 1869 2108 θεμάτων

1978 2037 2140 2100 atque
2160 2030 2229 2085 de
2283 2029 2373 2096 iis,
2405 2044 2528 2100 qua!
2570 2030 2715 2101 apud
2737 2045 2834 2086 vos
2883 2032 3294 2101 contingebant,
3343 2045 3563 2101 semper

297 2130 497 2200 βασιλεῖ
537 2129 853 2200 Ῥωμαίων
887 2130 983 2184 καὶ
1023 2129 1200 2183 πάντα
1224 2129 1292 2184 τὰ
1325 2131 1443 2194 τοῖς
1486 2131 1778 2201 Ῥωμαίοις
1811 2133 1874 2186 ὲν

294 2222 589 2292 ἀπορρήτῳ
623 2218 976 2292 μελετώμενα
1010 2221 1155 2276 κατὰ
1186 2222 1296 2276 τῶν
1345 2222 1658 2279 ἀντιπάλων
1687 2225 1871 2295 Σαρα-

289 2312 464 2383 κηνῶν
508 2311 652 2383 πρὸς
681 2312 882 2383 Συρίαν
916 2312 1213 2384 ἀνεμήνυε,
1249 2313 1348 2368 καὶ
1379 2313 1556 2385 λάθρα
1604 2315 1734 2386 περὶ
1761 2315 1874 2371 τῶν

284 2404 408 2474 παρ’
438 2404 576 2474 ὑμῖν
598 2403 1012 2473 συμϐαινόντων
1041 2403 1154 2475 (Η)
1179 2404 1266 2458 ἀεὶ
1289 2403 1425 2475 πρὸς
1456 2406 1553 2460 τὸν
1583 2407 1872 2477 άμερμου-

293 2497 437 2568 μνῆν
478 2495 574 2548 διὰ
607 2496 956 2566 γραμμάτων
1006 2494 1331 2566 ὲδηλοποίει·
1391 2497 1484 2550 καὶ
1541 2496 1718 2551 δοκεῖν
1771 2497 1872 2568 μὲν

283 2587 541 2641 ἐϐούλετο
584 2586 654 2639 τὰ
693 2586 804 2642 τῶν
846 2585 1136 2657 Ῥωμαίων
1201 2587 1453 2657 φρονῶν,
1504 2589 1787 2659 εὑρίσκετο
1813 2589 1872 2643 δὲ

286 2680 485 2750 μᾶλλον
513 2678 588 2732 τὰ
621 2679 733 2732 τῶν
770 2679 1103 2750 Σαρακηνῶν
1141 2679 1458 2750 προκρίνων
1511 2697 1574 2734 τε
1623 2681 1719 2736 καὶ
1747 2698 1874 2753 φρο-

282 2771 403 2826 νῶν.
441 2773 598 2841 Πλὴν
631 2769 963 2827 ἀπέστελλεν
1017 2771 1106 2824 ἀεὶ
1136 2771 1308 2842 δῶρα,
1346 2771 1489 2842 ἅπερ
1543 2775 1654 2835 τοῖς
1689 2773 1871 2826 ἐκεῖσε

284 2864 595 2935 Βαρϐάροις
621 2865 771 2916 δοκεῖ
791 2862 946 2934 τίμια
975 2863 1111 2934 πρὸς
1144 2863 1235 2917 τὸν
1271 2865 1331 2917 ὲν
1364 2863 1678 2932 βασιλεῦσιν
1706 2866 1874 2919 ἀοίδι-

289 2972 380 3024 μον
399 2955 639 3018 Λέοντα,
673 2955 770 3006 καὶ
807 2953 1182 3023 ἀντελάμϐανε
1212 2953 1438 3009 πλείονά
1466 2972 1525 3008 τε
1559 2956 1654 3008 καὶ
1690 2956 1874 3027 κρείτ·

286 3063 410 3099 τονα
437 3045 599 3116 παρά
639 3044 732 3098 τοῦ
767 3044 1025 3109 εὐσεϐοῦς
1061 3044 1458 3116 βασιλεύοντος.
1493 3045 1592 3110 ’ος
1615 3047 1710 3100 καὶ
1741 3047 1871 3100 πολ-

289 3136 436 3200 λάκις
477 3135 636 3206 αὒτῷ
661 3137 1045 3208 προὺτρέψατο
1083 3137 1172 3190 διὰ
1206 3137 1553 3208 γραμμάτων
1594 3138 1732 3208 πρὸς
1772 3139 1872 3208 τὴν

296 3228 686 3298 βασιλεύουσαν
733 3229 994 3282 είσελθεῖν
1046 3230 1258 3283 καὶτὸν
1292 3229 1520 3299 βασιλέα
1545 3230 1869 3296 θεάσασθαι,

299 3321 386 3373 καὶ
416 3319 526 3373 τῶν
557 3320 695 3391 παρ’
730 3319 897 3374 αὐτοῦ
932 3320 1372 3392 φιλοφρονήσεων
1432 3323 1528 3377 καὶ
1568 3325 1746 3394 τιμῶν
1777 3341 1874 3395 με-

308 3416 531 3483 τασχεῖν.
575 3413 642 3466 '0
673 3413 728 3466 δὲ
764 3413 1019 3478 δεδοικὼς
1067 3416 1142 3485 μὴ
1180 3417 1317 3485 πρὸς
1349 3416 1527 3488 λύπην
1566 3417 1663 3471 καὶ
1715 3418 1876 3473 σκάν-

318 3501 452 3558 διε-λον
479 3503 573 3558 τοῦ
630 3505 1005 3576 ἀμερμουμνῆ
1066 3506 1296 3578 γένηται
1356 3507 1541 3573 τοῦτο,
1575 3509 1878 3579 προφάσεις

325 3591 605 3656 ὶιλάττετο,
650 3595 747 3647 καὶ
779 3595 840 3647 τὸ
877 3597 951 3666 μὴ
995 3595 1252 3651 δύνασθαι
1298 3598 1493 3651 ἑαυτοῦ
1543 3598 1725 3670 χώραν
1750 3598 1878 3670 ἔρη-

336 3698 423 3750 μον
442 3685 529 3754 τῆς
556 3687 609 3752 ἒξ
637 3686 805 3740 αὐτοῦ
838 3686 1094 3757 βοηθείας
1145 3689 1487 3754 καταλιπεῖν,
1517 3689 1606 3744 ἵνα
1659 3689 1733 3760 μὴ
1775 3689 1880 3744 ὑπὸ

329 3770 634 3843 Σαρακηνῶν
674 3775 1024 3848 ωταληῖσθῇ
1051 3815 1069 3843 ,
1112 3777 1289 3849 μάτην
1343 3779 1663 3834 ἐσκέπτετο.
1709 3778 1768 3832 '0
1821 3779 1879 3834 δὲ

324 3862 477 3926 αὐτὸς
501 3867 674 3937 ἄρχων
709 3866 808 3922 τοῦ
864 3869 1062 3939 Ταρὼν
1096 3871 1380 3942 κρατήσας
1405 3871 1464 3925 ὲν
1495 3871 1718 3943 πολέμῳ
1749 3873 1880 3926 ποτὲ

314 3953 403 4007 τοῦ
443 3957 699 4030 ’Δρκάῑκα
747 3961 878 4025 τοὺς
929 3961 1149 4028 παῖδας,
1204 3963 1375 4034 ἤγουν
1421 3965 1725 4036 Κρικορίκη
1783 3963 1880 4018 τοῦ

306 4049 589 4118 πατρικίου
628 4051 725 4104 τοῦ
755 4053 964 4122 πατρὸς
1017 4051 1110 4106 τοῦ
1167 4055 1671 4126 πρωτοσπαθαρίου
1713 4056 1883 4109 Ἀσω-

302 4137 408 4192 τίου
430 4141 560 4202 τοὺς
586 4140 937 4210 ἑξαδέλφους,
961 4139 1073 4215 εἶχε
1093 4148 1221 4217 παρ’
1246 4145 1423 4215 ἑαυτῷ
1443 4146 1722 4216 δεσμίους.
1743 4147 1882 4216 Περὶ

309 4221 376 4281 ὧν
409 4231 509 4284 καὶ
542 4232 853 4301 Συμϐἀτιος
887 4237 918 4288 ό
942 4237 1062 4289 τότε
1088 4238 1271 4310 ἄρχων
1320 4237 1430 4290 τῶν
1461 4239 1739 4311 ἀρχόντων
1788 4238 1883 4291 τὸν

311 4322 469 4374 αὐτὸν
500 4323 928 4392 μακαριώτατον
953 4326 1179 4397 βασιλέα
1202 4327 1292 4382 διά
1316 4330 1660 4400 γραμμάτων
1682 4329 1882 4400 ἠξίωσε

299 4412 385 4464 τοῦ
437 4413 769 4467 ἀποστεῖλαι
829 4415 964 4485 πρὸς
997 4417 1088 4470 τὸν
1137 4417 1456 4488 Ταρωνίτην
1511 4418 1881 4474 ἀναλαϐέσθαι

295 4504 607 4556 σπουδάσαι
626 4506 754 4566 τοὺς
785 4507 1021 4570 οἰκείους
1058 4509 1347 4578 ἀνεψιοὺς,
1384 4509 1577 4572 οἵτινες
1603 4505 1744 4579 ἦσαν
1776 4511 1882 4562 utet

289 4595 382 4648 τοῦ
409 4597 709 4667 εἰρημένου
725 4597 780 4649 Ἀ
791 4599 1106 4668 ρκάῖκα,ῐνα
1126 4601 1201 4671 μὴ
1217 4601 1350 4672 πρὸς
1367 4601 1455 4653 τὸν
1483 4602 1882 4672 ἀμερμουμνῆν

1973 2134 2405 2179 amermumnem
2512 2124 2654 2179 clam
2779 2138 2878 2194 per
2963 2124 3176 2180 litteras
3267 2128 3560 2182 certiorem

1972 2215 2231 2283 faciebat;
2261 2229 2499 2286 cumque
2525 2230 2613 2270 res
2643 2213 2918 2270 Romanas
2948 2231 3142 2271 curare
3169 2214 3341 2271 videri
3367 2217 3560 2281 vellet,

1973 2309 2228 2366 inventus
2299 2317 2384 2366 est
2432 2307 2728 2365 Saracenis
2788 2309 2964 2380 magis
3021 2310 3223 2366 favere.
3289 2308 3562 2366 (laterum

1971 2400 2116 2456 dona
2133 2415 2347 2472 semper
2367 2401 2536 2462 Leoni
2555 2401 2634 2454 illi
2659 2401 2922 2470 praeclaro
2942 2401 3263 2471 imperatori
3292 2402 3559 2467 mittebat,

1974 2509 2094 2565 quae
2114 2493 2371 2551 Barbarie
2410 2493 2519 2549 illis
2547 2494 2784 2564 pretiosa
2815 2504 3133 2561 censentur,
3155 2495 3564 2566 recipiebatque

1973 2587 2044 2642 ab
2089 2586 2281 2642 eodem
2336 2586 2668 2656 imperatore
2710 2593 2765 2640 et
2817 2585 2972 2655 plura
3029 2595 3084 2641 et
3157 2587 3559 2655 praestantiora.

1974 2677 2040 2731 Et
2070 2693 2212 2749 sirpe
2245 2693 2338 2748 per
2370 2678 2588 2734 litteras
2627 2678 2920 2742 invitatus,
2957 2688 3015 2732 ut
3039 2679 3106 2734 ad
3137 2679 3326 2735 urbem
3353 2680 3586 2749 regiam,

1973 2771 2206 2834 veniret,
2241 2769 2735 2839 imperatoremque
2787 2768 3070 2836 inviseret,
3129 2771 3562 2829 benevolentiam

1971 2869 2026 2914 et
2052 2859 2316 2914 honorem
2341 2865 2747 2930 reportaturus,
2781 2871 3031 2917 metuens
3067 2877 3135 2916 ue
3157 2878 3282 2918 cum
3301 2863 3491 2920 dolore
3512 2873 3567 2922 et

1974 2948 2175 3006 oti‘ensa
2196 2964 2573 3005 amermumne
2607 2949 2658 3006 id
2685 2949 2858 3016 ﬁeret,
2883 2966 3081 3007 causas
3104 2952 3295 3008 inanes
3312 2963 3566 3022 praetexe-

1973 3043 2199 3110 bal,non
2215 3058 2374 3113 posse
2392 3059 2450 3098 se
2469 3053 2670 3099 terram
2693 3059 2847 3099 suam
2862 3045 2980 3115 Opis
2996 3059 3108 3101 sua:
3133 3054 3378 3115 egentem
3399 3047 3564 3102 relin-

1973 3149 2162 3204 quere,
2200 3150 2269 3189 ne
2283 3151 2311 3189 τι
2326 3133 2617 3190 Saracenis
2629 3145 2960 3191 vastaretur.
2973 3136 3219 3207 Cumque
3235 3137 3375 3192 idem
3393 3136 3566 3194 ’I‘aro—

1974 3229 2061 3282 nis
2081 3230 2334 3298 princeps
2364 3229 2418 3282 in
2445 3227 2586 3284 bello
2606 3229 2846 3299 cepisset
2871 3229 3011 3284 ﬁlios
3037 3229 3301 3296 Arcaicae,
3319 3228 3562 3285 Crlcoriv

1975 3317 2046 3371 cii
2067 3317 2278 3386 patricii
2302 3317 2736 3387 protospatbarii
2760 3317 2935 3374 Asotii
2967 3318 3138 3386 patris
3167 3319 3464 3387 patrueles.
3505 3319 3568 3380 in.

1982 3405 2218 3462 vinculis
2245 3421 2338 3462 eos
2371 3406 2515 3476 apud
2547 3422 2608 3472 se
2652 3407 2913 3464 detinuit.
2967 3406 3076 3464 Pro
3140 3409 3343 3479 quibus
3395 3410 3564 3464 etiam

1987 3498 2325 3569 Symbatius,
2363 3509 2500 3554 tunc
2534 3499 2845 3568 principum
2874 3501 3154 3572 princeps,
3185 3501 3564 3562 beatissimum

1985 3589 2236 3645 eumdem
2266 3590 2649 3660 imperatorem
2683 3606 2779 3660 per
2809 3591 3022 3646 litteras
3079 3592 3312 3661 rogavit,
3355 3593 3432 3646 uti
3492 3595 3560 3647 ad

1986 3679 2299 3734 Taronitem
2328 3680 2591 3744 mitteret,
2646 3681 3036 3750 nuntiaretque
3081 3681 3321 3752 recipere
3342 3698 3401 3737 se
3427 3682 3563 3735 velle

1985 3772 2262 3844 patrueles
2283 3787 2439 3835 suos,
2477 3771 2720 3827 Arcaicze
2769 3774 3056 3827 memorati
3121 3771 3262 3828 ﬁlios
3295 3813 3310 3838 ,
3373 3789 3439 3829 ne
3492 3777 3560 3827 ad

1988 3865 2436 3918 Amermumnem
2492 3863 2887 3919 mitterentur:
2957 3865 3232 3935 siquidem
3288 3866 3563 3938 Symbatii

1987 3956 2297 4027 principum
2370 3955 2636 4027 principis
2693 3955 3036 4028 propinquus
3097 3967 3216 4013 erat
3264 3955 3563 4030 Gregorius

1987 4049 2276 4123 patricius.
2309 4048 2376 4102 Et
2401 4048 2512 4104 Leo
2563 4050 2782 4120 quidem
2825 4050 2915 4105 ille
2987 4049 3343 4108 beatissimus
3394 4053 3565 4123 impc-

1987 4150 2160 4206 rator,
2178 4141 2304 4198 huic
2325 4140 2483 4212 115
2513 4141 2781 4214 Symbatii
2821 4144 3071 4214 petitioni
3099 4160 3303 4200 morem
3348 4161 3565 4216 gerens.

1991 4233 2242 4290 Sinutem
2270 4234 2422 4289 illum
2469 4238 2810 4299 eunuchum,
2842 4237 2936 4306 qui
2963 4245 3094 4292 tunc
3117 4238 3379 4306 temporis
3402 4237 3565 4291 char-

1989 4327 2224 4381 tularius
2246 4341 2444 4382 cursus
2481 4327 2682 4396 publici
2719 4337 2859 4391 erat,
2915 4329 3063 4382 misit
3098 4335 3152 4383 et
3205 4328 3272 4382 ad
3332 4327 3567 4384 Taronis

1990 4416 2317 4486 principem,
2355 4416 2518 4485 hujus
2554 4418 2754 4487 negotii
2811 4432 3000 4483 causa,
3054 4428 3107 4472 et
3132 4417 3199 4472 ad
3254 4419 3567 4474 Adranascr

1990 4507 2175 4563 Iberia!
2196 4510 2591 4578 curopalatem,
2625 4508 2850 4563 alterius
2883 4509 3170 4578 cujusdam
3197 4512 3396 4579 negotii
3432 4526 3567 4565 cau-

1992 4615 2074 4668 sa,
2113 4599 2256 4656 datis
2285 4602 2460 4655 eidem
2494 4600 2809 4656 muneribus
2837 4601 3148 4659 deferendis
3185 4603 3400 4674 utrique
3434 4619 3566 4658 cou-

289 4683 676 4738 ἁποσταλῶσι·
729 4689 996 4757 συγγενὴς
1047 4688 1154 4759 γὰρ
1208 4686 1275 4760 ἦν
1327 4690 1422 4744 τοῦ
1453 4689 1760 4760 Συμϐατίυυ
1791 4689 1874 4746 τοῦ

1990 4691 2358 4748 venientibus.
2384 4691 2453 4744 At
2481 4691 2732 4748 Siuutem
2763 4694 3084 4761 praedictum
3117 4711 3243 4750 cum
3275 4697 3569 4751 calumniis

288 4776 562 4845 ἄρχοντος
592 4777 701 4830 τῶν
731 4779 1008 4848 ἀρχόντων
1039 4781 1077 4832 Γ
1084 4784 1338 4853 ρηγόριος
1362 4785 1391 4836 ὁ
1426 4783 1714 4855 πατρίκιος
1743 4785 1879 4853 (42).

299 4865 662 4930 Ἐπακοὺσας
696 4868 752 4922 δὲ
787 4869 886 4937 τῆς
917 4869 1176 4942 τοιαύτης
1217 4874 1310 4926 τοῦ
1365 4874 1665 4943 Συμϐατίου
1714 4875 1880 4940 ἀξιώ-

289 4974 439 5020 σεως
472 4957 628 5010 Λέων
658 4960 686 5010 ὁ
723 4961 1141 5030 μακαριώτατος
1183 4963 1458 5033 βασιλεὺς,
1492 4965 1584 5018 τὸν
1622 4965 1883 5038 Σινούτην

287 5050 512 5102 ἐκεῖνον
537 5050 628 5102 τὸν
663 5050 918 5121 εὐνοῦχον
957 5054 1244 5108 ἀπέστειλε
1299 5057 1698 5129 χαρτουλάριον
1728 5076 1881 5128 τηνι-

285 5141 477 5195 καῦτα
531 5142 628 5194 τοῦ
661 5142 828 5210 ὀξέως
865 5144 1070 5216 δρόμου
1111 5148 1226 5218 (45)
1253 5149 1589 5220 τυγχάνοντα
1638 5151 1777 5221 πρός
1819 5167 1880 5204 τε

1989 4783 2133 4854 apud
2155 4783 2408 4838 eumdem
2461 4785 2786 4855 praeclarum
2817 4772 3200 4856 imperatorem
3232 4789 3568 4844 traduxisset

1990 4872 2314 4929 Theodorus
2343 4874 2727 4930 Armeniorum
2767 4875 3062 4947 interpres,
3094 4883 3148 4932 in
3211 4879 3393 4933 locum
3441 4883 3564 4948 ejus

1986 4966 2331 5022 Caesarianus
2357 4967 2687 5038 subrogatus
2729 4977 2812 5024 est
2865 4972 3342 5040 protospatbarius
3423 4973 3570 5029 Con.

1987 5060 2299 5114 Itantianus
2316 5061 2715 5117 etdomesticus
2733 5061 3056 5119 inferiorum
3070 5064 3417 5122 ministerqu
3433 5068 3570 5120 aulai

1987 5146 2628 5217 Constantinopolitanae,
2664 5151 2816 5208 Libis
2848 5153 3016 5223 ﬁlius,
3057 5172 3202 5212 nunc
3247 5157 3566 5229 proconsul,

1481 5261 1573 5318 AN
1581 5261 1759 5317 SELM
1768 5266 1784 5316 ι
1814 5261 2145 5318 BANDURII
2176 5261 2411 5319 NOTAE.

367 5371 488 5445 (40)
532 5372 610 5428 Ita
649 5392 714 5432 ex
753 5392 856 5432 ms.
889 5377 1097 5434 codice.
1134 5379 1191 5435 In
1216 5380 1380 5436 editis
1411 5380 1566 5437 locus
1599 5382 1688 5437 hic
1717 5383 1880 5436 muti-

289 5444 424 5522 Iﬂ§i
454 5448 922 5522 quemadmodum
954 5451 1116 5522 paulo
1138 5449 1278 5504 infra
1304 5451 1399 5522 καὶ
1416 5450 1687 5521 διαφόρως
1717 5453 1882 5522 ἐχρη-

297 5514 524 5638 μάτισε,
561 5531 662 5596 pro
713 5518 808 5569 καὶ
839 5514 1111 5589 διαφόρως
1156 5520 1380 5592 ἡγεμὼν
1421 5514 1798 5594 ὲχρὴιὶάτισέξ
1823 5514 1883 5576 ut

335 5588 534 5638 abetur
564 5602 619 5638 tn
650 5602 759 5638 ms.

335 5588 534 5638 abetur
564 5588 619 5638 in
650 5602 759 5644 ms.

374 5655 488 5731 (il)
531 5655 626 5731 Sic
661 5672 728 5731 es
768 5671 892 5731 ms.
949 5659 1159 5731 codice.
1197 5658 1522 5731 APe'rperam
1569 5659 1771 5731 legitur
1824 5661 1880 5718 in

302 5723 522 5818 fimi".
546 5727 582 5780 δι
600 5727 725 5818 33“-
745 5727 946 5818 ,ὶ-άέδρσε
966 5729 1124 5818 περὶ
1153 5729 1260 5782 τῶν
1313 5723 1446 5818 ’ἐατέ’
1489 5723 1651 5818 ﬁeri
1677 5731 1879 5818 σημεί-

301 5809 409 5848 νων
435 5797 542 5865 ἀεί,
592 5806 706 5855 etc.
745 5797 887 5866 Παρ’
927 5797 1243 5868 ὑμίνγοτο,
1281 5797 1419 5872 apud
1442 5797 1882 5872 vos'Roma'uos;

1987 5381 2685 5458 sed_[ort_assis_legeudum
2720 5391 2847 5456 παρ’
2877 5389 3030 5458 ἡμῖν,
3061 5390 3200 5456 apud
3234 5406 3349 5443 nos.

2058 5453 2192 5528 μὲ)Δ
2213 5450 2316 5528 Hic
2344 5450 2488 5510 idem
2508 5450 2816 5528 Gregorius
2848 5450 3025 5528 paulo
3050 5450 3305 5528 superius
3334 5469 3386 5511 et
3421 5458 3563 5515 infra

1985 5523 2325 5596 Cricoricius
2362 5523 2690 5596 appellatur.
2729 5523 2864 5583 Vide
2914 5543 3035 5596 qua?
3079 5523 3146 5582 de
3178 5528 3563 5583 'I'arouitarum

1985 5595 2396 5718 ξξιέιθῃεὲετὶὺίι
2440 5595 2753 5669 Ducangius
2803 5599 2857 5652 in
2913 5595 3161 5652 Familiis
3220 5596 3562 5668 Byzantinis,

1983 5677 2108 5734 pag.
2147 5677 2270 5734 ne.

2081 5732 2171 5806 45)
2193 5735 2288 5806 ΔΙιιιι
2322 5749 2456 5806 ins.‘
2484 5736 2679 5794 codex.
2729 5739 3021 5806 Perperam
3056 5731 3375 5796 habetur'in
3403 5736 3565 5800 editis

1982 5803 2078 5861 τοῦ
2113 5803 2281 5878 ὀχέως
2316 5803 2542 5878 δρόμου.
