4108 6428
291 265 396 329 337

1341 247 1452 309 DE
1488 239 2126 306 ADMINIS‘IRANDO
2166 236 2512 299 IMPERIO.

3459 223 3581 287 338'

295 368 660 442 Κρικορίκιον
698 364 792 418 τὸν
826 362 1067 432 ἄρχοντα
1095 358 1189 414 τοῦ
1230 357 1450 431 Ταρὼν,
1479 357 1740 430 καὶπρὸς
1780 356 1882 442 την

2004 328 2104 406 sine
2141 363 2304 404 aurea
2329 346 2497 402 bulla.
2559 343 2625 397 Et
2655 338 2922 397 benevole
2955 335 3025 391 ab
3063 335 3394 405 imperatore
3421 331 3582 396 babi—

297 434 702 534 βασιλεύουσαν
727 455 1018 520 εἰσελθεῖν,
1044 454 1074 507 δ
1096 452 1192 508 καὶ
1222 451 1500 523 ἐποίησεν.
1537 434 1886 515 Εἰσελθόντος

295 555 348 608 δὲ
382 550 484 606 τοῦ
532 547 701 606 αὐτοῦ
728 545 1088 619 Κρικορικίου
1122 543 1179 596 ἐν
1215 543 1281 614 τῇ
1322 539 1674 610 θεοφυλὰκτῳ
1711 538 1887 602 πόλει,

297 646 389 700 καὶ
427 646 502 714 τῇ
539 641 638 696 τοῦ
693 638 999 712 μαγίστρου
1052 636 1148 690 καὶ
1185 631 1493 706 στρατηγοῦ
1526 631 1722 704 Ταρὼν
1759 630 1889 711 est;

289 734 651 804 τιμηθέντος,
681 729 842 798 ἐδόθη
897 725 1048 796 αὑτῷ
1102 726 1198 781 καὶ
1238 723 1386 787 οἰκος
1437 721 1518 787 είς
1549 721 1832 776 κατοικίαν
1860 720 1891 775 6

292 827 386 880 τοῦ
417 823 725 895 Βαρϐἁρου
750 819 1066 888 λεγόμενος,
1096 816 1125 870 6
1153 815 1249 870 νῦν
1283 813 1565 869 Βασιλείου
1594 812 1688 866 τοῦ
1709 829 1889 883 παρα-

298 912 656 984 κοιμωμένου
704 905 856 972 οἰκος
888 907 1027 980 (50).
1072 905 1340 976 Ἐτιμὴθη
1363 903 1420 958 δὲ
1446 903 1541 957 καί
1563 903 1765 974 ἐτησίῳ
1798 902 1892 976 p6-

298 1027 388 1080 γᾳ,
423 1004 668 1078 χρυσίου
712 1001 814 1072 μὲν
854 999 988 1052 δέκα
1013 997 1226 1068 λίτρας,
1258 995 1352 1048 καί
1389 995 1734 1065 μιλιαρισίων
1770 993 1891 1048 ἐτέ-

303 1113 398 1167 ρας
437 1094 580 1147 δέκα
609 1091 825 1160 λίτρας,
857 1085 998 1140 ὥστε
1025 1081 1165 1138 εἶναι
1211 1084 1274 1138 τὸ
1313 1085 1421 1138 πᾶν
1459 1082 1650 1154 λίτρας
1691 1085 1888 1138 εἴκοσι.

308 1186 413 1241 Καὶ
443 1183 545 1238 ἐπὶ
573 1181 772 1254 χρόνον
792 1181 849 1232 ἐν
865 1180 932 1248 τῇ
963 1175 1326 1248 βασιλευούσῃ
1342 1173 1659 1246 ἐπιτρίψας,
1680 1173 1774 1228 καὶ
1801 1173 1892 1228 διὰ

307 1276 395 1330 τοῦ
419 1274 588 1330 αὑτοῦ
608 1268 1109 1342 πρωτοσπαθαρίου
1133 1266 1546 1321 Κωνσταντίνου
1569 1264 1732 1318 πάλιν
1756 1263 1891 1336 πρὸς

309 1369 404 1440 τὴν
420 1365 627 1421 οἰκείαν
651 1359 884 1432 διεσώθη
913 1357 1119 1431 χώραν.
1142 1357 1298 1412 Μετὰ
1317 1357 1373 1410 δὲ
1391 1353 1564 1411 ταῦτα
1589 1354 1754 1408 πάλιν
1777 1355 1892 1407 εἰσ-

314 1458 475 1527 ῆλθεν
496 1456 590 1509 καὶ
617 1451 936 1522 ’Δπογάνεμ
954 1448 1091 1521 πρὸς
1108 1448 1200 1502 τὸν
1237 1447 1508 1520 μακάριον
1533 1446 1774 1518 βασιλέα,
1801 1445 1896 1499 καὶ

323 1545 688 1619 προεϐιϐἀοθη
706 1542 840 1614 παρ’
869 1540 1036 1595 αὑτοῦ
1089 1542 1170 1604 εἰς
1202 1539 1302 1612 τὴν
1347 1538 1765 1609 πατρικιότητα·
1793 1537 1896 1590 ἐπ-

1994 449 2107 505 tus,
2142 448 2345 494 terram
2375 449 2534 490 suam
2561 431 2778 502 repetiit
2800 443 2922 482 mox
2947 423 3244 488 rediturus.
3272 432 3326 478 et
3354 425 3581 494 nuptias

1992 536 2482 589 consummaturus
2507 540 2521 576 :
2551 539 2615 579 ac
2652 523 2814 592 116
2842 520 3068 574 domum
3123 531 3249 570 cum
3311 515 3569 569 rediisset

1989 624 2181 696 paucis
2210 627 2334 692 post
2363 619 2559 675 diebus
2587 617 2697 670 vita
2721 613 3017 670 defunctus
3069 617 3175 665 est.
3207 607 3399 662 Frater
3449 622 3585 662 vero

1991 715 2114 786 ejus
2144 710 2485 768 Cricorieius
2515 721 2614 778 per
2648 706 2860 759 litteras
2895 701 3074 772 petiit,
3137 698 3215 753 uti
3278 697 3332 751 in
3388 697 3580 750 urbem

1990 803 2178 859 venire
2239 801 2367 865 sibi,
2419 805 2758 867 acceptoque
2811 794 2883 849 ab
2935 793 3269 862 imperatore
3305 786 3583 858 stipendio

1995 893 2327 951 commorari
2358 891 2471 946 illic
2501 885 2823 958 aliquandiu
2866 884 3056 938 liceret
3090 901 3104 948 ;
3141 889 3310 950 utque
3355 879 3496 934 hanc
3525 878 3580 932 in

1991 1004 2108 1046 rem
2137 987 2279 1043 aedes
2303 984 2460 1040 fratri
2491 981 2645 1053 prius
2673 979 2960 1035 destinatae
2987 975 3093 1030 sibi
3123 971 3193 1027 ad
3216 968 3578 1027 habitandum

1990 1080 2472 1140 concederentur;
2509 1084 2564 1130 et
2583 1088 2714 1130 sane
2753 1069 2809 1125 id
2845 1068 3057 1122 abeato
3110 1064 3442 1135 imperatore
3477 1061 3579 1114 im-

1991 1168 2254 1246 petravit,
2288 1184 2417 1226 cum
2439 1167 2569 1239 quia
2599 1180 2710 1220 non
2737 1164 2811 1217 ita
2833 1158 3044 1232 pridem
3079 1172 3204 1213 sese
3227 1153 3582 1224 subiecisset,

1991 1243 2108 1319 tum
2133 1268 2196 1317 ut
2226 1260 2366 1316 alios
2395 1271 2622 1330 quoque
2647 1253 2894 1310 Orientis
2924 1248 3214 1319 principes
3249 1245 3317 1300 ad
3345 1243 3583 1299 similem

1995 1351 2262 1411 Romanis
2286 1357 2462 1406 semet
2485 1345 2844 1404 submittendi
2870 1343 3051 1398 zelum
3091 1345 3414 1411 provocaret
3443 1331 3588 1400 ;sed

1996 1443 2350 1500 donationem
2390 1440 2537 1496 hanc
2566 1439 2774 1508 scripta
2807 1436 2959 1492 bulla
2987 1447 3151 1488 aurea
3209 1446 3319 1485 non
3373 1425 3584 1483 conﬁr-

1998 1536 2187 1590 mavit.
2220 1533 2352 1588 Post
2390 1545 2568 1586 annos
2616 1545 2747 1585 vero
2812 1528 3012 1582 multos
3066 1525 3226 1579 beato
3255 1523 3595 1592 imperatore-

333 1617 393 1690 ιτ
403 1633 614 1706 ρᾶπηδέ
634 1632 721 1687 καὶ
746 1633 826 1696 είς
843 1633 1078 1699 γυναῖκα
1095 1628 1280 1683 λαϐεῖν
1300 1627 1394 1680 τοῦ
1413 1625 1706 1698 εἰρημένου
1735 1627 1894 1679 Κων-

2004 1632 2249 1686 Romano
2274 1625 2616 1697 principatus
2643 1622 3017 1694 Romanorum
3072 1621 3290 1684 sceptra
3345 1617 3594 1674 tenente,

341 1690 598 1782 παντίῶ
645 1690 954 1794 θυγατέρα,
989 1720 1085 1776 καὶ
1114 1721 1208 1773 ἐπὶ
1239 1721 1307 1792 τῇ
1349 1690 1577 1791 τοιαὺτῇ
1625 1719 1897 1790 προφάσει

2010 1723 2103 1779 ille
2123 1722 2242 1792 ipse
2273 1690 2616 1774 hricoricius
2645 1711 2892 1769 ostendit
2917 1690 2974 1765 in
3003 1709 3168 1764 domo
3208 1703 3435 1758 Barbari
3488 1701 3585 1755 ba-

336 1819 418 1872 καί
452 1811 597 1870 οἷκον
622 1814 989 1884 ἐπεζήτησεν,
1023 1812 1118 1866 καὶ
1147 1809 1307 1865 ἔλαϐε
1342 1809 1439 1864 καὶ
1461 1809 1625 1873 αὐτὸς
1670 1809 1762 1863 τὸν
1809 1808 1905 1863 τοῦ

323 1905 596 1978 Βαρϐάρδυ
620 1899 773 1960 οἶκον
791 1902 1211 1975 χρυσοϐουλλίου
1227 1901 1398 1973 χωρίς
1437 1899 1574 1972 (51).
1606 1901 1718 1954 Καὶ
1751 1900 1908 1970 φιλο-

321 1994 605 2066 φρονηθεὶς
638 1992 791 2064 παρὰ
816 1991 910 2045 τοῦ
935 1991 1220 2062 βασιλέως,
1252 1990 1330 2062 τῷ
1369 1993 1493 2044 τότε
1526 1991 1624 2062 μὲν
1642 1990 1779 2061 πρὸς
1805 1989 1904 2062 τὴν

325 2083 452 2138 ίδίαν
483 2083 678 2155 χώραν
705 2081 1013 2152 ὑπέστρεψε
1050 2080 1189 2150 πρὸς
1219 2077 1279 2132 τὺ
1319 2079 1483 2134 πάλιν
1506 2078 1788 2143 εἰσελθεῖν,
1807 2076 1904 2133 καί

317 2173 380 2230 τὰ
413 2171 511 2230 τοῦ
570 2175 756 2244 γάμου
797 2171 1227 2244 ἀπαρτίσασθαι·
1255 2171 1373 2242 ἅμα
1400 2170 1460 2224 δὲ
1488 2170 1564 2241 τῷ
1589 2172 1668 2234 εἰς
1692 2171 1792 2242 τὴν
1823 2171 1904 2225 οἰ-

315 2267 459 2321 κείαν
520 2264 715 2337 χώραν
750 2262 1086 2332 διασωθῆναι
1120 2261 1237 2334 μετ’
1281 2261 1468 2330 ὀλίγας
1508 2262 1725 2333 ἡμέρας
1758 2259 1902 2314 τέλει

310 2356 399 2410 τοῦ
424 2356 552 2430 βίου
573 2354 873 2427 ἐχρήσατο.
906 2355 966 2407 ὐ
988 2353 1046 2406 δὲ
1066 2353 1257 2406 τούτου
1283 2352 1511 2420 ἀδελφὸς
1547 2350 1902 2423 Κρικορίκιος

308 2445 392 2499 διὰ
421 2446 785 2516 γραμμάτων
812 2444 976 2497 αὐτοῦ
1009 2443 1309 2515 ἐξῃτήσατο
1333 2443 1776 2514 εἰσέρχεσθαιείς
1800 2442 1901 2514 τὴν

308 2537 745 2607 βασιλεύουσαν,
773 2537 870 2589 καὶ
907 2534 1066 2604 παρὰ
1093 2534 1204 2589 τῶν
1242 2533 1442 2605 χειρῶν
1471 2532 1566 2586 τοῦ
1598 2533 1754 2603 ἁγίου
1797 2532 1897 2604 βα-

311 2629 508 2695 σιλέως
548 2628 855 2700 λαμϐάνειν
902 2626 999 2697 τὴν
1031 2625 1314 2696 διδομένην
1358 2624 1526 2696 ῥόγαν
1577 2623 1767 2690 αὐτοῦ,
1803 2623 1900 2678 καὶ

307 2723 398 2778 ἐπὶ
423 2721 634 2794 χρόνον
665 2719 788 2774 τινὰ
811 2721 870 2772 ἐν
898 2720 972 2789 τῇ
1000 2716 1354 2789 θεοφυλάκτῳ
1386 2715 1685 2788 διατρίϐειν
1711 2715 1894 2780 ,πόλειο

310 2815 399 2870 καὶ
425 2812 538 2868 ἐπὶ
559 2813 742 2882 τούτῳ
769 2809 862 2863 τδν
891 2808 968 2878 τῷ
996 2807 1182 2880 οἰκείῳ
1205 2807 1422 2878 ἀδελφῷ
1450 2805 1898 2878 προχωρισθέντα

309 2905 454 2963 οἷκον
485 2907 575 2969 εἰς
598 2902 922 2972 κατοίκησιν
963 2899 1149 2955 λαϐεῖν
1181 2898 1336 2969 ἠξίου
1357 2937 1373 2962 ,
1415 2897 1478 2952 ὃν
1511 2897 1606 2952 καὶ
1638 2897 1896 2950 ἐπιδέδω-

2009 1790 2188 1867 bitare
2225 1823 2286 1865 se
2310 1820 2422 1862 non
2446 1817 2629 1875 posse,
2652 1809 2708 1857 et
2735 1816 2833 1872 pro
2855 1815 2919 1856 ea
2946 1797 3105 1869 petiit
3164 1794 3249 1849 vel
3304 1790 3590 1848 suburba-

2009 1924 2140 1966 num
2177 1905 2240 1962 in
2259 1904 2539 1970 Celtzene,
2563 1901 2651 1958 vel
2679 1898 2912 1962 Patzati,
2939 1895 3022 1951 vel
3043 1892 3190 1948 aliud
3217 1889 3588 1962 quodcunque

2008 2000 2304 2069 imperator
2326 1996 2559 2068 jusserit
2590 2009 2605 2060 ;
2631 1998 2715 2057 ut,
2750 1989 2894 2044 facta
2921 1987 3297 2058 Agarenorum
3319 1982 3374 2036 in
3414 1979 3588 2048 regio-

2007 2106 2133 2146 nem
2167 2105 2324 2145 suam
2351 2087 2698 2153 excursione,
2740 2079 3186 2150 consanguineos
3219 2090 3351 2132 suos
3409 2070 3595 2127 Iacui,

2005 2191 2257 2258 tatcsque
2278 2175 2803 2238 transmittereillue
2823 2178 3030 2244 posset.
3054 2172 3356 2242 Imperator
3379 2169 3596 2230 autem,

2006 2252 2190 2330 rerum
2224 2287 2335 2328 non
2366 2269 2659 2327 admodum
2685 2264 2918 2336 peritus,
2974 2268 3030 2316 et
3069 2257 3394 2314 Taronitem
3467 2252 3590 2306 illas

1967 2367 1969 2370 ⁴
2006 2365 2237 2420 Barbari
2265 2362 2411 2418 aedes
2438 2375 2470 2416 a
2507 2361 2670 2415 beato
2699 2356 2882 2412 Leone
2903 2365 3030 2408 eum
3067 2349 3218 2404 bulla
3273 2359 3443 2400 aurea
3491 2342 3591 2396 lia-

2003 2457 2136 2514 bere
2173 2453 2429 2518 credens,
2462 2449 2842 2507 suburbanum
2865 2443 2914 2498 ei
2938 2442 3195 2510 Gregoraa
3225 2438 3280 2491 in
3333 2435 3590 2491 Celtzene

2003 2546 2179 2612 dedit,
2204 2544 2323 2600 sine
2351 2555 2518 2598 aurea
2549 2538 2696 2595 bulla
2733 2535 2901 2591 etiam
2966 2531 3085 2602 ipse
3121 2546 3138 2596 ;
3181 2529 3404 2583 domum
3457 2537 3593 2578 vero

2000 2637 2248 2695 vicissim
2271 2634 2503 2706 accepit.
2533 2632 2666 2688 Post
2689 2630 2806 2686 haec
2831 2626 2900 2682 ad
2921 2624 3174 2682 eumdem
3201 2621 3594 2689 imperatorem

2002 2729 2232 2800 scripsit
2257 2725 2529 2783 Tornices
2566 2721 2851 2778 Taronitae
2907 2732 3082 2789 nepos
3109 2729 3176 2771 ex
3211 2711 3405 2772 l'ratre,
3443 2708 3592 2776 Apo-

2001 2797 2195 2892 ganem
2228 2819 2377 2874 illius
2409 2818 2577 2883 Illius,
2614 2814 2762 2869 hunc
2789 2813 2842 2867 in
2901 2808 3124 2864 modum
3154 2823 3166 2861 :
3197 2800 3422 2858 Barbari
3445 2797 3592 2854 aedes

1995 2912 2353 2970 beatissimus
2373 2911 2669 2980 imperator
2692 2905 2801 2962 Leo
2821 2902 2962 2975 patri
2985 2916 3106 2956 meo
3120 2897 3266 2954 dono
3283 2893 3453 2958 dedit,
3469 2897 3597 2960 post

312 2997 586 3070 κεναύτῷ
614 3000 645 3052 ὁ
695 2997 966 3068 μακάριος
1025 2992 1280 3059 βασιλεὺς
1305 3029 1319 3055 ,
1351 2990 1442 3044 διά
1479 3007 1541 3044 τε
1587 2989 1650 3043 τὸ
1698 2989 1897 3042 νεωστί

2004 3003 2166 3074 cujus
2189 3003 2400 3059 obitum
2445 3014 2573 3055 cum
2626 2996 2879 3068 impubes
2943 3004 2997 3048 et
3050 2991 3330 3061 orphanus
3386 2997 3591 3047 essent,

315 3091 682 3161 ὑποταγῆναι,
714 3088 810 3142 καί
852 3085 943 3139 διὰ
994 3084 1058 3139 τὸ
1101 3084 1196 3138 καὶ
1239 3082 1434 3146 ἄλλους
1473 3082 1746 3154 ἄρχοντας
1797 3081 1898 3151 τῆς

327 3181 625 3252 ’Δνατολῆς
678 3179 817 3249 πρὸς
860 3178 956 3232 τὸν
1002 3177 1189 3247 ὅμοιον
1238 3173 1402 3245 ζῆλον
1449 3175 1548 3244 τῆς
1579 3173 1716 3243 πρὸς
1758 3172 1899 3228 Ῥω-

323 3276 510 3348 μαίους
542 3272 832 3341 ὑποταγῆς
865 3269 1285 3323 ἐκκαλέσασθαιο
1311 3267 1588 3340 ἔγγραφον
1613 3265 1672 3320 δέ
1695 3282 1899 3338 χρυσο-

326 3367 560 3422 ϐοὑλλιον
591 3364 808 3433 δωρεὰν
858 3361 958 3416 τοῦ
993 3361 1239 3416 τοιούτου
1272 3361 1424 3414 οἰκου
1451 3359 1587 3429 πρὸς
1612 3357 1774 3412 αὑτὸν
1803 3358 1903 3412 οὐκ

337 3461 566 3531 ἰποίησε.
599 3457 759 3511 Μετὰ
813 3455 872 3508 δέ
917 3454 1144 3526 χρόνους
1195 3451 1436 3517 ίκαιοὺς,
1479 3450 1758 3521 Ῥωμανοῦ
1806 3447 1902 3503 τοῦ

349 3553 597 3624 μακαρίου
635 3547 907 3619 βασιλέως
966 3546 1076 3599 τῶν
1137 3546 1431 3616 σκήπτρων
1489 3542 1590 3612 τῆς
1625 3541 1906 3613 βασιλείας

357 3636 619 3710 Ῥωμαίων
646 3636 1056 3707 ἐπειλημμένον
1086 3635 1197 3706 (52)
1225 3633 1504 3704 ἀνήγαγεν
1527 3631 1557 3684 6
1575 3631 1738 3695 αὐτὸς
1767 3632 1906 3701 Κρι-

357 3731 578 3804 sepius;
597 3729 676 3800 μὴ
701 3727 910 3798 ἰσχύειν
931 3728 1153 3794 κρατεῖν
1182 3723 1273 3776 τὸν
1292 3720 1387 3775 τοῦ
1415 3719 1704 3792 Βαρϐἀρου
1731 3715 1904 3784 οἰκον,

356 3819 467 3874 ἀλλ’
507 3818 648 3889 ἠξίου
692 3818 882 3873 λαϐεῖν
938 3817 1055 3872 ἀντ’
1077 3814 1240 3870 αὑτοῦ
1297 3812 1623 3886 προάστειον
1673 3814 1732 3866 ἐν
1762 3811 1907 3866 Κελ-

349 3913 524 3985 rapi,
554 3914 666 3967 εἴτε
691 3909 791 3965 τοῦ
839 3909 1124 3974 Πατζάτου
1144 3949 1160 3975 ,
1206 3908 1318 3962 εττε
1365 3905 1525 3961 ἄλλον
1552 3897 1665 3959 οἷον
1695 3904 1908 3958 κελεύοι

336 4008 364 4059 ὁ
392 4005 668 4078 βασιλεύς·
701 4005 794 4060 ἵνα
821 4005 911 4058 ὅτε
939 4001 1210 4072 ἐπιδρομή
1257 4001 1368 4054 τῶν
1426 3999 1744 4071 Ἀγαρηνῶν
1767 3998 1912 4053 κατὰ

331 4099 423 4168 τῆς
453 4095 648 4168 χώρας
678 4093 846 4148 αὐτοῦ
876 4092 1126 4164 γένηται,
1158 4088 1540 4171 κάποστέλλειν
1583 4089 1763 4142 ἐκεῖσε
1809 4088 1913 4161 ἔχῃ

328 4191 420 4261 τὴν
441 4188 661 4242 οἰκείαν
688 4186 1012 4254 συγγένειαν
1035 4183 1132 4237 καὶ
1153 4181 1470 4236 ὑπόστασιν.
1490 4180 1548 4234 Ὀ
1577 4179 1634 4233 δὲ
1657 4179 1914 4251 βασιλεὺς

326 4283 420 4352 τὴν
448 4279 670 4350 ἀκριϐῆ
697 4278 904 4347 γνῶσιν
929 4274 1043 4329 τῶν
1071 4274 1413 4348 πραγμάτων
1439 4271 1518 4344 μὴ
1547 4273 1909 4343 κεκτημένος,

2007 3106 2236 3166 patruus
2267 3109 2422 3148 meus
2445 3106 2546 3162 pro
2575 3089 2906 3144 auctoritate
2931 3086 3058 3140 illas
3113 3079 3316 3160 tenuit,
3375 3088 3596 3145 semper

2005 3185 2142 3242 mihi
2174 3184 2528 3255 promittens,
2559 3182 2781 3237 domum
2812 3186 3118 3249 paternam,
3169 3172 3262 3228 ubi
3323 3175 3593 3223 maturam

2006 3284 2223 3333 aetatem
2251 3274 2580 3344 attigissem,
2611 3285 2701 3326 me
2755 3275 3107 3338 recepturum
3143 3279 3157 3316 :
3198 3269 3254 3316 at
3309 3273 3482 3321 nunc,
3535 3265 3604 3310 ιιι

2008 3367 2277 3438 intelligo,
2306 3374 2416 3422 tua:
2451 3379 2572 3421 eam
2631 3360 2906 3433 maiestati
2959 3357 3130 3425 dedit,
3196 3360 3425 3422 accepto
3476 3348 3597 3403 vice

2009 3461 2156 3516 illius
2187 3455 2511 3514 suburbano
2538 3452 2794 3524 Gregorae
2815 3451 2869 3506 in
2900 3449 3178 3505 Celtzene.
3209 3443 3290 3500 Ab
3329 3443 3432 3495 hac
3468 3453 3608 3494 vero-

2007 3549 2278 3622 itnperiali
2306 3545 2684 3604 muniﬁcentia
2715 3541 2924 3600 invidia
2951 3539 3219 3594 adversus
3275 3530 3604 3588 Tarenitem

2011 3644 2230 3701 accensi
2257 3649 2391 3700 sunt
2423 3639 2679 3696 Caeicius
2707 3637 2968 3708 princeps
3003 3631 3400 3700 Basparacaca,
3427 3623 3599 3678 Adra-

2009 3753 2173 3794 naser
2216 3733 2562 3805 enropalates
2609 3730 2821 3795 lberiae,
2866 3737 2924 3782 et
2970 3721 3247 3781 Asotieius
3286 3718 3599 3790 principum

2011 3833 2312 3902 princeps;
2339 3826 2430 3897 qui
2460 3825 2951 3880 obmurmurantes
2983 3812 3306 3886 imperatori
3357 3809 3597 3876 scripse-

2013 3927 2142 3976 runt
2167 3937 2181 3974 :
2214 3917 2360 3984 Quid
2387 3930 2573 3972 causae
2606 3920 2775 3980 esset,
2802 3925 2903 3965 cur
2930 3905 3225 3963 Taronites
3249 3904 3400 3959 solus
3423 3900 3599 3968 impe—

2011 4011 2134 4068 riali
2167 4007 2443 4080 stipendio
2463 4007 2768 4069 frueretur,
2793 4001 2928 4071 ipsis
2955 3997 3212 4055 omnibus
3263 3993 3398 4049 nihil
3453 3991 3600 4044 acci-

2013 4099 2330 4173 pientibus?
2366 4095 2528 4161 Nam,
2561 4094 2904 4164 inquiebant,
2937 4104 3047 4162 qua
3099 4088 3154 4142 in
3206 4100 3265 4141 re
3325 4084 3448 4154 plus
3510 4081 3600 4134 ille

2015 4193 2227 4252 servitii
2261 4199 2509 4263 praestat,
2545 4197 2640 4243 aut
2671 4184 2946 4242 Romanis
3009 4179 3201 4238 utilior
3256 4177 3416 4231 nobis
3473 4175 3601 4228 est?

2019 4284 2172 4342 Unde
2189 4291 2408 4354 oportet
2429 4289 2522 4337 aut
2548 4298 2649 4337 nos
2676 4294 2898 4350 quoque
2916 4273 3273 4345 stipendium,
3309 4284 3415 4323 non
3439 4280 3599 4321 secus

323 4375 568 4437 ἐλπίζων
609 4369 670 4423 δὲ
723 4369 831 4422 ἀπὸ
867 4364 1168 4437 Ιβασιλικοῦ
1211 4362 1631 4438 χρυσοϐουλλίου
1677 4363 1775 4418 τοῦ
1808 4381 1902 4434 μα-

2017 4385 2185 4448 atque
2210 4376 2388 4444 ipsum
2420 4372 2671 4442 accipere
2695 4386 2712 4436 ;
2738 4376 2832 4422 aut
2860 4380 3040 4437 neque
3062 4365 3268 4434 ipsum,
3304 4359 3426 4412 -tali
3454 4356 3602 4410 dono

323 4466 526 4536 καρίου
584 4462 816 4524 Λέοντος
843 4460 989 4530 ἔχειν
1039 4457 1137 4512 τὸν
1174 4455 1490 4528 Ταρωνίτην
1523 4455 1617 4510 τὸν
1643 4456 1738 4509 τοῦ
1769 4457 1917 4526 Βαρ·

319 4557 498 4628 ϐάρου
532 4551 708 4614 οἷκον,
736 4551 970 4604 δέδωκεν
999 4547 1150 4619 αὑτῷ
1187 4549 1250 4603 τὸ
1284 4546 1611 4615 προάστειον
1639 4547 1734 4600 τοῦ
1768 4545 1913 4618 Γρη-

316 4651 472 4720 γορᾶ
527 4649 588 4698 ἐν
633 4644 940 4713 Κελτζηνῇ,
994 4642 1090 4696 καὶ
1121 4641 1214 4694 τὸν
1260 4633 1409 4693 οἷκον
1437 4638 1597 4709 δῆθεν
1623 4636 1906 4708 ἀντέλαϐε,

318 4736 758 4811 χρυσοϐούλλιον
808 4734 866 4788 δὲ
920 4733 1041 4787 οὐδὲ
1103 4731 1266 4802 αὐτὸς
1303 4729 1442 4802 πρὸς
1475 4729 1640 4784 αὑτὸν
1685 4731 1780 4784 ἐπὶ
1833 4729 1913 4800 τῷ

319 4827 654 4903 προαστείῳ
683 4825 1000 4896 ἐποιήσατοέ
1040 4823 1194 4878 Μετᾶ
1243 4822 1300 4875 δὲ
1329 4819 1502 4872 ταῦτα
1527 4819 1735 4890 ἔγραψε
1775 4821 1912 4889 πρὸς

315 4926 426 4979 τὸν
469 4920 641 4975 αὐτὸν
671 4917 894 4989 βασιλέα
932 4919 962 4970 6
994 4915 1265 4984 Τορνίκης
1293 4913 1324 4964 6
1349 4911 1444 4964 τοῦ
1475 4911 1790 4982 Ταρωνίτου
1820 4913 1913 4965 ἀν-

317 5015 515 5088 εψιὸς,
550 5016 582 5066 6
606 5011 704 5064 τοῦ
741 5009 1054 5078 ’Δπογάνεμ
1085 5005 1296 5060 ἐκείνου
1335 5003 1472 5068 υἱὸς,
1501 5002 1584 5055 ὅτι
1623 5003 1726 5057 Τὸν
1766 5000 1914 5058 οἷκον

2011 4447 2142 4522 frui.
2177 4463 2281 4519 Sed
2304 4459 2594 4532 rescripsit
2615 4457 3134 4514 beatusRomanus,
3163 4450 3299 4506 illud
3324 4447 3603 4501 Taronita:

2006 4555 2344 4628 stipendium
2365 4569 2474 4608 non
2492 4567 2522 4607 a
2540 4567 2600 4608 se
2615 4565 2758 4617 esse,
2781 4548 2875 4604 sed
2889 4545 2957 4602 ab
2977 4545 3306 4614 imperatore
3323 4537 3604 4602 defuncto,

2010 4648 2244 4718 ideoque
2272 4659 2372 4700 nec
2399 4644 2454 4697 in
2483 4656 2584 4698 sua
2629 4646 2899 4712 potestate
2943 4650 3068 4692 esse
3119 4632 3174 4687 id
3236 4627 3552 4686 rescindere
3589 4646 3604 4682 :

2004 4741 2404 4812 nequejustum
2422 4753 2546 4794 esse
2569 4737 2810 4807 priorum
2834 4729 3228 4804 imperatorum
3259 4737 3379 4782 acta
3403 4725 3558 4796 117
3577 4741 3608 4780 a

2021 4829 2414 4902 posterioribus
2431 4824 2949 4892 aboleri..Taronita:
2974 4820 3329 4876 nihilominus
3348 4832 3442 4886 per
3465 4815 3612 4869 litte-

2021 4917 2721 4990 rassiguiﬁcavitdietorutn
2739 4915 2978 4969 virorum
2991 4913 3232 4968 dolorem
3250 4919 3304 4965 et
3323 4908 3610 4970 oll'ensam;

2026 5013 2120 5067 ille
2152 5027 2282 5066 vero
2303 5009 2618 5081 respondit,
2655 5023 2835 5082 neque
2856 5021 3077 5073 aurum,
3110 5019 3292 5076 neque
3321 5005 3610 5074 argentum

1534 5132 1841 5188 ANSELMI
1873 5134 2214 5194 BANDURII
2243 5137 2480 5195 NOTAE.

408 5260 529 5330 (50)
571 5257 647 5313 De
697 5253 926 5330 Βξπδθτῖ
983 5253 1152 5330 ᾀφξὶο
1204 5266 1374 5330 quam
1413 5251 1517 5306 sul)
1558 5251 1928 5330 CQnStantino
2032 5274 2233 5330 aureae,
2261 5270 2550 5330 argenteae,
2578 5275 2753 5330 teretia,
2795 5275 2858 5314 ac
2897 5259 3165 5329 plumbeae
3194 5268 3382 5323 erant;
3410 5254 3504 5312 sed
3539 5255 3609 5306 de

326 5322 824 5401 Porpliyrogenilo
852 5323 1172 5401 possidebat
1212 5322 1451 5376 Basilius
1493 5324 1661 5401 cubili
1718 5339 1927 5401 ιιι-προ-

2034 5327 2136 5401 liae
2181 5345 2240 5385 re
2286 5327 2544 5401 pluribus
2609 5327 2925 5399 Dueangius
2983 5329 3038 5383 in
3097 5328 3281 5383 Gloss.
3331 5337 3385 5382 et
3442 5327 3610 5378 etiam

331 5393 506 5466 situs,
531 5393 669 5453 ’τίδὲ
698 5412 825 5466 qua:
862 5394 1004 5466 Iib.t
1037 5393 1709 5466 comment.monuimus.
1745 5393 1925 5466 Hujus
2031 5400 2162 5452 alii..

334 5461 524 5526 autem
559 5461 748 5524 Basilii
779 5463 1120 5520 aeeubitoris
1155 5461 1402 5516 meminit
1430 5462 1593 5515 etiam
1616 5462 1755 5517 infra
1781 5462 1925 5518 idem

2105 5469 2218 5541 (5‘2)
2255 5471 2348 5526 Sic
2400 5486 2467 5526 ex
2527 5485 2629 5541 nis.
2685 5469 2896 5541 codice.
2961 5467 3268 5541 Perperanl
3311 5463 3610 5541 in__editi_s,

338 5537 862 5611 Porpliyrogcnitus
909 5549 1030 5602 cap.
1223 5543 1277 5585 et
1318 5530 1565 5586 Zonaras
1626 5534 1680 5587 in
1731 5532 1902 5587 eoden

2031 5530 2350 5609 ἐπίλιμὲνου
2396 5549 2452 5596 et
2508 5539 2691 5611 paulo_
2727 5539 2890 5611 infra,
2938 5553 3038 5608 pro
3071 5530 3167 5588 τοῦ
3226 5534 3510 5600 Πατζᾶιτου
3551 5535 3611 5588 in

325 5601 592 5679 Augusto
608 5601 707 5665 lib.
754 5621 868 5679 ut,
902 5601 1024 5672 pag.
1053 5601 1173 5657 ιῐνὸ.

415 5671 522 5752 (Si)
561 5680 736 5736 Bulla:
770 5671 1925 5755 imperatorumConstantinopolitanorutn

2034 5613 2157 5667 niis.
2191 5608 2411 5682 legitur,
2437 5608 2533 5664 τοῦ
2557 5608 2862 5672 Τατζάτου.
