4108 6432
521 208 660 292 ’33)

1572 243 2082 314 CONSTANTINI
2108 251 2612 320 PORPHYROGE
2621 258 2781 324 .‘UTI

3695 279 3806 341 340

551 342 684 396 dare
715 355 774 397 se
800 357 994 413 posse;
1025 347 1282 418 promisit
1341 369 1474 410 vero
1530 368 1728 426 praeter
1787 377 2013 418 munera
2062 380 2090 419 e

553 446 705 459 ..ιιι-ιιι
738 435 877 459 “in!
913 437 1065 459 _-I:n-
1096 438 1111 459 Β
1135 457 1143 459 ξ
1184 458 1195 459 η
1257 445 1338 459 ,--|
1512 455 1522 459 _
1774 450 1788 459 ι
1846 452 1856 459 .
2066 457 2093 459 -.

2197 368 2324 426 ,τοῦ
2374 371 2658 443 Βαρϐάρου
2706 375 2734 425 6
2770 375 3188 445 μακαριώτατος
3239 377 3492 450 βασιλεῦς
3525 383 3678 439 Λέων
3723 389 3802 459 τῷ

553 446 707 488 more
738 435 879 488 mitti
912 437 1070 491 solita
1096 438 1150 493 in
1182 445 1427 501 vestibus
1473 455 1528 502 et
1552 463 1659 504 aere
1722 450 1790 504 ad
1823 452 2011 507 decem
2065 457 2130 508 li-

2233 460 2350 531 έμῷ
2380 465 2548 534 πατρὶ
2580 459 2912 538 ὲδῶρήσατοο
2955 470 3092 540 μετὰ
3126 471 3181 525 δὲ
3212 473 3303 526 τὸν
3323 472 3416 528 τοῦ
3446 480 3652 548 πατρός
3694 497 3802 550 μου

551 525 776 580 hrarum
809 530 1246 597 aestimationem,
1272 536 1531 608 deditque
1576 549 1684 595 tres
1744 549 1840 596 aut
1892 553 2093 614 quatuo

551 630 722 642 -.ιι-ει.-
778 618 968 642 Πλ-ι--
1009 631 1177 642 ---.-α
1419 628 1430 642 ι
1641 640 1647 642 Α
1690 633 1723 642 ..
2083 639 2093 642 -

2231 525 2601 622 θάηλατονίδιά
2623 525 2700 612 τὸ.
2723 525 2803 614 έτι
2831 525 3085 631 ἀνήλικον
3113 564 3208 618 καὶ
3236 525 3800 642 ὀρφνανδνητύγχάὲιν

547 630 748 673 annos.
778 618 971 676 Postea
1006 631 1184 678 autem
1217 641 1392 695 neque
1419 628 1520 682 hoc
1541 644 1601 684 se
1637 633 1902 688 tributum
1944 639 2126 693 exsol-

547 723 678 767 vere
737 729 896 783 posse
929 715 1170 774 ostendit
1206 735 1222 784 ;
1255 720 1589 788 stipendium
1616 738 1764 790 vero,
1795 728 1911 783 sive
1939 729 2123 784 dotem

547 805 881 872 postulabat,
917 808 1372 876 quemadmodum
1403 813 1507 868 sub
1567 816 1885 872 beatissimo
1950 820 2122 890 impe-

545 902 737 951 ratore
767 894 947 952 Leone
979 910 1114 964 erat,
1151 908 1244 953 aut
1268 903 1369 957 hoc
1399 906 1564 959 etiam
1617 907 1822 963 aboleri
1851 912 2063 966 volebat
2105 931 2120 978 ;

542 996 875 1055 quapropter
899 989 1061 1043 etiam
1129 1006 1198 1045 ne
1233 993 1621 1052 oiIendiculum
1678 1008 1825 1056 esset
1878 1001 2116 1068 Cacicio,

540 1083 593 1128 et
632 1078 984 1146 curopalatae,
1007 1081 1363 1153 reliquisque,
1396 1088 1771 1156 beatissimus,
1792 1107 1950 1161 quem
1982 1093 2117 1159 dixi,

538 1166 843 1236 imperator
871 1170 1153 1229 Romanus
1209 1176 1312 1232 hoc
1353 1179 1516 1242 etiam
1570 1182 1826 1238 abolevit.
1876 1185 2120 1256 Ejusque

536 1256 613 1310 rei
649 1267 801 1328 ergo,
835 1261 980 1315 velut
1011 1263 1064 1316 in
1101 1264 1364 1332 solamen,
1405 1277 1590 1336 postea
1615 1269 1784 1324 illium
1821 1271 1941 1341 ejus
1984 1272 2115 1327 Aso-

532 1347 692 1412 tium,
728 1350 783 1404 in
808 1353 996 1406 urbem
1045 1369 1168 1409 cum
1221 1358 1488 1422 venisset,
1541 1361 1830 1429 patricium
1886 1364 2112 1431 creavit,

532 1440 813 1510 multoque
847 1443 902 1497 in
935 1443 1146 1502 honore
1169 1448 1490 1518 aliquandiu
1529 1452 1776 1508 habitum
1826 1455 1880 1508 in
1913 1465 2114 1509 terram

530 1543 684 1584 suam
718 1535 950 1589 remisit.
985 1535 1200 1593 Mortuo
1233 1550 1410 1594 autem
1475 1543 1738 1612 magistro
1766 1545 2108 1612 Cricorlcio,

2228 645 2350 713 ἐμὲ,
2389 647 2511 702 κατ’
2554 650 2803 718 ἐξουσίαν
2833 653 2975 718 θεῖός
3007 674 3110 725 μου
3145 657 3234 711 τὸν
3277 657 3464 713 τοῦτον
3491 656 3637 715 οἷκον
3663 677 3800 717 κατ-

2227 737 2550 808 εκράτησεν,
2583 743 2670 794 ἀεὶ
2709 734 3247 817 καθυπισχνούμενός
3303 769 3392 821 μοι
3436 754 3566 806 ὅταν
3595 756 3675 815 εἰς
3703 755 3800 808 τὸν

2225 829 2428 883 τέλειον
2454 833 2553 901 τῆς
2577 832 2790 903 ἡλικίας
2819 835 2958 891 ἕλΘω
2978 840 3170 909 χρόνον
3201 841 3497 896 ἀπολαϐεῖν
3529 844 3618 896 τὸν
3647 840 3800 899 οἷκον

2223 920 2314 974 τὸν
2345 923 2634 992 πατρικόν·
2665 925 2760 978 καὶ
2787 925 2902 992 νῦν,
2935 927 3009 992 ὡς
3030 929 3252 1000 έμαοον,
3281 934 3480 986 δέδωκε
3508 935 3599 987 τὸν
3626 935 3803 988 τοιοῦ-

2221 1027 2316 1063 τον
2341 1005 2490 1064 οἶκον
2529 1014 2557 1064 6
2600 1013 2732 1083 ἐμὸς
2763 1015 2905 1080 Θεῖος
2943 1022 3008 1089 τῇ
3051 1019 3297 1094 βασιλείᾳ
3332 1037 3448 1083 σου,
3478 1025 3571 1076 καὶ
3601 1023 3798 1077 ἔλαϐεν
3838 1069 3844 1076 .

2221 1103 2301 1163 είς
2330 1103 2696 1173 ἀντισήκωσιν
2727 1108 2891 1161 αὑτοῦ
2930 1111 2991 1163 τὺ
3016 1112 3351 1180 προάστειον
3373 1115 3488 1166 ’τοῦ
3538 1114 3798 1187 Γρηγορᾶ
3834 1115 3842 1125 ’

2220 1192 2278 1244 ἐν
2313 1191 2614 1265 Κελτζηνῇ.
2661 1197 2793 1250 Ἀπὸ
2837 1199 2894 1251 δὲ
2932 1201 3041 1254 τῶν
3076 1204 3332 1257 τοιούτων
3380 1205 3675 1275 βασιλικῶν
3703 1221 3797 1275 φι-

2218 1284 2476 1353 λοτιμιῶν
2507 1287 2614 1340 τῶν
2645 1289 2782 1360 πρὸς
2809 1291 2900 1344 τὸν
2950 1293 3188 1364 ἄρχοντα
3224 1296 3318 1350 τοῦ
3371 1297 3567 1366 Ταρὼν
3597 1299 3795 1367 φθόνος

2195 1372 2433 1442 ’ὑπειρύη
2461 1376 2555 1428 καὶ
2581 1376 2880 1448 ἐϐλάστησε
2915 1379 3053 1450 πρὸς
3082 1381 3246 1435 αὐτὸν
3276 1383 3427 1453 παρά
3453 1401 3512 1436 τε
3543 1384 3636 1437 τοῦ
3670 1387 3795 1438 Κα-

2216 1468 2391 1516 κικίου
2425 1465 2536 1536 (55)
2573 1467 2664 1520 τοῦ
2693 1467 2951 1539 ἄρχοντος
2984 1470 3421 1541 Βασπαρακακὰ,
3453 1476 3548 1528 καὶ
3593 1475 3796 1545 Ἀδρα-

2215 1555 2405 1630 νασήρ
2435 1557 2530 1610 τοῦ
2581 1559 2995 1630 κουροπαλάτου
3047 1562 3287 1633 Ἰϐηρίας
3331 1566 3424 1618 καὶ
3461 1566 3792 1620 Ἀσωτικίου

529 1619 831 1679 Toruicius
866 1624 1183 1695 Apoganem
1222 1629 1366 1686 ﬁlius
1396 1631 1731 1689 desiderium
1763 1636 1956 1706 ingens
2001 1653 2093 1707 pra

2213 1644 2305 1699 τοῦ
2338 1619 2612 1718 -άρχοντος
2639 1619 2747 1704 τῶν
2781 1652 3080 1724 ἀρχόντων·
3125 1619 3324 1719 όίτινες
3354 1656 3605 1726 ἔγραψαν
3652 1659 3794 1727 πρὸς

531 1727 590 1765 se
613 1712 736 1766 tulit
764 1715 950 1769 urbem
969 1728 1023 1771 et
1046 1717 1430 1787 imperatorem
1461 1723 1678 1779 videndi
1704 1741 1717 1777 :
1751 1729 2093 1793 quamobreu

2211 1737 2302 1791 τδν
2335 1712 2558 1809 eam.
2593 1712 3072 1812 etayoyid‘comc,
3108 1744 3178 1798 δι’
3203 1746 3272 1818 ἢν
3304 1712 3567 1802 eam
3600 1712 3795 1817 Ταρωξ

529 1807 1028 1874 protospatltarium
1057 1808 1302 1867 Criniten
1350 1822 1403 1867 et
1434 1814 1788 1886 interpretem
1810 1819 1938 1876 illuc
1958 1821 2093 1877 misit

2210 1807 2364 1898 νίτης
2395 1827 2556 1896 μόνος
2583 1807 2746 1901 eam
2774 1807 3044 1886 ἀπολαύει
3065 1807 3372 1907 βασιλικῆς,
3401 1836 3582 1890 αὐτῶν
3614 1807 3794 1891 datav-

530 1895 845 1965 imperator,
874 1901 964 1969 qui
994 1916 1118 1956 cum
1181 1903 1237 1958 in
1301 1903 1490 1960 urbem
1555 1907 1880 1974 adduceret,
1936 1911 2109 1966 addu-

529 1995 786 2058 ctumque
818 1992 1035 2060 patricii
1071 1993 1279 2050 honore
1313 1997 1485 2051 auxit.
1521 1997 1901 2055 Praetendebat
1923 2011 2105 2057 autem

528 2076 614 2145 ius
653 2079 704 2133 in
736 2080 958 2136 domum
993 2083 1238 2152 Barbari,
1272 2087 1691 2160 intelligensque
1716 2101 1941 2163 accepto
1966 2094 2106 2148 sub-

528 2170 739 2227 urbano
761 2172 816 2228 in
864 2174 1119 2234 Celtzene
1152 2189 1408 2250 patruum
1440 2195 1601 2236 suum
1634 2183 2103 2254 hauetradidisse,

527 2271 806 2326 paternam
837 2267 1202 2326 ltazreditatem
1231 2289 1384 2328 suam
1406 2285 1716 2344 permutare
1731 2293 1856 2332 eum
1879 2281 2095 2348 potuis-

524 2368 584 2410 se
639 2359 892 2428 negabat,
923 2361 1249 2432 volebatque
1301 2375 1395 2418 aut
1425 2364 1645 2420 domum
1682 2368 1953 2439 accipere,
2007 2378 2104 2425 aut

523 2447 903 2504 suburbanum
939 2469 954 2507 :
990 2451 1093 2505 nisi
1145 2460 1381 2523 utraque
1436 2455 1761 2526 imperatori
1814 2459 2098 2526 cederent,

520 2550 588 2592 ne
618 2553 678 2592 ea
700 2542 971 2610 patrueles
995 2543 1168 2611 ipsius
1195 2545 1527 2602 obtinerent.
1557 2549 1744 2618 itaque
1774 2559 1830 2605 et
1899 2551 2100 2606 subur-

524 2626 725 2681 hanum
769 2629 1064 2700 imperator
1093 2635 1323 2703 accepit,
1352 2635 1553 2704 quippe
1583 2645 1801 2691 mortuo
1823 2637 1934 2706 jam
1967 2652 2098 2693 sene

519 2714 828 2785 'l‘aronite;
880 2736 1058 2791 neque
1104 2724 1327 2778 domum
1364 2741 1464 2796 pro
1495 2741 1562 2781 eo
1611 2726 1876 2783 vicariam
1921 2728 2092 2794 dedit,

518 2823 643 2863 cum
682 2812 826 2865 nulla
867 2815 1146 2884 superiis,
1179 2825 1237 2870 ut
1272 2817 1479 2872 dictum
1525 2827 1611 2874 est
1680 2835 1869 2890 supra,
1925 2836 2095 2878 aurea

518 2901 665 2957 bulla
697 2904 944 2960 confecta
977 2918 1145 2962 esset.
1184 2907 1377 2965 Postea
1411 2926 1540 2966 vero
1573 2912 1626 2966 iu
1669 2914 1860 2968 urbem
1885 2916 2090 2984 regiam

2181 1918 2317 1973 ’των
2363 1921 2748 1991 λαμϐανόντων
2783 1925 2956 1977 οὐδέν.
2993 1925 3128 1980 Τίνα
3155 1927 3290 1998 γὰρ,
3345 1928 3554 1998 ελεγον,
3590 1946 3764 2000 περισ
3786 1961 3797 1974 ι

2211 2009 2437 2080 σοτέραν
2482 2011 2728 2065 δουλείαν
2774 2013 2934 2082 ἡμῶν
2979 2015 3240 2081 ποιεῖται,
3273 2015 3306 2087 ἢ
3337 2017 3391 2070 τί
3433 2017 3595 2072 πλέον
3625 2020 3794 2090 ήμῶν

2205 2102 2332 2164 τοὺς
2369 2100 2676 2171 Ῥωμαίους
2727 2105 3034 2173 ὲπωφελεϊ;
3089 2107 3254 2161 Ὅθεν
3288 2109 3392 2181 χρὴ
3422 2111 3454 2181 ἦ
3487 2113 3581 2164 καὶ
3633 2113 3793 2181 ἡμᾶς

2205 2188 2281 2252 ὡς
2327 2191 2538 2244 ἐκεῖνον
2593 2192 2936 2262 ῥογεύεσθαι,
2993 2194 3024 2266 ἢ
3074 2196 3200 2267 μηδ’
3251 2197 3459 2251 ἐκεῖνον
3491 2200 3640 2263 ἐντὸς
3683 2201 3790 2272 τῆς

2184 2279 2463 2350 ⁵τοιαύτης
2492 2282 2782 2352 τυγχάνειν
2805 2284 3038 2355 δωρεᾶς.
3073 2285 3132 2340 Ὀ
3164 2286 3221 2340 δὲ
3251 2290 3523 2358 μακάριος
3563 2291 3791 2362 Ῥωμα-

2204 2368 2291 2432 νδς
2313 2369 2621 2442 ἀντέγραψε
2644 2373 2783 2442 πρὸς
2823 2375 3041 2440 αὐτοὺς,
3079 2375 3154 2446 μὴ
3183 2376 3315 2446 παρ’
3342 2376 3510 2430 αὐτοῦ
3545 2379 3641 2449 τὴν
3683 2378 3791 2433 ἐπὶ

2201 2459 2279 2532 τῷ
2329 2462 2613 2535 Ταρωνίτῃ
2661 2464 2916 2531 γενέσθαι
2954 2467 3144 2537 ῥόγαν,
3177 2469 3244 2521 ἵν’
3284 2469 3368 2522 ἐπ’
3399 2471 3548 2543 αὐτῷ
3597 2476 3785 2528 κεῖται

2202 2553 2297 2605 καὶ
2328 2555 2585 2626 ήταύτης
2626 2555 2721 2608 νῦν
2755 2557 2986 2629 ὲκκοπὴ,
3017 2559 3150 2612 ἀλλὰ
3185 2563 3339 2628 ποιρά
3366 2561 3460 2615 τοῦ
3504 2565 3784 2634 μακαρίου

2202 2644 2487 2714 βασιλέως·
2521 2645 2612 2698 καὶ
2643 2645 2715 2716 μὴ
2740 2647 2948 2702 δίκαιον
2981 2643 3124 2702 εῖναι
3160 2651 3228 2703 τὰ
3272 2651 3383 2704 τῶν
3438 2653 3785 2723 προϐεϐασι-

2192 2721 2468 2789 ’λευκότων
2501 2738 2651 2808 παρά
2680 2737 2786 2790 τῶν
2811 2738 3038 2810 ὕστερον
3068 2742 3489 2813 ἀνατρέπεσθαι.
3519 2745 3778 2816 Ἔγραψε

2198 2825 2244 2879 δ’
2275 2827 2423 2895 ὅμως
2445 2827 2581 2897 πρὸς
2611 2827 2700 2879 τὸν
2724 2827 2886 2880 αὑτὸν
2915 2828 3256 2901 Ταρωνίτην,
3293 2830 3596 2900 δηλοποιῶν
3624 2834 3782 2905 αύτῷ

2198 2916 2298 2986 τὴν
2327 2915 2436 2969 τῶν
2476 2916 2780 2987 εἰρημένων
2818 2917 3028 2990 ἀνδρῶν
3080 2919 3259 2991 λύπην
3308 2921 3402 2973 καὶ
3454 2922 3778 2980 σκάνδαλον.

495 2995 1018 3055 'venitPancratius
1055 3001 1329 3056 maximus
1359 3002 1596 3057 ﬁliorum
1630 3005 1884 3076 magistri
1943 3007 2091 3061 illius

2211 3007 2268 3060 Ὀ
2296 3006 2351 3058 δὲ
2379 3008 2642 3077 ἀνήγαγε,
2678 3009 2818 3079 μήτε
2852 3009 3054 3080 χρυσὸν
3076 3010 3214 3081 μήτε
3241 3009 3485 3082 ἄργυρον
3507 3013 3778 3083 παρέχειν

491 3076 797 3144 Ὀτῑεονίοἱί
825 3089 1119 3160 Taronitae,
1158 3107 1492 3168 evectusque
1522 3107 1606 3154 est
1635 3099 1704 3153 ab
1761 3102 2088 3168 imperatore

494 3176 582 3230 ad
616 3181 972 3248 patriciorum
1006 3184 1344 3254 dignitatem,
1381 3197 1706 3260 creatusque
1757 3200 1958 3262 praetor
1993 3193 2090 3246 Ta-

511 3273 666 3325 rouis
699 3291 714 3328 :
744 3287 982 3344 cumque
1010 3291 1240 3332 uxorem
1264 3281 1427 3335 etiam
1464 3293 1690 3353 cuperet
1722 3298 1787 3338 ex
1823 3286 2090 3355 sanguine

509 3361 776 3432 imperiali
813 3367 1085 3438 accipere,
1110 3369 1235 3424 data
1270 3371 1318 3425 ei
1358 3385 1521 3427 soror
1555 3382 1640 3429 est
1690 3373 2087 3446 TheOpliylacti

509 3457 761 3525 magistri
800 3467 894 3524 ;et
957 3463 1356 3519 consummatis
1421 3465 1631 3535 nuptiis
1696 3475 2085 3523 testamentum

491 3543 655 3608 fecit,
687 3549 738 3601 in
764 3564 872 3618 quo
901 3550 1155 3618 instituit,
1187 3563 1243 3607 ut
1271 3555 1316 3610 si
1347 3555 1502 3612 liberi
1534 3572 1598 3613 ex
1631 3572 1696 3614 eo
1739 3559 2088 3615 matrimonio

503 3650 888 3708 nascerentur,
922 3643 1236 3702 universam
1271 3648 1447 3719 ipsius
1498 3652 1774 3722 regionem
1801 3651 1855 3706 in
1913 3652 2088 3709 haere-

489 3729 758 3785 ditatem'
792 3743 1078 3803 paternam
1109 3738 1374 3794 haberent
1407 3756 1422 3806 ;
1453 3755 1628 3811 eoque
1657 3743 1879 3797 nomine
1926 3744 2084 3814 petiit

500 3819 570 3873 ab
601 3820 931 3890 imperatore
969 3824 1089 3879 dari
1123 3827 1226 3882 sibi
1246 3830 1625 3885 suburbanum
1687 3832 1963 3904 Gregorae,
2021 3841 2082 3887 ut

501 3917 558 3970 in
593 3925 658 3965 eo
706 3915 935 3982 patricia
967 3916 1088 3986 ejus
1120 3933 1259 3972 uxor
1303 3931 1759 3989 commoraretur,
1815 3941 1924 3994 qua
1989 3925 2088 3981 de-

499 4001 689 4057 functa
721 4005 917 4059 iterum
941 4009 1008 4062 ad
1034 4010 1374 4077 maiestatem
1403 4028 1558 4083 suam
1597 4016 1826 4071 rediret.
1861 4017 1930 4071 Et
1956 4017 2087 4072 huic

500 4110 722 4165 quoque
746 4099 996 4166 petitioni
1032 4101 1330 4172 imperator
1359 4106 1572 4170 anuuit,
1604 4106 1920 4177 ingentique
1953 4124 2082 4163 mu-

497 4184 776 4240 ni’licentia
811 4203 933 4242 eum
966 4192 1308 4261 complexus,
1337 4210 1462 4249 cum
1529 4212 1699 4252 uxore
1744 4198 1815 4253 ad
1873 4207 2076 4254 terram

497 4288 656 4330 suam
689 4278 923 4334 remisit.
956 4279 1197 4349 Magistri
1254 4300 1385 4340 vero
1431 4287 1719 4342 Cricoricii
1787 4290 1902 4353 lilii,
1965 4296 2076 4343 tam

2193 3099 2475 3153 δύνασθαι·
2505 3101 2819 3170 ὑπισχνεῖτο
2841 3102 2897 3156 δὲ
2920 3101 3117 3167 ἔξωθεν
3148 3103 3254 3158 τῶν
3283 3105 3424 3157 κατὰ
3443 3103 3613 3158 τύπον
3631 3108 3779 3159 ἀπο-

2195 3192 2566 3262 στελλομένων
2617 3193 2804 3258 ξενίων
2841 3194 3040 3250 διδόναι
3075 3195 3268 3266 ἱμάτια
3313 3197 3406 3250 καὶ
3433 3195 3779 3268 χαλκώματα

2197 3283 2360 3355 μέχρι
2396 3285 2505 3337 τῶν
2533 3285 2665 3338 δέκα
2689 3285 2892 3357 λιτρῶν
2924 3287 3332 3359 συντιμώμενα·
3366 3289 3402 3342 ἃ
3447 3289 3542 3341 καὶ
3571 3289 3778 3343 δέδωκε

2195 3376 2358 3447 μέχρι
2385 3375 2553 3448 τριῶν
2595 3376 2628 3448 ἦ
2663 3366 2944 3448 τεσσάρων
2993 3379 3275 3433 ἐνιαυτῶν.
3313 3379 3469 3433 Μετὰ
3511 3378 3568 3431 δὲ
3593 3381 3777 3433 ταῦτα.

2192 3469 2439 3538 ἀνήγαγε
2498 3469 2573 3538 μὴ
2631 3468 2895 3523 δύνασθαι
2939 3469 3202 3542 παρέχειν
3250 3471 3310 3524 τὸ
3364 3473 3606 3525 τοιοῦτον
3656 3473 3771 3526 πάι

2192 3576 2340 3614 κτον·
2362 3559 2460 3630 τὴν
2485 3561 2540 3612 δὲ
2567 3559 2789 3632 ρόγανῆ
2819 3563 3024 3630 προῖκα
3045 3561 3344 3631 λαμϐάνειν
3367 3562 3544 3631 ἠξίου,
3577 3563 3768 3628 καθὼς

2191 3652 2283 3707 ἐπὶ
2311 3651 2406 3704 τοῦ
2444 3652 2867 3722 μακαριωτάτου
2898 3652 3158 3723 βασιλέως
3184 3652 3433 3720 Λέοντος,
3461 3655 3495 3726 ἢ
3523 3654 3774 3724 ἐκκοπῆ-

2190 3762 2279 3799 ναι
2309 3746 2498 3818 αὐτήνο
2533 3744 2656 3798 ὅθεν
2697 3744 2785 3798 διὰ
2824 3744 2885 3799 τὸ
2939 3745 3013 3817 μὴ
3043 3747 3122 3810 είς
3155 3745 3451 3801 σκάνδαλον
3503 3741 3643 3799 εἶναι
3669 3745 3772 3800 τοῦ

2189 3833 2482 3901 Κακικίου,
2515 3833 2734 3887 καὶτοῦ
2790 3834 3221 3905 κουροπαλάτου,
3273 3837 3369 3889 καὶ
3410 3836 3520 3889 τῶν
3561 3836 3776 3892 λοιπῶν

2191 3924 2416 3995 ἐξέκοψε
2444 3924 2648 3994 ταύτην
2673 3924 2701 3977 ό
2723 3925 3010 3994 εἰρημένος
3041 3924 3460 3996 μακαριώτατος
3511 3925 3774 3996 βασιλεὺς

2209 4012 2510 4082 Ῥωμανός.
2540 4012 3040 4084 Παραμυθούμενος
3075 4014 3132 4067 δὲ
3182 4013 3372 4085 ῶσπερ
3402 4015 3583 4078 αὑτὸν,
3623 4016 3772 4086 μετά

2188 4103 2362 4157 ταῦτα
2404 4104 2496 4157 τὸν
2541 4103 2731 4156 τούτου
2762 4100 2876 4156 υίδν
2922 4103 3177 4159 Ἀσώτιον
3217 4107 3274 4157 ὲν
3301 4109 3366 4178 τῇ
3403 4106 3552 4159 πόλει
3594 4125 3773 4179 παρα-

2189 4194 2451 4265 γεγονότα
2507 4197 2588 4258 είς
2636 4193 2960 4265 πατρικίους
2999 4197 3258 4267 ἐτίμησε,
3291 4197 3382 4249 καὶ
3433 4198 3770 4269 φιλοφρονη-

2190 4287 2424 4356 σάμενος
2452 4285 2739 4356 αύταρκῶς
2773 4287 2910 4355 πρὸς
2939 4285 3006 4339 τὰ
3033 4286 3139 4340 ἴδια
3168 4287 3538 4352 ἐξαπέστειλε.
3571 4289 3769 4345 rem:

495 4364 612 4435 ipse
646 4367 969 4427 Pancratius
995 4374 1276 4442 patricius,
1298 4392 1460 4446 quam
1495 4379 1658 4449 118
1710 4379 1936 4436 Asotius
1969 4394 2070 4449 pa-

2197 4378 2480 4448 ιαγίστρου
2530 4376 2625 4429 τοῦ
2678 4378 3032 4448 Κρικορικίου
3068 4377 3160 4431 τὸν
3203 4378 3317 4448 βίον
3374 4381 3760 4446 ἀπολιπόντος,

494 4459 1030 4524 tricius,'molestiam
1056 4467 1407 4536 exhibebant,
1453 4478 1617 4539 atque
1644 4471 1750 4525 vim
1801 4487 1910 4526 non
1951 4471 2072 4525 exi-

481 4565 657 4618 guam
693 4552 1004 4610 inferebant
1051 4561 1284 4629 patrueli
1324 4576 1425 4615 suo
1487 4559 1744 4618 Tornicio
1797 4563 2068 4633 patricio:

494 4643 588 4712 qui
623 4659 736 4700 rem
771 4663 875 4702 non
904 4649 1085 4705 ferens
1113 4654 1337 4723 scripsit
1377 4655 1693 4724 imperatori
1735 4663 1794 4709 ut
1834 4655 2074 4710 mitteret

490 4733 770 4791 hominem
793 4739 1078 4811 lidum,qui
1100 4753 1302 4800 terram
1331 4761 1486 4800 suam
1518 4749 1812 4816 acciperet,
1834 4762 1894 4801 se
1918 4761 2068 4811 vero,

494 4842 852 4900 uxoremque,
885 4842 938 4887 ct
973 4834 1140 4889 [ilium
1170 4830 1244 4889 ad
1271 4851 1393 4891 eum
1437 4836 1779 4905 perduceret.
1812 4836 2071 4907 Misitque

495 4919 802 4990 imperator
833 4928 1341 4998 protospatharium
1396 4929 1658 4984 Crinitem
1685 4936 1738 4983 et
1795 4929 2071 4997 interpre-

491 5017 599 5064 tem
625 5027 639 5079 ;
673 5013 785 5080 qui,
807 5015 880 5068 uti
913 5018 1167 5086 petierat,
1190 5020 1465 5087 exciperet
1491 5019 1691 5088 ipsum,
1718 5027 1772 5074 et
1801 5020 1856 5073 in
1878 5020 2068 5074 urbem

489 5113 520 5152 a
562 5099 669 5156 Deo
694 5106 1025 5159 custoditam
1062 5107 1380 5163 adduceret.
1417 5110 1553 5162 Cum
1607 5125 1737 5165 vero
1798 5110 1930 5164 illuc
1973 5125 2073 5179 ape

487 5191 1012 5263 pulissetCriuites,
1048 5213 1173 5252 eum
1199 5198 1312 5267 jam
1369 5211 1644 5254 mortuum
1690 5201 1922 5265 invenit,
1977 5201 2074 5257 sed

491 5291 818 5341 testamento
863 5297 992 5341 aute
1032 5297 1263 5344 mortem
1318 5293 1552 5358 cavisse,
1613 5301 1668 5347 ut
1730 5300 1845 5348 tota
1903 5293 2076 5362 ipsius

484 5377 641 5428 terra
675 5375 1046 5434 Romanorqu
1080 5380 1392 5450 imperatori
1419 5392 1648 5451 pareret,
1675 5399 1920 5452 uxorque
1951 5399 2074 5438 cum

2180 4469 2425 4540 ἀνήγαγε
2454 4469 2735 4537 Τορνίκιος
2753 4470 2780 4520 6
2808 4469 2902 4521 τοῦ
2938 4469 3248 4539 Ἀπογάνεμ
3273 4471 3383 4534 υίὸς
3409 4472 3589 4541 ἔρωτα
3615 4472 3764 4542 ἔχειν

2181 4562 2472 4630 ἐγκάρδιον
2499 4561 2784 4632 εἰσελθεῖν,
2819 4561 2914 4614 καὶ
2942 4561 3034 4615 τὸν
3071 4563 3298 4632 βασιλέα
3331 4563 3648 4617 θεάσασθαι·
3672 4564 3763 4633 ἐφ’

2177 4646 2334 4722 qum
2373 4651 2862 4724 πρωτοσπαθάριον
2893 4653 3156 4723 Κρινίτην
3207 4656 3300 4706 καὶ
3348 4655 3689 4725 ἐρμηνευτὴν
3733 4659 3763 4710 6

2181 4744 2433 4815 βασιλεὺς
2467 4743 2866 4810 ἐξαπέστειλεν,
2899 4743 2960 4808 ὃς
2982 4743 3076 4798 καὶ
3105 4746 3399 4815 εἰσήγαγεν
3426 4748 3483 4798 ὲν
3509 4748 3574 4816 τῇ
3606 4747 3760 4800 πόλει

2177 4840 2267 4891 τὸν
2321 4839 2609 4909 εἰρημένον
2660 4838 2963 4909 Τορνίκιον,
2999 4839 3094 4891 καὶ
3144 4839 3426 4909 προήγαγε
3472 4838 3564 4891 τὸν
3594 4839 3760 4892 αὐτὸν

2179 4931 2460 5002 Τορνίκιον
2488 4933 2516 4985 6
2557 4932 2807 5002 βασιλεὺς
2835 4932 2912 4995 εἰς
2945 4931 3041 5002 τὴν
3087 4932 3195 4983 τῶν
3214 4918 3538 5001 ’πατρικίων
3568 4933 3756 5002 τιμήν.

2179 5021 2528 5092 Προετείνετο
2565 5021 2622 5075 δὲ
2665 5021 3025 5091 δικαιολογίας
3064 5023 3154 5074 ἐπὶ
3187 5023 3266 5093 τῷ
3325 5023 3418 5077 τοῦ
3467 5024 3757 5094 Βαρϐἀρου

2172 5113 2326 5185 οἴκῳ·
2363 5114 2457 5167 καὶ
2501 5113 2740 5177 ἀκούσας
2795 5115 2877 5168 ὃτι
2933 5115 3256 5183 προάστειον
3318 5116 3498 5169 λαϐὼν
3531 5118 3560 5169 6
3609 5118 3759 5181 θεῖος

2174 5205 2337 5259 αὑτοῦ
2376 5207 2434 5260 ἐν
2460 5208 2526 5276 τῇ
2561 5205 2842 5277 Κελτζηνῇ
2868 5205 2966 5276 τὴν
2990 5206 3184 5260 τούτου
3226 5207 3624 5278 παρεχώρησεν
3653 5209 3746 5274 ἑξ-

2174 5296 2381 5360 ουσίαν,
2425 5295 2580 5363 ἔλεγε
2624 5294 2699 5365 μὴ
2747 5295 3007 5348 δύνασθαι
3061 5296 3153 5350 τὸν
3186 5297 3326 5350 θεῖον
3355 5297 3520 5350 αὑτοῦ
3565 5299 3656 5350 ἐπὶ
3688 5301 3757 5370 τῇ

2178 5388 2422 5455 πατρικῇ
2451 5385 2788 5456 κληρονομίᾳ
2835 5385 3001 5437 αὑτοῦ
3061 5385 3336 5440 ποιεῖσθαι
3388 5386 3757 5457 ἁνταλλαγὴν,

1675 5501 1979 5558 ANSELMI
2002 5501 2334 5559 BANDUﬂtl
2362 5503 2597 5561 NOTAE.

555 5583 666 5654 (53)
705 5583 1136 5673 Ita.tns._codex
1171 5592 1313 5648 Editt
1363 5593 1580 5663 habent,
1635 5596 1786 5668 παρά
1829 5612 1890 5650 τε
1937 5593 2031 5648 τοῦ
2072 5595 2093 5647 ι

2197 5593 2309 5662 ξονς
2345 5603 2397 5650 et
2430 5595 2568 5652 infra
2610 5596 2799 5653 eodem
2846 5595 3026 5667 modo,
3064 5612 3188 5653 cum
3257 5597 3312 5653 in
3380 5612 3511 5654 mss.
3575 5599 3752 5656 Κακι·

480 5659 601 5711 κίον
635 5661 925 5730 utrobique
948 5663 1177 5732 legatur.
