2054 3212
145 145 200 177 349

675 142 723 174 DE
735 141 1050 175 ADMINISTRANDO
1067 141 1240 174 IMPERIO.

144 198 293 234 προφήτου
306 196 354 224 καὶ
374 196 511 233 βασιλέως
539 198 731 234 μοιχευθείσης
743 206 750 213 ·
769 199 801 226 ἐκ
817 199 872 233 γὰρ
891 198 947 225 τῶν

1008 198 1065 226 lere
1085 198 1161 226 credi
1176 199 1281 231 volunt,
1297 197 1461 233 cognatique
1471 204 1533 226 esse
1548 198 1619 233 regis
1630 205 1661 226 ac
1674 200 1793 234 prophe-

144 245 172 279 ὶξ
197 245 290 279 αὐτῆς
305 243 458 279 τεχθέντων
484 243 589 271 παίδων
606 244 645 280 τῷ
662 244 743 271 Δαϐὶδ
767 244 881 275 ἑαυτοὺς
899 244 946 270 λέ-

145 299 223 326 γουσι
235 289 423 324 κατάγεσθαι,
432 290 482 316 καὶ
496 291 636 324 συγγενεῖς
647 287 717 316 εἶναι
730 289 812 316 Δαϐὶδ
821 289 868 316 τοῦ
882 296 948 324 προ-

144 337 230 371 φήτου
245 335 298 361 καὶ
312 334 445 369 βασιλέως
455 342 464 349 ⁸
481 335 527 367 καὶ
535 335 573 366 ὠς
586 336 618 361 ὲκ
627 334 724 361 τούτου
735 334 783 361 καὶ
798 334 849 369 τῆς
861 334 947 369 ὑπερ-

145 382 225 416 ατίας
256 380 406 413 Θεοτύκου,
427 380 473 407 διὰ
495 380 527 406 τὺ
552 381 585 407 ὲκ
600 380 647 407 τοῦ
674 380 836 415 σπέρματος
863 379 946 406 Δασὶδ

146 428 248 462 ταύτην
278 427 461 460 κατάγεσθαι.
488 427 539 453 Διὰ
563 425 642 453 τοῦτο
666 426 715 453 καὶ
738 426 763 453 oi
784 426 947 461 μεγιστᾶνες

149 474 200 500 τῶν
221 472 342 508 Ἰϐήρων
357 472 508 503 ἀκωλύτως
526 472 576 503 τὰς
592 471 755 506 συγγενίδας
769 471 859 498 αὐτῶν
877 471 947 507 πρὸς

150 520 236 554 γάμον
250 518 363 551 ἄγουσι,
374 517 425 553 τὴν
440 517 560 546 παλαιὰν
582 517 701 551 οἰόμενοι
728 517 877 551 φυλάττειν
903 525 948 543 νο-

154 564 294 600 μοθεσίαν·
308 563 340 596 ἐξ
349 563 505 598 Ίερουσαλή
510 572 529 597 μ
543 571 574 588 τε
586 561 714 594 λέγουσιν
730 560 802 589 εἷναι
814 562 865 597 τὴν
877 562 943 596 γέν-

154 618 226 643 νησιν
246 608 352 641 αὐτῶν,
372 608 419 634 καὶ
435 609 467 634 ὲκ
487 608 543 635 τῶν
568 609 660 634 ἐκεῖσε
681 608 743 635 κατ’
755 608 823 643 ὄναρ
850 608 947 643 μετελ-

156 654 220 687 θεῖν,
239 654 289 681 καὶ
301 655 467 688 κατοικῆσαι
484 653 553 688 πρὸς
565 653 600 680 τὰ
614 654 685 689 μέρη
702 654 844 689 Περσίδος,
862 654 947 689 ἥγουν

157 702 194 733 είς
205 701 254 736 τὴν
269 700 362 735 χώραν
370 700 411 731 είς
422 699 510 735 ῆννῦν
518 699 650 726 οἰκοῦσιν.
662 700 695 726 Οί
705 699 734 726 δὲ
740 700 946 735 χρηματισθέν-

159 754 203 777 τες
216 747 264 772 καὶ
277 745 432 777 ἐξελθόντες
450 745 482 771 ἐκ
495 745 546 779 τῆς
565 744 742 780 Ἰερουσαλημ
756 745 880 781 ὑπῆρχον
892 746 906 772 ὅ
916 754 946 772 τε

163 792 245 820 Δαϐιδ
250 793 356 823 ἐκεῖνος,
368 792 416 817 καὶ
430 791 444 817 ὀ
454 791 568 825 ἀδελφὸς
577 791 660 817 αὐτοῦ
668 791 840 827 Σπανδιάτης
849 799 856 807 ⁸
872 792 947 823 ὅστις

167 838 330 872 Examinat“
346 835 382 872 ἦν
406 838 440 863 ὲκ
467 837 535 863 Θεοῦ
548 837 639 864 λαϐὼν
663 838 798 873 χάρισμα,
812 838 850 869 ὡς
869 838 947 865 αὐτοὶ

1003 246 1038 270 ta:
1051 242 1175 275 Davidis,
1191 250 1224 271 ac
1240 246 1384 278 propterea
1398 242 1480 269 etiam
1497 242 1679 270 sanctissimae
1698 243 1795 278 Deipa-

1002 296 1051 321 rat,
1066 289 1139 324 quod
1157 296 1190 316 ex
1207 289 1312 317 semine
1337 288 1449 316 Davidis
1467 296 1499 316 ea
1527 289 1642 316 oriunda
1669 289 1714 316 sit.
1741 289 1795 315 Ea-

1002 339 1116 370 propter
1133 335 1215 362 etiam
1233 335 1342 362 Iberum
1359 338 1501 369 magnates
1519 334 1591 362 inter
1606 342 1655 362 eos
1672 335 1795 362 sineullo

1001 381 1199 416 impedimento
1212 384 1354 415 cognatas
1373 380 1489 412 ducunt,
1511 385 1633 408 veterem
1658 388 1689 408 se
1707 380 1794 415 legem

1001 426 1150 454 observare
1164 426 1372 454 existimantes:
1396 430 1424 453 et
1441 424 1641 460 Hierosolymis
1656 427 1794 452 nationem

1002 481 1081 501 suam
1095 476 1186 500 ortum
1203 472 1313 500 trahere
1328 472 1436 505 dicunt,
1458 475 1541 507 atque
1562 472 1625 499 inde
1648 472 1675 499 in
1693 472 1797 499 somnis

1002 518 1122 546 monitos
1148 518 1295 553 migrasse,
1321 517 1471 551 sedemque
1497 517 1623 552 posuisse
1654 516 1682 543 in
1713 517 1798 552 parti-

1001 565 1055 592 bus
1079 563 1202 592 Persidis
1231 571 1302 599 quas
1341 564 1423 591 etiam
1453 563 1480 590 in
1510 561 1675 590 hodiernum
1711 570 1798 598 usque

1002 611 1075 639 diem
1107 610 1244 638 incolunt.
1274 609 1327 641 Qui
1357 613 1448 636 autem
1478 608 1676 643 Hierosolymis
1703 615 1800 636 exces-

1002 661 1099 685 serunt
1114 677 1121 689 ,
1144 655 1231 683 David
1255 655 1301 683 ille
1328 660 1408 688 erat,
1433 659 1459 683 et
1481 653 1567 682 frater
1594 655 1683 690 ipsius
1709 654 1797 690 Span-

1001 702 1110 735 diates;
1132 702 1179 736 qui
1207 702 1318 736 quidem
1347 700 1523 736 Spandiates,
1541 703 1572 727 ut
1598 700 1651 735 ipsi
1673 704 1797 733 narrant,

1001 747 1119 783 gratiam
1136 755 1151 774 a
1169 746 1225 775 Deo
1243 746 1359 781 accepit,
1380 750 1411 773 ut
1424 746 1515 781 gladio
1528 746 1672 773 vulnerari
1684 746 1714 773 in
1725 746 1799 773 bello

1001 794 1109 822 nullum
1136 793 1224 828 ipsius
1244 793 1398 821 membrum
1425 796 1530 827 posset,
1557 795 1674 827 excepto
1703 791 1798 824 corde,

1000 840 1074 876 quod
1089 840 1173 868 etiam
1188 839 1215 867 in
1233 839 1338 874 praeliis
1354 843 1494 866 armatura
1506 839 1624 873 quadam
1641 837 1796 866 muniebat:

170 885 302 918 φάσκουσι,
319 883 366 909 τοῦ
385 883 422 918 μὴ
439 885 467 910 ὲν
480 883 592 918 πολέμῳ
610 883 748 910 ἅπτεσθαι
770 882 855 910 αὑτοῦ
870 883 947 917 ξίφος

1008 886 1074 914 inde
1091 890 1118 914 et
1136 886 1268 913 terribilis
1293 885 1385 913 Persis
1399 888 1470 918 erat,
1487 891 1557 920 quos
1574 884 1685 917 devicit,
1703 882 1799 910 debel-

165 932 200 962 sl;
210 928 262 957 οἷον
275 930 377 965 δήποτε
395 930 476 964 μέλος
492 930 539 955 τοῦ
561 929 688 964 σώματος
702 928 796 962 αὐτοῦ,
813 930 878 957 ἄνευ
896 929 947 964 τῆς

161 977 279 1012 καρδίας,
296 976 332 1012 ἢν
343 976 390 1002 καὶ
408 976 454 1003 διά.
471 984 545 1007 τινος
564 976 827 1011 περισκεπάσματος
843 975 873 1002 ὲν
890 976 947 1007 τοῖς

162 1024 284 1058 πολέμοις
296 1024 504 1058 περιεφρούρει.
517 1022 566 1049 Διὰ
579 1022 658 1049 τοῦτο
668 1022 715 1049 καὶ
727 1022 874 1049 ἐπτοοῦντο
884 1021 947 1049 τοῦ-

161 1072 250 1097 τονκαὶ
265 1070 418 1097 ὲδεδίεισαν
434 1071 458 1096 οἱ
473 1070 588 1105 Πέρσαι-
603 1070 652 1096 eae
661 1070 785 1103 νενίκηκε
797 1070 894 1100 αὐτοὺς
902 1069 948 1095 καὶ

159 1117 240 1143 αὐτῶν
270 1117 476 1151 κατεκράτησε,
499 1116 629 1147 καὶτοὺς
649 1116 791 1150 συγγενεῖς
816 1115 949 1142 ὲνοίκισεν

159 1163 270 1198 Ἴϐηρας
286 1163 328 1194 είς
341 1163 391 1193 τὰς
407 1162 551 1193 δυσκολίας
564 1161 613 1193 τὰς
630 1161 677 1188 νῦν
692 1162 759 1197 παρ’
779 1161 868 1188 αὺτῶν
879 1169 949 1197 κρα-

156 1209 290 1243 τουμένας
301 1216 308 1223 ·
325 1208 355 1240 ἐξ
370 1204 407 1235 ὧν
420 1208 479 1233 κατ’
493 1207 582 1239 ὀλίγον
602 1206 811 1243 ὲπλατύνθησαν
826 1207 873 1234 καὶ
898 1206 950 1241 ηὑ-

156 1255 233 1288 ξάνῦη
240 1263 303 1286 σαν,
332 1254 380 1279 καὶ
406 1255 446 1284 είς
474 1253 545 1288 μέγα
562 1253 639 1284 ἔθνος
656 1252 792 1287 ἐγένοντο.
806 1250 865 1278 Εἴθ’
878 1251 950 1278 οὕτω

155 1301 197 1327 τοῦ
213 1300 353 1335 βασιλέως
376 1299 539 1334 Ἡρακλείου
554 1299 625 1326 κατὰ
640 1298 771 1334 Περσίδος
782 1298 950 1334 ἐκστρατεύ-

156 1356 264 1378 σαντος,
290 1346 438 1382 ἡνώῦησαν
466 1346 512 1372 καὶ
540 1345 766 1377 συνεταξίδευσαν
787 1344 874 1380 αὐτῷ,
903 1344 951 1370 καὶ

156 1396 246 1422 ἔκτοτε
263 1395 404 1426 ὑπέταξαν
423 1395 460 1429 τῷ
479 1393 554 1428 φόϐῳ
576 1392 737 1428 Ἡρακλείου
752 1391 801 1418 τοῦ
819 1390 952 1426 βασιλέως

162 1441 308 1477 Ῥωμαίων
328 1441 439 1475 μᾶλλον,
452 1440 525 1475 ἤπερ
540 1441 573 1474 τῇ
597 1439 702 1465 ἑαυτῶν
715 1438 788 1472 ἰσχύϊ
805 1438 852 1464 καὶ
871 1436 952 1463 δυνά-

161 1497 211 1523 μει,
230 1487 333 1518 πόλεις
357 1486 415 1512 καὶ.
426 1486 518 1521 χώρας
538 1485 634 1516 ίκανὰς
650 1484 706 1511 τῶν
720 1484 843 1519 Περσῶν.
860 1481 952 1514 "Arrcti

159 1534 208 1569 γὰρ
220 1533 272 1560 τοῦ
293 1531 430 1568 βασιλέως
455 1530 618 1565 Ἡρακλείου
635 1529 698 1560 τοὺς
714 1529 821 1563 Πέρσας
844 1536 953 1563 τροπω-

1000 932 1134 967 lavitque,
1162 936 1350 965 cognatosque
1373 931 1466 958 lberes
1483 930 1511 957 in
1534 929 1603 957 locis
1630 928 1798 956 dillicilibus‘

1001 984 1063 1013 quae
1074 983 1149 1003 nunc
1163 977 1245 1003 etiam
1260 976 1391 1010 temporis
1411 979 1560 1010 occupant,
1577 974 1725 1002 collocavit
1736 982 1743 1000 :
1754 971 1799 1000 ubi

1003 1023 1136 1058 paulatim
1152 1021 1329 1056 multiplicati
1341 1021 1470 1055 auctique
1489 1023 1565 1051 sunt,
1584 1024 1610 1046 et
1625 1019 1652 1046 in
1672 1024 1800 1052 magnam

1004 1073 1111 1104 gentem
1128 1070 1286 1095 evaserunt.
1307 1066 1412 1093 Deinde
1429 1066 1466 1092 ita
1483 1063 1613 1092 Heraclio
1633 1063 1803 1099 imperatore

1004 1122 1066 1143 cum
1077 1115 1162 1141 armis
1180 1117 1275 1147 contra
1290 1112 1428 1139 Persidem
1438 1110 1640 1146 proﬂciscente,
1650 1109 1704 1137 icto
1716 1108 1802 1136 fmde.

1002 1167 1044 1193 re,
1059 1159 1137 1193 122
1150 1167 1211 1184 eum
1227 1166 1258 1185 eo
1270 1158 1439 1190 militarunt;
1453 1164 1486 1184 ex
1494 1163 1583 1191 eoque
1595 1161 1718 1191 tempore
1729 1157 1802 1182 metu

1004 1205 1092 1240 magis
1105 1204 1223 1231 lleraclii
1240 1203 1426 1229 Romanorum
1441 1202 1627 1236 imperatoris.
1643 1208 1724 1235 quam
1742 1200 1800 1227 suis

1004 1251 1112 1279 viribus
1126 1257 1158 1278 ac
1177 1250 1271 1280 armis,
1284 1249 1385 1275 multas
1408 1248 1490 1275 urbes
1502 1251 1646 1281 terrasque
1654 1246 1803 1273 Persarum

1005 1297 1199 1332 subjugarunt.
1215 1295 1303 1322 Semel
1320 1294 1392 1321 enim
1403 1293 1508 1321 victiac
1518 1291 1697 1328 proﬂigatiab
1717 1290 1803 1319 Hera-

1005 1343 1059 1371 clio
1079 1342 1507 1377 imperatorePersae,eorumque
1527 1337 1681 1373 principatu
1700 1337 1802 1368 deleto.

1007 1388 1092 1416 facile
1112 1396 1166 1416 non
1182 1388 1215 1415 ab
1239 1386 1365 1414 lberibus
1385 1389 1503 1418 tantum,
1520 1384 1567 1412 sed
1579 1388 1606 1412 et
1628 1392 1642 1410 a
1658 1382 1804 1410 Saracenis

1004 1436 1079 1464 vinci
1099 1436 1125 1463 in
1143 1438 1285 1470 posterum
1299 1436 1460 1468 potuerunt.
1473 1431 1543 1465 Quia
1554 1437 1630 1464 vero,
1644 1430 1684 1457 uti
1696 1429 1803 1461 dicunt,

1006 1480 1208 1515 Hierosolymis
1230 1478 1363 1514 originem
1393 1477 1510 1510 ducunt,
1543 1476 1716 1509 multumque
1741 1473 1805 1502 ﬁdei

1006 1528 1061 1555 illis
1088 1530 1231 1562 praestant,
1261 1529 1288 1553 et
1315 1526 1444 1559 sepulcro
1472 1522 1582 1551 Domini
1618 1522 1706 1550 nostri
1740 1521 1806 1549 Jesu

163 1580 290 1614 σαμε-λου,
303 1578 352 1604 καὶ
371 1579 411 1608 εἰς
424 1577 453 1602 τὸ
470 1576 567 1611 μηκέτι
585 1573 655 1602 εἶναι
670 1575 720 1611 τὴν
738 1574 845 1601 τούτων
866 1573 954 1608 ἀρχὴν

1008 1573 1121 1605 Christi,
1134 1577 1160 1599 et
1174 1572 1344 1606 ten-poribus
1366 1571 1530 1606 quibusdam
1548 1569 1665 1597 ubertim
1679 1566 1808 1603 pecunias

164 1626 391 1661 περιστήσαντος,
412 1623 544 1649 addituret
570 1622 616 1649 καὶ
640 1621 800 1657 εὐχείρωτοι
824 1620 855 1647 οὗ
875 1620 954 1655 μόνον

166 1674 214 1702 τοῖς
231 1671 372 1706 Ἴϐηρσιν,
394 1670 461 1697 ἀλλὰ
477 1669 524 1696 καὶ
543 1670 599 1700 τοῖς
611 1668 780 1703 Σαρακηνοῖς
799 1667 825 1693 οί
850 1667 955 1701 Πέρσαι

170 1719 301 1752 γεγόνασι.
319 1716 371 1743 Διά
384 1716 457 1742 δὲτὸ
473 1714 644 1747 κατάγεσθαι
673 1713 783 1745 αὐτοὺς,
811 1712 849 1743 ὼς
876 1710 955 1738 αὐτοὶ

174 1763 296 1796 λέγουσιν,
318 1763 351 1788 ὲκ
362 1762 412 1796 τῆς
433 1760 623 1796 Ἰερουσαλὴμ,
637 1759 681 1786 διὰ
694 1759 725 1785 τὸ
733 1758 855 1793 μεγάλην
865 1757 956 1783 πίστιν

179 1808 271 1842 ἔχουσιν
282 1810 312 1835 ὲν
330 1808 435 1839 αὐτοῖς,
451 1806 499 1833 καὶ
516 1806 545 1832 ὲν
553 1805 592 1840 τῷ
607 1805 685 1839 τάφῳ
698 1804 746 1831 τοῦ
758 1803 863 1838 Κυρίου
877 1801 957 1837 ἡμῶν

185 1855 263 1889 Ἰησοῦ
282 1854 411 1889 Χριστοῦ,
439 1853 488 1879 καὶ
509 1852 580 1885 κᾳτά
600 1860 676 1883 τινας
693 1850 807 1886 καιροὺς
831 1848 958 1883 ἀφθόνως

180 1900 361 1927 ἀποστέλλουσι
380 1900 513 1934 χρήματα
523 1898 562 1933 τῷ
578 1898 736 1933 πατριάρχῃ
750 1896 799 1931 τῆς
814 1896 895 1929 ἁγίας
910 1894 959 1921 πό-

177 1947 246 1980 λεως,
260 1948 372 1980 καὶτοῖς
387 1948 478 1974 ἐκεῖσε
500 1946 684 1981 Χριστιανοϊς.
700 1945 730 1971 Ὀ
745 1942 775 1971 δὲ
790 1941 960 1979 προῤῥηθεὶς

173 1995 263 2026 Δαῶδ,
283 1996 297 2021 ό
315 1993 363 2020 τοῦ
392 1992 560 2019 Σπανδιάτου
585 1991 710 2025 ἀδελφὸς,
729 1990 875 2024 ἐγέννησεν
902 1988 960 2015 υίὺν

169 2042 209 2067 τὸν
227 2041 406 2075 Παγκράτιον
425 2039 494 2074 (77),
519 2038 566 2065 καὶ
580 2039 594 2065 ό
621 2036 797 2072 Παγκράτιος
812 2035 960 2069 ἐγέννησεν

168 2088 221 2114 υἱὸν
233 2088 283 2114 τὸν
305 2086 446 2118 Ἀσώτιον,
472 2086 519 2112 καὶ
534 2086 548 2111 6
575 2084 704 2114 Ἀσώτιος
734 2083 879 2116 ἐγέννησεν
902 2080 961 2107 υίδν

167 2134 208 2161 τὸν
244 2132 414 2167 Ἀδρανασὴ,
438 2132 484 2158 sev
501 2131 547 2157 καὶ
571 2129 780 2165 κουροπαλάτην
809 2126 961 2162 τιμηθέντα

167 2179 247 2215 ’ταρὰ
266 2179 384 2209 Λέοντος
394 2177 442 2203 τοῦ
459 2176 633 2211 φιλοχρίστου
652 2174 786 2210 βασιλέως
805 2171 961 2207 Ῥωμαίων.

170 2227 197 2252 ὐ
210 2226 242 2252 δὲ
262 2224 435 2259 Σπανδιάτης
453 2224 468 2249 ὁ
494 2222 608 2257 ἀδελφὸς
623 2220 671 2248 τοῦ
688 2218 894 2256 προρῤηθέντος
910 2219 963 2244 Δα-
979 2233 1004 2262 D

164 2271 206 2298 ϐὶδ
217 2269 401 2303 ἐτελεύτησεν
413 2268 539 2299 ἄτεκνος.
562 2267 630 2293 Ἀπὸ
655 2266 684 2292 δὲ
706 2267 755 2300 τῆς
775 2265 804 2298 ἐξ
829 2263 963 2300 Ἰερουσα-

164 2317 219 2352 λὴμ
238 2317 428 2352 μετοικήσεως
435 2314 524 2340 αὐτῶν
538 2315 578 2345 είς
590 2313 640 2348 τὴν
655 2312 703 2339 νῦν
714 2310 880 2346 οἰκουμένην
894 2308 963 2344 παρ’

165 2364 260 2390 αὐτῶν
271 2362 376 2397 χώραν,
394 2361 442 2395 ἔτη
458 2364 491 2392 u',
507 2360 524 2396 ἢ
542 2359 589 2386 καὶ.
602 2358 638 2394 φ’,
652 2358 734 2394 μέχρι
751 2357 801 2392 τῆς
818 2356 939 2390 σήμερον
953 2361 960 2368 ·

164 2410 225 2443 ἣτις
260 2407 337 2433 ἐστὶν
360 2405 497 2433 ίνδικτιὼν
525 2404 550 2437 ι’,
576 2405 624 2439 ἐτη
653 2403 706 2431 ἀπὸ
720 2402 837 2433 κτίσεως
859 2402 962 2435 κόσμου

166 2454 237 2489 [tua
266 2452 335 2488 (80),
364 2452 410 2478 ἐπὶ
435 2452 485 2486 τῆς
513 2450 654 2486 βισιλείας
676 2446 883 2475 Κωνσταντίνου
916 2446 963 2473 καὶ

173 2497 324 2534 Ῥωμινοῦ
350 2497 404 2524 τῶν
421 2497 604 2532 φιλοχρίστων
621 2495 669 2522 καὶ
694 2492 965 2530 Πορφυρογεννήτων

168 2545 310 2580 βασιλέων
332 2544 487 2579 Ῥωμαίων.
503 2542 600 2569 Ἰστέον
620 2542 661 2567 ὅτι
687 2540 701 2566 ὁ
728 2540 901 2575 φιλόχριστος
918 2537 965 2563 καὶ

169 2590 433 2627 Πορφυρογέννητος
442 2589 490 2615 καὶ
502 2588 624 2623 ἀοίδιμος
635 2586 764 2621 βασιλεὺς
779 2585 866 2616 Λέων,
882 2581 967 2609 ἀκού-

171 2645 222 2669 σας
238 2637 281 2663 ὅτι
297 2637 338 2667 εἰς
350 2635 398 2661 τὸν
409 2635 492 2662 τόπον
503 2634 548 2660 τὸν
561 2633 709 2667 λεγόμενον
723 2631 861 2665 Φασιανὴν
874 2629 967 2656 ἐλθόν-

171 2690 218 2715 ⁸εες
235 2682 430 2718 οίΣαρακηνοὶ
457 2681 506 2713 τὰς
531 2680 623 2707 ἐκεῖσε
657 2677 806 2713 ἐκκλησίας
833 2676 967 2711 ἐποίησαν

1005 1618 1120 1645 mittunt
1147 1618 1223 1644 nrbis
1249 1621 1351 1644 sanctae
1374 1615 1549 1650 patriarchae,
1581 1614 1683 1649 quique
1705 1613 1733 1640 in
1762 1611 1808 1639 illa

1007 1664 1111 1700 degunt
1123 1663 1299 1692 Christianis.
1330 1662 1416 1689 David
1442 1665 1534 1688 autem
1558 1659 1613 1692 ille,
1628 1667 1708 1695 quem
1736 1658 1804 1691 dixi,

1009 1710 1165 1745 Spandiata:
1188 1710 1283 1742 frater,
1310 1709 1396 1735 lilium
1417 1708 1511 1743 genuit
1536 1706 1728 1738 Pancratium;
1754 1704 1808 1731 iste

1007 1755 1136 1784 Asotium
1162 1756 1275 1787 habuit;
1303 1754 1417 1781 Asotius
1439 1750 1504 1779 vero
1531 1751 1626 1786 genuit
1656 1749 1809 1781 Adranase,

1009 1800 1056 1836 qui
1073 1800 1240 1834 curopalatre
1251 1799 1383 1833 dignitate
1395 1802 1492 1824 auctus
1504 1796 1554 1822 fuit
1571 1803 1585 1821 a
1599 1795 1690 1822 Leone
1706 1793 1808 1820 Christi

1010 1850 1120 1874 amante
1147 1845 1335 1872 Romanorum
1365 1844 1544 1878 imperatore.
1577 1841 1614 1867 At
1642 1840 1808 1875 Spandiates

1011 1887 1097 1921 frater
1111 1891 1236 1927 praedicti
1257 1890 1370 1918 Davidis
1390 1889 1450 1917 sine
1476 1888 1542 1916 ullis
1562 1887 1657 1914 liberis
1680 1886 1809 1914 decessit.

1012 1940 1051 1967 Ex
1068 1946 1123 1975 quo
1147 1942 1238 1965 autem
1260 1935 1462 1971 Hierosolymis
1485 1934 1641 1969 migrarunt
1662 1932 1688 1959 in
1708 1936 1810 1959 terram

1012 1993 1094 2022 quam
1108 1991 1183 2012 nunc
1201 1983 1336 2014 incolunt,
1352 1981 1417 2009 anni
1442 1986 1507 2009 sunt
1527 1977 1738 2015 quadringenti,
1768 1979 1809 2005 vel

1013 2032 1156 2068 quingenti
1169 2030 1261 2062 hodie,
1281 2036 1343 2064 quae
1357 2031 1400 2055 est
1422 2025 1538 2054 lndictio
1558 2025 1683 2058 decima;
1701 2031 1716 2050 a
1742 2030 1813 2050 con—

1014 2078 1073 2105 dito
1103 2084 1169 2104 vero
1196 2076 1301 2103 mundo
1323 2073 1405 2106 6‘60,
1433 2072 1618 2101 Constantino
1640 2075 1667 2098 et
1688 2070 1813 2097 Romano

1015 2123 1118 2151 Christi
1134 2121 1294 2149 amantibus
1311 2128 1344 2148 ac
1366 2117 1610 2154 Porphyrogenitis
1636 2115 1812 2151 imperatori-

1016 2169 1078 2197 bus.
1091 2167 1194 2195 Christi
1210 2173 1301 2194 autem
1315 2172 1411 2192 amans
1425 2163 1481 2191 Leo
1495 2162 1541 2190 ille
1558 2160 1812 2196 Porphyrogenitus

1017 2222 1049 2242 ac
1065 2208 1493 2249 prmelarusimperatoraudiens
1504 2206 1656 2234 Pbasianes
1679 2204 1812 2232 ecclesias

1021 2268 1037 2288 a
1053 2259 1199 2287 Saracenis
1209 2256 1404 2285 invadenlibus
1415 2255 1442 2282 in
1459 2257 1552 2281 castra
1571 2258 1719 2280 conversas
1739 2258 1812 2283 esse.

1019 2305 1184 2333 Lalaconem
1199 2302 1347 2338 patricium
1363 2306 1391 2328 et
1413 2299 1645 2341 Armeniacorum‘
1668 2301 1812 2331 prmtorcm

1016 2351 1103 2383 misit,
1117 2357 1172 2377 una
1183 2356 1246 2376 cum
1263 2346 1428 2383 praetoribus
1444 2338 1812 2378 Coloniae,'Me'sopotamiaa,

1021 2396 1206 2429 Chaldiaeque,
1224 2394 1271 2428 qui
1287 2391 1445 2428 hujusmodi
1464 2395 1555 2418 castra
1573 2392 1743 2420 everterunt,
1768 2395 1815 2415 ec-

1018 2443 1118 2471 clesias
1133 2442 1297 2472 liberarunt,
1314 2444 1454 2473 totamque
1464 2436 1641 2469 Phasianem,
1656 2442 1738 2471 quam
1749 2440 1815 2462 tunc

1020 2489 1151 2524 temporis
1176 2485 1308 2515 Saraceni
1337 2485 1478 2516 tenebant,
1495 2483 1686 2511 dcvastarunt.
1715 2481 1815 2508 Postea

1017 2542 1129 2563 rursum
1160 2532 1320 2561 Catacalum
1344 2530 1505 2566 magistrum
1525 2533 1553 2556 et
1579 2528 1738 2555 scholarum
1766 2526 1817 2553 do-

1017 2581 1163 2609 mesticum
1191 2578 1276 2611 misit,
1292 2577 1418 2613 quicum
1443 2576 1539 2603 urbem
1569 2572 1815 2607 Theodosiopolim

1018 2627 1178 2667 ‘uwasisset,
1190 2631 1300 2653 omnem
1317 2622 1423 2651 circum
1441 2622 1581 2657 regionem
1600 2618 1759 2655 populatus,
1787 2619 1816 2644 et

1022 2663 1174 2699 Phasianes
1197 2673 1272 2697 terra
1294 2667 1467 2711 urbibusque
1487 2665 1586 2693 vicinis
1606 2663 1734 2692 similiter
1753 2667 1815 2695 per—

775 2763 924 2792 ANSELMI
947 2760 1116 2790 BANDURII
1138 2758 1253 2787 NOT/E.

212 2830 268 2866 (79)
282 2830 318 2857 lla
334 2838 367 2858 ex
383 2836 435 2857 ms.
451 2827 557 2866 codice.

215 2860 270 2902 (80)
286 2866 434 2898 Nimirum,
450 2871 523 2890 anno
538 2860 641 2889 Christi

668 2860 732 2893 952,
756 2859 864 2895 imperii
887 2856 1063 2886 Constantini
1077 2851 1304 2889 Porphyrogcniti
1318 2849 1363 2878 61.

1739 142 1795 176 350
1851 175 1856 181 _
