4108 6470
357 361 360 364 ’
443 385 551 449 355
1465 386 1974 452 CONSTANTINI
2013 385 2692 449 PORPHYROGENITI
3601 381 3709 444 356

444 502 820 568 abduxerunt,
851 502 1096 559 incensis
1123 504 1282 574 pagis
1317 504 1476 575 ejus;
1511 506 1658 576 quod
1689 521 1975 576 nunquam
2007 521 2036 560 a

2151 507 2408 577 ιαστήσει
2441 504 2511 558 τὰ
2537 505 2662 574 ὅρια
2681 502 2790 556 τῶν
2816 501 2999 556 τόπων
3026 498 3189 554 αὐτοῦ
3208 515 3222 530 ·
3251 498 3387 553 ἀλλὰ
3427 498 3568 552 κατὰ
3606 498 3713 552 τῶν

447 592 769 661 curopalate
809 591 1015 646 factum
1043 601 1147 648 est.
1189 591 1396 663 Hisque
1443 595 1516 648 ita
1546 609 1576 648 a
1633 595 1794 650 nobis
1836 595 2032 652 deletis

2151 596 2341 669 πρώην
2381 598 2646 668 βασιλέων
2674 597 2742 651 τὰ
2771 595 3042 664 σύμφωνα
3072 593 3294 664 στέρξῃ,
3325 592 3422 646 καὶ
3466 590 3716 662 περαιτέ-

453 691 729 739 venerunt
759 682 964 750 lberes,
989 698 1162 754 eaque
1191 691 1473 753 ceperunt,
1500 686 1690 740 urbem
1719 686 1920 742 exinde
1953 695 2033 742 te-

455 790 590 830 nere
625 776 828 830 conati.
882 778 1111 831 Ameras
1159 789 1290 831 vero
1344 777 1536 832 crebro
1588 780 1947 850 compellatus
2002 795 2032 834 a

454 868 760 938 Theophila
805 868 1039 938 patricio
1091 879 1145 924 et
1189 877 1445 938 praetore,
1493 872 1698 926 nullam
1746 874 1853 928 sibi
1911 875 2036 930 vitae

453 977 612 1031 spem
651 975 774 1016 esse
804 960 1021 1024 videns,
1063 961 1300 1030 imperio
1342 976 1403 1017 se
1441 974 1630 1019 nostro
1668 965 1950 1031 submisit,
1981 975 2037 1022 et

454 1052 629 1107 lilium
660 1052 906 1105 obsidem
937 1050 1107 1106 dedit.
1141 1052 1432 1108 Mastatdm
1473 1070 1606 1110 vero
1627 1055 2038 1130 Theodosiopo-

453 1145 746 1198 litanorum
781 1155 900 1200 erat
925 1164 943 1212 ;
972 1161 1207 1218 cumque
1225 1147 1468 1206 Joannes
1502 1153 1760 1223 magister
1787 1153 2038 1210 Theodo-

456 1236 715 1304 siopolim
752 1251 849 1305 per
875 1247 1085 1308 septem
1124 1256 1345 1296 menses
1383 1242 1683 1311 obsideret,
1727 1261 1906 1316 neque
1943 1263 2040 1302 ex-

452 1341 702 1395 pugnare
731 1329 957 1394 valeret,
985 1331 1158 1386 misso
1191 1333 1364 1389 milite
1407 1334 1698 1390 Mastatum
1745 1341 1910 1409 cepit,
1951 1341 2038 1394 in-

457 1421 714 1473 trodncto
761 1420 894 1474 illuc
950 1425 1396 1492 protospathario
1432 1428 1672 1483 Petrona
1716 1430 1891 1498 Boila,
1945 1434 2041 1502 qui

455 1518 590 1563 tunc
625 1513 890 1580 temporis
918 1513 1242 1584 Nicopoleos
1283 1518 1605 1586 capitaneus
1631 1528 1772 1576 erat.
1798 1523 1864 1576 At
1899 1522 2042 1579 Pan-

452 1602 666 1658 eratius
695 1603 981 1671 magister,
1009 1605 1103 1674 qui
1155 1621 1260 1659 una
1292 1623 1418 1661 cum
1458 1609 1668 1665 Joanne
1694 1622 1823 1668 ante
1865 1613 2045 1670 Theo-

457 1690 789 1762 dosiOpolim
817 1695 1041 1750 ordines
1055 1696 1662 1769 duxerat,secessurus,
1684 1703 1872 1759 urbem
1894 1705 2043 1760 illam
2081 1723 2098 1742 δ

455 1782 580 1836 dari
620 1784 724 1838 sibi
758 1784 829 1838 ab
855 1799 919 1840 eo
947 1787 1122 1853 petiit,
1155 1789 1362 1859 scripto
1391 1790 1706 1859 iuramento
1741 1794 2043 1862 afﬁrmans,

2137 707 2217 760 ρω
2250 689 2323 760 μὴ
2347 690 2752 760 ύπερδὴσεται·
2783 691 2879 743 καὶ
2899 689 2981 741 ὅτι
3011 687 3132 740 οὐδὲ
3148 685 3384 738 κωλύσει
3417 685 3580 737 αὑτὸν
3613 702 3712 736 κα-

2139 781 2444 852 ταστρέψαι
2479 783 2578 852 τὴν
2617 779 3062 834 Θεοδοσιούπολιν
3088 780 3181 832 καὶ
3205 779 3273 832 τὰ
3305 777 3470 831 λοιπά
3497 777 3714 847 κάστρα

2138 871 2248 925 τῶν
2275 872 2509 943 ἐχθρῶν,
2543 872 2646 925 κᾶν
2673 889 2732 924 τε
2757 871 2845 924 διὰ
2882 870 2976 924 τοῦ
3015 868 3181 924 αὐτοῦ
3222 870 3384 939 μόνου
3416 867 3717 937 πολιορκη-

2140 964 2418 1033 θὴσονται,
2452 963 2556 1017 κᾶν
2595 981 2655 1016 τε
2696 962 2766 1016 δι’
2791 961 2957 1015 αὐτοῦ
3001 960 3096 1014 τοῦ
3137 959 3499 1031 στρατοπέδου
3535 959 3719 1028 ἡμῶν.

2144 1053 2333 1107 Ταῦτα
2383 1055 2482 1123 μὲν
2524 1054 2593 1106 τὰ
2625 1053 2900 1123 κεφάλαια
2931 1052 3244 1123 περιέχουσι
3273 1050 3340 1104 τὰ
3386 1048 3724 1120 χρυσοδούλ-

2143 1145 2256 1210 λια,
2285 1145 2344 1211 ἐξ
2362 1141 2438 1200 ὦν
2474 1145 2733 1216 οὐδεμίαν
2759 1144 3010 1214 βοήθειαν
3059 1147 3087 1197 6
3119 1142 3537 1213 κουροπαλόιτης
3571 1140 3720 1210 ἔχει’

2140 1237 2203 1292 τὸ
2233 1238 2331 1308 μὲν
2387 1237 2498 1308 γὰρ
2527 1237 2620 1290 τοῦ
2657 1235 2923 1306 πενθεροῦ
2966 1233 3126 1305 ἡμῶν
3153 1231 3481 1304 διαγορεύει,
3526 1233 3608 1285 δτι
3655 1231 3722 1284 οὐ

2145 1328 2602 1398 παρασαλεύομεν
2637 1325 2802 1381 αὐτὸν
2861 1325 2926 1378 ὲκ
2973 1323 3082 1377 τῶν
3123 1321 3372 1377 παλαιῶν
3409 1319 3572 1392 ὁρίων
3617 1319 3726 1388 τῆς

2144 1421 2331 1492 χώρας
2387 1421 2575 1487 αὐτοῦ,
2608 1421 2701 1473 καὶ
2733 1420 2815 1472 ὅτι
2849 1418 2943 1472 ἐὰν
2986 1415 3213 1487 δυνηθῇ,
3245 1415 3355 1468 εἴτε
3412 1415 3506 1466 καὶ
3535 1411 3723 1482 μόνος,

2144 1513 2254 1566 εἴτε
2281 1513 2380 1566 καὶ
2413 1512 2554 1581 μετὰ
2590 1510 2683 1565 τοῦ
2729 1510 3094 1582 στρατοπέδου
3149 1505 3330 1578 ἡμῶν,
3365 1505 3724 1576 πολιορκήσει

2145 1606 2241 1658 καὶ
2274 1603 2644 1674 καταστρέψει
2671 1605 2772 1673 τὴν
2798 1601 3262 1666 Θεοδοσισύπολιν,
3311 1597 3408 1652 καὶ
3458 1597 3529 1650 τὰ
3557 1594 3724 1648 λοιπὰ

2147 1696 2362 1767 κάστρα
2384 1696 2493 1748 τῶν
2518 1694 2730 1766 ἐχθρῶν
2749 1711 2764 1726 ο
2797 1695 2918 1764 οὐχὶ
2944 1693 2998 1746 δὲ
3031 1693 3326 1762 κατασχεῖν
3357 1687 3498 1744 αὐτὰ
3523 1689 3604 1752 είς
3630 1703 3724 1740 τε-

2147 1789 2300 1844 λείαν
2329 1789 2651 1842 δεσποτείαν
2681 1787 2776 1841 καὶ
2803 1787 3120 1858 κυριότητα.
3147 1783 3220 1837 Τὸ
3246 1782 3304 1835 δὲ
3320 1784 3418 1852 τῆς
3448 1778 3727 1851 βασιλείας

466 1875 575 1930 sibi
607 1885 873 1946 perpetuo
926 1894 1045 1932 eam
1105 1896 1165 1936 se
1214 1855 1648 1953 asservatnrum,
1677 1887 1833 1959 125
1871 1905 2047 1960 neque

2151 1879 2307 1949 ἡμῶν
2332 1878 2602 1949 περιέχει,
2645 1878 2736 1931 ἴνα
2765 1855 2925 1938 ὅσους
2959 1874 3024 1928 ἂν
3053 1873 3251 1937 τόπους
3279 1872 3482 1943 δυνηθῇ
3517 1870 3609 1924 καὶ
3631 1871 3734 1922 αύ-

463 1967 574 2020 ullo
607 1976 765 2036 pacto
792 1967 1093 2026 Saracenis
1126 1974 1486 2030 traditurum.
1510 1977 1838 2037 Pancratius
1862 1990 2045 2037 autem

2151 1972 2259 2036 τὸς,
2292 1971 2386 2024 καὶ
2431 1973 2460 2023 6
2504 1969 2724 2039 ἀνεψιὸς
2755 1966 2924 2023 αὐτοῦ
2969 1970 2998 2021 6
3031 1967 3338 2037 μὰγιστρος
3397 1962 3732 2034 Ἀδρανασὴ,

462 2059 722 2114 laudatus
757 2061 885 2129 quia
932 2072 1049 2118 erat
1091 2063 1465 2134 Christianus,
1512 2077 1567 2124 et
1605 2071 1821 2141 imperii
1870 2076 2047 2130 nostri

2151 2063 2209 2128 ἐξ
2242 2061 2451 2124 οἰκείας
2491 2059 2775 2129 δυνάμεως
2821 2055 3196 2121 καθυποτάξαι
3230 2054 3339 2109 τῶν
3384 2053 3728 2124 Ἀγαρηνῶν,

460 2149 745 2214 subditus,
783 2149 919 2206 ﬁdes
946 2152 1262 2222 iuramento
1301 2157 1477 2227 ipsius
1522 2160 1707 2216 habita
1749 2172 1854 2230 est,
1890 2165 2050 2235 eique

465 2237 600 2294 urbs
627 2240 984 2307 concredita;
1027 2250 1084 2296 at
1126 2244 1218 2299 ille
1249 2259 1369 2300 eam
1406 2242 1600 2304 rursus
1642 2249 2052 2324 Thcodosiopo-

465 2325 656 2382 litanis
674 2327 942 2384 restituit.
961 2329 1210 2402 Cumque
1232 2331 1688 2407 Theodosiopolis
1703 2350 1863 2411 capta
1884 2351 2048 2410 esset,

471 2417 754 2471 venientes
790 2417 976 2476 lberes
1001 2436 1122 2476 eam
1156 2432 1487 2493 tenuerunt;
1530 2428 1716 2498 itaque
1751 2446 1928 2500 neque
1956 2447 2054 2486 ur-

470 2508 556 2562 bis
577 2506 820 2573 Mastati,
855 2527 1032 2582 neque
1053 2514 1251 2569 Abnici
1274 2521 1580 2587 repetenda:
1612 2519 1924 2578 facultatem
1957 2525 2054 2578 ha-

466 2599 618 2656 bent.
657 2599 762 2656 Sed
796 2613 1088 2673 postquam
1140 2610 1488 2677 curopalates
1539 2611 1707 2668 ﬂdus‘
1736 2621 1790 2669 et
1847 2615 2056 2686 integer

465 2706 662 2748 servus
693 2708 762 2749 ac
795 2696 1007 2752 amicus
1039 2709 1232 2754 noster
1259 2709 1368 2767 est,
1401 2703 1468 2758 ad
1503 2704 1682 2773 ipsius
1729 2709 2054 2776 postulatio-

469 2798 616 2849 nem,
653 2785 745 2840 ﬂat
786 2789 1060 2844 terminus
1107 2790 1414 2850 Phasianes
1468 2797 1610 2851 Erax
1662 2797 1884 2864 ﬂuvius,
1941 2803 2056 2858 sive

470 2873 668 2930 Phasis
693 2885 780 2931 :et
802 2878 1062 2936 sinistras
1083 2892 1266 2950 partes
1285 2885 1528 2957 Illyrium
1547 2905 1742 2947 versus
1769 2891 1949 2949 lberes
1971 2902 2055 2950 te.

449 2968 884 3027 .ueant,dcxtrae
901 2986 1032 3026 vero
1046 2989 1242 3030 versus
1262 2975 1741 3051 Theodosiopolim
1757 2993 1868 3039 tam
1891 2989 2055 3046 urbes

471 3065 766 3134 quamagri
788 3068 960 3120 nostri
982 3067 1198 3137 imperii
1219 3071 1352 3136 sint,
1377 3071 1600 3128 ﬂumine
1632 3077 1848 3133 scilicet
1871 3090 2055 3136 utras-

471 3167 581 3221 que
599 3150 1043 3222 disterminante,
1066 3159 1528 3226 quemadmodum
1569 3163 1734 3217 etiam
1753 3165 1924 3219 beata:
1941 3181 2056 3222 meo
2080 3195 2124 3253 ο

473 3245 663 3300 moria:
681 3243 924 3301 Joannes
960 3247 1230 3315 Curcuas,
1257 3265 1384 3305 cum
1419 3253 1645 3320 viveret,
1682 3255 2054 3326 interrogatus

477 3333 738 3403 expedire
768 3339 1166 3406 pronuntiavit,
1193 3349 1248 3395 ut
1273 3338 1475 3397 ﬂumen
1507 3358 1606 3412 pro
1625 3345 1862 3400 termino
1887 3355 2052 3403 esset.

473 3425 610 3480 Nam
629 3427 959 3497 strictojure
983 3430 1133 3485 nulla
1167 3439 1410 3500 potestas
1426 3435 1761 3504 curopalatae
1782 3439 2045 3508 competit

475 3533 657 3588 neque
691 3521 744 3572 in
773 3520 1032 3575 citeriora
1065 3521 1330 3591 ﬂuminis,
1363 3541 1540 3595 neque
1572 3528 1625 3581 in
1652 3527 1913 3584 ulteriora
1941 3548 1956 3585 :
1990 3531 2058 3586 si-

475 3609 696 3680 quidem
715 3611 898 3667 omnis
921 3612 1013 3668 ille
1041 3612 1732 3686 Theodosiopolitanorum
1773 3627 1988 3677 tractus
2027 3637 2058 3676 a

477 3715 671 3759 nostro
690 3705 865 3760 milite
887 3703 1036 3762 ferro
1067 3706 1303 3778 igneque
1337 3719 1582 3767 vastatus
1602 3720 1706 3776 est,
1743 3729 1922 3783 neque
1956 3731 2060 3769 un-

475 3809 641 3864 quam
659 3797 780 3850 sine
796 3812 863 3850 eo
885 3797 1070 3852 lberes
1087 3800 1296 3868 egressi
1311 3797 1791 3872 TheodosiOpolim
1816 3805 2060 3874 populati

477 3898 628 3952 sum,
654 3891 747 3946 sed
764 3898 1010 3944 mutuam
1032 3901 1298 3961 perpetuo
1315 3895 1611 3948 amicitiam
1635 3897 1877 3953 colentes
1889 3912 2060 3968 nego-

478 3979 554 4034 tia
580 3979 722 4033 inter
740 3996 799 4036 se
816 3983 1150 4045 exercebant
1168 4001 1182 4036 :
1197 3993 1250 4038 et
1270 3985 1440 4039 verbo
1457 3987 1679 4056 quidem
1692 3987 2062 4058 delerhTheo-

477 4073 809 4144 dosiOpolim
824 4075 1102 4140 volebant,
1123 4091 1183 4130 re
1200 4085 1380 4130 tamen
1400 4079 1516 4147 ipsa
1541 4079 1691 4133 nullo
1709 4081 1870 4135 modo
1883 4082 2063 4152 cupie-

482 4167 614 4220 bant
667 4175 820 4238 ntvea
855 4175 1170 4237 caperetur.
1206 4166 1315 4222 Sed
1346 4178 1537 4224 nostra
1589 4171 1868 4242 majestas,
1894 4185 1954 4228 ut
1976 4175 2062 4229 di-

480 4263 598 4310 tum
635 4265 740 4323 est,
757 4265 979 4326 propter
992 4256 1249 4312 aﬂ‘ectum
1274 4257 1326 4311 in
1350 4261 1739 4330 curopalatem,
1769 4264 2061 4319 terminum

481 4345 866 4404 intermedium
897 4364 1023 4406 esse
1055 4350 1234 4404 voluit
1255 4348 1478 4406 ﬂuvium
1504 4353 1669 4419 Erax,
1699 4355 1816 4410 sive
1836 4355 2060 4425 Phasin;

479 4456 588 4512 qua
615 4443 834 4512 quidem
858 4444 1215 4513 possessione
1237 4445 1482 4502 contenti
1508 4460 1654 4513 csse,
1696 4463 1873 4520 neque
1901 4452 2064 4522 quid-

479 4548 646 4602 quam
677 4533 914 4601 amplius
943 4542 1130 4603 petere
1161 4535 1384 4590 debent.

2149 2154 2185 2226 ἢ
2225 2153 2332 2209 ἀπὸ
2369 2152 2464 2206 τοῦ
2505 2151 2600 2206 νῦν
2628 2149 3031 2215 καθυποτάξει,
3063 2149 3266 2219 κατέχῃ
3310 2148 3402 2200 ἐπὶ
3437 2146 3732 2215 δεσποτεία

2148 2247 2246 2299 καὶ
2295 2245 2607 2316 κυριότητι.
2638 2244 2750 2297 Καὶ
2797 2243 2919 2295 ἐπεὶ
2961 2240 3084 2294 οὔτε
3115 2238 3174 2304 ἐξ
3200 2240 3411 2302 οἰκείας
3441 2237 3735 2306 δυνάμεως

2152 2339 2252 2410 τὴν
2279 2335 2724 2391 Θεοδοσιούπολιν
2751 2331 3186 2403 κατεστρέψατο,
3208 2330 3332 2385 οὕτε
3357 2328 3419 2382 τδ
3455 2327 3731 2393 ’Δ6νίκον,

2145 2426 2278 2482 ὀὔτε
2303 2427 2366 2479 τὸ
2395 2425 2710 2490 Μαστάτον,
2741 2423 2842 2476 οὐκ
2886 2423 3092 2492 όςρείλει
3135 2421 3308 2476 ταῦτα
3361 2423 3614 2490 κατέχειν
3651 2419 3733 2482 ὡς

2153 2521 2285 2574 ὄντα
2315 2517 2467 2574 ἔνθεν
2511 2515 2607 2570 τοῦ
2655 2513 2829 2586 Ἔραξ
2876 2513 3148 2582 ποταμοῦ,
3177 2513 3295 2585 ἦτοι
3341 2511 3435 2566 τοῦ
3464 2510 3689 2574 Φάσιδος
3713 2526 3730 2541 ⁸

2153 2613 2288 2666 διότι
2321 2611 2382 2664 τὸ
2417 2610 2528 2681 (87)
2574 2609 2672 2679 μὲν
2716 2608 2956 2680 κάστρον
2988 2606 3084 2660 τοῦ
3143 2606 3395 2682 ’Λὸνίκου
3421 2617 3426 2622 '
3438 2605 3600 2675 μέχρι
3632 2601 3732 2656 τοῦ

2154 2704 2250 2757 νῦν
2293 2697 2366 2773 ἦν
2412 2699 2758 2765 αὐτεξούσιον
2817 2699 2912 2750 καὶ
2949 2695 3374 2759 αὑτοδέσποτον,
3418 2692 3540 2763 ἔχον
3601 2690 3735 2744 ῐδιον

2154 2792 2398 2863 ἅμηρᾶν,
2432 2789 2528 2843 καὶ
2561 2787 2826 2850 πολλάκις
2875 2787 2904 2838 6
2950 2785 3076 2844 λαὸς
3114 2783 3216 2853 τῆς
3249 2782 3527 2854 βασιλείας
3569 2780 3732 2852 ἡμῶν

2155 2877 2512 2951 έπραίδευσεν
2579 2878 2746 2932 αὑτό·
2803 2876 2944 2931 ἀλλὰ
2990 2875 3087 2929 καὶ
3153 2876 3181 2928 6
3240 2872 3732 2944 πρωτοσπαθάριος

2170 2974 2424 3044 Ἰωάννης
2459 2974 2556 3026 καὶ
2593 2971 2899 3042 στρατηγὸς
2930 2972 2958 3023 6
3001 2965 3412 3040 Ἀῤῥαϐονίτης,
3447 2967 3589 3019 καὶὸ
3619 2982 3730 3017 πα-

2155 3067 2369 3136 τρίκιος
2413 3063 2672 3132 Θεόφιλος
2707 3063 2801 3115 καὶ
2832 3060 3036 3132 ἀρτίως
3076 3055 3380 3128 στρατηγὸς
3415 3054 3734 3108 Θεοδόσιου-

2157 3158 2388 3222 πόλεως,
2430 3156 2524 3209 καὶ
2546 3157 2593 3208 οἱ
2623 3153 2798 3206 λοιποὶ
2853 3149 3178 3222 στρατηγοὶ,
3207 3147 3451 3218 μεγάλην
3500 3144 3738 3215 πραῖδαν

2159 3255 2251 3306 καὶ
2283 3247 2667 3320 αἰχμαλωσίαν
2691 3247 2770 3308 είς
2797 3244 2928 3297 αὐτὸ
2954 3243 3302 3313 εἰργάσαντο,
3347 3237 3738 3318 κατακαύσαν-

2158 3342 2364 3406 τες.τὰ
2413 3339 2587 3410 χωρία
2635 3337 2800 3392 αὐτοῦ
2861 3335 3131 3406 μηδέποτε
3178 3333 3274 3386 τοῦ
3319 3329 3736 3402 κουροπαλάτου

2160 3435 2587 3507 πραιδεύσαντος
2606 3432 2757 3486 αὐτό.
2792 3429 2901 3483 Καὶ
2926 3428 3091 3499 ἡνίκα
3118 3425 3494 3496 ἠφανίσθησαν
3515 3422 3582 3477 τὰ
3606 3422 3736 3474 τού-

2158 3547 2256 3584 του
2287 3530 2464 3600 χωρία
2493 3527 2644 3596 παρό.
2665 3527 2764 3596 τῆς
2801 3523 3078 3594 βασιλείας
3110 3519 3291 3592 ἡμῶν,
3328 3517 3658 3587 ύπεισῆλθον
3685 3516 3739 3569 οἱ

2163 3621 2407 3692 Ἴϐηρες,
2452 3618 2548 3671 καὶ
2619 3616 3036 3686 κατεκράτησαν
3087 3611 3247 3676 αὐτὰ,
3291 3608 3620 3680 πειρώμενοι
3671 3609 3738 3660 ὲκ

2159 3712 2356 3766 τούτου
2392 3710 2456 3764 τδ
2485 3709 2728 3780 κάστρον
2761 3708 3055 3779 κρατῆσαι.
3101 3705 3161 3757 '0
3193 3703 3251 3758 δὲ
3280 3703 3502 3773 ἀμηρᾶς
3539 3699 3741 3754 πολλά-
3855 3748 3861 3752 .

2160 3823 2249 3870 κις
2273 3803 2530 3876 μηνυθεὶς
2547 3801 2696 3873 παρὰ
2724 3799 2818 3854 τοῦ
2840 3798 3127 3870 πατρικίου
3144 3795 3405 3866 Θεοφίλου
3425 3793 3520 3849 καὶ
3534 3809 3738 3864 στρατο-

2165 3896 2324 3968 ηγοῦ,
2380 3895 2477 3950 καὶ
2522 3893 2646 3946 ίδὼν
2675 3893 2756 3946 ὅτι
2785 3889 3037 3960 οὐδαμῶς
3068 3888 3180 3960 ἔχει
3214 3886 3404 3940 ἐλπίδα
3422 3883 3586 3954 ζωῆς,
3631 3884 3742 3937 ύπ-

2165 3989 2359 4058 ετάγη,
2403 3987 2498 4041 καὶ
2519 3985 2815 4038 κατένευσε
2844 3983 3030 4046 δοῦλος
3060 3980 3316 4049 γενέσθαι
3341 3979 3437 4049 τῆς
3465 3975 3742 4048 βασιλείας

2149 4085 2195 4153 ’ἡ
2207 4083 2320 4153 μῶν
2341 4079 2477 4152 (88),
2507 4079 2630 4140 δοὺς
2661 4076 2754 4130 τὸν
2779 4075 2898 4129 υῑδν
2919 4073 3086 4128 αὐτοῦ
3115 4073 3294 4143 όψιδα.
3337 4071 3411 4124 T6
3433 4070 3490 4123 δὲ
3511 4068 3743 4125 Μαστά-

2162 4192 2257 4230 τον
2295 4173 2511 4242 ὑπῆρχε
2565 4169 2675 4223 τῶν
2736 4165 3294 4222 Θεοδοσιουπολιτῶν·
3353 4164 3449 4217 καὶ
3493 4161 3655 4232 ἡνίκα
3713 4162 3744 4213 6

2170 4270 2473 4340 μάγιστρος
2487 4264 2744 4332 Ἰωάννης
2781 4260 3141 4331 ἐπολιόρκησε
3171 4258 3274 4328 τὴν
3302 4254 3746 4310 Θεοδοσιούπολιν

2165 4359 2308 4412 ἑπτὰ
2341 4356 2655 4428 μῆνα;,-διὰ
2683 4354 2744 4406 τὸ
2783 4353 2858 4422 μὴ
2890 4350 3152 4405 δύνασθαι
3183 4346 3525 4419 παραλαϐεῖν
3547 4345 3742 4415 αὐτὴν,

2165 4448 2493 4509 ἀποστείλας
2503 4447 2631 4499 λαὸν
2647 4444 2929 4516 παρέλαϐε
2950 4443 3012 4496 τὺ
3034 4442 3168 4498 αὐτὸ
3179 4443 3317 4496 κάστ
3326 4456 3416 4508 ρον
3433 4439 3494 4492 τὸ
3523 4438 3748 4492 Μαστά-

2092 4536 2137 4592 D
2171 4559 2290 4596 τον’
2320 4541 2418 4594 καλ⁵
2451 4539 2750 4609 εἰσήγαγεν
2815 4538 2872 4589 ὲν
2909 4535 3061 4606 αύτῷ
3098 4535 3190 4589 τὸν
3251 4531 3750 4604 πρωτοσπαθάριον

483 4631 775 4699 Πετρωνᾶν
797 4629 888 4683 τὸν
906 4630 1236 4695 Βόῖλαν,τδν
1259 4635 1384 4686 τότε
1415 4632 1546 4688 ὄντα
1596 4638 1893 4691 κατεπάνω
1942 4639 2313 4701 Νικοπόλεως.
2357 4636 2417 4690 '0
2454 4636 2513 4691 δὲ
2586 4637 2884 4706 μάγιστρος
2924 4632 3272 4702 Παγκράτιος
3327 4629 3752 4695 συνταξιδεύσας

481 4725 558 4794 τῷ
588 4724 737 4794 αὐτῷ
775 4726 1060 4796 μαγίστρῳ
1094 4729 1153 4780 ὲν
1181 4729 1644 4798 Θεοδοσιουπόλει,
1677 4735 1840 4804 ἡνίκα
1888 4737 2113 4807 ἔμελλεν
2133 4739 2458 4809 ἀναχωρεῖν,
2485 4733 2861 4805 παρεκάλεσεν
2886 4733 2975 4786 ἴνα
3030 4732 3178 4805 δὼσῃ
3245 4728 3396 4800 αὐτῷ
3449 4728 3511 4781 τὸ
3571 4727 3748 4780 coro-3'
3805 4780 3812 4788 ,

482 4839 576 4874 τον
603 4823 860 4891 κάστρον,
909 4825 1144 4891 ποιήσας
1182 4824 1468 4895 ἔγγραφον
1516 4828 1678 4897 ὅρκον
1707 4831 1842 4900 πρὸς
1871 4833 2034 4886 αὑτὸν
2099 4833 2191 4888 τοῦ
2227 4833 2546 4903 ἐπικρατεῖν
2583 4831 2738 4893 αὐτὸ,
2791 4831 2886 4884 καὶ
2928 4829 3199 4900 μηδέποτε
3237 4829 3397 4881 τοῦτο
3423 4829 3534 4890 τοῖς
3571 4827 3753 4896 Σαρα-

486 4917 671 4985 κηνοῖς
693 4916 989 4969 ἐπιδοῦναι.
1022 4919 1132 4970 Καὶ
1148 4919 1237 4971 διὰ
1253 4919 1314 4971 τὸ
1344 4916 1485 4974 εἶναι
1513 4923 1676 4975 αὐτὸν
1701 4925 1794 4976 καὶ
1816 4927 2138 4995 Χριστιανὸν
2169 4927 2264 4980 καὶ
2293 4925 2477 4978 δοῦλον
2501 4927 2598 4993 τῆς
2629 4923 2909 4996 βασιλείας
2934 4923 3114 4992 ἡμῶν,
3144 4920 3444 4983 πιστεύσας
3481 4919 3558 4988 τῷ
3598 4919 3752 4990 ὅρκῳ

419 5034 422 5035 ν
486 5009 654 5064 αὐτοῦ
685 5009 919 5062 δέδωκεν
966 5012 1098 5064 αὐτὸ
1116 5013 1193 5083 τῷ
1219 5015 1494 5085 εἰρημένῳ
1543 5019 1906 5090 Παγκρατίῳ’
1937 5021 1964 5073 6
1993 5022 2050 5074 δὲ
2085 5021 2249 5076 πάλιν
2288 5021 2661 5092 ἀπεχαρίσατο
2713 5018 2846 5072 αὐτὸ
2903 5021 3013 5080 τοῖς
3056 5014 3600 5078 Θεοδόσιουπολίταις.
3637 5013 3753 5067 Καὶ

486 5101 650 5173 ἡνίκα
667 5101 993 5174 παρελήφθη
1022 5105 1054 5174 ἡ
1078 5106 1957 5176 Θεοδοσιούπολις,ύπεισελθόντες
1981 5116 2028 5166 οἱ
2054 5114 2274 5184 Ἴϐηρες
2303 5115 2616 5184 ἐκράτησαν
2642 5113 2800 5167 αύτό’
2856 5112 2991 5172 διότι
3041 5109 3165 5162 οὔτε
3200 5109 3294 5163 τοῦ
3356 5108 3600 5162 τοιούτου
3649 5109 3753 5161 κά-

489 5213 651 5264 στρου
707 5195 800 5250 τοῦ
841 5193 1158 5268 Μαστᾶτου,
1185 5201 1310 5255 οὔτε
1343 5203 1437 5256 τοῦ
1505 5204 1758 5257 Ἀὁνίκου
1804 5206 2023 5276 ἔχουσιν
2057 5208 2306 5275 ἐξουσίαν
2371 5207 2672 5274 ἐπιζητεῖν.
2711 5205 2854 5258 Ἀλλ’
2880 5205 3069 5274 ἐπειδὴ
3116 5207 3144 5256 6
3213 5199 3630 5272 κουροπαλάτης
3658 5217 3752 5251 m-

488 5287 612 5350 στὸς
663 5287 757 5340 καὶ
798 5289 959 5359 ὀρθὸς
998 5291 1181 5356 δοῦλος
1211 5296 1307 5347 καὶ
1330 5296 1481 5365 φίλος
1512 5297 1671 5368 ἡμῶν
1695 5301 1833 5366 ἐστι,
1867 5300 1956 5352 διὰ
1983 5301 2269 5371 τὴνταύτοῦ
2298 5301 2664 5371 παράκλησιν,
2695 5299 2783 5353 ἴνα
2803 5298 3027 5369 γένηται
3066 5295 3289 5368 σύνορον
3309 5297 3407 5367 τῆς
3432 5295 3702 5363 Φασιανῆς
3723 5295 3752 5349 6

486 5378 733 5450 ποταμὸς
756 5381 784 5433 6
812 5381 1006 5453 Ἕραξ,
1026 5383 1144 5453 ἦτοι
1165 5385 1194 5437 6
1218 5387 1386 5451 Φάσις
1406 5404 1420 5419 ⁶
1442 5389 1540 5443 καὶ
1572 5392 1640 5444 τὰ
1673 5393 1770 5462 μὲν
1794 5393 2061 5464 ἀριστερὰ
2102 5395 2244 5464 μέρη
2277 5396 2346 5447 τὰ
2385 5393 2523 5464 πρὸς
2552 5393 2652 5464 τὴν
2703 5391 2970 5462 ἰλλυρίαν
3008 5391 3316 5459 κατέχωσιν
3387 5389 3438 5441 οι
3505 5386 3750 5456 Ἴϐηρες.
3849 5401 3853 5403 ’

485 5476 556 5529 τὰ
577 5478 633 5532 δὲ
685 5477 834 5544 δεξιὰ
866 5479 968 5533 ὅσα
999 5482 1108 5534 sic).
1154 5485 1291 5551 πρὸς
1332 5485 1430 5556 τὴν
1457 5486 1921 5549 Θεοδοσιούπολιν,
1954 5487 2058 5541 κᾶν
2101 5505 2160 5540 τε
2188 5490 2402 5558 κάστρα
2436 5489 2537 5542 κᾶν
2583 5505 2642 5542 τε
2686 5486 2862 5559 χωρία
2893 5487 3054 5552 εἰσὶν,
3103 5478 3238 5540 ὦσιν
3272 5485 3377 5539 ύπδ
3433 5485 3534 5553 τὴν
3599 5483 3755 5554 βασι·

1679 5601 1980 5656 ANSELMI
2003 5601 2333 5659 BANDURII
2366 5603 2598 5660 NOTAE.

559 5711 672 5846 £37)
713 5712 806 5770 Sic
832 5714 888 5771 in
927 5732 1030 5773 ms.
1063 5686 1272 5776 codice.
1307 5720 1599 5793 Perperam
1643 5722 1698 5776 in
1726 5721 1894 5777 editis
1924 5721 2142 5794 legitur,
2170 5723 2251 5778 διό
2283 5739 2337 5778 τε
2375 5721 2455 5789 τό,
2490 5717 2598 5795 εἰς,

583 5779 672 5846 88)
702 5781 779 5837 lta
801 5800 868 5842 cx
903 5803 1007 5843 ms.
1041 5794 1250 5846 codice.

583 5779 672 5850 88)
702 5781 779 5837 lta
801 5800 868 5842 cx
903 5803 1007 5843 ms.
1041 5794 1250 5851 codice.
