4108 6424
279 375 384 437 351
1334 380 1431 439 DE
1472 381 2118 447 ADMINISTRANDO
2160 386 2512 451 IMPERIO.
3463 403 3572 468 358

275 491 439 544 αλείαν
477 489 665 561 ἡμῶν,
716 489 816 543 τοῦ
890 490 1144 562 ποταμοῦ
1208 493 1452 564 δηλονότι
1509 495 1737 564 σύνορον
1797 497 2123 567 ἀμφοτέρων
2156 497 2517 568 ὑπάρχοντος,
2553 500 2735 565 καθὼς
2768 505 2864 557 καὶ
2897 504 3005 568 ζῶν
3026 508 3054 560 6
3087 508 3356 579 μακάριος
3392 512 3576 566 Ἰωάν-

282 600 377 652 νης
409 580 746 652 Κουρκούας
768 581 899 652 περὶ
924 583 1118 638 τούτου
1153 584 1455 656 ἐρωτηθεὶς
1510 585 1693 650 ἐξεῖπε
1733 586 2010 656 συμφέρον
2039 583 2182 639 εἶναι
2208 588 2300 642 τὸν
2325 590 2572 660 ποταμὸν
2599 592 2842 662 σύνορον.
2899 594 2973 647 Τὸ
3033 597 3131 665 μὲν
3189 598 3299 667 γὰρ
3348 600 3577 670 ἀκριϐὲς⁵

282 671 503 726 δίκαιον
543 673 807 743 οὐδεμίαν
825 673 1082 738 ἐξουσίαν
1107 675 1337 746 παρέχει
1367 676 1444 745 τῷ
1477 678 1887 747 κουροπαὶάτῃ,
1927 677 2042 730 είτε
2075 680 2156 741 είς
2186 678 2258 731 τὰ
2305 679 2458 733 ἔνθεν
2485 682 2579 735 τοῦ
2610 683 2882 754 ποταμοῦ,
2918 687 3029 739 εἴτε
3063 690 3144 752 είς
3212 691 3282 743 τὰ
3363 693 3576 747 ἐκεῖθεν

279 765 658 834 διεκράτησεν
693 764 845 834 ἔχειν
870 779 885 795 ⁶
940 765 1078 819 διότι
1110 765 1179 820 τά
1228 765 1456 821 τοιαῦτα
1491 768 1673 822 πάντα
1703 770 1882 839 χωρία
1956 771 2067 824 τῶν
2137 767 2663 838 Θεοδοσιουπολιτῶν
2688 777 2754 828 τὰ
2777 780 3167 848 στρατεύματα
3183 783 3281 851 τῆς
3301 781 3574 852 βασιλείας

280 857 442 926 ἡμῶν
476 856 907 927 ᾐχμαλώτισαν,
940 858 1038 912 καὶ
1067 859 1482 930 ἐπυρπόλησαν,
1513 863 1608 916 καὶ
1623 861 1882 917 οὐδέποτε
1919 866 2092 936 χωρὶς
2123 866 2394 936 ἡμετέρου
2426 867 2558 920 λαοῦ
2586 866 2803 939 Ἴϐηρες
2828 870 3053 938 ἐξῆλθον
3118 876 3213 928 καὶ
3283 879 3578 945 ὲπραίδευ-

281 959 383 996 σειν
415 945 904 1014 Θεοδοσιούπολιν,
955 947 1074 1001 ἀλλ’
1111 949 1200 1002 ἀεὶ
1231 949 1425 1018 φίλους
1457 945 1606 1020 εἶχον
1648 952 1868 1016 αὐτοὺς,
1912 957 2007 1008 καὶ
2023 957 2511 1026 ὲπραγματεύοντο
2539 962 2657 1028 μετ’
2683 961 2864 1014 αὐτῶν
2888 979 2902 992 ·
2933 965 3132 1036 καὶτῷ
3191 969 3292 1036 μὲν
3340 972 3577 1041 στόματι

284 1041 474 1112 ἤθελον
500 1042 859 1112 πορθηθῆναι
886 1043 988 1113 τὴν
1015 1043 1484 1112 Θεοδοσιούπολιν,
1523 1050 1591 1118 τῇ
1631 1046 1690 1101 δὲ
1757 1047 1960 1121 καρδίᾳ
2023 1050 2278 1121 οὐδαμῶς
2338 1052 2627 1107 ἐϐούλοντο
2693 1057 3121 1129 παραληφθῆναι
3157 1062 3352 1133 αὐτήν.
3437 1065 3578 1120 Ἀλλ’

289 1136 322 1203 ἡ
349 1132 604 1202 βασιλεία
635 1133 820 1205 ἡμῶν,
849 1135 925 1198 ὡς
953 1135 1190 1207 εἴρηται,
1215 1137 1304 1192 διὰ
1331 1138 1430 1207 τὴν
1453 1139 1594 1209 πρὸς
1655 1141 1746 1192 τδν
1795 1141 2211 1214 κουροπαλάτην
2281 1145 2526 1214 ἀγάπην,
2591 1147 2826 1220 ἠθέλησε
2871 1152 3126 1218 γενέσθαι
3171 1132 3292 1207 τὸν
3334 1159 3579 1225 ποταμὸν

293 1227 380 1278 τὸν
410 1224 612 1295 Ἔραξ,
642 1227 766 1296 ἦτοι
794 1225 889 1279 τὸν
917 1228 1086 1280 Φᾶσιν
1115 1227 1248 1297 (89),
1276 1228 1504 1303 σύνορον
1527 1229 1876 1303 ἀμφοτέρων,
1913 1235 2011 1288 καὶ
2056 1234 2365 1303 ὀφείλουσιν
2393 1237 2680 1307 ἀρκεῖσθαι
2707 1243 2788 1302 είς
2854 1242 2956 1312 τὴν
3009 1245 3276 1317 τοιαύτην
3349 1250 3577 1320 διακρα-

297 1333 469 1387 τησιν,
498 1317 595 1370 καὶ
626 1316 801 1387 μηδὲν
831 1317 998 1370 πλέον
1027 1319 1335 1388 ἐπιζητεῖν.

867 1407 1124 1462 ΚΕΦΑΛ.
1161 1408 1316 1476 Μςι.
1359 1403 1376 1426 ’

309 1497 445 1566 Περὶ
504 1497 612 1563 τῆς
659 1499 1052 1572 γενεαλογίας
1087 1499 1226 1572 ᾼτῶν
1293 1503 1554 1572 Ἰϐήρων,
1609 1506 1710 1561 καί
1774 1506 1884 1561 τοῦ

699 1566 972 1634 κάστρου
1016 1566 1488 1638 Ἀδρανουτζίὸυ.

407 1657 595 1711 Ἰστέον
634 1658 710 1710 ὅτι
752 1659 782 1710 6
819 1659 1169 1730 ιΙαγκράτιος
1195 1703 1210 1727 ,
1264 1663 1360 1716 καὶ
1397 1663 1426 1716 6
1475 1663 1661 1732 Aa6‘l'6,
1713 1666 1808 1722 καὶ
1853 1668 1884 1722 6

322 1748 621 1818 Μάμπαλις,
648 1747 675 1800 ὂ
707 1748 1078 1820 ἑρμηνεύεται
1130 1751 1443 1822 πανάγιος,
1486 1754 1735 1826 ὑπῆρχον
1771 1757 1882 1812 υίοὶ

313 1843 397 1896 τοῦ
423 1841 657 1912 μεγάλου
681 1841 992 1911 Συμϐατίου
1045 1841 1140 1896 τοῦ
1170 1843 1408 1915 Ἴϐηρος.
1451 1847 1562 1900 Καὶ
1599 1847 1759 1919 ἔλαχε
1816 1849 1880 1902 τὸ

317 1931 668 2003 ’Δδρανούτζη
711 1933 794 1996 είς
830 1931 1201 2005 κληρονομίαν
1247 1935 1325 2005 τῷ
1383 1935 1756 2010 Παγκρατίῳ·
1795 1939 1877 2011 τῷ

303 2025 355 2078 δὲ
371 2024 536 2078 Δαϐὶδ
555 2023 754 2096 ἔλαχεν
774 2021 937 2095 ἑτέρα
957 2023 1110 2095 χώρα
1131 2023 1362 2097 (90-91).
1379 2025 1439 2080 '0
1455 2026 1512 2081 δὲ
1536 2029 1881 2101 Παγκράτιος

301 2118 544 2188 εποίησεν
577 2117 738 2180 υἱοὺς
769 2118 944 2187 τρεῖς,
986 2115 1079 2170 τὸν
1117 2116 1474 2190 Ἀδρανασὲρ,
1511 2119 1604 2174 τὸν
1634 2123 1880 2192 Κουρκέ-

299 2226 418 2271 νιον,
447 2207 550 2261 κοιλ¹
608 2207 705 2259 τὸν
758 2206 1044 2277 πατρίκιον
1087 2206 1365 2273 Ἀσώτιον,
1401 2208 1493 2264 τὸν
1526 2211 1618 2265 καὶ
1664 2212 1878 2267 Κισκά-

296 2316 406 2369 σην,
437 2299 543 2352 καὶ
590 2297 910 2368 διεμέρισεν
953 2298 1140 2362 αὐτοῖς
1176 2299 1276 2371 τὴν
1316 2300 1502 2371 χώραν
1543 2301 1745 2356 αὐτοῦ’
1782 2303 1878 2358 καὶ

290 2386 440 2458 ἔλαχε
503 2387 570 2440 τὸ
613 2384 982 2457 Ἀδρανούτζη
1039 2386 1119 2457 τῷ
1172 2387 1274 2460 υἱῷ
1319 2389 1484 2443 αὑτοῦ
1533 2392 1873 2463 Κουρκενίῳ,

287 2477 547 2531 κάκείνου
605 2477 1040 2549 τελευτήσαντος
1093 2477 1342 2548 ἀτέκνου,
1389 2482 1573 2535 εἴασεν
1615 2483 1748 2536 αὐτὸ
1798 2484 1877 2556 τῷ

287 2567 504 2639 ἀδελφῷ
536 2567 710 2623 αὐτοῦ
755 2569 1003 2638 ’Δσωτίῳ
1032 2569 1110 2641 τῷ
1139 2571 1234 2625 καὶ
1263 2573 1538 2646 Κισκάσῃο
1585 2575 1614 2626 6
1661 2573 1718 2628 δὲ
1767 2593 1876 2629 πα-

284 2660 494 2732 τρίκιος
543 2659 805 2724 ’Δσώτιος
830 2660 860 2712 6
885 2661 980 2715 καὶ
999 2662 1286 2734 Κισκάσης
1313 2664 1490 2735 ἐπῆρε
1507 2664 1760 2738 γαμϐρὸν
1791 2669 1874 2732 είς

1913 1420 1961 1477 Δ

2215 1479 2230 1491 ι
2551 1418 2780 1473 CAPUT
2822 1420 3006 1478 XLVI.

2048 1505 2124 1560 De
2155 1506 2368 1561 Iberum
2396 1511 2730 1582 genealogia,
2757 1522 2807 1567 et
2839 1515 2905 1568 de
2926 1518 3117 1585 oppido
3151 1520 3510 1578 Adranutzt'o.

1998 1735 2000 1738 ν
2053 1662 2353 1722 Sciendum
2385 1674 2470 1722 est
2507 1669 2885 1738 Pancratium,
2922 1672 3207 1742 Davidem,
3246 1684 3301 1733 et
3331 1677 3575 1747 Mampa-

1982 1750 2101 1820 lim,
2139 1757 2288 1825 quod
2314 1758 2720 1814 sanctissimum
2742 1763 3038 1834 signiﬁcat,
3067 1764 3210 1822 ﬁlios
3259 1766 3430 1822 fuisse
3460 1784 3576 1820 ina-

1980 1843 2072 1913 gni
2104 1844 2373 1916 Symbatii
2399 1847 2596 1906 lberis.
2637 1850 2704 1905 Et
2734 1851 3030 1925 Adranuze
3058 1856 3279 1927 quidem
3315 1859 3368 1912 in
3394 1857 3574 1915 hare-

1978 1934 2205 2013 ditatem
2235 1937 2533 1997 Pancratio
2578 1943 2822 2011 obvenit;
2849 1945 3038 2003 Davidi
3071 1957 3254 2005 autem
3289 1951 3462 2006 altera
3487 1967 3574 2006 re-

1985 2022 2431 2093 gio.Pancratius
2445 2043 2578 2084 vero
2591 2032 2782 2102 genuit
2801 2033 2943 2090 ﬁlios
2956 2039 3176 2098 tres,Ad
3186 2049 3574 2111 ranaser,Cur-

1979 2115 2220 2181 cenium,
2249 2126 2305 2173 et
2319 2119 2572 2175 Asotium
2604 2124 2921 2192 patricium,
2956 2128 3050 2200 qui
3109 2132 3276 2189 etiam
3309 2135 3572 2200 Ciscases

1978 2215 2332 2276 nuncupatur
2361 2227 2374 2264 :
2410 2211 2712 2282 divisitque
2746 2215 2884 2286 ipsis
2916 2227 3094 2276 terras
3118 2237 3269 2288 suas.
3301 2240 3355 2282 et
3381 2231 3564 2286 Adra-

1977 2304 2142 2351 nutze
2168 2297 2424 2355 Curcenii
2461 2301 2756 2362 haereditas
2785 2308 2925 2374 fuit;
2953 2313 3046 2380 qui
3083 2315 3204 2371 sine
3233 2317 3422 2375 liberis
3443 2339 3568 2379 cuin

1975 2388 2290 2455 decederet,
2339 2391 2497 2448 fratri
2523 2395 2740 2463 Asotio,
2767 2399 2862 2468 qui
2895 2409 2950 2456 et
2975 2401 3200 2461 Ciscase
3231 2407 3286 2462 id
3318 2411 3564 2481 reliquit.

1974 2477 2046 2532 At
2079 2479 2306 2538 Asotius
2336 2486 2628 2554 patricius,
2659 2489 2753 2558 qui
2786 2497 2839 2543 et
2869 2488 3142 2558 Ciscases,
3175 2477 3566 2564 generum-sibi

1976 2570 2173 2626 ascivit
2195 2571 2530 2630 Curcenium
2561 2578 2715 2634 illum
2747 2582 3095 2651 magistrum,
3130 2589 3223 2656 qui
3251 2591 3564 2660 principatu

1975 2675 2228 2733 accepto,
2263 2681 2461 2722 socero
2492 2667 2688 2725 Asotio
2725 2671 3044 2731 Adranutze
3082 2694 3178 2748 per
3199 2683 3307 2735 vim
3364 2684 3566 2747 ademit

285 2751 571 2823 θυγατέρα
614 2750 783 2805 αὑτοῦ
816 2751 908 2805 τὸν
947 2751 1266 2825 Κουρκένην
1314 2755 1524 2808 ἐκεῖνον
1564 2757 1656 2811 τὸν
1704 2757 1869 2828 μάγι-

1979 2762 2028 2807 et
2043 2758 2516 2826 compensationis
2540 2761 2713 2817 vicem
2736 2763 2883 2819 dedit
2898 2763 3316 2837 Tyrocastrum,
3336 2783 3564 2830 terram-

290 2861 464 2916 στρον,
492 2845 655 2907 ὅστις
691 2842 1058 2907 δυναστεύσας
1081 2846 1337 2915 ἀφείλετο
1375 2848 1439 2901 ἐκ
1478 2847 1574 2902 τοῦ
1613 2849 1876 2922 πενθεροῦ

289 2937 441 2990 αὐτοῦ
495 2935 771 2990 ’Δσωτίου
823 2936 886 2990 τὸ
943 2937 1307 3010 Ἀδρανούτζη
1359 2940 1505 2994 κατὰ
1549 2944 1876 3013 τυραννίδα·

289 3029 374 3082 καὶ
419 3027 676 3082 δέδωκεν
709 3028 859 3099 αὐτῷ
903 3029 985 3092 είς
1036 3031 1403 3102 ἀντισήκωσιν
1436 3033 1497 3085 τό
1541 3050 1603 3086 τε
1633 3036 1877 3106 Τυρόκα-

295 3136 464 3192 στρον,
493 3120 596 3175 καὶ
635 3120 738 3190 τὴν
785 3119 1059 3190 ποταμίαν
1104 3121 1198 3175 τοῦ
1244 3121 1501 3194 Ἀτζαρά,
1558 3125 1658 3196 τὴν
1711 3123 1879 3182 οὖσαν

294 3211 509 3283 σύνορον
535 3211 643 3282 τῆς
675 3209 988 3281 Ῥωμανίας
1019 3214 1101 3276 εἰς
1124 3212 1416 3287 Κὼλωριν.
1453 3213 1582 3288 Εἶχε
1609 3218 1666 3272 δὲ
1688 3225 1878 3289 γυναῖ-

297 3317 363 3354 κα
401 3301 429 3354 6
458 3300 764 3372 πατρίκιος
802 3300 1061 3366 Ἀσὼτιος
1084 3305 1112 3356 6
1153 3303 1247 3357 καὶ
1279 3306 1566 3378 Κισκάσης
1595 3308 1693 3377 τὴν
1719 3311 1879 3364 ἀδελ..

307 3390 396 3462 τὴν
414 3392 507 3446 τοῦ
535 3391 850 3462 μαγίστρου
890 3391 1164 3464 Γεωργίου
1201 3394 1295 3448 καὶ
1321 3393 1674 3460 ὲξουσιαστοῦ
1713 3400 1877 3454 Ἀϐα-

315 3484 472 3550 σςίας.
529 3482 646 3538 Καὶ
679 3484 770 3537 ὅτε
804 3485 1053 3552 ἐγένοντο
1080 3485 1200 3539 κατ’
1229 3487 1475 3558 ἀλλήλων
1531 3490 1560 3542 ὅ
1593 3508 1656 3544 τε
1710 3494 1878 3563 μάγι-

323 3588 459 3644 στρος
501 3575 864 3646 Κουρκένιος,
895 3576 992 3630 καὶ
1035 3577 1063 3631 6
1109 3578 1411 3652 μάγιστρος
1459 3580 1734 3653 Γεὼργιος
1784 3586 1879 3639 καὶ

325 3666 645 3741 ἒξσδσιαστὴς
682 3667 1005 3736 ’Λϐασγίας,
1037 3669 1126 3724 διὰ
1162 3671 1224 3724 τὸ
1270 3672 1735 3740 συναγωνίζεσθαι
1785 3677 1878 3730 τὸν

324 3761 590 3830 πατρίκιον
624 3760 896 3825 ’Δζὼτιον
921 3760 1016 3815 τοῦ
1056 3762 1403 3828 ὲξουσιαστοῦ
1443 3764 1758 3836 Ἀϐασγίας,
1785 3769 1879 3822 δυ-

321 3849 492 3920 νηθείς
517 3852 544 3905 6
572 3852 908 3925 Κουρκένιος
955 3853 1211 3923 ἀφείλετο
1256 3855 1352 3909 καὶ
1379 3854 1480 3928 τὴν
1511 3857 1878 3930 ἀντισήκωσιν

311 3944 372 4012 ἦν
393 3943 618 3998 δέδωκεν
648 3943 800 4016 αὖτῷ
829 3945 974 4015 ὑπὲρ
1001 3945 1097 3999 τοῦ
1134 3947 1573 4019 Ἀδρανουτζίου,
1595 3950 1692 4003 καὶ
1735 3952 1880 4006 ἐδίωο

301 4032 385 4098 ξεν
409 4033 600 4100 αὑτὸν,
635 4036 731 4089 καὶ
753 4033 1002 4106 ἀπῆλθεν
1032 4038 1114 4099 είς
1151 4037 1468 4107 Ἀϐασγίαν.
1503 4039 1877 4113 Τελευτήσαν-

299 4139 378 4189 τος
405 4123 464 4177 δὲ
507 4123 608 4177 τοῦ
647 4123 956 4195 μαγίστρου
1009 4124 1369 4196 Κουρκενίου,
1427 4126 1762 4197 κατελείφθη
1817 4129 1877 4182 τὸ

293 4215 672 4288 ίΔδρανούτζη
723 4219 789 4286 τῇ
833 4217 1058 4286 γυναικὶ
1106 4217 1272 4273 αὐτοῦ
1317 4219 1387 4290 τῇ
1447 4218 1544 4274 τοῦ
1586 4220 1876 4291 πατρικίου

303 4304 564 4361 Ἃσωτίου
593 4305 692 4360 τοῦ
725 4307 987 4378 Κισκάση
1022 4307 1279 4378 θυγατρὶ,
1295 4307 1372 4372 ὡς
1395 4309 1661 4381 πατρικὸν
1682 4311 1873 4382 αὐτῆς.

289 4401 408 4457 Ὅτε
440 4402 508 4457 δὲ
529 4401 844 4472 διεμέριζον
891 4402 992 4475 τὴν
1017 4401 1204 4475 χώραν
1234 4403 1331 4459 τοῦ
1359 4405 1664 4476 μαγίστρου
1699 4409 1879 4479 Κουρ-

287 4495 466 4548 κενίου
494 4492 622 4564 μεθ’
654 4492 855 4560 ὃπλων,
910 4495 939 4548 ὅ
970 4511 1030 4548 τε
1075 4495 1334 4559 Ἀσώτιος
1362 4497 1391 4550 6
1436 4498 1874 4570 κουροπαλάτης,

283 4586 372 4638 καὶ
393 4588 426 4641 6
469 4585 782 4657 μάγιστρος
799 4585 1075 4658 Γεώργιος
1091 4588 1118 4640 6
1146 4587 1509 4658 ἐξουσιαστὴς
1555 4590 1873 4660 Ἀϐασγίας,

280 4679 371 4733 καὶ
395 4681 427 4733 6
465 4680 780 4750 μάγιστρος
812 4678 1164 4750 Παγκράτιος
1185 4681 1214 4734 6
1247 4680 1479 4751 ἀδελφὸς
1505 4681 1600 4735 τοῦ
1631 4684 1876 4755 προρρη-

278 4770 469 4836 θέντος
527 4769 980 4841 κουροπαλάτου,
1018 4765 1185 4842 ἦλθον
1237 4772 1318 4836 είς
1369 4772 1724 4844 συμϐίϐασιν,
1780 4774 1875 4828 καὶ

279 4863 499 4932 ἐπῆρεν
555 4859 793 4921 ἕκαστος
841 4857 1228 4930 τὸ“πλησιάζον
1273 4859 1442 4931 αὐτῷ.
1475 4859 1548 4913 Τὸ
1590 4859 1646 4914 δὲ
1688 4860 1878 4932 Ἀδρα-

278 4952 507 5018 νοῦτζιν,
555 4950 856 5021 ἐπλησίαζε
887 4949 968 5022 τῷ
1027 4951 1323 5023 Συμϐατίῳ
1353 4951 1432 5022 τῷ
1479 4950 1574 5005 τοῦ
1623 4954 1871 5024 προρρη-

278 5043 472 5108 θέντος
516 5041 688 5096 Δαϐιδ
730 5041 867 5113 υἱῷο
909 5043 1036 5096 τότε
1069 5043 1384 5115 ἐκράτησαν
1416 5045 1618 5108 πάντες
1646 5045 1744 5116 τὴν
1774 5060 1876 5113 γυ-

277 5142 451 5192 κσῖκα
496 5136 594 5190 τοῦ
628 5137 936 5208 μαγίστρου
986 5135 1350 5207 Κουρκενίου,
1386 5136 1556 5208 ἤγουν
1581 5136 1682 5208 τὴν
1706 5135 1874 5204 θυγα-

277 5231 416 5300 τέρα
480 5227 580 5281 τοῦ
631 5229 926 5297 πατρικίου
988 5225 1248 5280 ’Δσωτίου
1295 5225 1391 5280 τοῦ
1447 5229 1545 5281 καὶ
1592 5227 1870 5298 Κισκάση,

215 5350 220 5354 -
279 5318 567 5389 λέγοντες,
606 5320 692 5372 ὅτι
727 5319 800 5372 Σὺ
828 5319 968 5388 γυνὴ
1001 5314 1139 5373 οὖσα
1185 5319 1248 5372 οὐ
1269 5319 1497 5372 δύνασαι
1548 5321 1771 5389 κρατεῖν
1813 5319 1874 5372 τὸ

1981 2859 2110 2914 que,
2138 2861 2301 2916 quam
2324 2848 2522 2904 Atzara
2553 2850 2752 2908 ﬁumen
2781 2855 2954 2923 alluit,
2976 2859 3564 2934 conﬁnemfﬂomanim,

1983 2939 2050 2992 ad
2075 2937 2323 2994 Colorin.
2359 2941 2510 2998 Uxor
2535 2953 2719 3001 autem
2753 2947 2947 3005 Asotio
2993 2934 3122 3008 huic
3149 2957 3406 3024 patricio,
3449 2961 3565 3017 sive

1980 3029 2224 3098 Ciscase,
2249 3047 2408 3090 soror
2432 3035 2532 3090 fuit
2548 3036 2764 3110 Georgii
2789 3041 2948 3113 126
2965 3045 3208 3115 magistri
3230 3060 3284 3103 et
3311 3050 3563 3121 Abasgite

1988 3124 2274 3195 principis.
2308 3125 2557 3198 Cumque
2587 3131 2927 3189 dissiderent
2968 3136 3113 3192 inter
3153 3153 3213 3193 se
3252 3139 3562 3201 Curcenius

1981 3215 2262 3283 magister,
2293 3230 2346 3272 et
2372 3217 2640 3291 Georgius
2662 3225 2990 3294 magisteret
3022 3228 3560 3307 Abasgiaeprinceps,

1981 3301 2109 3374 quia
2140 3304 2316 3358 Asotii
2349 3308 2563 3375 patricii
2605 3311 2854 3378 partibus
2886 3311 3098 3372 faveret
3121 3301 3370 3392 Abasgiaa
3405 3301 3558 3394 prin;

1979 3405 2128 3460 ceps,
2154 3397 2399 3463 potentia
2428 3413 2496 3454 ac
2529 3399 2738 3456 viribus
2766 3406 3098 3463 antecellens
3119 3406 3424 3470 Curcenius
3449 3416 3560 3471 eri-

1982 3482 2100 3550 puit
2128 3484 2293 3539 etiam
2330 3489 2477 3558 quod
2511 3505 2613 3560 pro
2645 3491 2990 3568 Adranutzio
3021 3498 3070 3552 ei
3104 3499 3352 3570 dederat,
3383 3519 3560 3577 expu-

1980 3572 2174 3645 litque,
2206 3588 2259 3632 et
2291 3579 2347 3633 in
2389 3581 2682 3651 Ahasgiam
2727 3587 3006 3654 profectus
3037 3603 3141 3647 est.
3183 3592 3397 3652 Mortuo
3427 3572 3560 3654 vero

1980 3665 2254 3722 Curcenio
2287 3672 2553 3740 magistro
2583 3675 2977 3732 Adranutzium
3007 3683 3221 3751 accepit
3250 3700 3388 3739 uxor
3415 3687 3557 3756 ejus,

1979 3756 2154 3812 Asotii
2184 3762 2424 3830 patricii,
2457 3764 2574 3820 sive
2589 3765 2832 3834 Ciscase,
2866 3771 2970 3824 ﬁlia
2996 3780 3258 3844 tanquam
3289 3780 3559 3848 patrimo-

1981 3849 2156 3906 nium.
2181 3851 2249 3905 At
2277 3869 2414 3908 cum
2442 3856 2676 3914 Asotius
2729 3864 3096 3932 curopalates,
3135 3865 3399 3938 Georgius
3441 3890 3560 3928 ma-

1980 3941 2151 4011 gister
2183 3943 2440 4015 Abasgiae
2485 3949 2763 4020 princeps,
2801 3964 2852 4007 et
2893 3953 3226 4014 Pancratius
3269 3965 3554 4032 magister,

1977 4031 2089 4102 jam
2120 4033 2250 4088 dicti
2305 4039 2635 4108 curopalataa
2666 4039 2857 4107 frater,
2876 4043 3135 4101 Curcenii
3153 4031 3557 4111 terramarmis

1981 4124 2316 4192 dividerent,
2366 4145 2427 4185 re
2479 4131 2622 4187 inter
2667 4149 2727 4190 se
2782 4137 3121 4206 composita,
3175 4145 3556 4232 unusquisque

1981 4219 2324 4289 pr0pinquas
2373 4222 2478 4278 sibi
2529 4231 2713 4294 partes
2763 4228 2935 4298 cepit.
2981 4231 3377 4288 Adranutzium
3425 4219 3556 4293 vero

1983 4307 2271 4380 Symbatio
2317 4317 2685 4385 propinquum
2719 4328 2862 4383 erat,
2907 4317 3148 4389 Davidis,
3195 4338 3355 4392 quem
3391 4335 3553 4382 antea

1979 4399 2244 4468 diximus,
2283 4403 2394 4459 ﬁlio
2432 4421 2448 4458 :
2481 4406 2668 4476 itaque
2705 4422 2916 4475 omnes,
2935 4414 3332 4480 comprehensa
3362 4415 3557 4474 Curce-

1979 4492 2057 4551 nii
2083 4495 2332 4566 magistri
2359 4511 2552 4562 uxore,
2569 4499 2749 4558 .Asotii
2775 4501 3016 4570 patricii,
3037 4503 3153 4559 sive
3173 4504 3396 4562 Ciscase
3419 4507 3553 4575 ﬁlia,

1979 4584 2239 4643 dixerunt
2267 4588 2317 4643 ei
2350 4604 2364 4643 :
2402 4587 2507 4656 Tu,
2539 4605 2664 4656 cum
2695 4592 2892 4647 mulier
2921 4594 3021 4658 sis,
3047 4595 3250 4653 habere
3283 4599 3433 4653 illam
3463 4616 3556 4655 ur-

1978 4677 2100 4733 bem
2151 4693 2259 4733 non
2313 4688 2473 4749 potes
2527 4696 2542 4734 :
2591 4682 2852 4754 deditque
2891 4685 2938 4740 ei
2978 4685 3294 4756 Symbatius
3327 4705 3428 4760 pro
3463 4691 3556 4748 illa

1977 4784 2147 4840 pagos
2162 4771 2448 4840 quosdam,
2471 4781 2634 4843 atque
2667 4774 2738 4830 ita
2767 4775 3165 4832 Adranutzium
3187 4781 3302 4847 ipse
3318 4784 3552 4853 accepit.

1977 4860 2043 4914 Et
2071 4861 2284 4916 Iberum
2316 4863 2536 4932 quidem
2571 4864 2765 4919 horum
2787 4869 3042 4937 cognatio
3077 4869 3150 4923 ita
3185 4870 3366 4926 habet.
3382 4872 3555 4930 Mater

1977 4949 2265 5007 Davidiset
2287 4954 2567 5010 Adranase
2587 4959 2940 5026 curapalatze,
2956 4960 3130 5029 patris
3154 4961 3328 5018 Asotii
3347 4966 3554 5034 pridem

1977 5045 2326 5115 curopalataz,
2345 5046 2576 5105 duorum
2599 5047 2828 5104 fratrum
2865 5051 2988 5106 lilia:
3014 5062 3173 5108 erant
3211 5070 3305 5111 seu
3339 5065 3553 5125 neptes.

1979 5134 2294 5212 Sympatius
2323 5149 2505 5195 autem
2527 5140 2748 5196 Davidis
2766 5141 2908 5198 ﬁlius
2927 5158 3153 5200 uxorem
3183 5146 3372 5202 habuit
3389 5147 3554 5202 ﬁliam

1977 5228 2252 5285 Pancratii
2294 5231 2564 5302 magistri,
2587 5231 2679 5302 qui
2705 5241 2858 5302 pater
2879 5235 3163 5292 Adranase
3196 5238 3406 5308 pridem
3435 5254 3555 5292 ma-

1976 5322 2174 5392 gistri;
2220 5337 2396 5393 eaque
2433 5323 2716 5390 defuncta,
2756 5325 3040 5382 Adranase
3063 5343 3307 5382 sororem
3339 5331 3554 5397 accepit

283 5414 547 5484 κάστρον.
578 5411 714 5466 Τότε
753 5411 988 5464 δέδωκεν
1018 5412 1047 5464 6
1076 5410 1386 5481 Συμϐἁτιος
1419 5413 1501 5474 εἰς
1550 5410 1874 5482 συνάντησιν

1983 5409 2249 5480 Symbatii
2284 5410 2507 5468 Davidis
2543 5412 2662 5468 ﬁlii.
2686 5415 3080 5470 Adranutzium
3118 5433 3245 5470 vero
3283 5419 3552 5472 munitum

289 5506 378 5558 τοῦ
411 5505 658 5576 κὰστρου
697 5505 876 5576 χωρία
928 5505 995 5574 τῇ
1039 5504 1285 5571 γυναικὶ,
1348 5503 1444 5556 καὶ
1468 5503 1764 5558 ἀνελάϐετο
1811 5505 1874 5557 τὸ

292 5597 503 5651 τοιοῦτο
534 5599 776 5669 κάστρον
798 5596 861 5652 τὸ
896 5595 1302 5667 Ἀδρανοῦτζιν.
1345 5596 1544 5650 ἰστέον
1576 5596 1657 5650 ὅτι
1681 5597 1714 5666 ἡ
1742 5613 1873 5665 συγ-

1980 5503 2140 5558 valde
2167 5512 2273 5570 est,
2309 5505 2581 5576 habetque
2608 5506 2810 5562 vallum
2843 5523 3100 5578 magnum
3138 5511 3314 5563 instar
3343 5525 3555 5580 magna:

1983 5595 2136 5650 urbis
2163 5613 2176 5648 :
2203 5603 2257 5650 et
2281 5598 2501 5665 negotia
2535 5597 2922 5668 Trapezuntis,
2951 5597 3159 5662 lberizc,
3195 5607 3250 5652 et
3279 5599 3552 5672 Δὺιιεείιιι,

1063 5690 1094 5712 ⁴
1485 5691 1792 5747 ANSELMI
1845 5692 2175 5750 BANDURII
2228 5691 2458 5748 NOTAE.

365 5786 471 5857 (89)
504 5787 594 5846 Sic
615 5806 681 5846 ex
711 5805 818 5845 ms.
854 5786 1067 5842 codice.
1103 5785 1172 5842 At
1215 5785 1270 5842 in
1319 5785 1485 5842 editis
1538 5787 1628 5842 hic
1667 5790 1868 5857 legitur

292 5855 384 5911 τὸν
420 5855 587 5931 Ἱέραξ
619 5877 718 5933 pro
743 5858 963 5932 'Epai;
991 5858 1086 5915 sed
1121 5872 1291 5927 supra
1325 5858 1531 5929 ubique
1563 5855 1758 5930 Ἐραξ.

2039 5789 2255 5865 (90:91)
2291 5789 2526 5865 Censeo,
2571 5790 2749 5865 inquit
2778 5790 3072 5865 Meursius,
3118 5790 3210 5849 hic
3251 5791 3556 5851 desiderari

1968 5875 2095 5931 quae
2124 5859 2192 5915 de
2222 5858 2541 5948 haereditate
2575 5858 2880 5930 Mampalis.
