4050 6452
485 399 598 466 359

1508 382 2025 450 CONSTANTINI
2058 377 2744 444 PORPHYROGENITI

3638 378 3770 441 360

484 517 771 584 totiusque
802 505 1078 564 Armeniae
1122 512 1178 562 ct
1214 501 1390 576 Syriae
1427 496 1543 557 illic
1587 502 1888 572 agitantur,
1930 495 2075 553 unde

2180 496 2364 564 γένεια
2389 495 2503 549 τῶν
2525 487 2784 546 τοιοῦτων
2821 489 3048 563 Ἰϐήρων
3069 488 3260 544 τοῦτον
3282 489 3395 561 ἔχει
3417 487 3510 544 τδν
3531 489 3773 563 τρόπον’

483 606 637 677 capit
685 610 944 671 magnum
991 596 1251 665 vectigal.
1311 590 1678 647 Territorium
1729 601 1862 677 vero
1915 585 2072 639 urbis

482 676 834 755 Adranutzii,
857 690 973 744 sive
1002 687 1204 744 Arzen.
1234 682 1474 752 amplum
1491 687 1654 748 estet
1673 676 2076 744 fertile,estque

484 787 661 845 clavis
691 781 905 844 lberiae,
938 778 1192 848 Abasgiae
1222 784 1276 829 et
1315 772 1699 828 Mischiorum.
1737 767 1942 823 Beatus
1971 781 2077 821 au:

483 885 594 932 tem
618 875 920 941 imperator
940 867 1198 921 dominus
1226 863 1513 918 Romanus
1542 860 1694 917 misit
1714 859 2075 915 Constantem

483 966 802 1040 patricium,
838 970 894 1016 et
919 956 1278 1027 drungarium
1306 955 1384 1010 rei
1411 953 1644 1017 navalis,
1663 952 1758 1022 qui
1781 960 1914 1006 tunc
1936 959 2076 1005 tem-

485 1063 639 1135 poris
672 1052 1154 1128 protospatbarius
1184 1057 1240 1105 et
1273 1045 1612 1117 manglabita
1644 1051 1782 1110 erat,
1815 1041 2077 1111 deditque

481 1156 531 1211 ei
557 1160 762 1209 vestem
785 1146 1056 1218 magistri,
1079 1140 1488 1198 utCurcenium
1515 1138 1722 1195 lberem
1748 1135 2075 1207 magistrum

483 1250 733 1306 crearet;
758 1241 855 1310 qui
881 1237 1105 1310 quidem
1133 1235 1408 1290 Constans
1437 1229 1728 1302 patricius,
1754 1229 1947 1298 reique
1974 1241 2076 1282 na-

482 1335 623 1389 valis
672 1330 1008 1400 drungarius
1037 1341 1165 1381 cum
1198 1322 1577 1380 Nicomediam
1610 1336 1786 1391 usque
1819 1334 2076 1390 progres-

483 1442 578 1482 sus
610 1431 788 1490 esset,
827 1421 1066 1477 accessit
1106 1418 1349 1489 Agapius
1382 1415 1692 1471 monachus
1721 1413 1979 1490 Cyrne-na:
2012 1413 2076 1466 li-

483 1517 612 1580 lius,
643 1515 738 1585 qui
773 1523 906 1568 tunc
947 1509 1216 1579 temporis
1248 1509 1304 1562 in
1343 1507 1478 1561 urbe
1524 1512 1719 1574 sancta
1750 1503 1931 1558 fuerat
1957 1503 2072 1558 voti

482 1621 676 1671 causa,
734 1603 1121 1670 transiensque
1166 1601 1401 1656 lberiam
1450 1596 1852 1652 Adranutzium
1897 1594 2070 1649 venit.

483 1700 621 1754 Erat
666 1705 852 1752 autem
893 1696 1090 1750 Azotio
1137 1689 1393 1763 patricio,
1439 1689 1556 1745 sive
1595 1687 1843 1751 Ciscase,
1880 1685 2070 1741 odium

485 1793 754 1849 adversus
795 1805 1057 1861 generum
1091 1785 1426 1842 Curceninm
1458 1800 1474 1836 :
1507 1781 1670 1853 127
1704 1781 1892 1850 itaque
1926 1779 2069 1849 Aga-

2179 589 2290 641 Τοῦ
2321 586 2487 642 Δαϐἱδ
2520 587 2554 657 ἡ
2580 585 2788 656 μήτηρ,
2826 585 2920 638 καὶ
2952 577 3050 638 τοῦ
3099 582 3405 655 Ἀδρανασὴ
3437 581 3528 636 τοῦ
3564 598 3777 653 κουρο-
3877 634 3885 640 .

2178 679 2444 745 παλάτου,
2482 680 2578 734 τοῦ
2605 679 2818 749 πατρὸς
2844 676 2940 730 τοῦ
2973 676 3177 748 ἀρτίως
3220 675 3480 730 Ἀσωτίου
3509 674 3604 729 τοῦ
3635 692 3780 730 κου-

2181 770 2516 840 ροπαλάτου,
2583 771 2829 842 ὑπῆρχον
2876 768 2973 823 δύο
3028 767 3276 837 ἀδελφῶν
3329 767 3539 833 παιδία,
3595 768 3779 839 ἤγουν

2186 859 2500 932 ἑξαδέλφαι.
2533 857 2664 933 Εἶχε
2689 861 2754 915 δὲ
2789 861 3096 932 Συμϐἀτιος
3119 861 3149 914 6
3173 859 3269 914 τοῦ
3308 859 3473 914 Δαϐὶδ
3514 858 3629 923 υίὸς
3666 875 3783 927 γυα-

2178 957 2342 1010 ναίκα
2365 954 2465 1026 τὴν
2492 953 2774 1026 θυγατέρα
2803 953 2901 1008 τοῦ
2928 953 3231 1024 μαγίστρου
3269 952 3624 1024 Παγκρατίου
3662 950 3771 1008 τοῦ

2178 1047 2390 1118 πατρὸς
2415 1046 2510 1101 τοῦ
2551 1044 2855 1117 ’Δδρανασὴ
2879 1045 2974 1100 τοῦ
3033 1044 3240 1115 ἀρτίως
3284 1045 3593 1116 μαγίστρου
3615 1058 3630 1073 ·
3669 1043 3779 1096 καὶ

2175 1139 2583 1211 τελευτησάσης
2612 1138 2806 1193 ἔλαϐεν
2850 1140 2880 1192 6
2921 1137 3229 1208 Ἀδρανασὴ
3267 1136 3367 1208 τὴν
3396 1135 3632 1204 ἀδελφὴν
3667 1135 3774 1188 τοῦ

2175 1232 2487 1304 Συμϐατίου
2519 1231 2613 1290 τοῦ
2650 1231 2766 1287 υἱοῦ
2809 1231 2904 1285 τοῦ
2954 1231 3139 1286 Δαϐίδ.
3169 1231 3294 1285 Ὅτι
3322 1229 3384 1284 τὸ
3415 1229 3654 1300 κάστρον
3705 1227 3779 1281 τδ

2189 1325 2572 1398 Ἀδρανοῦτζιν
2590 1324 2788 1396 ὀχυρόν
2815 1324 2931 1378 ἐστι
2951 1323 3117 1387 πάνυ,
3165 1322 3282 1394 εχει
3317 1321 3491 1376 δὲκαὶ
3523 1320 3776 1392 ραπάτιν

2178 1417 2324 1488 μέγα
2344 1416 2421 1480 ὡς
2459 1416 2766 1488 χωρόπολιν
2798 1415 2912 1486 (92)
2932 1432 2946 1446 ·
2971 1413 3067 1469 καὶ
3093 1415 3150 1469 αἱ
3177 1414 3556 1486 πραγματεῖαι
3583 1413 3686 1484 τῆς
3705 1429 3778 1466 τε

2174 1507 2619 1581 Τραπεζοῦντος,
2643 1508 2861 1579 καὶτῆς
2896 1506 3163 1578 Ἰϐηρίας,
3195 1506 3292 1562 καὶ
3325 1504 3643 1574 ’Ᾱϐασγίας,
3667 1506 3780 1560 καὶ

2173 1601 2284 1657 ἀπὸ
2331 1603 2516 1672 πάσης
2540 1600 2641 1671 τῆς
2693 1598 2879 1671 χώρας
2908 1599 3011 1670 τῆς
3056 1597 3376 1670 Ἀρμενίας,
3410 1598 3504 1653 καὶ
3538 1597 3638 1668 τῆς
3661 1599 3781 1650 Συ-

2177 1694 2323 1766 ρίας,
2347 1695 2529 1747 ἐκεῖσε
2556 1690 2915 1761 ἀφικνοῦνται
2930 1706 2943 1721 ·
2965 1689 3080 1761 ἔχει
3097 1689 3154 1742 δὲ
3173 1691 3268 1744 καὶ
3286 1688 3630 1759 κομμέρκιον
3647 1685 3774 1758 (95)

2168 1779 2244 1838 ἐκ
2268 1783 2376 1839 τῶν
2405 1784 2664 1839 τοιούτων
2694 1781 3093 1855 πραγματειῶν
3117 1780 3367 1852 ἄπειρον.
3409 1782 3474 1836 Ἥ
3514 1781 3571 1835 δὲ
3606 1779 3774 1854 χώρα

482 1886 580 1956 pio
601 1882 875 1939 monacho
905 1881 1044 1936 dixit
1075 1895 1090 1932 :
1125 1877 1335 1947 Adiuro
1361 1883 1414 1930 te
1431 1890 1526 1945 per
1550 1875 1743 1940 Deum,
1766 1879 1821 1928 et
1849 1883 1946 1942 per
1967 1869 2072 1925 vir-

2179 1876 2268 1932 τοῦ
2323 1877 2567 1949 κάστρου
2610 1875 3049 1948 Ἀδρανουτζίου,
3098 1877 3220 1948 ἤτοι
3270 1876 3334 1930 τὸ
3375 1875 3596 1948 ’Δρζὴν,
3645 1876 3773 1930 ἔστι

483 1983 660 2030 tutem
693 1970 1031 2042 honoranda
1065 1982 1130 2024 ac
1191 1963 1422 2022 vivificae
1453 1964 1658 2030 crucis,
1694 1969 1754 2017 ut
1787 1962 1842 2017 in
1877 1962 2070 2016 urbem

487 2070 655 2124 abeas
682 2063 1117 2136 imperatorique
1138 2059 1385 2125 nunties,
1401 2057 1637 2126 aliquem
1662 2055 1730 2110 ad
1755 2069 1841 2110 me
1865 2052 2069 2118 mlttat,

486 2157 796 2226 urbemque
833 2154 979 2209 hanc
1007 2165 1184 2207 meam
1221 2149 1470 2220 accipiat,
1497 2157 1552 2204 et
1579 2148 1634 2202 in
1669 2153 1943 2217 potestate
1972 2157 2072 2201 sua

487 2249 711 2305 habeat.
735 2247 979 2318 Agapius
1003 2251 1185 2300 autem
1213 2241 1518 2296 monachus
1546 2239 1602 2294 ln
1631 2238 1821 2294 urbem
1845 2235 2072 2293 veniens

485 2339 804 2412 imperatori
837 2336 1087 2393 narravit
1142 2347 1482 2406 quaecunque
1509 2331 1612 2402 ipsi
1642 2329 1867 2387 Asotius
1896 2328 2072 2400 patri-

483 2433 629 2499 cius,
665 2433 758 2502 qui
791 2441 846 2487 et
879 2430 1158 2496 Ciscases,
1195 2429 1447 2485 dixisset.
1487 2425 1738 2496 Cumque
1771 2423 2070 2486 Constans,

484 2540 651 2595 quem
683 2525 948 2591 diximus,
979 2522 1264 2596 patricius,
1292 2532 1348 2578 et
1375 2521 1457 2577 rei
1497 2519 1709 2575 navalis
1740 2516 2073 2587 drungarins

483 2617 828 2676 Nicomedia:
861 2626 1030 2685 esset,
1078 2615 1145 2672 ad
1193 2614 1480 2686 prtefatum
1523 2611 1775 2682 magistri
1815 2605 2073 2665 Curcenii

482 2711 658 2766 lberis
686 2710 965 2781 negotium
993 2710 1309 2778 deputatus,
1336 2723 1403 2761 ex
1430 2705 1688 2760 mandato
1719 2700 2073 2773 imperatoris

483 2802 703 2857 litteras
736 2801 948 2870 accepit
974 2813 1002 2854 a
1024 2799 1258 2870 patricio
1300 2798 1572 2869 Symeonc
1619 2795 1905 2861 asccreiis,
1934 2806 2075 2863 qua-

481 2909 608 2952 rum
642 2894 758 2947 haec
791 2905 1006 2948 summa
1041 2906 1058 2944 :
1088 2889 1249 2945 Jubet
1277 2898 1330 2943 te
1360 2895 1586 2944 sanctus
1619 2896 1807 2942 noster
1839 2885 2076 2955 impera-

487 2994 599 3049 tor,
632 2984 842 3040 relictis
857 2983 1022 3038 rebus
1059 2981 1340 3047 omnibus,
1378 2980 1444 3034 ad
1479 2979 1729 3034 Asotium
1758 2976 2072 3050 patricium,

487 3075 606 3132 sive
649 3075 1001 3139 Ciscasen,e
1043 3072 1277 3143 vestigio
1330 3073 1517 3138 abire,
1564 3080 1616 3127 et
1663 3072 1856 3125 urbem
1901 3069 2074 3123 Adra-

485 3168 737 3224 nmzium
774 3168 843 3223 ab
880 3181 946 3222 eo
987 3167 1257 3236 accipere,
1301 3165 1746 3236 quandoquidem
1791 3179 1888 3234 per
1927 3162 2072 3234 Aga-

487 3260 640 3332 pium
677 3259 1008 3313 monachum
1063 3272 1238 3315 sacrae
1284 3250 1638 3327 imperatoris
1686 3252 1963 3325 maiestati
2003 3250 2078 3307 si-

489 3351 790 3424 gnificavit,
818 3353 897 3405 uti
928 3350 1167 3422 aliquem
1199 3365 1229 3405 e
1254 3349 1371 3404 suis
1399 3349 1566 3404 [idum
1597 3345 1798 3410 mittat,
1823 3354 1877 3401 et
1899 3344 2076 3400 Adra-

489 3442 742 3499 nulzium
776 3441 969 3496 urbem
1001 3441 1177 3512 ipsius
1202 3440 1469 3511 accipiat;
1499 3439 1589 3494 ubi
1618 3446 1800 3494 autem
1831 3438 1886 3492 in
1911 3436 2076 3492 Chal-

489 3532 638 3588 diam
680 3532 917 3596 veneris,
959 3531 1194 3601 adjunge
1233 3531 1330 3585 tibi
1377 3530 1654 3600 principes
1695 3528 1876 3594 utiles,
1922 3525 2076 3598 quod

489 3623 664 3676 fortes
700 3621 947 3690 ﬁdosque
981 3621 1328 3690 cognoveris,
1365 3619 1668 3689 urbemque
1701 3617 1989 3689 ingredere
2023 3623 2078 3673 et

491 3723 647 3780 cape.
687 3708 941 3779 Cumque
975 3707 1253 3764 Constans
1299 3708 1590 3779 patricius,
1642 3717 1696 3763 et
1739 3708 1817 3764 rei
1866 3705 2078 3764 navalis

489 3801 843 3872 drungarius,
901 3800 956 3854 in
981 3799 1266 3855 Chaldiam
1303 3800 1601 3870 profectus,
1628 3799 1812 3869 ibique
1837 3799 2081 3856 strenuis

491 3900 688 3948 turmae
727 3891 1030 3962 praefectis,
1074 3892 1533 3962 principibusque
1573 3901 1628 3947 et
1671 3892 1943 3948 militibus
1989 3907 2105 3948 εει.

489 3983 728 4052 sumptis
781 3986 1069 4047 trecentis,
1133 3983 1189 4038 in
1245 3983 1476 4037 lbcriam
1526 3983 1793 4049 venisset,
1843 3983 2081 4040 detinuit

491 4089 618 4129 eum
649 4072 828 4128 beatae
856 4073 1135 4128 memoria:
1164 4070 1358 4138 David,
1387 4073 1560 4128 ASotii
1598 4073 1805 4144 pridem
1839 4089 2078 4144 curOpa-

2175 1969 2274 2026 καὶ
2297 1969 2469 2041 πολλὴ
2521 1969 2618 2024 καὶ
2648 1967 2901 2041 εὔφορος,
2931 1969 3027 2022 κα)⁵
3057 1968 3294 2039 ὑπάρχει
3323 1967 3526 2022 κλειδὶν
3562 1969 3665 2039 τῆς
3709 1985 3773 2023 τι

2187 2061 2469 2134 Ἰϐηρίας,
2504 2061 2597 2115 καὶ
2635 2059 2958 2129 Ἀϐασγίας,
3009 2060 3105 2114 καὶ
3157 2057 3270 2114 τῶν
3323 2059 3574 2131 Μισχιῶν
3623 2059 3772 2132 (94).

2175 2154 2300 2209 Ὀτι
2339 2155 2368 2208 6
2408 2153 2682 2227 μακάριος
2738 2152 2992 2224 βασιλεὺς
3038 2155 3066 2207 6
3114 2150 3272 2223 κῠρις
3334 2149 3617 2224 Ῥωμανὺς
3655 2152 3776 2207 ἀπ-

2175 2245 2385 2302 έστειλε
2415 2245 2510 2300 τὸν
2559 2245 2850 2316 πατρίκιον
2877 2243 3212 2300 Κώνσταντα
3254 2245 3350 2298 καὶ
3400 2244 3776 2316 δρουγγάριον

2176 2337 2269 2394 τοῦ
2295 2337 2571 2409 πλωϊμου,
2607 2335 2686 2409 τῷ
2729 2335 2852 2391 τότε
2906 2335 3088 2408 καιρῷ
3134 2335 3632 2408 πρωτοσπαθαρίου
3669 2337 3776 2393 καὶ

2180 2429 2564 2502 μαγγλαϐίτου
2598 2429 2986 2500 τυγχάνοντος,
3027 2427 3276 2494 δεδωκὼς
3320 2428 3470 2500 αὐτῷ
3499 2432 3598 2483 καὶ
3638 2429 3778 2500 ἰμά-

2175 2539 2289 2576 τιον
2328 2520 2706 2592 μαγιστράτου
2752 2520 2892 2592 πρὸς
2920 2520 2984 2574 τὸ
3019 2522 3248 2590 ποιῆσαι
3284 2521 3404 2575 τδν“’
3427 2520 3775 2592 Κουρκένιον

2175 2616 2269 2669 τὸν
2297 2614 2495 2686 Ἴϐηρα
2515 2615 2859 2686 Δμιίιγιστρον.
2898 2615 3056 2669 Μετὰ
3082 2615 3140 2669 δὲ
3164 2614 3401 2680 ἐξελθεῖν
3432 2614 3526 2668 τὸν
3565 2613 3776 2684 πατρί-

2176 2725 2295 2762 κιον
2316 2704 2652 2762 Κώνσταντα
2681 2705 2778 2759 καὶ
2801 2704 3163 2776 δρουγγάριον
3197 2705 3293 2760 τοῦ
3325 2705 3573 2777 πλωΐμου
3599 2703 3776 2774 μέχρι

2176 2799 2575 2872 Νικομηδείας,
2623 2799 2873 2869 εἰσῆλθεν
2914 2801 2942 2854 6
2998 2798 3231 2870 μοναχδς
3273 2799 3534 2866 Ἀγάπιος
3583 2798 3614 2851 6
3664 2797 3773 2852 τοῦ

2177 2892 2441 2964 Κυμηνὰ,
2487 2889 2546 2956 ὃς
2574 2887 2642 2964 ἦν
2674 2889 2751 2963 τῷ
2781 2891 2904 2948 τότε
2936 2891 3113 2963 χρόνῳ
3145 2892 3227 2955 είς
3257 2889 3356 2962 τὴν
3394 2889 3559 2959 ἁγίαν
3601 2889 3771 2944 πόλιν

2178 2983 2349 3056 εὐχῆς
2375 2982 2539 3038 ἓνεκα
2561 3000 2576 3015 ’
2625 2983 2723 3036 καὶ
2753 2981 3110 3053 διερχομένου
3142 2979 3309 3034 αὐτοῦ
3355 2980 3454 3052 τὴν
3500 2979 3770 3051 Ἰϐηρίαν,

2177 3075 2522 3148 κατήντησεν
2547 3075 2629 3139 είς
2656 3073 2716 3128 τὸ
2753 3074 2992 3146 κάστρον
3006 3075 3068 3127 τὸ
3108 3072 3514 3144 Ἀδρανοῦτζιν,
3549 3073 3646 3125 καὶ
3685 3067 3776 3126 εἷ-

2180 3183 2274 3239 χεν
2319 3164 2348 3219 6
2383 3164 2675 3236 πατρίκιος
2721 3161 2982 3228 Ἀσώτιος
3029 3165 3057 3218 6
3091 3166 3188 3218 καὶ
3231 3163 3521 3233 Κισκὰσης
3569 3162 3772 3218 καλούο

2184 3274 2347 3329 μενος
2377 3256 2589 3328 ἔχθραν
2621 3256 2764 3328 μετὰ
2783 3255 2880 3312 τοῦ
2913 3258 3165 3329 γαμϐροῦ
3195 3258 3363 3312 αὐτοῦ
3399 3257 3493 3310 τοῦ
3518 3257 3773 3328 Κουρκὲο

2179 3367 2268 3421 νη,
2298 3349 2393 3404 καὶ
2449 3349 2713 3420 ἐλάλησεν
2768 3349 2850 3414 εἰς
2911 3347 3004 3404 τὸν
3055 3349 3292 3426 μοναχδν
3333 3347 3630 3418 Ἀγάπιον,
3682 3349 3776 3406 ὅτι

2193 3439 2437 3514 Ἐνορκῶ
2465 3443 2631 3505 cui;
2651 3441 2745 3496 τὸν
2772 3442 2907 3497 Θεδν
2943 3442 3039 3497 καὶ
3071 3444 3150 3508 είς
3172 3442 3274 3515 τὴν
3297 3441 3531 3513 δύναμιν
3562 3441 3656 3497 τοῦ
3680 3459 3778 3502 τι-

2184 3534 2309 3606 μίου
2339 3531 2436 3589 καὶ
2465 3533 2733 3599 ζωοποιοῦ
2785 3534 3044 3605 σταυροῦ,
3073 3534 3161 3589 ἵνα
3192 3532 3434 3606 ἀπέλθῃς
3463 3537 3520 3588 ὲν
3548 3536 3614 3605 τῇ
3663 3533 3778 3587 πό-

2180 3625 2264 3678 λει
2295 3625 2390 3679 καὶ
2419 3624 2580 3698 εῐπῃς
2605 3624 2700 3680 τὸν
2723 3625 2969 3696 βασιλέα,
2991 3626 3080 3680 ἵνα
3110 3625 3432 3697 ἀποστείλῃ,
3463 3628 3558 3680 καὶ
3585 3641 3780 3696 παρα-

2181 3714 2326 3789 λάϐῃ
2354 3716 2414 3768 τὸ
2447 3715 2686 3787 κάστρον
2725 3733 2850 3787 μου,
2883 3717 2979 3772 καὶ
3008 3715 3110 3790 ἔχῃ
3134 3716 3240 3771 ὑπὸ
3260 3718 3360 3788 τὴν
3382 3717 3633 3785 ἐξουσίαν
3665 3717 3778 3771 αὖ,

2181 3805 2278 3860 τοῦ
2298 3847 2313 3874 ,
2361 3807 2391 3860 6
2417 3805 2475 3860 δὲ
2509 3805 2744 3878 μοναχὸς
2793 3808 3056 3877 Ἀγὰπιος
3087 3807 3345 3864 εἰσελθὼν
3377 3811 3434 3863 ὲν
3462 3811 3530 3882 τῇ
3588 3809 3775 3875 πόλει,

2182 3898 2484 3970 διηγήσατο
2523 3899 2613 3954 τὸν
2669 3899 2895 3970 βασιλέα
2925 3902 3025 3954 ὅσα
3062 3899 3292 3971 ὲλάλησε
3351 3901 3488 3974 πρὸς
3546 3901 3713 3955 αὑτὸν
3745 3905 3779 3958 6

2186 3991 2478 4062 πατρίκιος
2515 3986 2775 4055 “Addicto;
2804 3991 2834 4044 6
2876 3993 2974 4046 καὶ
3019 3993 3328 4064 Κισκάσης.
3371 3994 3478 4048 Τοῦ
3511 3993 3567 4048 δὲ
3593 3995 3778 4067 προρο

2189 4081 2449 4153 ῥηθέντος
2497 4083 2799 4157 πατρικίου
2857 4083 3216 4150 Κώνσταντος
3265 4087 3359 4140 καὶ
3403 4085 3778 4157 δρουγγαρίου

490 4163 618 4218 lata:
648 4160 843 4226 frater,
909 4161 1279 4239 interrogans,
1312 4175 1554 4231 quonam
1611 4159 1680 4215 ab
1729 4161 2080 4231 imperatore,

657 4173 849 4263 [τθιθντ
911 4173 1279 4261 ¹¹²ῑθτῐ⁹⁰8ξ¹η⁵ν
1312 4175 1554 4231 (ιιιοιιδιῖι
1611 4173 1680 4215 an
1729 4173 2080 4263 Impera-‘9'":
2186 4173 2280 4227 τοῦ
2339 4174 2591 4246 πλωϊμου
2645 4176 2706 4230 ὲν
2757 4177 3103 4249 Νικομηδείᾳ
3138 4179 3499 4248 τυγχάνοντος
3529 4177 3620 4233 διὰ
3671 4179 3780 4250 τὴν

493 4262 549 4308 et
580 4251 744 4322 cujus
774 4251 853 4306 rei
887 4264 1056 4305 causa
1097 4251 1327 4317 missus,
1359 4257 1570 4305 tantam
1602 4264 1791 4306 secum
1825 4251 2082 4306 multitua

533 4267 549 4354 ι
580 4267 744 4322 cuius
774 4267 853 4354 rei
887 4267 1327 4354 causamrms-sus,
1359 4267 1570 4352 tantum
1602 4267 1791 4306 secum
1825 4267 2082 4306 mulum.
2187 4267 2600 4341 προρρηθεῖσαν
2655 4268 2758 4337 τῆς
2801 4270 3075 4341 προδολῆς
3144 4270 3240 4325 τοῦ
3317 4272 3621 4344 μαγίστρου
3676 4272 3779 4327 τοῦ

492 4343 677 4398 dinem
725 4341 991 4396 traheret.
1043 4338 1340 4396 Timebant
1380 4341 1526 4396 enim
1574 4350 1805 4411 propter
1847 4349 2075 4396 mortem

2186 4338 2477 4429 Κουρκένη
2515 4358 2735 4430 Ἴϐηρος
2767 4338 3048 4426 ὑποθεσιν,
3080 4363 3146 4415 ὲκ
3171 4338 3639 4434 προστάξεως-τοῦ
3673 4362 3782 4434 βα.-

491 4432 780 4491 Adranase
825 4431 1199 4502 Curopalatae,
1249 4446 1317 4487 ne
1355 4432 1663 4488 Curcenius
1705 4444 1768 4488 ea
1815 4431 2075 4504 dignitate

2189 4448 2389 4512 σιλέως
2433 4447 2594 4504 ἔλαϐε
2637 4449 2700 4504 τὸ
2748 4452 3039 4508 πιττάκιον
3072 4452 3168 4507 τοῦ
3199 4431 3493 4526 πατρικίου
3544 4431 3780 4526 Συμεὼν

493 4526 565 4583 ab
584 4525 918 4596 imperatore
940 4533 1256 4592 ornaretur,
1276 4523 1724 4594 quandoquidem
1750 4525 1895 4579 inter
1916 4523 1996 4580 Ad
2007 4539 2075 4580 ra-

2190 4540 2285 4594 τοῦ
2311 4541 2638 4613 ἁσηκρῆτις,
2684 4543 2761 4609 ὡς
2798 4545 2881 4600 ὅτι
2908 4545 3141 4602 Κελεύει
3192 4549 3224 4602 ὁ
3255 4523 3511 4618 βασιλεὺς
3541 4523 3701 4621 np.ti
3745 4551 3779 4605 6

493 4631 634 4672 nase
687 4617 1020 4686 curopalatae
1060 4617 1223 4682 filios,
1263 4625 1384 4686 post
1417 4617 1592 4687 patris
1620 4629 1813 4672 eorum
1853 4616 2075 4682 obitum,

2195 4632 2350 4701 ἅγιος
2381 4633 2704 4689 καταλιπεῖν
2757 4653 2817 4691 σε
2849 4638 3032 4704 πάσας
3090 4657 3187 4694 σου
3218 4616 3320 4706 τας
3358 4616 3623 4710 δουλείας,
3680 4645 3779 4698 καὶ

492 4721 548 4764 et
573 4721 767 4804 eorum
812 4707 1118 4804 patruelem
1165 4709 1557 4804 contentiones
1573 4715 1735 4804 Aortze
1775 4714 1990 4804 essent,
2028 4713 2084 4764 et
2191 4723 2448 4778 ἀπελθεῖν
2470 4725 2530 4780 ὲν
2546 4729 2813 4801 συντομίᾳ
2831 4730 2969 4802 πρὸς
2985 4732 3077 4786 τὸν
3099 4707 3666 4804 πατρίκιοννΑσώτῴν
3683 4736 3783 4791 τὸν

494 4800 626 4870 quia
659 4799 896 4870 primum
926 4797 1350 4854 famulumcum
1382 4797 1589 4870 ingenti
1614 4815 1844 4856 munere
1871 4799 1943 4854 ad
1977 4799 2075 4853 im-

2191 4813 2288 4871 καί⁵
2307 4815 2595 4890 Κισκάσην
2617 4797 2927 4893 λεγομενον,
2948 4826 3044 4878 καὶ
3069 4797 3414 4896 παραλαϐεῖν
3437 4827 3502 4882 τὸ
3532 4828 3781 4899 κάστρον

495 4900 802 4966 peratorem
862 4893 1155 4948 curcenius
1194 4893 1458 4959 misisset,
1493 4892 1561 4947 ad
1618 4893 1948 4963 curopalatae
1985 4901 2075 4948 aul

2192 4911 2357 4965 αὑτοῦ
2381 4911 2444 4965 τὸ
2458 4892 2866 4986 ’Λδρανοῦτζιν,
2890 4913 3080 4988 ἐπειδὴ
3101 4892 3189 4972 δια
3203 4918 3296 4975 τοῦ
3327 4920 3566 4991 μοναχοῦ
3609 4892 3780 4990 Ἀγα-

495 4983 748 5053 magistri
775 4983 1040 5038 honorem
1065 4985 1385 5054 petendum,
1403 4993 1643 5056 quatuor
1665 4983 1888 5051 fratres,
1906 4983 2075 5039 Adra-

2191 5002 2322 5074 πίου
2345 4983 2725 5076 ,ἐδηλοποίησε
2782 4983 2877 5064 τὸν
2942 4983 3167 5082 βασιλέα
3239 4983 3397 5084 ἡμιῦν
3617 4983 3782 5084 ἅγιον

493 5088 629 5132 uase
666 5076 1001 5146 curopalatae
1031 5075 1150 5143 lilii,
1182 5078 1609 5149 suspicabantur
1635 5077 1764 5135 ideo
1793 5093 1918 5133 eum
1949 5078 2075 5134 illuc

2185 5093 2283 5166 τοῦ
2343 5098 2670 5154 ἀποστεῖλαι
2719 5102 2913 5156 πιστὸν
2964 5103 3278 5175 ἄνθρωπον,
3319 5106 3414 5161 καὶ
3435 5107 3660 5171 οἰκεῖον,
3679 5109 3782 5161 τοῦ

494 5167 728 5234 venire,
779 5175 840 5223 ut
894 5167 1225 5225 Curceninm
1283 5146 1673 5242 Curopalatem
1723 5170 1951 5228 faceret.
2010 5172 2075 5227 At

2347 5146 2669 5154 --__-------_-
2725 5146 2908 5156 πη--.
2964 5146 3278 5175 -.-Γωητη
3321 5146 3778 5171 .....-...-.-.,...-

2187 5187 2528 5258 παραλαϐεῖν
2598 5189 2659 5245 τδ
2730 5193 2970 5266 κάστρον
3022 5197 3191 5251 αὐτοῦ
3240 5199 3300 5254 τὸ
3354 5199 3737 5270 ’Μρανοῦτζιν
3762 5216 3778 5232 ο

497 5259 780 5318 Constans
813 5261 1083 5342 patricius
1117 5264 1424 5333 excusavit,
1458 5264 1652 5320 dicens
1687 5277 1702 5317 :
1743 5259 2075 5318 Curcenium

2192 5279 2288 5331 καὶ
2313 5279 2694 5354 ἀπερχομένου
2730 5301 2832 5338 σου
2862 5259 2922 5340 έν
2963 5288 3176 5360 Χαλδίᾳ
3205 5259 3482 5345 ἀναλαϐοίὶ
3507 5259 3781 5361 ἄρχοντας

1686 5399 1986 5456 ANSELMI
2012 5403 2349 5470 BANDURII
2380 5415 2616 5475 NOTE.

563 5516 2083 5620 ἓξὲξ..ΝὶἮίιῗυωί.ηἷῖῗέξέἵκερῗὲίἝζῖ⁸λ.¹”ξ¹93²3ί’1²ηξῖἔξέ.¹ἱτ
2266 5531 2392 5620 (9?).
2413 5539 2794 5620 Κιμμέρξιεργτ
2819 5537 3362 5620 τζίθυευηι.-υεειε9αι
3379 5565 3475 5618 pro
3514 5551 3777 5611 mercibus

493 5604 703 5656 magna
746 5591 914 5645 urbis.
970 5590 1251 5648 Meursius
1282 5607 1414 5646 vero
1448 5592 1610 5646 aliler
1663 5590 2075 5662 interpretatur,

495 5659 750 5713 habemus
805 5663 1130 5713 territorium
1167 5679 1419 5713 maanum
1468 5664 1640 5713 instar
1695 5665 1975 5713 reaionia:
2021 5675 2075 5713 ul

2191 5590 2392 5713 exigar}
2413 5590 2674 5713 ἱςοίὶιὲιηῖί
2694 5590 2829 5713 vlui?
2869 5613 3132 5713 Ducengii
3168 5590 3474 5690 uir'finiqiié'

2367 5698 2376 5713 I
2436 5691 2484 5713 II‘I
2518 5695 2549 5713 Δ
2579 5696 2683 5713 anan
2742 5698 2789 5713 an
2816 5694 2959 5713 \nlon-
3014 5702 3044 5713 ιι
3077 5703 3187 5713 ...ηρ
3223 5706 3236 5713 -
3280 5706 3464 5713 --ιι--..ν-
3527 5708 3621 5713 ......
3668 5695 3680 5713 1

653 5675 789 5758 ἏΙἜᾹ
805 5673 1130 5758 ιειζνιιοτιιιηξ
1167 5679 1419 5758 τηιξςηιιιη
1447 5673 1640 5758 ’ριδταν
1673 5673 1926 5758 [regionis
1961 5683 2005 5746 ἒ.
2021 5675 2075 5719 ΠΙ

2261 5677 2376 5757 (ξι)
2413 5679 2684 5758 haetiam
2724 5673 3238 5758 habetur‘n‘inssq
3280 5673 3466 5745 verum
3508 5673 3778 5758 iii-3M.

492 5742 594 5795 pro
645 5730 950 5798 χωρόπολιν
1001 5730 1356 5792 scribendum
1409 5735 1486 5790 ait
1548 5730 1920 5808 χωρόπόυλον,
1962 5735 2075 5792 sive

493 5799 883 5865 χωριόπουλον.

2192 5730 2374 5818 axitva
2391 5750 2741 5807 scribendum
2769 5763 2906 5827 puto
2930 5772 3054 5811 cum
3091 5730 3361 5816 Meursid'
3380 5730 3665 5833 ‘ni'éaivliv.
