2025 3233
134 198 179 228 361

660 197 709 226 DE
728 192 1043 226 ADIIHN'ISTRANDO
1061 192 1233 223 IMPERIO.

1704 193 1757 225 362

133 246 798 287 χρηςίμους,οὒ;ἐπίστασαιεἷναιήνδρειωμένους
812 248 858 274 καὶ
879 255 920 273 πι-

987 245 1025 272 ibi
1051 245 1211 280 magistrum
1235 242 1395 274 creandum,
1422 249 1509 277 eaque
1529 244 1562 270 de
1588 252 1671 271 causa
1694 252 1757 271 cum

134 298 218 327 ττοζις,
238 296 286 321 καὶ
301 294 406 321 εἴτε).οε
421 295 469 320 καὶ
478 295 614 330 κράτησον
624 294 654 321 τὸ
664 294 784 321 τοιοῦτον
792 294 919 328 κάστρον.

132 341 187 374 Τοῦ,
201 340 230 366 δὲ
249 339 396 374 πατρικίου
414 339 595 370 Κώνσταντος
613 340 660 366 καὶ
675 339 854 375 δρουγγαρεου
874 338 921 365 τοῦ

133 386 256 420 πλωΐμου
280 384 445 416 ἀπελθόντος
467 385 495 410 ὲν
514 384 627 420 Χαλδίᾳ,
648 384 695 411 καὶ
719 383 922 418 ἀναλαϐομένου

133 431 310 466 τουρμάρχας
339 430 493 465 χρησίμους
518 429 566 456 καὶ
581 430 724 465 ἄρχοντας,
739 429 786 456 καὶ
801 429 864 455 λαὸν
878 429 923 463 μὲ-

134 486 174 514 χρι
187 480 218 508 τ’,
237 476 365 511 εἰσῆλθεν
389 477 418 502 ἐν
441 475 556 511 Ἰϐηρίᾳ,
581 476 628 502 καὶ
644 475 794 511 ἐκράτησεν
815 475 895 502 αὑτὸν
910 475 924 502 ὁ

138 523 270 557 μακάριος
285 522 380 554 Δαῦὶδ,
392 522 406 547 ὁ
418 521 533 556 ἀδελφὸς
548 522 676 548 Ἀσωτίου
689 521 736 547 τοῦ
748 520 849 556 ἀρτίως
859 529 924 548 κου-

140 569 287 603 ροπαλάτου
301 587 309 599 ,
322 567 411 596 λέγων
428 566 497 601 πρὸς
508 568 588 593 αὐτόν
599 575 606 582 ·
618 567 672 594 Ποῦ
683 567 838 601 ἀπεστάλης
849 567 925 602 παρὰ

139 614 180 640 τοῦ
193 613 340 648 βασιλέως,
359 613 406 639 καὶ
421 612 481 639 τίνει
496 612 618 640 δουλείαν
639 613 756 647 ὀφείλεις
772 613 924 647 ἐκτελέσαι,

142 660 177 686 ὅτι
185 659 313 686 τοσοῦτον
325 659 389 685 λαδν
400 659 519 695 ἐπιφέρῃ
525 659 593 694 μετὰ
602 659 715 686 σεαυτοῦ
726 668 732 691 ;
748 658 925 686 Ἐσκέπτοντο

144 705 190 740 γὰρ
207 704 251 730 διὰ
267 703 347 729 τοῦτο
356 703 501 729 ἀποθανεῖν
522 704 677 738 Ἀδρανασὲ,
700 704 745 730 τὸν
761 704 807 730 καὶ
830 711 927 740 κουρο-

147 750 279 784 παλάτην·
304 750 344 775 ὅτι
374 750 471 783 μήπως
488 750 509 783 ιό
535 749 661 783 βασιλεὺς
689 750 733 776 τὴν
761 750 926 785 Κουρκένιον

147 795 239 830 ὀψείλῃ
261 795 373 829 τιμῆσαι
402 796 620 829 κουροπαιλατην,
638 795 733 831 ἐπειδὴ
748 796 800 823 ἀνὰ
825 796 926 831 μεταξὺ

151 841 176 865 οἱ
189 839 235 865 τοῦ
253 839 394 874 Ἀδρινασὲ
412 840 457 866 τοῦ
474 841 680 876 κουροπαλάτου
696 843 789 873 παῖδες
811 842 858 869 τοῦ
875 851 926 869 πα-

156 887 215 921 τρὶς
236 886 320 911 αὐτῶν
337 886 547 920 τελευτήσαντος
571 888 736 921 φιλονεικίας
755 889 829 919 τινὰς
848 888 927 923 ἔσχον

155 932 213 966 μετά
227 932 273 958 τοῦ
301 932 447 967 ἐξαδέλφου
478 933 577 965 αὐτῶν,
593 934 636 960 διὰ
654 934 683 960 τὸ
697 935 743 959 καὶ
759 936 802 960 τὸν
818 934 926 969 πρῶτον

149 977 285 1012 ἄνθρωπον
311 979 470 1005 ἀποστεῖλαι
486 980 554 1013 μετὰ
582 981 701 1013 μεγάλου
726 980 868 1007 κανισκίου
882 980 928 1007 τὸν

147 1024 310 1058 Κουρκένιον
326 1025 395 1060 πρὸς
411 1026 455 1051 τὸν
472 1026 594 1060 βασιλέα,
612 1027 801 1062 ἐξαιτούμενον
819 1028 848 1053 τὸ
865 1037 927 1054 κου-

148 1070 333 1104 ροπαλατίκιν,
351 1071 367 1106 ἢ
383 1072 414 1097 τὺ
430 1073 626 1107 μαγιστράτον,
645 1073 778 1099 ὑπέλαϐον
794 1075 818 1099 οί
833 1074 930 1100 τέσσα-

150 1123 188 1149 ρες
200 1116 328 1150 ἀδελφοὶ,
349 1118 433 1151 ἤγουν
452 1118 499 1143 τοῦ
524 1119 670 1152 Ἀδρανασὲ
694 1120 739 1145 τοῦ
757 1119 929 1154 κουροπαλά-

146 1169 185 1187 του
210 1162 237 1187 οἱ
267 1162 374 1194 παῖδες,
401 1163 441 1188 ὅτι
460 1163 503 1189 διᾶ
521 1164 551 1189 τί)
572 1164 684 1198 ποιῆσαι
701 1164 746 1191 τὸν
763 1166 930 1199 Κουρκένιον

144 1207 355 1242 κουροπαλάτην
381 1209 531 1242 ἀπέρχεται
561 1210 659 1235 ἐκεῖσε.
681 1211 709 1237 ’0
730 1210 758 1237 δὲ
786 1211 930 1246 πατρίκιος

142 1253 272 1284 Κώνστας
289 1254 492 1288 ἀπολογήσαιτο,
515 1255 554 1282 ὅτι
568 1256 616 1282 Διὰ
633 1255 663 1282 τὸ
679 1257 786 1291 μέλλειν
799 1266 833 1292 με
848 1257 932 1293 τιμῆ-

143 1307 184 1325 σαι
200 1300 250 1324 τὸν
275 1299 443 1334 Κουρκένιον
460 1300 611 1336 μὰγιστρον
637 1302 806 1338 ἐπιφέρομαι
828 1303 931 1330 καὶτὸν

142 1345 271 1371 τοσοῦτον
288 1346 352 1371 λαόν
366 1355 372 1360 ·
398 1347 444 1372 καὶ
468 1347 681 1383 ἀποχαιρετίσας
698 1349 789 1380 αὐτὸν,
807 1350 848 1376 ὅτι
880 1351 933 1377 ὰπ-

142 1391 259 1425 ἐρχομαι
270 1392 311 1422 εἰς
322 1391 368 1416 τὸν
377 1392 459 1417 Δαϐὶδ
468 1392 512 1418 τὸν
529 1394 676 1428 μάγισςρον
687 1402 693 1409 ’
703 1393 760 1430 εἶχε
775 1395 802 1421 δὲ
815 1396 829 1421 ὁ
845 1396 929 1428 αὐτὸς

143 1436 290 1470 πατρίκιος
312 1436 441 1468 Κώνστας
460 1438 506 1463 καὶ
528 1438 596 1473 πρὸς
622 1439 669 1465 τὸν
695 1439 778 1466 Δαϐὶδ
808 1440 933 1468 κέλευσιν

143 1483 192 1508 ἀπὸ
207 1482 261 1508 τοῦ
288 1482 433 1517 samem.
461 1484 507 1509 καὶ
529 1483 612 1515 ξένια.
629 1485 684 1512 Καὶ
697 1485 860 1518 ἀπελθόντος
885 1487 933 1514 τοῦ

145 1528 225 1554 αὑτοῦ
251 1529 401 1563 πατρικίου
421 1529 600 1562 Κώνσταντος
629 1532 668 1563 εἰς
697 1532 746 1567 τὴν
769 1532 861 1568 χώραν
886 1533 933 1560 τοῦ

145 1574 317 1609 Κουρχενίου
329 1575 458 1609 ἐτίμησεν
474 1575 554 1601 αὑτὸν
567 1576 718 1612 μάγιστρον
732 1585 738 1592 ·
754 1578 932 1613 καὶείσῆλῦεν

148 1620 183 1650 είς
206 1620 238 1646 τὺ
260 1620 382 1654 κάπρον
411 1620 457 1645 τοῦ
484 1621 628 1656 πατρικίου
651 1623 791 1655 Ἀσωτίου,
816 1624 863 1651 τοῦ
887 1626 935 1652 καὶ

149 1664 285 1699 maxim,
309 1666 348 1695 είς
372 1665 401 1690 τὸ
426 1666 625 1699 Ἀδρανοῦτζιν,
653 1668 701 1694 καὶ
725 1668 841 1696 δέδωκεν
861 1671 935 1705 αὐτῷ

153 1709 195 1744 τὴν
211 1710 280 1744 πρὸς
293 1710 376 1736 αὑτὸν
391 1710 437 1736 τοῦ
454 1711 586 1745 βασιλέως
604 1714 738 1746 κέλευσιν,
755 1715 785 1740 οὺ
807 1716 870 1751 περὶ
888 1716 934 1742 τοῦ

157 1755 265 1790 κάπρου
289 1756 434 1791 Ἀδρανουτ
443 1757 500 1787 ζίου
528 1759 710 1794 περιέχουσάν
732 1768 769 1792 τι,
786 1761 854 1787 ἀλλὰ
871 1762 935 1796 περὶ

162 1801 250 1836 ἐτέρων
269 1803 437 1829 ὑποϐέσεων.
459 1803 524 1829 Eia:
540 1804 568 1831 δὲ
586 1805 653 1838 πρὸς
666 1805 747 1832 αὑτὸν
760 1807 774 1832 ὁ
791 1807 936 1842 πατρίκιος

164 1846 292 1879 XLII-anu,
319 1849 358 1874 ὅτι
381 1850 439 1875 Κᾶν
460 1849 541 1884 μὲνὴ
565 1851 689 1882 κέλευσις
717 1851 793 1877 οὐδὲν
814 1853 936 1888 περιέχει

167 1894 225 1927 περὶ
237 1894 281 1920 τοῦ
291 1896 357 1920 uis:
363 1904 409 1928 ρου
433 1895 648 1931 Ἁδρανουτζίου,
659 1896 717 1923 ἀλλ’
729 1895 775 1924 οὖν
791 1898 837 1924 τοῦ
845 1906 936 1933 γμονα-

164 1938 209 1971 χοῦ
231 1939 351 1973 Ἀγαπίου
374 1941 442 1975 πρὸς
472 1941 517 1968 τὸν
545 1941 657 1976 βασιλέα
686 1942 864 1975 εἰσελθόντος,
890 1944 937 1970 καὶ

159 1985 363 2017 ἀνιγγείλαντος
377 1986 459 2013 αὑτὸν
468 1987 517 2013 ὅσα
529 1988 576 2013 καὶ
592 1988 783 2023 παρήγγειλας
791 1989 872 2015 αὑτὸν
881 1989 936 2024 (95)

156 2031 275 2064 περὶτοῦ
304 2032 424 2066 κάστρου
463 2032 681 2066 ’Δδρανουτζίου,
709 2034 753 2060 διὰ.
780 2035 859 2061 τοῦτο
889 2035 937 2061 καὶ

152 2076 297 2102 ἀπέστειλέ
312 2086 345 2112 με
361 2077 434 2109 ὅπως
449 2078 600 2113 παραλάϐω
616 2079 646 2105 τὸ
658 2080 786 2115 κὰστρον,
802 2081 849 2107 καὶ
865 2082 938 2109 εἱσα-

153 2122 228 2156 γὰγω
244 2124 275 2149 ὲν
294 2123 369 2160 αὐτῷ
384 2124 468 2159 ὅντιερ
491 2126 675 2161 περιφέρομαι
703 2126 775 2153 λαόν,
790 2127 846 2153 Καὶ
861 2129 938 2153 ἐπει-

147 2169 189 2202 δὴ,
221 2168 298 2195 καθὰ
328 2170 500 2205 προείρηται,
527 2169 600 2206 εἶχεν
624 2172 724 2207 ἔχθραν
752 2174 765 2199 ὁ
792 2173 938 2208 πατρίκιος

154 2214 286 2245 ’Δτώτιος
300 2216 315 2241 ὁ
331 2215 378 2241 καὶ
390 2216 532 2250 Κισκάσης
547 2217 615 2251 μετὰ
631 2218 678 2244 τοῦ
704 2218 830 2254 γαμϐροῦ
855 2219 937 2245 αὑτοῦ

145 2260 191 2286 τοῦ
206 2260 371 2294 Κουρκένη,
388 2261 566 2298 προεθυμήθη
582 2263 711 2290 δοῦναιτὸ
724 2265 842 2299 κάστρον
856 2264 938 2291 αὑτοῦ

146 2305 252 2339 μᾶλλον
276 2305 323 2331 τὸν
345 2305 466 2340 βασιλέα.
486 2308 514 2333 '0
529 2308 557 2334 δὲ
582 2309 725 2344 πατρίκιος
737 2309 866 2341 Κώνστας
882 2308 939 2346 εἶχε

147 2354 212 2387 παρ’
229 2352 327 2387 ἑαυτῴ
339 2351 492 2387 φλάμουλα,
515 2354 563 2380 καὶ
579 2354 726 2381 ἐπιδέδωκε
745 2355 784 2389 τῷ
801 2355 938 2390 πατρικίῳ

152 2396 283 2431 ’Δσωτίῳ
298 2396 337 2431 τῷ
351 2398 398 2424 καὶ
414 2398 540 2434 Κισκάσῃ
552 2407 559 2414 ο
574 2401 588 2425 ὁ
602 2400 629 2426 δὲ
641 2399 730 2426 λαϐὼν
747 2400 813 2426 αὐτὸ
828 2402 867 2431 είς
882 2409 940 2427 κον-

148 2443 249 2478 ςάριον
264 2443 423 2478 περιέθηκε,
443 2445 490 2470 καὶ
502 2445 648 2472 ἐπιδέδωκε
666 2445 720 2481 (96)
742 2446 780 2481 τῷ
804 2446 939 2482 πατρικίῳ

146 2489 316 2515 Κώνσταντι
330 2489 425 2522 εἰπὼν,
446 2490 487 2516 ὅτι
503 2490 662 2525 Ἐπίστησον
671 2491 735 2518 αὐτὸ
750 2491 899 2523 ἅνωθενείς
910 2492 940 2519 τὸ

142 2532 309 2567 τεῖχος,ἰνα
322 2532 407 2565 γνῶσι
424 2533 524 2565 πάντες
551 2534 598 2560 τοῦ
625 2534 757 2569 βασιλέως
786 2534 856 2561 εῖναι
885 2536 939 2562 ἀπὸ

142 2578 193 2612 τῆς
210 2578 338 2612 σήμερον
353 2578 457 2614 ἡμέρας
468 2579 498 2605 τὸ
513 2579 633 2606 τοιοῦτον
649 2580 776 2614 κάπρον.
791 2580 845 2607 Καὶ
860 2579 939 2606 τοῦτο

144 2624 269 2659 ποιήσας
293 2624 307 2649 ὁ
335 2625 478 2660 πατρίκιος
509 2626 640 2657 Κώνστας
658 2626 725 2660 (97),
747 2626 794 2652 καὶ
812 2626 842 2652 τὸ
871 2626 940 2660 φλά-

144 2670 248 2702 μουλον
259 2670 410 2703 ἐπιστήσας
439 2671 542 2698 ἄνωθεν
566 2672 613 2698 τοῦ
626 2672 731 2707 τείχους
739 2672 804 2706 (98),
823 2672 870 2699 καὶ
880 2673 940 2703 τοὺς

975 292 1052 318 tanto
1070 290 1200 317 comitatu
1220 289 1312 316 venire
1330 297 1337 314 :
1356 292 1438 323 atque
1457 289 1491 316 ab
1509 289 1556 316 illo
1573 288 1758 317 discedentem

975 337 1076 364 iturum
1086 336 1118 363 ad
1130 335 1256 362 Davidem
1267 334 1427 370 magistrum
1436 343 1443 367 ;
1451 334 1551 369 quippe
1560 334 1686 361 laudatus
1692 334 1760 362 Con-

974 386 1051 410 stans
1067 381 1198 416 patricius
1212 380 1330 407 habebat
1344 380 1424 407 etiam
1440 380 1474 407 ad
1488 379 1617 407 Davident
1633 380 1762 407 mandata

974 426 1008 454 ab
1022 427 1198 461 imperatore,
1211 433 1243 452 ac
1259 432 1383 453 munera.
1397 424 1491 460 Itaque
1506 425 1603 453 abiens
1614 425 1648 452 ad
1661 426 1764 454 Curce-

976 473 1050 499 nium
1066 471 1213 506 praedictus
1232 471 1366 506 patricius
1377 470 1526 503 Constans,
1540 472 1664 506 magistri
1678 472 1764 499 Itono-

976 525 1032 545 rem
1043 517 1068 545 ei
1079 517 1194 544 contulit
1205 527 1210 543 :
1222 517 1418 552 ingressusque
1428 517 1536 551 patricii
1545 517 1646 549 Asotii,
1655 519 1712 545 sive
1720 519 1766 547 Ci-

975 563 1166 595 scase,urbcm
1176 563 1384 594 Adranutzium,
1393 562 1467 589 dedit
1478 563 1514 590 illi
1524 571 1584 598 quae
1594 563 1722 591 mandata
1731 565 1766 593 ab

976 611 1140 646 imperatore
1150 610 1366 645 128habebat,
1377 609 1474 636 nonde
1485 609 1666 643 Adranutzio,
1674 612 1721 639 sed
1730 612 1766 639 de

976 657 1037 683 aliis
1045 656 1209 691 quibusdam
1221 655 1315 682 rebus.
1324 654 1397 682 Dixit
1405 659 1496 682 autem
1505 656 1529 682 ei
1538 655 1675 684 Constans
1686 657 1766 691 putri-

976 703 1035 729 cius
1046 710 1052 728 :
1063 701 1191 735 Quamvis
1199 701 1404 729 deAdranutzio
1412 701 1520 736 quidem
1530 702 1597 729 nihil
1609 703 1766 730 mandatum

977 749 1030 775 hoc
1039 748 1189 781 contineat,
1204 752 1294 775 tamen
1306 747 1370 782 quia
1380 747 1501 782 Agapius
1515 749 1667 775 monachus
1681 749 1766 783 impe-

978 799 1095 821 ratorem
1110 793 1276 820 conveniens
1290 793 1383 820 retulit
1396 800 1428 819 ea
1442 800 1503 828 qua:
1517 793 1542 820 ei
1554 793 1588 821 de
1599 794 1768 822 Adrauulzio

977 839 1145 875 praecepisti,
1162 839 1224 866 ideo
1241 846 1284 866 me
1302 839 1375 867 ntisit
1393 839 1432 866 uti
1452 839 1546 866 urbem
1563 841 1726 875 acciperem,
1740 846 1768 868 et

979 885 1039 916 hos,
1051 893 1121 920 quos
1135 884 1486 919 adduco,illiituponerem.
1495 885 1629 920 Cumque,
1645 890 1674 913 ut
1687 891 1766 915 antea

979 931 1081 959 dictutn
1098 934 1150 962 est,
1163 930 1234 957 inter
1247 930 1374 957 Asotium
1387 930 1614 965 patriciutn,sive
1624 931 1766 963 Ciscasett.

979 977 1092 1012 ejusque
1110 983 1242 1011 generum
1258 975 1422 1003 Curcettiutn
1440 976 1590 1004 inimicitia:
1604 981 1708 1009 essent,
1723 985 1770 1005 ur-

980 1023 1039 1049 bern
1054 1030 1130 1049 suam
1143 1021 1302 1055 imperatori
1311 1021 1375 1048 dare
1387 1021 1493 1048 maluit.
1501 1020 1624 1049 Habebat
1634 1025 1725 1049 autem
1736 1022 1769 1049 ad

981 1077 1091 1095 manum
1105 1069 1240 1095 Constans
1253 1069 1385 1103 patricius
1398 1068 1545 1100 ﬂantntttla,
1557 1077 1643 1104 caque
1655 1070 1771 1104 patricio

982 1114 1272 1146 Asotio,siveCi5case
1282 1115 1421 1148 tICdIl,qttI
1434 1123 1463 1141 ea
1476 1116 1614 1149 accipiens
1624 1121 1707 1143 conlo
1719 1117 1771 1143 eir-

982 1160 1147 1194 CttmpOSuIl,
1156 1165 1182 1186 ct
1192 1159 1332 1186 Constanti
1347 1161 1461 1194 patricio
1472 1161 1552 1192 dedit,
1564 1165 1593 1187 ιιι
1604 1161 1631 1188 in
1645 1161 1729 1189 muris
1739 1168 1770 1189 ea

982 1206 1138 1237 collocaret,
1149 1207 1220 1232 unde
1230 1207 1358 1232 omnibus
1369 1210 1506 1233 constaret
1518 1215 1548 1232 ex
1562 1206 1608 1234 illo
1617 1207 1661 1234 die
1672 1207 1768 1235 urbem

982 1252 1056 1278 illaut
1070 1252 1102 1278 ad
1116 1252 1307 1286 imperatorem
1324 1253 1471 1286 pertinere.
1483 1251 1561 1284 Quod
1575 1252 1619 1279 ubi
1633 1252 1769 1280 Constans

982 1298 1116 1333 patricius
1128 1297 1247 1329 fecissct_
1256 1296 1479 1332 ﬂatnmttlamque
1493 1298 1518 1325 in
1530 1305 1574 1324 mu
1580 1306 1608 1325 ro
1621 1299 1771 1333 posuisset.

984 1343 1227 1378 Romanorumque
1241 1344 1419 1378 imperatores
1430 1351 1480 1378 pro
1492 1351 1567 1371 tuore
1579 1343 1677 1372 faustis
1687 1346 1773 1373 accla-

985 1389 1155 1417 mationibus
1171 1394 1334 1424 prosecutus
1351 1393 1435 1422 esset,
1451 1386 1579 1417 omnibus
1595 1390 1713 1418 innotuit
1727 1399 1774 1426 pa-

986 1435 1096 1462 tricium
1119 1435 1256 1467 Asotium,
1277 1435 1336 1462 sive
1353 1435 1482 1463 (Iiscasett
1505 1435 1663 1470 imperatori
1679 1438 1774 1465 urbem

986 1482 1184 1509 Adranutziunt
1205 1482 1334 1509 donasse.
1355 1481 1467 1516 Magnus
1487 1490 1552 1509 vero
1571 1482 1656 1510 David
1673 1488 1774 1511 terram

950 1534 971 1563 α
988 1535 1065 1556 suam
1083 1527 1243 1562 imperatori
1259 1535 1312 1555 non
1331 1528 1424 1562 dabat,
1434 1528 1560 1562 quatuvis
1574 1528 1689 1556 ﬁnitima
1702 1535 1773 1557 esset

987 1573 1092 1608 regioni
1102 1574 1235 1608 Aeampse
1250 1578 1277 1601 et
1294 1573 1426 1609 Murgule.
1435 1574 1572 1602 Constans
1583 1575 1675 1610 itaque
1691 1577 1775 1610 patri—

987 1619 1047 1648 cius
1065 1620 1144 1647 binas
1162 1620 1195 1647 ad
1213 1620 1393 1655 imperatores
1406 1620 1536 1655 epistolas
1554 1629 1645 1648 rertttn
1664 1629 1774 1649 suarum

988 1673 1147 1693 successum
1160 1666 1309 1693 referentes
1319 1667 1403 1698 misit,
1413 1675 1527 1701 quarum
1539 1675 1591 1694 una
1601 1668 1776 1696 churcenio

988 1717 1057 1743 erat,
1068 1719 1149 1746 quem
1166 1712 1326 1747 magistrum
1341 1720 1471 1746 creasset,
1483 1719 1509 1740 et
1523 1714 1661 1749 quomodo
1677 1715 1699 1743 is
1713 1723 1775 1743 eum

989 1757 1120 1784 honorem
1134 1758 1295 1792 accepisset,
1309 1758 1556 1793 imperatoremque
1573 1760 1671 1788 faustis
1685 1762 1776 1788 accla-

989 1803 1156 1831 mationibus
1174 1808 1337 1838 prosecutus
1350 1808 1423 1831 esset
1440 1812 1447 1828 :
1463 1804 1545 1831 altera
1560 1805 1593 1832 de
1610 1805 1776 1833 Adranutzio

989 1849 1130 1880 narrabat,
1143 1852 1169 1874 et
1182 1848 1322 1882 quomodo
1335 1847 1402 1874 illud
1417 1847 1452 1875 ab
1466 1849 1561 1875 Azotio
1576 1850 1703 1884 patricio,
1718 1851 1776 1877 sive

989 1892 1099 1920 Ciscase
1110 1893 1277 1928 accepisset;
1290 1900 1416 1928 magnum
1429 1894 1493 1921 item
1504 1895 1776 1930 tlissidituu,magna-

990 1946 1044 1973 quo
1056 1938 1116 1965 odia
1133 1946 1261 1966 exercere
1276 1938 1348 1966 inter
1363 1947 1423 1967 sese
1438 1940 1561 1967 Asotium
1579 1942 1736 1976 patricium,
1751 1947 1778 1970 et

990 1992 1119 2019 generum
1130 1984 1190 2019 ejus
1198 1984 1361 2012 Curceniunt
1374 1985 1550 2020 magistrum:
1561 1986 1624 2014 item
1636 1992 1665 2014 ttt
1678 1988 1778 2015 auxilia

993 2029 1114 2057 mitteret
1127 2030 1285 2064 imperator,
1296 2036 1356 2065 qua
1368 2030 1429 2057 urbi
1439 2030 1463 2057 ei
1477 2031 1603 2065 praesidio
1615 2038 1723 2066 essent;
1734 2040 1779 2059 ve—

992 2076 1118 2111 niretque
1128 2083 1189 2103 cunt
1205 2076 1246 2109 iis,
1258 2076 1279 2103 si
1294 2077 1350 2104 ﬁeri
1365 2080 1468 2111 posset,
1478 2077 1641 2105 Seltolarum
1653 2078 1780 2106 domesti-

991 2130 1052 2150 cus.
1064 2122 1125 2149 llaec
1136 2130 1197 2149 cum
1208 2123 1330 2150 viderent
1340 2123 1440 2156 Ibercs,
1452 2124 1581 2159 magister
1590 2123 1742 2152 Curccnius
1753 2130 1780 2153 et

993 2169 1124 2204 magister
1135 2168 1218 2195 David
1230 2169 1316 2196 Asotii
1329 2169 1500 2203 Cnropalatte
1515 2169 1608 2201 frater,
1620 2169 1779 2204 imperatori

994 2214 1164 2248 scripserunt
1173 2213 1245 2240 hunc
1254 2214 1281 2241 in
1291 2214 1413 2241 modum:
1426 2214 1453 2240 Si
1466 2214 1594 2248 majestas
1604 2219 1648 2241 tua
1661 2214 1712 2242 hoc
1723 2223 1780 2250 per-

994 2260 1088 2291 mittit,
1096 2264 1122 2287 et
1134 2260 1161 2286 in
1173 2263 1273 2287 terram
1287 2263 1410 2287 nostram
1420 2259 1689 2294 veniat,obsequium
1699 2268 1780 2288 omne

993 2305 1151 2333 deserentes
1159 2313 1221 2332 eum
1230 2304 1375 2332 Saracenis
1385 2313 1433 2332 nos
1444 2305 1601 2340 juttgemus,
1611 2306 1780 2342 quandoqni

993 2352 1054 2379 dem
1067 2351 1157 2386 praelia
1168 2359 1230 2378 cutn
1240 2351 1371 2379 Romanis
1384 2358 1479 2386 gerere
1488 2351 1621 2386 cogimur,
1631 2355 1658 2379 et
1670 2360 1717 2387 per
1726 2353 1778 2380 vim

993 2397 1082 2424 coacti
1098 2400 1193 2424 contra
1206 2397 1415 2428 Adranutziutu,
1430 2396 1544 2432 ejusque
1562 2398 1742 2431 territorium,
1754 2404 1780 2426 et

992 2442 1079 2476 ipsam
1097 2443 1164 2469 adeo
1180 2442 1342 2469 Romaniam
1358 2442 1506 2469 exercitum
1522 2442 1623 2470 ducere
1637 2443 1779 2472 debemus.

992 2488 1041 2515 His
1055 2488 1201 2516 intellectis
1215 2496 1277 2516 cum
1291 2496 1338 2524 per
1352 2489 1458 2517 litteras
1472 2489 1664 2525 prmdictorum
1680 2491 1781 2526 princi-

994 2543 1069 2570 pum.
1084 2541 1139 2562 tum
1161 2543 1208 2570 per
1223 2536 1351 2563 homines
1365 2536 1399 2563 ab
1415 2536 1482 2570 ipsis
1498 2536 1608 2569 missos,
1627 2538 1731 2565 veritus
1746 2545 1780 2565 uc

994 2580 1099 2607 viribus
1112 2587 1172 2607 eum
1184 2579 1328 2608 Saracenis
1338 2580 1493 2614 conjunctis
1502 2580 1603 2608 Persia:
1613 2582 1707 2616 copias
1718 2589 1782 2609 con-

995 2630 1036 2652 tra
1053 2625 1215 2653 Romattiam
1231 2624 1389 2658 educerent,
1401 2625 1543 2653 Constanti
1557 2626 1781 2663 Protospathario

997 2671 1167 2699 Manclabita:
1176 2671 1210 2699 de
1221 2671 1301 2706 129
1314 2672 1381 2700 urbe
1400 2672 1451 2699 hac
1464 2673 1578 2707 ejusque
1588 2672 1692 2700 ditione
1707 2673 1780 2700 acci-

754 2741 906 2770 ANSELMI
918 2740 1082 2769 BANDURII
1101 2740 1217 2768 ΝΟΤΛῦ.

184 2797 246 2835 (95)
266 2797 305 2825 Ita
331 2807 383 2828 ms.
405 2799 506 2828 codex.
521 2799 593 2827 Editi
620 2799 732 2833 habent,
761 2799 808 2826 καὶ
832 2799 941 2835 παρήγ-

146 2841 178 2866 γε
185 2834 229 2858 ιλιι
245 2835 354 2861 σαυτόν.

187 2868 246 2899 (Ωϐὶ
263 2869 290 2896 In
306 2878 359 2897 ms.
370 2870 467 2897 eadem
492 2870 611 2898 diversis
624 2870 728 2903 verbis,
758 2870 772 2897 ὸ
796 2869 824 2896 δὲ

151 2903 221 2929 αὐτο
236 2910 274 2935 εις
297 2906 441 2940 κοντάριον
464 2904 624 2937 ἐπιδέδωκε,
635 2909 689 2932 etc.

309 2955 450 2986 ΡΑτκοι.
470 2953 530 2984 Gtt.
555 2953 667 2984 CXIII.

853 2868 942 2904 βαλὼν

1033 2799 1089 2833 (97)
1105 2799 1151 2826 Sic
1165 2800 1192 2826 in
1214 2807 1267 2826 ms.
1282 2798 1310 2826 In
1333 2799 1415 2827 editis
1432 2807 1496 2827 vero
1519 2806 1568 2832 pro
1585 2798 1716 2830 Κώνστας
1738 2799 1781 2825 hic

996 2838 1023 2860 at
1035 2834 1107 2869 intra
1124 2842 1233 2869 semper
1247 2836 1344 2869 legitur
1354 2836 1557 2865 Κωνσταντῐνος
1568 2842 1574 2850 ~
1593 2833 1639 2861 sed
1652 2834 1780 2869 superius

996 2868 1124 2899 Κώστας.
1145 2874 1175 2896 ut
1186 2868 1219 2896 in
1241 2868 1291 2896 ms.

1033 2904 1089 2939 (98)
1106 2903 1191 2938 llujus
1206 2911 1289 2939 porro
1310 2904 1337 2931 itt
1353 2904 1477 2932 adeunda
1497 2904 1640 2933 civitatum
1658 2913 1689 2937 at.
1701 2907 1781 2944 οι)ρί-

1587 2953 1625 2986 12
