4050 6420
251 393 354 457 $5

1335 387 1433 447 DE
1472 385 2113 449 ADMINIS’I‘RANDO
2156 385 2505 446 IMPERIO.

3451 381 3555 447 εδδ

251 500 389 554 Ἰσθι
467 496 534 550 δὲ
583 494 682 548 καὶ
733 494 993 565 περὶτῶν
1053 493 1110 546 ἔν
1182 512 1292 548 τισι
1339 499 1552 563 καιροῖς
1590 495 1792 568 μεταξὺ
1844 494 2134 565 ’Βωμαίων
2156 497 2535 567 καίδιαφόρων
2574 494 3554 572 ὲθνῶνσυμδεϐηκότων·ἄξιονγὰρ,

260 592 493 661 φίλτατε
573 589 682 651 υἱὲ,
737 588 872 658 μηδὲ
940 587 1044 657 τὴν
1082 587 1212 657 περὶ
1276 588 1480 641 τούτων
1554 591 1776 661 μνήμην
1859 588 2144 657 διαφυγεῖν
2179 607 2258 653 σε,
2306 590 2452 642 ἵν’ἐν
2480 590 2688 659 ὁμοίοις
2718 593 2949 662 καιροῖς,
2988 591 3097 644 τῶν
3161 592 3341 645 αὐτῶν
3391 607 3558 664 προσ.

251 683 592 745 πιπτόντων,
654 679 741 750 εἴη
793 695 876 733 σοι
919 679 1200 750 εὐχερὴςὴ
1239 680 1612 752 ἐπανόρθωσις
1653 681 1740 736 διὰ
1778 683 1878 751 τῆς
1913 682 2294 751 προγνώσεως.

870 776 1123 829 ΚΕΦᾹΛ.
1160 774 1289 829 MZ'.

250 872 381 938 Περὶ
448 871 573 939 τῆς
601 869 725 922 τῶν
770 869 1060 935 Κυπρίων
1099 870 1613 939 μεταναστάσεως
1639 848 1774 936 ’ἕχει
1823 871 1862 937 ἡ

814 939 1051 1007 ἱστορία
1069 937 1229 1002 τάδε.

321 1032 434 1101 Τῆς
463 1033 648 1102 νήσου
695 1030 1007 1099 άλωθείσης
1055 1030 1162 1084 ὑπὸ
1214 1031 1322 1084 τῶν
1363 1033 1721 1102 Σαρακηνῶν,
1771 1035 1866 1086 καὶ

257 1131 346 1183 ἐπὶ
368 1127 519 1181 ἑπτὰ
543 1127 733 1179 ἐτεσιν
771 1127 1030 1195 ἀοικήτου
1058 1127 1345 1195 μεινάσης,
1382 1125 1624 1179 καὶ-τοῦ
1671 1127 1862 1198 ἀρχιε-

266 1219 534 1272 πισκόπου
580 1216 841 1270 Ἰωάννου
870 1214 1008 1286 μετὰ
1030 1214 1126 1268 τοῦ
1184 1215 1316 1269 λαοῦ
1355 1216 1524 1270 αὐτοῦ
1571 1219 1712 1287 πρὸς
1769 1218 1868 1287 τὴν

273 1308 670 1380 βασιλεύουσαν
691 1306 1125 1368 καταλαϐόντος,
1145 1307 1366 1374 ἐγένετο
1401 1309 1689 1378 οἰκονομία
1715 1326 1790 1362 πα
1800 1311 1868 1378 ρά

269 1403 360 1456 τοῦ
390 1401 659 1471 βασιλέως
692 1397 1084 1452 Ἰουστινιανοῦ
1121 1401 1198 1469 (2)
1227 1401 1285 1453 ὲν
1311 1402 1376 1470 τῇ
1403 1400 1537 1472 ἁγίᾳ
1562 1400 1698 1472 ἕκτῃ
1733 1419 1868 1454 συν..

286 1495 410 1564 ὁδῳ,
442 1492 546 1546 τοῦ
591 1491 690 1560 τὴν
733 1491 981 1553 Κύζικον
1015 1490 1354 1562 παραλαϐεῖν
1379 1491 1524 1562 μετὰ
1567 1493 1678 1546 τῶν
1745 1495 1868 1547 ὲπι·

284 1587 504 1638 σκόπων
532 1580 688 1634 αὐτοῦ
715 1582 815 1634 καὶ
875 1581 971 1635 τοῦ
999 1581 1128 1636 λαοῦ
1153 1585 1254 1653 τῆς
1298 1583 1487 1653 νήσου,
1543 1585 1639 1638 καὶ
1701 1588 1872 1639 ποιείο

290 1677 419 1729 σθαι
468 1677 554 1728 καὶ
603 1675 946 1746 χειροτονίας
1001 1675 1165 1746 ἡνίκα
1204 1674 1272 1730 ἂν
1319 1676 1482 1747 λιίψῃ
1541 1677 1866 1743 ἐπίσκοπος,

294 1769 422 1838 πρὸς
438 1767 492 1818 τὸ
505 1766 579 1836 μὴ
606 1765 890 1819 διαπεσεῖν
906 1767 1006 1835 τὴν
1042 1766 1332 1820 αὐθεντίαν
1357 1767 1450 1820 καὶ
1480 1766 1547 1820 τά
1567 1766 1752 1821 δίκαια
1772 1770 1870 1838 τῆς

289 1858 516 1925 Κύπρου,
541 1856 638 1908 καὶ
677 1858 790 1926 γάρ
813 1859 908 1908 καὶ
932 1855 1098 1917 am;
1117 1857 1145 1908 ό
1191 1856 1574 1919 ’ίουστινιανὸς
1595 1855 1860 1926 βασιλεὺς

279 1947 515 2015 Κὶπριος
553 1943 624 2018 ἦν
665 1949 745 2018 (3)
775 1947 960 2009 κιθῖος
994 1949 1088 2001 καὶ
1116 1949 1265 2018 rupit
1293 1948 1402 2002 τῶν
1428 1949 1683 2002 πκλαιῶν
1745 1950 1870 2002 Κυ-

279 2035 440 2106 πρίων
476 2037 508 2089 ό
527 2037 689 2104 λόγος
717 2037 880 2108 μέχρι
915 2038 1015 2108 τῆς
1043 2039 1283 2108 σήμερον
1301 2037 1706 2109 ἐπεκράτησεν·
1725 2038 1869 2092 ὥστε

1893 784 1946 844 Α

2511 776 2762 833 CAPUT.
2798 777 3010 835 XLVII.

2076 871 2150 925 De
2178 872 2494 941 Cypriorum
2532 873 2850 942 migratione
2885 873 3129 927 Historia
3156 875 3233 927 ita
3268 873 3446 928 habet.

2043 1027 2232 1081 Insula
2292 1041 2320 1079 a
2355 1028 2653 1083 Saracenis
2687 1035 2870 1098 capta,
2915 1039 2972 1084 et
3014 1045 3111 1100 per
3140 1040 3349 1100 septem
3382 1046 3560 1087 annos

1973 1117 2382 1174 habitatoribus
2413 1133 2610 1185 vacua,
2644 1135 2708 1174 ac
2739 1118 2952 1176 Joanne
2989 1121 3407 1192 οιοιιίειιὶεοορο
3427 1139 3556 1179 cum

1971 1224 2078 1265 suo
2125 1211 2332 1280 populo
2368 1210 2855 1283 Constantinopoli
2895 1223 3303 1280 commorante,
3341 1219 3561 1272 curavit

1969 1301 2326 1359 Justiuianus
2360 1303 2658 1374 imperator
2691 1307 2746 1359 in
2785 1313 2977 1360 sancta
3029 1315 3180 1360 sexta
3230 1308 3462 1378 synodo,
3498 1319 3560 1363 ut

1970 1395 2232 1466 Cyzicum
2273 1411 2398 1451 cum
2434 1398 2710 1468 episcopis
2760 1399 2878 1456 suis
2918 1406 2972 1455 et
3023 1414 3146 1453 cum
3211 1402 3414 1470 populo
3453 1418 3557 1458 sua

1972 1497 2294 1558 occuparet,
2319 1497 2375 1546 et
2419 1490 2802 1547 ordinationes
2851 1490 3081 1557 Iaceret,
3126 1507 3253 1548 cum
3297 1493 3559 1550 deﬁceret

1971 1586 2287 1657 episcopus,
2341 1601 2412 1642 ne
2467 1587 2774 1641 auctoritas
2817 1597 2869 1641 et
2895 1586 3021 1656 jura
3063 1587 3226 1658 Cypri
3255 1587 3558 1646 intercideo

1972 1683 2120 1731 rent.
2156 1676 2440 1746 Siquidem
2465 1676 2586 1748 ipse
2608 1675 2962 1733 Justiniauus
2996 1677 3297 1748 imperator
3318 1679 3556 1752 Cyprius

1971 1777 2114 1834 erat,
2148 1768 2618 1838 quemadmodum
2644 1784 2674 1823 a
2713 1769 3017 1838 majoribus
3041 1769 3260 1842 Cypriis
3294 1773 3556 1828 traditum

1973 1861 2289 1930 accepimus
2325 1876 2341 1915 :
2381 1862 2452 1916 ita
2499 1869 2560 1917 ut
2593 1864 2761 1918 etiam
2812 1878 2842 1918 a
2891 1873 3083 1920 sancta
3127 1873 3283 1921 sexta
3334 1865 3557 1936 Synodo

1978 1953 2138 2025 13o
2168 1954 2532 2010 constitutum
2564 1956 2636 2012 sit
2671 1966 2731 2011 ut
2761 1956 3114 2013 ordinaretur
3139 1959 3322 2030 Cyzici
3355 1961 3556 2031 prmsul

1973 2045 2043 2100 ab
2096 2045 2520 2116 archiepiscopo
2565 2045 2752 2119 Cypri,
2798 2049 2969 2104 veluti
3011 2049 3067 2105 in
3100 2050 3347 2120 ejusdem
3386 2061 3557 2108 sexta:

283 2131 362 2182 καὶ
381 2129 592 2200 ὡρίσθη
628 2131 687 2181 ὲν
709 2131 778 2200 τῇ
815 2129 959 2200 άγίᾳ
990 2128 1128 2200 ἕκτῃ
1175 2129 1380 2197 συνόδῳ
1415 2130 1745 2200 χειροτονεῖν
1781 2131 1869 2183 τὸν

1977 2135 2173 2207 synodi
2208 2137 2392 2208 capite
2428 2138 2712 2210 trigesimo
2742 2155 2892 2196 nono
2941 2143 3280 2213 descriptum
3314 2151 3422 2200 est.
3458 2142 3556 2199 Se-

276 2223 708 2292 ἀρχιεπίσκοπον
735 2221 964 2293 Κύπρου
994 2221 1087 2276 τὸν
1138 2223 1238 2292 τῆς
1271 2222 1515 2287 Κυζίκου
1576 2223 1863 2295 πρόεδρον,

272 2313 445 2376 καθὼς
473 2315 535 2368 ὲν
575 2313 656 2383 τῷ
684 2312 763 2366 λθ¹
787 2313 1071 2382 κεφαλαίῳ
1112 2315 1213 2384 τῆς
1262 2315 1434 2385 αὐτῆς
1489 2313 1653 2383 ἁγίας
1697 2314 1867 2385 ἕκτης

274 2407 494 2460 συνόδου
531 2405 958 2476 ἀναγέγραπται
981 2407 1080 2476 (4).
1115 2406 1272 2460 Μετὰ
1306 2405 1363 2460 δὲ
1397 2407 1539 2461 ἑπτὰ
1583 2407 1681 2476 ἔτη
1705 2407 1868 2477 θελήο

269 2515 348 2552 σει
371 2498 519 2553 Θεοῦ
567 2498 796 2570 ἐκινήθη
827 2500 858 2552 ό
896 2497 1148 2568 βασιλεὺς
1186 2499 1347 2553 πάλιν
1372 2501 1590 2571 οἰκῆσαι
1625 2501 1722 2571 τὴν
1755 2500 1866 2554 Κύ-

266 2608 420 2658 προν,
454 2591 555 2646 καὶ
570 2592 860 2646 ἀπέστειλε
895 2590 1032 2662 πρὸς
1051 2590 1143 2645 τὸν
1165 2593 1574 2663 άμερμουμνῆν
1603 2592 1696 2646 τοῦ
1713 2593 1866 2660 Βαγι-

265 2682 356 2737 δὰδ
421 2687 587 2755 τρεῖς
614 2683 724 2736 τῶν
772 2683 1002 2747 ἐνδόξων
1037 2681 1324 2753 Κυπρίων,
1373 2680 1710 2753 αὐτόχθονας
1768 2681 1868 2751 τῆς

265 2775 435 2845 αὐτῆς
463 2779 640 2845 νήσου
675 2777 1075 2846 τυγχάνοντας,
1103 2776 1231 2838 τοὺς
1265 2775 1592 2845 λεγομένους
1629 2775 1871 2842 Φαγγου-

270 2869 404 2934 μείς,
434 2867 588 2936 μετὰ
619 2866 718 2920 καὶ
753 2866 1038 2937 βασιλικοῦ
1070 2883 1215 2929 τινος
1258 2867 1482 2936 ἀγχίνου
1509 2882 1567 2918 τε
1597 2865 1692 2918 καὶ
1719 2865 1867 2918 ἐνδό-

268 2957 354 3023 ξου
382 2957 617 3029 γράψας
639 2957 720 3026 τῷ
752 2959 1146 3030 άμερμουμνῇ,
1172 2957 1258 3010 ἵνα
1299 2957 1392 3009 τὸν
1417 2957 1474 3009 ὲν
1526 2955 1697 3028 Συρίᾳ¹
1741 2956 1870 3010 ὄντα.

271 3049 390 3101 λαὸν
421 3051 528 3120 τῆς
554 3050 728 3120 νήσου
756 3049 987 3121 Κύπρου
1015 3048 1278 3103 ἀπολύσει
1304 3049 1384 3111 είς
1414 3047 1505 3101 τὸν
1525 3047 1656 3100 ἴδιον
1683 3047 1868 3102 τόπον.

277 3141 378 3192 Καὶ
439 3141 826 3204 ῦπακούσαςό
861 3141 1264 3212 άμερμουμνῆς
1330 3143 1397 3212 τῇ
1451 3138 1547 3194 τοῦ
1607 3139 1872 3210 βασιλέως

276 3235 481 3302 γραφῇ,
511 3233 810 3286 ἀπέστειλε
841 3235 982 3287 κατὰ
1016 3234 1197 3306 πάσης
1244 3234 1342 3306 τῆς
1395 3233 1598 3304 Συρίας
1629 3233 1871 3298 ἐνδόξους

282 3323 628 3396 Σαρακηνοὺς
659 3325 756 3378 καὶ
782 3325 1132 3396 ἐπεσώρευσε
1162 3325 1370 3390 πάντας
1404 3327 1530 3390 τοὺς
1564 3326 1870 3397 Κυπρίους,

293 3417 375 3466 καὶ
399 3416 733 3487 διεπέρασεν
761 3417 844 3478 είς
877 3415 972 3470 τὸν
1031 3415 1163 3470 ἴδιον
1187 3417 1374 3473 τόπον.
1452 3416 1767 3471 ’Λπέστειλε
1817 3415 1874 3469 δὲ

1969 2227 2196 2296 ptenuio
2229 2242 2364 2283 vero
2384 2238 2529 2300 post,
2549 2230 2662 2287 Deo
2683 2233 2758 2287 ita
2783 2234 3019 2298 volente,
3051 2236 3300 2291 animum
3335 2237 3556 2292 induxit

1971 2320 2277 2390 imperator
2327 2321 2526 2377 iterum
2562 2322 2805 2395 Cyprum
2855 2325 3259 2386 habitatoribus
3293 2329 3556 2402 frequen-

1969 2420 2077 2466 tem
2102 2413 2303 2479 facere,
2334 2414 2594 2485 misitque
2623 2416 2693 2470 ad
2728 2431 3166 2476 amcrmumnem
3194 2421 3416 2492 Bagdad
3441 2435 3554 2479 tres

1969 2521 2000 2560 ο
2035 2506 2364 2575 primatibus
2385 2507 2602 2578 Cypriis
2632 2508 2943 2578 indigenas,
2977 2509 3322 2582 Phaugumes
3353 2514 3551 2579 dictos,

1971 2613 2096 2652 cum
2132 2598 2372 2669 quodam
2402 2598 2715 2653 Cmsariauo
2745 2598 3007 2668 prudenti
3037 2607 3092 2654 et
3124 2600 3275 2655 claro
3302 2602 3554 2656 scribens

1971 2689 2045 2755 ei,
2086 2689 2163 2743 uti
2191 2687 2427 2760 Cyprios
2473 2689 2526 2742 in
2584 2687 2740 2760 Syria
2793 2701 3016 2759 agentes
3045 2688 3112 2743 ad
3153 2695 3356 2745 terram
3398 2705 3553 2745 suam

1972 2777 2298 2832 dimitteret.
2342 2775 2410 2832 Et
2445 2791 2854 2833 amermumues
2902 2776 3158 2845 petitioni
3207 2777 3557 2847 imperatoris

1973 2869 2326 2924 satisfaciens
2374 2884 2473 2940 per
2519 2879 2686 2924 telam
2733 2868 2951 2941 Syriam
3009 2870 3192 2927 claros
3249 2869 3557 2929 Saracenos

1974 2957 2155 3020 misit,
2189 2957 2282 3028 qui
2317 2955 2554 3028 Cyprios
2579 2971 2776 3012 omnes
2813 2957 3058 3026 undique
3097 2967 3321 3015 coactos
3357 2961 3411 3015 in
3447 2968 3556 3016 ter-

1976 3064 2092 3104 ram
2129 3063 2288 3105 suam
2337 3049 2593 3120 trajicere
2633 3057 2918 3106 curarent.
2979 3049 3246 3106 Praeterea
3292 3049 3557 3108 Caesaria-

1975 3154 2104 3194 num
2146 3153 2368 3210 quoque
2409 3139 2710 3209 imperator
2738 3140 2889 3193 misit.
2930 3139 2997 3194 ad
3043 3139 3428 3210 trajiciendqu
3459 3159 3557 3200 eos

1975 3230 2070 3301 qui
2105 3231 2420 3286 habitarent
2446 3231 2532 3285 vel
2565 3231 2618 3284 iu
2663 3231 2957 3295 Romania,
2993 3233 3074 3288 vel
3099 3232 3306 3304 Cyzici,
3337 3237 3420 3290 vel
3475 3236 3556 3290 in-

1977 3329 2061 3376 ter
2096 3321 2525 3394 Cibyrrhaeotas,
2560 3323 2646 3376 vel
2679 3322 2735 3376 in
2770 3321 3113 3389 Thracesio;
3151 3331 3318 3394 atque
3349 3325 3424 3382 ita
3457 3325 3558 3381 ha-

1977 3412 2143 3468 bitari
2180 3411 2379 3467 iterum
2415 3411 2598 3467 insula
2637 3420 2820 3482 coepta
2851 3422 2960 3468 est.

300 3508 383 3562 καὶ
406 3513 431 3564 ὸ
450 3513 712 3581 βασιλεὺς
744 3511 1045 3583 βασιλικὸν,
1073 3513 1168 3567 καὶ
1190 3514 1487 3585 διεπέρασε
1518 3514 1611 3568 κα)⁸
1660 3513 1788 3576 τοὺς
1811 3513 1870 3565 ὲν
1915 3509 2198 3580 Ῥωμανίᾳ
2251 3508 2605 3579 οἰκήσαντας,
2655 3507 2823 3577 ἤγουν
2854 3507 2912 3561 ἐν
2943 3524 3003 3560 τε
3071 3511 3137 3578 τῇ
3170 3508 3396 3579 Κυζίκῳ
3463 3511 3560 3564 καὶ

309 3601 382 3672 τῷ
419 3603 872 3676 Κιῦυρραιωτῶν,
900 3604 997 3658 καὶ
1045 3603 1124 3675 τῷ
1173 3605 1496 3677 Θρᾳκησίῳ,
1555 3606 1652 3660 καὶ
1690 3603 2014 3676 ὲνῳκίσθηή
2038 3602 2220 3672 νῆσος.

844 3717 1099 3772 ΚΕΦΑΛ.
1141 3718 1282 3773 Mll'.

307 3833 620 3901 Κεφάιαιον
642 3833 736 3889 ,ιδ’
761 3833 873 3901 τῆς
902 3834 1077 3902 ἁγίας
1100 3834 1280 3900 ἕκτης
1303 3835 1596 3896 συνόδου,
1655 3833 1764 3902 τῆς
1801 3835 1872 3889 ἐν

367 3904 437 3966 τῷ
463 3906 736 3973 Τρούλλῳ
763 3904 872 3958 τοῦ
896 3903 1161 3973 μεγάλου
1192 3907 1489 3959 παλατίον
1517 3906 1866 3976 γενομένης.

360 4019 459 4072 Τοῦ
491 4019 730 4089 ἀδελφοῦ
777 4020 872 4074 καὶ
925 4019 1348 4090 συλλειτουργοῦ
1399 4021 1558 4090 ἡμῶν
1619 4022 1865 4076 Ἰωάννου

287 4115 372 4169 τοῦ
392 4117 492 4186 τῆς
526 4117 782 4187 Κυπρίου
813 4117 982 4187 νήσου
1036 4117 1325 4188 προέδρου,
1378 4119 1496 4188 ἅμα
1536 4118 1614 4188 τῷ
1678 4119 1866 4190 οἰκείῳ

2519 3713 2772 3779 CAPUT,
2802 3714 3036 3770 XLVIII.

1979 3831 2152 3900 Caput
2185 3847 2352 3886 χχιιι
2382 3841 2582 3886 sancta:
2613 3829 3035 3910 sextmﬂyaodi,
3068 3833 3123 3887 in
3161 3833 3345 3891 Trulla
3378 3841 3557 3910 magni

2546 3903 2740 3970 palatii
2774 3900 2992 3957 Itabt'tw.

2046 4012 2202 4083 Cum,
2237 4012 2407 4069 frater
2450 4025 2507 4069 et
2537 4013 2917 4069 comminister
2951 4024 3142 4070 noster
3173 4000 3436 4084 Joannes,
3475 4019 3559 4073 in-

1975 4107 2110 4164 sulae
2141 4107 2306 4178 Cypri
2337 4108 2558 4178 praesul,
2581 4123 2692 4164 una
2723 4123 2848 4162 cum
2879 4110 3084 4181 populo
3109 4127 3232 4176 suo,
3260 4121 3314 4168 et
3339 4126 3561 4184 propter

289 4202 390 4272 λαῴ
417 4206 512 4258 ἐπὶ
547 4204 651 4275 τὴν
701 4203 1047 4259 Ἐλίσπονδον
1090 4205 1167 4276 (5)
1201 4205 1494 4277 ἐπαρχίαν,
1519 4207 1607 4261 διά
1657 4224 1714 4259 τε
1767 4208 1866 4272 τὰς

1975 4199 2342 4254 Barbarorum
2393 4190 2767 4285 incursiones,
2799 4209 2855 4256 et
2887 4210 2946 4256 ut
2985 4217 3016 4256 a
3056 4205 3350 4274 gentilium
3385 4209 3562 4262 servi-

283 4294 635 4366 βαρὸαρικάς
703 4297 929 4366 ἐφόδους
991 4296 1092 4365 (6),
1141 4297 1231 4351 διά
1285 4315 1345 4350 τε
1395 4297 1456 4350 τὸ
1515 4299 1611 4370 τῆς
1657 4299 1876 4368 ὲθνικῆς

276 4386 719 4455 ὲὴυθερωθῆναι
739 4387 1005 4452 δουλείας,
1025 4389 1119 4441 καὶ
1140 4387 1399 4459 καθαρῶς
1427 4391 1539 4453 τοῖς
1572 4391 1876 4460 σκήπτροις

277 4477 369 4531 τοῦ
399 4480 954 4548 Χριστιανικωτάτου
986 4479 1227 4549 κράτους
1255 4481 1622 4552 ὑποταγῆναι,
1646 4484 1746 4552 τῆς
1789 4483 1872 4535 εί-

282 4570 532 4638 ρημένης
570 4569 1013 4638 μεταναστάντος
1042 4571 1232 4642 νήσου,
1260 4571 1490 4644 προνοίᾳ
1542 4574 1638 4628 τοῦ
1684 4573 1876 4643 φιλαν-

281 4658 514 4729 θρώπου
547 4659 713 4722 Θεοῦ,
743 4662 836 4714 καὶ
869 4659 1056 4732 μόχθῳ
1082 4661 1180 4715 τοῦ
1211 4663 1561 4733 φιλοχρίστου
1593 4665 1688 4719 καὶ
1715 4665 1875 4719 εὐσε-

281 4750 408 4814 ϐοῦς
456 4753 619 4822 ἡμῶν
656 4751 920 4824 βασιλέως
946 4768 960 4783 ·
1026 4754 1364 4826 συνορῶμεν,
1415 4755 1558 4809 ὥστε
1590 4757 1874 4810 άκαινοτό-

279 4860 432 4912 μητα
451 4843 886 4914 διαφυλαχθῆναι
910 4842 1072 4915 (7)τά
1121 4845 1274 4916 παρὰ
1329 4846 1440 4899 τῶν
1473 4847 1531 4899 ὲν
1570 4846 1779 4917 Ἐφέσῳ
1815 4847 1878 4901 τὸ

276 4935 554 5004 πρότερον
588 4935 953 4990 συνελθόντων
979 4932 1260 5006 θεοφόρων
1283 4935 1545 5005 Πατέρων
1574 4935 1655 5006 τῷ
1703 4935 1878 5006 θρόνῳ

1983 4299 2099 4346 tute
2150 4291 2500 4356 liberaretur,
2551 4306 2616 4346 ac
2667 4292 2768 4347 soli
2820 4291 3288 4350 Christianissimi
3344 4297 3560 4367 imperii

1977 4393 2202 4456 sceptro
2228 4385 2620 4454 subjiceretur,
2655 4399 2688 4439 e
2716 4385 2865 4440 dicta
2895 4385 3073 4440 insula
3100 4386 3155 4442 iu
3190 4387 3563 4460 Hellesponti-

1978 4489 2099 4529 cam
2157 4474 2500 4545 provinciam
2562 4476 2917 4545 migraverit;
2971 4476 3194 4548 benigni
3251 4477 3344 4534 Dei
3375 4482 3560 4550 provi-

1977 4567 2186 4631 denlia,
2217 4577 2271 4624 et
2303 4569 2492 4624 labore
2517 4568 2801 4624 Christum
2835 4571 3076 4626 amantis
3103 4587 3167 4627 ac
3205 4573 3279 4644 pii
3321 4573 3564 4645 imperao

1984 4659 2125 4716 toris
2167 4660 2368 4724 nostri,
2418 4661 2738 4726 statuimus,
2792 4669 2998 4732 utqute
3046 4663 3176 4717 olim
3233 4679 3262 4718 a
3299 4663 3560 4721 Patribus

1984 4756 2176 4810 divino
2207 4755 2434 4810 numine
2461 4755 2659 4812 aIIIatis
2685 4757 2972 4825 Ephesium
2999 4758 3220 4828 synodi.
3257 4759 3359 4813 viri
3393 4775 3560 4831 supra

1989 4847 2186 4917 scripti
2223 4847 2340 4902 sedi
2375 4847 2576 4903 tributa
2623 4857 2754 4903 sunt
2794 4848 3102 4921 privilegia,
3139 4849 3205 4905 ab
3231 4851 3380 4907 omni
3408 4853 3564 4909 iuno-

1987 4939 2210 4994 vatione
2245 4939 2414 4995 libera
2441 4948 2846 4996 conserventur
2882 4955 2898 4995 :
2927 4947 3097 5012 utque
3119 4957 3262 4998 nova
3291 4941 3562 5001 Justinia-

1455 5073 1762 5130 ANSELMI
1799 5075 2126 5134 BANDURII
2153 5077 2389 5136 ΝΟΤᾸΞ.

359 5193 435 5264 (2)
475 5190 603 5247 Hmc
637 5201 693 5248 et
719 5193 1002 5263 sequentia
1057 5205 1344 5264 perperam
1386 5189 1659 5246 Meursius
1705 5192 1877 5247 iuter-
1908 5183 1991 5270 D_
2055 5189 2262 5270 (5)_Sic
2286 5195 2340 5248 in
2372 5206 2508 5270 mss.
2548 5191 2819 5270 Meursius
2845 5194 3102 5270 enitendat
3152 5196 3248 5251 ἐπὶ
3283 5198 3382 5270 τὴν
3444 5200 3562 5254 Ἐλ-

282 5274 560 5334 pretatur.

1976 5263 2432 5348 λησπόντιονοοι
2466 5264 2538 5348 ita
2572 5264 2948 5348 .legiturapud
2985 5261 3350 5348 Reveregium'
3387 5270 3439 5324 iu
3467 5287 3562 5322 eo-

363 5335 437 5401 (5)
476 5335 631 5401 Quod
666 5335 869 5390 scribit
898 5333 986 5405 hic
1017 5331 1531 5405 Porphyrogenitus
1572 5331 1638 5386 de
1686 5333 1868 5405 patria
1979 5331 2102 5388 dem
2162 5347 2413 5390 canone:
2468 5341 2523 5388 et.
2570 5331 2712 5389 hanc
2754 5331 3052 5405 genuinam
3089 5331 3378 5393 lectionem
3436 5355 3559 5394 esse

282 5401 580 5460 Jusxiuiaui
630 5404 996 5466 Rhinotmeti,
1019 5401 1578 5472 nemo,'quod_sciam
1599 5416 1663 5454 ex
1692 5401 1872 5472 'scrip-

287 5475 500 5553 toribus
533 5477 756 5553 prodit:
809 5484 962 5553 sexta
1013 5475 1196 5529 autem
1227 5470 1478 5553 synodus
1515 5479 1709 5553 contra
1758 5470 1872 5553 pio-

293 5541 582 5664 ?othclita's
612 5546 989 5604 Constantino
1022 5553 1178 5614 patre
1213 5541 1394 5597 adhuc
1431 5541 1649 5596 vivente
1685 5541 1872 5598 habita

317 5622 406 5666 tut.

361 5686 429 5756 (4)
467 5685 557 5744 Sic
602 5703 671 5743 ex
728 5684 896 5741 titulo
932 5685 1208 5756 sequentis
1239 5683 1438 5756 capitis
1487 5682 1867 5756 cmend‘amus.

1979 5412 2132 5473 puto.

2054 5473 2131 5542 (6)
2161 5473 2252 5528 Sic
2279 5475 2330 5530 in
2361 5473 2548 5545 eodem
2573 5489 2817 5540 canone;
2851 5476 2994 5545 apud
3021 5473 3553 5545 Porphyrogcnitum

1985 5541 2119 5599 vero
2138 5544 2227 5596 διά
2258 5562 2319 5598 τε
2344 5541 2439 5598 τοῦ
2482 5542 2818 5614 βαρϐαρικοῦ
2842 5541 3085 5612 ἐφόδους.

2057 5614 2132 5684 (7)
2168 5613 2488 5684 Ροιῃρηιιιι
2519 5613 2714 5682 legitur
2755 5618 2808 5671 iu
2842 5615 3026 5679 editis,
3086 5613 3398 5682 διαχθῆναι’
3461 5617 3556 5670 sed

1981 5683 2192 5752 optime
2227 5683 2499 5742 bieursius
2540 5685 2813 5740 etnemlat.
2846 5685 2902 5738 ln
2934 5699 3145 5740 canone
3177 5683 3394 5755 legitur,
3441 5686 3554 5738 διπ-

295 5751 571 5828 Perperam
605 5758 700 5812 hic
728 5756 937 5828 legitur
967 5751 1023 5809 iu
1047 5755 1228 5819 editis,
1266 5751 1324 5810 ct
1356 5755 1408 5808 iu
1454 5769 1558 5808 ms.
1597 5751 1780 5816 καθὼς
1811 5754 1869 5824 ἐν

1978 5751 2308 5828 τήρηθῆναα

291 5827 358 5900 τῷ
385 5827 460 5884 τθ¹
489 5827 806 5900 κεφαλαίῳ,
839 5828 950 5879 'etc.
