4050 6452
294 319 408 381 369

1398 309 1496 369 DE
1530 298 2166 366 ADMINISTRANDO
2207 297 2548 360 IMPERIO.

3475 291 3582 352 370
3650 265 3674 270 “

295 431 519 498 γνῶσις
549 426 716 480 πλέον
755 426 864 478 τῶν
895 424 1072 479 ἄλλων
1105 425 1161 477 ἐν
1186 423 1268 476 σοὶ
1297 422 1650 492 διαμένουσα,
1710 419 1895 471 ποθει-

2011 413 2114 467 lat.
2160 411 2457 468 Sciendum
2503 409 2688 480 itaque
2719 408 2822 464 sub
2870 405 3230 462 Constantino
3269 404 3588 461 Constantii-

294 519 540 587 νότερον
571 516 828 588 ἀναδείξῃ
861 515 1000 586 πρὸς
1025 516 1088 568 τὸ
1119 516 1377 584 ὑπήκοον.
1439 512 1633 566 Ἰστέον
1683 511 1764 564 ὅτι
1809 510 1904 562 ἐπὶ

294 610 738 664 κωνσταντίνου
791 607 910 661 υἱοῦ
954 607 1333 662 Κωνσταντίου
1369 606 1462 659 τοῦ
1496 605 1591 659 καὶ
1631 603 1906 672 Πωγωνάο

292 720 388 754 του
438 699 826 770 καλουμένου,
874 699 1202 760 Καλλίνικός
1239 714 1323 759 τις
1367 696 1474 749 ἀπὸ
1509 693 1906 756 Ἡλιουπόλεως

303 791 632 858 Ῥωμαίοις
674 789 1032 860 προσφυγὼν,
1061 789 1124 841 τὸ
1173 787 1262 840 διὰ
1306 786 1416 839 τῶν
1451 785 1703 854 σιφώνων
1740 785 1904 851 ἐκφε-

298 884 544 951 ρόμενον
563 880 683 951 πῦρ
713 879 881 950 ὑγρὸν
904 879 1016 950 (Η)
1049 877 1441 942 κατεσκεύασε,
1493 876 1561 930 δι’
1584 869 1647 929 06
1687 875 1778 927 καὶ
1813 872 1907 927 τὸν

297 973 409 1026 τῶν
433 970 791 1041 Σαρακηνῶν
819 971 1005 1024 στόλον
1027 972 1086 1024 ὲν
1106 967 1332 1040 Κυζίκῳ
1361 969 1618 1038 Ῥωμαῖοι
1637 965 1906 1034 καταφλέ-

303 1062 526 1127 ξαντες,
557 1061 666 1131 τὴν
694 1061 856 1133 νίκην
885 1061 1106 1132 ήραντο.

920 1153 1167 1206 ΚΕΦΔΛ.
1204 1151 1338 1206 ΜΘ’.

344 1269 386 1316 0
419 1265 618 1332 ζητῶν
649 1263 814 1328 ὅπως
870 1263 946 1332 τῇ
988 1263 1106 1316 τῶν
1159 1263 1405 1330 Πατρῶν
1448 1264 1782 1329 Ἐκκλησία
1853 1265 1906 1316 οι

384 1334 649 1390 Σκλάϐοι
691 1333 1015 1388 δουλεύειν
1081 1333 1182 1386 καί
1228 1333 1586 1388 ὑποκεῖσθαι
1651 1331 1904 1402 ἐτάχθη·

384 1422 532 1468 σαν,
556 1405 627 1459 ἐκ
649 1404 764 1472 τῆς
789 1405 1111 1472 παρούσης
1132 1402 1486 1472 μανθανέτω
1515 1402 1770 1472 γραφῆς.

395 1517 712 1588 Νικηφόρος
741 1516 813 1570 τὰ
853 1515 966 1568 τῶν
1015 1514 1302 1585 Ῥωμαίων
1364 1516 1621 1585 σκῆπτρα
1659 1515 1905 1585 ἐκράτει,

329 1606 435 1657 καὶ
453 1601 598 1658 οὗτοι
633 1603 776 1674 ἐντῷ
801 1604 1004 1674 θέματι
1053 1603 1204 1665 ὄντες
1230 1603 1638 1675 Πελοποννήσου
1664 1606 1908 1660 ἀπόστα-

346 1714 433 1748 σιν
466 1696 825 1766 ἐννοήσαντες,
861 1695 1079 1764 πρῶτον
1110 1695 1209 1764 μὲν
1251 1697 1352 1760 τὰς
1386 1696 1493 1750 τῶν
1538 1698 1795 1766 γειτόνων
1827 1701 1905 1753 0i-

346 1788 464 1849 χίας
513 1786 615 1839 τῶν
672 1787 928 1857 Γραικῶν
989 1786 1336 1858 ἐξεπόρθουν,
1382 1788 1478 1842 καὶ
1533 1790 1613 1852 είς
1653 1789 1908 1861 ἁρπαγὴν
1943 1813 1987 1870 Β

335 1878 564 1930 ἐτίθεντο
598 1878 831 1932 ’ἔπειτα
885 1879 942 1932 δέ
993 1879 1264 1934 καὶκατὰ
1301 1880 1408 1935 τῶν
1463 1883 1762 1954 οἰκητόρων
1812 1885 1912 1952 τῆς

326 1970 433 2024 τῶν
470 1971 706 2039 Πατρῶν
733 1971 1080 2040 ὁρμήσαντες
1106 1971 1335 2037 πόλεως,
1371 1973 1440 2025 τὰ
1469 1973 1575 2042 πρὸ
1628 1974 1724 2027 τοῦ
1800 1975 1912 2027 τεί-

329 2077 451 2128 κους
472 2061 638 2116 πεδία
669 2063 1126 2132 κατεστρέφοντο,
1161 2063 1255 2116 καὶ
1305 2063 1510 2134 ταύτην
1535 2065 1907 2138 ἐπολιόρκουν,

330 2151 444 2218 μεθ’
468 2151 690 2205 ἑαυτῶν
717 2152 936 2222 ἔχοντες
951 2153 1047 2207 καὶ
1083 2153 1376 2221 Ἀφρικοὺς
1407 2153 1500 2207 καὶ
1531 2155 1908 2227 Σαρακηνούς.

335 2243 483 2295 ἐπεὶ
513 2242 574 2296 δέ
604 2244 798 2314 χρόνος
825 2245 1008 2308 ἱκανὸς
1046 2245 1248 2314 διῆλθε,
1275 2247 1368 2300 καὶ
1387 2249 1583 2312 σπάνις
1606 2248 1714 2303 τῶν
1740 2251 1910 2318 ἀναγ-

319 2334 493 2387 καίων
541 2337 661 2398 τοῖς
711 2335 922 2389 ἔνδοθεν
968 2335 1062 2389 τοῦ
1116 2337 1326 2407 τείχους
1389 2340 1635 2407 γίνεσθαι
1687 2341 1909 2413 ἤρξατο,

317 2425 516 2488 ὕδατός
561 2442 624 2478 τε
661 2425 755 2478 καὶ
792 2427 1030 2497 τροφῶν,
1056 2427 1252 2499 βουλὴν
1282 2429 1630 2500 βουλεύονται
1654 2435 1735 2495 εἰς
1775 2450 1913 2504 συμ-

313 2515 576 2578 ϐιϐάσεις
607 2533 668 2569 τε
705 2516 902 2580 ἐλθεῖν,
933 2518 1030 2572 καὶ
1056 2519 1250 2586 λόγους
1274 2521 1548 2585 ἀπαθείας
1581 2524 1792 2590 λαϐεῖν,
1811 2525 1907 2578 καὶ

311 2607 626 2674 τηνικαῦτα
659 2608 760 2677 τὴν
800 2608 954 2661 πόλιν
999 2610 1264 2675 ὑποτάξαι
1288 2614 1493 2676 αὐτοῖς.
1556 2615 1708 2668 Ἐπεὶ
1759 2611 1854 2670 06v
1885 2620 1913 2672 ό

311 2695 628 2764 τηνικαῦτα
661 2696 967 2766 στρατηγὸς
997 2697 1209 2768 ὑπῆρχε
1238 2699 1376 2769 πρὸς
1428 2701 1526 2769 τὴν
1584 2699 1762 2772 ἄκραν
1818 2702 1911 2754 τοῦ

313 2782 557 2852 θέματος
577 2786 639 2836 ἐν
668 2784 891 2855 κάστρῳ
917 2785 1214 2856 Κορίνθου,
1249 2788 1342 2841 καὶ
1382 2790 1679 2858 προσδοκία
1708 2785 1776 2860 ἦν
1817 2791 1912 2844 τοῦ

318 2877 737 2945 παραγενέσθαι
765 2878 948 2946 αὐτὸν,
984 2881 1080 2933 καὶ
1135 2881 1588 2951 καταπολεμῆσαι
1636 2881 1697 2935 τὸ
1761 2882 1914 2948 ἐθνος

315 2968 421 3019 τῶν
457 2967 807 3034 Σκλαϐινῶν,
832 2969 909 3033 ὡς
957 2970 1052 3025 καὶ
1078 2969 1269 3043 πρώην
1291 2972 1774 3043 καταμηνυθέντος
1812 2975 1912 3029 αὑ-

319 3058 411 3112 τοῦ
455 3061 592 3130 περὶ
627 3059 731 3130 τῆς
770 3061 1122 3132 καταδρομῆς
1152 3064 1334 3118 αὐτῶν
1364 3067 1517 3135 παρὰ
1571 3065 1680 3118 τῶν
1715 3067 1908 3136 ἀρχόν-

2013 505 2123 562 tilio
2178 505 2460 574 Pogonato
2491 502 2819 558 Callinicum
2853 496 3143 569 quemdam
3183 497 3249 550 ab
3311 497 3444 550 urbe
3479 497 3584 551 lle-

2011 595 2285 665 liopoleos
2347 593 2410 647 ad
2461 591 2740 646 Romanos
2800 588 3134 660 profugisse,
3191 586 3282 656 qui
3332 585 3596 641 Graecum-

2009 687 2189 758 ignem
2229 685 2556 756 siphonibus
2588 681 2762 737 emitti
2791 681 3012 734 solitum
3046 677 3293 748 paravit:
3325 691 3434 746 quo
3463 677 3589 745 qui-

2009 777 2132 832 dem
2185 776 2311 846 igne
2373 776 2594 830 incensa
2643 771 2784 842 apud
2845 770 3107 841 Cyzicum
3169 768 3590 825 Saracenorum

2010 870 2210 934 classe,
2239 869 2526 924 victoriam
2560 865 2796 922 Romani
2826 870 3197 934 repertarum.

2583 1141 2812 1199 CAPUT
2844 1140 3034 1196 XLIX.

2012 1257 2116 1324 Qui
2144 1258 2278 1312 scire
2313 1258 2465 1318 volet,
2495 1256 2753 1326 quomodo
2785 1254 3035 1326 Patrensi
3067 1253 3318 1309 Ecclesia:
3358 1255 3596 1326 subjecti“

2386 1325 2587 1399 fuerint
2616 1326 2816 1389 Sclavi,
2848 1328 2974 1380 hinc
3004 1325 3199 1379 discat.

2084 1510 2312 1566 Romani
2343 1510 2556 1580 imperii
2590 1518 2805 1580 sceptra
2845 1509 3187 1579 Nicephorus
3211 1508 3470 1572 tenebat;
3533 1518 3592 1563 et

2012 1603 2066 1657 hi
2099 1603 2152 1657 in
2186 1602 2544 1672 Peloponnesi
2585 1599 2825 1656 themate
2858 1617 2982 1655 cum
3009 1605 3192 1654 essent
3219 1596 3589 1654 defectionem

2011 1693 2344 1765 cogitantes,
2402 1693 2583 1762 primo
2640 1692 2863 1762 quidem
2917 1690 3224 1745 vicinorum
3274 1687 3590 1744 Cra-corum

2012 1786 2156 1840 aedes
2203 1784 2520 1850 vastabant,
2555 1784 2861 1853 praedaeque
2911 1795 2975 1836 ac
3009 1779 3306 1851 direptioni
3349 1793 3590 1849 expone-

2014 1877 2183 1942 bant;
2223 1877 2418 1931 deinde
2466 1875 2633 1930 etiam
2693 1877 2746 1930 in
2779 1873 3076 1930 Patrenses
3112 1874 3261 1928 cives
3295 1873 3588 1934 irruentes,

2017 1968 2215 2038 praedia
2247 1983 2439 2023 eorum
2488 1968 2660 2022 muris
2696 1968 2946 2037 proxima
2979 1965 3320 2029 evertebant,
3369 1963 3591 2018 urbem-

2019 2076 2126 2130 que
2161 2060 2455 2118 obsidione
2503 2059 2820 2128 cingebant,
2861 2057 3034 2128 adjuti
3071 2057 3136 2110 ab
3173 2055 3319 2111 Afris
3347 2063 3400 2110 et
3429 2053 3592 2108 Sara-

1977 2149 2186 2230 'cenis.
2256 2149 2423 2220 quue
2484 2163 2611 2202 cum
2680 2147 3002 2218 aliquandiu
3054 2147 3328 2211 durasset,
3369 2145 3594 2215 jamque

2013 2255 2196 2294 rerum
2259 2240 2716 2302 necessariarum,
2759 2238 2996 2293 maxime
3055 2245 3283 2307 aquaeet
3342 2237 3590 2292 ciborum

2014 2330 2240 2398 penuria
2295 2329 2604 2400 oppidanos
2653 2344 2906 2399 premere
2968 2331 3249 2398 cmpisset,
3302 2327 3592 2382 consilium

2015 2421 2205 2475 ineunt
2239 2420 2306 2474 de
2336 2418 2688 2490 paciscendo,
2729 2430 2782 2473 et
2818 2418 3177 2474 indemnitate
3203 2429 3434 2490 accepta
3458 2421 3592 2474 urbe

2016 2513 2124 2566 illis
2155 2511 2520 2581 subjicienda.
2554 2509 2691 2565 Cum
2729 2520 2910 2564 autem
2939 2510 3057 2578 ejus
3086 2511 3351 2580 temporis
3391 2520 3594 2580 praﬂor

2014 2601 2235 2656 essetin
2267 2614 2394 2654 arce
2425 2599 2686 2654 thematis
2709 2599 2764 2652 in
2798 2599 2933 2653 urbe
2958 2597 3247 2663 Corintho,
3274 2607 3593 2667 Sperarent~

2015 2709 2120 2764 que
2155 2707 2279 2747 eum
2307 2690 2650 2756 adfuturum,
2685 2698 2738 2745 et
2769 2679 3077 2745 Sclavinios
3125 2699 3592 2760 Oppugnaturum,

2015 2785 2144 2853 quia
2168 2784 2378 2838 scilicet
2431 2782 2588 2852 prius
2646 2783 2763 2851 ipse
2814 2796 2843 2834 a
2896 2780 3237 2850 principilms
3281 2779 3594 2833 admonitus

2017 2876 2196 2930 fuerat
2231 2873 2300 2928 de
2327 2875 2572 2943 ipsorum
2606 2876 2960 2937 excursione,
2995 2871 3172 2926 visum
3217 2870 3320 2925 fuit
3367 2869 3595 2940 oppida-

2018 2968 2102 3022 uis
2151 2965 2551 3036 speculatorem
2605 2965 2756 3034 prius
2812 2965 3028 3019 mittere
3082 2964 3150 3018 ad
3199 2962 3598 3018 Orientaliores

2019 3055 2287 3110 montium
2323 3063 2509 3126 partes
2563 3055 2983 3125 exploraturum
3020 3070 3087 3109 an
3117 3062 3315 3124 praetor
3353 3055 3594 3118 adesset,

321 3168 448 3217 των,
475 3151 878 3206 ἐϐουλεύσαντο
911 3156 960 3207 οί
981 3155 1078 3208 τοῦ
1117 3155 1353 3223 κάστρου
1376 3158 1683 3228 οἰκήτορες,
1709 3159 1909 3229 πρότε-

2019 3149 2352 3217 speculatori
2385 3150 2602 3220 signum
2638 3148 2870 3214 dantes;
2915 3154 2995 3212 ut,
3021 3149 3064 3202 si
3111 3147 3420 3202 venientem
3455 3161 3594 3217 pra:-

325 3259 412 3312 ρον
442 3241 833 3314 ἀποσταλῆναι
867 3243 1069 3298 σκοπὸν
1098 3247 1181 3309 είς
1225 3245 1293 3298 τὰ
1315 3246 1756 3318 ἁνατολικὼτερα
1801 3249 1908 3302 τῶν

329 3337 515 3406 ἐρέων,
580 3337 679 3390 καὶ
709 3338 1123 3392 ἀποσκοπεῦσαι
1152 3339 1242 3392 καὶ
1265 3340 1467 3408 γνῶναι
1490 3343 1540 3394 εί
1582 3342 1690 3408 ἄρα
1724 3359 1908 3412 παραο

337 3427 530 3490 γίνεται
579 3429 613 3480 ό
649 3427 982 3498 στρατηγὸς,
1029 3430 1503 3500 παραγγείλαντες
1546 3431 1640 3484 καὶ
1687 3435 1910 3503 σημεῖον

345 3515 622 3581 δεδωκότες
660 3517 740 3588 τῷ
794 3519 1222 3590 ἀπεσταλμένῳ,
1259 3523 1348 3576 ἵνα
1384 3525 1432 3575 εἰ
1461 3523 1559 3592 μὲν
1603 3525 1702 3578 ίδοι
1749 3526 1909 3595 ἐρχόο

355 3622 491 3672 μενον
517 3608 613 3661 τὸν
648 3609 961 3680 στρατηγὸν
989 3609 1049 3660 ἐν
1086 3612 1153 3680 τῇ
1198 3609 1518 3680 ὑποστροφῇ
1553 3611 1720 3664 αὐτοῦ
1753 3612 1910 3684 κλίνῃ

353 3696 406 3747 τὸ
439 3698 752 3768 φλάμουλον,
808 3700 956 3763 ὅπως
985 3700 1154 3767 γνῶσι
1182 3701 1282 3770 τὴν
1327 3701 1540 3754 ἕλευσιν
1580 3700 1674 3754 τοῦ
1738 3718 1908 3772 στρα-

357 3785 512 3852 τηγοῦ
548 3802 561 3816 ·
591 3787 633 3840 εί
659 3788 719 3841 δὲ
755 3789 829 3858 μή
862 3805 948 3856 γε,
982 3788 1232 3858 κατέχειν
1284 3789 1444 3858 ὀρθὸν
1475 3791 1537 3843 τὸ
1568 3791 1905 3861 φλάμουλον,

351 3873 469 3942 πρὸς
498 3875 554 3930 τό
583 3878 656 3949 μὴ
707 3878 854 3948 ἔχειν
907 3879 1103 3942 αὐτοὺς
1164 3879 1490 3948 προσδοκίαν
1553 3881 1648 3933 τοῦ
1722 3881 1909 3935 λοιποῦ

341 3968 725 4036 παραγίνεσθαι
746 3970 840 4023 τὸν
871 3971 1176 4041 στρατηγόν
1206 3971 1338 4039 (ίῖ).
1395 3971 1502 4024 Τοῦ
1559 3967 1654 4026 οὗν
1704 3975 1908 4027 σκοποῦ

330 4059 679 4126 ἀπελθόντος,
756 4061 848 4115 καὶ
911 4061 1177 4131 μαθόντος
1233 4061 1309 4132 μὴ
1356 4063 1756 4132 παραγίνεσθαι
1817 4066 1912 4119 τὸν

331 4151 662 4222 στρατηγὸν,
700 4152 1047 4223 ὑπέστρεφεν
1103 4151 1261 4223 ὀρθὸν
1291 4153 1543 4224 κατέχων
1571 4155 1630 4208 τὸ
1665 4156 1910 4227 φλάμου-

324 4240 437 4294 λον·
469 4243 567 4296 καὶ
591 4242 658 4315 δή
695 4243 789 4298 τοῦ
824 4243 960 4297 Θεοῦ
991 4244 1384 4314 εὐδοκήσαντος
1438 4246 1529 4300 διὰ
1587 4266 1628 4299 π
1648 4249 1911 4318 ρεσϐειῶν

319 4333 410 4386 τοῦ
449 4335 614 4402 ἁγίου
677 4335 982 4389 ἀποστόλου
1025 4336 1300 4406 Ἀνδρέου,
1337 4335 1432 4389 τοῦ
1470 4337 1640 4392 ἵππου
1688 4339 1909 4410 ὀλισθή-

2013 3251 2186 3296 torem
2245 3243 2476 3308 videret,
2536 3244 2590 3296 in
2649 3241 2832 3296 reditu
2894 3241 3233 3295 ﬂammulam
3282 3241 3592 3304 inclinaret,

2012 3331 2157 3385 unde
2218 3332 2519 3386 adventum
2564 3331 2687 3401 cjus
2737 3340 3176 3404 cognoscerent:
3239 3332 3323 3387 sin
3390 3340 3591 3395 autem,

2012 3432 2222 3478 rectum
2255 3430 2491 3485 teneret,
2527 3438 2595 3476 ne
2625 3423 2693 3478 de
2717 3434 2914 3479 caetero
2945 3423 3266 3478 adfuturum
3309 3439 3431 3478 eum
3468 3439 3592 3491 sne-

2010 3522 2218 3568 rarcnt.
2240 3514 2374 3569 Cum
2393 3513 2576 3584 itaque
2590 3515 3161 3584 abiissetspcculator,
3187 3523 3366 3570 etnon
3401 3514 3597 3571 adesse

2010 3614 2300 3674 praetorem
2333 3606 2682 3674 intelligeret,
2716 3607 2875 3660 rediit
2905 3619 3029 3659 cum
3072 3604 3349 3660 ﬂammqu
3378 3617 3590 3669 erecto,

2012 3696 2121 3750 Deo
2147 3710 2274 3749 vero
2309 3696 2380 3749 ita
2417 3697 2636 3750 volente
2663 3705 2884 3764 propter
2905 3695 3365 3749 intercessionem
3401 3695 3594 3750 Sancti

2010 3786 2238 3843 Andreae
2255 3787 2510 3856 apostoli,
2531 3786 2732 3841 accidit
2746 3794 2803 3839 ut
2825 3799 2968 3856 equo
2987 3783 3307 3854 crespitaute
3327 3799 3594 3840 excussus

2011 3890 2197 3934 vector
2218 3878 2553 3932 ﬂammulum
2583 3877 2907 3943 inclinaret;
2927 3876 3074 3947 quod
3096 3875 3345 3931 videntes
3360 3876 3596 3947 oppida-

2013 3970 2092 4034 ni,
2117 3970 2283 4025 veluti
2307 3970 2465 4038 signo
2483 3969 3049 4033 dato,exsistimantes
3065 3968 3291 4021 omnino
3305 3977 3592 4038 praetorem

2012 4062 2251 4123 venisse.
2282 4061 2438 4132 132
2463 4059 2635 4132 portis
2661 4061 2816 4116 urbis
2840 4061 3043 4130 apertis
3068 4069 3261 4115 contra
3289 4059 3595 4115 Sclavinios

2014 4164 2238 4209 strenue
2279 4153 2653 4224 egressisunt,
2684 4152 3049 4222 videruntque
3107 4152 3257 4207 clare
3281 4153 3596 4222 apostolum

2013 4245 2190 4315 primo
2215 4254 2464 4299 vocatum
2485 4260 2628 4313 equo
2643 4244 2994 4312 insidentem,
3010 4254 3062 4300 et
3077 4245 3131 4298 in
3149 4243 3415 4300 Barbaros
3433 4259 3596 4300 ruen-

2013 4344 2143 4399 tem,
2176 4351 2316 4404 quos
2361 4343 2514 4406 terga
2546 4345 2764 4390 vertere
2796 4349 2860 4389 ac
2891 4336 3176 4405 dispersos
3208 4336 3263 4390 in
3312 4334 3492 4404 fugam
3533 4352 3596 4390 se

319 4441 534 4490 σαντος,
568 4426 792 4480 καὶτοῦ
849 4426 1116 4481 ἐπιϐάτου
1179 4428 1659 4494 ὐποπεπτωκότος,
1731 4429 1909 4486 ἔκλινε

2017 4427 2149 4481 dare
2175 4427 2366 4496 procul
2406 4429 2475 4482 ab
2497 4428 2633 4482 urbe
2670 4427 2869 4494 coegit.
2894 4427 3029 4480 Nam
3073 4439 3367 4497 conspecto
3389 4429 3595 4483 invicto

315 4516 376 4569 τὺ
403 4515 742 4586 φλάμουλον,
772 4518 865 4572 καὶ
890 4518 938 4571 oi
991 4519 1085 4572 τοῦ
1120 4519 1359 4588 κάστρου
1396 4490 1678 4590 οἰκήτορες
1709 4522 1909 4587 ἰδόντες

2021 4517 2291 4572 bellatore
2342 4525 2534 4572 contra
2557 4533 2618 4573 se
2647 4519 2921 4583 irruente,
2953 4518 3176 4573 barbari
3207 4521 3445 4588 perculsi
3485 4529 3593 4574 tum

315 4606 376 4660 τὸ
425 4607 657 4674 γεγονὸς
696 4610 941 4678 σημεῖον,
980 4609 1074 4661 καὶ
1091 4609 1419 4678 νομίσαντες
1442 4607 1502 4673 ἐξ
1530 4608 1774 4674 ἅπαντος
1804 4629 1908 4666 πα-

318 4697 649 4767 ραγίνεσθαι
679 4699 772 4751 τὸν
801 4699 1132 4769 στρατηγὸν,
1159 4699 1380 4770 ἤνοιξαν
1426 4700 1527 4763 τὰς
1583 4701 1760 4766 πύλας
1811 4705 1906 4758 τοῦ

317 4794 590 4860 κὰστρου,
621 4790 715 4842 καὶ
765 4790 988 4860 ἐξῆλθον
1017 4792 1311 4862 θαρσαλέοι
1380 4794 1522 4846 κατὰ
1574 4793 1682 4846 τῶν
1733 4795 1908 4848 Σκλα-

315 4879 524 4947 ϐηιιῶν,
559 4878 654 4933 καὶ
683 4875 822 4934 εἶδον
846 4879 938 4933 τὸν
969 4880 1356 4952 πρωτόκλητον
1386 4883 1685 4936 ἀπόστολον
1705 4885 1904 4954 ὀφθαλ·

323 4970 589 5037 μοφανῶς
647 4969 800 5040 ἵππῳ
835 4972 1260 5042 ἐπικαθήμενον,
1299 4975 1392 5026 καὶ
1429 4974 1615 5046 δρόμῳ
1674 4977 1902 5047 ἐπερχό-

326 5075 491 5126 μενον
520 5060 664 5114 κατά
692 5061 800 5116 τῶν
834 5062 1135 5133 Βαρϐάρων
1157 5079 1171 5093 ·
1202 5067 1296 5117 καὶ
1332 5063 1395 5135 δὴ
1430 5065 1636 5135 τρέψας
1680 5067 1903 5131 τούτους

325 5148 466 5202 κατὰ
488 5149 714 5220 κράτος,
747 5151 840 5204 καὶ
871 5150 1288 5221 διασκορπίσας,
1319 5152 1414 5205 καὶ
1449 5153 1732 5216 ἀπελάσας
1763 5154 1898 5226 πόρ-

328 5241 407 5304 ρω
435 5239 529 5292 τοῦ
565 5241 802 5312 κάστρου
830 5241 1074 5310 φυγάδας
1107 5241 1384 5311 ἐποίησεν.
1415 5243 1478 5295 Oi
1521 5243 1578 5296 δὲ
1637 5243 1902 5314 βάρϐαροι

332 5329 531 5398 ιδόντες
564 5335 657 5387 καὶ
689 5333 1134 5401 καταπλαγέντες
1183 5333 1448 5403 ἔκθαμϐοι
1493 5336 1776 5402 γεγονότες
1810 5338 1903 5391 ἐπὶ

2013 4613 2319 4667 vehemmti
2345 4611 2546 4682 impetu
2565 4613 2956 4682 insuperabilis
2975 4614 3133 4668 ducis
3155 4629 3217 4667 ac
3238 4615 3466 4670 victoris
3487 4615 3596 4684 pri-

2014 4703 2086 4756 mi
2109 4703 2284 4757 vocati
2303 4703 2534 4773 apostoli
2569 4704 2814 4766 Andrete.
2841 4719 3052 4759 necnon
3085 4721 3250 4775 supra
3277 4706 3493 4761 modum
3527 4708 3598 4761 ab

1969 4821 1984 4840 ο
2014 4794 2203 4850 eodem
2236 4795 2509 4864 perterriti
2568 4796 2906 4865 trepidantes
2950 4797 3016 4850 ad
3067 4798 3436 4854 venerandam
3473 4801 3595 4868 ejus

2011 4886 2182 4941 :rdem
2219 4887 2614 4960 confugerunt.
2651 4887 2862 4943 Praetor
2893 4900 3077 4945 autem
3100 4907 3224 4945 cum
3261 4893 3445 4947 triduo
3471 4905 3595 4962 post

2010 4979 2345 5045 advenisset,
2377 4988 2430 5036 et
2464 4982 2697 5051 apostoli
2726 4981 3024 5037 victoriam
3057 4985 3438 5050 intellexisset,
3501 4985 3596 5039 Ni-

2014 5071 2254 5140 cephoro
2281 5072 2598 5143 imperatori
2637 5074 2970 5144 signiﬁcavit
3016 5076 3385 5133 incursionem
3442 5080 3594 5135 Scla-

2016 5157 2464 5224 viniorum,item
2502 5160 2884 5231 direptionem,
2914 5166 3248 5234 captivorum
3286 5185 3590 5233 immerum,

2014 5248 2402 5316 vastationem,
2463 5249 2725 5320 priedam,
2784 5263 2837 5308 ct
2891 5269 3232 5326 quascunque
3289 5259 3391 5312 alia
3453 5260 3594 5314 ιιιιιΙὲι

2013 5338 2233 5394 Achaiae
2279 5341 2333 5395 in
2397 5343 2646 5412 partibus
2698 5345 3049 5415 intulissent;
3099 5350 3225 5406 item
3275 5351 3588 5405 diuturnam

1514 5475 1815 5530 ANSELMI
1851 5475 2176 5534 BANDURII
2209 5477 2442 5536 ΝΟΤᾸΞ.

398 5589 442 5664 (1
462 5591 504 5662 l)
538 5591 609 5649 De
635 5593 763 5664 igne
789 5590 980 5664 Graeco
1009 5591 1248 5661 loquitur
1267 5593 1432 5648 etiam
1463 5608 1628 5664 supra
1651 5608 1775 5661 cap.
1836 5594 1901 5648 l3

328 5660 552 5734 scriptor
599 5660 839 5734 noster;
889 5660 984 5715 sed
1031 5665 1150 5734 vide
1182 5679 1301 5730 quae
1345 5665 1433 5734 ibi
1485 5660 1890 5734 adnotavimus.

334 5728 452 5793 ΜιΙό
480 5735 611 5792 item
643 5733 963 5790 Ccdrcnum
995 5739 1044 5786 ct
1092 5728 1368 5789 Zonaram
1422 5733 1478 5789 in
1510 5733 1811 5801 Pugonato.

2082 5597 2196 5668 (l2)
2228 5597 2320 5653 Sic
2349 5614 2412 5653 ex
2443 5614 2544 5655 ms.
2592 5600 2643 5653 In
2693 5601 2857 5655 editis
2915 5601 3064 5656 locus
3101 5600 3187 5656 hic
3235 5600 3482 5668 mutilus,
3529 5613 3588 5656 ut

2007 5667 2212 5737 optime
2244 5668 2633 5726 animadvertit
2676 5670 2962 5728 Meursius.
