4050 6480
369 285 474 349 375

1359 282 1777 349 CONS'PANTI
1786 288 1863 349 Nl
1896 287 2044 349 POR
2051 289 2146 349 PH
2153 287 2453 349 YROGEN
2460 288 2565 348 [TI

3521 286 3634 353 376

371 395 613 452 Crinites
646 403 703 452 et
744 401 947 467 praetor
992 394 1196 451 tributa
1236 394 1345 452 illis
1377 398 1630 466 graviora
1662 397 1946 466 imposuit,

2059 398 2364 469 στρατεύσῃ
2396 398 2518 452 κατ’
2544 398 2744 464 αὐτῶν,
2782 397 2877 453 καὶ
2910 395 3344 468 καταπολεμήσῃ
3379 399 3471 451 καὶ
3497 398 3640 450 ὑπο⁴

374 484 624 558 lllilengis
657 487 878 557 quidem
912 486 978 541 ad
999 488 1278 556 sexaginta
1312 489 1666 556 nomismata,
1699 504 1822 559 quae
1851 503 1951 543 an-

373 587 463 633 tea
503 578 820 641 solvebant,
855 576 962 632 alia
1011 579 1316 649 quingenta
1368 588 1423 634 et
1451 578 1837 650 quadraginta,
1876 579 1950 633 ita

376 679 437 723 ut
461 669 784 724 universum
809 668 1053 739 ipsorum
1088 669 1354 723 tributum
1385 677 1530 725 esset
1555 670 1947 725 nomismatum

378 770 767 817 sexeentorum
802 778 817 814 :
854 760 1087 817 Ezeritis
1120 776 1249 817 vero
1283 775 1449 831 supra
1480 770 1722 817 trecenta
1744 761 1951 816 nomis-

375 861 521 907 mata
558 854 788 923 pristina
835 854 941 907 alia
995 860 1263 918 trecenta,
1331 862 1391 907 ut
1420 862 1608 911 essent
1656 862 1947 918 sexcenta;

371 960 497 1016 quae
529 947 710 1014 exegit
746 960 964 1016 quoque
999 946 1139 1001 idem
1171 943 1657 1014 Protospatharius
1684 945 1948 1012 Crinites,

370 1037 668 1108 intulitque
719 1038 772 1091 in
827 1052 1044 1091 sacrum
1099 1036 1439 1092 cubiculum.
1491 1036 1949 1108 Protospathario

371 1142 556 1189 autem
601 1133 810 1188 Crinite
843 1134 897 1188 in
925 1133 1152 1189 Grreciae
1188 1134 1372 1188 thema
1419 1133 1782 1209 transposito,
1820 1147 1947 1187 cum

370 1225 428 1279 in
463 1223 846 1295 Peloponneso
897 1228 1262 1281 successisset
1302 1225 1786 1294 ProtOSpatharius
1813 1224 1948 1279 Bar-

366 1316 471 1373 das
503 1315 784 1390 Platypus,
819 1325 873 1373 et
900 1317 1073 1372 turba:
1116 1330 1184 1371 ac
1214 1315 1384 1372 tactio
1411 1325 1615 1372 exortae
1649 1323 1834 1372 essent
1861 1316 1950 1370 in-

368 1415 455 1462 ter
504 1407 684 1477 ipsum
737 1405 1242 1477 protospatharium
1301 1405 1534 1477 Ba‘rdam
1571 1404 1946 1477 Platypodem,

371 1498 618 1569 aliosque
679 1497 799 1568 eius
838 1498 1012 1567 partis
1048 1496 1524 1567 protospatharios
1573 1503 1738 1564 atque
1797 1495 1950 1566 prin-

366 1588 542 1659 cipes,
597 1588 692 1659 qui
756 1587 1263 1659 protospatharium
1335 1586 1572 1642 Leonem
1628 1585 1946 1655 Agelastum

368 1682 613 1736 themate
649 1682 1002 1752 expulerant,
1025 1680 1278 1752 protinus
1309 1680 1363 1734 in
1388 1677 1593 1733 Thema
1625 1677 1756 1731 illud
1790 1675 1948 1732 Sola-

2052 488 2189 562 τάξῃ
2207 490 2302 543 καὶ
2323 489 2685 564 ἐξολοθρεύσῃ
2703 487 2922 549 αὐτούς.
2958 487 3292 558 Ἀρξάμενος
3346 487 3438 540 οὖν
3470 487 3640 540 πολε-

2054 584 2175 651 μεῖν
2203 581 2401 644 αὐτοὺς
2423 580 2534 652 (22)
2549 580 2660 636 ἀπὸ
2675 581 2847 652 μηνὸς
2873 579 3144 649 Μαρτίου,
3166 580 3261 633 καὶ
3279 579 3641 641 κατακαύσας

2050 670 2119 725 τά
2140 670 2273 743 θέρη
2293 673 2497 738 αὐτῶν,
2520 673 2618 727 καὶ
2641 673 2976 744 ληϊσάμενος
2996 673 3177 726 πᾶσαν
3194 671 3292 741 τὴν
3306 671 3409 740 γῆν
3429 668 3638 733 αὐτῶν,

2051 759 2207 833 ἔσχεν
2241 762 2438 826 αὐτοὺς
2484 762 2910 833 ἀνθισταμένους
2949 761 3043 815 καὶ
3076 750 3399 828 ἀντέχοντας
3469 757 3638 828 μέχρι

2056 856 2223 928 μηνὸς
2256 855 2564 926 Νοεμϐρίου
2585 871 2602 887 ·
2630 855 2740 909 ἀπὸ
2762 856 2885 908 τότε
2942 855 3000 907 δέ
3054 853 3250 913 ἰδόντες
3278 851 3376 922 τὴν
3420 851 3639 904 ἑαυτῶν

2051 947 2232 1012 ἐξολόθ
2239 963 2334 1015 ρευ
2342 963 2448 1013 σιν,
2472 947 2575 1018 ῂτή
2583 963 2746 1000 σαντο
2770 947 2928 1016 λόγον
2946 944 3039 1000 τοῦ
3057 946 3401 1013 ὑποταγῆναι
3423 943 3633 1008 αὐτοῖς,

2046 1042 2147 1095 καὶ
2167 1042 2353 1111 τυχεῖν
2387 1039 2737 1110 συμπαθείας
2759 1039 2902 1111 ὑπὲρ
2928 1032 3004 1093 ὧν
3037 1037 3234 1108 πρώην
3271 1035 3637 1106 ἐπλημμέλη-

2052 1149 2173 1187 σαν.
2213 1132 2275 1186 '0
2301 1127 2392 1185 οὖν
2422 1131 2759 1205 προῤῥηθεὶς
2788 1129 3283 1202 πραγτοσπαθάριος
3320 1126 3415 1181 καὶ
3467 1144 3640 1196 στρα-

2048 1224 2218 1294 τηγὸς
2268 1226 2297 1278 6
2347 1223 2614 1296 Κρινίτης
2658 1220 2873 1287 ἐξέθετο
2928 1222 3115 1286 αὐτοῖς
3168 1221 3353 1275 πάκτα
3416 1217 3642 1271 πλείονα

2050 1308 2126 1369 ὧν
2156 1314 2396 1379 ἐτέλουν,
2434 1317 2547 1378 τοῖς
2581 1314 2680 1385 μὲν
2712 1312 3021 1383 Μιληγγοῖς
3060 1311 3169 1366 ἀπὸ
3225 1311 3336 1364 τῶν
3395 1308 3438 1377 ξ’
3467 1326 3506 1362 ιι
3560 1304 3643 1362 ὧν

2051 1406 2319 1476 πρότερον
2346 1405 2563 1463 ἐτέλουν
2593 1424 2632 1459 ιι
2665 1404 2762 1476 φμ¹
2793 1422 2808 1438 ο
2843 1405 2919 1468 ὡς
2954 1399 3093 1457 εῖναι
3147 1403 3209 1456 τὸ
3262 1403 3370 1456 πᾶν
3428 1402 3642 1455 πάκτον

2051 1498 2232 1553 αὐτῶν
2257 1516 2295 1551 ιι
2319 1496 2387 1571 χ’.
2419 1497 2546 1562 Τοῖς
2605 1497 2663 1551 δὲ
2709 1497 3017 1568 Ἐζερίταις
3042 1494 3152 1550 ἀπὸ
3208 1495 3319 1549 τῶν
3347 1492 3393 1547 τ’
3431 1502 3538 1547 ν⁶ν⁰
3562 1485 3641 1546 ὧν

2050 1590 2320 1662 πρότερον
2345 1588 2582 1653 ἐτέλουν,
2638 1589 2803 1659 ἐτερα
2832 1597 2939 1641 ν⁰ν⁶
2987 1594 3032 1641 τ’
3059 1602 3074 1619 ⁸
3138 1585 3213 1650 ὡς
3274 1581 3412 1639 εἶναι
3433 1584 3496 1637 τὸ
3528 1584 3639 1637 πᾶν

2050 1684 2260 1736 πάκτον
2286 1681 2469 1735 αὐτῶν
2495 1690 2601 1735 ν’νο
2629 1688 2675 1751 χ’
2684 1723 2697 1735 .
2723 1682 2918 1734 "At:th
2945 1679 3040 1734 καὶ
3094 1677 3342 1749 ἀπῄτησε
3371 1677 3465 1731 καὶ
3488 1678 3639 1730 εἰσε-

368 1770 618 1826 besianis
645 1770 1014 1835 irruentibus,
1052 1770 1324 1825 miserunt
1347 1768 1423 1822 illi
1478 1767 1579 1838 ipsi
1607 1766 1813 1832 Sclavi,
1845 1764 1949 1819 Mi-

2058 1773 2278 1844 κόμισεν
2316 1774 2344 1826 6
2378 1771 2540 1835 αὐτὸς
2602 1770 3099 1842 πρωτοσπαθάριος
3143 1768 3413 1839 Κρινίτης
3449 1769 3509 1821 ἐν
3558 1765 3641 1837 τῷ

370 1859 514 1930 lengi
546 1866 601 1914 et
628 1857 862 1914 Ezeritaa
885 1857 954 1913 ad
983 1857 1263 1913 dominum
1301 1855 1611 1910 Romanum
1652 1856 1950 1924 imperato-

368 1963 507 2012 rem,
561 1948 1105 2004 eommiserationem
1143 1956 1389 2017 petentes
1438 1960 1605 2015 super
1644 1944 1823 2000 auctis
1855 1943 1953 1997 tri-

372 2037 543 2102 butis,
581 2038 1146 2109 permitterenturque
1179 2051 1243 2091 ea
1275 2036 1512 2106 pendere
1537 2034 1717 2103 qualia
1742 2032 1949 2103 pridem

369 2130 762 2201 pependerant.
795 2130 1098 2200 Imperator
1127 2135 1309 2183 autem
1355 2127 1427 2181 ob
1470 2124 1951 2180 Selabesianorum

371 2220 668 2276 adventum
693 2219 906 2276 veritus
924 2233 992 2274 ne
1028 2216 1240 2273 Sclavis
1274 2214 1553 2285 conjuncti
1583 2213 1810 2268 omnino
1826 2224 1951 2266 eum

368 2313 614 2369 themate
666 2309 1040 2382 Peloponnesi
1089 2312 1375 2368 exuerent,
1427 2318 1651 2359 auream
1686 2302 1796 2357 illis
1825 2301 1953 2355 bul-

372 2407 481 2460 lam
512 2405 684 2470 dedit,
724 2414 782 2458 nt
807 2402 1014 2459 tributa
1045 2398 1574 2455 tantum‘solverent
1595 2392 1954 2465 quemadmo-

369 2493 501 2551 dum
528 2492 780 2565 primitus
808 2492 1076 2556 solebant,
1116 2489 1334 2558 Milengi
1371 2486 1580 2542 scilicet
1626 2484 1954 2538 nomismata

372 2587 677 2657 sexaginta,
700 2584 941 2652 Ezeritaef
960 2598 1092 2638 vero
1110 2580 1440 2637 nomismata
1484 2584 1750 2633 trecenta.
1774 2575 1955 2644 Atque

372 2678 489 2733 haac
515 2675 734 2749 quidem
752 2690 920 2731 causa
938 2674 1040 2729 fuit
1063 2672 1208 2727 aucti
1234 2668 1826 2738 imminutiquerursus
1852 2662 1954 2719 Mi-

372 2770 658 2840 lengorum
696 2775 751 2824 et
780 2766 1123 2823 Ezeritarum
1154 2760 1368 2816 tributi.
1387 2758 1685 2814 Sciendum
1707 2768 1838 2810 vero
1860 2759 1946 2808 est

374 2859 712 2913 habitatores
741 2857 898 2912 urbis
931 2853 1140 2909 Maines
1172 2867 1201 2907 a
1223 2850 1499 2921 praedictis
1551 2846 1762 2901 Sclavis
1788 2842 1957 2914 origi-

370 2966 499 3006 nem
544 2964 652 3004 non
681 2948 906 3013 dueere,
940 2946 1035 3003 sed
1079 2945 1147 2999 ab
1200 2940 1608 3013 antiquioribus
1651 2934 1954 3001 Romanis;

373 3042 467 3114 qui
487 3043 542 3097 in
569 3041 896 3097 hodiernum
926 3052 1107 3109 usque
1133 3035 1278 3092 diem
1322 3032 1393 3087 ab
1414 3031 1612 3088 incolis
1640 3028 1814 3085 Graeci
1860 3040 1958 3099 ap-

372 3100 672 3205 pellantur,
703 3132 849 3202 quod
897 3100 1097 3202 priscis
1136 3124 1481 3196 temporibus
1508 3122 1811 3177 idololatrae
1835 3118 1943 3175 fue-
1979 3100 2023 3158 (ἶ

372 3226 510 3291 rint,
531 3238 596 3279 ae
616 3224 888 3280 idolorum
907 3222 1172 3288 cultores,
1191 3228 1435 3274 veterum
1464 3215 1781 3271 Graecorum
1807 3212 1950 3279 ritu;

374 3317 468 3388 qui
501 3316 722 3381 quidem
750 3313 1147 3385 rempublicam
1200 3308 1502 3366 Romanam
1534 3305 1955 3361 administrante

372 3406 644 3476 praeclaro
657 3405 753 3460 illo
771 3404 1103 3474 imperatore
1120 3399 1347 3466 Basilio,
1367 3413 1492 3454 cum
1517 3398 1788 3468 baptismo
1802 3393 1957 3449 Chri-

374 3498 610 3552 stiunam
653 3496 813 3553 ﬁdem
842 3494 1077 3566 amplexi
1098 3501 1252 3549 sunt.
1275 3491 1453 3547 Locus
1484 3504 1635 3554 vero,
1669 3503 1831 3559 quem
1857 3486 1956 3541 ha-

379 3587 578 3651 bitant,
607 3600 875 3656 aquarum
908 3598 1107 3655 expers
1130 3592 1234 3650 est,
1257 3593 1310 3637 et
1344 3582 1686 3643 inaeeessus,
1723 3578 1816 3633 sed
1848 3576 1955 3632 oli-

372 3679 534 3743 vil'er,
568 3693 680 3749 quo
715 3693 776 3733 se
796 3676 1174 3732 consolantur.
1200 3673 1357 3744 135
1375 3671 1404 3727 «Ι
1413 3680 1531 3729 acet
1554 3680 1735 3727 autem
1755 3670 1845 3725 hic
1872 3670 1952 3724 lo-

368 3772 542 3828 cusin
577 3770 747 3825 Malea
775 3766 1155 3839 promontorio
1173 3767 1314 3819 ultra
1337 3763 1566 3819 Ezerum
1583 3775 1782 3817 versus
1800 3771 1955 3812 oram

376 3860 738 3917 maritimam.
762 3858 828 3910 Et
862 3854 1308 3927 quandoquidem
1350 3851 1511 3921 plane
1546 3847 1780 3919 subjecti
1806 3853 1957 3912 sunt,

376 3950 797 4022 principemque
824 3963 853 4002 a
879 3956 1115 4017 pra-tore
1161 3943 1467 4015 accipiunt.
1497 3940 1657 4011 cujus
1683 3937 1959 3995 mandatis

379 4045 788 4113 obtemperant,
804 4054 869 4093 ex
893 4027 1283 4108 antiquissimo
1301 4041 1548 4102 tempore
1563 4031 1832 4086 tributum
1852 4029 1963 4084 sol-

380 4144 520 4191 vunt
542 4133 874 4190 nomismata
902 4129 1326 4198 quadringenta.
1348 4122 1708 4194 Cappadociae
1728 4129 1961 4192 praetura

383 4226 514 4282 olim
540 4234 720 4279 turma
741 4229 1124 4291 eratprteturae
1139 4216 1573 4280 Anatolieorum,
1596 4211 1964 4284 Cephalleniae

382 4316 779 4389 praetura,sive
803 4314 1006 4378 insula,
1032 4321 1213 4367 turma
1244 4309 1374 4364 olim
1405 4314 1525 4363 erat
1549 4302 1964 4377 praelurteLon-

2050 1863 2408 1933 θεοφυλάκτῳ
2435 1863 2672 1917 κοιτῶνι.
2707 1861 2816 1916 Τοῢ
2844 1861 2903 1915 δέ
2929 1858 3428 1932 πρωτοσπαθαρίου
3447 1859 3642 1931 Κρινί⁶

2052 1972 2147 2007 του
2172 1956 2231 2009 ἐν
2259 1954 2337 2025 τῷ
2366 1954 2565 2025 θέματι
2600 1952 2991 2024 μετατεθέντος
3058 1951 3335 2017 Ἑλλάδος,
3398 1950 3494 2004 καὶ
3542 1947 3640 2002 τοῦ

2052 2045 2547 2116 πρωτοσπαθαρίου
2581 2045 2761 2116 Βάρὸα
2791 2043 2885 2098 τοῦ
2930 2042 3252 2113 Πλατυπόδη
3297 2039 3643 2113 προϐληθέν-

2050 2150 2144 2198 τος
2172 2133 2481 2206 στρατηγοῦ
2534 2136 2592 2187 ἐν
2643 2134 3060 2203 Πελοποννήσῳ,
3110 2132 3207 2185 καὶ
3268 2131 3372 2201 τῆς
3413 2129 3641 2193 ἀταξίας

2052 2226 2353 2295 γενομένης
2379 2225 2750 2295 καὶὶστάσεως
2776 2224 2929 2295 παρά
2968 2224 3133 2276 αὐτοῦ
3182 2223 3275 2276 τοῦ
3310 2238 3641 2294 πρωτοσπαο

2055 2316 2246 2385 θαρίου
2278 2316 2461 2387 Βάρδα
2489 2316 2582 2370 τοῦ
2609 2312 2956 2386 Πλατυπόδη,
3001 2315 3096 2369 καὶ
3153 2314 3263 2369 τῶν
3319 2312 3634 2385 ὁμοφρόνων

2054 2410 2220 2463 αὐτοῦ
2255 2408 2762 2480 πρωτοσπαθαρίων
2788 2409 2884 2463 καὶ
2912 2408 3212 2478 ἀρχόντων,
3238 2405 3335 2459 καὶ
3364 2406 3454 2459 τὸν
3478 2421 3630 2467 πρω-

2054 2500 2423 2571 τοσπαθάριον
2455 2503 2662 2555 Λέοντα
2719 2500 2811 2555 τὸν
2855 2500 3182 2568 Ἀγέλαστον
3217 2496 3640 2561 ἀποδιωξάντων

2054 2593 2163 2646 ἀπδ
2191 2591 2287 2646 τοῦ
2320 2593 2580 2662 θέματος,
2633 2593 2729 2647 καὶ
2788 2592 2991 2655 εὐθέως
3034 2591 3336 2661 γενομένης
3394 2588 3490 2641 καὶ
3537 2587 3641 2657 τῆς

2054 2685 2166 2738 τῶν
2190 2684 2612 2754 Σκλαὸησιανῶν
2635 2684 2938 2746 ἐπιθέσεως
2972 2682 3113 2736 κατὰ
3136 2681 3229 2734 τοῦ
3260 2678 3427 2735 αὑτοῦ
3466 2677 3643 2748 θέμα-

2055 2796 2168 2845 τος,
2196 2776 2527 2843 ἀπέστειλαν
2555 2777 2603 2829 οἰ
2670 2774 2825 2829 αὐτοὶ
2850 2773 3104 2837 Σκλάϐοι,
3142 2773 3195 2826 οἴ
3230 2789 3305 2837 ¹τε
3333 2768 3636 2839 Μιληγγοὶ,

2059 2870 2153 2924 καὶ
2183 2872 2232 2923 οί
2273 2869 2547 2938 Ἑζερίται
2587 2867 2725 2938 πρὸς
2753 2867 2844 2921 τὸν
2865 2866 3027 2937 κῦριν
3075 2864 3358 2935 Ῥωμανὺν
3406 2862 3495 2915 τὸν
3534 2859 3636 2930 βα-

2060 2962 2236 3026 σιλέα,
2272 2959 2645 3030 ἐξαιτούμενοι
2681 2959 2776 3012 καὶ
2827 2956 3275 3029 παρακαλοῦντες
3338 2954 3433 3007 τοῦ
3494 2970 3640 3021 συμ-

2061 3050 2372 3121 παθηθῆναι
2412 3051 2594 3113 αὐτοῖς
2617 3049 2718 3111 τὰς
2744 3047 3065 3120 προσθήκας
3089 3046 3199 3100 τῶν
3228 3045 3474 3107 πάκτων,
3541 3044 3643 3096 καὶ

2054 3140 2228 3194 τελεῖν
2263 3141 2461 3203 αὐτοὺς
2500 3138 2684 3201 καθὼς
2713 3139 2811 3192 καὶ
2854 3137 3123 3210 πρότερον
3188 3136 3428 3190 ἐτέλουν.
3482 3134 3644 3186 Ἐπεο

2052 3234 2118 3303 δὴ
2182 3230 2368 3295 καθὼς
2427 3230 2772 3301 προείρηται,
2843 3228 3093 3299 εἰσῆλθον
3180 3228 3229 3279 οἰ
3293 3223 3644 3291 Σκλασησια-

2058 3325 2142 3379 vol.
2196 3325 2256 3378 ἐν
2301 3322 2380 3394 τῷ
2439 3321 2639 3392 θέματι
2664 3319 3095 3389 Πελοποννήσου,
3163 3313 3350 3378 δεδιὼς
3401 3317 3429 3368 6
3482 3313 3648 3385 βασι-

2054 3413 2181 3479 λεὺς
2233 3414 2321 3468 ἵνα
2377 3412 2452 3483 μὴ
2483 3413 2578 3466 καὶ
2616 3411 2773 3464 αὐτοὶ
2804 3408 3198 3481 προστεθέντες
3227 3406 3340 3469 τοῖς
3373 3397 3644 3466 Σκλάόοις

2057 3505 2294 3575 παντελῆ
2324 3503 2698 3572 ὲξολόθρευσιν
2720 3500 2819 3555 τοῦ
2832 3499 2995 3554 αὑτοῦ
3026 3499 3263 3568 θέματος
3291 3495 3642 3567 ἐργάσονται,

2055 3599 2313 3669 ἐποίησεν
2335 3596 2518 3660 αὑτοῖς
2550 3593 2976 3666 χρυσοσούλλιον
3010 3591 3099 3646 ἵνα
3118 3589 3315 3643 τελῶσι
3338 3587 3407 3641 τὰ
3454 3586 3647 3640 πάκτα

2060 3692 2137 3754 ὡς
2189 3691 2287 3744 καὶ
2350 3688 2640 3759 πρότερον,
2673 3687 2802 3747 τοὺς
2839 3683 2940 3755 μὲν
2967 3681 3292 3753 Μιληγγοὺς
3316 3675 3649 3743 ξἰι,τοὺςδέ

2071 3781 2351 3851 Ἐζερίτας
2372 3789 2482 3834 νονο
2511 3785 2578 3835 τ’.
2604 3778 2753 3849 Δῦτη
2776 3772 2870 3831 οὖν
2895 3777 3044 3830 ἐστιν
3072 3775 3106 3844 ἡ
3140 3773 3287 3828 αἰτία
3314 3772 3415 3842 τῆς
3429 3767 3648 3840 πρσθή-

2061 3892 2163 3945 κης
2178 3875 2379 3944 καὶτῆς
2392 3870 2636 3941 ἐκκοπῆς
2667 3868 2776 3922 τῶν
2806 3867 3031 3921 πάκτων
3053 3865 3161 3919 τῶν
3196 3860 3500 3933 Μιληγγῶν
3532 3858 3634 3913 καὶ

2058 3968 2169 4021 τῶν
2208 3963 2516 4037 Ἐζεριτῶν.
2554 3960 2752 4015 ’ἰστέον
2782 3960 2865 4014 ὅτι
2900 3960 2949 4012 οἰ
2982 3957 3078 4010 τοῦ
3131 3956 3370 4025 κὰστρου
3419 3952 3649 4019 Μαῖνης

2061 4060 2347 4128 οἰκήτορες
2381 4055 2482 4109 οὑκ
2502 4054 2643 4108 εἰσὶν
2672 4054 2781 4107 ἀπὸ
2810 4052 2906 4121 τῆς
2933 4051 3127 4120 γενεᾶς
3153 4038 3263 4102 τῶν
3299 4042 3649 4117 προρρηθέν-

2063 4166 2171 4203 των
2197 4146 2475 4211 Σκλάϐων,
2500 4145 2617 4199 ἀλλ’
2649 4144 2714 4197 ἐκ
2751 4142 2862 4197 τῶν
2916 4134 3291 4210 παλαιοτέρων
3334 4135 3647 4205 Ῥωμαίων,

2060 4241 2113 4293 οἳ
2163 4239 2261 4293 καί¹
2295 4240 2458 4308 μέχρι
2511 4234 2606 4289 τοῦ
2643 4234 2741 4289 νῦν
2772 4233 2927 4304 παρὰ
2955 4232 3064 4285 τῶν
3089 4230 3353 4284 ἐντοπίων
3382 4226 3652 4296 ’Έλληνες

2068 4327 2594 4401 προσαγορεύονται,
2656 4325 2750 4379 διὰ
2814 4326 2876 4377 τὸ
2970 4327 3028 4376 ἐν
3084 4323 3227 4384 τοϊς-
3283 4318 3650 4391 προπαλαιοῖς

384 4408 684 4481 gobardite.
719 4405 816 4462 sed
854 4395 906 4460 in
936 4411 1229 4475 praeturam
1268 4408 1455 4455 erecta
1496 4396 1598 4451 l‘uit
1626 4395 1730 4453 sub
1756 4393 1956 4450 Christi

2076 4393 2287 4489 χβόνοιξ
2321 4393 2733 4487 ἐίδωλολάτρας,
2770 4408 2910 4469 εἶναι
2960 4412 3055 4467 καὶ
3095 4409 3481 4483 προσκυνητὰς
3537 4407 3653 4459 τῶν

383 4509 603 4557 amante
619 4501 957 4569 imperatore
978 4493 1183 4550 Leone.
1230 4489 1496 4545 Calabriae
1521 4497 1759 4559 praetura
1782 4487 1958 4541 duca-

382 4600 473 4646 tus
495 4590 624 4644 olim
665 4597 783 4642 erat
823 4593 1074 4657 praetura;
1121 4581 1345 4636 Siciliae.
1376 4578 1666 4635 Charsiani
1722 4584 1959 4648 praetura

386 4690 565 4734 turma
584 4677 887 4747 antiquitus
912 4675 1502 4731 eratArmeniacorum
1537 4676 1810 4740 praeturae.
1850 4665 1963 4720 Sub

386 4769 570 4823 Leone
598 4776 782 4822 autem
805 4764 1008 4822 Christi
1028 4773 1246 4818 amante
1267 4761 1596 4830 imperatore
1648 4773 1677 4812 a
1723 4758 1963 4811 themate

382 4860 849 4914 Buceellariorum
869 4858 923 4912 in
940 4855 1326 4927 Cappadocum
1353 4858 1533 4907 thema
1559 4851 1820 4906 translata
1842 4848 1962 4903 fue-

374 4949 519 5004 ‘runt
572 4950 688 5006 hanc
716 4948 915 5014 banda,
974 4947 1274 5003 vicariatus
1311 4945 1556 5007 Baretas,
1593 4941 1962 5004 Balbadonos,

384 5047 731 5113 Aspunas,|et
751 5040 996 5097 Aearcus
1025 5057 1042 5095 :
1068 5054 1132 5094 ex
1150 5038 1389 5093 themate
1412 5033 1963 5090 veroAnatolicorum

383 5134 441 5188 in
471 5134 655 5189 thema
679 5131 1064 5203 Cappadocum
1083 5129 1273 5187 isthec
1293 5127 1513 5199 quidem
1533 5124 1709 5181 handa
1727 5122 1966 5179 transla-

388 5237 442 5281 ta
473 5233 623 5291 sunt,
658 5225 920 5280 nimirum
944 5219 1610 5282 vicariatusEudociadis,
1630 5217 1802 5272 sancti
1818 5217 1964 5287 Aga-

387 5320 522 5390 peti,
550 5327 603 5374 et
621 5318 924 5390 Aphraziaa.
958 5314 1235 5385 Factaque
1261 5320 1391 5369 sunt
1419 5320 1625 5382 septem
1679 5310 1796 5364 hac
1822 5309 1961 5364 ban-

389 5413 483 5477 da,
503 5426 699 5480 nempe
714 5408 1180 5464 Buceellarierum
1200 5415 1462 5476 quatuor,
1482 5412 1535 5457 et
1550 5401 1964 5456 Anatolieorum

388 5503 519 5571 tria,
548 5510 729 5556 turma
765 5516 895 5568 una,
928 5516 1048 5571 quae
1081 5514 1229 5553 nunc
1254 5495 1540 5554 Commata
1588 5502 1965 5564 nuncupatur.

2068 4508 2303 4562 εἰδώλων
2348 4507 2491 4561 κατὰ
2522 4507 2649 4569 τοὺς
2692 4505 2956 4567 παλαιοὺς
2985 4502 3286 4572 Ἕλληνας·
3323 4499 3518 4561 οἵτινες
3554 4498 3653 4549 ἐπὶ

2066 4602 2169 4671 τῆς
2200 4598 2476 4671 βασιλείας
2514 4597 2608 4650 τοῦ
2626 4596 2872 4666 ἀοιδίμου
2921 4593 3201 4647 Βασιλείου
3250 4588 3654 4661 βαπτισθέντες

2065 4690 2383 4763 Χριστιανοὶ
2439 4688 2746 4757 γεγόνασιν.
2793 4686 2853 4740 '0
2879 4687 2937 4739 δὲ
2993 4686 3156 4747 τόπος
3189 4683 3247 4737 ἐν
3294 4674 3340 4749 ᾧ
3369 4679 3646 4741 οἰκοῦσιν,

2071 4783 2220 4836 ἐστὶν
2243 4781 2472 4853 ἄνυδρος
2518 4781 2614 4833 καὶ
2667 4779 2989 4849 άπρόσοδος,
3052 4775 3370 4845 ἐλαιοφόρος
3408 4773 3497 4825 δέ·
3524 4771 3654 4823 ὅθεν

2069 4873 2166 4927 καὶ
2192 4873 2294 4944 τὴν
2323 4869 2680 4941 παραμυθίαν
2706 4869 2911 4940 έχουσι.
2938 4856 3218 4922 Διὰκειται
3260 4863 3318 4917 δὲ
3347 4864 3375 4915 6
3410 4859 3655 4923 τοιοῦτος

2067 4965 2232 5029 τόπος
2275 4965 2354 5027 εἰς
2402 4964 2577 5032 ἄκραν
2622 4961 2716 5016 τοῦ
2778 4961 3020 5026 Μαλαία,
3081 4960 3249 5030 ήγουν
3296 4954 3504 5008 ἐκεῖθεν
3552 4951 3653 5005 τοῦ

2080 5056 2302 5127 Ἐξεροῢ
2329 5055 2467 5126 πρὸς
2501 5054 2601 5124 τὴν
2633 5050 3110 5124 παραθαλασσίαν.
3142 5049 3242 5102 Διὰ
3266 5047 3324 5100 δὲ
3343 5046 3406 5099 τὸ
3426 5044 3655 5107 τελείως

2069 5147 2548 5217 ὑποτεταγμένους
2578 5142 2722 5200 εἶναι
2751 5145 2974 5209 αὐτοὺς,
3000 5143 3097 5196 καὶ
3119 5141 3361 5213 ἄρχοντα
3387 5135 3540 5207 παρὰ
3554 5134 3656 5188 ’τοῦ

2074 5226 2692 5309 στρατηγοῦ’δέχεσθαι,
2745 5236 2844 5289 καὶ
2905 5235 3224 5306 πειθαρχεῖν
3273 5232 3368 5286 καὶ
3404 5229 3659 5285 ὑπείκειν

2076 5332 2197 5393 ταῖς
2246 5329 2340 5383 τοῦ
2394 5328 2700 5400 στρατηγοῦ
2754 5326 3136 5397 προστάξεσιν,
3199 5324 3499 5395 παρέχουσι
3546 5321 3657 5373 πά-

2076 5438 2205 5475 κτον
2228 5423 2291 5474 ἐκ
2317 5421 2650 5474 παλαιτάτον
2689 5419 2883 5491 χρόνον
2939 5435 2979 5470 ιι
3029 5415 3098 5471 u'.
3136 5417 3333 5469 ’ἰστέον
3368 5414 3450 5468 ὅτι
3485 5412 3521 5482 ή
3554 5411 3658 5479 τῆς

2075 5513 2475 5577 Καππαδοκίας
2507 5511 2805 5600 στρατηγὶς
2828 5510 2890 5564 τὸ
2913 5509 3144 5564 παλαιὸν
3176 5499 3390 5578 τοῦρμά
3434 5499 3501 5576 ἦν
3554 5502 3658 5573 τῆς

1537 5628 1840 5685 ANSELMI
1872 5624 2203 5683 BANDURII
2249 5622 2455 5679 ΝΟΤᾹῙ
2467 5664 2481 5678 .

467 5726 582 5798 ('22)
613 5727 689 5784 Ita
715 5743 818 5785 ius.
855 5728 1045 5785 codex.
1084 5725 1224 5783 Editi
1252 5720 1474 5791 habent,
1520 5723 1823 5796 ἀρξάμενος
1861 5718 1955 5777 οὖν

2058 5706 2252 5791 νλεμεῖὗ
2284 5720 2467 5783 αὑτός.
