4050 6416
298 283 410 350 381

1377 305 1474 366 DE
1506 307 2142 376 ADMINISTRANDO
2175 317 2522 383 IMPERIO.

3477 333 3584 396 382

298 400 403 514 περὶ
436 401 615 514 ρέάχαι
643 402 939 514 γεῖόνασιν
963 424 977 438 ⁸
1001 409 1091 464 ὅτε
1119 410 1228 484 γὰρ
1257 413 1600 487 Σταυράκιος
1631 421 1660 474 6
1685 422 1896 487 Πλατὺς

2005 424 2188 499 Platys
2225 428 2481 485 Hemerio
2514 432 2760 488 Praticio
2803 442 2856 490 et
2896 434 3214 507 Logothetze
3253 456 3454 498 cursus
3487 462 3582 514 pn-

297 491 385 553 είς
421 490 524 543 τὸν
558 493 850 564 πατρίκιον
900 497 1162 570 Ἥμέριον
1204 505 1298 557 καὶ
1329 505 1622 580 λογοθέτην
1656 512 1751 570 τοῦ
1781 514 1902 585 δρό-

300 600 417 651 μου
448 584 694 656 θαρρῶν,
727 587 802 650 ὡς
833 588 930 644 ἅτε
963 595 1096 665 παρ’
1120 596 1284 650 αὐτοῦ
1316 600 1397 662 εις
1425 601 1517 654 τὸν
1541 601 1767 671 βασιλέα
1801 584 1902 676 με-

297 679 609 744 σιτευθεὶς.
665 681 743 752 τῷ
800 686 865 737 ὲκ
901 687 1196 758 προσώπου
1263 691 1546 764 Εὑσταθίῳ
1579 697 1901 764 ἀντέπιπτε,

300 772 402 824 καὶ
442 773 690 841 μάλιστα
724 776 986 842 ἐναντίως
1021 774 1188 850 εἶχεν,
1213 783 1272 835 ἐν
1303 780 1386 848 οἷς
1421 765 1588 840 αὐτὸν
1619 787 1767 859 ἐώρα
1797 789 1903 854 ἔξω

297 865 394 919 τοῦ
435 868 664 932 δέοντός
699 887 753 922 τι
784 870 1254 945 διαπραττόμενον
1280 877 1312 946 ἢ
1349 877 1444 931 καὶ
1466 882 1898 949 προστάττοντα.

300 957 436 1012 Ὅτε
466 960 530 1012 δὲ
565 961 734 1015 πάλιν
759 964 787 1014 6
817 963 883 1017 ἐκ
928 964 1224 1034 προσώπου
1276 969 1577 1035 Εὐστάθιος
1638 973 1777 1043 πρὸς
1811 973 1904 1027 τὸν

299 1049 652 1119 Σταυρὼιιον
683 1052 921 1108 διέκειτο
961 1054 1270 1128 ἐχθρωδῶς,
1302 1060 1397 1116 καὶ
1430 1061 1632 1124 πολλὰς
1657 1064 1778 1117 κατ’
1804 1064 1904 1118 αὖ·

300 1141 395 1197 τοῦ
432 1144 722 1208 ἐπιθέσεις
753 1147 845 1200 καὶ
879 1149 1132 1217 μηχανὰς
1157 1151 1478 1208 ἐπλάττετο.
1517 1155 1683 1210 Ὅθεν
1719 1157 1902 1220 αἰτίας

303 1238 332 1289 6
383 1237 734 1306 προρρηθεὶς
763 1238 1066 1303 Εὑστάθιος
1100 1243 1242 1296 κατὰ
1289 1243 1385 1297 τοῦ
1427 1245 1770 1317 Σταυρακίου
1809 1249 1904 1301 ἁν-

309 1328 540 1396 ήγαγεν,
571 1327 650 1390 ὡς
683 1329 758 1384 Τδ
811 1330 924 1384 τῶν
969 1332 1406 1404 Κιδυρραιωτῶν
1439 1335 1583 1407 θέμα
1613 1337 1709 1394 δύο
1745 1356 1902 1406 στρα-

311 1417 516 1486 τηγοὺς
569 1416 720 1487 ἔχειν
775 1419 838 1472 uti
893 1419 1136 1487 δύναται,
1190 1425 1432 1495 δηλονότι
1493 1428 1595 1497 ἐμὲ
1652 1427 1748 1481 καὶ
1809 1429 1903 1482 τὸν

315 1505 653 1577 Σταυράκιον
709 1510 804 1563 καὶ
853 1512 1146 1567 atatem:de
1191 1516 1520 1586 Μαρδαῖτῶν
1545 1535 1561 1550 ο
1625 1518 1762 1574 ἄλλα
1793 1518 1903 1590 γὰρ

325 1597 468 1668 tuoin
518 1599 943 1674 spanéttowoc
999 1605 1092 1658 καὶ
1129 1606 1352 1662 διοικεῖν
1417 1609 1715 1675 ἐθέλοντος,
1764 1611 1901 1666 ἄλλα

336 1687 506 1744 ποιεῖν
545 1689 578 1746 ὁ
627 1694 926 1746 utea:de
977 1697 1308 1766 Μαρδαῖτων
1338 1699 1608 1768 βούλεται,
1646 1703 1740 1755 καὶ¹
1770 1704 1901 1757 αὐτο

335 1778 566 1846 simiae;
590 1779 668 1836 ὢν
693 1781 764 1838 τὰ
789 1785 942 1855 αὐτῷ
981 1757 1242 1840 δοκοῦντα
1297 1757 1540 1858 μανικῶς
1571 1757 1898 1863 δίαπράττε-
1926 1757 1974 1816 Β

324 1885 430 1924 ται.
471 1869 743 1942 ’Δνήταγε
763 1872 821 1926 δὲ
857 1876 948 1928 καὶ
998 1875 1165 1940 ἄλλας
1215 1877 1568 1946 ψευδολογίας
1598 1882 1771 1946 τινὰς,
1805 1884 1900 1938 καὶ

319 1959 518 2028 πολλὰς
543 1966 799 2036 μηχανὰς
827 1968 949 2020 κατ’
979 1969 1145 2022 αὐτοῦ
1182 1973 1562 2042 συνερράψατο
1583 2019 1596 2039 ,
1642 1975 1740 2038 τὰς
1802 1977 1901 2044 μὲν

317 2051 558 2118 πιθανῶς
581 2054 820 2122 συνθεὶς,
849 2058 949 2122 τὰς
979 2059 1036 2111 δὲ
1063 2063 1475 2128 συκοφαντικῶς
1507 2081 1566 2115 τε
1614 2067 1705 2117 καὶ
1739 2084 1902 2135 μανι-

317 2142 426 2214 ᾉῦς
467 2143 955 2218 ἁναπλιισάμενος.
1008 2151 1116 2202 Καὶ
1142 2147 1295 2216 οὗτος
1322 2153 1566 2226 δηλονότι
1597 2157 1675 2228 τῷ
1703 2176 1901 2228 πατριο

311 2239 413 2312 κίφ
471 2239 728 2315 Ἥμρίῳ
783 2247 878 2298 καὶ
925 2246 1198 2319 λογοθέτῃ
1269 2247 1363 2302 τοῦ
1417 2248 1619 2319 δρόμου
1682 2251 1902 2321 θαρρῶν

307 2331 486 2389 ταῦτα
505 2329 774 2406 Ξτραψεν.
816 2337 939 2390 Ἐπὶ
965 2337 1022 2390 δὲ
1047 2337 1126 2408 τῷ
1149 2340 1271 2392 τότε
1299 2339 1478 2410 καιρῷ
1512 2341 1664 2408 φίλος
1694 2343 1900 2395 Εὐστα-

309 2421 448 2488 βίου.
473 2423 682 2496 μᾶλλον
714 2421 782 2498 ἷιν
811 2429 844 2480 ὁ
873 2429 1166 2500 πατρίκιος
1215 2429 1512 2500 Ἦμέριος,
1552 2432 1698 2502 ἥπερ
1728 2435 1896 2486 Σταυ-

310 2514 554 2585 panico.
626 2514 732 2570 κᾶν
795 2516 1022 2588 ὕστερον
1100 2519 1302 2590 ἔχθραν
1351 2520 1548 2598 ’θέντες
1601 2523 1902 2594 ἀμφότεροι

305 2605 520 2680 ἔχθρα-ς
577 2608 884 2678 ἀνάμεστοι
938 2613 1034 2664 καὶ
1090 2612 1292 2681 μανίας
1338 2612 1566 2682 πλήρεις
1621 2617 1901 2683 γεγόνασι.

307 2697 424 2774 τὴν
455 2693 555 2754 οὖν
581 2701 846 2771 τοιαύτην
894 2703 1175 2772 ἀναφορὰν
1221 2704 1523 2756 Εὐσταθίου
1558 2703 1846 2774 δεξάμενος
1877 2709 1905 2759 6

309 2789 600 2864 βασιλεὺς,
651 2795 750 2848 καὶ
784 2797 851 2864 τῇ
901 2797 1119 2865 αἰτήσει
1157 2798 1250 2850 τοῦ
1301 2797 1594 2867 πατρικίου
1643 2799 1902 2868 Ἡμερίου

310 2877 590 2952 πεισθεὶς,
653 2887 859 2944 δέδωκε
890 2891 988 2960 τὴν
1021 2889 1117 2943 τοῦ
1149 2891 1393 2944 τοιούτου
1429 2891 1723 2945 κατεπὰνω
1755 2891 1908 2956 ὲξουιρ

312 2977 436 3034 σίαν
472 2979 552 3051 τῷ
599 2981 1089 3052 πρωτοσπαθαρίῳ
1139 2982 1428 3051 Εὐσταθίῳ
1475 2982 1554 3052 τῷ
1611 2984 1674 3038 ἐκ
1733 3001 1904 3054 προσ-

2005 518 2128 572 blici
2161 521 2468 587 confidens,
2520 534 2710 593 utpote
2750 541 2858 594 quo
2923 528 3304 586 intercedente
3351 533 3584 603 impera-

2004 609 2112 663 tori
2143 611 2472 668 conciliatus
2504 624 2642 680 erat,
2677 614 2962 686 Epstatbio
2981 618 3200 674 Vicario
3222 637 3281 676 se
3304 626 3582 693 opposuit,

2004 706 2168 769 atque
2205 703 2430 758 omnino
2452 705 2499 758 ei
2525 708 2873 762 contrarium
2901 725 2960 764 se
2985 711 3240 780 praebuit,
3266 714 3357 768 ubi
3390 726 3584 784 praeter

2004 790 2268 848 decorum
2300 797 2740 852 committentem
2802 810 2896 854 aut
2933 804 3344 872 praecipientem
3375 807 3583 875 aliquid

2005 883 2246 940 videbat.
2279 886 2535 942 Vicissim
2591 889 2915 948 Eustathius
2967 893 3223 953 Vicarius
3275 899 3414 954 male
3455 916 3588 970 erga

2006 976 2356 1030 Stanracium
2404 979 2635 1037 affectus
2685 983 2887 1039 multas
2921 985 3186 1044 adversus
3224 990 3402 1058 ipsum
3439 992 3588 1047 frau-

2003 1067 2102 1121 des
2128 1068 2574 1138 machinabatur,
2610 1082 2665 1127 et
2696 1076 2951 1144 querelas
2982 1087 3176 1134 contra
3226 1097 3348 1134 eum
3384 1084 3588 1151 produ-

2003 1159 2185 1223 cebat,
2220 1161 2274 1214 in
2316 1161 2822 1233 Cibyrrhmolarum
2857 1167 3095 1224 themate
3139 1170 3278 1224 duos
3322 1183 3588 1240 praetores

2002 1266 2127 1306 esse
2153 1267 2261 1306 non
2291 1269 2472 1323 posse,
2505 1271 2564 1311 se
2595 1257 2848 1312 videlicet
2877 1268 2931 1314 et
2964 1259 3315 1316 Stau'racium
3350 1264 3586 1320 Mardai-

2005 1350 2184 1396 tarum
2213 1345 2562 1414 capitaneum
2598 1365 2612 1413 ;
2648 1350 2852 1419 quippe
2880 1365 3005 1404 cum
3055 1354 3160 1406 alia
3196 1354 3313 1424 ipse
3345 1355 3584 1426 jnberet,

2004 1441 2405 1505 Statueretque,
2468 1439 2573 1492 alia
2608 1439 3003 1495 Mardaitarum
3051 1446 3373 1514 capitaneus
3403 1447 3588 1504 facere

2001 1523 2188 1587 vellet,
2221 1531 2276 1578 et
2309 1526 2470 1593 quasi
2504 1527 2588 1580 sui
2617 1527 2762 1598 juris
2789 1537 2935 1583 esset
2962 1544 3026 1583 ea
3055 1546 3174 1600 quae
3202 1532 3306 1602 ipsi
3333 1535 3588 1588 videren-

2003 1616 2092 1660 tur
2123 1621 2367 1664 amenter
2391 1627 2673 1682 peragere.
2704 1613 2972 1670 Produxit
3025 1619 3153 1672 item
3187 1621 3292 1674 alia
3337 1623 3586 1690 quaedam

2004 1699 2308 1766 mendacia,
2345 1710 2400 1756 et
2432 1704 2634 1759 multas
2672 1715 2861 1761 contra
2893 1723 3017 1762 eum
3053 1709 3277 1765 fraudes
3309 1713 3589 1782 excogita-

2003 1788 2113 1854 vit;
2163 1789 2417 1857 quaedam
2471 1793 2833 1862 probabiliter
2880 1797 3124 1866 quidem,
3164 1801 3410 1868 quaedam
3460 1816 3590 1856 vero

2005 1895 2100 1949 per
2146 1882 2480 1938 calumniam
2535 1897 2784 1942 amenter
2848 1889 3192 1959 conﬁngens.
3254 1893 3433 1963 Atque
3473 1893 3589 1948 inec

2002 1969 2223 2038 quidem
2255 1969 2510 2027 Hemerio
2536 1976 2771 2044 patricio
2805 1987 2859 2030 et
2914 1979 3205 2046 logotheta:
3253 1997 3451 2037 cursus
3485 1999 3587 2052 pu-

2004 2060 2130 2116 blici
2163 2061 2410 2117 confisus
2447 2064 2744 2120 scribebat.
2779 2062 2845 2118 Et
2892 2066 2939 2118 is
2993 2081 3125 2120 sane
3163 2075 3291 2120 tunc
3324 2070 3589 2137 temporis

2003 2150 2293 2207 Eustatbio
2318 2155 2494 2224 magis
2515 2171 2680 2225 quam
2735 2156 3029 2211 Stanracio
3061 2158 3300 2224 favebat,
3335 2161 3438 2216 etsi
3465 2176 3590 2229 pos-

2004 2251 2089 2298 tea
2144 2244 2355 2312 inimici
2392 2250 2555 2301 ambo
2615 2247 2961 2303 infestissimi
3015 2249 3246 2306 fuerint.
3303 2252 3589 2322 Ejusmodi

2004 2335 2173 2404 igitur
2230 2334 2509 2391 Eustathii
2574 2339 2846 2394 relatione
2896 2348 3122 2411 accepta
3186 2341 3506 2410 imperator,
3535 2353 3592 2400 et

2004 2425 2243 2488 llemerii
2305 2428 2520 2498 patricii
2599 2430 2863 2498 petitione
2913 2447 3258 2502 persuasus,
3311 2436 3588 2505 capitanei

2004 2516 2165 2572 iSIius
2199 2517 2520 2586 dignitatem
2572 2519 3016 2588 protOSpathario
3051 2520 3348 2575 Eustathio
3379 2523 3587 2577 vicario

2004 2609 2174 2664 dedit.
2209 2607 2314 2666 Sed
2339 2609 2405 2662 ad
2439 2625 2675 2679 superos
2713 2612 2858 2666 elato
2906 2612 3067 2666 beato
3101 2612 3196 2665 illo
3223 2612 3579 2681 imperatore,

2003 2700 2312 2758 Alexander
2340 2701 2461 2770 ejus
2495 2700 2666 2757 frater
2687 2703 2920 2770 imperio
2946 2704 3153 2773 potitus
3190 2702 3360 2758 ferme
3387 2719 3585 2760 omnes

2007 2803 2037 2844 ο
2069 2789 2236 2845 fratre
2280 2791 2612 2860 imperatore
2643 2791 2908 2846 defuncto
2953 2791 3262 2848 honoribus
3306 2802 3500 2850 auctos
3530 2794 3586 2850 in

2007 2883 2256 2942 ordinem
2317 2883 2550 2954 redegit,
2603 2884 2892 2938 hominum
2965 2885 3333 2954 malignorum
3395 2887 3584 2956 pravis

2008 2975 2254 3031 consiliis
2278 2991 2601 3046 persuasus;
2623 2985 2676 3030 et
2693 2977 2775 3032 sic
2806 2975 3117 3042 Eustathio,
3136 2993 3298 3049 quem
3321 2978 3588 3046 diximus,

311 3070 486 3138 ῶπου.
542 3071 638 3142 Τῷ
685 3071 743 3124 δὲ
805 3074 1061 3143 μακαρίῳ
1107 3073 1318 3143 βασιλεῖ
1357 3074 1447 3126 τδν
1495 3073 1610 3142 βίον
1645 3076 1752 3129 ἀπὸ
1795 3076 1904 3130 τῶν

2011 3066 2270 3122 honorem
2309 3084 2415 3122 non
2471 3068 2658 3123 itidem
2717 3070 3057 3138 prorogavit,
3121 3072 3216 3126 sed
3260 3073 3428 3124 alium
3483 3072 3588 3143 ipsi

312 3162 608 3232 κάτωῶι)
639 3163 779 3227 πρὸς
833 3164 901 3216 τὰ
932 3165 1045 3216 ἀνω
1081 3165 1506 3235 μετηλλαχότος,
1555 3165 1907 3237 Ἀλέξανδρος

313 3253 346 3308 6
375 3252 613 3322 ἁδελφὸς
653 3253 820 3307 αὐτοῦ
849 3253 946 3307 τοῦ
991 3255 1392 3328 αὐτοκράτορος
1421 3257 1596 3329 ἀρχῆς
1631 3259 1908 3331 ἐγκρατὴς

320 3343 584 3414 τιτονὼς,
612 3345 690 3409 ὡς
723 3345 937 3409 πάντας
962 3347 1090 3408 τοὺς
1142 3348 1248 3401 ὑπὸ
1291 3347 1386 3402 τοῦ
1439 3350 1711 3419 μακαρίου
1751 3350 1905 3420 βασι-
1944 3391 1952 3397 -

325 3433 578 3502 Μιρςκαὶ
607 3435 844 3504 ἁδελφοῦ
878 3437 1044 3490 αὑτοῦ
1081 3439 1495 3509 προκληθέντας
1537 3440 1594 3495 ἐν
1624 3459 1768 3494 τισιν
1802 3443 1907 3512 ἀρ-

338 3529 446 3596 χαῖς
485 3527 792 3594 διεδέξατο,
856 3531 1212 3600 χαιρεκὰκοις
1244 3533 1349 3586 ’καὶ
1407 3532 1764 3595 κακοὸούλοις
1809 3535 1907 3587 ἀν-

341 3617 484 3692 δρᾲσι
523 3620 804 3685 πεισθεὶς,
860 3619 1005 3673 οὕτω
1029 3621 1093 3691 δὴ
1121 3621 1218 3676 καὶ
1246 3623 1338 3678 τὸν
1374 3623 1764 3694 προρρηθέντα
1802 3624 1908 3677 Εὑ-

348 3707 863 3778 σιωιωδιεδέξατο,
888 3713 983 3766 καὶ
1015 3713 1131 3766 ἀντ’
1167 3712 1333 3767 αὐτοῦ
1370 3713 1670 3784 πεποίηκεν
1694 3715 1902 3784 ἓτερον.

355 3796 414 3852 ὀ
430 3797 536 3872 pip
553 3801 698 3868 Χασὲ
742 3806 954 3866 ἐκεῖνος
982 3805 1011 3856 6
1047 3804 1112 3857 ὲκ
1159 3805 1498 3875 Σαρακηνῶν
1529 3805 1607 3876 τῷ
1633 3805 1781 3875 γένει
1811 3808 1906 3878 ὀρ-

333 3890 608 3960 μώμενος,
631 3893 960 3965 Σαρακηνὸς
987 3892 1045 3945 δὲ
1073 3891 1151 3963 τῷ
1179 3894 1291 3947 ὄντι
1342 3897 1409 3966 τῇ
1448 3893 1642 3966 γνώμῃ
1697 3898 1789 3950 καὶ
1827 3896 1905 3968 τῷ

320 3983 505 4055 τρόπῳ
558 3985 1006 4056 καὶτῇλατρεὶᾳ
1049 3985 1332 4053 διατελῶν,
1386 3989 1414 4040 6
1470 3987 1565 4040 τοῦ
1612 3989 1903 4059 πατρικίου

314 4075 601 4144 Δαμιανοῦ
644 4076 854 4142 δοῦλος,
911 4077 1034 4129 ἐπεὶ
1081 4075 1285 4146 πολλὴν
1320 4077 1637 4147 παρρησίαν
1684 4071 1798 4147 εἷχε
1828 4077 1904 4147 τῷ

315 4170 433 4222 τότε
469 4168 677 4240 καιρῷ,
697 4170 725 4222 6
754 4168 1254 4239 πρωτοσπαθάριος
1283 4162 1440 4232 οὗτος
1469 4170 1619 4222 Χασὲ
1649 4170 1786 4240 πρὸς
1811 4170 1903 4222 τὸν

315 4256 474 4326 κῦριν
522 4258 881 4329 Ἀλέξανδρον
935 4258 1030 4311 τὸν
1092 4257 1341 4330 βασιλέα,
1403 4259 1670 4322 ὡσαύτως
1721 4262 1816 4313 καὶ
1871 4263 1898 4314 6

311 4347 814 4419 πρωτοσπαθάριος
841 4348 1088 4419 Νικήτας
1118 4349 1146 4402 ὁ
1175 4349 1407 4418 ἁδελφὸς
1436 4349 1534 4404 τοῦ
1563 4350 1732 4416 Χασὲ,
1759 4353 1785 4404 6
1808 4353 1902 4406 καὶ

2010 3160 2316 3221 substituit.
2350 3158 2484 3215 Nam
2517 3163 2998 3231 protospatharius
3030 3162 3210 3218 Chase
3249 3163 3339 3218 ille
3368 3179 3398 3218 a
3427 3165 3591 3219 Sara-

2008 3252 2160 3308 cenis
2213 3267 2385 3321 genus
2427 3252 2662 3314 ducens,
2715 3262 2771 3306 et
2824 3269 2903 3306 re'
2938 3255 3056 3324 ipsa
3115 3271 3308 3311 eorum
3367 3273 3588 3326 quoque

2006 3345 2358 3408 sententiam,
2409 3356 2616 3408 mores,
2667 3358 2733 3397 ac
2769 3347 2979 3399 cultum
3033 3349 3305 3412 retinens,
3341 3348 3588 3403 Damiani

2005 3435 2226 3504 patricii
2263 3451 2478 3500 servus,
2502 3435 2802 3505 plurimum
2833 3448 2964 3492 tunc
2991 3439 3168 3510 gratia
3203 3442 3416 3495 valebat
3446 3445 3591 3512 apud

2006 3524 2378 3578 Alexandrum
2421 3526 2834 3594 imperatorem,
2871 3530 3332 3596 quemadmodum
3378 3543 3431 3585 et
3463 3549 3591 3602 pro-

2005 3615 2387 3682 tospatharius
2419 3611 2644 3674 Nicetes
2676 3615 2798 3684 ejus
2847 3617 3039 3682 frater,
3070 3619 3162 3687 qui
3198 3621 3364 3673 etiam
3396 3621 3591 3689 Cibyr-

2007 3705 2338 3758 rbaeotarum
2363 3713 2563 3775 praetor
2587 3707 2655 3760 ab
2680 3708 2870 3762 eodem
2895 3708 3227 3776 imperatore
3253 3710 3433 3765 factus
3463 3711 3586 3767 fuit.

2005 3794 2110 3852 Hic
2170 3796 2331 3866 138
2383 3796 2550 3866 igitur
2606 3795 2826 3854 Nicctas
2886 3798 3132 3868 praedicti
3185 3801 3364 3856 Chase
3421 3801 3592 3857 frater

2008 3887 2393 3956 imperatorem
2443 3889 2812 3958 compellavit,
2857 3899 3114 3960 Oportere
3167 3893 3270 3947 sibi
3308 3903 3365 3947 ut
3415 3894 3592 3948 amico

2009 3980 2180 4035 veteri
2209 3979 2534 4036 beneficium
2556 3981 2818 4048 conferri,
2858 3999 2984 4038 esse
3035 3993 3216 4038 autem
3248 4000 3417 4039 unum
3445 3986 3592 4054 quod

2007 4073 2078 4128 ab
2135 4073 2257 4141 ejus
2285 4073 2576 4140 majestate
2607 4082 2840 4144 peteret,
2899 4075 2954 4128 in
2994 4091 3104 4145 quo
3148 4077 3401 4132 exaudiri
3428 4077 3593 4131 debe-

2007 4179 2091 4226 ret
2128 4184 2142 4220 :
2181 4167 2515 4236 imperatore
2566 4183 2699 4222 vero
2741 4168 3077 4237 ambigente,
3111 4169 3594 4240 interroganteque

2008 4255 2273 4326 quidnam
2298 4255 2430 4310 illud
2479 4263 2649 4321 esset,
2676 4263 2730 4310 et
2777 4256 3069 4324 pollicente
3105 4257 3285 4326 ipsum
3324 4259 3398 4319 id,
3434 4258 3594 4326 quid-

2009 4345 2140 4415 quid
2165 4344 2385 4400 tandem
2414 4354 2582 4411 esset,
2617 4346 3040 4413 impetraturum
3079 4360 3224 4407 csse,
3265 4347 3587 4414 respondit:

309 4441 420 4495 τῶν
473 4441 915 4512 Κιϐυρραιωτῶν
970 4442 1282 4512 στρατηγὸς
1316 4444 1562 4511 γεγονὼς
1600 4444 1752 4515 παρὰ
1809 4445 1904 4498 τοῦ

2019 4437 2094 4494 Ut
2131 4439 2276 4493 filius
2337 4453 2492 4492 meus
2550 4437 2876 4506 capitaneus
2929 4435 3326 4490 Mardaitarum
3377 4437 3592 4491 Attalida

312 4535 484 4588 αὑτοῦ
519 4535 693 4606 κυροῦ
727 4534 1082 4604 Ἀλεξάνδρου
1114 4539 1210 4588 τοῦ
1249 4534 1534 4604 βασιλέως.
1559 4536 1617 4587 '0
1650 4536 1904 4605 Νικήτας

311 4624 408 4694 οὖν
461 4623 622 4692 οὗτος
675 4631 704 4681 6
743 4628 976 4696 ἀδελφὸς
1027 4627 1125 4683 τοῦ
1177 4629 1586 4701 προρρηθέντος
1622 4629 1772 4682 Χασὲ
1808 4629 1901 4681 τὸν

316 4721 549 4792 βασιλέα
583 4722 848 4792 ᾐτήσατο,
882 4722 964 4781 ὅτι
998 4720 1084 4784 Ὠς
1115 4721 1342 4792 ἀρχαῖόν
1374 4737 1466 4774 σου
1501 4721 1655 4789 φίλον
1686 4722 1910 4791 εὐεργε-

309 4817 426 4866 τεῖν
460 4831 529 4884 με
556 4814 768 4886 πρέπον
799 4813 983 4881 ἐστὶν,
1017 4812 1074 4866 ἒν
1107 4813 1165 4869 δὲ
1195 4813 1332 4881 πρὸς
1361 4813 1460 4884 τὴν
1486 4812 1770 4884 βασιλείαν
1807 4829 1901 4866 σου

313 4889 527 4975 αἴτημα
557 4904 688 4976 ἔχω,
716 4907 810 4960 καὶ
839 4906 1047 4960 δίκαιόν
1076 4908 1223 4958 ἐστιν
1252 4905 1572 4959 εἰσακοῦσαί
1625 4923 1749 4974 μου.
1784 4904 1892 4957 Τοῦ

312 5001 370 5052 δὲ
401 5000 676 5070 βασιλέως
729 4999 1162 5070 διαπορουμένου
1217 4999 1312 5051 καὶ
1351 4999 1793 5069 ἀντε-ρωτῶντος,
1847 4996 1900 5050 τί

311 5089 379 5143 ἂν
407 5092 494 5162 εἴη
527 5091 689 5144 τοῦτο
720 5091 783 5144 τὸ
810 5092 1044 5162 αἴτημα,
1075 5091 1169 5144 καὶ
1203 5090 1339 5157 ὅπερ
1359 5091 1452 5143 ἐὰν
1477 5092 1624 5143 ἐστὶν
1654 5081 1900 5143 ὑπακοῦ-

315 5196 406 5234 σαι
437 5179 819 5252 ὑποσχομένου
850 5180 988 5252 (32),
1035 5183 1064 5234 6
1097 5179 1436 5250 προρρηθεὶς
1489 5178 1737 5248 Νικήτας
1763 5179 1899 5249 ᾐτή-

2007 4542 2221 4602 creetur
2256 4547 2272 4595 ;
2318 4529 2553 4598 ejusque
2587 4528 2836 4596 petitioni
2869 4526 3218 4582 satisfaciens
3268 4531 3588 4596 Imperator,

2006 4621 2300 4676 Abercium
2344 4618 2975 4688 Spatbarocandidatum
3033 4616 3237 4674 Nicetze
3289 4619 3590 4688 Protospa-

2011 4712 2177 4767 tharii
2205 4711 2402 4774 ﬁlium,
2448 4709 2503 4764 in
2541 4725 2805 4779 processu
2863 4709 3238 4764 introductum
3281 4710 3335 4764 in
3395 4709 3594 4764 Tricli-

2011 4806 2161 4859 nium
2223 4817 2449 4856 aureum
2515 4800 2908 4858 Mardaitarum
2965 4803 3182 4872 Attaliae
3237 4803 3588 4872 capitaneum

2006 4898 2344 4968 designavit;
2369 4896 2831 4965 quemadmodum
2897 4905 3058 4951 antea
3091 4898 3304 4952 beatus
3343 4896 3452 4951 Leo
3484 4899 3592 4950 im~

2008 5000 2224 5058 perator
2279 4986 2630 5042 Stauracium
2679 4988 2876 5058 Platyn
2919 4989 3394 5059 cognominatum.
3433 4986 3496 5039 Et
3523 5003 3592 5041 eo

2007 5083 2228 5153 quidem
2271 5082 2404 5144 ritu,
2445 5090 2504 5135 ut
2534 5081 2692 5136 initio
2723 5082 2858 5147 dixi,
2892 5084 3206 5152 antiquitus
3250 5083 3315 5136 ab
3345 5082 3589 5150 impera-

2009 5183 2127 5230 tore
2158 5174 2550 5229 Mardaitarum
2585 5177 2908 5245 capitaneus
2940 5174 3352 5244 designabantur.
3393 5172 3594 5226 δείρῃ-ι

1508 5313 1811 5370 ANSELMI
1844 5311 2169 5368 BANDURII
2201 5311 2434 5366 NOTAE.

383 5435 496 5508 (3i)
531 5436 848 5514 Sic_ex_ms.
881 5436 1097 5514 codice.
1129 5435 1197 5491 Et
1222 5437 1406 5514 paulo
1434 5433 1576 5514 infra
1610 5434 1669 5514 ὃς
1694 5448 1797 5514 pro
1819 5432 1896 5496 ὥς

317 5504 600 5578 perperam
639 5508 843 5578 legitur
892 5507 946 5561 in
982 5523 1114 5561 mss.
1139 5504 1276 5561 etin
1322 5506 1524 5570 editis;
1555 5504 1650 5578 sed
1687 5505 1894 5578 optime

316 5573 564 5633 emendat
598 5573 878 5634 Meursius
903 5595 919 5642 ;
942 5578 1053 5659 ,ιιιιί
1090 5593 1376 5659 perperam
1420 5587 1599 5659 tamen
1635 5577 1780 5659 [illam
1809 5573 1891 5659 lo-

2005 5432 2244 5489 ordiuem
2280 5431 2513 5502 redegit;
2549 5429 2697 5500 quod
2741 5427 2965 5498 quidem
3010 5425 3172 5479 facile
3208 5433 3263 5479 et
3294 5419 3586 5492 sequentia

2004 5505 2291 5644 ωῗέὲῖηίίο
2324 5587 2427 5627 ms.
2467 5571 2658 5644 codex.
2705 5569 2758 5622 In
2796 5569 2958 5644 editis
3012 5577 3300 5639 perperam
3348 5559 3580 5632 legitur,

318 5662 435 5702 eum
471 5651 875 5715 interpretatur
905 5640 1028 5704 Sic:
1058 5640 1147 5716 qui
1176 5640 1354 5702 omnes
1388 5665 1419 5701 a
1455 5643 1892 5716 [ratredefuncto

2005 5640 2097 5699 καῖ
2129 5640 2266 5716 ὅπερ
2297 5644 2392 5697 ἐὰν
2416 5643 2562 5697 ἐστὶν
2595 5640 2990 5710 ὑποσχομενόν,
3023 5647 3128 5694 ctc.

319 5717 596 5782 honoribus
631 5729 823 5778 auctos
877 5715 1226 5785 cominnarit,
1278 5727 1384 5776 etc.
1425 5715 1567 5788 Lege
1605 5717 1791 5787 potius
1836 5715 1891 5768 in
