4050 6466
422 316 530 380 383

1430 318 1915 384 CONSTANTIN
1921 321 1948 380 Ι
1987 320 2666 384 PORPHYROGENITI

3559 319 3662 382 384

423 434 553 487 dum
584 437 766 486 autem
796 431 901 488 sub
917 429 1224 502 Theophila
1245 431 1573 503 imperatore
1601 435 1986 490 Accubitorem

2102 455 2249 503 σατο,
2279 439 2361 492 ὅτι
2395 439 2500 492 Τὸν
2529 437 2644 490 υίόν
2676 419 2778 508 μου
2809 434 3067 506 αἰτοῦμαι
3104 436 3191 488 ἵνα
3223 435 3421 506 ποιήσῃ
3451 436 3481 506 ἡ
3508 436 3667 506 βασι-

425 522 601 578 fuisse
647 522 1071 578 Scholasticium
1101 522 1434 588 Ostiarium,
1463 537 1518 581 et
1569 526 1673 580 sub
1731 524 1995 581 Michaele

424 614 544 683 ejus
597 613 710 668 ﬁlio
744 615 1071 670 Damianum
1121 617 1434 685 patricium,
1479 623 1535 670 et
1565 624 1689 685 post
1709 631 1834 670 eum
1891 617 1996 672 sub

422 705 614 760 eodem
656 705 919 761 Basilium
945 707 1038 775 qui
1068 715 1255 775 postea
1285 706 1490 762 Christi
1532 720 1728 762 amans
1752 707 1993 777 impera-

423 805 513 849 tor
546 794 666 851 fuit.
698 795 803 851 Sed
825 796 926 851 sub
953 795 1156 852 Basilio
1181 795 1388 852 Christi
1415 805 1635 852 amante
1661 798 2000 868 imperatore

424 889 606 955 quoad
634 902 806 957 usque
833 887 1089 957 regnavit
1117 886 1302 942 nullus
1324 886 1429 942 fuit
1450 889 1735 944 accubitor
1758 909 1772 956 ;
1796 905 1998 945 verum

425 979 728 1048 imperante
759 978 939 1034 Leone
971 979 1168 1033 iterum
1207 979 1309 1034 hac
1351 979 1618 1051 dignitate
1643 979 1873 1038 ornatus
1911 990 2002 1038 est

428 1070 696 1125 Samonas
743 1069 1029 1139 patricius,
1065 1079 1120 1125 ct
1140 1079 1264 1141 post
1311 1087 1437 1126 eum
1468 1073 1572 1128 sub
1601 1077 1792 1130 eodem
1828 1075 1998 1145 impe-

427 1169 608 1214 ratore
645 1159 1044 1216 Constantinus
1119 1162 1410 1230 patricius.
1465 1164 1776 1220 Alexandro
1821 1174 2002 1220 autem

426 1250 718 1319 imperium
756 1257 981 1306 tenente
1011 1253 1298 1308 accubitor
1344 1265 1566 1310 creatus
1597 1256 1697 1310 fuit
1732 1255 2004 1312 Barbatus

425 1340 725 1409 patricius;
757 1349 812 1395 et
859 1343 962 1396 sub
990 1341 1358 1398 Constantino
1388 1345 1598 1401 Christi
1647 1355 1870 1402 amante
1904 1348 2006 1400 im-

427 1439 680 1499 peratore
708 1444 927 1484 rursum
956 1430 1358 1490 Constantinus
1381 1435 1649 1504 patricius
1679 1435 1806 1502 fuit,
1845 1438 2006 1505 cujus

2096 530 2215 583 λεία
2248 546 2342 583 σου
2374 529 2668 582 κατεπάνω
2714 527 2822 581 τῶν
2856 527 3186 600 Μαρδαῖτῶν
3227 525 3544 588 ’Δτταλίας’
3573 527 3672 579 οὖ-

2095 637 2241 683 τινος
2273 622 2302 672 6
2333 619 2592 688 βασιλεὺς
2620 621 2689 690 τῇ
2720 620 2936 689 αἰτήσει
2983 618 3250 682 πεισθεὶς,
3285 617 3381 669 ἐπὶ
3408 617 3671 687 προελεύ-

2099 726 2238 773 σεως
2272 709 2587 778 εἰσαγαγὼν
2646 708 2740 761 ἐπὶ
2786 707 2882 760 τοῦ
2927 705 3389 778 Χρυσοτρικλίνου
3432 705 3524 759 τὸν
3553 706 3672 758 υίδν

2097 799 2192 852 τοῦ
2221 798 2714 870 πρωτοσπαθαρίου
2735 798 2955 867 Νικήτα
2980 797 3073 850 τὸν
3095 795 3674 865 Σπαθαροκανδιδᾶτον

2113 891 2418 960 Ἀδέρκιον,
2449 889 2789 958 προεϐάλετο
2836 889 3000 942 αὐτὸν
3030 889 3324 942 κατεπάνω
3377 887 3487 940 τῶν
3513 887 3677 955 Μαρ-

2100 982 2296 1036 δαῖτῶν
2333 981 2640 1046 ’Δτταλίας,
2695 979 2878 1044 καθὼς
2929 980 3086 1034 καὶό
3132 978 3402 1049 μακάριος
3451 978 3602 1032 Λέων
3649 980 3682 1030 6

2104 1073 2357 1144 βασιλεὺς
2415 1073 2680 1144 πρότερον
2715 1072 3053 1142 Σταυράκιον
3089 1071 3180 1126 τὸν
3225 1070 3443 1124 Πλατὺν
3487 1071 3684 1122 ἐπονο-

2107 1163 2438 1235 μαζόμενον.
2483 1163 2594 1217 Καὶ
2627 1164 2655 1215 6
2688 1164 2748 1228 ἐξ
2776 1162 3014 1233 ἀρχῆθεν
3061 1161 3292 1224 παλαιὸς
3320 1160 3459 1231 ἔχων
3485 1160 3684 1224 τύπος,

2106 1253 2288 1316 καθὼς
2341 1255 2400 1308 ὲν
2461 1255 2654 1325 ἀρχαῖς
2696 1255 2933 1324 εἴρηται,
2967 1253 3072 1305 ὑπὸ
3101 1252 3196 1305 τοῦ
3230 1251 3497 1321 βασιλέως
3542 1267 3686 1320 προ·-

2106 1344 2398 1398 6άλλεσθαι
2453 1346 2544 1398 τὸν
2605 1346 2901 1399 κατεπάνω
2950 1344 3300 1416 Μαρδαῖτῶν.
3341 1344 3538 1397 Ἰστέον
3600 1345 3686 1398 ὅτι

2107 1439 2201 1490 ἐπὶ
2228 1436 2494 1508 βασιλέως
2521 1435 2615 1490 τοῦ
2637 1436 2897 1504 Θεοφίλου
2927 1435 3435 1506 παρακοιμώμενος
3489 1433 3690 1501 γέγονε

367 5509 380 5516 ν
469 5447 720 5518 ᾠκειώοη
774 5445 850 5515 τῷ
884 5443 1210 5518 βασρεῖλιιῐ
1236 5443 1445 5518 scribit
1471 5443 1712 5518 Zonaras
1748 5444 1829 5518 in_
1856 5443 2046 5499 eodem

429 1527 588 1573 antea
646 1521 980 1576 mentionem
1039 1523 1142 1578 feci
1201 1525 1306 1580 sub
1355 1524 1583 1580 Domino
1625 1524 1828 1582 Leone.
1893 1529 2003 1583 Sub

2110 1529 2483 1599 σχολαστίκιος
2540 1528 2820 1598 όστιάριος
2845 1543 2861 1559 ο
2913 1527 3009 1579 ἐπὶ
3042 1527 3100 1579 δὲ
3127 1525 3348 1597 Μιχαὴλ
3379 1524 3494 1578 υίοῦ
3547 1525 3688 1578 Θεο-

429 1609 679 1665 Romano
729 1613 1064 1682 imperatore
1099 1615 1246 1670 hunc
1301 1617 1566 1672 honorem
1623 1619 1795 1673 tenuit
1829 1618 2003 1674 Theo-

2111 1621 2266 1690 φίλου
2317 1620 2816 1690 παρακοιμώμενος
2879 1618 3148 1688 Δαμιανὸς
3210 1616 3534 1688 πατρίκιος·
3597 1617 3696 1668 καὶ

431 1702 639 1771 phaucs
661 1704 967 1772 patricius;
1010 1706 1113 1760 sub
1148 1705 1512 1763 Constantino
1567 1719 1748 1764 autem
1805 1711 2003 1766 iterum

2117 1711 2254 1783 μετὰ
2285 1710 2473 1765 τοῦτον
2501 1711 2592 1763 ἐπὶ
2618 1710 2713 1763 τοῦ
2747 1709 2913 1764 αὐτοῦ
2963 1709 3154 1778 γέγονε
3190 1709 3696 1778 παρακοιμώμενος

432 1769 679 1848 Basilius
729 1769 1016 1864 patricius.
1084 1797 1195 1852 Sub
1254 1800 1584 1869 imperatore
1647 1801 1742 1856 illo
1800 1801 2003 1856 Christi

2117 1769 2398 1867 Baollewc
2423 1806 2452 1857 6
2481 1802 2829 1872 φιλόχριστος
2866 1769 3142 1871 βασίλεύς.
3187 1769 3313 1853 Ἐπὶ
3356 1799 3411 1852 δὲ
3437 1769 3548 1851 ’τοδ
3585 1799 3698 1852 BJ-

433 1883 838 1950 amantissimo,
879 1893 934 1941 et
981 1896 1241 1956 perpetua
1292 1891 1555 1944 memoria
1606 1891 1772 1963 digno
1826 1891 2003 1947 Leone

2121 1898 2321 1951 σιλείου
2355 1896 2702 1966 φιλοχρίστου
2754 1895 3017 1948 δεσπότου
3077 1892 3580 1966 παρακοιμὼμενος
3629 1894 3696 1946 οὐ

433 1973 635 2030 Ctenas
664 1975 752 2030 ille
779 1977 936 2041 vixit,
968 1979 1206 2033 clericus
1249 1987 1411 2034 aetate
1458 1982 1664 2050 gravis,
1696 1991 1749 2036 et
1781 1982 2003 2037 omnino

2119 1989 2309 2057 γέγονε
2339 1989 2407 2040 δι’
2431 1988 2560 2058 ὅλης
2598 1985 2764 2040 αὐτοῦ
2792 1986 2890 2054 τῆς
2921 1984 3220 2055 βασιλείας.
3237 1984 3360 2037 Ἐπὶ
3385 1984 3441 2036 δὲ
3466 1983 3699 2046 Λέοντος

435 2066 612 2130 dives,
654 2082 807 2122 nova:
873 2069 1134 2124 Ecclesia:
1188 2069 1554 2139 domesticus,
1601 2072 1695 2141 qui
1762 2074 2003 2129 canendo

2119 2081 2214 2134 τοῦ
2250 2080 2599 2150 φιλοχρίστου
2652 2077 2916 2130 δεσπότου
2961 2075 3460 2147 παρακοιμώμεγος
3503 2075 3700 2143 γέγονε

434 2168 628 2210 omnes
685 2157 769 2210 sui
823 2160 1089 2227 temporis
1153 2159 1539 2215 antecellebat.
1597 2161 1696 2218 llic
1759 2163 2003 2220 Samona

2122 2171 2388 2242 Σαμῶνας
2424 2171 2452 2223 ὁ
2487 2169 2803 2240 πατρίκιος·
2842 2168 2935 2221 καὶ
2968 2168 3106 2237 μετὰ
3139 2167 3328 2220 τοῦτον
3349 2167 3441 2220 ἐπὶ
3469 2166 3563 2219 τοῦ
3597 2166 3702 2218 αὒ-

437 2247 692 2315 patricio,
719 2249 810 2317 qui
851 2257 980 2304 tunc
1001 2253 1270 2322 temporis
1308 2255 1594 2312 accubitor
1615 2266 1754 2318 erat,
1788 2273 2003 2327 persua-

2121 2264 2216 2318 τοῦ
2277 2262 2538 2334 βασιλέως
2591 2262 2785 2330 γέγονε
2839 2260 3250 2320 Κωνστανττνος
3296 2259 3324 2310 6
3385 2258 3693 2329 πατρίκιος.

439 2338 532 2401 sit,
561 2339 638 2393 uti
678 2355 777 2410 pro
816 2358 875 2397 se
930 2345 1074 2414 apud
1116 2345 1501 2418 imperatorem
1534 2349 1923 2416 intercederet,
1954 2360 2003 2407 ut

2135 2357 2260 2410 Ἐπὶ
2293 2355 2350 2407 δὲ
2393 2353 2744 2423 Ἀλεξάνδρου
2772 2351 2864 2405 τοῦ
2898 2350 3160 2421 βασιλέως
3188 2351 3380 2419 γέγονε
3431 2367 3698 2421 παρακοι-

439 2433 920 2501 protospatharius
986 2435 1160 2503 ﬁeret,
1213 2448 1268 2494 et
1301 2455 1582 2496 camasum
1617 2440 1806 2506 ferret,
1860 2456 1925 2497 ac
1961 2442 2003 2497 in

2126 2445 2379 2517 μώμενος
2405 2445 2698 2515 πατρίκιος
2743 2442 3049 2514 Βαρδάτος.
3094 2443 3220 2497 Ἐπὶ
3247 2442 3305 2494 δὲ
3351 2441 3702 2497 Κωνσταντί-

439 2521 766 2578 Lausiacum
807 2529 1249 2596 progrederetur,
1292 2532 1619 2602 sederetque
1673 2533 1840 2588 veluti
1889 2549 2003 2604 pro-

2123 2556 2216 2592 νου
2246 2538 2339 2591 τοῦ
2379 2537 2729 2606 φιλοχρίστου
2771 2535 3031 2588 δεσπότου
3072 2533 3262 2602 γέγονε
3315 2533 3482 2588 πάλιν
3544 2534 3705 2586 Κων-

443 2616 843 2685 tospatharius,
886 2635 1188 2692 rogamque
1238 2624 1517 2694 acciperet
1579 2625 1774 2680 libram
1829 2643 2003 2682 unam.

2127 2632 2403 2692 παντῖνος
2455 2627 2743 2698 πατρίκιος
2790 2627 2818 2678 6
2859 2624 3194 2697 προρῤηΘεὶς
3227 2623 3319 2677 ἐπὶ
3351 2625 3575 2685 Λέοντος
3606 2623 3703 2676 δε-

443 2718 503 2758 se
563 2703 728 2775 hujus
797 2708 874 2762 rei
943 2725 1111 2765 causa
1169 2711 1484 2782 imperatori
1528 2714 1783 2769 daturum
1851 2717 2003 2771 libra:

2128 2721 2352 2774 σπότου.
2418 2719 2543 2773 Ἐπὶ
2599 2719 2657 2772 δὲ
2721 2714 3006 2788 Ῥωμανοῦ
3076 2702 3339 2768 δεσπότου
3410 2714 3703 2784 Θεοφάνης

444 2796 830 2867 quadraginta.
864 2799 935 2852 At
973 2800 1273 2870 imperator
1302 2803 1616 2870 recusabat,
1661 2804 1850 2860 dicens
1902 2806 2000 2859 ﬁer

2129 2813 2417 2884 πατρίκιος
2438 2829 2452 2844 ο
2481 2812 2574 2864 ἐπὶ
2612 2810 2670 2863 δὲ
2709 2807 3124 2862 Κωνσταντίνου
3148 2807 3208 2859 τὸ
3231 2806 3484 2876 δεύτερον
3508 2806 3705 2875 γέγονε

445 2903 557 2942 non
593 2903 778 2958 posse,
841 2897 895 2944 et
935 2891 1226 2960 majestate
1264 2909 1364 2949 sua
1417 2895 1727 2966 indignum,
1759 2896 2003 2970 clericus

2130 2901 2407 2965 Βασίλειος
2467 2910 2772 2972 πατρίκιος.
2815 2899 3012 2953 ’ἰστέον
3067 2901 3149 2953 ὅτι
3201 2899 3294 2951 ἐπὶ
3333 2898 3560 2960 Λέοντος
3601 2896 3702 2950 τοῦ

447 2979 564 3035 ﬁeri
601 2986 1128 3054 protospatharium.
1192 2986 1349 3052 Quod
1388 3003 1515 3043 cum
1555 3005 1618 3044 ex
1665 2989 1906 3045 Samona
1932 3007 2003 3061 pa-

2131 2994 2478 3064 φιλοχρίστου
2511 2994 2605 3047 καὶ
2643 2991 2972 3063 ἀειμνήστου
3022 2989 3286 3061 βασιλέως
3314 2985 3384 3061 ἦν
3436 2992 3465 3042 6
3490 2989 3704 3052 Κτενᾶς

447 3073 610 3128 tricio
650 3076 791 3130 idem
820 3077 912 3132 ille
942 3076 1146 3133 Ctenas
1170 3079 1552 3144 intellexisset,
1577 3081 1644 3135 ad
1665 3082 2003 3153 quadragint:

2133 3087 2338 3147 ἐκεῖνος
2364 3083 2542 3154 γέρων
2567 3082 2824 3160 κληρικδς
2862 3080 3004 3134 πάνυ
3036 3079 3315 3144 πλούσιος,
3352 3078 3502 3142 ὅστις
3524 3073 3590 3148 ἦν
3611 3077 3713 3132 καὶ

450 3165 620 3221 libras
660 3168 937 3223 inaurium
979 3185 1079 3239 par
1148 3187 1318 3225 unum
1377 3173 1582 3240 adjecit
1643 3174 1798 3231 libris
1842 3175 2003 3232 decen

2128 3177 2452 3247 δομέστικος
2476 3177 2556 3237 εἰς
2581 3173 2678 3244 τὴν
2706 3173 2854 3226 Νέαν
2892 3171 3247 3241 Ἐκκλησίαν·
3287 3170 3498 3241 ὑπῆρχε
3525 3168 3583 3223 δὲ
3621 3185 3716 3222 τε-

451 3257 826 3323 aestimatum;
855 3268 910 3313 et
945 3260 1250 3315 mensulam
1296 3262 1540 3317 caelatam
1566 3249 1887 3335 ex'argento
1917 3282 2003 3322 n01

2129 3267 2316 3337 χνίτης
2347 3267 2427 3326 εἰς
2454 3265 2516 3318 τὸ
2549 3261 2704 3335 ᾆσμα
2723 3304 2738 3330 ,
2771 3257 2883 3326 οἷος
2914 3262 2994 3332 τῷ
3031 3262 3154 3316 τότε
3181 3261 3358 3333 καιρῷ
3387 3261 3571 3330 ἔτερος
3609 3260 3716 3313 οὐκ

452 3347 671 3418 signato
711 3349 1041 3414 inauratam,
1097 3360 1153 3407 et
1203 3355 1496 3424 sculptam,
1540 3355 1702 3424 cujus
1741 3357 1871 3413 item
1909 3373 2003 3429 pre

2129 3355 2219 3430 ἦν.
2260 3359 2317 3410 Ὀ
2350 3357 2408 3410 δὲ
2434 3355 2597 3419 αὐτὸς
2626 3356 2837 3417 Κτενᾶς
2864 3355 2956 3408 τὸν
2989 3355 3279 3423 πατρίκιον
3303 3353 3570 3422 Σαμωνᾶν
3596 3350 3714 3423 (33)

455 3439 594 3492 tium
628 3449 746 3494 erat
778 3441 966 3498 decem
1003 3444 1294 3500 librarum.
1324 3445 1630 3503 Persuasus
1657 3437 1818 3519 139
1861 3449 2003 3520 impe

2131 3448 2451 3519 ὲδυσὼπησε
2511 3447 2588 3517 τῷ
2615 3446 2739 3500 τότε
2783 3445 2959 3517 καιρῷ
3009 3445 3507 3516 παρακοιμωμένου
3543 3443 3715 3496 αὐτοῦ

458 3538 610 3585 rator
672 3531 924 3590 Samonaa
975 3537 1193 3608 patricii
1250 3546 1307 3593 et
1365 3540 1704 3597 accubitoris
1754 3543 2003 3610 precibus

2132 3542 2287 3604 δντος
2319 3541 2643 3611 μεσιτεῦσαι
2675 3539 2838 3592 αὐτὸν
2863 3541 2943 3602 είς
2967 3538 3058 3591 τὸν
3091 3537 3314 3607 βασιλέα
3340 3534 3434 3589 τοῦ
3459 3535 3718 3603 γενέσθαι

453 3624 626 3681 libras
674 3626 794 3682 illas
847 3629 968 3683 auri
1028 3629 1424 3702 quadraginta,
1501 3641 1555 3689 et
1609 3633 1884 3688 inaurium
1937 3650 2002 3704 pa

2137 3631 2656 3704 πρωτοσπαθάριον,
2709 3629 2804 3683 καλ⁸
2855 3630 3045 3699 φορεῖν
3102 3626 3524 3691 ἐπικούτζουλον
3576 3625 3717 3695 (54),

456 3719 1091 3790 accepit,et,mensulam
1122 3725 1372 3780 curiatam
1424 3741 1490 3782 ex
1542 3736 1770 3799 argento
1805 3744 1913 3784 non
1957 3728 2003 3784 si

2138 3726 2231 3778 καὶ
2259 3722 2628 3794 προέρχεσθαι
2661 3723 2740 3784 εἰς
2767 3721 2858 3773 τὸν
2883 3719 3210 3784 Λαυσιακέν,
3265 3720 3357 3772 καὶ
3386 3717 3717 3782 καθέζεσθαι

452 3823 621 3878 gnato
644 3811 948 3870 inauratam
980 3833 995 3881 ;
1025 3818 1168 3886 quod
1198 3825 1372 3873 totum
1408 3818 1598 3873 Ctenae
1627 3819 1837 3874 donum
1873 3834 2003 3874 sexa

2138 3815 2213 3878 ὡς
2243 3813 2736 3886 πρωτοσπαθάριον
2756 3851 2771 3877 ,
2803 3811 2899 3865 καὶ
2934 3811 3256 3882 ρογεύεσθαι
3311 3811 3477 3865 αὑτὸν
3525 3811 3720 3880 λίτραν

454 3901 604 3970 ginta
636 3901 898 3958 librarum
922 3915 1060 3970 erat,
1089 3907 1330 3977 fecitque
1361 3923 1484 3962 eum
1501 3903 2003 3978 protospatharium

2145 3905 2295 3974 μίαν,
2325 3905 2420 3958 καὶ
2446 3903 2586 3973 ὑπὲρ
2619 3905 2718 3972 τῆς
2757 3900 3016 3969 τοιαύτης
3054 3899 3392 3970 ἀντιλήψεως
3422 3900 3606 3954 δοῦναι
3639 3900 3722 3968 τῷ

456 4002 513 4046 et
547 4007 734 4064 rogam
802 3998 953 4052 dedit
1008 3999 1165 4054 librae
1249 4001 1436 4054 unius.
1491 3999 1641 4056 Vixit
1704 4007 1885 4054 autem
1949 4000 2002 4052 hi

2150 3995 2360 4065 βασιλεῖ
2415 3993 2605 4062 λίτρας
2636 3992 3069 4062 τεσσαράκοντα.
3114 3991 3173 4044 Ὀ
3204 3990 3261 4042 δὲ
3317 3989 3569 4060 βασιλεὺς
3618 3989 3725 4042 οὐκ

456 4083 658 4141 Ctenas
681 4095 806 4156 post
854 4100 1139 4159 acceptum
1186 4091 1617 4161 protospatharii
1649 4091 1910 4145 honorem
1941 4105 2003 4145 an

2145 4085 2408 4157 ἠνέσχετο
2445 4083 2605 4135 τοῦτο
2660 4083 2907 4152 ποιῆσαι,
2937 4080 3112 4149 λέγων
3144 4080 3258 4150 (55)
3289 4081 3397 4133 τῶν
3441 4079 3727 4134 ἀδυνάτων

460 4191 566 4231 nos
589 4178 749 4245 duos,
783 4189 837 4235 et
867 4191 998 4236 tunc
1029 4183 1185 4248 obiit,
1237 4198 1361 4237 cum
1417 4182 1648 4252 singulis
1675 4184 1838 4238 annis
1873 4182 2003 4237 uniu

2146 4174 2460 4243 τυγχάνειν,
2514 4171 2607 4224 καὶ
2630 4171 2724 4234 Εἰς
2766 4170 3009 4240 μεγάλην
3042 4169 3260 4235 ἀδοξίαν
3309 4171 3406 4238 τῆς
3445 4169 3725 4238 βασιλείας

461 4265 615 4322 libra:
637 4285 823 4339 rogam
865 4273 1192 4342 accepisset.

2152 4282 2254 4336 μου
2284 4263 2548 4334 κληρικδν
2592 4263 2844 4331 γενέσθαι
2897 4261 3412 4332 πρωτοσπαθάριον.
3455 4262 3723 4323 Ἀκούσας

459 4357 518 4410 δὲ
552 4359 580 4412 6
637 4363 802 4426 αὐτὸς
865 4365 1078 4427 Κτενᾱς
1137 4364 1286 4435 παρὰ
1316 4364 1408 4417 τοῦ
1465 4365 1754 4434 πατρικίου
1790 4365 2027 4436 Σαμωνᾶ
2061 4360 2257 4423 ταῦτα,
2287 4357 2630 4428 προσέθηκεν
2657 4358 2738 4417 είς
2769 4355 2868 4419 τὰς
2895 4356 3306 4425 τεσσαράκοντα
3377 4355 3567 4424 λίτρας
3628 4359 3726 4411 καὶ

464 4453 789 4524 σχολαρίκια
846 4456 956 4526 (56)
1007 4456 1176 4524 ζυγὴν
1223 4455 1352 4525 μίαν
1400 4457 1786 4528 ἐκτιμηθεῐσαν
1877 4457 2068 4526 λίτρας
2107 4453 2239 4505 δέκα
2267 4491 2284 4512 ,
2325 4450 2421 4504 καὶ
2468 4447 2768 4520 τραπεζίου
2803 4447 3008 4516 ἀσῆμιν
3041 4447 3268 4509 ἔνζωδον
3295 4445 3407 4519 (57)
3435 4447 3728 4519 διάχρυσον

466 4548 782 4616 ἀνάγλυφον
845 4550 1145 4620 ὲκτιμηθὲν
1198 4552 1291 4604 καὶ
1334 4550 1465 4604 αὐτὸ
1507 4553 1699 4622 λίτρας
1742 4553 1896 4617 δέκα,
1945 4552 2040 4604 καὶ
2075 4547 2420 4618 δυσωπηθεὶς
2467 4548 2496 4599 6
2532 4543 2786 4614 βασιλεὺς
2817 4545 2881 4614 τῇ
2917 4543 3264 4614 παρακλήσει
3353 4543 3448 4595 τοῦ
3524 4560 3720 4614 πατρι-

466 4638 584 4692 κίου
627 4642 865 4710 Σαμωνᾶ
895 4644 990 4697 καὶ
1045 4647 1567 4716 παρακοιμωμένου,
1617 4647 1912 4700 ἀνελάϐετο
1976 4645 2076 4708 τὰς
2111 4643 2524 4711 τεσσαράκοντα
2545 4637 2638 4691 τοῦ
2672 4637 2897 4707 χρυσίου
2925 4637 3135 4706 λίτρας,
3169 4635 3265 4688 καὶ
3295 4638 3394 4704 τὴν
3422 4636 3592 4704 ζυγὴν
3659 4636 3731 4689 τὰ

467 4733 811 4804 σχολαρίκια,
868 4738 962 4789 καὶ
1028 4736 1123 4791 τοῦ
1169 4737 1466 4808 τραπεζίου
1511 4737 1572 4790 τὸ
1609 4737 1919 4808 ἀνάγλυφον
1947 4739 2040 4791 καὶ
2077 4736 2369 4806 διάχρυσον
2425 4732 2653 4802 ἀσῆμιν,
2720 4729 2796 4794 ὡς
2825 4728 3081 4797 γενέσθαι
3136 4727 3195 4780 τὸ
3240 4727 3350 4779 πᾶν
3414 4727 3554 4795 δόμα
3631 4746 3728 4798 τοῦ

465 4824 631 4878 αὑτοῦ
668 4827 848 4881 Κτενᾶ
877 4826 1062 4898 λίτρας
1104 4828 1388 4900 ἐξήκοντα.
1421 4828 1555 4882 Τότε
1585 4829 1845 4899 ἐποίησεν
1909 4827 2072 4881 αὑτὸν
2145 4829 2174 4880 6
2235 4823 2489 4896 βασιλεὺς
2559 4820 3095 4895 πρωτοσπαϐάριον,
3168 4821 3265 4874 καὶ
3324 4819 3593 4892 ὲρογεύθη
3648 4816 3730 4885 τῷ

1660 5021 1958 5077 ANSELMI
1988 5018 2322 5077 BANDURII
2343 5017 2576 5076 NOTAE.

541 5165 654 5236 (53)
687 5163 954 5238 Samonas
986 5163 1076 5238 hic
1109 5177 1227 5238 erat
1255 5163 1755 5238 Agarcnus__spado
1784 5171 1837 5238 e_t
1865 5163 2036 5238 Leoni
2070 5166 2114 5221 D
2142 5161 2356 5238 egimus
2516 5175 2556 5214 ι.
2586 5157 2906 5238 Comment.
2931 5158 2986 5211 in
3011 5155 3513 5238 Alitiquitatesplf.
3542 5236 3551 5238 Α
3678 5226 3691 5238 .

471 5225 787 5307 imperatori
825 5250 987 5307 carus
1021 5237 1091 5289 ob
1119 5225 1399 5307 detectam
1441 5225 1631 5307 Basilii
1699 5235 2039 5302 conjuratio-
2177 5225 2332 5307 '__(5_5)
2385 5226 2479 5307 Si_c
2525 5243 2590 5282 ex
2635 5245 2740 5307 ms.
2787 5228 2996 5307 codice.
3041 5225 3338 5307 Perperam
3395 5225 3732 5307 lia_bctiir_in

471 5295 628 5373 nm'n';
664 5322 696 5360 a
750 5321 860 5375 quo
915 5306 1078 5359 etiam
1116 5304 1552 5375 Protospatharii
1607 5295 1822 5375 honore
1849 5316 2003 5358 auctu

2146 5295 2342 5375 editis,
2367 5299 2557 5352 τοῦτον
2584 5298 2812 5370 ποιῆσαι
2837 5299 3050 5368 λέγειν’
3093 5295 3188 5351 sed
3225 5297 3432 5366 optime
3456 5295 3732 5352 Meursius

472 5378 575 5434 fuit.
600 5369 624 5441 ;’
655 5380 681 5429 6
717 5369 782 5429 δὲ’
805 5376 1070 5442 Σαμωνᾶς
1103 5369 1334 5442 ἐτιμήθη
1384 5373 1900 5442 πρωτοσπαθάριος,
1949 5392 2003 5429 κε

2147 5369 2428 5442 emendat.

2221 5441 2334 5509 (56)
2366 5438 2736 5510 Σχολαρίκιον,
2784 5438 3010 5493 inauris.
3054 5436 3192 5494 Vide
3224 5436 3492 5508 Ducaugii
3548 5437 3735 5492 Gloss.

474 5513 722 5588 Angusto
769 5513 1052 5588 μαθέ-177.
1093 5513 1540 5588 Meminitetiam
1571 5514 1750 5588 hujus
1797 5513 2050 5588 Santonus
2152 5513 2328 5588 Graec.

473 5576 1704 5658 Gi'.7'gorius'inVita__sunctiBaSiliiJunioris
1731 5595 1786 5637 n°
1826 5585 1943 5658 Ill.
2225 5583 2338 5653 (57)
2372 5582 2465 5637 Sic
2488 5595 2688 5658 caenis.
2725 5579 2906 5658 Locus
2935 5578 2988 5632 in
3035 5578 3201 5634 editis
3227 5578 3473 5658 mutilus.
3521 5576 3740 5658 ’Aof'pitv

553 5645 666 5724 ('54)
699 5657 960 5711 Camasus
999 5652 1134 5708 Vide
1186 5653 1366 5709 Gloss.
1391 5653 1607 5724 .Graec.
1652 5653 1915 5724 Ducaugii
1981 5669 2032 5709 ν.
2096 5666 2108 5676 '
2146 5645 2329 5706 autem
2378 5662 2437 5724 et
2475 5651 2704 5724 dO’ﬂJMV,
2737 5671 2740 5673 λ
2775 5651 3066 5724 Argentum
3119 5666 3219 5705 non
3257 5649 3546 5719 signatum.
3606 5645 3740 5700 Vide

478 5721 830 5791 Κοὺτζουλον.
882 5726 952 5780 Dc
998 5724 1265 5780 Lausiaco
1313 5732 1492 5781 autem
1527 5723 1728 5795 palatio
1789 5721 2038 5795 pluribus
2147 5725 2326 5779 Gloss.
2364 5722 2537 5778 Graec.
2576 5721 2860 5792 Ducangii.
