4050 6414
353 345 424 412 3S
434 346 472 410 5

1429 349 1526 410 DE
1550 349 2186 412 ADMINISTRANDO
2226 351 2572 414 IMPERIO.

3513 351 3618 414 386

356 456 552 529 καιρῷ
580 456 770 528 ἐκείνῳ
796 455 989 528 λίτραν
1024 457 1178 528 μίαν.
1217 458 1420 530 Ἐζησε
1451 459 1507 512 δέ
1539 461 1567 512 6
1599 460 1760 523 αὐτὸς
1790 460 2004 523 Κτενᾶς
2041 459 2181 530 μετὰ
2233 465 2292 515 τὸ
2363 459 2661 532 τιμηθῆναι
2727 458 2888 514 αὑτὸν
2947 423 3456 531 Δπρω·ι;οσ·ιιεαθόιριον
3523 463 3622 528 ἐτη

353 551 480 616 δύο,
518 549 614 605 καὶ
642 549 998 620 ἐτελεύτησεν
1021 565 1034 580 ·
1083 550 1348 622 ἐρογεύθη
1403 551 1460 605 δέ
1493 552 1562 607 τὰ
1592 552 1686 606 δύο
1716 551 1814 622 ἐτη
1841 550 1947 606 ἀνὰ
1981 551 2172 621 λίτραν
2205 553 2333 624 μίαν
2367 552 2500 623 (58).

944 647 1194 700 ΚΕΦΑΛ.
1237 647 1366 701 ΝΑ’.

357 740 509 809 Περι
562 737 668 793 τοῦ
696 739 815 792 τίνι
839 808 845 809 γ
869 737 1071 809 τρόπῳ
1109 738 1316 809 γέγονε
1345 737 1412 792 τὸ
1445 739 1788 809 ,βασιλικόν
1817 739 1951 808 δρο-

428 805 702 879 λιώνιονο
754 808 854 860 καὶ
912 808 1047 879 περὶ
1095 805 1216 860 τῶν
1239 806 1581 879 λὰκαράὄων
1624 808 1731 862 τοῦ
1765 805 1951 862 αὐτοῦ

432 876 776 948 δρομωνίου
795 894 810 906 ·
849 878 948 931 καὶ
977 876 1096 931 ὅσα
1121 876 1254 945 περὶ
1280 879 1387 932 τοῦ
1415 879 1952 948 πρωτοσπαθαρίου

432 949 553 1016 τῆς
579 948 828 1016 φιάλης.

447 1041 656 1092 ἰστέον
689 1039 773 1091 ὅτι
806 1039 970 1107 μέχρι
1001 1035 1102 1107 τῆς
1142 1036 1421 1107 βασιλείας
1451 1038 1680 1103 Λέοντος
1709 1039 1802 1092 τοῦ
1836 1040 1953 1093 ἀοι-

363 1132 533 1201 δίμου
596 1131 694 1184 καὶ
755 1129 1074 1198 σοφωτάτου
1108 1129 1374 1200 βασιλέως
1416 1130 1516 1184 οὐκ
1559 1125 1629 1201 ἦν
1675 1131 1953 1200 βασιλικὸν

366 1225 678 1298 δρομτώνιον
709 1225 769 1275 ἐν
798 1220 844 1292 ᾦ
888 1222 1180 1294 εἰσήρχετο
1199 1223 1227 1275 6
1258 1220 1531 1292 βασιλεὺς,
1567 1222 1683 1275 ἀλλ’
1712 1225 1793 1284 είς
1825 1221 1952 1292 ρού-

374 1333 490 1368 σιον
524 1315 796 1384 ἀγράριον
829 1312 942 1383 (39)
961 1315 1248 1384 εἰσήρχετο
1278 1313 1416 1385 πλὴν
1439 1314 1530 1366 ἐπὶ
1553 1313 1836 1368 Βασιλείου
1857 1315 1951 1368 τοῦ

378 1407 728 1476 φιλοχρίστου
757 1406 1050 1472 δεσπότου,
1071 1406 1160 1459 ὅτε
1190 1405 1424 1476 ἐπῆλθεν
1453 1407 1481 1459 ό
1510 1405 1674 1468 αὐτὸς
1699 1406 1952 1476 βασιλεὺς

385 1501 467 1562 εἰς
515 1499 582 1550 τὰ
628 1499 810 1568 θέρμα
867 1499 970 1568 τῆς
1000 1497 1270 1568 Προύσης,
1303 1498 1399 1552 καὶ
1429 1499 1592 1552 πάλιν
1624 1500 1712 1552 ὅτε
1742 1498 1952 1569 ἀπῆλθε

393 1587 680 1642 θεάσασθαι
704 1588 767 1640 τὸ
789 1586 1052 1658 γεφύριον
1081 1586 1177 1641 τοῦ
1213 1587 1456 1657 Ῥηγίου,
1490 1588 1732 1658 δηλονότι
1759 1589 1823 1657 τῇ
1857 1605 1952 1640 κε-

399 1678 571 1730 λεύσει
597 1677 756 1731 αὐτοῦ
783 1679 880 1732 καὶ
904 1678 1136 1748 προνοίᾳ
1161 1675 1509 1747 κτιζόμενον,
1546 1680 1627 1741 είς
1652 1675 1954 1746 δρομὼνιον

397 1768 622 1837 sisi-‘10:,
679 1769 775 1821 καὶ
808 1769 998 1838 ἕτερον
1027 1767 1328 1838 δρομὼδιον
1368 1767 1652 1832 ἠκολούθει
1705 1767 1951 1821 ὄπισθεν.

389 1863 452 1914 Oi
476 1861 532 1913 δέ
563 1862 625 1914 ἐν
651 1860 802 1930 αύτῷ
829 1859 1165 1923 είσελθόντες
1199 1859 1390 1913 ἐλάται
1425 1860 1666 1930 ὑπῆρχον
1715 1859 1824 1913 ἀπὸ
1859 1857 1953 1911 τοῦ

382 1951 664 2023 βασιλικοῦ
725 1951 1017 2024 ἀγραρίου,
1067 1952 1162 2005 καὶ
1213 1951 1323 2004 ἀπὸ
1349 1950 1460 2005 τῶν
1490 1951 1755 2004 Στενιτῶν
1789 1951 1956 2004 πλωΐ-

382 2062 518 2115 μων.
551 2044 627 2097 Τὸ
657 2043 768 2113 γὰρ
799 2042 1028 2096 παλαιδν
1077 2035 1189 2110 εἶχε
1233 2041 1294 2094 τὸ
1319 2042 1510 2095 Στενὸν
1537 2040 1650 2110 (40)
1698 2041 1953 2111 χελάνδια

378 2134 640 2206 βασιλικὰ
671 2134 894 2204 πλὼῖμα
930 2134 1094 2204 μέχρι
1121 2133 1230 2188 τῶν
1255 2133 1410 2187 δέκα.
1455 2133 1605 2186 Ἐπεὶ
1631 2131 1687 2186 δέ
1717 2135 1746 2185 6
1778 2133 1957 2202 μακά-

377 2248 495 2301 ριος
556 2228 813 2298 βασιλεὺς
855 2228 952 2281 δλα
1005 2227 1075 2281 τὰ
1125 2227 1346 2280 πλείονα
1393 2225 1559 2279 αὐτοῦ
1629 2225 1956 2296 μεταστασί-

375 2337 530 2390 ματα
560 2318 676 2391 (41)
705 2320 784 2382 είς
832 2317 932 2380 τὰς
958 2317 1150 2386 Πηγὰς
1179 2317 1372 2380 ἐποίει,
1398 2317 1487 2370 διὰ
1511 2317 1573 2369 τὺ
1607 2317 1700 2370 καὶ
1735 2317 1827 2370 ὑπ’
1859 2318 1957 2371 αύ-

372 2410 471 2464 τοῢ
502 2409 794 2479 κτισθῆναι
814 2409 885 2461 τὰ
919 2407 1152 2463 τοιαῦτα
1179 2407 1439 2473 παλάτια,
1491 2408 1694 2478 ὁμοίως
1729 2407 1825 2462 καὶ
1875 2409 1958 2471 είς

371 2503 437 2557 τὺ
471 2500 746 2572 Ἕϐδομον
770 2499 864 2553 καὶ
893 2501 972 2562 είς
999 2499 1099 2570 τὴν
1131 2498 1374 2570 Ἱέρειαν,
1411 2499 1507 2553 καὶ
1539 2501 1619 2562 είς
1639 2499 1737 2570 τήν
1754 2498 1955 2570 Βρύαν,

371 2595 674 2666 εἰσήρχετο
697 2594 777 2656 είς
809 2592 870 2645 τὸ
915 2591 1177 2663 ἀγράριον
1213 2591 1355 2645 κατὰ
1386 2591 1478 2644 τὸν
1502 2591 1732 2644 παλαιὸν
1765 2591 1953 2644 τύπον.

373 2687 512 2740 ὐτε
539 2685 598 2738 δὲ
621 2685 702 2748 εἰς
729 2682 1066 2754 μακρότερον
1099 2682 1265 2753 ἀπῄει
1291 2683 1617 2753 πρόκενσον,
1645 2678 1757 2736 οἷον
1784 2684 1863 2745 είς
1890 2683 1958 2735 τὰ

373 2778 564 2850 θέρμα
589 2777 693 2847 τῆς
723 2776 997 2849 Προύσης,
1028 2777 1123 2828 καὶ
1151 2778 1229 2839 είς
1267 2777 1595 2847 ἐπιτήρησιν
1620 2774 1717 2829 τοῦ
1735 2776 1958 2845 Ῥηγίου

370 2867 478 2936 τῆς
509 2865 780 2936 γεφύρας,
812 2863 1008 2936 εἰσῄει,
1067 2865 1257 2929 καθὼς
1281 2865 1626 2936 προείρηται,
1654 2867 1734 2928 τίς
1757 2865 1962 2937 δρομὼ-

373 2977 516 3025 νιον,
576 2959 676 3012 καὶ
727 2956 1012 3028 ἠκολούθει
1064 2956 1251 3026 ἕτερον
1303 2956 1629 3028 δρομώνιον,
1678 2956 1814 3009 διότι
1863 2956 1960 3010 καὶ

379 3049 642 3112 πλείονας
671 3047 944 3119 ἄρχοντας
971 3046 1315 3117 είσέρχεσθαι
1350 3046 1489 3117 μετὰ
1527 3047 1618 3100 τοῦ
1677 3047 1959 3118 βασιλέως,

1977 653 2025 710 Α

2660 645 2889 701 CAPUT
2930 643 3017 699 ιιι.

2052 738 2132 793 De
2180 739 2447 808 imperiali
2475 739 2774 797 dromonio.
2805 737 3076 808 quomodo
3106 737 3308 805 factum
3331 737 3422 802 sit,
3466 746 3513 791 et
3557 738 3623 792 de

2121 810 2488 932 pzotycarabis
2574 808 2730 878 ejus;
2823 811 2946 860 item
3043 807 3109 860 de
3191 809 3623 878 protospathario

2120 895 2153 947 ρ
2193 896 2241 932 ια
2271 896 2334 935 ιε.

2126 1033 2420 1091 Sciendum
2472 1033 2736 1105 estquod
2792 1047 2968 1102 usque
3024 1032 3094 1086 ad
3151 1041 3393 1102 tempora
3423 1033 3624 1090 Leonis

2055 1128 2302 1198 praeclari
2358 1127 2864 1196 sapientissimique
2891 1125 3242 1197 imperatoris
3271 1123 3625 1180 dromonium

2051 1218 2356 1287 imperiale,
2385 1233 2496 1287 quo
2534 1217 2826 1273 veheretur
2866 1219 3185 1288 imperator,
3216 1217 3430 1271 nullum
3463 1225 3624 1282 erat;

2053 1309 2147 1364 sed
2203 1311 2476 1380 agrarium
2518 1315 2728 1364 tantum
2771 1324 3078 1374 russaznln;
3131 1316 3490 1378 praeterquam
3523 1311 3631 1364 sub

2052 1400 2254 1456 Basilio
2289 1401 2491 1456 Christi
2539 1409 2758 1456 amante
2791 1401 3127 1471 imperatore
3175 1419 3189 1455 :
3232 1403 3434 1470 quippe
3480 1400 3626 1455 idem

2037 1474 2352 1560 imperator
2381 1504 2506 1546 cum
2551 1493 2618 1546 ad
2657 1492 2845 1546 Prusae
2882 1493 3146 1555 thermas,
3192 1507 3256 1546 ac
3297 1508 3515 1547 rursum
3557 1493 3627 1546 ad

2055 1581 2250 1654 Rhegii
2287 1591 2506 1653 pontem
2534 1583 2825 1637 videndum
2848 1584 3046 1646 abiret,
3070 1597 3232 1652 quem
3259 1584 3472 1639 exstrui
3508 1583 3627 1650 ipse

2049 1673 2316 1743 jusserat,
2381 1673 2731 1728 dromonium
2779 1675 3146 1738 conscendit,
3200 1674 3346 1744 quod
3391 1675 3628 1730 alterum

2054 1765 2401 1820 dromonium
2453 1767 2782 1836 sequebatur
2821 1781 2834 1818 :
2886 1767 3118 1836 remiges
3159 1781 3289 1821 vero
3316 1766 3410 1836 qui
3445 1766 3499 1820 in
3537 1783 3626 1831 eo,

2055 1869 2123 1910 ex
2169 1855 2438 1924 imperiali
2488 1858 2707 1927 agrario
2757 1864 2938 1921 erant,
2977 1864 3031 1911 et
3064 1870 3128 1912 ex
3159 1857 3342 1912 nautis
3377 1855 3625 1912 Steuitis.

1987 1980 2029 2040 Β
2058 1947 2140 2000 Ab
2195 1947 2427 2012 antiquo
2469 1947 2614 2001 enim
2662 1947 2718 2000 in
2763 1946 2933 2002 Stcno
2981 1947 3267 2001 chelandia
3324 1948 3631 2016 imperialia

2061 2037 2398 2108 navigationi
2426 2038 2697 2092 instructa
2722 2037 3108 2094 decernerent.
3140 2038 3276 2093 Cum
3311 2054 3437 2092 vero
3462 2039 3634 2094 beam

2063 2125 2343 2180 memoriae
2374 2126 2672 2193 imperator
2697 2124 3019 2195 plerumque
3031 2126 3095 2178 ad
3112 2129 3323 2196 Pegana
3351 2125 3630 2194 migraret,

2061 2215 2209 2285 quod
2239 2230 2302 2271 ea
2341 2215 2540 2286 palatia
2571 2215 2639 2269 ab
2667 2229 2734 2270 eo
2760 2217 3024 2270 aediﬁcata
3054 2225 3262 2280 essent,
3293 2217 3550 2272 similiter
3576 2219 3632 2272 in

2063 2304 2432 2372 Hebdomum,
2459 2307 2514 2360 in
2537 2307 2803 2371 Hieriam,
2842 2317 2895 2361 et
2928 2307 2980 2360 in
3009 2308 3323 2378 Bryantem,
3357 2309 3632 2376 agrarium

2063 2393 2130 2449 de
2153 2410 2301 2450 more
2325 2395 2510 2464 prisco
2550 2394 2964 2462 ingrediebatur
3009 2408 3024 2446 :
3073 2402 3130 2448 at
3163 2410 3290 2448 cum
3328 2396 3633 2465 longiorem

2063 2486 2304 2554 aliquam
2345 2483 2740 2555 profectionem
2775 2485 3106 2552 susciperet,
3143 2483 3309 2537 veluti
3353 2487 3417 2537 ad
3448 2482 3635 2537 Prusae

2064 2577 2327 2641 thermas,
2361 2583 2416 2630 et
2445 2575 2510 2630 ad
2547 2573 2739 2645 Rbegii
2797 2585 3016 2646 pontem
3070 2575 3382 2637 videndum,
3414 2573 3636 2630 dromo-

2065 2669 2238 2733 ninm,
2261 2675 2488 2722 utantea
2511 2666 2717 2721 dictum
2745 2676 2850 2730 est,
2871 2665 3277 2721 conscendebat
3308 2682 3323 2732 ;
3363 2664 3634 2734 sequeba-

2067 2768 2264 2827 turque
2295 2758 2526 2812 alterum
2544 2756 2916 2818 dromonium,
2949 2756 3004 2809 in
3045 2771 3156 2826 quo
3185 2755 3428 2825 reliquus
3463 2755 3640 2809 comi-

2067 2857 2216 2905 tatus
2275 2858 2442 2916 esset,
2491 2864 2616 2906 cum
2658 2849 2711 2903 in
2765 2848 2933 2917 priori
2987 2863 3093 2902 una
3145 2862 3269 2902 cum
3311 2850 3640 2917 imperatore

2066 2951 2253 2998 essent
2307 2941 2556 3012 plerique
2580 2939 2877 3010 principes.
2909 2938 3014 2994 Sed
3044 2937 3156 2992 Leo
3212 2938 3302 2992 ille
3333 2938 3636 3008 praeclarus

2069 3050 2134 3090 ac
2173 3034 2618 3106 sapientissimus
2668 3033 2967 3103 imperator
3001 3031 3293 3101 benignius
3341 3045 3466 3101 erga
3519 3045 3636 3084 ma-

378 3144 478 3197 καὶ
500 3143 633 3205 τοὺς
661 3139 989 3204 ὑπολοίπους
1034 3140 1112 3203 εἰς
1147 3139 1206 3192 τδ
1234 3138 1486 3210 δεύτερον
1531 3139 1852 3210 δρομώνιον.
1902 3141 1959 3194 Ὃ

2070 3129 2295 3197 gistros,
2349 3127 2636 3196 patricios,
2699 3135 2754 3180 et
2818 3125 3168 3180 consiliarios
3202 3138 3334 3180 suos
3387 3122 3640 3188 allectus,

380 3235 438 3288 δέ
474 3234 731 3304 ἀοίδιμος
778 3232 876 3285 καὶ
911 3229 1222 3300 σοφώτατος
1260 3230 1414 3284 Λέων
1459 3231 1488 3283 6
1519 3230 1774 3301 βασιλεὺς
1807 3232 1958 3300 φιλο-

2071 3218 2478 3290 gratiilcarique
2503 3217 2584 3273 eis
2609 3217 2711 3270 hac
2736 3215 2791 3270 in
2827 3231 2884 3270 re
2905 3215 3152 3284 cupiens,
3175 3229 3302 3268 cum
3332 3213 3400 3266 ad
3429 3213 3642 3282 pleros-

384 3303 692 3396 τιμώτερόν
729 3340 848 3388 πως
899 3326 1036 3394 πρὸς
1085 3323 1213 3387 τοὺς
1265 3323 1604 3394 μαγίστρους
1633 3323 1728 3377 καὶ
1774 3340 1959 3396 πατρι⁴

2076 3326 2182 3380 que
2215 3311 2491 3380 principes
2542 3306 2896 3375 excipiendos
2939 3321 3046 3360 non
3080 3304 3338 3360 sufﬁcere
3365 3303 3642 3372 agrarium

392 3420 535 3481 κξευς
576 3417 674 3471 καὶ
722 3416 961 3478 οἰκείους
1019 3414 1418 3484 συγκλητικοὺς
1463 3413 1832 3485 διακείμενος,
1880 3415 1977 3469 καὶ
2086 3402 2314 3467 videret,
2367 3398 2715 3454 dromonium
2749 3396 2881 3451 ﬁeri
2936 3397 3170 3485 curavit,
3199 3407 3648 3485 _eoqueusemper

400 3509 556 3562 θέλων
587 3508 677 3560 ἀεὶ
709 3506 870 3560 τοῦτο
901 3481 1322 3577 συγχαίρεσθαι,
1369 3481 1728 3575 λογισάμενος
1757 3505 1831 3576 μὴ
1870 3506 1959 3585 ἐπ·

2081 3507 2213 3547 usus
2258 3496 2343 3544 est
2395 3500 2724 3557 quocunque
2752 3487 2968 3539 demum
3021 3482 3292 3552 proﬁcisci
3327 3481 3486 3536 vellet
3531 3496 3546 3535 :
3590 3487 3647 3533 et

406 3602 579 3668 αρκεῖν
601 3600 682 3662 είς
714 3597 983 3667 ὑποδοχὴν
1008 3596 1270 3650 πλειόνων
1285 3596 1563 3667 ἀρχόντων
1592 3595 1652 3648 τὸ
1675 3595 1962 3666 ἀγράριον,

411 3691 615 3757 ἐποίησε
641 3689 970 3760 δρομὼνιον,
1020 3687 1115 3741 καὶ
1147 3687 1212 3755 δὴ
1259 3686 1554 3748 ἀπαύστως
1587 3686 1873 3756 εἰσήρχετο
1904 3689 1962 3739 ἐν

413 3781 550 3851 αὐτῷ
590 3782 818 3836 ὸπουδὰν
879 3781 1132 3834 ἐϐούλετο
1185 3779 1462 3834 ἀπελθεῖν.
1515 3779 1855 3849 Συνήρχοντο
1907 3779 1966 3831 δὲ

405 3874 538 3943 μετὰ
560 3875 727 3928 αὑτοῦ
756 3875 903 3938 οἴους
940 3873 1007 3927 ἂν
1037 3872 1289 3926 ἐϐούλετο
1308 3871 1418 3925 τῶν
1441 3870 1740 3940 ἀρχόντων,
1767 3870 1876 3923 ἀπό
1904 3887 1964 3923 τε

397 3964 708 4034 μαγίστρων
739 3963 834 4017 καὶ
873 3962 1214 4030 πατρικίωνο
1249 3961 1392 4015 κατὰ
1437 3960 1608 4014 τύπον
1633 3960 1742 4030 γὰρ
1784 3961 1842 4012 ἐν
1889 3959 1968 4031 τῷ

387 4057 644 4128 ἀγραρέῳ
695 4057 871 4119 οὐδεὶς
933 4055 1121 4124 ἕτερος
1165 4054 1449 4124 εἰσήρχετο
1503 4051 1644 4123 μετὰ
1685 4051 1779 4105 τοῦ
1818 4051 1970 4121 βασι-

385 4147 545 4212 λέως,
588 4149 636 4200 εί
671 4147 747 4217 μὴ
776 4149 804 4199 6
837 4147 1195 4215 δρουγγάριος
1219 4146 1318 4213 τῆς
1343 4143 1535 4214 βίγλης
1555 4183 1570 4209 ,
1603 4143 1696 4196 καὶ⁵
1725 4145 1754 4196 6
1775 4142 1968 4214 δρουγ-

384 4240 582 4310 γὰριος
612 4237 708 4291 τοῦ
743 4239 1014 4310 πλωΐμου,
1058 4239 1152 4292 καὶ
1196 4237 1226 4290 6
1268 4235 1563 4305 λογοθέτης
1599 4235 1704 4288 τοῦ
1734 4235 1961 4305 δρόμου,

382 4332 483 4384 καὶ
513 4332 541 4383 ὁ
564 4330 976 4402 ὲταιρειάρχης,
1013 4330 1107 4383 καὶ
1137 4329 1164 4382 6
1196 4327 1479 4399 μυστικὸς,
1507 4327 1601 4380 καὶ
1637 4329 1667 4381 6
1696 4327 1806 4382 τῶν
1837 4329 1968 4400 δεήο

2073 3581 2482 3639 comitabantur
2538 3591 2570 3631 e
2632 3575 2993 3645 principibus,
3025 3573 3324 3642 magistris,
3377 3572 3642 3640 patriciis,

2071 3685 2434 3744 quoscunque
2487 3667 2672 3723 vellet.
2735 3664 2794 3720 In
2847 3665 3064 3734 agrario
3120 3663 3266 3717 enim
3315 3664 3420 3716 ritu
3483 3661 3647 3715 solito

2071 3762 2276 3818 nemini
2308 3766 2432 3814 cuin
2484 3771 2549 3814 eo
2596 3770 2718 3812 esse
2747 3756 2964 3817 licebat,
3000 3755 3102 3810 nisi
3140 3752 3447 3822 Drungario
3478 3768 3648 3806 excu-

2072 3856 2310 3918 biarum,
2342 3851 2652 3920 Drungario
2704 3849 2782 3904 rei
2808 3848 3042 3913 navalis,
3084 3846 3398 3916 Logotheta:
3445 3858 3646 3899 cursus

2073 3946 2302 4018 publici,
2340 3941 2724 3998 Hetaeriarcha:
2768 3941 3020 4010 mystico,
3049 3941 3310 4009 magistro
3336 3937 3647 3993 libellorum

2073 4039 2407 4108 supplicum,
2441 4033 2745 4090 domestico
2777 4031 3112 4097 scholarum,
3147 4031 3192 4084 si
3223 4030 3276 4084 in
3312 4030 3446 4084 urbe
3488 4029 3649 4099 ιω

2073 4140 2244 4196 esset,
2296 4126 2626 4192 accubitori,
2659 4124 3103 4196 protovestiario,
3139 4131 3193 4178 et
3233 4138 3263 4178 e
3289 4124 3648 4177 cubiculariis

2065 4243 2208 4299 quos
2238 4227 2537 4296 imperator
2558 4219 2836 4292 iussisset.
2874 4219 2984 4274 Hac
3016 4219 3200 4286 itaque
3229 4217 3299 4272 de
3336 4232 3506 4272 causa
3538 4215 3649 4270 Leo

2068 4321 2160 4377 ille
2186 4318 2486 4388 praeclarus
2523 4328 2586 4368 ac
2624 4312 3071 4382 sapientissimus
3102 4312 3400 4378 imperator
3429 4308 3651 4363 dromo~

1577 4462 1880 4518 ANSELMI
1917 4455 2243 4519 BANDUREI
2271 4451 2499 4510 ΝΟΤᾸῦ.

462 4556 577 4626 (38)
611 4555 796 4627 Sicex
822 4571 927 4612 ms.
960 4555 1249 4626 Perperam
1292 4555 1490 4626 legitur
1543 4556 1596 4611 in
1626 4557 1808 4625 editis,
1861 4559 1965 4613 ἀνὰ
1998 4563 2042 4619 D
2071 4556 2279 4627 dictum
2309 4551 2432 4627 fuit.
2468 4547 2673 4627 ELhac.
2689 4547 2914 4627 quidem
2967 4545 3381 4627 nomenclatura
3408 4545 3647 4627 donatur

386 4625 582 4717 λίῖεεξξ
613 4625 812 4717 ιελέοξε

462 4697 581 4767 (39)
633 4695 926 4766 Ἀγράριον
960 4695 1306 4767 imperatoris
1358 4711 1464 4750 non
1527 4697 1707 4752 solum
1759 4704 1965 4751 tectum

391 4777 532 4831 erat,
590 4767 671 4819 uti
726 4767 1062 4822 describitur
1092 4766 1162 4820 ab
1215 4768 1372 4820 Anna
1407 4767 1713 4832 Comnena,
1766 4767 1860 4821 sed
1913 4776 1968 4822 et

393 4850 755 4905 purpureum,
786 4838 869 4891 vel
926 4836 1176 4899 rubcum,
1207 4849 1272 4889 ac
1305 4836 1440 4891 velis
1485 4844 1539 4892 et
1585 4837 1773 4906 aulaeis
1819 4837 1970 4906 ejus-

395 4908 519 4959 dem
553 4905 760 4958 coloris
811 4907 1015 4974 pariter
1059 4907 1412 4968 instructum,
1449 4907 1592 4960 unde
1627 4905 1969 4975 ρούσιονίορ-

394 4975 698 5043 pellatum;
761 4975 816 5044 in
883 4989 993 5044 quo
1050 4975 1270 5044 quidem
1326 4976 1532 5029 nemini
1589 4990 1712 5030 esse
1747 4976 1966 5040 licebat,

394 5051 762 5116 praeterquam
787 5043 1110 5116 Druhgarii’s
1137 5044 1596 5116 excubiarum,_et
1626 5044 1704 5116 rei
1732 5045 1967 5116 navalis,

393 5112 449 5168 et
486 5115 699 5183 aliquot
754 5115 878 5169 aliis
911 5112 976 5169 ei
1019 5114 1300 5184 primariis
1347 5112 1542 5168 Palatii
1610 5112 1966 5180 ol‘ticialibus,

392 5198 541 5255 quos,
571 5188 870 5255 imperator
894 5184 1187 5255 deligebat.

464 5254 578 5324 (40)
611 5253 841 5324 Stenum
881 5251 1266 5324 nuncuparunt
1313 5253 1550 5323 primum
1576 5251 1757 5324 Graeci
1790 5262 1990 5324 totum»

393 5322 528 5376 illud
556 5322 726 5394 maris
765 5322 968 5378 fretum
1000 5322 1147 5394 quod
1193 5322 1516 5394 Byzantium
1540 5392 1549 5394 Α
1571 5323 1714 5394 inter
1734 5333 1787 5377 et
1821 5323 1964 5377 Pon-

395 5402 511 5464 tum
535 5392 865 5464 interjacet;
894 5391 1040 5462 quod
1072 5391 1292 5464 quidem
1323 5392 1586 5464 trecentis
1625 5391 1748 5459 plus
1780 5394 1964 5464 minus

396 5461 593 5520 stadiis
625 5462 678 5516 in
705 5461 1104 5533 longitudinem
1135 5471 1302 5533 patet.
1345 5463 1549 5533 Deinde
1578 5475 1708 5533 vero
1729 5463 1964 5531 scripto-

395 5547 485 5603 res
524 5529 868 5588 recentiores
905 5529 1258 5603 Stenum'pro
1297 5535 1416 5603 ipso
1445 5529 1600 5586 Steni
1620 5531 1816 5603 littore
1837 5529 1961 5600 pas-

396 5601 498 5655 sim
526 5610 905 5671 usurparunt;
940 5600 1175 5670 proinde
1201 5600 1597 5671 Europzeanum
1617 5600 1751 5654 illud
1785 5600 1959 5667 littus,

394 5685 435 5742 ζ
458 5674 639 5742 capite
667 5674 868 5742 l’ortus
900 5671 1164 5736 Ceratini,
1197 5673 1297 5742 ubi
1320 5672 1530 5742 exstitit
1559 5671 1956 5742 monasterium

402 5738 584 5798 Sancti
629 5741 952 5810 Mamantis,
993 5743 1062 5800 ad
1093 5742 1234 5799 ostia
1277 5741 1436 5799 Ponti
1481 5739 1703 5806 Euxini,
1738 5739 1957 5794 Stenum

2071 4626 2118 4680 is
2145 4621 2492 4692 potissimum
2539 4616 2849 4692 maritimus
2878 4625 3110 4692 tractus,
3138 4616 3234 4692 qui
3282 4631 3447 4684 supra
3483 4616 3652 4692 gala-

2071 4687 2206 4756 tam,
2245 4692 2311 4745 ad
2337 4687 2482 4743 Freti
2511 4694 2677 4755 caput
2707 4687 2829 4740 urbi
2861 4687 3098 4754 objacet.
3127 4687 3395 4741 Caeterum
3423 4701 3451 4738 a
3481 4687 3651 4739 Steno

2071 4764 2312 4819 Stcnitas
2343 4759 2520 4812 dictos
2558 4764 2777 4827 nautas,
2816 4759 2909 4826 qui
2943 4773 3108 4827 supra
3147 4756 3373 4827 Stenum
3410 4757 3652 4827 _clielan-

2073 4834 2184 4897 dia,
2216 4847 2312 4886 seu
2338 4829 2444 4882 alia
2473 4825 2688 4896 navigia
2719 4825 2993 4882 ducebant
3014 4825 3191 4881 tradit
3227 4826 3369 4882 idem
3403 4825 3654 4897 Porphy-

2073 4902 2381 4957 roaenitus.

2141 4919 2381 4972 genitus.

2145 4973 2257 5042 (41)
2296 4971 2370 5042 Ita
2428 4980 2532 5021 ms.
2565 4964 2766 5042 codex._
2789 4964 2930 5021 Editi
2966 4966 3192 5032 habent,
3229 4967 3644 5042 μεταστήιιατα.

2074 5035 2498 5108 Μεταστάσιμα,
2534 5035 2956 5108 μεταστάσιιέον,
2989 5049 3045 5091 et
3102 5035 3653 5108 μεταστάσειςίόίειω

2076 5113 2354 5167 solemnes
2403 5106 2798 5174 imperatorum
2832 5106 3226 5172 Processiones,
3269 5122 3394 5161 cum
3439 5106 3652 5162 scilicet

2075 5196 2106 5237 e
2129 5193 2329 5248 magno
2381 5175 2601 5248 palatio
2627 5174 2680 5227 in
2713 5175 2814 5226 alia
2853 5178 3057 5246 palatia
3116 5177 3464 5241 secedebant,
3501 5190 3648 5248 _cu_m

2077 5243 2249 5328 omni:
2286 5243 2642 5328 imperatorio
2692 5243 2980 5328 mzntit'atu,
3029 5255 3102 5328 ut.
3137 5255 3458 5328 auctor-est
3499 5245 3650 5328 buil-

2116 5319 2321 5373 randus
2360 5311 2426 5386 in
2462 5313 2650 5386 Legat.
2702 5311 2803 5369 llis
2851 5311 2976 5386 ergo
3009 5317 3196 5386 tribus
3230 5313 3645 5386 hebdomadibus

2106 5389 2260 5443 abuit
2319 5383 2659 5451 Nicephorus
2717 5395 2872 5439 extra
2913 5383 3428 5450 Constantinopolim
3481 5385 3650 5452 μετά·-

2075 5476 2288 5522 στασιν,
2322 5458 2378 5510 id
2433 5465 2530 5518 est,
2581 5453 2888 5523 stationem,
2940 5459 2994 5509 in
3033 5456 3146 5508 loco
3187 5455 3280 5522 qui
3325 5453 3524 5523 dicitur
3568 5455 3650 5516 είς

2071 5518 2286 5598 Πηγήν,
2322 5527 2383 5598 ἰαί
2410 5535 2515 5598 εει,
2546 5518 3003 5598 ᾳά-Ιτόηιεεςθιςᾷ
3026 5525 3160 5598 Vide
3193 5518 3646 5598 qua:_de__Palatio

2063 5591 2302 5670 Peéano,
2356 5597 2425 5652 de
2472 5593 2778 5670 Hebdomo,
2824 5597 2902 5670 ile
2942 5594 3147 5656 Hieria,
3200 5601 3260 5670 _et
3293 5593 3364 5670 de
3411 5591 3647 5670 llyrante

2063 5661 2396 5724 adnotamus
2465 5676 2635 5734 supra
2705 5663 2759 5716 in
2816 5664 3126 5720 Comment.
3200 5661 3258 5717 in
3322 5661 3642 5731 Antiquita-

2063 5749 2144 5794 tes
2176 5737 2283 5794 Cl’.
2383 5745 2387 5750 ‘
